4050 6444
422 383 528 446 337

1450 358 1973 434 CONSTANTINI'
1995 363 2672 425 PORPHYROGENITI

3587 367 3693 432 308

427 494 578 547 nium
611 489 737 544 fecit
768 505 784 554 ;
812 493 867 543 et
898 485 1181 556 aliquanto
1209 493 1332 554 post
1362 483 1596 538 alterum
1629 493 1847 549 quoque
1879 477 2013 530 dro-

2121 492 2280 536 σεων,
2316 477 2410 529 καὶ
2440 477 2529 528 ὅτε
2565 477 2746 547 παρῆν
2777 478 2836 530 ἐν
2890 480 2955 550 τῇ
2999 478 3151 533 πόλει
3185 480 3279 536 καὶ
3319 483 3347 535 6
3377 481 3696 556 δομέστικος

427 583 674 637 monium
703 582 819 634 lieri
846 579 1080 639 curavit,
1135 577 1280 644 quod
1330 572 1635 630 secundum
1669 569 2006 639 appellatum

424 689 644 742 semper
679 688 879 726 nomen
914 668 1160 725 retinuit.
1209 665 1363 735 Saepe
1390 665 1535 720 enim
1586 663 1892 731 imperator
1920 660 2009 714 hic

426 765 677 836 longiora
722 764 919 818 itinera
977 759 1320 818 instituebat,
1378 755 1546 812 veluti
1606 753 2006 814 Nicomediam,

425 871 518 910 aut
549 858 837 926 Olympum
871 868 1086 914 versus,
1117 858 1170 905 et
1190 848 1418 919 Pythia;
1461 846 1822 916 quamobrem
1842 843 2008 898 etiam

429 950 542 1003 hzec
569 946 857 1002 dromonia
904 945 1117 1012 paravit
1150 942 1203 994 in
1247 954 1408 995 suum
1441 953 1506 992 ac
1538 937 1848 1008 principum
1878 949 2009 989 suo-

429 1055 548 1092 rum
589 1052 772 1098 nsum,
823 1049 888 1088 ac
918 1031 1294 1087 commodum.
1347 1028 1690 1100 Frequenter
1724 1042 1855 1082 vero
1884 1039 2008 1081 cum

427 1143 534 1182 non
567 1132 637 1180 ita
668 1127 828 1195 longe
862 1122 1215 1194 profecturus
1247 1128 1418 1186 esset,
1474 1130 1686 1189 partem
1741 1133 1904 1172 unam
1953 1117 2009 1170 in

422 1219 791 1289 hippodromo
822 1215 1168 1286 relinquebat
1219 1214 1287 1268 ad
1314 1213 1501 1284 palatii
1521 1211 1850 1272 custodiam,
1880 1209 2010 1278 quia

423 1313 496 1366 lbi
527 1311 638 1380 jam
668 1326 735 1365 ex
757 1311 984 1380 antiquo
1017 1323 1170 1363 more
1200 1306 1418 1360 numeri
1447 1305 1658 1361 cohors
1696 1319 1822 1358 cum
1846 1301 2011 1358 scho-

425 1406 602 1459 larum
661 1403 966 1460 domestico
1023 1402 1078 1456 in
1151 1399 1408 1469 praesidio
1487 1413 1650 1469 agere
1713 1397 2008 1461 solebant;

421 1511 660 1564 cumque
719 1495 774 1548 in
826 1494 1188 1564 hippodromo
1234 1499 1518 1548 manerent
1553 1492 1662 1545 ritu
1686 1490 1869 1551 solito,
1904 1477 2014 1543 una

426 1603 552 1642 cum
602 1585 1032 1654 imperatoribus
1061 1585 1114 1638 in
1156 1598 1480 1652 processum
1534 1581 1854 1651 pergebant.
1892 1580 2011 1635 Pri-

423 1677 590 1730 mitns
654 1689 787 1730 vero
871 1672 1039 1728 etiam
1131 1672 1415 1742 imperiale
1483 1670 1728 1725 ofﬁcium
1786 1669 2012 1740 gerebat

422 1768 621 1840 phiala:
654 1764 1158 1836 protospatharius,
1197 1763 1540 1833 habebatque
1571 1763 1677 1818 sub
1702 1777 1802 1817 sua
1859 1767 2013 1830 pote-

2112 568 2223 620 τῶν
2262 567 2492 637 σχολῶν,
2520 570 2614 623 καὶ
2657 573 2684 624 6
2723 572 3248 644 παρακοιμώμενος,
3281 580 3376 632 καὶ
3410 583 3438 634 6
3479 600 3698 651 πρωτο-

2115 656 2447 727 6εστιάριος,
2481 660 2576 711 καὶ
2624 661 2692 713 ἐκ
2739 661 2850 714 τῶν
2880 665 3214 719 κοιτωνιτῶν
3245 666 3338 732 οὓς
3370 669 3436 722 ἂν
3471 672 3697 727 ἐκέλευ-

2115 766 2208 802 σεν
2238 751 2266 802 6
2299 748 2573 818 βασιλεύς.
2624 752 2702 804 Δι’
2735 751 2828 806 οὖν
2866 754 2958 808 τὸν
3015 757 3219 828 τρόπον
3250 759 3442 816 τοῦτον
3471 764 3699 836 ἐποίησε

2114 839 2268 892 Λέων
2296 842 2324 892 6
2362 840 2607 908 ἀοίδιμος
2631 844 2726 896 καὶ
2764 844 3078 912 σοφώτατος
3108 848 3363 918 βασιλεὺς
3391 852 3452 906 τὸ
3479 855 3699 927 δρομώο

2113 947 2246 996 νιον,
2277 931 2372 984 καὶ
2400 933 2536 1001 μετά
2565 952 2688 987 τινα
2727 937 2922 1006 καιρὸν
2952 941 3175 1011 ἐποίησε
3207 945 3302 999 καὶ
3347 945 3534 1016 ἕτερον
3571 950 3702 1017 δρο-

2116 1023 2338 1091 μὼνιον,
2375 1021 2405 1074 ὃ
2435 1025 2527 1076 καὶ
2553 1024 2806 1096 δεύτερον
2831 1033 3277 1104 προσηγορεύθη,
3328 1040 3425 1092 καὶ
3467 1035 3703 1098 ἀκολού-

2115 1111 2224 1206 θως
2254 1113 2572 1206 ὠνομάσθη.
2605 1118 2716 1171 Καὶ
2740 1119 2852 1198 γάρ
2884 1124 2964 1185 είς
3015 1127 3366 1197 μακρόκενσα
3392 1131 3505 1202 (42)
3531 1134 3706 1206 ἀπῄει

2113 1205 2143 1254 6
2174 1205 2450 1275 μακάριος
2488 1201 2644 1273 οὗτος
2697 1210 2984 1280 βασιλεύς*
3030 1211 3142 1270 οἷον
3182 1221 3262 1282 είς
3305 1201 3702 1294 Νικομήδειαν,

2115 1297 2197 1359 είς
2225 1297 2316 1350 τὸν
2355 1298 2660 1369 Ὄλυμπον,
2691 1303 2772 1366 είς
2810 1304 2880 1358 τὰ
2909 1306 3120 1361 Πύθια’
3157 1311 3254 1363 καὶ
3281 1313 3368 1366 διὰ
3403 1316 3564 1370 τοῦτο
3597 1320 3705 1372 ἐπα

2115 1389 2444 1458 ετηδεύσατο
2464 1393 2532 1444 τὰ
2561 1392 2655 1446 δύο
2680 1393 2960 1465 δρομώνια
2991 1401 3072 1463 εἰς
3102 1401 3409 1472 ὑπηρεσίαν
3442 1408 3537 1461 καὶ
3565 1411 3702 1466 ἀνά-

2118 1499 2320 1535 παυσιν
2347 1483 2514 1538 αὐτοῦ
2556 1503 2615 1539 τε
2639 1487 2735 1540 καὶ
2759 1488 2869 1542 τῶν
2895 1491 3173 1561 ἀρχόντων
3203 1499 3393 1554 αὐτοῦ.
3423 1502 3702 1569 Πολλάκις

2113 1573 2222 1641 γάρ
2281 1571 2642 1642 ἐξερχομένου
2678 1577 2846 1630 αὐτοῦ
2877 1583 2959 1644 είς
2998 1583 3068 1636 τὰ
3117 1585 3344 1655 πλησίον
3396 1591 3705 1660 πρόκενσα,

2113 1662 2213 1755 τὴν
2262 1665 2392 1734 μίαν
2445 1667 2635 1722 οὐσίαν
2670 1670 3076 1742 κατελίμπανεν
3114 1677 3196 1740 είς
3220 1677 3312 1730 τὸν
3359 1680 3705 1755 ἱππόδρομον

2105 1754 2254 1846 ,πρὸς
2282 1755 2512 1846 φύλαξιν
2550 1759 2645 1812 τοῦ
2695 1761 2984 1827 παλατίου,
3018 1765 3107 1820 διὰ
3135 1768 3196 1821 τὸ
3223 1769 3414 1841 τάγμα
3441 1774 3536 1826 τοῦ
3577 1754 3706 1846 άρι-

423 1867 568 1916 state
607 1857 843 1928 remiges
887 1871 1080 1910 omnes
1115 1855 1457 1923 agrariorum
1498 1853 1848 1924 imperatoris
1895 1860 2006 1906 tam

2119 1844 2254 1914 θμοῦ
2285 1845 2396 1918 (45)
2430 1849 2572 1903 κατὰ
2613 1850 2705 1904 τὸν
2753 1853 3197 1928 ἐπικρατήσαντα
3245 1861 3476 1916 παλαιὸν
3525 1844 3705 1919 τύπον

420 1961 757 2002 russaeorum
815 1961 981 2015 quam
1022 1944 1330 2014 nigrorum,
1389 1943 1637 2012 exceptis
1678 1942 1747 1997 iis
1776 1955 1898 2010 qua
1938 1938 2008 1994 ad

421 2041 728 2107 Augustam
766 2038 1155 2106 pertinebant;
1220 2037 1328 2092 ista
1385 2035 1532 2090 enim
1597 2035 1712 2089 sive
1776 2047 2006 2099 russzea,

421 2132 542 2192 sive
592 2132 770 2199 nigra,
807 2130 910 2184 sub
967 2129 1142 2198 ipsius
1209 2143 1415 2183 mensa:
1479 2125 1786 2181 domestico
1828 2133 2008 2180 erant.

426 2219 534 2274 Sed
563 2235 686 2274 cum
719 2219 823 2274 sub
853 2219 1036 2274 Leone
1080 2219 1348 2288 praclaro
1390 2217 1484 2272 illo
1513 2232 1576 2271 ac
1598 2216 2012 2286 sapientissimo

424 2312 760 2382 imperatore
801 2311 1091 2366 dromonia
1137 2311 1372 2380 primum
1416 2310 1847 2374 conﬁcerentur,
1909 2309 2012 2364 im-

423 2403 616 2472 periali
653 2403 840 2471 jussu,
879 2417 1068 2457 eorum
1112 2404 1278 2457 etiam
1318 2403 1556 2471 remiges
1584 2399 2008 2470 protospatharii

423 2496 624 2566 phiala:
674 2495 906 2549 arbitrio
955 2494 1190 2566 subjecti
1222 2493 1374 2549 fuere
1411 2511 1424 2547 :
1455 2495 1613 2564 isque
1650 2493 1898 2563 quotidie
1944 2506 2010 2545 ex

421 2589 595 2645 veteri
647 2589 1046 2644 consuetudine
1106 2587 1211 2645 sub
1283 2603 1568 2658 vesperam
1632 2585 2011 2652 descendens,

423 2680 748 2737 considebat
773 2681 826 2733 in
861 2680 1062 2750 phiala,
1091 2680 1240 2734 unde
1271 2689 1326 2734 et
1362 2678 1794 2750 protospatharii
1819 2678 2014 2746 phialae

424 2787 621 2826 nomen
652 2772 886 2840 accepit,
914 2786 977 2826 ac
1009 2773 1153 2826 inter
1192 2772 1540 2840 agrariorum
1571 2769 2016 2824 dromoniorum—

422 2879 531 2934 que
565 2866 798 2935 remiges
836 2863 940 2918 sibi
1005 2863 1292 2933 subjectos
1327 2861 1453 2916 lites
1509 2859 1816 2930 judicabat,
1850 2865 2014 2928 atque

421 2957 514 3026 jus
550 2957 770 3012 dicebat
821 2955 1358 3023 administrabatque
1396 2972 1408 3007 :
1459 2963 1514 3008 et
1574 2951 1621 3008 si
1656 2951 1788 3022 quid
1821 2959 2016 3020 praeter

423 3050 688 3104 decorum
726 3048 1074 3104 commisisse
1096 3046 1336 3116 aliquem
1371 3045 1761 3114 comperisset,
1807 3053 1901 3100 aut
1937 3044 2014 3097 in-

422 3141 627 3210 juriam
679 3140 922 3209 cuipiam
979 3137 1196 3204 fecisse,
1233 3137 1318 3192 vel
1352 3136 1594 3191 ofﬁcium
1655 3151 1816 3191 suum
1855 3135 2015 3190 dese-

2117 1944 2255 2007 μετά
2291 1938 2387 1993 τοῦ
2435 1939 2758 2011 δομεστίκου
2803 1945 2912 1999 τῶν
2963 1951 3172 2019 σχολῶν
3217 1953 3544 2022 ταξιδεύειν,
3606 1961 3707 2014 καὶ

2111 2031 2542 2101 ἐναπομένοντες
2593 2034 2706 2106 (44)
2767 2040 2848 2102 εἰς
2875 2039 2966 2092 τὸν
3009 2043 3346 2115 ἱππόδρομον
3393 2049 3705 2115 συνεξιοῦσι

2112 2118 2256 2174 κατὰ
2285 2119 2456 2174 τύπον
2479 2124 2592 2188 τοῖς
2618 2124 2932 2193 βασιλεῦσιν
2953 2133 3036 2194 εἰς
3061 2132 3130 2188 τὰ
3167 2137 3464 2204 πρόκενσα.
3485 2141 3608 2196 Ὅτι
3644 2145 3707 2210 ἐξ

2113 2211 2288 2282 ἀρχῆς
2312 2212 2409 2265 uati.
2438 2213 2647 2269 ἄνωθεν
2675 2217 2953 2288 βασιλικὸν
2983 2222 3238 2292 ὀφφίκιον
3272 2223 3342 2298 ἦν
3374 2229 3452 2299 τῷ
3483 2249 3699 2302 πρωτοο

2115 2303 2410 2394 σπαθαρίῳ
2442 2307 2540 2370 τῆς
2573 2309 2807 2380 φιάληςο
2837 2305 2990 2376 οὗτος
3017 2314 3074 2368 δὲ
3119 2318 3148 2370 6
3201 2323 3697 2394 πρωτοσπαθάριος

2113 2393 2211 2462 τῆς
2245 2395 2448 2465 φιάλης
2477 2397 2775 2469 ἐπεκράτει
2832 2405 2928 2454 καὶ
2970 2397 3118 2473 εἶχεν
3167 2406 3260 2459 ὑπ’
3290 2408 3456 2463 αὑτὸν
3486 2393 3700 2476 πάντας

2113 2485 2240 2547 τοὺς
2269 2485 2465 2550 ἐλάτας
2500 2488 2609 2542 τῶν
2636 2490 2930 2560 βασιλικῶν
2958 2495 3244 2566 ἀγραρίων
3269 2501 3499 2569 ρουσίων
3524 2519 3581 2556 τε
3601 2506 3701 2557 καὶ

2117 2574 2367 2645 μαύρων,
2435 2579 2565 2632 ἄνευ
2604 2579 2713 2633 τῶν
2750 2582 3033 2655 άγραρίων
3079 2587 3180 2657 τῆς
3227 2591 3580 2664 Αὐγούστης·
3627 2597 3702 2650 τὰ

2115 2669 2223 2739 γὰρ
2254 2671 2501 2740 άγράρια
2529 2673 2629 2742 τῆς
2660 2674 2978 2745 Αὐγούστης
3007 2679 3077 2733 τά
3093 2697 3152 2732 τε
3178 2681 3372 2752 ρούσια
3398 2686 3491 2738 καὶ
3512 2679 3706 2758 μαῦρα

2117 2760 2412 2831 ἐπεκράτει
2439 2764 2532 2817 καὶ
2561 2763 2877 2830 ὲξουσίαζεν
2919 2770 2947 2820 6
2993 2771 3092 2840 τῆς
3156 2773 3437 2844 τραπέζης
3468 2776 3566 2847 τῆς
3592 2779 3708 2838 Αὑ-

2120 2851 2380 2922 γούστης.
2437 2855 2560 2908 Ἐπὶ
2600 2856 2656 2909 δὲ
2699 2859 2800 2928 τῆς
2834 2857 3112 2928 βασιλείας
3149 2863 3379 2926 Λέοντος
3407 2866 3501 2920 τοῦ
3533 2868 3706 2922 ἀοιδί-

2121 2959 2222 3011 μου
2276 2943 2370 2996 καὶ
2423 2947 2738 3012 σοφωτάτου
2789 2949 3072 3018 βασιλέως,
3128 2955 3596 3025 καινουργηθέντα
3634 2959 3706 3012 τὰ

2117 3030 2396 3101 δρομώνια
2450 3034 2697 3091 κελεύσει
2733 3038 2988 3110 βασιλικῇ
3041 3037 3189 3112 εἶχεν
3225 3045 3254 3096 ὁ
3293 3046 3455 3109 αὐτὸς
3486 3065 3706 3118 πρωτο-

2121 3122 2424 3193 σπαθάριος
2453 3126 2553 3196 τῆς
2576 3128 2799 3197 φιάλης,
2834 3133 2930 3184 καὶ
2954 3133 3060 3185 τῶν
3099 3135 3358 3188 τοιούτων
3380 3136 3706 3206 δρομωνίων

423 3203 628 3296 ruisse,
654 3203 793 3287 eum-
819 3230 1006 3300 ﬂagris
1054 3203 1256 3284 acriter
1311 3229 1642 3298 excipiebat.
1675 3227 1761 3292 Et,
1797 3237 1860 3281 ιιι
1898 3226 2013 3280 dic-

2119 3216 2246 3278 τοὺς
2282 3215 2479 3281 ἐλάτας
2503 3219 2608 3272 ὑπὸ
2647 3221 2748 3291 τὴν
2773 3222 2974 3277 ἐαυτοῦ
3011 3223 3281 3288 ἐξουσίαν.
3327 3225 3384 3279 Ὀ
3410 3203 3504 3281 οὖν
3528 3233 3709 3302 προρο

425 3325 542 3370 tum
575 3325 681 3382 est,
703 3331 895 3370 onmes
932 3317 1168 3385 remiges
1191 3315 1608 3371 dromoniorum
1644 3317 2019 3386 agrariorum-

422 3422 534 3476 qne
563 3406 1086 3476 imperialium,tam
1126 3422 1460 3462 russaeorum
1501 3422 1667 3476 quam
1704 3409 2015 3477 nigrorum,

425 3500 534 3554 sub
574 3508 848 3570 potestate
877 3507 1121 3554 erantac
1160 3514 1291 3556 cura
1325 3499 1756 3570 protospatharii
1795 3497 2014 3568 phialae;

423 3591 522 3645 sed
563 3593 824 3660 Augustae
862 3593 1078 3663 agraria
1111 3592 1227 3647 sive
1284 3605 1512 3654 russea,
1558 3590 1677 3645 sive
1737 3590 1896 3658 nigra
1948 3589 2016 3643 ad

425 3698 630 3740 mensae
661 3684 834 3754 ipsius
875 3684 1236 3739 domesticum
1285 3683 1655 3753 pertinebant,
1712 3683 1789 3737 ita
1832 3690 2018 3736 tamen

423 3781 489 3825 ut
528 3772 619 3826 ille
655 3773 901 3827 muneris
927 3773 1010 3827 sui
1046 3772 1315 3826 rationem
1364 3787 1476 3827 non
1517 3773 1778 3842 Augustae
1811 3772 2010 3826 redde-

425 3872 533 3926 ret,
565 3861 676 3916 sed'
714 3862 1058 3932 imperatori.
1119 3861 1236 3916 Sub
1285 3859 1468 3916 Leone
1517 3871 1700 3914 autem
1754 3863 2019 3930 praeclaro

427 3953 524 4007 illo
557 3967 621 4006 ac
656 3953 1072 4021 sapientissimo
1104 3953 1440 4021 imperatore
1483 3951 1683 4022 phialae
1729 3959 2022 4021 protospa-

429 4045 647 4100 tharins
699 4054 814 4098 erat
841 4043 1083 4100 Joannes
1116 4053 1487 4114 cognomento
1531 4042 1863 4106 Thalasson,
1898 4051 2022 4111 post

427 4153 595 4205 quem
635 4135 912 4202 l‘odaron,
943 4137 1032 4189 cui
1065 4136 1340 4191 successit
1368 4136 1477 4191 Leo
1506 4134 1828 4201 Armenius,
1851 4135 2022 4192 Arse-

427 4230 506 4284 nii
543 4229 977 4299 protospatharii
1029 4239 1083 4283 et
1142 4227 1492 4284 manclabitae
1541 4238 1714 4298 pater.
1772 4226 1836 4282 Hi
1868 4243 2019 4294 vero,

431 4334 629 4389 nempe
679 4319 1162 4390 protospatharius
1221 4317 1470 4372 Podaron
1499 4357 1514 4383 ,
1567 4324 1624 4371 et
1676 4315 1784 4371 Leo
1826 4317 2020 4372 Arme-

429 4411 554 4467 nius
605 4413 889 4482 protelata:
947 4409 1170 4464 fuerunt
1235 4407 1410 4463 Nasar
1479 4407 1768 4476 pratricii,
1828 4416 1882 4460 et
1943 4405 2021 4459 rei

433 4504 645 4559 navalis
672 4502 995 4574 drungarii;
1047 4510 1100 4557 et
1130 4499 1234 4554 sub
1272 4498 1479 4552 Basilio
1511 4497 1718 4554 Christi
1759 4498 2026 4552 amantis-

432 4598 573 4652 simo
629 4596 960 4664 imperatore
1013 4609 1043 4647 a
1082 4609 1139 4648 re
1191 4593 1373 4648 navali
1420 4591 1699 4656 translati,
1734 4588 2017 4660 protelatre

327 4687 336 4691 “
430 4687 635 4756 agrarii
692 4685 1031 4755 imperatorii
1096 4684 1275 4740 εποιειί
1323 4693 1484 4750 sunt;
1526 4683 1631 4738 sub
1665 4682 1850 4737 Leone
1887 4695 2017 4737 vero

436 4776 590 4848 141
623 4777 885 4846 praeclaro
913 4776 1434 4847 sapientissimoque
1488 4777 1838 4844 imperatore,
1887 4787 2012 4827 cum

431 4867 726 4922 dromonia
761 4867 809 4921 is
845 4866 1088 4933 iecisset,
1126 4877 1351 4937 propter
1381 4882 1574 4922 eorum
1607 4864 2014 4931 fortitudinem,

431 4958 621 5029 reique
645 4958 930 5014 maritimae
971 4959 1244 5029 peritiam,
1274 4957 1622 5029 protocarabi
1668 4954 1798 5011 facti
1835 4963 1968 5010 sunt
1997 4971 2014 5021 ;

2123 3308 2310 3378 ῥηθεὶς
2357 3313 2852 3384 πρωτοσπαθάριος
2897 3317 2992 3386 τῆς
3041 3318 3238 3388 φιάλης
3289 3320 3412 3373 καθ’
3462 3322 3706 3394 ἑκάστην

2119 3398 2333 3470 ἡμέραν
2363 3401 2457 3453 καὶ
2489 3401 2612 3454 καθ’
2653 3403 2893 3475 ἑκάστην
2925 3405 3107 3477 δείλην
3129 3409 3238 3462 ἀπὸ
3265 3411 3498 3464 παλαιοῦ
3527 3413 3705 3468 τύπου

2123 3491 2430 3558 κατήρχετο
2451 3492 2547 3545 καὶ
2570 3495 2862 3560 ἐκαθέζετο
2894 3498 2952 3550 ἐν
2974 3501 3040 3569 τῇ
3069 3499 3239 3572 φιάλῃ
3261 3517 3274 3530 ·
3293 3502 3380 3555 διὰ
3411 3503 3570 3556 τοῦτο
3593 3505 3705 3576 γὰρ

2123 3581 2220 3634 καὶ
2241 3582 2460 3651 ἐλέγετο
2493 3589 2986 3659 πρωτοσπαθάριος
3025 3595 3127 3661 τῆς
3169 3591 3405 3665 φιάλην
3451 3597 3548 3650 καὶ
3601 3599 3705 3662 τὰς

2122 3674 2222 3726 ἀνα
2233 3675 2440 3744 μεταξὺ
2472 3678 2630 3740 δίκας
2654 3680 2764 3732 τῶν
2788 3681 2998 3736 ἐλατῶν
3023 3684 3134 3738 τῶν
3177 3702 3236 3738 τε
3288 3689 3574 3759 ἀγραρίων
3605 3693 3707 3743 καὶ

2121 3765 2234 3816 τῶν
2287 3766 2605 3838 δρομωνιων
2657 3771 2765 3824 τῶν
2817 3776 2952 3844 παρ’
3005 3776 3172 3830 αὐτοῦ
3231 3778 3708 3848 ἐξουσιαζομένων

2125 3851 2331 3924 ἔκρινε,
2357 3857 2452 3912 καὶ
2481 3858 2625 3912 κατὰ
2654 3859 2714 3913 τὸ
2747 3861 2958 3917 δίκαιον
2996 3865 3212 3930 ἐδίκαζέ
3239 3885 3297 3920 τε
3331 3870 3426 3920 καὶ
3450 3869 3704 3924 ὲδιοίκει⁶

2126 3945 2221 3998 καὶ
2257 3947 2420 4016 ήνίκα
2448 3951 2600 4020 παρὰ
2636 3951 2700 4006 τδ
2725 3952 2845 4007 δέον
2874 3954 3095 4026 εὕρισκέ
3123 3974 3243 4011 τινα
3272 3959 3304 4030 ῆ
3332 3960 3704 4030 ἐργαζόμενον

2124 4038 2159 4107 ἦ
2218 4056 2339 4092 τινα
2384 4040 2693 4108 ἀδικοῦντα,
2739 4045 2772 4117 ἢ
2823 4047 2903 4110 εἰς
2947 4048 3048 4118 τὴν
3109 4049 3245 4104 ἰδίαν
3294 4051 3540 4105 δουλείαν
3603 4054 3707 4123 βα-

2125 4131 2357 4200 γεύοντα
2391 4133 2523 4205 (45),
2585 4136 2774 4190 τοῦτον
2803 4139 2891 4192 διὰ
2919 4141 3276 4210 μαγκλαϐίων
3322 4145 3566 4216 σφοδρῶν
3596 4148 3704 4200 ὑπ-

2125 4220 2412 4292 εξήρχετο.
2440 4225 2547 4276 Καὶ
2582 4226 2703 4280 καθ’
2729 4228 2788 4280 ὃν
2816 4230 3027 4300 εἴρηται
3055 4231 3256 4301 τρόπον
3287 4233 3488 4296 πάντες
3517 4235 3565 4286 οἱ
3593 4233 3707 4286 τῶν

2124 4309 2447 4382 δρομωνίων
2478 4313 2688 4378 ἐλάται,
2733 4317 2824 4371 καὶ
2867 4319 2914 4370 oi
2948 4318 3059 4372 τῶν
3093 4317 3186 4373 τοῦ
3220 4320 3481 4389 βασιλέως
3523 4323 3705 4390 ἀγρα-

2130 4404 2280 4474 ρὶων,
2309 4405 2417 4458 τῶν
2448 4408 2679 4476 ρουσίων
2722 4409 2818 4462 καὶ
2841 4410 2950 4462 τῶν
2982 4411 3228 4482 μαύρων,
3269 4413 3374 4466 ὑπὸ
3402 4413 3502 4485 τὴν
3543 4416 3704 4484 χεῖρα

2129 4497 2224 4549 καὶ
2250 4498 2353 4566 τὴν
2382 4498 2615 4568 θεωρίαν
2655 4499 2896 4571 ὑπῆρχον
2944 4502 3037 4554 τοῦ
3068 4503 3564 4573 πρωτοσπαθαρίου
3601 4506 3704 4575 τῆς

2132 4590 2356 4658 φιάλης.
2392 4589 2474 4643 Τὰ
2501 4591 2557 4644 δὲ
2584 4591 2685 4661 τῆς
2709 4593 3027 4665 Αὑγούστης
3053 4596 3296 4666 ἀγράρια
3323 4596 3393 4649 τά
3425 4614 3482 4650 τε
3512 4596 3707 4667 ῥούσια

2130 4678 2225 4730 καὶ
2250 4677 2442 4750 μαῦρα
2467 4679 2571 4732 ὑπὸ
2596 4681 2695 4759 τὴν
2725 4685 2882 4753 χεῖρα
2930 4684 3026 4737 καὶ
3054 4685 3155 4754 τὴν
3179 4686 3405 4756 ἐφορίαν
3458 4671 3709 4758 ὑπῆρχον

2125 4768 2236 4822 τῶν
2268 4768 2369 4839 τῆς
2400 4769 2686 4840 τραπέζης
2712 4771 2812 4840 τῆς
2847 4773 3186 4842 Αὐγούστης,
3217 4775 3462 4844 δηλονότι
3490 4776 3581 4828 τὸν
3615 4775 3708 4829 λό-

2128 4877 2225 4930 γον
2250 4861 2358 4916 τῶν
2385 4862 2667 4936 ἀγραρίων
2697 4865 2902 4918 τούτων
2937 4865 3217 4930 ποιοῦντος
3249 4866 3344 4920 τοῦ
3373 4866 3473 4936 τῆς
3501 4867 3711 4934 τραπέ-

2129 4953 2253 5024 ζης,
2301 4954 2424 5024 οὐχὶ
2463 4955 2600 5025 πρὸς
2627 4956 2728 5026 τὴν
2759 4955 3098 5025 Αὐγοῦσταν,
3145 4957 3282 5011 ἀλλὰ
3315 4958 3453 5029 πρὸς
3483 4961 3576 5012 τὸν
3608 4957 3709 5028 βα-

1620 5117 1920 5176 ANSELMI
1958 5118 2282 5176 BANDURII
2318 5120 2550 5176 NOTAE.

505 5241 618 5311 (ιε)
656 5240 1066 5312 Μακρόκενσον,
1085 5238 1318 5311 Longior
1338 5237 1774 5312 secessus,quasi
1797 5237 2007 5312 μακρὸν

2119 5238 2206 5312 tis,
2245 5239 2389 5312 κατὰ
2430 5239 2524 5292 τὸν
2546 5238 2832 5312 --παλαιδνῌ
2846 5239 3019 5312 τύπον
3037 5240 3412 5312 ἐπικρατῆσαν
3448 5239 3587 5309 μετὰ
3611 5241 3708 5293 τοῦ

434 5309 756 5384 πρόκενσον,
793 5309 940 5365 ὀιιιιι
993 5309 1217 5384 scilicet
1257 5312 1552 5384 imperator
1595 5311 1651 5384 in
1707 5309 2007 5384 remotiora

435 5378 637 5454 palatia
685 5397 810 5435 cum
863 5389 979 5436 toto
1002 5381 1288 5454 _comitatu
1333 5379 1814 5454 proﬁciscebatur,
1848 5386 1905 5431 nt
1955 5378 2011 5454 i_n

433 5446 502 5509 iis
531 5467 736 5509 moram
762 5460 966 5520 ageret.
999 5449 1169 5505 Paulo
1203 5446 1368 5517 supra
1402 5450 1524 5504 aliis
1549 5449 1754 5512 verbis,
1795 5446 2011 5520 μακρύ·

433 5541 592 5590 τερον
635 5517 972 5593 πρόκενσον,
1015 5523 1105 5578 cui
1173 5520 1401 5590 opponit
1459 5521 1521 5573 τὸ
1599 5519 1829 5590 πλησίον
1879 5517 2018 5589 πρό·

435 5610 650 5647 κενσον.

511 5662 622 5732 (45)
669 5662 968 5733 Ἀριθμόςη
1003 5677 1275 5726 numerus,
1310 5660 1497 5716 cohors
1552 5659 1830 5714 militaris.
1878 5657 2016 5714 Vide

440 5729 702 5801 Du‘caingii
732 5729 913 5786 Gloss.
941 5731 1117 5786 Grzec.

513 5800 624 5869 (44)
644 5799 739 5854 ‘lta
771 5817 836 5856 ex
862 5817 966 5856 ms.
992 5801 1204 5858 codice.
1232 5801 1524 5872 Perperam
1560 5802 1761 5871 legitur
1793 5801 1848 5855 in
1887 5799 2008 5857 edi-

2116 5308 2449 5377 δομεστίκου
2481 5309 2610 5364 τῶν
2671 5309 2876 5380 σχολῶν
2919 5309 3243 5378 ταξιδεύειν,
3290 5308 3387 5365 καὶ
3439 5308 3714 5380 ἐναπομε-

2119 5388 2626 5518 νοῖλῗὶδίξέιῖίέύειν,
2665 5449 2873 5520 vagari.
2929 5447 3162 5503 Suidas:
3226 5449 3514 5520 Βαγεύειν,
3564 5449 3708 5502 πλα-

2125 5520 2396 5588 νητεύειν.
2448 5519 2805 5588 Μαγκλάϐιον
2851 5527 3035 5573 autem
3079 5520 3254 5582 clava,
3308 5519 3550 5582 baculus,
3599 5534 3711 5588 quo

2126 5594 2254 5658 quis
2282 5594 2626 5659 percutitur;
2655 5590 2800 5645 unde
2823 5599 2876 5644 et
2921 5590 3196 5659 interdum
3231 5607 3328 5658 pro
3354 5591 3564 5659 ﬂagello
3596 5605 3710 5658 quo

2125 5657 2405 5786 {sariuntur
2461 5662 2540 5716 rei
2621 5662 2913 5732 accipitur.
2983 5657 3115 5718 Vide
3185 5657 3456 5731 Ducangi'i
3502 5657 3710 5715 GlOss.

2175 5745 2300 5786 recc.
