4050 6414
266 357 378 424 389

1347 348 1446 410 DE
1485 346 2123 409 ADMINISTRANDO
2158 347 2511 409 IMPERIO.
2619 387 2628 391 -

3443 353 3552 418 390

270 470 452 525 σιλέα.
490 463 616 518 Ἐπὶ
643 462 700 515 δὲ
724 460 960 522 Λέοντος
997 458 1094 514 τοῦ
1133 459 1380 531 ἀοιδίμου
1418 460 1512 513 καὶ
1549 459 1863 528 σοφωτάτου

1979 470 2090 510 cum
2119 466 2300 512 autem
2334 458 2461 513 belli
2497 459 2800 514 necessitas
2829 467 3071 531 urgeret,
3098 461 3384 534 utriusque
3417 464 3554 524 dro-

273 557 553 632 βασιλέως
595 551 664 625 ἦν
693 551 1200 623 πρωτοσπαθάριος
1243 553 1340 622 τῆς
1395 550 1594 620 φιάλης
1621 550 1650 602 6
1685 549 1868 602 Ἰωάν-

267 671 395 724 νης,
423 645 490 705 οὗ
521 650 584 702 τδ
622 645 865 714 ἐπίκλην
885 646 913 698 6
939 643 1264 708 Θαλάσσων,
1299 644 1393 696 καὶ
1430 646 1549 712 μετ’
1581 643 1744 695 αὐτὸν
1775 641 1866 709 γέ-

268 762 436 817 γονεν
469 744 502 796 6
532 736 1037 813 πρωτοσπαθάριος
1067 737 1096 788 6
1122 735 1405 817 Ποδάρων,
1454 735 1547 788 καὶ
1577 737 1694 805 μετ’
1727 735 1870 787 ἐκεῖ·

271 807 364 892 νον
389 838 422 890 6
450 807 958 906 πρωτοσπαθάριος
987 829 1141 883 Λέων
1168 829 1197 880 6
1233 807 1524 898 Ἀρμέδνης,
1543 827 1571 878 6
1599 824 1693 878 τοῦ
1726 842 1871 895 πρω-

269 924 658 995 τοσπαθαρίου
702 922 757 973 Ἀ
769 919 982 991 ρσενίου
1011 917 1106 970 καὶ
1131 913 1500 985 μαγκλαὸίτου
1532 913 1716 982 πατήρ
1734 910 1868 981 (46).

275 1015 442 1074 Οὗτοι
476 1017 536 1070 δὲ
570 1016 600 1066 ὅ
641 1029 704 1065 τε
753 1014 782 1065 6
831 1006 1329 1080 πρωτοσπαθάριος
1360 1004 1639 1075 Ποδάρων,
1696 1007 1790 1057 καὶ
1843 1003 1871 1055 6

278 1113 434 1167 Λέων
473 1109 505 1160 6
543 1105 822 1176 ’Δρμένης
860 1101 1206 1174 πρωτελάται
1251 1097 1511 1167 γεγόνασι
1540 1094 1634 1149 τοῦ
1670 1111 1870 1165 πατρι-

279 1204 397 1257 κίου
433 1201 638 1269 Νὰσαρ
670 1197 767 1249 καὶ
795 1192 1161 1265 δρουγγαρίου
1185 1191 1282 1244 τοῦ
1329 1189 1579 1259 πλωΐμου
1601 1204 1614 1218 ⁸
1650 1188 1744 1240 καὶ
1772 1185 1870 1239 ἐπὶ

284 1293 572 1350 Βασιλείου
599 1289 696 1343 τοῦ
737 1286 1093 1357 φιλοχρὶστου
1117 1281 1381 1336 δεσπότου
1413 1277 1615 1350 ἀνῆξαν
1646 1279 1755 1332 ἀπὸ
1779 1276 1873 1330 τοῦ

289 1389 538 1457 sciantan
571 1383 672 1436 καὶ
695 1382 956 1450 γεγόνασι
987 1375 1334 1449 πρωτελᾶται
1360 1373 1455 1427 τοῦ
1479 1371 1749 1443 ἀγραρίου
1780 1367 1871 1422 τοῦ

297 1478 561 1550 βασιλέως
581 1491 595 1505 ·
618 1473 714 1526 ἐπὶ
742 1472 800 1524 δὲ
825 1472 925 1540 τῆς
951 1469 1228 1539 βασιλείας
1253 1465 1480 1527 Λέοντος
1508 1463 1604 1516 τοῦ
1625 1462 1872 1531 ἀοιδίμου

303 1569 402 1624 καὶ
458 1565 762 1635 σοφωτάτου
816 1561 1104 1634 βασιλέως,
1155 1559 1320 1628 ἡνίκα
1354 1558 1450 1610 καὶ
1492 1557 1560 1610 τά
1596 1553 1874 1625 δρομώνια

313 1660 554 1728 ἐποίησε,
579 1657 658 1710 διὰ
681 1655 781 1726 τὴν
810 1653 1069 1723 ἀνδρείαν
1100 1650 1301 1714 αὐτῶν,
1329 1651 1423 1704 καὶ
1449 1648 1549 1719 τὴν
1581 1647 1877 1718 ἐμπειρίαν

316 1753 409 1820 τῆς
449 1749 740 1818 θαλάσσης,
788 1746 1049 1815 ἐποίησεν
1118 1743 1316 1804 αὐτοὺς
1383 1739 1873 1812 πρωτοκαράὁους·

307 1843 393 1897 καὶ
421 1840 800 1913 περιστάσεως
828 1838 1130 1906 γενομένης
1154 1879 1169 1900 ,
1214 1835 1512 1904 εἰσήγαγεν
1557 1833 1585 1884 6
1618 1830 1875 1901 βασιλεὺς

299 1935 403 1988 τῶν
451 1934 546 1988 δύο
565 1931 886 2004 δρομωνίων
916 1930 1042 1991 τοὺς
1068 1927 1264 1990 ἐλάτας
1293 1925 1433 1996 μετά
1463 1923 1574 1978 τῶν
1603 1923 1696 1978 δύο
1726 1940 1876 1994 πρῳ-

297 2027 617 2098 τωιαράὄων
681 2022 774 2077 τοῦ
834 2020 1054 2091 πρώτου
1115 2017 1418 2089 δρομωνίου
1488 2017 1568 2079 εἰς
1625 2015 1873 2085 χελάνδια

302 2117 538 2186 πλώῖμα,
558 2116 682 2175 δοὺς
709 2115 893 2176 αὐτοῖς
914 2111 1190 2176 ἐξόπλισιν
1209 2107 1410 2178 πολλὴν
1435 2107 1527 2160 καὶ
1545 2107 1870 2174 ἀναγκαίαν,

295 2205 398 2265 οἷον
432 2208 760 2278 σκουτάρια,
796 2207 997 2276 δόρκας
1033 2201 1170 2275 (47),
1194 2200 1450 2255 κλιὸἀνια
1473 2197 1758 2264 κάλλιστα,
1780 2196 1875 2250 καὶ

291 2302 424 2357 ἄλλα
470 2300 575 2354 ὃσα
620 2298 929 2351 ἐπιδέονται
980 2295 1214 2364 πλώϊμοι
1254 2289 1589 2363 στρατιῶται
1619 2288 1877 2359 ἐπιφέρε-

291 2393 413 2446 σθαι
434 2408 452 2422 °
486 2391 589 2446 καὶ
619 2389 915 2444 ἀνελάϐετο
948 2386 1148 2448 αὐτοὺς
1187 2387 1215 2438 6
1249 2383 1541 2454 πατρίκιος
1571 2381 1877 2444 Εὐστάθιος

288 2479 380 2532 καὶ
420 2476 793 2549 δρουγγάριος
843 2475 933 2529 τοῦ
967 2473 1216 2542 πλωΐμου
1249 2472 1389 2544 μετά
1436 2472 1530 2525 τοῦ
1592 2469 1874 2542 βασιλικοῦ

290 2573 505 2636 στόλου,
565 2572 658 2625 καὶ
723 2570 892 2642 ἀπῄει
925 2570 1069 2622 κατά
1111 2568 1222 2623 τῶν
1267 2567 1548 2620 ἐναντίων.
1595 2567 1768 2620 Τοῦτο
1818 2567 1876 2624 δέ

287 2666 406 2720 ὅλον
436 2664 555 2738 (48)
585 2663 845 2734 ἐποίησεν
878 2665 905 2716 6
939 2660 1194 2732 βασιλεὺς
1221 2661 1310 2714 διὰ
1332 2661 1396 2714 τὸ
1421 2659 1756 2712 ἀποϐλέπειν
1783 2659 1876 2713 τὸν

291 2758 588 2830 πατρίκιον
615 2755 912 2810 Εὑστάθιον
962 2753 1057 2807 καὶ
1107 2752 1470 2824 δρουγγάριον
1492 2751 1588 2804 τοῦ
1625 2751 1877 2819 πλωΐμου

290 2849 428 2921 πρὸς
457 2847 700 2917 πόλεμον
725 2847 834 2900 τῶν
875 2845 1153 2910 ἐναντίων,
1186 2844 1283 2899 καὶ
1320 2844 1436 2898 ἀντ’
1479 2844 1705 2897 ἐκείνοιν
1743 2845 1875 2897 έκυ-

291 2940 460 3011 δέρνα
488 2939 552 2993 τὸ
609 2937 891 3008 βασιλικὸν
921 2935 1224 3007 δρομώνιον
1269 2934 1490 3006 Μιχαὴλ
1515 2935 1544 2986 6
1571 2935 1750 3005 γέρων
1783 2936 1878 2989 καὶ

294 3032 516 3095 συνετὸς
559 3033 773 3094 ἐκεῖνος
821 3031 994 3083 ὄντων
1033 3027 1217 3083 αὐτῶν
1267 3027 1346 3098 τῷ
1393 3028 1515 3081 τότε
1547 3026 1658 3100 (49)
1701 3027 1877 3100 καιρῷ

1968 549 2140 602 monii
2179 550 2437 620 remiges,
2489 565 2615 605 cum
2664 552 2884 608 duobus
2923 554 3085 624 primi
3117 555 3555 628 dromoni~i.pro-

1971 642 2246 696 tocarabis
2286 641 2342 696 in
2379 643 2666 698 chelandia
2709 645 3008 714 imperator
3061 646 3388 708 introduxit.
3426 649 3555 701 data

1971 731 2039 787 iis
2069 744 2352 788 armatura
2383 735 2673 805 multiplici
2697 744 2753 790 et
2782 741 3111 803 necessaria,
3136 747 3194 791 ut
3225 748 3351 792 sunt
3378 749 3556 802 scuta,

1972 824 2141 893 pelles
2170 828 2425 889 cervinae,
2461 826 2678 882 clibana
2711 829 3104 898 pulcherrima,
3133 839 3187 886 et
3221 832 3326 885 alia
3355 832 3557 900 quibus

1975 915 2208 971 adscitis
2245 917 2568 973 Eustathius
2605 920 2893 988 patricius.
2927 922 3115 991 reique
3145 925 3355 979 navalis
3386 926 3559 980 drun-

1971 1007 2159 1073 garius
2193 1022 2318 1059 cum
2343 1008 2523 1062 classe
2576 1009 2928 1078 imperatoria
2962 1020 3154 1066 contra
3193 1014 3378 1070 hostes
3431 1031 3560 1086 pro-

1973 1095 2147 1151 fectus
2187 1107 2289 1152 est.
2347 1096 2608 1168 Fecitque
2667 1108 2842 1156 totum
2882 1104 2984 1156 hoc
3048 1104 3372 1173 imperator,
3424 1109 3556 1176 quia

1975 1184 2300 1241 Eustathius
2364 1190 2653 1258 patricius,
2702 1193 2893 1262 reique
2938 1195 3152 1251 navalis
3219 1196 3559 1267 drungarius

1973 1279 2175 1334 bellum
2224 1294 2346 1334 cum
2379 1281 2631 1336 hostibus
2673 1299 2866 1352 gerere
2916 1287 3225 1356 cogitabat;
3258 1297 3312 1342 et
3344 1289 3558 1344 interea

1974 1370 2096 1424 vice
2127 1371 2348 1426 illorum
2377 1373 2727 1428 dromonium
2763 1377 3051 1446 imperiale
3078 1379 3422 1448 gubernabat
3454 1380 3556 1437 Mi-

1977 1461 2134 1516 chael
2162 1463 2250 1518 ille
2291 1479 2458 1520 senex
2505 1480 2568 1518 ac
2607 1467 2977 1536 peritissimus
3009 1472 3253 1525 omnium
3285 1473 3434 1528 illius
3456 1475 3556 1529 aevi

1976 1555 2392 1624 protelatarum.
2440 1556 2544 1622 Qui
2577 1567 2758 1612 autem
2791 1559 3075 1614 dromonia
3107 1564 3412 1632 agitabant,
3465 1582 3561 1620 us-

1978 1661 2085 1716 que
2135 1646 2265 1701 dum
2323 1647 2672 1717 imperatoris
2721 1651 2960 1720 remiges
3012 1655 3282 1723 venirent,
3334 1647 3564 1714 Stenitat

1979 1749 2136 1797 erant
2173 1741 2322 1796 Stcni
2369 1742 2586 1798 incolae.
2629 1741 2765 1795 Cum
2809 1757 2940 1797 vero
2975 1759 3042 1797 ex
3091 1735 3285 1800 bellica
3333 1751 3568 1819 expedi-

1980 1834 2128 1888 tione
2165 1833 2434 1899 redirent,
2474 1835 2711 1905 pristina
2748 1834 2946 1888 iterum
2979 1835 3158 1890 ofticia
3201 1841 3565 1908 praestabant.

1976 1923 2045 1980 Et
2083 1931 2216 1979 tunc
2273 1925 2497 1980 honoris
2559 1939 2693 1994 ergo
2746 1925 3051 1995 imperator
3109 1932 3568 1999 protospathario-

1976 2013 2274 2077 Podaroni,
2309 2023 2534 2084 propter
2567 2030 2679 2069 rem
2722 2015 3146 2084 praeclarissime
3188 2029 3398 2088 gestam
3452 2037 3568 2090 pra:

1977 2108 2234 2163 omnibus
2271 2108 2324 2161 in
2363 2107 2527 2172 bello,
2559 2115 2612 2161 et
2637 2107 2768 2177 quia
2801 2107 3124 2165 Eustathius
3158 2111 3421 2180 patricius
3449 2115 3561 2168 rei-

1978 2213 2086 2268 que
2112 2198 2328 2253 navalis
2359 2199 2695 2269 drungarius
2729 2199 2832 2253 hoc
2861 2199 2934 2253 illi
2965 2201 3341 2257 testimonium
3377 2206 3564 2272 perhi-

1981 2288 2202 2353 buerat,
2257 2305 2366 2345 non
2411 2305 2534 2346 esse
2565 2291 2732 2344 alium
2766 2292 2820 2345 in
2857 2298 2968 2346 tota
2999 2293 3178 2349 classe
3207 2295 3415 2366 majore
3446 2296 3563 2352 for-

1980 2381 2240 2447 titudine,
2296 2381 2612 2452 vigilantia,
2669 2389 2726 2436 et
2773 2383 2898 2438 aliis
2956 2385 3274 2454 virtutibus,
3327 2391 3564 2445 maxime

1977 2486 2112 2526 vero
2153 2486 2344 2526 amore
2388 2487 2453 2527 ac
2500 2472 2604 2528 [ide
2654 2472 2710 2526 in
2763 2473 3185 2544 imperatorem,
3232 2487 3564 2545 potestatem

1978 2561 2409 2632 protospatharii
2459 2563 2656 2632 phialae
2683 2566 2939 2619 contulit.
2992 2565 3240 2636 Cumque
3270 2568 3562 2625 illiteratus

1979 2662 2150 2716 esset,
2179 2652 2344 2722 jussu
2382 2653 2732 2722 imperatoris
2772 2671 2839 2710 ex
2875 2657 3240 2725 hippodromo
3275 2659 3440 2729 judex
3469 2677 3564 2716 ve-

1979 2743 2186 2809 niebat,
2214 2746 2464 2814 quicum
2513 2760 2582 2800 eo
2628 2746 2682 2799 in
2727 2747 2908 2816 phiala
2945 2749 3195 2817 sedebat,
3233 2763 3285 2806 et
3330 2756 3564 2825 remiges

1978 2834 2279 2906 iudicabat.
2346 2838 2414 2891 At
2468 2840 2729 2909 Augustae
2768 2842 3008 2910 agraria,
3067 2851 3126 2896 ut
3180 2845 3388 2900 dictum
3439 2860 3562 2915 est,

1981 2944 2182 2986 incusat
2207 2930 2469 3001 Augustae
2497 2932 2836 2988 domesticus
2863 2934 3115 2989 curabat.
3163 2935 3357 2992 Postea
3379 2947 3562 2994 autem

1980 3020 2280 3090 imperator
2308 3019 2652 3075 Podaronent
2683 3032 2734 3077 et
2763 3021 2998 3077 Leonem
3025 3025 3341 3080 Armenium
3366 3029 3564 3085 classis

298 3122 695 3196 πρωτελατῶν.
731 3124 794 3176 Οἱ
822 3122 879 3175 δὲ
913 3121 1229 3184 ἐλαύνοντες
1261 3121 1340 3184 είς
1370 3120 1439 3172 τὰ
1464 3120 1740 3190 δρομώνια
1773 3119 1876 3183 ἕως

1983 3126 2098 3166 suae
2149 3111 2387 3167 vicarios
2433 3111 2780 3182 designavit;
2828 3121 3225 3184 protocarabos
3276 3133 3404 3172 vero
3435 3119 3566 3173 dro-

294 3216 400 3286 xﬁ;
422 3214 705 3277 ἐλεύσεως
742 3213 852 3265 τῶν
894 3209 1192 3282 βασιλικῶν
1231 3208 1439 3263 ἐλατῶν
1469 3209 1714 3280 ὑπῆρχον
1743 3211 1878 3262 Στεο

299 3311 434 3373 vivat
464 3308 533 3361 ἐκ
557 3303 673 3357 τῶν
704 3302 907 3356 οὐσιῶν
941 3301 1036 3354 τοῦ
1067 3298 1424 3354 Στενοῦ,⁰’οτε
1444 3299 1500 3352 δὲ
1529 3298 1880 3369 ὑπέστρεψαν

306 3399 368 3452 ἐκ
393 3396 485 3454 τοῦ
527 3395 798 3460 ταξιδίου,
834 3393 999 3448 πάλιν
1043 3388 1185 3462 ἦσαν
1222 3392 1302 3454 εις
1335 3391 1434 3463 τὴν
1466 3391 1603 3444 ίδὶαν
1634 3391 1882 3446 δουλείαν

316 3489 480 3553 καθὼς
510 3486 613 3542 καὶ
655 3485 1040 3558 προῦπῆρχον.
1074 3485 1209 3537 Τότε
1238 3484 1400 3536 οἱονεὶ
1432 3483 1881 3554 φιλοτιμούμενος

323 3581 350 3633 6
377 3580 618 3652 βασιλεὺς
665 3579 760 3633 τὸν
791 3575 1288 3648 πρωτοσπαθάριον
1329 3575 1419 3629 τὸν
1459 3575 1754 3645 Ποδάρωνα
1791 3576 1882 3629 διὰ

326 3672 382 3726 τδ
403 3671 803 3743 ἀνδμγαθῆσαι
834 3669 996 3723 αὐτὸν
1033 3669 1126 3722 καὶ
1152 3667 1514 3738 εὐδοκιμῆσαι
1549 3667 1690 3738 ὑπὲρ
1741 3667 1881 3720 πάν-

329 3780 417 3826 τας
465 3765 544 3825 εἰς
582 3765 668 3818 τὸν
705 3763 945 3832 πόλεμον
996 3760 1091 3814 καὶ
1139 3757 1554 3832 μαρτυρηθῆναι
1589 3760 1684 3813 καὶ
1732 3759 1882 3830 παρὰ

324 3856 410 3910 τοῦ
473 3857 762 3928 πατρικίου
834 3852 1136 3907 Εὑσταθίου
1206 3853 1302 3907 καὶ
1360 3851 1721 3922 δρουγγαρίου
1783 3851 1881 3906 τοῦ

315 3950 552 4020 πλωῖμου
581 3948 695 4022 (50)
734 3949 924 4018 ἓτερον
954 3945 1194 3999 τοιοῦτον
1227 3945 1302 4016 μὴ
1347 3941 1486 3997 εἶναι
1517 3944 1595 4006 είς
1621 3943 1680 3995 τὸ
1715 3942 1884 3996 πλώϊ-

309 4057 406 4110 μον
459 4037 557 4094 ἐπί
597 4054 660 4092 τε
705 4037 931 4107 ἀνδρεία
962 4036 1057 4090 καὶ
1089 4037 1361 4105 διεγέρσει
1395 4034 1491 4088 κα)⁵
1516 4035 1637 4098 ταῖς
1666 4033 1884 4098 λοιπαῖς

305 4133 553 4203 ἀρεταῖς,
608 4130 706 4183 καὶ
748 4129 985 4200 μάλιστα
1021 4130 1086 4198 τῇ
1121 4127 1256 4198 πρὸς
1301 4126 1393 4178 τὸν
1429 4125 1655 4195 βασιλέα
1697 4125 1883 4196 εὐνοίᾳ

303 4227 393 4279 καὶ
425 4225 567 4294 ὀρθῇ
592 4222 796 4285 πίστει,
819 4221 1052 4274 δέδωκεν
1087 4219 1237 4288 αὐτῷ
1267 4217 1364 4271 καὶ
1392 4216 1491 4287 τὴν
1522 4216 1768 4281 ἐξουσίαν
1786 4216 1882 4269 τοῦ

300 4314 809 4390 πρωτοσπαθαρίου
847 4315 946 4382 τῆς
977 4312 1196 4381 φιάλης.
1235 4310 1336 4363 Διά
1372 4326 1432 4362 τε
1459 4308 1519 4362 τὺ
1547 4303 1688 4361 εἶναι
1721 4307 1885 4362 αὑτὸν

298 4410 704 4479 ἀγράμματον,
751 4402 1049 4475 προστάξει
1104 4399 1200 4454 τοῦ
1261 4399 1526 4470 βασιλέως
1574 4401 1884 4469 κατήρχετο

1983 3202 2151 3257 monii
2190 3202 2274 3258 sui
2321 3200 2452 3256 fecit
2485 3201 2801 3259 Michaelem
2829 3205 2983 3260 illum
3029 3201 3238 3271 senem,
3285 3208 3378 3278 qui
3433 3216 3566 3266 tunc

1983 3295 2251 3363 temporis
2291 3295 2588 3362 protelates
2611 3294 2883 3350 dromonii
2918 3305 3057 3363 erat,
3087 3308 3144 3354 ct
3173 3309 3299 3356 ante
3325 3302 3381 3356 in
3406 3317 3566 3371 agra-

1982 3387 2066 3444 rio
2099 3386 2305 3441 Christi
2344 3387 2714 3442 amantissimi
2763 3388 3115 3458 imperatoris
3155 3391 3343 3447 Basilii
3375 3393 3569 3449 deute-

1983 3478 2245 3542 roelates,
2296 3487 2353 3533 et
2399 3477 2720 3534 Michaelem
2761 3480 3021 3545 alterum,
3070 3482 3330 3538 Barcalan
3365 3500 3568 3556 cogno-

1984 3573 2276 3635 minatum,
2325 3572 2418 3642 qui
2472 3582 2600 3626 ante
2653 3571 2951 3640 protelates
2999 3574 3053 3627 in
3088 3575 3268 3630 classe
3313 3584 3433 3629 erat
3460 3578 3574 3633 sub

1983 3663 2276 3721 Eustatbio
2312 3663 2545 3730 patricio
2564 3671 2619 3718 et
2643 3662 2964 3732 drungario,
2991 3679 3114 3718 cum
3139 3676 3332 3720 contra
3355 3666 3573 3724 Turcas

1985 3754 2454 3824 proﬁcisceretur,
2491 3765 2544 3807 et
2592 3751 2918 3824 Symeoncm
2952 3754 3216 3822 Bulgaria:
3261 3756 3566 3825 principem

1983 3843 2303 3900 debellaret.
2339 3841 2443 3909 Qui
2476 3841 2709 3913 Symeon
2743 3841 3013 3910 Bulgaria:
3045 3844 3301 3914 princeps
3340 3845 3572 3916 cognito

1985 3936 2040 3992 in
2075 3935 2276 3991 ﬂumen
2309 3934 2597 3990 deductam
2626 3950 2749 3990 esse
2776 3935 3034 3999 classem,
3067 3947 3119 3990 et
3142 3937 3351 3994 Turcas
3373 3950 3568 3995 contra

1985 4045 2044 4086 se
2075 4027 2557 4092 transmissuram,
2596 4025 2756 4080 futues
2794 4024 2948 4091 fecit,
2980 4026 3094 4080 sive
3121 4037 3344 4083 catenas
3377 4027 3565 4082 ﬁrmas
3623 4064 3650 4080 ..

1985 4135 2051 4175 ac
2077 4119 2244 4173 duras
2271 4116 2589 4178 admodum,
2616 4115 2818 4185 quibus
2845 4115 3154 4184 impediret,
3186 4119 3484 4186 quominus
3510 4119 3564 4172 in

1985 4211 2306 4268 ulteriorem
2337 4211 2512 4279 ripam
2532 4206 2727 4263 Turcte
2750 4207 3090 4264 exscendere
3113 4217 3368 4278 possent;
3400 4220 3570 4279 atque

1987 4306 2062 4360 ita
2098 4305 2339 4374 primum
2392 4300 2589 4356 Turcas
2633 4316 2904 4356 cxscensu
2945 4301 3175 4355 cohibiti
3215 4310 3366 4358 sunt.
3408 4302 3568 4367 Quod

1987 4413 2112 4452 cum
2136 4398 2213 4451 ita
2235 4404 2400 4459 esset,
2435 4392 2684 4457 Michael,
2711 4408 2874 4460 quem
2901 4391 3038 4457 dixi,
3067 4393 3342 4459 Barcalas,
3365 4401 3419 4448 ct
3439 4409 3564 4447 cum

299 4465 644 4571 κρίτῆςυάπὸ
678 4465 773 4550 τοῦ
798 4465 1167 4564 ίπποδξλόμου,
1200 4465 1299 4546 καὶ
1333 4465 1876 4559 συνεκαθέζετο-μετά

1990 4503 2058 4544 eo
2109 4488 2220 4543 duo
2261 4487 2354 4542 alii
2398 4496 2581 4539 nautae
2625 4484 2892 4539 classiarii
2944 4488 3246 4554 assumptio
3291 4487 3467 4541 scutis
3513 4497 3569 4541 et

297 4591 471 4648 αὐτοῦ
505 4591 655 4659 ἐντῇ
709 4587 875 4659 φιάλῃ
915 4587 1011 4640 καὶ
1058 4585 1241 4653 ἔκρινε
1282 4583 1408 4646 τοὺς
1450 4582 1670 4645 ἐλάτας.
1720 4581 1802 4634 Τἀ
1827 4581 1876 4635 δὲ

1993 4577 2194 4649 gladiis
2236 4577 2469 4634 viriliter
2518 4576 2680 4646 plane
2719 4589 2783 4630 ac
2817 4575 3033 4631 fortiter
3077 4578 3368 4633 chelandio
3409 4579 3569 4634 exsi-

299 4680 699 4752 Δύγουστιακά
733 4681 1002 4748 ἀγράρια.
1023 4671 1206 4737 καθὼς
1226 4671 1571 4744 προείρηται,
1591 4670 1876 4742 ἐπεκράτει

1997 4673 2219 4737 lientes,
2276 4668 2434 4741 152
2485 4668 2643 4723 funes
2693 4669 2813 4722 sive
2851 4677 3074 4725 catenas
3118 4669 3482 4735 discidcrunt,
3517 4677 3570 4724 et

299 4777 328 4828 6
357 4776 466 4844 τῆς
497 4770 781 4844 τραπέζης
812 4771 910 4839 τῆς
936 4765 1272 4835 Αύγούστης.
1305 4763 1460 4818 Μετά
1488 4762 1647 4817 τοῦτο
1673 4762 1730 4816 δὲ
1757 4779 1876 4832 πρυ·

1995 4763 2288 4820 transitum
2340 4759 2540 4814 Turcis
2585 4768 2941 4828 aperuerunt.
3001 4757 3196 4814 Tur-cae
3241 4760 3426 4830 itaque
3478 4759 3569 4813 ubi

305 4867 542 4922 εόἀλετο
565 4863 594 4916 6
625 4862 877 4933 βασιλεὺς
907 4860 998 4912 τόν
1031 4875 1090 4912 τε
1124 4857 1420 4928 ΙΙοδάρωνα
1440 4855 1537 4908 καὶ
1561 4854 1656 4907 τὸν
1681 4854 1876 4908 Λέοντα

1997 4856 2200 4913 factum
2235 4855 2340 4909 hoc
2377 4852 2656 4923 egregium
2696 4851 2936 4906 Barcala:
2984 4853 3270 4917 vidissent,
3312 4853 3570 4908 nimirum

303 4960 403 5014 τὸν
441 4956 721 5028 Ἀρμένην
749 4952 1128 5023 τοποτηρητάς
1151 4949 1247 5003 τοῦ
1279 4947 1564 5020 βασιλικοῦ
1600 4946 1876 5017 πλωΐμουε

1997 4966 2122 5006 eum
2175 4947 2352 5002 solum
2404 4945 2622 5000 duobus
2671 4944 2858 4999 nautis
2906 4946 3211 5001 classiariis
3243 4953 3572 5016 praeeuntem

309 5047 787 5124 πρωτοκαράδους
812 5045 870 5100 δέ
904 5044 1000 5100 τοῦ
1025 5041 1330 5117 δρομωνίου
1361 5039 1528 5095 αὐτοῦ
1560 5037 1876 5110 προεϐάλετι

2000 5041 2240 5112 primum
2279 5042 2506 5092 catenas
2535 5034 2859 5102 discidisse,
2908 5049 3034 5091 cum
3076 5051 3291 5092 summa
3327 5036 3572 5092 admira-

1482 5196 1789 5254 ANSELMI
1817 5193 2122 5252 BANDURI
2175 5191 2414 5249 ΜΟΤιΕ.

1997 5336 2044 5390 is
2081 5334 2276 5406 bellum
2304 5329 2601 5406 spectalgat:
2813 5399 2827 5406 _
2881 5397 2908 5406 _
3137 5398 3152 5406 _
3205 5396 3229 5406 _
3390 5405 3394 5406 ν
3452 5393 3463 5406 ,

2071 5406 2194 5477 (49),
2223 5404 2278 5458 In
2311 5395 2476 5477 editis
2500 5400 2725 5471 legitur,
2769 5397 2918 5477 αύτῷ
2945 5413 3043 5477 pro
3089 5396 3290 5458 αὐτῶν,
3347 5405 3401 5477 et
3440 5395 3573 5477 ideo

2000 5467 2273 5532 Meursius
2299 5473 2379 5526 sic
2405 5467 2799 5539 interpretatur
2825 5467 2970 5523 hunc
2989 5470 3199 5539 locum:
3227 5483 3344 5518 cum
3364 5467 3572 5539 interea

397 5532 1744 5630 ἓξιιιρεναιον,
1771 5547 1896 5630 quia
1998 5547 2214 5628 illorum
2249 5545 2410 5630 rivelm
2434 5532 2583 5630 cum"
2604 5543 2862 5630 remigum
2912 5538 3098 5630 print'is
3129 5534 3415 5630 imperiale.
3447 5532 3559 5630 dco-

332 5603 1383 5698 ὶιᾎϋαιεέ
1429 5603 1758 5698 ρζᾶηθαινὶιιὶ
1783 5603 1895 5670 δεί-
2001 5614 2583 5698 ωας-ριιιιμςιιὺειηατει
2610 5603 2767 5698 sepe-3:
2785 5607 2887 5698 ille
2913 5603 3539 5698 ‘prudeqsqttedljcha'el.

330 5676 1083 5764 ﬁt;alitiza'iséf'geiéié
1129 5676 1731 5764 cogitabatﬂeursius
1763 5701 1895 5764 vero
2067 5676 2306 5764 _(50)‘S_i'c
2326 5698 2393 5737 ex
2420 5698 2530 5764 ins.-
2551 5682 2761 5764 codice.
2785 5677 3075 5764 Iferperam
3108 5676 3386 5764 legitur‘i-u
3408 5676 3574 5730 editis

909 5746 1261 5823 Ϊθέἐὶίιοιιῆη
1291 5761 1387 5815 hoc
1420 5761 1732 5827 imperator,
1766 5757 1892 5826 quia
1998 5746 2095 5811 τοῦ
2125 5746 2369 5834 πολέμου
2392 5767 2406 5784 ο
2439 5750 2535 5806 sed
2566 5750 2772 5820 Optime
2801 5746 3072 5802 Meursius
3101 5747 3380 5800 emendat.

416 5350 506 5418 46)
535 5348 628 5420 Sic
655 5363 720 5404 ex
750 5360 852 5402 ms.
885 5345 1096 5420 codice.
1124 5341 1304 5420 Locus
1328 5338 1637 5420 mutilusin
1675 5336 1858 5392 editis.

422 5410 516 5544 t7;
541 5418 838 5482 Nimirum,
870 5415 1029 5483 pelles
1074 5416 1336 5468 cer-vinas.
1384 5410 1480 5465 Sic
1520 5410 1685 5462 etiam
1726 5421 1896 5476 supra

422 5519 444 5544 ν.
516 5491 571 5544 6.
602 5489 692 5544 ubi
718 5489 839 5542 vide
861 5501 984 5544 auat
1016 5483 1420 5539 adnotavimus.

324 5483 444 5561 cap.
477 5483 574 5561 QQ,
602 5489 692 5561 ubi
718 5489 839 5542 vide
860 5501 984 5561 qua;
1016 5483 1420 5561 adnotavimus.
