4050 6420
302 307 423 374 393

1377 305 1473 365 DE
1491 305 2126 364 .\D.\llNiSTl{ANDO
2158 301 2504 362 IMPERIO.

3455 297 3560 364 394

298 423 505 493 ραὸος,
561 421 640 491 τῷ
695 420 819 473 τότε
871 421 1054 491 καιρῷ
1095 419 1445 490 πρωτελάτης
1489 421 1586 484 ὢν,
1629 420 1881 491 τιμηθεὶς

1996 419 2240 473 mittente
2282 426 2463 471 rector
2496 415 2634 478 fuit,
2695 414 2914 470 domino
2951 413 3194 470 Romano
3240 415 3556 483 imperatori

297 514 453 568 κατά
483 513 775 583 διαφόρους
805 514 1035 583 καιροὺς
1063 513 1400 576 κανδιδᾶτος,
1431 513 1706 582 στράτωρ,
1754 529 1884 565 σπα-

296 608 518 676 θάριος,
557 605 1151 675 σπαθαροκανδιδᾶτος,
1176 604 1272 656 καὶ
1303 604 1441 674 μετὰ
1469 603 1641 656 ταῦτα
1673 619 1884 674 πρωτο-

294 696 618 767 σπαθάριος
642 697 737 748 καὶ
769 696 1266 767 πρωτοσπαθάριος
1314 696 1412 765 τῆς
1457 695 1691 766 φιάλης⁹
1727 695 1784 758 ὃς
1815 690 1884 765 ἦν

295 787 561 858 γαμϐρὸς
596 787 690 840 τοῦ
737 786 1147 859 προρρηθέντος
1196 787 1418 859 Μιχαὴλ
1462 787 1556 840 τοῦ
1607 787 1878 858 γέροντος.

297 879 439 932 υὺδὲ
473 879 586 948 γὰρ
627 877 736 932 ἀπὸ
770 879 1007 932 παλαιοῦ
1058 878 1231 932 τύπου
1284 881 1413 933 ποτὲ
1441 879 1683 947 ἐγεγόνει
1711 879 1742 950 ἢ
1775 880 1885 933 ἐτι-

299 972 454 1040 μήθη
479 970 923 1041 πρωτοκάραϐος
951 971 1044 1024 τοῦ
1080 970 1342 1042 βασιλέως
1373 970 1885 1041 πρωτοσπαθάριος,

300 1065 417 1117 ἀλλ’
465 1065 594 1117 οὑδὲ
646 1063 1238 1133 σπαθαροκανδιδᾶτος,
1269 1062 1444 1132 ἀλλ’ἢ
1481 1062 1817 1125 κανδιδᾶτος,
1850 1063 1883 1133 ἢ

308 1156 589 1224 στράτωρ,
642 1155 676 1223 ἦ
722 1153 792 1206 τὸ
845 1153 980 1206 πολὺ
1029 1153 1348 1224 σπαθάριος.
1392 1152 1516 1206 Ἐπὶ
1559 1152 1616 1205 δὲ
1662 1153 1888 1215 Λέοντος

307 1244 402 1296 τοῦ
430 1245 682 1314 ἀοιδίμου
713 1244 810 1296 καὶ
836 1244 1150 1311 σοφωτάτου
1192 1242 1452 1312 βασιλέως
1485 1236 1638 1306 οὗτος
1667 1243 1828 1312 μόνος
1862 1245 1889 1295 ὁ

310 1335 532 1405 Μιχαὴλ
565 1333 806 1404 ἐτιμήθη
836 1334 1159 1403 σπαθάριος,
1185 1335 1280 1388 καί¹
1314 1335 1452 1404 μετὰ
1478 1333 1649 1387 ταῦτα
1682 1334 1887 1389 σπαθα·

319 1428 716 1497 ρσκανδιδίτος.
756 1427 860 1479 Διά
886 1427 944 1480 δέ
968 1427 1028 1479 τὸ
1053 1429 1246 1498 νήπιον
1268 1427 1555 1496 τυγχάνειν
1596 1427 1686 1478 τὸν
1731 1427 1886 1496 βασι-

319 1521 441 1585 λέα,
478 1520 654 1585 καθὼς
692 1522 950 1590 εἴρηται,
985 1521 1079 1574 καὶ
1115 1520 1176 1573 τὸ
1215 1520 1525 1590 ἀδιάκριτον
1566 1519 1660 1572 τοῦ
1691 1537 1890 1589 πατρι-

329 1615 454 1670 κίου
491 1615 894 1668 Κωνσταντίνου
947 1613 1464 1684 παρακοιμωμένου,
1514 1613 1800 1681 γεγόνασιν
1841 1613 1888 1666 oi

341 1701 736 1773 πρωτοκάραόοι
774 1701 1360 1773 σπαθαροκανδιδᾶτοι,
1398 1702 1490 1755 καὶ
1519 1696 1673 1764 οὗτος
1711 1702 1740 1754 ὁ
1785 1701 1889 1754 Mt-

334 1795 460 1866 χαήλ
475 1795 1100 1866 πρωτοσπαθάριος.Τοῦ
1112 1794 1167 1846 δὲ
1182 1794 1444 1863 βασιλέως
1460 1794 1554 1848 τοῦ
1573 1793 1740 1865 κυροῦ
1756 1793 1889 1848 Ῥω-

326 1888 488 1958 pavo-3
521 1887 836 1949 ἀνελθόντος
864 1887 922 1940 ἐν
953 1886 1028 1956 τῷ
1051 1887 1316 1958 παλατίῳ,
1349 1887 1443 1941 καὶ
1474 1889 1570 1957 τῆς
1593 1885 1888 1956 βασιλείας,

317 1979 413 2033 οὐκ
439 1974 538 2033 οἷδ’
563 1982 716 2043 ὅπως
743 1979 920 2032 εἰπεῖν
955 1977 1257 2050 ἐγκρατοῦς
1294 1978 1610 2049 γενομένου,
1652 1979 1743 2031 τὸν
1794 1979 1892 2048 μὲν

320 2069 570 2123 Θεόδοτον
592 2069 682 2122 διὰ
707 2069 805 2139 τὴν
834 2068 970 2139 πρὸς
998 2071 1404 2122 Κωνσταντῖνον
1431 2069 1520 2122 τὸν
1545 2069 1891 2138 φιλόχριστον

319 2161 581 2232 δεσπότην
611 2162 704 2215 καὶ
739 2160 962 2230 βασιλέα
1011 2159 1247 2223 εὔνοιαν.
1281 2161 1342 2213 οὑ
1387 2160 1548 2229 μόνον
1593 2160 1890 2226 διεδέξατο,

314 2253 446 2307 ἀλλά
474 2254 572 2306 καὶ
597 2254 696 2324 τήν
723 2252 812 2305 διὰ
840 2252 1050 2322 δαρμοῦ
1082 2251 1194 2322 (51)
1229 2253 1323 2305 καὶ
1381 2254 1582 2324 κουρᾶς
1623 2251 1891 2321 ὑπεξῆλθε

310 2345 609 2416 τιμωρίαν,
647 2345 742 2398 καὶ
780 2347 836 2396 ἐν
865 2344 1106 2414 διηνεκεῖ
1137 2343 1502 2415 παρέπεμπεν
1539 2344 1741 2415 ἐξορία,
1776 2339 1891 2418 ἐνῇ

313 2438 406 2491 καὶ
438 2436 523 2507 τῷ
547 2436 693 2490 τέλει
720 2436 815 2489 τοῦ
849 2436 964 2506 βίου
989 2436 1278 2507 ἐχρήσατο,
1306 2437 1472 2500 ἐάσας
1499 2437 1589 2490 τὶν
1627 2437 1722 2490 σὺν
1746 2435 1894 2505 αὑτῷ

311 2530 751 2601 πρωτοκάραδον
780 2531 1188 2596 Κωνρταντῖνον
1213 2529 1422 2582 ἐκεῖνον
1443 2529 1534 2583 τὸν
1554 2529 1892 2598 Λωρικάτον,

309 2622 392 2675 διὰ
429 2621 495 2673 τὸ
539 2621 629 2675 διὰ
675 2620 842 2688 φόϐου
878 2619 1135 2681 εὐνοϊκῶς
1195 2620 1495 2673 διακεῖσθαι
1537 2620 1674 2689 πρὸς
1711 2620 1893 2683 αὑτὸν,

312 2712 408 2764 καὶ
463 2712 616 2781 ὅρκῳ
661 2710 931 2782 ίδιοχείρῳ
979 2709 1416 2780 ἐξαρνησάμενον
1461 2709 1559 2779 τήν
1616 2709 1750 2779 πρὸς
1807 2709 1896 2761 τὸν

315 2797 546 2867 βασιλέα
613 2798 1027 2850 Κωνσταντῖνον
1101 2795 1314 2850 εὑνοιαν
1377 2797 1469 2850 καλ¹
1525 2797 1781 2866 ἀγάπην·
1837 2797 1896 2850 ὂν

315 2888 536 2958 πρῶτον
575 2888 675 2958 μὲν
727 2888 1294 2958 σπαθαροκανδιδᾶτον
1323 2888 1570 2959 ἐτίμησε,
1620 2889 1712 2942 καὶ
1743 2888 1897 2960 πρῶ-

1988 510 2251 566 defuncto
2300 509 2604 578 suggessit,
2650 499 3150 576 protospatharium
3202 506 3552 579 Theophyla.

1988 611 2157 668 ctum,
2189 611 2242 658 et
2273 615 2474 656 mensa:
2502 600 2776 671 Augusta.
2803 599 3164 655 domesticum
3209 600 3554 670 quatiquui-

1987 695 2110 749 dem
2137 693 2202 747 ad
2229 701 2412 762 partes
2442 692 2791 763 imperatoris
2811 701 2865 746 et
2887 692 3082 746 matris
3106 691 3281 762 ipsius
3299 693 3556 747 tutandas

1990 800 2198 855 pronus
2225 792 2365 850 erat,
2400 784 2711 840 necessario
2740 799 2805 839 ex
2837 783 2957 854 ipso
2984 783 3178 839 alIectu
3210 783 3558 838 dominorum

1990 897 2218 938 suorum
2264 879 2432 936 rebus
2482 878 2813 949 advigilare;
2863 879 3044 945 itaque
3083 877 3218 932 nihil
3249 894 3385 947 opus
3413 893 3557 944 esse,

1990 973 2330 1040 agrariorum
2370 971 2567 1042 phialae
2599 970 2858 1040 populum
2902 970 3004 1023 sub
3032 968 3246 1024 duabus
3270 971 3562 1037 potestati-

1989 1065 2093 1119 bus
2127 1064 2309 1118 dirimi
2341 1072 2440 1119 :‘et
2470 1078 2631 1134 posse
2667 1078 2865 1117 mensae
2895 1064 3154 1130 Augustae
3195 1064 3560 1118 domesticum

1991 1155 2176 1209 studio
2220 1154 2445 1211 ductum
2494 1170 2624 1225 erga
2683 1155 3068 1225 imperatorem
3118 1163 3171 1208 et
3220 1160 3560 1224 Augustam,

1992 1245 2296 1312 agrariotas
2327 1259 2455 1300 suos
2489 1245 2817 1313 Augustales
2849 1243 3056 1307 fallere,
3103 1260 3167 1298 ac
3217 1259 3360 1314 saepe
3398 1245 3561 1300 etiam

1992 1335 2406 1390 dromoniorum
2460 1337 2733 1407 remiges,
2811 1345 2865 1390 et
2932 1337 3256 1391 seditionem
3324 1337 3563 1407 aliquam

1992 1436 2185 1482 contra
2244 1427 2589 1498 majestatem
2639 1436 2787 1483 tuam
2865 1429 3184 1483 molientur.
3243 1427 3369 1483 Haec
3437 1443 3559 1483 cum

1993 1515 2248 1581 dixisset,
2280 1519 2577 1587 persuadet
2627 1519 2860 1589 primum
2907 1521 3142 1574 scelesto
3188 1520 3261 1572 illi
3293 1529 3345 1575 et
3388 1520 3565 1576 versi-

1993 1610 2117 1681 pelli
2143 1611 2563 1679 rectori,atque
2605 1626 2704 1681 per
2758 1627 2883 1668 eum
2946 1614 3312 1682 imperatori:
3360 1613 3565 1683 quippe

1995 1703 2155 1757 facile
2195 1701 2330 1757 levis
2363 1711 2416 1757 et
2446 1702 2762 1773 imprudens
2799 1703 3011 1760 animus
3035 1704 3100 1758 ad
3127 1705 3394 1775 quidlibet
3413 1686 3566 1761 frau-

1999 1793 2254 1848 dulenter
2287 1793 2494 1848 dictum
2530 1792 2735 1848 fallitur
2767 1795 3160 1867 evertiturque.
3211 1795 3312 1852 Ubi
3343 1781 3566 1867 persua-

1999 1885 2168 1940 sisset
2195 1886 2403 1954 itaque,
2433 1886 2817 1956 Augustalium
2842 1889 3188 1959 agrariorum
3218 1898 3461 1959 potestas
3485 1891 3563 1947 illi

1994 1977 2190 2032 collata
2230 1985 2348 2043 est;
2396 1992 2461 2033 ex
2497 1993 2672 2048 eoque
2717 1979 2961 2050 tempore
2995 1981 3255 2045 obtinuit,
3306 1991 3364 2036 ut
3393 1981 3565 2053 impe-

1997 2069 2197 2124 ratoris
2230 2068 2500 2123 dromonii
2549 2071 2949 2139 protocarabus
2995 2072 3050 2128 in
3102 2087 3293 2128 omnes
3322 2074 3567 2143 reliquo-

1999 2176 2117 2214 rum
2189 2161 2598 2216 dromoniorum
2674 2164 3030 2234 imperialium
3081 2166 3568 2238 Augustaliumque

1995 2251 2340 2320 agrariorum
2388 2253 2621 2324 remiges
2661 2253 2752 2324 jus
2801 2255 3045 2321 haberet,
3089 2264 3344 2326 essetque
3371 2257 3568 2327 phialae

1998 2343 2496 2413 protospatharius.
2548 2343 2662 2399 Sub
2705 2343 2886 2400 Leone
2928 2360 3057 2401 vero
3101 2361 3317 2417 semper
3351 2353 3570 2403 memo-

1997 2433 2172 2489 rando
2200 2441 2253 2489 et
2283 2433 2490 2490 Christi
2527 2437 2911 2492 amantissimo
2943 2439 3269 2507 imperatore
3306 2439 3374 2494 ab
3403 2438 3565 2495 Occi-

1997 2525 2179 2582 dentis
2233 2527 2568 2584 thematibus
2615 2529 2806 2584 tribu-ti
2865 2530 3080 2586 exactio
3136 2529 3274 2584 facta
3334 2537 3420 2585 est
3471 2545 3569 2599 per

1999 2615 2238 2672 Leonem
2273 2619 2774 2697 protospatharium
2819 2632 2872 2676 et
2909 2620 3143 2676 Tzicane
3177 2630 3463 2690 praetorem
3499 2636 3566 2679 ex

2000 2709 2068 2765 iis
2107 2711 2199 2780 qui
2236 2719 2417 2766 castra
2451 2713 2604 2783 sequi
2641 2713 2867 2767 nollent.
2903 2712 2969 2766 Et
3001 2728 3219 2768 rursum
3250 2713 3351 2767 sub
3376 2712 3565 2770 eodem

2002 2803 2334 2873 imperatore
2361 2803 2541 2860 Leone
2580 2805 2684 2860 alia
2717 2806 2907 2860 tributi
2943 2807 3160 2861 exactio
3201 2795 3341 2860 facta
3377 2815 3462 2862 est
3501 2808 3569 2861 ab

2001 2895 2258 2953 Occiduis
2285 2897 2619 2955 thematibus
2644 2914 2741 2968 per
2763 2890 3083 2970 magistrum
3113 2897 3375 2955 Joannem
3402 2898 3570 2956 Elada

312 2997 401 3032 τον
456 2979 896 3051 πρωτοκάραὸον
945 2983 1208 3051 ποιήσας,
1253 2982 1347 3034 καὶ
1405 2980 1889 3051 πρωτοσπαθάριον

2003 2997 2134 3042 tunc
2165 2989 2426 3058 temporis
2477 2989 2788 3058 patricium.
2843 2989 2958 3045 Sub
3011 2990 3341 3060 imperatore
3388 2997 3569 3046 autem

316 3074 408 3143 τῆς
438 3073 643 3142 φιάλης
672 3073 1098 3144 προϐαλόμενος,
1135 3073 1274 3144 μετὰ
1307 3075 1482 3142 ὀλίγον
1529 3075 1622 3127 καὶ
1679 3092 1893 3144 πρωτο-

319 3163 628 3233 σπαθάριον
665 3164 948 3235 ἐτίμησεν.
998 3159 1164 3227 Οὗτος
1189 3161 1281 3218 οὖν
1309 3166 1374 3217 δι’
1411 3166 1768 3235 ὑπομνήσεως
1796 3164 1892 3246 τοῦ

321 3257 585 3328 κληρικοῦ
620 3258 867 3311 Ἰωάννου
895 3258 992 3312 καὶ
1049 3260 1190 3313 κατὰ
1224 3259 1570 3329 συγχώρησιν
1600 3259 1734 3312 Θεοῦ
1780 3257 1896 3328 ῥαί-

323 3365 527 3418 κτωρος
565 3349 684 3422 (52)
709 3350 1017 3417 γεγονότος,
1050 3350 1279 3404 ὑπέθετο
1318 3351 1394 3420 τῷ
1429 3351 1704 3423 μακαρίτῃ
1741 3349 1894 3420 βασι-

328 3436 403 3492 λιῖ
423 3439 499 3510 τῷ
529 3441 689 3512 κυρῷ
731 3441 1019 3512 Ῥωμανῷ,
1073 3442 1156 3496 ὄτι
1184 3442 1212 3494 ὁ
1241 3441 1726 3513 πρωτοσπαθάριος
1765 3442 1891 3494 Θεο-

342 3530 594 3596 φὺλακτος
644 3533 740 3585 καὶ
797 3534 896 3603 τῆς
944 3534 1222 3603 τραπέζης
1271 3538 1369 3606 τῆς
1402 3535 1737 3604 Αὑγοὺστης,
1771 3535 1893 3588 ἐπεὶ

347 3623 564 3693 προδολὴ
617 3625 716 3677 καὶ
769 3624 1057 3695 ἀντίληψις
1097 3625 1198 3695 τῆς
1249 3625 1458 3698 μητρὸς
1498 3625 1590 3677 τοῦ
1629 3627 1893 3694 βασιλέως

1999 3078 2247 3135 Romano
2273 3097 2464 3137 rursus
2487 3096 2610 3136 cum
2635 3081 3061 3153 Peloponnesios
3081 3081 3148 3136 ad
3168 3082 3566 3152 expeditionem

2001 3172 2254 3227 bellicam
2286 3173 2340 3228 in
2370 3171 2807 3245 Longobardiam
2839 3175 3058 3229 mittere
3097 3175 3290 3240 vellet,
3341 3184 3571 3244 praetore

2003 3271 2056 3317 et
2087 3271 2409 3333 proteuonte
2427 3271 2559 3321 tunc
2577 3267 2840 3334 temporis
2876 3266 2928 3320 in
2954 3264 3332 3334 PeIOponueso
3361 3263 3573 3320 Joanne

2002 3353 2467 3422 protospathario,
2519 3354 2831 3410 maluerunt
2870 3353 3308 3425 Peloponnensii,
3358 3363 3418 3408 ut
3462 3355 3567 3408 im—

2003 3459 2197 3498 munes
2240 3451 2452 3510 essent,
2489 3459 2663 3514 equos
2716 3445 2866 3500 mille
2919 3445 3051 3501 dare
3098 3461 3221 3500 eum
3284 3445 3473 3499 stratis
3517 3454 3573 3499 et

2004 3534 2197 3600 frenis,
2243 3544 2298 3589 et
2330 3550 2599 3590 summam
2642 3536 2938 3590 centenarii
2989 3534 3147 3607 144
3185 3536 3382 3601 unius;
3427 3537 3571 3605 quod

2004 3625 2225 3694 quidem
2259 3625 2620 3680 libentissime
2651 3626 3042 3696 praestiterunt.

346 3716 581 3784 τυγχάνει
604 3720 703 3772 καὶ
735 3719 902 3772 αὑτοῦ
929 3720 1022 3772 τοῦ
1066 3719 1352 3791 βασιλέως,
1383 3721 1596 3792 ἀνάγκη
1626 3721 1887 3790 καὶπρὸς
1922 3722 2049 3785 τοὺς
2111 3721 2276 3784 ἰδίους
2329 3721 2597 3785 δεσπότας
2643 3721 2738 3774 καὶ
2821 3721 3116 3792 εὐεργέτας
3210 3721 3570 3791 προσπαθεΐν.

349 3803 453 3857 Καὶ
481 3806 561 3870 τίς
587 3810 612 3879 ή
641 3811 806 3880 χρεία
830 3811 920 3864 τὸν
963 3810 1090 3864 λαὸν
1115 3811 1221 3866 τῶν
1252 3813 1532 3884 ἀγραρίων
1559 3814 1656 3882 τῆς
1690 3813 1886 3882 φιάλης
1925 3813 1983 3865 ἐν
2010 3812 2161 3865 δυσὶν
2202 3811 2473 3878 ἐξουσίαις
2520 3812 2883 3883 διαιρεῖσθαι;
2932 3811 3164 3866 Δύναται
3205 3812 3314 3883 γὰρ
3379 3814 3407 3864 ὁ
3468 3813 3571 3883 τῆς

341 3903 602 3971 τραπέζης
632 3905 730 3972 τῆς
757 3905 1096 3973 Λὺγούστης,
1139 3906 1204 3974 τῇ
1241 3905 1376 3974 πρὸς
1443 3904 1532 3957 τὸν
1571 3903 1794 3972 βασιλέα
1877 3904 1966 3956 καὶ
2007 3903 2104 3974 τὴν
2154 3901 2475 3971 Αὑγούστην
2527 3903 2712 3972 εὐνοία
2764 3903 3169 3975 κρατούμενος,
3227 3904 3572 3975 ἐξαπατῆσαι

330 3995 448 4056 τοὺς
522 3996 616 4048 ὑπ’
692 3995 859 4049 αὑτοῦ
939 3997 1340 4067 κρατουμένους
1395 3996 1895 4064 Αὑγουστιατικοὺς
1932 3996 2304 4066 ἀγραριώτας,
2354 3995 2613 4058 πολλάκις
2654 3996 2833 4049 δὲκαὶ
2896 3997 3021 4060 τοὺς
3101 3996 3210 4052 τῶν
3257 3997 3572 4068 δρομωνίων

325 4087 545 4152 ἐλάτας,
568 4087 664 4141 καὶ
692 4087 1033 4157 μελετήσωσί
1075 4104 1196 4141 τινα
1227 4087 1598 4141 ἐπανάστασιν
1634 4087 1777 4141 κατά
1801 4089 1899 4156 τῆς
1941 4087 2222 4157 βασιλείας
2254 4103 2368 4140 σου.
2399 4087 2582 4140 Ταῦτα
2623 4087 2790 4140 εἰπὼν
2830 4087 3007 4140 πείθει
3061 4089 3150 4142 τὸν
3209 4090 3378 4143 κακὸν
3434 4092 3574 4144 ἐκεῖ·

323 4199 411 4236 νον
435 4183 536 4234 καὶ
563 4183 780 4235 σκολιὸν
802 4182 1105 4251 ῥαίκτωρα,
1135 4182 1228 4235 καὶ
1250 4182 1317 4235 δι’
1340 4181 1506 4234 αὑτοῦ
1530 4183 1621 4234 τὸν
1650 4181 1898 4252 βασιλέα’
1942 4181 2164 4236 εὔκολον
2186 4181 2295 4251 γὰρ
2327 4183 2359 4253 ή
2394 4182 2665 4252 κουφότης
2692 4182 2786 4235 καὶ
2813 4182 3124 4254 ἀδιάκριτος
3185 4184 3380 4255 γνώμη
3438 4185 3573 4255 πρὸς

330 4271 477 4328 ἅπαν
535 4274 596 4326 τὸ
643 4274 964 4344 κακούργως
1014 4273 1308 4343 λεγόμενον
1371 4274 1465 4326 καὶ
1553 4273 1945 4342 ὑποτιθέμενον
1987 4273 2412 4328 ἀποπλανᾶσθαι
2463 4275 2555 4327 καὶ
2612 4275 2983 4330 ἐκκυλίεσθαι.
3026 4276 3136 4327 Καὶ
3164 4276 3337 4328 εἰπὼν
3372 4278 3570 4344 πείθει,

318 4370 414 4420 καὶ
437 4368 636 4430 πείσας
660 4368 859 4421 δίδοται
885 4365 1035 4434 αὑτῷ
1064 4366 1157 4420 καὶ¹
1193 4369 1224 4436 ή
1261 4365 1370 4418 τῶν
1403 4364 1878 4433 Αὑγουστιατικῶν
1913 4367 2195 4437 ἀγραρίων
2226 4366 2443 4432 ἐξουσία
2465 4383 2477 4396 ο
2529 4367 2622 4420 καὶ
2665 4366 2851 4419 ἔκτοτε
2908 4367 3259 4437 ἐπεκράτησε
3345 4369 3405 4421 τὸ
3482 4371 3574 4423 τὸν

317 4461 759 4534 πρωτοκάραϐον
809 4460 921 4530 (55)
977 4458 1072 4512 τοῦ
1128 4457 1407 4528 βασιλικοῦ
1455 4457 1756 4528 δρομωνίου
1795 4459 2012 4530 ἐπέχειν
2080 4459 2173 4512 καὶ
2240 4459 2576 4524 ἐξουσιάζειν
2646 4457 2854 4521 πάντας
2914 4459 3038 4520 τοὺς
3084 4458 3280 4522 ἐλάτας
3339 4461 3449 4514 τῶν
3513 4480 3572 4518 τε

1487 4610 1784 4667 ANSELMI
1821 4613 2146 4670 BANDURII
2179 4614 2408 4671 ΝΟΤᾸΞ.

386 4733 508 4806 (5|)
530 4732 630 4806 Ms.
659 4731 827 4806 codex
871 4731 978 4806 sic:
998 4729 1138 4785 Editi
1162 4733 1396 4806 vero,_o:')
1425 4731 1889 4806 μόνονδιεδέξατο,

2000 4735 2332 4806 ἀξιώματος,
2363 4742 2433 4806 uti
2451 4734 2644 4790 scribit
2670 4733 2889 4797 Suidas,
2930 4733 3024 4787 sed
3053 4732 3234 4806 qualis
3263 4731 3426 4806 fuerit
3456 4733 3571 4806 hmc

315 4801 462 4862 ἀλλά
493 4801 593 4876 καὶ
622 4803 720 4876 τὴν
771 4801 1003 4876 δαρμοῦ,
1024 4809 1144 4876 etc.
1183 4803 1268 4856 ubi
1299 4801 1581 4876 Meursius
1610 4802 1889 4876 legendum

2002 4801 2242 4876 dignitas
2268 4820 2374 4857 non
2406 4805 2678 4876 declarat;
2710 4812 2970 4867 attamen,
3007 4801 3129 4876 eum
3156 4805 3307 4876 solos
3342 4802 3572 4876 clericos

316 4879 421 4940 ait,
463 4873 525 4925 οὑ
570 4869 752 4943 μόνον
782 4869 852 4923 ου’
882 4869 1188 4936 διεδέξατο,
1244 4880 1353 4926 etc.
1411 4869 1509 4926 sed
1561 4869 1784 4936 fallitur,
1842 4879 1889 4926 ul

2006 4869 2108 4931 have
2139 4876 2375 4929 donatos
2409 4874 2580 4928 fuisse
2632 4875 2867 4943 legatur,
2921 4872 3355 4943 ecclesiasticam
3391 4872 3574 4942 digni-

320 4958 632 5022 nemouou
670 4941 876 5022 videt...
994 5018 1004 5022 _
1367 5009 1381 5022 .
1532 5019 1540 5022 _
1715 5009 1727 5022 ‘
1791 5017 1800 5022 _
2008 4955 2173 5000 tatem
2202 4944 2372 4999 fuisse
2403 4959 2512 4998 non
2544 4941 2765 5022 dubito;
2798 4953 2852 4997 et
2879 4943 3022 5022 hanc
3061 4942 3280 5022 quidem
3332 4941 3572 5022 dignita-

394 5013 512 5082 (52)
541 5012 781 5082 Joannes
815 5009 904 5064 hic
929 5018 1011 5063 est
1043 5010 1132 5062 ille
1168 5009 1548 5082 monachuset
1587 5009 1892 5080 presbyter,
2005 5024 2111 5070 tem
2166 5022 2393 5069 caeteras
2441 5013 2790 5082 praecessisse
2844 5009 3095 5066 videtur'
3121 5012 3348 5066 innuere
3398 5009 3573 5067 ’Luit-

318 5079 696 5156 cognomento
726 5079 1001 5156 _l.azares,
1051 5095 1214 5156 quem
1249 5081 1554 5156 Alexander
1591 5079 1896 5156 imperator

318 5149 697 5210 Co'nstautino
726 5150 1198 5220 P0rphyrogenilo
1237 5164 1304 5220 ex
1334 5149 1515 5220 fratre,
1531 5149 1714 5220 nepoti
1749 5158 1897 5203 tuto-

317 5239 439 5279 rem
463 5221 616 5277 dedit
638 5238 653 5285 ;
682 5218 846 5289 cujus
861 5218 1080 5288 quidem
1097 5219 1343 5272 meminit
1361 5219 1468 5274 Leo
1488 5218 1894 5289 Grammaticus

321 5297 378 5349 in
411 5287 766 5347 Alexandroi
810 5287 1063 5357 Ἰωάννην
1089 5291 1296 5357 παπᾶν,
1333 5289 1420 5342 τὸν
1449 5288 1680 5356 ἐπίκλην
1707 5287 1891 5353 Λαζά-

323 5381 426 5432 ρην
455 5361 726 5433 ραίκτορα
780 5356 1106 5433 πεποίηκενς
1141 5366 1196 5433 e_t
1231 5356 1369 5412 idem
1397 5359 1636 5433 scriptor
1667 5361 1720 5433 i_n
1747 5360 1860 5433 Con

324 5427 573 5488 stantino
605 5427 729 5500 pag.
777 5429 880 5483 497
915 5427 973 5483 et
1001 5428 1124 5482 505.
1163 5427 1428 5500 Praeterea
1472 5429 1638 5500 hujus
1662 5427 1891 5485 Joannis

322 5499 918 5558 mentioneitrraciutit
973 5512 1278 5568 auonymus
1349 5499 1782 5553 Combetisiauus
1837 5502 1890 5553 in

324 5575 640 5627 Alexandro
681 5585 835 5624 num.
865 5569 922 5632 2,
960 5570 1012 5638 in
1044 5569 1516 5638 Porphyrogenito
1553 5584 1702 5623 num.
1736 5570 1790 5630 ὅ,
1838 5571 1891 5624 in

327 5640 612 5711 Lecapeno
647 5657 802 5711 nutu.
825 5638 932 5711 ‘28,
962 5637 1228 5711 Scylitzes
1261 5653 1378 5707 pag.
1426 5638 1528 5692 607
1571 5646 1626 5694 et
1667 5639 1895 5711 ϐὶὸιμθι

326 5703 562 5769 Zonaras
596 5726 723 5780 nag.
777 5703 925 5764 “8.7
967 5703 1239 5777 Ῥαίκτωρ
1261 5703 1470 5773 autem,
1507 5716 1696 5775 rector,
1756 5703 1893 5776 εἶδος

644 5805 922 5868 Pauor.
957 5803 1074 5865 Gn.
1111 5800 1322 5866 CXIII.

2003 5083 2247 5155 prandus
2299 5084 2393 5138 lib.
2427 5085 2480 5150 6,
2520 5099 2644 5152 cap.
2689 5083 2741 5155 5,
2789 5082 2882 5155 ubi
2917 5085 2981 5136 de
3029 5083 3346 5155 erogatione
3395 5085 3573 5155 nomi-

2008 5152 2247 5224 smatum
2315 5155 2618 5224 agittquze
2660 5153 2762 5224 ab
2822 5152 3157 5224 imperatore
3189 5223 3195 5224 γ
3232 5152 3572 5224 principibus

2000 5223 2260 5294 palatinis
2287 5221 2410 5277 ante
2457 5221 2794 5277 Dominicam
2820 5223 3130 5294 Palmarum
3172 5223 3285 5274 ﬁeri
3319 5222 3568 5294 solebat:

2003 5289 2240 5361 Quorum
2281 5295 2479 5360 primus
2513 5302 2724 5346 vocatus
2759 5302 2835 5345 est
2875 5302 3045 5344 rector
3072 5291 3281 5352 domus,
3321 5289 3572 5361 rttpMeo

2005 5360 2165 5418 utinit
2202 5364 2332 5417 item
2385 5363 2619 5417 rectoris
2649 5363 2791 5417 idem
2843 5362 3232 5429 Luitprandus.
3268 5367 3320 5412 et
3356 5360 3450 5410 lib.
3488 5374 3568 5420 ιιι,

2001 5449 2121 5502 cap.
2152 5434 2217 5486 7:
2245 5432 2368 5488 Sua!
2407 5435 2548 5499 parti
2574 5443 2817 5501 parentes
2852 5429 3112 5494 collocat;
3147 5438 3414 5491 rectorem,
3455 5444 3568 5478 muo

2001 5505 2219 5574 gistros,
2253 5505 2527 5570 patricios,
2556 5503 2896 5574 [agat/zelum,
2920 5511 3028 5574 εις.

2063 5575 2187 5641 ,(55)
2221 5567 2510 5642 Perperam
2559 5567 2755 5642 legitur
2793 5569 3064 5642 in__editis_,
3095 5568 3154 5619 τὸ
3201 5567 3331 5642 τῶν.
3361 5579 3569 5635 πρωτο-

2005 5636 2288 5715 καράϐων,
2317 5636 2448 5710 etc.,
2488 5642 2587 5699 sed
2613 5636 2816 5697 ootime
2844 5638 3118 5695 Meursius
3139 5636 3415 5693 emendat.

3133 5792 3204 5860 13
