4050 6480
464 325 568 387 395
1487 309 1991 374 CONSTANTINI
2024 304 2695 368 PORPHYROGENITI
3616 300 3730 363 306

465 430 779 504 δρομωνίων
815 427 1112 498 βασιλικῶν
1143 443 1201 480 τε
1241 422 1336 477 καὶ
1362 418 1841 490 Αὐγουστιατικῶν
1903 414 2209 487 ἀγραρῐων,
2264 412 2357 468 καὶ
2405 409 2545 465 εἶναι
2597 413 2693 466 καὶ
2775 408 3264 482 πρωτοσπαθᾶιριον
3334 408 3434 504 τῆς
3504 408 3728 481 φιάλης,

476 498 678 579 ’ἰστέον
713 520 795 573 ὅτι
835 518 928 571 ἐπὶ
963 515 1191 576 Λέοντος
1235 512 1330 565 τοῦ
1369 511 1701 579 ἀειμνήστου
1741 504 1837 558 καὶ
1881 505 2229 574 φιλοχρίστου
2261 501 2525 572 βασιλέως
2558 501 2776 570 ἐγένετο
2818 502 2926 557 ἀπὸ
2991 499 3099 554 τῶν
3168 499 3269 570 τῆς
3343 498 3558 564 Δύσεως
3623 500 3723 553 θε-

472 612 657 684 μάτων
681 608 934 677 λογαρίου
968 604 1263 673 ἀπαίτησις
1289 598 1378 663 διὰ
1414 597 1504 650 τοῦ
1535 594 2036 666 πρωτοσπιθαρίου
2078 592 2307 655 Λέοντος
2347 591 2444 644 καὶ
2491 591 2782 660 γεγονότος
2834 588 3142 663 στρατηγοῦ
3188 588 3283 643 τοῦ
3352 591 3592 662 Τζικᾶνη
3654 593 3728 644 ἐκ

468 705 576 758 τῶν
604 704 911 774 αἰρομένων
950 699 1025 769 μὴ
1055 694 1372 762 ταξιδεύειν.
1414 691 1609 745 Ἰστέον
1639 691 1723 742 ὅτι
1796 689 1890 743 καὶ
1951 688 2113 741 πάλιν
2155 688 2247 740 ἐπὶ
2277 687 2368 740 τοῦ
2401 688 2565 741 αὐτοῦ
2611 687 2956 758 φιλοχρίστου
2986 687 3083 741 καὶ
3131 686 3465 757 ἀειμνήστου
3493 686 3729 748 Λέοντος

470 796 687 865 ἐγένετο
742 792 851 847 ἀπὸ
894 791 1004 844 τῶν
1083 787 1185 856 τῆς
1271 784 1485 845 Δύσεως
1534 781 1785 852 θεμάτων
1834 779 2092 851 λογαρίου
2164 779 2464 848 ἀπαίτησις
2517 779 2605 833 διὰ
2653 778 2749 832 τοῦ
2814 780 3118 849 μαγίστρου
3158 777 3404 841 Ἰωάννου
3461 778 3573 850 (54)
3628 780 3731 832 τοῦ

482 888 698 950 Ἐλαδᾶ,
735 884 811 954 τῷ
838 883 960 935 τότε
1001 877 1289 949 πατρικίου
1319 874 1693 938 αὐτοῦ-ὄντος.
1740 873 1937 926 ἰστέον
1963 874 2046 926 ὅτι
2085 873 2180 927 καλ⁵
2220 871 2383 925 πάλιν
2422 872 2515 923 ἐπὶ
2549 871 2831 942 Ῥωμανοῦ
2861 872 3143 934 δεσπότου,
3209 870 3562 941 βουληθέντος
3625 889 3732 925 τα-

472 980 711 1046 ξιδεῦσαι
733 977 856 1037 τοὺς
887 968 1353 1039 Πελοποννησίους
1404 968 1463 1021 ἐν
1510 965 1911 1037 Λογουϐαρδὶᾳ,
1988 964 2082 1019 τοῦ
2158 962 2656 1035 πρωτοσπαθαρίου
2729 964 2825 1019 τοῦ
2904 965 3137 1019 Ιωάννου
3205 965 3582 1035 πρωτεύοντος
3668 968 3734 1018 ἐν

470 1070 861 1139 Πελοποννήσῳ
884 1065 1006 1118 τότε
1034 1061 1493 1135 στρατηγοῦντος,
1527 1058 1852 1131 ῄρετίσαντο
1874 1061 1925 1112 οί
1985 1058 2140 1112 αὐτοὶ
2190 1056 2614 1127 Πελοποννήσιοι
2664 1056 2740 1127 μὴ
2803 1057 3134 1124 ταξιδεῦσαι,
3188 1056 3321 1109 ἀλλὰ
3383 1055 3565 1110 δοῦναι
3634 1058 3732 1109 ιπ-

472 1165 645 1233 πάρια
677 1159 822 1229 χίλια
851 1152 1173 1227 ἐστρωμένα
1206 1154 1301 1207 καὶ
1359 1150 1728 1223 χαλινωμένα,
1757 1151 1851 1204 καὶ
1884 1150 2141 1221 λογάριον
2185 1150 2538 1219 κενηνὰριον
2568 1147 2628 1201 ἓν
2651 1164 2665 1180 ·
2733 1149 2875 1220 ἅπερ
2946 1149 3086 1220 μετὰ
3148 1147 3351 1218 πολλῆς
3417 1147 3735 1219 προθυμίας

476 1254 767 1326 παρέσχον.

1068 1333 1299 1394 CAPUT
1338 1333 1448 1389 LII.

474 1456 702 1511 Exactio
733 1467 1004 1524 equorum,
1034 1464 1152 1524 qua:
1184 1446 1331 1516 facta
1360 1446 1415 1500 in
1445 1444 1668 1524 themate
1697 1444 2047 1513 Peloponnesi

667 1515 1404 1586 sub'Romano'imperatore,
1435 1517 1511 1569 uti
1534 1515 1734 1569 dictant
1762 1525 1861 1569 est.

541 1677 796 1734 Corinthi
847 1671 1305 1744 metropolitanus
1356 1668 1648 1724 exhibebat
1692 1683 1865 1739 equos
1907 1684 2047 1738 qua-

468 1784 600 1828 tuor
644 1787 659 1824 :
709 1766 998 1821 Patrarum
1051 1760 1508 1831 metropolitanus
1554 1772 1726 1828 equos
1778 1758 2046 1813 totidem:

469 1859 722 1933 episcopi
763 1854 964 1926 singuli
1009 1851 1266 1908 thematis
1307 1864 1481 1920 equos
1516 1849 1654 1903 duos
1692 1865 1707 1901 :
1754 1856 2053 1918 protospa-

470 1950 641 2008 tbarii
686 1961 860 2018 equos
894 1957 1006 2000 tres
1055 1959 1069 1997 :
1110 1937 1650 2012 spatharocandidati
1701 1939 1885 1993 duos:
1920 1953 2050 2009 spa-

476 2041 642 2098 tharii
674 2048 1054 2105 stratoresque
1085 2047 1287 2103 equum
1328 2045 1517 2086 unum.
1571 2029 1900 2085 Monasteria
1944 2031 2050 2085 im-

477 2130 708 2204 perialia
737 2136 792 2185 et
823 2122 1213 2197 patriarchalia
1256 2136 1429 2193 equos
1460 2121 1601 2176 duos
1631 2135 1645 2174 :
1679 2120 2052 2190 archiepisco-

478 2239 677 2296 porum
733 2223 866 2277 item
923 2215 1297 2276 monasteria.
1359 2212 1943 2284 metropolitanorum,
1996 2220 2054 2269 et

482 2316 866 2387 episcoporum
899 2323 1072 2381 equos
1104 2307 1244 2363 duos
1278 2323 1292 2362 :
1324 2305 1692 2377 indigentiora
1718 2303 2052 2360 monasteria

480 2421 604 2478 qua:
645 2409 868 2467 essent,
920 2400 1048 2456 bina
1097 2411 1298 2469 equum
1346 2411 1537 2452 unum.
1583 2394 1688 2462 Qui
1731 2395 2053 2451 muneribus

481 2493 865 2567 imperialibus
912 2488 1308 2560 fungebantur,
1356 2493 1538 2540 nautae
1580 2482 1875 2550 classiarii,
1915 2492 2050 2539 con-

477 2586 752 2659 chyliarii,
774 2590 830 2640 et
858 2582 1173 2641 chartarum
1199 2576 1549 2635 confectores
1576 2577 1850 2632 immunes
1872 2583 2053 2632 erant.

2727 1331 2976 1385 ΚΕΦΑΔ.
3017 1329 3142 1385 ΝΒ’.

2161 1445 2223 1500 Ἠ
2255 1443 2545 1514 γενομένη
2577 1444 2906 1514 ἀπαίτησις
2938 1442 3063 1514 τῶν
3084 1442 3382 1514 ἱππαρίων
3409 1441 3490 1514 ἐν
3511 1441 3591 1514 τῷ
3629 1442 3731 1496 θέ-

2214 1510 2358 1585 non
2398 1510 2893 1581 Πελοποννήσου
2910 1513 3010 1568 ἐπί
3052 1510 3357 1585 Ῥωμανοῦ
3396 1510 3733 1576 δεσπότου,

2219 1584 2416 1650 καθὼς
2452 1586 2699 1653 προείρη
2709 1601 2822 1640 ται.

2228 1675 2288 1728 '0
2322 1663 2727 1746 μητροπολίτης
2771 1673 3038 1746 Κορίνθου
3092 1674 3335 1745 ίππάρια
3377 1675 3653 1745 τέσσαρα·
3697 1676 3726 1727 6

2153 1766 2559 1836 μητροπολίτης
2598 1766 2831 1835 Πατρῶν
2860 1766 3101 1836 ίππάρια
3131 1766 3373 1836 τέσσαρα
3392 1783 3406 1797 '
3430 1766 3480 1819 οἱ
3510 1765 3729 1818 ἐπίσκο-

2152 1874 2244 1910 ποι
2268 1856 2583 1920 πάντεςτοῦ
2610 1857 2840 1926 Θέματος
2869 1856 2973 1911 ἀνὰ
3005 1857 3245 1928 ίππάρια
3277 1856 3400 1910 δύο·
3427 1859 3478 1911 oi
3506 1873 3727 1927 πρωτο-

2154 1948 2446 2020 σπαθάριοι
2474 1950 2575 2003 ἀνὰ
2616 1949 2853 2019 ίππάρια
2885 1949 3013 2020 τρία
3032 1962 3047 1978 ⁸
3079 1949 3129 2002 oi
3159 1948 3722 2020 σπαθαροκανδιδᾶτοι

2152 2040 2254 2094 ἀνὰ
2288 2040 2526 2109 ἱππάρια
2573 2039 2701 2093 δύο·
2736 2041 2785 2093 oi
2817 2038 3134 2110 σπαθάριοι,
3184 2041 3232 2092 oi
3274 2039 3570 2110 στράτορες
3622 2039 3730 2094 ἀνα

2155 2130 2417 2202 ίππαρίου
2476 2130 2595 2195 ἐνός
2615 2147 2630 2162 ο
2659 2130 2729 2184 τὰ
2754 2130 3008 2201 βασιλικὰ
3036 2129 3130 2184 καὶ
3157 2130 3535 2202 πατριαρχικὰ
3562 2148 3730 2200 μονα·

2154 2222 2356 2293 στήρια
2403 2220 2510 2276 ἀνὰ
2560 2222 2797 2291 ίππάρια
2823 2220 2949 2275 δύο·
2998 2220 3072 2276 τὰ
3116 2221 3227 2276 τῶν
3258 2222 3728 2292 ἀρχιεπισκόπων,

2157 2312 2542 2383 μητροπόλεων
2566 2312 2660 2366 καὶ
2690 2312 3006 2366 ἐπισκόπων
3046 2314 3386 2385 μοναστήρια
3416 2314 3519 2368 ἀνὰ
3549 2315 3726 2370 Ιππάο

2157 2420 2248 2472 ρια
2276 2402 2400 2457 δύο’
2424 2403 2493 2456 τὰ
2516 2403 2698 2474 ἄπορα
2729 2404 3073 2474 μοναστήρια
3104 2406 3201 2458 σὺν
3229 2404 3325 2459 δύο
3351 2405 3607 2478 ίππάριον
3638 2407 3725 2462 ενι

2155 2496 2218 2549 Ol
2249 2495 2306 2548 δὲ
2340 2494 2555 2566 ἔχοντες
2587 2494 2842 2565 βασιλικὰ
2892 2495 3204 2567 ἀξιώματα,
3231 2496 3488 2567 πλώϊμοι,
3528 2515 3732 2570 κογχνο

2156 2587 2342 2641 λευταὶ
2392 2586 2531 2657 (55),
2585 2588 2901 2658 χαρτοποιοὶ
2924 2628 2939 2653 ,
3002 2589 3239 2661 ίππὰρια
3296 2590 3358 2643 οὐ
3409 2588 3733 2646 δεδώκασιν.

478 2678 751 2735 Przeterca
807 2690 1000 2732 omnes
1046 2671 1418 2742 Peloponnesi
1473 2670 1676 2724 milites
1724 2668 2053 2722 nomismata

2169 2678 2363 2731 ’ἰστέον
2392 2679 2474 2731 ὅτι
2499 2678 2591 2731 καὶ
2620 2679 2729 2742 πᾶς
2754 2680 2783 2731 6
2808 2678 3039 2749 στρατὸς
3076 2680 3485 2751 Πελοποννήσου
3510 2681 3737 2752 ἀπῃτή-

483 2772 727 2842 quinque
763 2781 861 2839 pro
916 2764 1265 2821 immunitate
1296 2777 1326 2816 a
1377 2761 1570 2816 militia
1620 2758 1944 2826 solvebant;
1998 2765 2054 2811 at

485 2863 578 2934 qui
611 2860 967 2933 pauperiores
1002 2855 1250 2919 omnino,
1287 2853 1399 2908 bini
1448 2852 1782 2907 nomismata
1814 2849 2055 2920 quinque

482 2952 815 3027 pendebant.
848 2947 1008 3004 Unde
1036 2945 1285 3002 constitit
1323 2943 1478 3009 illud,
1527 2941 1595 2998 de
1625 2957 1736 3012 quo
1770 2940 1907 3008 dixi,
1939 2953 2055 2997 Inoo

484 3056 624 3102 neme
656 3040 1037 3100 centenarium
1071 3052 1263 3092 unum.

1070 3124 1299 3183 CAPUT
1338 3124 1471 3179 L'lll.

842 3241 915 3296 De
940 3247 1117 3294 castra
1147 3236 1430 3293 Chersoniz
1456 3236 1702 3290 historia.

559 3344 866 3410 imperante
896 3333 1083 3387 Romae
1112 3329 1476 3393 Diocletiano,
1505 3327 1649 3398 apud
1697 3325 2056 3383 Cbersonitas

486 3447 616 3489 vero
660 3427 909 3501 principe
959 3439 1024 3479 ac
1068 3429 1393 3495 proteuonte
1439 3419 1745 3485 Themisto,
1790 3417 2056 3475 Themisti

486 3528 823 3580 Sauromatae
877 3517 1007 3582 lilio,
1058 3514 1285 3571 Criscon
1335 3512 1709 3582 Bosporianus
1756 3509 1846 3567 Ori
1888 3510 2054 3580 ﬁlius,

487 3616 714 3673 collecta
747 3610 1126 3666 Sarmatarum
1162 3606 1229 3662 ad
1269 3604 1569 3661 Maeoticam
1616 3603 1867 3675 paludem
1899 3604 2056 3661 babi-

488 3709 722 3766 tantium
775 3717 961 3770 manu,
992 3699 1260 3754 adversus
1318 3695 1595 3751 Romanos
1649 3708 1801 3750 arma
1849 3695 2054 3762 movit,

2156 2768 2326 2839 θησαν
2357 2768 2496 2840 ὑπὲρ
2520 2768 2676 2823 τοῦδε
2699 2768 2792 2822 τοῦ
2822 2769 3061 2835 ταξιδίου
3085 2770 3189 2825 ἀνὰ
3225 2789 3264 2825 ιι
3294 2777 3336 2824 ε’
3358 2787 3374 2803 σ
3427 2773 3479 2825 οἱ
3508 2771 3565 2825 δέ
3593 2788 3741 2824 παν-

2152 2860 2324 2925 τελῶς
2356 2860 2572 2931 ἄποροι,
2627 2863 2723 2917 σὺν
2755 2862 2853 2916 δύο
2905 2881 2946 2917 ιι
2990 2862 3057 2917 ε’.
3103 2851 3194 2928 Ἐξ
3222 2856 3299 2918 ὧν
3342 2862 3577 2934 συνέστη
3630 2865 3735 2919 καὶ

2154 2953 2215 3005 τὸ
2245 2952 2559 3025 προρρηθὲν
2595 2953 2685 3008 διὰ
2714 2954 3073 3026 χαράγματος
3108 2952 3220 3025 (56)
3252 2955 3608 3025 κεντηνάριον
3641 2955 3733 3008 ἐν.

2725 3143 2972 3197 ΚΕΦΑΛ.
3013 3141 3138 3195 Nl".

2334 3254 2594 3324 Ἰστορία
2620 3252 2751 3321 περὶ
2780 3252 2887 3306 τοῦ
2912 3250 3177 3320 κάστρου
3211 3250 3542 3319 Χερσῶνος.

2226 3344 2608 3407 Βασιλεύοντος
2658 3341 3044 3410 Διοκλητιανοῦ
3105 3342 3164 3394 ἐν
3202 3341 3390 3415 Ῥώμῃ
3412 3381 3429 3406 ,
3456 3342 3515 3395 ἐν
3548 3341 3607 3395 δὲ
3653 3345 3727 3413 τῇ

2158 3437 2517 3510 Χερσωνιτῶν
2585 3436 3119 3509 στεφανηφοροῦντος
3186 3437 3281 3490 καὶ
3356 3437 3739 3509 πρωτεύοντος

2159 3528 2452 3600 Θεμιστοῦ,
2483 3527 2578 3581 τοῦ
2604 3527 2872 3597 Θεμιστοῦ
2910 3525 3280 3596 Σαυρόματος,
3303 3528 3332 3580 6
3359 3528 3423 3582 ἐκ
3451 3527 3560 3580 τῶν
3590 3528 3737 3579 Βοσ-

2160 3620 2434 3692 ποριανῶν
2470 3620 2750 3690 Κρίσκων,
2780 3620 2946 3689 ὐρου
3002 3617 3057 3671 δὲ
3102 3621 3232 3682 παῖς
3278 3619 3570 3688 γενόμενος
3604 3634 3736 3671 συν-

2159 3712 2420 3784 αθροίσας
2440 3712 2734 3782 Σαρμάτας
2770 3712 2869 3782 τὴν
2894 3710 3176 3765 Μαιώτιδα
3202 3710 3398 3782 λίμνην
3421 3711 3735 3775 οἰκοῦντας,

488 3813 724 3871 eumque
754 3796 821 3851 ad
861 3795 1130 3848 Lazorum
1172 3799 1372 3845 terram
1403 3787 1766 3859 pervenisset,
1796 3788 1941 3843 bello
1967 3788 2054 3843 in-

2161 3801 2753 3876 ἐστρατ[οπεδ]εύσατο
2778 3803 2921 3858 κατὰ
2961 3803 3270 3874 Ῥωμαίων,
3295 3802 3392 3856 καὶ
3410 3801 3742 3857 καταλαϐὼν

490 3891 702 3948 festatis
728 3883 933 3943 incolis
965 3881 1035 3935 ad
1076 3879 1248 3950 ilalyn
1281 3894 1453 3948 usque
1494 3877 1691 3932 ﬂumen
1731 3893 2056 3949 progressus

2159 3895 2270 3948 τῶν
2322 3894 2514 3959 Λαζῶν
2569 3893 2776 3965 χώραν,
2833 3896 2927 3948 καὶ
2976 3894 3299 3964 πολεμήσας
3344 3895 3473 3956 τοὺς
3524 3894 3735 3956 ἐκεῖσε,

490 3991 597 4040 est.
629 3977 1004 4034 Diocletianus
1034 3989 1166 4029 vero
1200 3971 1291 4026 ubi
1345 3970 1567 4025 rescivit
1617 3969 1834 4024 Laziam
1868 3969 2055 4024 Ponti-

2165 3985 2360 4056 φθάζει
2415 3986 2510 4038 καὶ
2559 3985 2663 4050 ἕως
2729 3984 2826 4039 τοῦ
2850 3986 3047 4049 ’Ἅλυος
3106 3985 3371 4052 ποταμοῦ.
3429 3985 3633 4038 Μαθὼν
3673 3985 3734 4037 δὲ

486 4087 725 4142 eamque
756 4068 982 4134 vastari,
1010 4065 1314 4122 exercitum
1347 4070 1538 4117 contra
1587 4060 1868 4116 Sarmatas
1911 4061 2055 4115 misit

2163 4077 2318 4131 τοῦτο
2356 4079 2384 4131 6
2432 4076 2687 4147 βασιλεὺς
2728 4076 3110 4147 Διοκλητιανὸς
3150 4076 3467 4147 πορθεῖσθαι
3494 4077 3593 4150 τὴν
3623 4077 3738 4130 τῶν

494 4167 598 4223 sub
641 4164 780 4218 duce
828 4161 1129 4216 Constante
1177 4154 1421 4217 tribuno,
1461 4153 1557 4223 qui
1604 4164 1729 4207 cum
1766 4151 1836 4206 ad
1888 4148 2055 4222 Halyn

2163 4166 2350 4230 Λαζῶν
2371 4165 2555 4236 χώραν
2604 4166 2699 4219 καὶ
2721 4165 2819 4236 τὴν
2855 4165 3145 4236 Ποντικὴν,
3188 4166 3512 4219 ἀπέστειλεν
3548 4148 3737 4220 ἐκεῖσε

486 4257 697 4311 ﬂumen
726 4250 1070 4324 pervenisset
1093 4261 1201 4301 una
1223 4260 1348 4301 cum
1366 4244 1633 4308 exercitu,
1660 4243 1773 4298 illic
1793 4241 2055 4308 substitit1

2163 4258 2390 4329 στρατὸν
2428 4256 2976 4326 ἀντιπαρατάξασθαι
3007 4258 3325 4328 Σαρμάταις
3373 4257 3697 4329 βουλόμενος
3721 4276 3736 4289 ·

492 4360 549 4405 et
579 4348 864 4404 Sarmatas
895 4341 1153 4411 trajicere
1180 4337 1481 4410 prohibuit.
1517 4334 1654 4392 Cum
1681 4344 1862 4390 autem
1893 4348 2055 4405 oppo-

2163 4344 2229 4420 ἦν
2260 4348 2317 4402 δὲ
2349 4348 2577 4419 ἔξαρχος
2600 4347 2695 4402 τοῦ
2736 4348 2971 4419 στρατοῦ
3003 4346 3266 4412 Κώνστας
3291 4348 3606 4417 τριϐοὖνος·
3640 4352 3743 4403 καὶ

495 4456 626 4496 nere
661 4453 719 4494 se
751 4436 863 4493 illis
891 4449 1001 4490 non
1046 4441 1236 4505 posset
1265 4429 1563 4496 Constans,
1597 4427 1927 4499 excogitavit
1959 4427 2055 4482 alio

2165 4440 2489 4495 καταλαϐὼν
2520 4439 2612 4493 τὸν
2643 4440 2812 4494 Ἀλυν
2858 4442 2888 4493 6
2934 4438 3198 4504 Κώνστας
3242 4440 3339 4494 σὺν
3368 4441 3447 4511 τῷ
3492 4440 3737 4512 στρατῷ,

496 4529 903 4602 quodammodo
950 4526 1231 4598 pellendos
1278 4537 1402 4580 esse
1444 4521 1758 4586 Sarmatas;
1808 4518 2055 4597 nimirum

2165 4531 2406 4603 καθέσθη
2439 4533 2617 4585 ἐκεῖσε
2648 4530 2873 4585 κωλύων
2914 4532 3211 4603 Σαρμάτας
3254 4531 3613 4601 ἀντιπεράσαι
3644 4531 3743 4587 τὸν

497 4621 885 4691 Bosporianos,
939 4632 1004 4672 ac
1069 4614 1327 4671 Maaoticae
1376 4611 1597 4683 paludis
1659 4610 1919 4666 ﬁnitimos
1959 4624 2055 4664 ac-

2167 4622 2361 4677 Ἀλυν.
2386 4623 2497 4677 Καὶ
2538 4623 2618 4694 μὴ
2644 4622 2948 4694 δυναμένου
2994 4622 3162 4677 αὐτοῦ
3191 4621 3744 4693 ἀντιπαρατάξασθαι

498 4715 650 4769 colas
710 4709 975 4766 adversus
1020 4706 1175 4778 ipsos
1230 4702 1629 4769 concitandos,
1688 4703 1783 4773 qui
1834 4699 2055 4755 familia:

2167 4714 2374 4778 αὐτοῖς,
2401 4713 2717 4768 ἐϐουλεύετο
2743 4713 2866 4767 καθ’
2901 4713 3096 4767 ἑαυτὸν
3116 4716 3144 4767 ὁ
3164 4713 3445 4777 Κώνστας,
3474 4714 3743 4785 μηδαμῶς

497 4818 687 4860 corum
714 4807 1044 4868 everterent,
1070 4807 1130 4854 ut
1155 4796 1242 4859 his
1264 4796 1467 4852 auditis
1486 4794 1826 4850 Sauromata:
1845 4791 2055 4846 domum

2171 4806 2347 4869 ἄλλως
2371 4806 2631 4860 δύνασθαι
2659 4807 2784 4870 τοὺς
2828 4806 3125 4876 Σαρμάτας
3154 4805 3431 4871 ἐκδιῶξαι,
3482 4809 3528 4858 εξ
3574 4807 3648 4878 μή
3688 4824 3746 4859 τι

501 4895 701 4950 reverti
751 4899 1098 4965 cogerentur.
1167 4888 1234 4944 Et
1295 4890 1410 4945 haec
1466 4887 1689 4958 quidem
1752 4887 2055 4955 imperatori

2174 4911 2239 4964 γε
2265 4897 2328 4949 ἐκ
2358 4894 2466 4948 τῶν
2505 4894 2898 4969 πλησιοχώρων
2943 4897 3041 4967 τῆς
3082 4897 3470 4967 Βοσποριανών
3504 4900 3598 4950 καὶ
3642 4896 3747 4967 τῆς

497 4986 802 5058 signiﬁcat,
848 4994 909 5040 ut
939 4985 1184 5039 mitteret
1213 4981 1279 5036 ad
1308 4980 1687 5043 Chersonitas,
1715 4991 1921 5048 eosque
1950 4984 2074 5032 tan-

2173 4985 2480 5050 Μαιώτιδος
2527 4987 2723 5058 λίμνης
2764 4987 2915 5051 τινὰς
2961 4990 3085 5042 κατ’
3130 4988 3311 5042 αὐτῶν
3358 4989 3748 5059 ἐκπεμφθῆναι

503 5093 664 5149 quam
685 5078 895 5134 vicinos
916 5075 983 5131 ad
1004 5075 1205 5132 bellum
1232 5080 1424 5129 contra
1463 5069 1741 5126 Sarmatas
1778 5084 2073 5140 capessen-

2174 5075 2252 5139 είς
2301 5075 2561 5147 πόλεμον,
2605 5076 2700 5130 καὶ
2742 5076 2841 5140 τὰς
2882 5076 3092 5130 τούτων
3139 5078 3403 5147 φαμιλίας
3451 5079 3748 5150 ἐκπορθεῖ-

1644 5248 1947 5309 ANSELMI
1985 5253 2314 5311 BANDURII
2347 5253 2579 5314 NOTAE.

575 5374 689 5445 (54)
715 5373 815 5454 ~lta
849 5388 916 5428 ex
962 5388 1065 5428 ms.
1096 5371 1314 5454 codice.
1358 5369 1417 5454 in
1464 5368 1637 5427 editis
1669 5386 1800 5454 vero
1853 5371 2061 5454 legitur
2095 5386 2150 5448 D
2179 5382 2301 5454 tur,
2320 5374 2479 5445 cujus
2502 5375 2832 5454 piscationis
2865 5377 3097 5454 primam
3132 5379 3505 5454 inventionem
3522 5378 3740 5454 Heracli

502 5439 594 5499 δια
649 5439 743 5497 τοῦ
786 5441 1292 5522 ’πρωτοσπαθαρίου
1345 5439 1572 5522 ⁴ίίέονςιος
1633 5441 1726 5522 καὶ
1786 5439 2055 5522 γεγονότος

2178 5444 2350 5522 Tyrio
2370 5439 2607 5521 ascribit
2627 5439 2940 5522 Cingonicon
2971 5448 3424 5519 Alexandrjtmyn,
3453 5451 3585 5507 Vide
3626 5451 3742 5505 Du-

503 5514 813 5600 στρατηχρῦ
833 5511 927 5600 τρῦ
946 5511 1189 5600 Τςικάνη
1218 5512 1281 5564 ἐκ
1304 5511 1415 5563 τῶν
1438 5511 1778 5581 αἱρουμένων
1814 5512 1889 5582 μὴ
1921 5512 2055 5578 ταξι·

2171 5511 2352 5600 cangii
2392 5514 2686 5600 tttruntter
2710 5516 2895 5600 Gloss.

502 5586 696 5639 δεύειν.
740 5586 954 5648 Ἰστέον,
984 5594 1091 5636 etc.

580 5652 1124 5725 (55)μϐοηε1ινίὲανίἱ,
1193 5649 1673 5725 Conchylioleguli,
1730 5647 2065 5725 Muriieguli,

1570 5655 1673 5733 illi,
1701 5655 2065 5733 ‘MAuriteguli,
2170 5655 2378 5711 moneta
2400 5655 2631 5727 signata.
2662 5655 2797 5713 Vide
2824 5655 3091 5730 Ducangii
3124 5657 3308 5716 Gloss.
3337 5659 3517 5716 Grmc.

507 5727 602 5790 qui
626 5726 872 5778 conchas
920 5739 1015 5778 seu
1053 5737 1349 5794 purpuram
1384 5726 1717 5794 conquirunt
1748 5730 1803 5778 ct
1849 5726 2067 5791 piscan-

2241 5585 2354 5656 (56)
2409 5585 2717 5657 Χάραγμαᾼν
2758 5586 2963 5657 Graecis
3017 5588 3439 5646 recentioribus.
3504 5591 3746 5646 Pecunia
3850 5616 3879 5631 κ
