  <div class='ocr_page' id='page_1' title='image "/cluster/home/n/w/nwhite01/storage/ocr_20150623/113:no.2/coo.31924054870179/210.png"; bbox 0 0 4050 6466; ppageno 0'>
   <div class='ocr_carea' id='block_1_1' title="bbox 309 280 437 389">
    <p class='ocr_par' dir='ltr' id='par_1_1' title="bbox 309 280 437 389">
     <span class='ocr_line' id='line_1_1' title="bbox 309 280 437 389; baseline -0.023 -25"><span class='ocrx_word' id='word_1_1' title='bbox 309 280 437 389; x_wconf 53' lang='grc' dir='ltr'><strong>σοι</strong></span> 
     </span>
    </p>
   </div>
   <div class='ocr_carea' id='block_1_2' title="bbox 1399 264 2558 355">
    <p class='ocr_par' dir='ltr' id='par_1_2' title="bbox 1399 264 2558 355">
     <span class='ocr_line' id='line_1_2' title="bbox 1399 264 2558 355; baseline -0.009 -5"><span class='ocrx_word' id='word_1_2' title='bbox 1399 264 1499 350; x_wconf 72' lang='lat' dir='ltr'><strong>ne</strong></span> <span class='ocrx_word' id='word_1_3' title='bbox 1540 280 2179 347; x_wconf 71' lang='lat' dir='ltr'><strong>ADNIINISTRANDO</strong></span> <span class='ocrx_word' id='word_1_4' title='bbox 2214 280 2558 355; x_wconf 72' lang='lat' dir='ltr'><strong>IMPER10.</strong></span> 
     </span>
    </p>
   </div>
   <div class='ocr_carea' id='block_1_3' title="bbox 3478 278 3586 341">
    <p class='ocr_par' dir='ltr' id='par_1_3' title="bbox 3478 278 3586 341">
     <span class='ocr_line' id='line_1_3' title="bbox 3478 278 3586 341; baseline 0 0"><span class='ocrx_word' id='word_1_5' title='bbox 3478 278 3586 341; x_wconf 81' lang='lat'><strong>398</strong></span> 
     </span>
    </p>
   </div>
   <div class='ocr_carea' id='block_1_4' title="bbox 311 391 1937 475">
    <p class='ocr_par' dir='ltr' id='par_1_4' title="bbox 311 395 1937 474">
     <span class='ocr_line' id='line_1_4' title="bbox 311 395 1937 474; baseline -0.012 -7"><span class='ocrx_word' id='word_1_6' title='bbox 311 415 462 470; x_wconf 83' lang='grc' dir='ltr'><strong>σθαι.</strong></span> <span class='ocrx_word' id='word_1_7' title='bbox 483 411 629 470; x_wconf 76' lang='grc' dir='ltr'><strong>ὅπως</strong></span> <span class='ocrx_word' id='word_1_8' title='bbox 657 403 833 459; x_wconf 71' lang='grc' dir='ltr'><strong>ταῦτα</strong></span> <span class='ocrx_word' id='word_1_9' title='bbox 860 403 1103 468; x_wconf 84' lang='grc' dir='ltr'><strong>ἀκούσας</strong></span> <span class='ocrx_word' id='word_1_10' title='bbox 1123 404 1154 456; x_wconf 85' lang='grc' dir='ltr'><strong>ὁ</strong></span> <span class='ocrx_word' id='word_1_11' title='bbox 1179 402 1538 474; x_wconf 75' lang='grc' dir='ltr'><strong>Σαυρομάτας</strong></span> <span class='ocrx_word' id='word_1_12' title='bbox 1573 395 1891 469; x_wconf 73' lang='grc' dir='ltr'><strong>ὑποστρέψῃ</strong></span> <span class='ocrx_word' id='word_1_13' title='bbox 1921 414 1937 465; x_wconf 61' lang='grc' dir='ltr'><em>Α</em></span> 
     </span>
    </p>
   </div>
   <div class='ocr_carea' id='block_1_5' title="bbox 2039 391 3587 475">
    <p class='ocr_par' dir='ltr' id='par_1_5' title="bbox 2039 391 3587 475">
     <span class='ocr_line' id='line_1_5' title="bbox 2039 391 3587 475; baseline 0.004 -30"><span class='ocrx_word' id='word_1_14' title='bbox 2039 410 2123 448; x_wconf 91' lang='lat' dir='ltr'><strong>um</strong></span> <span class='ocrx_word' id='word_1_15' title='bbox 2149 393 2428 460; x_wconf 91' lang='lat' dir='ltr'><strong>incitaret,</strong></span> <span class='ocrx_word' id='word_1_16' title='bbox 2462 401 2522 448; x_wconf 89' lang='lat' dir='ltr'><strong>ut</strong></span> <span class='ocrx_word' id='word_1_17' title='bbox 2548 406 2766 449; x_wconf 82' lang='lat' dir='ltr'><strong>eversas</strong></span> <span class='ocrx_word' id='word_1_18' title='bbox 2787 393 3032 463; x_wconf 88' lang='lat' dir='ltr'><strong>ipsorum</strong></span> <span class='ocrx_word' id='word_1_19' title='bbox 3068 391 3301 475; x_wconf 84' lang='lat' dir='ltr'><strong>familias</strong></span> <span class='ocrx_word' id='word_1_20' title='bbox 3335 393 3587 451; x_wconf 88' lang='lat' dir='ltr'><strong>Sarmata</strong></span> 
     </span>
    </p>
   </div>
   <div class='ocr_carea' id='block_1_6' title="bbox 307 488 1894 568">
    <p class='ocr_par' dir='ltr' id='par_1_6' title="bbox 307 488 1894 568">
     <span class='ocr_line' id='line_1_6' title="bbox 307 488 1894 568; baseline -0.012 -9"><span class='ocrx_word' id='word_1_21' title='bbox 307 510 373 559; x_wconf 66' lang='grc' dir='ltr'><strong>ἐκ</strong></span> <span class='ocrx_word' id='word_1_22' title='bbox 405 502 499 557; x_wconf 75' lang='grc' dir='ltr'><strong>τοῦ</strong></span> <span class='ocrx_word' id='word_1_23' title='bbox 529 498 772 568; x_wconf 79' lang='grc' dir='ltr'><strong>πολέμου</strong></span> <span class='ocrx_word' id='word_1_24' title='bbox 792 514 806 527; x_wconf 88' lang='grc'><strong>·</strong></span> <span class='ocrx_word' id='word_1_25' title='bbox 832 496 931 550; x_wconf 69' lang='grc' dir='ltr'><strong>καὶ</strong></span> <span class='ocrx_word' id='word_1_26' title='bbox 962 494 1134 550; x_wconf 83' lang='grc' dir='ltr'><strong>ταῦτα</strong></span> <span class='ocrx_word' id='word_1_27' title='bbox 1184 493 1402 566; x_wconf 77' lang='grc' dir='ltr'><strong>μηνύσῃ</strong></span> <span class='ocrx_word' id='word_1_28' title='bbox 1428 491 1506 563; x_wconf 77' lang='grc' dir='ltr'><strong>τῷ</strong></span> <span class='ocrx_word' id='word_1_29' title='bbox 1540 489 1768 561; x_wconf 80' lang='grc' dir='ltr'><strong>βασιλεῖ,</strong></span> <span class='ocrx_word' id='word_1_30' title='bbox 1810 488 1894 556; x_wconf 76' lang='grc' dir='ltr'><strong>ἐφ’</strong></span> 
     </span>
    </p>
   </div>
   <div class='ocr_carea' id='block_1_7' title="bbox 2005 483 3590 557">
    <p class='ocr_par' dir='ltr' id='par_1_7' title="bbox 2005 483 3590 557">
     <span class='ocr_line' id='line_1_7' title="bbox 2005 483 3590 557; baseline 0.004 -18"><span class='ocrx_word' id='word_1_31' title='bbox 2005 485 2244 541; x_wconf 88' lang='lat' dir='ltr'><strong>audiens</strong></span> <span class='ocrx_word' id='word_1_32' title='bbox 2277 500 2443 556; x_wconf 90' lang='lat' dir='ltr'><strong>quam</strong></span> <span class='ocrx_word' id='word_1_33' title='bbox 2478 485 2751 556; x_wconf 73' lang='lat' dir='ltr'><strong>ocyssime</strong></span> <span class='ocrx_word' id='word_1_34' title='bbox 2774 483 2931 557; x_wconf 68' lang='grc'><strong>145</strong></span> <span class='ocrx_word' id='word_1_35' title='bbox 2963 484 3030 540; x_wconf 89' lang='lat' dir='ltr'><strong>ab</strong></span> <span class='ocrx_word' id='word_1_36' title='bbox 3062 486 3228 540; x_wconf 85' lang='lat' dir='ltr'><strong>armis</strong></span> <span class='ocrx_word' id='word_1_37' title='bbox 3255 487 3590 546; x_wconf 75' lang='lat' dir='ltr'><strong>discederet‘.</strong></span> 
     </span>
    </p>
   </div>
   <div class='ocr_carea' id='block_1_8' title="bbox 306 576 3589 666">
    <p class='ocr_par' dir='ltr' id='par_1_8' title="bbox 306 576 3589 666">
     <span class='ocr_line' id='line_1_8' title="bbox 306 576 3589 666; baseline -0.008 -17"><span class='ocrx_word' id='word_1_38' title='bbox 306 591 354 666; x_wconf 79' lang='grc' dir='ltr'><strong>ᾧ</strong></span> <span class='ocrx_word' id='word_1_39' title='bbox 384 612 446 649; x_wconf 83' lang='grc' dir='ltr'><strong>τε</strong></span> <span class='ocrx_word' id='word_1_40' title='bbox 471 590 763 649; x_wconf 83' lang='grc' dir='ltr'><strong>ἀπέστειλε</strong></span> <span class='ocrx_word' id='word_1_41' title='bbox 800 587 945 641; x_wconf 83' lang='grc' dir='ltr'><strong>κατὰ</strong></span> <span class='ocrx_word' id='word_1_42' title='bbox 983 588 1092 640; x_wconf 89' lang='grc' dir='ltr'><strong>τῶν</strong></span> <span class='ocrx_word' id='word_1_43' title='bbox 1130 583 1514 657; x_wconf 83' lang='grc' dir='ltr'><strong>Χερσωνιτῶν,</strong></span> <span class='ocrx_word' id='word_1_44' title='bbox 1548 583 1643 637; x_wconf 74' lang='grc' dir='ltr'><strong>καὶ</strong></span> <span class='ocrx_word' id='word_1_45' title='bbox 1670 580 1894 644; x_wconf 75' lang='grc' dir='ltr'><strong>τούτους</strong></span> <span class='ocrx_word' id='word_1_46' title='bbox 1932 580 2180 650; x_wconf 79' lang='grc' dir='ltr'><strong>διήγειρε</strong></span> <span class='ocrx_word' id='word_1_47' title='bbox 2223 578 2368 631; x_wconf 78' lang='grc' dir='ltr'><strong>κατὰ</strong></span> <span class='ocrx_word' id='word_1_48' title='bbox 2392 577 2501 631; x_wconf 90' lang='grc' dir='ltr'><strong>τῶν</strong></span> <span class='ocrx_word' id='word_1_49' title='bbox 2528 576 2835 651; x_wconf 77' lang='grc' dir='ltr'><strong>Σαρματῶν</strong></span> <span class='ocrx_word' id='word_1_50' title='bbox 2876 577 2953 641; x_wconf 84' lang='grc' dir='ltr'><strong>ὡς</strong></span> <span class='ocrx_word' id='word_1_51' title='bbox 3029 578 3423 651; x_wconf 77' lang='grc' dir='ltr'><strong>πλησιοχώρων</strong></span> <span class='ocrx_word' id='word_1_52' title='bbox 3486 584 3589 636; x_wconf 61' lang='grc' dir='ltr'><strong>αὖ.</strong></span> 
     </span>
    </p>
   </div>
   <div class='ocr_carea' id='block_1_9' title="bbox 305 668 3378 750">
    <p class='ocr_par' dir='ltr' id='par_1_9' title="bbox 305 668 3378 750">
     <span class='ocr_line' id='line_1_9' title="bbox 305 668 3378 750; baseline -0.007 -7"><span class='ocrx_word' id='word_1_53' title='bbox 305 689 418 744; x_wconf 80' lang='grc' dir='ltr'><strong>τῶν</strong></span> <span class='ocrx_word' id='word_1_54' title='bbox 463 686 661 747; x_wconf 77' lang='grc' dir='ltr'><strong>ὄντων,</strong></span> <span class='ocrx_word' id='word_1_55' title='bbox 709 683 808 735; x_wconf 73' lang='grc' dir='ltr'><strong>καὶ</strong></span> <span class='ocrx_word' id='word_1_56' title='bbox 860 678 1173 750; x_wconf 82' lang='grc' dir='ltr'><strong>πολεμῆσαι</strong></span> <span class='ocrx_word' id='word_1_57' title='bbox 1228 679 1329 742; x_wconf 78' lang='grc' dir='ltr'><strong>τὰς</strong></span> <span class='ocrx_word' id='word_1_58' title='bbox 1380 674 1560 729; x_wconf 79' lang='grc' dir='ltr'><strong>αὐτῶν</strong></span> <span class='ocrx_word' id='word_1_59' title='bbox 1605 671 1897 744; x_wconf 77' lang='grc' dir='ltr'><strong>φαμιλίας,</strong></span> <span class='ocrx_word' id='word_1_60' title='bbox 1935 672 2073 744; x_wconf 82' lang='grc' dir='ltr'><strong>πρὸς</strong></span> <span class='ocrx_word' id='word_1_61' title='bbox 2103 674 2166 727; x_wconf 71' lang='grc' dir='ltr'><strong>τὸ</strong></span> <span class='ocrx_word' id='word_1_62' title='bbox 2193 673 2286 728; x_wconf 76' lang='grc' dir='ltr'><strong>τὸν</strong></span> <span class='ocrx_word' id='word_1_63' title='bbox 2333 670 2699 743; x_wconf 86' lang='grc' dir='ltr'><strong>Σαυρομάταν</strong></span> <span class='ocrx_word' id='word_1_64' title='bbox 2740 669 3052 725; x_wconf 83' lang='grc' dir='ltr'><strong>ἀκούσαντα</strong></span> <span class='ocrx_word' id='word_1_65' title='bbox 3115 668 3177 724; x_wconf 71' lang='grc' dir='ltr'><strong>τὸ</strong></span> <span class='ocrx_word' id='word_1_66' title='bbox 3217 670 3378 741; x_wconf 88' lang='grc' dir='ltr'><strong>τάχος</strong></span> 
     </span>
    </p>
   </div>
   <div class='ocr_carea' id='block_1_10' title="bbox 307 772 1064 853">
    <p class='ocr_par' dir='ltr' id='par_1_10' title="bbox 307 772 1064 853">
     <span class='ocr_line' id='line_1_10' title="bbox 307 772 1064 853; baseline -0.02 -14"><span class='ocrx_word' id='word_1_67' title='bbox 307 781 546 853; x_wconf 76' lang='grc' dir='ltr'><strong>στρέψαι</strong></span> <span class='ocrx_word' id='word_1_68' title='bbox 579 778 646 829; x_wconf 70' lang='grc' dir='ltr'><strong>ὲκ</strong></span> <span class='ocrx_word' id='word_1_69' title='bbox 671 773 769 828; x_wconf 75' lang='grc' dir='ltr'><strong>τοῦ</strong></span> <span class='ocrx_word' id='word_1_70' title='bbox 797 772 1064 842; x_wconf 84' lang='grc' dir='ltr'><strong>πολέμου.</strong></span> 
     </span>
    </p>
   </div>
   <div class='ocr_carea' id='block_1_11' title="bbox 390 859 1894 941">
    <p class='ocr_par' dir='ltr' id='par_1_11' title="bbox 390 859 1894 941">
     <span class='ocr_line' id='line_1_11' title="bbox 390 859 1894 941; baseline -0.013 -12"><span class='ocrx_word' id='word_1_71' title='bbox 390 875 454 928; x_wconf 85' lang='grc'><strong>’0</strong></span> <span class='ocrx_word' id='word_1_72' title='bbox 484 874 549 927; x_wconf 73' lang='grc' dir='ltr'>δὲ</span> <span class='ocrx_word' id='word_1_73' title='bbox 579 866 836 941; x_wconf 78' lang='grc' dir='ltr'><strong>βασιλεὺς</strong></span> <span class='ocrx_word' id='word_1_74' title='bbox 864 862 1248 933; x_wconf 80' lang='grc' dir='ltr'><strong>Διοκλητιανὸς</strong></span> <span class='ocrx_word' id='word_1_75' title='bbox 1280 859 1456 915; x_wconf 80' lang='grc' dir='ltr'><strong>ταῦτα</strong></span> <span class='ocrx_word' id='word_1_76' title='bbox 1483 859 1748 922; x_wconf 81' lang='grc' dir='ltr'><strong>ἀκούσας,</strong></span> <span class='ocrx_word' id='word_1_77' title='bbox 1782 860 1894 911; x_wconf 85' lang='grc' dir='ltr'><strong>άπ-</strong></span> 
     </span>
    </p>
   </div>
   <div class='ocr_carea' id='block_1_12' title="bbox 310 950 1901 1026">
    <p class='ocr_par' dir='ltr' id='par_1_12' title="bbox 310 950 1901 1026">
     <span class='ocr_line' id='line_1_12' title="bbox 310 950 1901 1026; baseline -0.014 -1"><span class='ocrx_word' id='word_1_78' title='bbox 310 966 581 1026; x_wconf 73' lang='grc' dir='ltr'><strong>έσταλειν</strong></span> <span class='ocrx_word' id='word_1_79' title='bbox 622 959 829 1023; x_wconf 80' lang='grc' dir='ltr'><strong>εὐθέως</strong></span> <span class='ocrx_word' id='word_1_80' title='bbox 858 956 1003 1010; x_wconf 83' lang='grc' dir='ltr'><strong>κατὰ</strong></span> <span class='ocrx_word' id='word_1_81' title='bbox 1043 955 1151 1009; x_wconf 86' lang='grc' dir='ltr'><strong>τῶν</strong></span> <span class='ocrx_word' id='word_1_82' title='bbox 1200 952 1561 1025; x_wconf 82' lang='grc' dir='ltr'><strong>Χερσωνιτῶν</strong></span> <span class='ocrx_word' id='word_1_83' title='bbox 1595 950 1901 1023; x_wconf 85' lang='grc' dir='ltr'><strong>προτρεπό-</strong></span> 
     </span>
    </p>
   </div>
   <div class='ocr_carea' id='block_1_13' title="bbox 313 1042 1907 1131">
    <p class='ocr_par' dir='ltr' id='par_1_13' title="bbox 313 1042 1907 1131">
     <span class='ocr_line' id='line_1_13' title="bbox 313 1042 1907 1131; baseline -0.013 -18"><span class='ocrx_word' id='word_1_84' title='bbox 313 1073 475 1131; x_wconf 85' lang='grc' dir='ltr'><strong>μενος</strong></span> <span class='ocrx_word' id='word_1_85' title='bbox 525 1054 892 1125; x_wconf 78' lang='grc' dir='ltr'><strong>συμμαχῆσαι</strong></span> <span class='ocrx_word' id='word_1_86' title='bbox 930 1046 1101 1117; x_wconf 81' lang='grc' dir='ltr'><strong>αὐτῷ,</strong></span> <span class='ocrx_word' id='word_1_87' title='bbox 1137 1046 1233 1100; x_wconf 72' lang='grc' dir='ltr'><strong>καὶ</strong></span> <span class='ocrx_word' id='word_1_88' title='bbox 1262 1044 1589 1108; x_wconf 82' lang='grc' dir='ltr'><strong>ἀπελθόντες</strong></span> <span class='ocrx_word' id='word_1_89' title='bbox 1639 1042 1737 1113; x_wconf 80' lang='grc' dir='ltr'><strong>τὴν</strong></span> <span class='ocrx_word' id='word_1_90' title='bbox 1770 1042 1907 1094; x_wconf 84' lang='grc' dir='ltr'><strong>Βοσ-</strong></span> 
     </span>
    </p>
   </div>
   <div class='ocr_carea' id='block_1_14' title="bbox 321 1132 1905 1221">
    <p class='ocr_par' dir='ltr' id='par_1_14' title="bbox 321 1132 1905 1221">
     <span class='ocr_line' id='line_1_14' title="bbox 321 1132 1905 1221; baseline -0.012 -18"><span class='ocrx_word' id='word_1_91' title='bbox 321 1146 607 1221; x_wconf 79' lang='grc' dir='ltr'><strong>ποριανῶν</strong></span> <span class='ocrx_word' id='word_1_92' title='bbox 676 1142 772 1196; x_wconf 74' lang='grc' dir='ltr'><strong>καὶ</strong></span> <span class='ocrx_word' id='word_1_93' title='bbox 816 1138 1124 1210; x_wconf 80' lang='grc' dir='ltr'><strong>Σαρματῶν</strong></span> <span class='ocrx_word' id='word_1_94' title='bbox 1167 1136 1351 1208; x_wconf 82' lang='grc' dir='ltr'><strong>χώραν</strong></span> <span class='ocrx_word' id='word_1_95' title='bbox 1408 1132 1768 1206; x_wconf 79' lang='grc' dir='ltr'><strong>ὲκπορθῆσαι,</strong></span> <span class='ocrx_word' id='word_1_96' title='bbox 1809 1132 1905 1185; x_wconf 79' lang='grc' dir='ltr'><strong>καὶ</strong></span> 
     </span>
    </p>
   </div>
   <div class='ocr_carea' id='block_1_15' title="bbox 314 1222 1909 1305">
    <p class='ocr_par' dir='ltr' id='par_1_15' title="bbox 314 1222 1909 1305">
     <span class='ocr_line' id='line_1_15' title="bbox 314 1222 1909 1305; baseline -0.015 -8"><span class='ocrx_word' id='word_1_97' title='bbox 314 1244 411 1305; x_wconf 78' lang='grc' dir='ltr'><strong>τὰς</strong></span> <span class='ocrx_word' id='word_1_98' title='bbox 432 1237 647 1294; x_wconf 88' lang='grc' dir='ltr'><strong>τούτων</strong></span> <span class='ocrx_word' id='word_1_99' title='bbox 675 1232 935 1304; x_wconf 83' lang='grc' dir='ltr'><strong>φαμιλίας</strong></span> <span class='ocrx_word' id='word_1_100' title='bbox 973 1228 1393 1300; x_wconf 76' lang='grc' dir='ltr'><strong>αἰχμαλωτίσαι.</strong></span> <span class='ocrx_word' id='word_1_101' title='bbox 1425 1222 1909 1296; x_wconf 77' lang='grc' dir='ltr'><strong>Στεφανηφοροῦν-</strong></span> 
     </span>
    </p>
   </div>
   <div class='ocr_carea' id='block_1_16' title="bbox 316 1315 1909 1400">
    <p class='ocr_par' dir='ltr' id='par_1_16' title="bbox 316 1315 1909 1400">
     <span class='ocr_line' id='line_1_16' title="bbox 316 1315 1909 1400; baseline -0.013 -12"><span class='ocrx_word' id='word_1_102' title='bbox 316 1353 407 1400; x_wconf 78' lang='grc' dir='ltr'><strong>τος</strong></span> <span class='ocrx_word' id='word_1_103' title='bbox 429 1334 489 1387; x_wconf 70' lang='grc' dir='ltr'>δὲ</span> <span class='ocrx_word' id='word_1_104' title='bbox 519 1331 644 1384; x_wconf 81' lang='grc' dir='ltr'><strong>τότε</strong></span> <span class='ocrx_word' id='word_1_105' title='bbox 675 1329 771 1382; x_wconf 70' lang='grc' dir='ltr'><strong>καὶ</strong></span> <span class='ocrx_word' id='word_1_106' title='bbox 805 1324 1178 1395; x_wconf 80' lang='grc' dir='ltr'><strong>πρωτεύοντος</strong></span> <span class='ocrx_word' id='word_1_107' title='bbox 1207 1321 1308 1391; x_wconf 81' lang='grc' dir='ltr'><strong>τῆς</strong></span> <span class='ocrx_word' id='word_1_108' title='bbox 1340 1318 1700 1391; x_wconf 84' lang='grc' dir='ltr'><strong>Χερσωνιτῶν</strong></span> <span class='ocrx_word' id='word_1_109' title='bbox 1722 1315 1909 1389; x_wconf 80' lang='grc' dir='ltr'><strong>χώρας</strong></span> 
     </span>
    </p>
   </div>
   <div class='ocr_carea' id='block_1_17' title="bbox 320 1408 1912 1498">
    <p class='ocr_par' dir='ltr' id='par_1_17' title="bbox 320 1408 1912 1498">
     <span class='ocr_line' id='line_1_17' title="bbox 320 1408 1912 1498; baseline -0.014 -16"><span class='ocrx_word' id='word_1_110' title='bbox 320 1427 575 1498; x_wconf 76' lang='grc' dir='ltr'><strong>Χρήστου</strong></span> <span class='ocrx_word' id='word_1_111' title='bbox 612 1420 708 1475; x_wconf 74' lang='grc' dir='ltr'><strong>τοῦ</strong></span> <span class='ocrx_word' id='word_1_112' title='bbox 747 1417 986 1481; x_wconf 78' lang='grc' dir='ltr'><strong>Παπίου,</strong></span> <span class='ocrx_word' id='word_1_113' title='bbox 1019 1416 1067 1468; x_wconf 86' lang='grc' dir='ltr'><strong>οἱ</strong></span> <span class='ocrx_word' id='word_1_114' title='bbox 1098 1414 1442 1483; x_wconf 87' lang='grc' dir='ltr'><strong>Χερσωνῖται</strong></span> <span class='ocrx_word' id='word_1_115' title='bbox 1470 1413 1584 1474; x_wconf 87' lang='grc' dir='ltr'><strong>τοῖς</strong></span> <span class='ocrx_word' id='word_1_116' title='bbox 1632 1409 1725 1462; x_wconf 77' lang='grc' dir='ltr'><strong>τοῦ</strong></span> <span class='ocrx_word' id='word_1_117' title='bbox 1756 1408 1912 1479; x_wconf 86' lang='grc' dir='ltr'><strong>βασι-</strong></span> 
     </span>
    </p>
   </div>
   <div class='ocr_carea' id='block_1_18' title="bbox 325 1500 1917 1587">
    <p class='ocr_par' dir='ltr' id='par_1_18' title="bbox 325 1500 1917 1587">
     <span class='ocr_line' id='line_1_18' title="bbox 325 1500 1917 1587; baseline -0.013 -14"><span class='ocrx_word' id='word_1_118' title='bbox 325 1519 463 1581; x_wconf 69' lang='grc' dir='ltr'><strong>λέως</strong></span> <span class='ocrx_word' id='word_1_119' title='bbox 493 1514 736 1587; x_wconf 70' lang='grc' dir='ltr'><strong>ῥήμασιν</strong></span> <span class='ocrx_word' id='word_1_120' title='bbox 784 1508 1040 1578; x_wconf 83' lang='grc' dir='ltr'><strong>ἁσμένως</strong></span> <span class='ocrx_word' id='word_1_121' title='bbox 1095 1502 1527 1566; x_wconf 84' lang='grc' dir='ltr'><strong>ὑπακούσαντες,</strong></span> <span class='ocrx_word' id='word_1_122' title='bbox 1558 1500 1917 1571; x_wconf 69' lang='grc' dir='ltr'><strong>ἐμηχανῶντο</strong></span> 
     </span>
    </p>
   </div>
   <div class='ocr_carea' id='block_1_19' title="bbox 333 1590 1912 1674">
    <p class='ocr_par' dir='ltr' id='par_1_19' title="bbox 333 1590 1912 1674">
     <span class='ocr_line' id='line_1_19' title="bbox 333 1590 1912 1674; baseline -0.014 -10"><span class='ocrx_word' id='word_1_123' title='bbox 333 1608 523 1664; x_wconf 69' lang='grc' dir='ltr'><strong>λοιπον</strong></span> <span class='ocrx_word' id='word_1_124' title='bbox 548 1604 680 1674; x_wconf 66' lang='grc' dir='ltr'><strong>ποίῳ</strong></span> <span class='ocrx_word' id='word_1_125' title='bbox 702 1600 894 1673; x_wconf 85' lang='grc' dir='ltr'><strong>τρόπῳ</strong></span> <span class='ocrx_word' id='word_1_126' title='bbox 919 1597 1198 1667; x_wconf 86' lang='grc' dir='ltr'>δυνηθεῖεν</span> <span class='ocrx_word' id='word_1_127' title='bbox 1217 1596 1317 1665; x_wconf 79' lang='grc' dir='ltr'><strong>τήν</strong></span> <span class='ocrx_word' id='word_1_128' title='bbox 1347 1611 1408 1647; x_wconf 91' lang='grc' dir='ltr'><strong>τε</strong></span> <span class='ocrx_word' id='word_1_129' title='bbox 1438 1592 1533 1647; x_wconf 79' lang='grc' dir='ltr'><strong>τοῦ</strong></span> <span class='ocrx_word' id='word_1_130' title='bbox 1557 1590 1912 1661; x_wconf 85' lang='grc' dir='ltr'><strong>Σαυρομάτου</strong></span> 
     </span>
    </p>
   </div>
   <div class='ocr_carea' id='block_1_20' title="bbox 347 1663 1989 1765">
    <p class='ocr_par' dir='ltr' id='par_1_20' title="bbox 347 1663 1989 1765">
     <span class='ocr_line' id='line_1_20' title="bbox 347 1663 1989 1765; baseline -0.012 -11"><span class='ocrx_word' id='word_1_131' title='bbox 347 1663 501 1754; x_wconf 64' lang='grc' dir='ltr'><strong>πᾶλιν</strong></span> <span class='ocrx_word' id='word_1_132' title='bbox 547 1663 816 1765; x_wconf 69' lang='grc' dir='ltr'><strong>Βόσπορον</strong></span> <span class='ocrx_word' id='word_1_133' title='bbox 865 1663 964 1745; x_wconf 72' lang='grc' dir='ltr'><strong>καὶ</strong></span> <span class='ocrx_word' id='word_1_134' title='bbox 1015 1663 1086 1742; x_wconf 78' lang='grc' dir='ltr'><strong>τὰ</strong></span> <span class='ocrx_word' id='word_1_135' title='bbox 1145 1683 1246 1759; x_wconf 77' lang='grc' dir='ltr'><strong>τῆς</strong></span> <span class='ocrx_word' id='word_1_136' title='bbox 1274 1663 1591 1748; x_wconf 71' lang='grc' dir='ltr'><strong>Μαιώτιδος</strong></span> <span class='ocrx_word' id='word_1_137' title='bbox 1626 1682 1916 1738; x_wconf 81' lang='grc' dir='ltr'><strong>καστέλλια</strong></span> <span class='ocrx_word' id='word_1_138' title='bbox 1947 1663 1989 1718; x_wconf 74' lang='grc' dir='ltr'><strong>Β</strong></span> 
     </span>
    </p>
   </div>
   <div class='ocr_carea' id='block_1_21' title="bbox 349 1771 1912 1862">
    <p class='ocr_par' dir='ltr' id='par_1_21' title="bbox 349 1771 1912 1862">
     <span class='ocr_line' id='line_1_21' title="bbox 349 1771 1912 1862; baseline -0.013 -18"><span class='ocrx_word' id='word_1_139' title='bbox 349 1787 691 1862; x_wconf 59' lang='grc' dir='ltr'><strong>παραλαβεῖν·</strong></span> <span class='ocrx_word' id='word_1_140' title='bbox 711 1786 807 1839; x_wconf 66' lang='grc' dir='ltr'><strong>καὶ</strong></span> <span class='ocrx_word' id='word_1_141' title='bbox 835 1780 1294 1852; x_wconf 82' lang='grc' dir='ltr'><strong>συναθροίσαντες</strong></span> <span class='ocrx_word' id='word_1_142' title='bbox 1315 1779 1442 1841; x_wconf 83' lang='grc' dir='ltr'><strong>τοὺς</strong></span> <span class='ocrx_word' id='word_1_143' title='bbox 1462 1777 1572 1830; x_wconf 87' lang='grc' dir='ltr'><strong>τῶν</strong></span> <span class='ocrx_word' id='word_1_144' title='bbox 1601 1771 1912 1845; x_wconf 84' lang='grc' dir='ltr'><strong>πλησιοχώ-</strong></span> 
     </span>
    </p>
   </div>
   <div class='ocr_carea' id='block_1_22' title="bbox 344 1864 1918 1951">
    <p class='ocr_par' dir='ltr' id='par_1_22' title="bbox 344 1864 1918 1951">
     <span class='ocr_line' id='line_1_22' title="bbox 344 1864 1918 1951; baseline -0.014 -14"><span class='ocrx_word' id='word_1_145' title='bbox 344 1897 447 1951; x_wconf 76' lang='grc' dir='ltr'><strong>ρων</strong></span> <span class='ocrx_word' id='word_1_146' title='bbox 476 1875 809 1933; x_wconf 72' lang='grc' dir='ltr'><strong>καστελλίων</strong></span> <span class='ocrx_word' id='word_1_147' title='bbox 862 1870 1083 1942; x_wconf 76' lang='grc' dir='ltr'><strong>ἄνδρας,</strong></span> <span class='ocrx_word' id='word_1_148' title='bbox 1121 1870 1219 1922; x_wconf 81' lang='grc' dir='ltr'><strong>καὶ</strong></span> <span class='ocrx_word' id='word_1_149' title='bbox 1263 1866 1778 1927; x_wconf 81' lang='grc' dir='ltr'><strong>κατασκευάσαντες</strong></span> <span class='ocrx_word' id='word_1_150' title='bbox 1819 1864 1918 1934; x_wconf 82' lang='grc' dir='ltr'><strong>ἆρ-</strong></span> 
     </span>
    </p>
   </div>
   <div class='ocr_carea' id='block_1_23' title="bbox 339 1957 1919 2046">
    <p class='ocr_par' dir='ltr' id='par_1_23' title="bbox 339 1957 1919 2046">
     <span class='ocr_line' id='line_1_23' title="bbox 339 1957 1919 2046; baseline -0.011 -19"><span class='ocrx_word' id='word_1_151' title='bbox 339 1990 480 2046; x_wconf 84' lang='grc' dir='ltr'><strong>ματα</strong></span> <span class='ocrx_word' id='word_1_152' title='bbox 513 1965 814 2039; x_wconf 70' lang='grc' dir='ltr'><strong>πολεμικὰ,</strong></span> <span class='ocrx_word' id='word_1_153' title='bbox 847 1964 944 2018; x_wconf 77' lang='grc' dir='ltr'><strong>καὶ</strong></span> <span class='ocrx_word' id='word_1_154' title='bbox 984 1963 1230 2025; x_wconf 77' lang='grc' dir='ltr'>ἐνθέντες</span> <span class='ocrx_word' id='word_1_155' title='bbox 1262 1962 1321 2015; x_wconf 81' lang='grc' dir='ltr'><strong>ὲν</strong></span> <span class='ocrx_word' id='word_1_156' title='bbox 1352 1961 1537 2023; x_wconf 74' lang='grc' dir='ltr'><strong>αὐτοῖς</strong></span> <span class='ocrx_word' id='word_1_157' title='bbox 1562 1959 1660 2022; x_wconf 74' lang='grc' dir='ltr'><strong>τὰς</strong></span> <span class='ocrx_word' id='word_1_158' title='bbox 1688 1957 1919 2028; x_wconf 84' lang='grc' dir='ltr'><strong>λεγομέ-</strong></span> 
     </span>
    </p>
   </div>
   <div class='ocr_carea' id='block_1_24' title="bbox 334 2048 1923 2136">
    <p class='ocr_par' dir='ltr' id='par_1_24' title="bbox 334 2048 1923 2136">
     <span class='ocr_line' id='line_1_24' title="bbox 334 2048 1923 2136; baseline -0.013 -17"><span class='ocrx_word' id='word_1_159' title='bbox 334 2083 429 2130; x_wconf 77' lang='grc' dir='ltr'><strong>νας</strong></span> <span class='ocrx_word' id='word_1_160' title='bbox 486 2060 945 2136; x_wconf 80' lang='grc' dir='ltr'><strong>χειροϐολίστρας</strong></span> <span class='ocrx_word' id='word_1_161' title='bbox 996 2055 1148 2126; x_wconf 75' lang='lat'><strong>(57),</strong></span> <span class='ocrx_word' id='word_1_162' title='bbox 1206 2052 1575 2124; x_wconf 82' lang='grc' dir='ltr'>παρεγένοντο</span> <span class='ocrx_word' id='word_1_163' title='bbox 1621 2051 1765 2104; x_wconf 78' lang='grc' dir='ltr'><strong>κατὰ</strong></span> <span class='ocrx_word' id='word_1_164' title='bbox 1822 2048 1923 2118; x_wconf 79' lang='grc' dir='ltr'><strong>τὴν</strong></span> 
     </span>
    </p>
   </div>
   <div class='ocr_carea' id='block_1_25' title="bbox 334 2142 1925 2225">
    <p class='ocr_par' dir='ltr' id='par_1_25' title="bbox 334 2142 1925 2225">
     <span class='ocr_line' id='line_1_25' title="bbox 334 2142 1925 2225; baseline -0.011 -14"><span class='ocrx_word' id='word_1_165' title='bbox 334 2151 721 2225; x_wconf 65' lang='grc' dir='ltr'><strong>Βοσπορανῶν</strong></span> <span class='ocrx_word' id='word_1_166' title='bbox 773 2148 946 2202; x_wconf 73' lang='grc' dir='ltr'><strong>πόλιν·</strong></span> <span class='ocrx_word' id='word_1_167' title='bbox 1002 2147 1097 2200; x_wconf 74' lang='grc' dir='ltr'><strong>καὶ</strong></span> <span class='ocrx_word' id='word_1_168' title='bbox 1162 2145 1494 2214; x_wconf 81' lang='grc' dir='ltr'><strong>ποιήσαντες</strong></span> <span class='ocrx_word' id='word_1_169' title='bbox 1552 2142 1925 2212; x_wconf 79' lang='grc' dir='ltr'><strong>ἐγκρύμματα</strong></span> 
     </span>
    </p>
   </div>
   <div class='ocr_carea' id='block_1_26' title="bbox 331 2236 1924 2318">
    <p class='ocr_par' dir='ltr' id='par_1_26' title="bbox 331 2236 1924 2318">
     <span class='ocr_line' id='line_1_26' title="bbox 331 2236 1924 2318; baseline -0.012 -14"><span class='ocrx_word' id='word_1_170' title='bbox 331 2249 417 2304; x_wconf 70' lang='grc' dir='ltr'><strong>διὰ</strong></span> <span class='ocrx_word' id='word_1_171' title='bbox 470 2246 578 2318; x_wconf 78' lang='grc' dir='ltr'><strong>τῆς</strong></span> <span class='ocrx_word' id='word_1_172' title='bbox 606 2243 804 2306; x_wconf 79' lang='grc' dir='ltr'><strong>νυκτὸς</strong></span> <span class='ocrx_word' id='word_1_173' title='bbox 843 2242 1106 2307; x_wconf 75' lang='grc' dir='ltr'><strong>ὀλίγιστοι</strong></span> <span class='ocrx_word' id='word_1_174' title='bbox 1143 2237 1430 2310; x_wconf 73' lang='grc' dir='ltr'><strong>προσῆψαν</strong></span> <span class='ocrx_word' id='word_1_175' title='bbox 1459 2236 1552 2289; x_wconf 80' lang='grc' dir='ltr'><strong>τὸν</strong></span> <span class='ocrx_word' id='word_1_176' title='bbox 1585 2236 1821 2303; x_wconf 84' lang='grc' dir='ltr'><strong>πόλεμον</strong></span> <span class='ocrx_word' id='word_1_177' title='bbox 1859 2236 1924 2303; x_wconf 87' lang='grc' dir='ltr'><strong>τῇ</strong></span> 
     </span>
    </p>
   </div>
   <div class='ocr_carea' id='block_1_27' title="bbox 330 2322 1926 2403">
    <p class='ocr_par' dir='ltr' id='par_1_27' title="bbox 330 2322 1926 2403">
     <span class='ocr_line' id='line_1_27' title="bbox 330 2322 1926 2403; baseline -0.011 -8"><span class='ocrx_word' id='word_1_178' title='bbox 330 2339 510 2402; x_wconf 52' lang='lat' dir='ltr'><strong>diu,</strong></span> <span class='ocrx_word' id='word_1_179' title='bbox 534 2334 631 2391; x_wconf 72' lang='grc' dir='ltr'><strong>καὶ</strong></span> <span class='ocrx_word' id='word_1_180' title='bbox 679 2331 1184 2403; x_wconf 75' lang='grc' dir='ltr'><strong>τειχομαχήσαντες</strong></span> <span class='ocrx_word' id='word_1_181' title='bbox 1249 2327 1357 2381; x_wconf 74' lang='grc' dir='ltr'><strong>ἀπὸ</strong></span> <span class='ocrx_word' id='word_1_182' title='bbox 1412 2326 1611 2398; x_wconf 80' lang='grc' dir='ltr'>ὖρθρου</span> <span class='ocrx_word' id='word_1_183' title='bbox 1634 2325 1741 2387; x_wconf 70' lang='grc' dir='ltr'><strong>ἕως</strong></span> <span class='ocrx_word' id='word_1_184' title='bbox 1778 2322 1926 2395; x_wconf 83' lang='grc' dir='ltr'><strong>ὥρας</strong></span> 
     </span>
    </p>
   </div>
   <div class='ocr_carea' id='block_1_28' title="bbox 329 2414 1929 2503">
    <p class='ocr_par' dir='ltr' id='par_1_28' title="bbox 329 2414 1929 2503">
     <span class='ocr_line' id='line_1_28' title="bbox 329 2414 1929 2503; baseline -0.012 -18"><span class='ocrx_word' id='word_1_185' title='bbox 329 2431 527 2503; x_wconf 67' lang='grc' dir='ltr'><strong>τρίτης</strong></span> <span class='ocrx_word' id='word_1_186' title='bbox 586 2426 964 2496; x_wconf 77' lang='grc' dir='ltr'><strong>έτεκμήραντο</strong></span> <span class='ocrx_word' id='word_1_187' title='bbox 1020 2419 1112 2473; x_wconf 74' lang='grc' dir='ltr'><strong>τοῦ</strong></span> <span class='ocrx_word' id='word_1_188' title='bbox 1178 2420 1390 2488; x_wconf 79' lang='grc' dir='ltr'>φυγεῖν,</span> <span class='ocrx_word' id='word_1_189' title='bbox 1430 2415 1505 2487; x_wconf 88' lang='grc' dir='ltr'><strong>μὴ</strong></span> <span class='ocrx_word' id='word_1_190' title='bbox 1537 2414 1929 2487; x_wconf 62' lang='grc' dir='ltr'><strong>προσδέξαντες</strong></span> 
     </span>
    </p>
   </div>
   <div class='ocr_carea' id='block_1_29' title="bbox 335 2506 1928 2591">
    <p class='ocr_par' dir='ltr' id='par_1_29' title="bbox 335 2506 1928 2591">
     <span class='ocr_line' id='line_1_29' title="bbox 335 2506 1928 2591; baseline -0.013 -14"><span class='ocrx_word' id='word_1_191' title='bbox 335 2524 442 2586; x_wconf 72' lang='grc' dir='ltr'><strong>τὰς</strong></span> <span class='ocrx_word' id='word_1_192' title='bbox 470 2522 532 2574; x_wconf 68' lang='grc' dir='ltr'><strong>ἔν</strong></span> <span class='ocrx_word' id='word_1_193' title='bbox 562 2521 678 2581; x_wconf 85' lang='grc' dir='ltr'><strong>τοῖς</strong></span> <span class='ocrx_word' id='word_1_194' title='bbox 705 2509 1444 2591; x_wconf 37' lang='grc' dir='ltr'><strong>ἆρμασικατεσ-κευασμένας</strong></span> <span class='ocrx_word' id='word_1_195' title='bbox 1467 2506 1928 2580; x_wconf 77' lang='grc' dir='ltr'><strong>χειροϐολίστραςο</strong></span> 
     </span>
    </p>
   </div>
   <div class='ocr_carea' id='block_1_30' title="bbox 330 2597 1931 2682">
    <p class='ocr_par' dir='ltr' id='par_1_30' title="bbox 330 2597 1931 2682">
     <span class='ocr_line' id='line_1_30' title="bbox 330 2597 1931 2682; baseline -0.013 -12"><span class='ocrx_word' id='word_1_196' title='bbox 330 2615 433 2669; x_wconf 75' lang='grc' dir='ltr'><strong>καὶ</strong></span> <span class='ocrx_word' id='word_1_197' title='bbox 459 2612 529 2682; x_wconf 74' lang='grc' dir='ltr'>δὴ</span> <span class='ocrx_word' id='word_1_198' title='bbox 557 2608 671 2662; x_wconf 85' lang='grc' dir='ltr'><strong>τῶν</strong></span> <span class='ocrx_word' id='word_1_199' title='bbox 724 2609 785 2660; x_wconf 73' lang='grc' dir='ltr'><strong>ἐν</strong></span> <span class='ocrx_word' id='word_1_200' title='bbox 819 2607 885 2675; x_wconf 81' lang='grc' dir='ltr'><strong>τῇ</strong></span> <span class='ocrx_word' id='word_1_201' title='bbox 937 2602 1198 2671; x_wconf 77' lang='grc' dir='ltr'><strong>Βοσπόρῳ</strong></span> <span class='ocrx_word' id='word_1_202' title='bbox 1235 2599 1576 2670; x_wconf 75' lang='grc' dir='ltr'><strong>νομισάντων</strong></span> <span class='ocrx_word' id='word_1_203' title='bbox 1605 2597 1679 2662; x_wconf 83' lang='grc' dir='ltr'><strong>ὡς</strong></span> <span class='ocrx_word' id='word_1_204' title='bbox 1718 2597 1784 2651; x_wconf 83' lang='grc' dir='ltr'><strong>δι’</strong></span> <span class='ocrx_word' id='word_1_205' title='bbox 1819 2597 1931 2650; x_wconf 86' lang='grc' dir='ltr'><strong>ὀλι-</strong></span> 
     </span>
    </p>
   </div>
   <div class='ocr_carea' id='block_1_31' title="bbox 329 2689 1934 2775">
    <p class='ocr_par' dir='ltr' id='par_1_31' title="bbox 329 2689 1934 2775">
     <span class='ocr_line' id='line_1_31' title="bbox 329 2689 1934 2775; baseline -0.011 -17"><span class='ocrx_word' id='word_1_206' title='bbox 329 2705 544 2775; x_wconf 79' lang='grc' dir='ltr'><strong>γότητα</strong></span> <span class='ocrx_word' id='word_1_207' title='bbox 566 2696 912 2771; x_wconf 72' lang='grc' dir='ltr'><strong>ἡττημένους</strong></span> <span class='ocrx_word' id='word_1_208' title='bbox 949 2692 1172 2762; x_wconf 69' lang='grc' dir='ltr'><strong>φεύγειν</strong></span> <span class='ocrx_word' id='word_1_209' title='bbox 1202 2691 1327 2755; x_wconf 81' lang='grc' dir='ltr'><strong>τοὺς</strong></span> <span class='ocrx_word' id='word_1_210' title='bbox 1363 2689 1735 2761; x_wconf 85' lang='grc' dir='ltr'><strong>Χερσωνίτας,</strong></span> <span class='ocrx_word' id='word_1_211' title='bbox 1762 2706 1934 2742; x_wconf 87' lang='grc' dir='ltr'><strong>κατα-</strong></span> 
     </span>
    </p>
   </div>
   <div class='ocr_carea' id='block_1_32' title="bbox 332 2780 1932 2867">
    <p class='ocr_par' dir='ltr' id='par_1_32' title="bbox 332 2780 1932 2867">
     <span class='ocr_line' id='line_1_32' title="bbox 332 2780 1932 2867; baseline -0.008 -17"><span class='ocrx_word' id='word_1_212' title='bbox 332 2793 728 2867; x_wconf 72' lang='grc' dir='ltr'><strong>θαῤῥήσαντες</strong></span> <span class='ocrx_word' id='word_1_213' title='bbox 774 2785 1009 2848; x_wconf 73' lang='grc' dir='ltr'><strong>ἑαυτῶν,</strong></span> <span class='ocrx_word' id='word_1_214' title='bbox 1068 2784 1297 2855; x_wconf 77' lang='grc' dir='ltr'><strong>ἐξῄεσαν</strong></span> <span class='ocrx_word' id='word_1_215' title='bbox 1334 2782 1471 2853; x_wconf 74' lang='grc' dir='ltr'><strong>πρὸς</strong></span> <span class='ocrx_word' id='word_1_216' title='bbox 1515 2782 1699 2848; x_wconf 75' lang='grc' dir='ltr'><strong>δίωξιν</strong></span> <span class='ocrx_word' id='word_1_217' title='bbox 1727 2780 1932 2837; x_wconf 75' lang='grc' dir='ltr'><strong>αὐτῶν.</strong></span> 
     </span>
    </p>
   </div>
   <div class='ocr_carea' id='block_1_33' title="bbox 333 2871 1938 2952">
    <p class='ocr_par' dir='ltr' id='par_1_33' title="bbox 333 2871 1938 2952">
     <span class='ocr_line' id='line_1_33' title="bbox 333 2871 1938 2952; baseline -0.011 -11"><span class='ocrx_word' id='word_1_218' title='bbox 333 2888 397 2941; x_wconf 85' lang='grc' dir='ltr'><strong>οι</strong></span> <span class='ocrx_word' id='word_1_219' title='bbox 424 2884 485 2937; x_wconf 64' lang='grc' dir='ltr'>δὲ</span> <span class='ocrx_word' id='word_1_220' title='bbox 540 2879 887 2952; x_wconf 83' lang='grc' dir='ltr'><strong>Χερσωνῖται</strong></span> <span class='ocrx_word' id='word_1_221' title='bbox 915 2875 1015 2946; x_wconf 77' lang='grc' dir='ltr'><strong>ἡρέ</strong></span> <span class='ocrx_word' id='word_1_222' title='bbox 1027 2893 1123 2945; x_wconf 85' lang='grc' dir='ltr'><strong>μα,</strong></span> <span class='ocrx_word' id='word_1_223' title='bbox 1156 2876 1307 2944; x_wconf 63' lang='grc' dir='ltr'><strong>φησι,</strong></span> <span class='ocrx_word' id='word_1_224' title='bbox 1338 2871 1650 2944; x_wconf 77' lang='grc' dir='ltr'><strong>φεύγοντες,</strong></span> <span class='ocrx_word' id='word_1_225' title='bbox 1676 2876 1794 2937; x_wconf 77' lang='grc' dir='ltr'><strong>ταῖς</strong></span> <span class='ocrx_word' id='word_1_226' title='bbox 1823 2889 1938 2942; x_wconf 77' lang='grc' dir='ltr'><strong>χειο</strong></span> 
     </span>
    </p>
   </div>
   <div class='ocr_carea' id='block_1_34' title="bbox 3462 670 3591 728">
    <p class='ocr_par' dir='ltr' id='par_1_34' title="bbox 3462 670 3591 728">
     <span class='ocr_line' id='line_1_34' title="bbox 3462 670 3591 728; baseline -0.039 -5"><span class='ocrx_word' id='word_1_227' title='bbox 3462 670 3591 728; x_wconf 83' lang='grc' dir='ltr'><strong>ὑπο.</strong></span> 
     </span>
    </p>
   </div>
   <div class='ocr_carea' id='block_1_35' title="bbox 2075 856 3593 930">
    <p class='ocr_par' dir='ltr' id='par_1_35' title="bbox 2075 856 3593 930">
     <span class='ocr_line' id='line_1_35' title="bbox 2075 856 3593 930; baseline 0.001 -17"><span class='ocrx_word' id='word_1_228' title='bbox 2075 858 2232 925; x_wconf 84' lang='lat' dir='ltr'><strong>Quod</strong></span> <span class='ocrx_word' id='word_1_229' title='bbox 2263 873 2388 913; x_wconf 90' lang='lat' dir='ltr'><strong>cum</strong></span> <span class='ocrx_word' id='word_1_230' title='bbox 2413 857 2481 913; x_wconf 90' lang='lat' dir='ltr'><strong>ad</strong></span> <span class='ocrx_word' id='word_1_231' title='bbox 2515 856 3322 930; x_wconf 80' lang='lat' dir='ltr'><strong>Diocletianum&#39;imperatorem</strong></span> <span class='ocrx_word' id='word_1_232' title='bbox 3351 860 3593 916; x_wconf 88' lang='lat' dir='ltr'><strong>delatum</strong></span> 
     </span>
    </p>
   </div>
   <div class='ocr_carea' id='block_1_36' title="bbox 2005 947 3596 1016">
    <p class='ocr_par' dir='ltr' id='par_1_36' title="bbox 2005 947 3596 1016">
     <span class='ocr_line' id='line_1_36' title="bbox 2005 947 3596 1016; baseline -0.001 -10"><span class='ocrx_word' id='word_1_233' title='bbox 2005 957 2175 1016; x_wconf 87' lang='lat' dir='ltr'><strong>esset,</strong></span> <span class='ocrx_word' id='word_1_234' title='bbox 2202 947 2488 1005; x_wconf 89' lang='lat' dir='ltr'><strong>confestim</strong></span> <span class='ocrx_word' id='word_1_235' title='bbox 2503 947 2570 1003; x_wconf 89' lang='lat' dir='ltr'><strong>ad</strong></span> <span class='ocrx_word' id='word_1_236' title='bbox 2601 947 2955 1004; x_wconf 87' lang='lat' dir='ltr'><strong>Chersonitas</strong></span> <span class='ocrx_word' id='word_1_237' title='bbox 2983 948 3148 1011; x_wconf 84' lang='lat' dir='ltr'><strong>misit.</strong></span> <span class='ocrx_word' id='word_1_238' title='bbox 3173 958 3233 1004; x_wconf 93' lang='lat' dir='ltr'><strong>ut</strong></span> <span class='ocrx_word' id='word_1_239' title='bbox 3258 951 3596 1007; x_wconf 78' lang='lat' dir='ltr'><strong>auxiliarcu-</strong></span> 
     </span>
    </p>
   </div>
   <div class='ocr_carea' id='block_1_37' title="bbox 2010 1039 3600 1113">
    <p class='ocr_par' dir='ltr' id='par_1_37' title="bbox 2010 1039 3600 1113">
     <span class='ocr_line' id='line_1_37' title="bbox 2010 1039 3600 1113; baseline 0.001 -16"><span class='ocrx_word' id='word_1_240' title='bbox 2010 1050 2103 1097; x_wconf 91' lang='lat' dir='ltr'><strong>tur</strong></span> <span class='ocrx_word' id='word_1_241' title='bbox 2134 1043 2242 1098; x_wconf 87' lang='lat' dir='ltr'><strong>sibi</strong></span> <span class='ocrx_word' id='word_1_242' title='bbox 2275 1050 2485 1111; x_wconf 85' lang='lat' dir='ltr'><strong>petens,</strong></span> <span class='ocrx_word' id='word_1_243' title='bbox 2535 1050 2590 1095; x_wconf 88' lang='lat' dir='ltr'><strong>et</strong></span> <span class='ocrx_word' id='word_1_244' title='bbox 2623 1039 3082 1111; x_wconf 88' lang='lat' dir='ltr'><strong>Bosporianorum</strong></span> <span class='ocrx_word' id='word_1_245' title='bbox 3108 1040 3600 1113; x_wconf 82' lang='lat' dir='ltr'><strong>Sarmatarumque</strong></span> 
     </span>
    </p>
   </div>
   <div class='ocr_carea' id='block_1_38' title="bbox 2015 1128 3597 1199">
    <p class='ocr_par' dir='ltr' id='par_1_38' title="bbox 2015 1128 3597 1199">
     <span class='ocr_line' id='line_1_38' title="bbox 2015 1128 3597 1199; baseline 0 -13"><span class='ocrx_word' id='word_1_246' title='bbox 2015 1130 2255 1186; x_wconf 78' lang='lat' dir='ltr'><strong>familias</strong></span> <span class='ocrx_word' id='word_1_247' title='bbox 2289 1128 2554 1194; x_wconf 81' lang='lat' dir='ltr'><strong>delerent,</strong></span> <span class='ocrx_word' id='word_1_248' title='bbox 2584 1143 2649 1183; x_wconf 88' lang='lat' dir='ltr'><strong>ac</strong></span> <span class='ocrx_word' id='word_1_249' title='bbox 2676 1128 3039 1199; x_wconf 87' lang='lat' dir='ltr'><strong>subjugarent</strong></span> <span class='ocrx_word' id='word_1_250' title='bbox 3085 1128 3427 1186; x_wconf 68' lang='lat' dir='ltr'><strong>Cbersonitzc</strong></span> <span class='ocrx_word' id='word_1_251' title='bbox 3448 1148 3597 1198; x_wconf 84' lang='lat' dir='ltr'><strong>vero,</strong></span> 
     </span>
    </p>
   </div>
   <div class='ocr_carea' id='block_1_39' title="bbox 2015 1221 3599 1292">
    <p class='ocr_par' dir='ltr' id='par_1_39' title="bbox 2015 1221 3599 1292">
     <span class='ocr_line' id='line_1_39' title="bbox 2015 1221 3599 1292; baseline 0.002 -15"><span class='ocrx_word' id='word_1_252' title='bbox 2015 1222 2108 1292; x_wconf 85' lang='lat' dir='ltr'><strong>qui</strong></span> <span class='ocrx_word' id='word_1_253' title='bbox 2148 1230 2277 1277; x_wconf 91' lang='lat' dir='ltr'><strong>tunc</strong></span> <span class='ocrx_word' id='word_1_254' title='bbox 2297 1221 2555 1291; x_wconf 76' lang='lat' dir='ltr'><strong>temporis</strong></span> <span class='ocrx_word' id='word_1_255' title='bbox 2588 1228 2972 1292; x_wconf 85' lang='lat' dir='ltr'><strong>proteuuntem</strong></span> <span class='ocrx_word' id='word_1_256' title='bbox 3005 1221 3279 1278; x_wconf 84' lang='lat' dir='ltr'><strong>habebant</strong></span> <span class='ocrx_word' id='word_1_257' title='bbox 3304 1223 3599 1281; x_wconf 88' lang='lat' dir='ltr'><strong>Chrcstum</strong></span> 
     </span>
    </p>
   </div>
   <div class='ocr_carea' id='block_1_40' title="bbox 2009 1316 3599 1390">
    <p class='ocr_par' dir='ltr' id='par_1_40' title="bbox 2009 1316 3599 1390">
     <span class='ocr_line' id='line_1_40' title="bbox 2009 1316 3599 1390; baseline -0.001 -17"><span class='ocrx_word' id='word_1_258' title='bbox 2009 1317 2190 1390; x_wconf 69' lang='lat' dir='ltr'><strong>Papiae</strong></span> <span class='ocrx_word' id='word_1_259' title='bbox 2232 1318 2429 1384; x_wconf 85' lang='lat' dir='ltr'><strong>filium,</strong></span> <span class='ocrx_word' id='word_1_260' title='bbox 2466 1316 2825 1387; x_wconf 85' lang='lat' dir='ltr'><strong>imperatoris</strong></span> <span class='ocrx_word' id='word_1_261' title='bbox 2848 1318 3108 1388; x_wconf 81' lang='lat' dir='ltr'><strong>petitione</strong></span> <span class='ocrx_word' id='word_1_262' title='bbox 3137 1318 3371 1389; x_wconf 77' lang='lat' dir='ltr'><strong>benigne</strong></span> <span class='ocrx_word' id='word_1_263' title='bbox 3392 1320 3599 1385; x_wconf 85' lang='lat' dir='ltr'><strong>audita,</strong></span> 
     </span>
    </p>
   </div>
   <div class='ocr_carea' id='block_1_41' title="bbox 2010 1407 3603 1481">
    <p class='ocr_par' dir='ltr' id='par_1_41' title="bbox 2010 1407 3603 1481">
     <span class='ocr_line' id='line_1_41' title="bbox 2010 1407 3603 1481; baseline 0 -16"><span class='ocrx_word' id='word_1_264' title='bbox 2010 1409 2079 1465; x_wconf 91' lang='lat' dir='ltr'><strong>de</strong></span> <span class='ocrx_word' id='word_1_265' title='bbox 2132 1407 2395 1479; x_wconf 86' lang='lat' dir='ltr'><strong>capienda</strong></span> <span class='ocrx_word' id='word_1_266' title='bbox 2482 1407 2935 1463; x_wconf 85' lang='lat' dir='ltr'><strong>Sauromatarum</strong></span> <span class='ocrx_word' id='word_1_267' title='bbox 3020 1408 3156 1464; x_wconf 89' lang='lat' dir='ltr'><strong>urbe</strong></span> <span class='ocrx_word' id='word_1_268' title='bbox 3220 1408 3484 1481; x_wconf 84' lang='lat' dir='ltr'><strong>Bosporo,</strong></span> <span class='ocrx_word' id='word_1_269' title='bbox 3536 1426 3603 1466; x_wconf 91' lang='lat' dir='ltr'><strong>ac</strong></span> 
     </span>
    </p>
   </div>
   <div class='ocr_carea' id='block_1_42' title="bbox 2012 1497 3603 1573">
    <p class='ocr_par' dir='ltr' id='par_1_42' title="bbox 2012 1497 3603 1573">
     <span class='ocr_line' id='line_1_42' title="bbox 2012 1497 3603 1573; baseline 0 -15"><span class='ocrx_word' id='word_1_270' title='bbox 2012 1500 2354 1571; x_wconf 87' lang='lat' dir='ltr'><strong>occupandis</strong></span> <span class='ocrx_word' id='word_1_271' title='bbox 2413 1497 2683 1556; x_wconf 81' lang='lat' dir='ltr'><strong>Maeotidis</strong></span> <span class='ocrx_word' id='word_1_272' title='bbox 2731 1501 2950 1571; x_wconf 86' lang='lat' dir='ltr'><strong>paludis</strong></span> <span class='ocrx_word' id='word_1_273' title='bbox 3026 1500 3247 1573; x_wconf 84' lang='lat' dir='ltr'><strong>Oppidis</strong></span> <span class='ocrx_word' id='word_1_274' title='bbox 3302 1503 3603 1559; x_wconf 85' lang='lat' dir='ltr'><strong>consilium</strong></span> 
     </span>
    </p>
   </div>
   <div class='ocr_carea' id='block_1_43' title="bbox 2017 1592 3601 1665">
    <p class='ocr_par' dir='ltr' id='par_1_43' title="bbox 2017 1592 3601 1665">
     <span class='ocr_line' id='line_1_43' title="bbox 2017 1592 3601 1665; baseline 0.003 -20"><span class='ocrx_word' id='word_1_275' title='bbox 2017 1600 2306 1665; x_wconf 75' lang='lat' dir='ltr'><strong>ceperunt,</strong></span> <span class='ocrx_word' id='word_1_276' title='bbox 2344 1593 2685 1662; x_wconf 87' lang='lat' dir='ltr'><strong>collectaque</strong></span> <span class='ocrx_word' id='word_1_277' title='bbox 2720 1607 2750 1646; x_wconf 90' lang='lat' dir='ltr'><strong>a</strong></span> <span class='ocrx_word' id='word_1_278' title='bbox 2814 1592 3061 1649; x_wconf 84' lang='lat' dir='ltr'><strong>finitimis</strong></span> <span class='ocrx_word' id='word_1_279' title='bbox 3118 1594 3341 1664; x_wconf 83' lang='lat' dir='ltr'><strong>oppidis</strong></span> <span class='ocrx_word' id='word_1_280' title='bbox 3412 1611 3601 1661; x_wconf 89' lang='lat' dir='ltr'><strong>manu,</strong></span> 
     </span>
    </p>
   </div>
   <div class='ocr_carea' id='block_1_44' title="bbox 2019 1682 3604 1757">
    <p class='ocr_par' dir='ltr' id='par_1_44' title="bbox 2019 1682 3604 1757">
     <span class='ocr_line' id='line_1_44' title="bbox 2019 1682 3604 1757; baseline 0.003 -19"><span class='ocrx_word' id='word_1_281' title='bbox 2019 1682 2307 1740; x_wconf 78' lang='lat' dir='ltr'><strong>fabricatis</strong></span> <span class='ocrx_word' id='word_1_282' title='bbox 2335 1683 2593 1739; x_wconf 87' lang='lat' dir='ltr'><strong>curribus</strong></span> <span class='ocrx_word' id='word_1_283' title='bbox 2626 1683 2855 1750; x_wconf 88' lang='lat' dir='ltr'><strong>bellicis,</strong></span> <span class='ocrx_word' id='word_1_284' title='bbox 2897 1684 3284 1757; x_wconf 86' lang='lat' dir='ltr'><strong>impositisque</strong></span> <span class='ocrx_word' id='word_1_285' title='bbox 3340 1686 3604 1743; x_wconf 89' lang='lat' dir='ltr'><strong>cbirobo-</strong></span> 
     </span>
    </p>
   </div>
   <div class='ocr_carea' id='block_1_45' title="bbox 2021 1772 3607 1848">
    <p class='ocr_par' dir='ltr' id='par_1_45' title="bbox 2021 1772 3607 1848">
     <span class='ocr_line' id='line_1_45' title="bbox 2021 1772 3607 1848; baseline 0.004 -20"><span class='ocrx_word' id='word_1_286' title='bbox 2021 1773 2217 1841; x_wconf 81' lang='lat' dir='ltr'><strong>listris,</strong></span> <span class='ocrx_word' id='word_1_287' title='bbox 2250 1772 2318 1829; x_wconf 90' lang='lat' dir='ltr'><strong>ad</strong></span> <span class='ocrx_word' id='word_1_288' title='bbox 2353 1772 2814 1845; x_wconf 88' lang='lat' dir='ltr'><strong>Bosporaniorum</strong></span> <span class='ocrx_word' id='word_1_289' title='bbox 2843 1774 3031 1829; x_wconf 86' lang='lat' dir='ltr'><strong>urbem</strong></span> <span class='ocrx_word' id='word_1_290' title='bbox 3077 1783 3457 1842; x_wconf 87' lang='lat' dir='ltr'><strong>accesserunt,</strong></span> <span class='ocrx_word' id='word_1_291' title='bbox 3506 1792 3607 1848; x_wconf 89' lang='lat' dir='ltr'><strong>po-</strong></span> 
     </span>
    </p>
   </div>
   <div class='ocr_carea' id='block_1_46' title="bbox 2024 1862 3608 1938">
    <p class='ocr_par' dir='ltr' id='par_1_46' title="bbox 2024 1862 3608 1938">
     <span class='ocr_line' id='line_1_46' title="bbox 2024 1862 3608 1938; baseline 0.001 -18"><span class='ocrx_word' id='word_1_292' title='bbox 2024 1864 2255 1935; x_wconf 84' lang='lat' dir='ltr'><strong>sitisque</strong></span> <span class='ocrx_word' id='word_1_293' title='bbox 2300 1862 2522 1921; x_wconf 85' lang='lat' dir='ltr'><strong>insidiis</strong></span> <span class='ocrx_word' id='word_1_294' title='bbox 2548 1871 2716 1920; x_wconf 89' lang='lat' dir='ltr'><strong>noctu</strong></span> <span class='ocrx_word' id='word_1_295' title='bbox 2746 1866 2905 1935; x_wconf 88' lang='lat' dir='ltr'><strong>pauci</strong></span> <span class='ocrx_word' id='word_1_296' title='bbox 2933 1880 3113 1938; x_wconf 88' lang='lat' dir='ltr'><strong>pugna</strong></span> <span class='ocrx_word' id='word_1_297' title='bbox 3160 1866 3317 1931; x_wconf 89' lang='lat' dir='ltr'><strong>inita,</strong></span> <span class='ocrx_word' id='word_1_298' title='bbox 3348 1875 3405 1922; x_wconf 88' lang='lat' dir='ltr'><strong>et</strong></span> <span class='ocrx_word' id='word_1_299' title='bbox 3449 1882 3608 1922; x_wconf 90' lang='lat' dir='ltr'><strong>muro</strong></span> 
     </span>
    </p>
   </div>
   <div class='ocr_carea' id='block_1_47' title="bbox 2023 1955 3612 2029">
    <p class='ocr_par' dir='ltr' id='par_1_47' title="bbox 2023 1955 3612 2029">
     <span class='ocr_line' id='line_1_47' title="bbox 2023 1955 3612 2029; baseline 0.001 -17"><span class='ocrx_word' id='word_1_300' title='bbox 2023 1964 2339 2028; x_wconf 89' lang='lat' dir='ltr'><strong>oppugnato</strong></span> <span class='ocrx_word' id='word_1_301' title='bbox 2365 1970 2395 2009; x_wconf 91' lang='lat' dir='ltr'><strong>a</strong></span> <span class='ocrx_word' id='word_1_302' title='bbox 2432 1970 2593 2011; x_wconf 87' lang='lat' dir='ltr'><strong>mane</strong></span> <span class='ocrx_word' id='word_1_303' title='bbox 2621 1955 2689 2010; x_wconf 89' lang='lat' dir='ltr'><strong>ad</strong></span> <span class='ocrx_word' id='word_1_304' title='bbox 2718 1955 2909 2010; x_wconf 87' lang='lat' dir='ltr'><strong>boram</strong></span> <span class='ocrx_word' id='word_1_305' title='bbox 2968 1972 3143 2028; x_wconf 88' lang='lat' dir='ltr'><strong>usque</strong></span> <span class='ocrx_word' id='word_1_306' title='bbox 3202 1957 3418 2012; x_wconf 86' lang='lat' dir='ltr'><strong>tertiam</strong></span> <span class='ocrx_word' id='word_1_307' title='bbox 3473 1958 3612 2029; x_wconf 69' lang='lat' dir='ltr'><strong>fuga:</strong></span> 
     </span>
    </p>
   </div>
   <div class='ocr_carea' id='block_1_48' title="bbox 2025 2045 3612 2118">
    <p class='ocr_par' dir='ltr' id='par_1_48' title="bbox 2025 2045 3612 2118">
     <span class='ocr_line' id='line_1_48' title="bbox 2025 2045 3612 2118; baseline -0.001 -16"><span class='ocrx_word' id='word_1_308' title='bbox 2025 2049 2240 2118; x_wconf 90' lang='lat' dir='ltr'><strong>signum</strong></span> <span class='ocrx_word' id='word_1_309' title='bbox 2298 2045 2588 2113; x_wconf 88' lang='lat' dir='ltr'><strong>dederunt,</strong></span> <span class='ocrx_word' id='word_1_310' title='bbox 2619 2046 2830 2102; x_wconf 89' lang='lat' dir='ltr'><strong>relictis</strong></span> <span class='ocrx_word' id='word_1_311' title='bbox 2877 2045 2932 2101; x_wconf 88' lang='lat' dir='ltr'><strong>in</strong></span> <span class='ocrx_word' id='word_1_312' title='bbox 2991 2047 3255 2103; x_wconf 88' lang='lat' dir='ltr'><strong>curribus</strong></span> <span class='ocrx_word' id='word_1_313' title='bbox 3308 2048 3612 2102; x_wconf 87' lang='lat' dir='ltr'><strong>cbiroboli-</strong></span> 
     </span>
    </p>
   </div>
   <div class='ocr_carea' id='block_1_49' title="bbox 2027 2138 3607 2210">
    <p class='ocr_par' dir='ltr' id='par_1_49' title="bbox 2027 2138 3607 2210">
     <span class='ocr_line' id='line_1_49' title="bbox 2027 2138 3607 2210; baseline -0.003 -15"><span class='ocrx_word' id='word_1_314' title='bbox 2027 2140 2181 2196; x_wconf 88' lang='lat' dir='ltr'><strong>stris.</strong></span> <span class='ocrx_word' id='word_1_315' title='bbox 2212 2138 2541 2210; x_wconf 88' lang='lat' dir='ltr'><strong>Bosporiani</strong></span> <span class='ocrx_word' id='word_1_316' title='bbox 2591 2139 2778 2209; x_wconf 85' lang='lat' dir='ltr'><strong>itaque</strong></span> <span class='ocrx_word' id='word_1_317' title='bbox 2810 2139 2920 2194; x_wconf 87' lang='lat' dir='ltr'><strong>rati</strong></span> <span class='ocrx_word' id='word_1_318' title='bbox 2995 2148 3218 2210; x_wconf 89' lang='lat' dir='ltr'><strong>propter</strong></span> <span class='ocrx_word' id='word_1_319' title='bbox 3279 2140 3607 2209; x_wconf 70' lang='lat' dir='ltr'><strong>paucitatem</strong></span> 
     </span>
    </p>
   </div>
   <div class='ocr_carea' id='block_1_50' title="bbox 2029 2229 3612 2302">
    <p class='ocr_par' dir='ltr' id='par_1_50' title="bbox 2029 2229 3612 2302">
     <span class='ocr_line' id='line_1_50' title="bbox 2029 2229 3612 2302; baseline 0.001 -16"><span class='ocrx_word' id='word_1_320' title='bbox 2029 2232 2205 2287; x_wconf 90' lang='lat' dir='ltr'><strong>victos</strong></span> <span class='ocrx_word' id='word_1_321' title='bbox 2238 2232 2425 2302; x_wconf 86' lang='lat' dir='ltr'><strong>fugere</strong></span> <span class='ocrx_word' id='word_1_322' title='bbox 2450 2229 2832 2293; x_wconf 87' lang='lat' dir='ltr'><strong>Cbersonitas,</strong></span> <span class='ocrx_word' id='word_1_323' title='bbox 2884 2230 3206 2286; x_wconf 74' lang='lat' dir='ltr'><strong>liiientiores</strong></span> <span class='ocrx_word' id='word_1_324' title='bbox 3234 2229 3363 2286; x_wconf 88' lang='lat' dir='ltr'><strong>facti</strong></span> <span class='ocrx_word' id='word_1_325' title='bbox 3393 2233 3461 2286; x_wconf 87' lang='lat' dir='ltr'><strong>ad</strong></span> <span class='ocrx_word' id='word_1_326' title='bbox 3489 2247 3612 2302; x_wconf 84' lang='lat' dir='ltr'><strong>per—</strong></span> 
     </span>
    </p>
   </div>
   <div class='ocr_carea' id='block_1_51' title="bbox 2031 2320 3606 2394">
    <p class='ocr_par' dir='ltr' id='par_1_51' title="bbox 2031 2320 3606 2394">
     <span class='ocr_line' id='line_1_51' title="bbox 2031 2320 3606 2394; baseline -0.001 -15"><span class='ocrx_word' id='word_1_327' title='bbox 2031 2322 2343 2394; x_wconf 88' lang='lat' dir='ltr'><strong>sequendos</strong></span> <span class='ocrx_word' id='word_1_328' title='bbox 2364 2321 2571 2392; x_wconf 79' lang='lat' dir='ltr'><strong>egressi</strong></span> <span class='ocrx_word' id='word_1_329' title='bbox 2601 2328 2749 2376; x_wconf 93' lang='lat' dir='ltr'><strong>sunt.</strong></span> <span class='ocrx_word' id='word_1_330' title='bbox 2787 2320 2857 2375; x_wconf 81' lang='lat' dir='ltr'><strong>At</strong></span> <span class='ocrx_word' id='word_1_331' title='bbox 2881 2320 3225 2377; x_wconf 84' lang='lat' dir='ltr'><strong>Cbersonitae</strong></span> <span class='ocrx_word' id='word_1_332' title='bbox 3275 2322 3606 2391; x_wconf 88' lang='lat' dir='ltr'><strong>pedetentim</strong></span> 
     </span>
    </p>
   </div>
   <div class='ocr_carea' id='block_1_52' title="bbox 2033 2411 3612 2484">
    <p class='ocr_par' dir='ltr' id='par_1_52' title="bbox 2033 2411 3612 2484">
     <span class='ocr_line' id='line_1_52' title="bbox 2033 2411 3612 2484; baseline 0.001 -17"><span class='ocrx_word' id='word_1_333' title='bbox 2033 2413 2305 2484; x_wconf 77' lang='lat' dir='ltr'><strong>fugientes</strong></span> <span class='ocrx_word' id='word_1_334' title='bbox 2339 2411 2746 2468; x_wconf 62' lang='lat' dir='ltr'><strong>chirobolistris</strong></span> <span class='ocrx_word' id='word_1_335' title='bbox 2769 2411 2886 2468; x_wconf 87' lang='lat' dir='ltr'><strong>suis</strong></span> <span class='ocrx_word' id='word_1_336' title='bbox 2921 2412 3276 2481; x_wconf 82' lang='lat' dir='ltr'><strong>insequentes</strong></span> <span class='ocrx_word' id='word_1_337' title='bbox 3314 2412 3612 2484; x_wconf 86' lang='lat' dir='ltr'><strong>Bosporia-</strong></span> 
     </span>
    </p>
   </div>
   <div class='ocr_carea' id='block_1_53' title="bbox 2036 2503 3613 2575">
    <p class='ocr_par' dir='ltr' id='par_1_53' title="bbox 2036 2503 3613 2575">
     <span class='ocr_line' id='line_1_53' title="bbox 2036 2503 3613 2575; baseline 0 -15"><span class='ocrx_word' id='word_1_338' title='bbox 2036 2521 2136 2561; x_wconf 92' lang='lat' dir='ltr'><strong>nos</strong></span> <span class='ocrx_word' id='word_1_339' title='bbox 2165 2503 2571 2573; x_wconf 82' lang='lat' dir='ltr'><strong>conficiebant;</strong></span> <span class='ocrx_word' id='word_1_340' title='bbox 2600 2513 2995 2575; x_wconf 85' lang='lat' dir='ltr'><strong>surgentesque</strong></span> <span class='ocrx_word' id='word_1_341' title='bbox 3024 2504 3103 2559; x_wconf 91' lang='lat' dir='ltr'><strong>illi</strong></span> <span class='ocrx_word' id='word_1_342' title='bbox 3135 2506 3228 2575; x_wconf 90' lang='lat' dir='ltr'><strong>qui</strong></span> <span class='ocrx_word' id='word_1_343' title='bbox 3264 2506 3317 2560; x_wconf 90' lang='lat' dir='ltr'><strong>in</strong></span> <span class='ocrx_word' id='word_1_344' title='bbox 3368 2507 3613 2571; x_wconf 88' lang='lat' dir='ltr'><strong>insidiis,</strong></span> 
     </span>
    </p>
   </div>
   <div class='ocr_carea' id='block_1_54' title="bbox 2034 2594 3616 2667">
    <p class='ocr_par' dir='ltr' id='par_1_54' title="bbox 2034 2594 3616 2667">
     <span class='ocr_line' id='line_1_54' title="bbox 2034 2594 3616 2667; baseline 0 -15"><span class='ocrx_word' id='word_1_345' title='bbox 2034 2611 2240 2666; x_wconf 88' lang='lat' dir='ltr'><strong>eosque</strong></span> <span class='ocrx_word' id='word_1_346' title='bbox 2273 2595 2707 2661; x_wconf 87' lang='lat' dir='ltr'><strong>circumdantes,</strong></span> <span class='ocrx_word' id='word_1_347' title='bbox 2741 2594 2808 2655; x_wconf 86' lang='lat' dir='ltr'><strong>ad</strong></span> <span class='ocrx_word' id='word_1_348' title='bbox 2844 2609 3014 2649; x_wconf 92' lang='lat' dir='ltr'><strong>unum</strong></span> <span class='ocrx_word' id='word_1_349' title='bbox 3065 2610 3256 2650; x_wconf 89' lang='lat' dir='ltr'><strong>omnes</strong></span> <span class='ocrx_word' id='word_1_350' title='bbox 3322 2594 3616 2667; x_wconf 79' lang='lat' dir='ltr'><strong>Bosporia-</strong></span> 
     </span>
    </p>
   </div>
   <div class='ocr_carea' id='block_1_55' title="bbox 2036 2686 3619 2758">
    <p class='ocr_par' dir='ltr' id='par_1_55' title="bbox 2036 2686 3619 2758">
     <span class='ocr_line' id='line_1_55' title="bbox 2036 2686 3619 2758; baseline 0.001 -15"><span class='ocrx_word' id='word_1_351' title='bbox 2036 2703 2138 2744; x_wconf 88' lang='lat' dir='ltr'><strong>nos</strong></span> <span class='ocrx_word' id='word_1_352' title='bbox 2168 2686 2510 2753; x_wconf 70' lang='lat' dir='ltr'><strong>occiderunt,</strong></span> <span class='ocrx_word' id='word_1_353' title='bbox 2544 2694 2709 2758; x_wconf 90' lang='lat' dir='ltr'><strong>atque</strong></span> <span class='ocrx_word' id='word_1_354' title='bbox 2749 2687 2828 2741; x_wconf 91' lang='lat' dir='ltr'><strong>ita</strong></span> <span class='ocrx_word' id='word_1_355' title='bbox 2862 2688 3099 2757; x_wconf 89' lang='lat' dir='ltr'><strong>regressi</strong></span> <span class='ocrx_word' id='word_1_356' title='bbox 3162 2686 3470 2758; x_wconf 89' lang='lat' dir='ltr'><strong>Bosporum</strong></span> <span class='ocrx_word' id='word_1_357' title='bbox 3526 2706 3619 2746; x_wconf 85' lang='lat' dir='ltr'><strong>ce-</strong></span> 
     </span>
    </p>
   </div>
   <div class='ocr_carea' id='block_1_56' title="bbox 2040 2778 3619 2853">
    <p class='ocr_par' dir='ltr' id='par_1_56' title="bbox 2040 2778 3619 2853">
     <span class='ocr_line' id='line_1_56' title="bbox 2040 2778 3619 2853; baseline -0.001 -16"><span class='ocrx_word' id='word_1_358' title='bbox 2040 2787 2265 2853; x_wconf 87' lang='lat' dir='ltr'><strong>perunt,</strong></span> <span class='ocrx_word' id='word_1_359' title='bbox 2299 2787 2610 2849; x_wconf 87' lang='lat' dir='ltr'><strong>cunctaque</strong></span> <span class='ocrx_word' id='word_1_360' title='bbox 2639 2794 2759 2849; x_wconf 81' lang='lat' dir='ltr'><strong>quae</strong></span> <span class='ocrx_word' id='word_1_361' title='bbox 2795 2778 2863 2833; x_wconf 90' lang='lat' dir='ltr'><strong>ad</strong></span> <span class='ocrx_word' id='word_1_362' title='bbox 2920 2778 3170 2833; x_wconf 62' lang='lat' dir='ltr'><strong>Miotida</strong></span> <span class='ocrx_word' id='word_1_363' title='bbox 3230 2779 3483 2849; x_wconf 84' lang='lat' dir='ltr'><strong>paludem</strong></span> <span class='ocrx_word' id='word_1_364' title='bbox 3516 2795 3619 2852; x_wconf 87' lang='lat' dir='ltr'><strong>op-</strong></span> 
     </span>
    </p>
   </div>
   <div class='ocr_carea' id='block_1_57' title="bbox 2042 2868 3616 2943">
    <p class='ocr_par' dir='ltr' id='par_1_57' title="bbox 2042 2868 3616 2943">
     <span class='ocr_line' id='line_1_57' title="bbox 2042 2868 3616 2943; baseline 0.003 -17"><span class='ocrx_word' id='word_1_365' title='bbox 2042 2873 2192 2943; x_wconf 88' lang='lat' dir='ltr'><strong>pida,</strong></span> <span class='ocrx_word' id='word_1_366' title='bbox 2230 2870 2721 2940; x_wconf 86' lang='lat' dir='ltr'><strong>Sarmatarumque</strong></span> <span class='ocrx_word' id='word_1_367' title='bbox 2746 2868 3010 2936; x_wconf 85' lang='lat' dir='ltr'><strong>familias,</strong></span> <span class='ocrx_word' id='word_1_368' title='bbox 3043 2879 3097 2925; x_wconf 89' lang='lat' dir='ltr'><strong>et</strong></span> <span class='ocrx_word' id='word_1_369' title='bbox 3138 2869 3370 2942; x_wconf 86' lang='lat' dir='ltr'><strong>Bospori</strong></span> <span class='ocrx_word' id='word_1_370' title='bbox 3414 2888 3616 2930; x_wconf 82' lang='lat' dir='ltr'><strong>consc—</strong></span> 
     </span>
    </p>
   </div>
   <div class='ocr_carea' id='block_1_58' title="bbox 338 2961 1937 3051">
    <p class='ocr_par' dir='ltr' id='par_1_58' title="bbox 338 2963 1928 3051">
     <span class='ocr_line' id='line_1_58' title="bbox 338 2963 1928 3051; baseline -0.01 -20"><span class='ocrx_word' id='word_1_371' title='bbox 338 2975 730 3051; x_wconf 71' lang='grc' dir='ltr'><strong>ρώολίστραις</strong></span> <span class='ocrx_word' id='word_1_372' title='bbox 774 2970 900 3033; x_wconf 79' lang='grc' dir='ltr'><strong>τοὺς</strong></span> <span class='ocrx_word' id='word_1_373' title='bbox 942 2967 1242 3030; x_wconf 81' lang='grc' dir='ltr'><strong>διώκοντας</strong></span> <span class='ocrx_word' id='word_1_374' title='bbox 1296 2963 1590 3036; x_wconf 80' lang='grc' dir='ltr'><strong>ἀνήλισκον</strong></span> <span class='ocrx_word' id='word_1_375' title='bbox 1624 2964 1928 3035; x_wconf 84' lang='grc' dir='ltr'><strong>Βοσπορια-</strong></span> 
     </span>
    </p>
   </div>
   <div class='ocr_carea' id='block_1_59' title="bbox 2039 2961 3619 3051">
    <p class='ocr_par' dir='ltr' id='par_1_59' title="bbox 2042 2961 3619 3035">
     <span class='ocr_line' id='line_1_59' title="bbox 2042 2961 3619 3035; baseline 0.001 -16"><span class='ocrx_word' id='word_1_376' title='bbox 2042 2966 2263 3030; x_wconf 88' lang='lat' dir='ltr'><strong>derunt,</strong></span> <span class='ocrx_word' id='word_1_377' title='bbox 2288 2963 2508 3019; x_wconf 90' lang='lat' dir='ltr'><strong>nemine</strong></span> <span class='ocrx_word' id='word_1_378' title='bbox 2531 2963 2598 3019; x_wconf 89' lang='lat' dir='ltr'><strong>de</strong></span> <span class='ocrx_word' id='word_1_379' title='bbox 2624 2963 2837 3033; x_wconf 90' lang='lat' dir='ltr'><strong>reliquo</strong></span> <span class='ocrx_word' id='word_1_380' title='bbox 2864 2961 3176 3030; x_wconf 86' lang='lat' dir='ltr'><strong>interfecto,</strong></span> <span class='ocrx_word' id='word_1_381' title='bbox 3230 2963 3338 3018; x_wconf 84' lang='lat' dir='ltr'><strong>nisi</strong></span> <span class='ocrx_word' id='word_1_382' title='bbox 3384 2965 3478 3035; x_wconf 90' lang='lat' dir='ltr'><strong>qui</strong></span> <span class='ocrx_word' id='word_1_383' title='bbox 3562 2966 3619 3021; x_wconf 91' lang='lat' dir='ltr'><strong>in</strong></span> 
     </span>
    </p>
   </div>
   <div class='ocr_carea' id='block_1_60' title="bbox 334 3053 1933 3133">
    <p class='ocr_par' dir='ltr' id='par_1_60' title="bbox 334 3053 1933 3133">
     <span class='ocr_line' id='line_1_60' title="bbox 334 3053 1933 3133; baseline -0.013 -9"><span class='ocrx_word' id='word_1_384' title='bbox 334 3068 491 3133; x_wconf 66' lang='grc' dir='ltr'><strong>νοῦς,</strong></span> <span class='ocrx_word' id='word_1_385' title='bbox 518 3062 859 3122; x_wconf 69' lang='grc' dir='ltr'><strong>ἀναστάντες</strong></span> <span class='ocrx_word' id='word_1_386' title='bbox 883 3058 937 3110; x_wconf 85' lang='grc' dir='ltr'>δὲ</span> <span class='ocrx_word' id='word_1_387' title='bbox 960 3057 1054 3109; x_wconf 70' lang='grc' dir='ltr'><strong>καὶ</strong></span> <span class='ocrx_word' id='word_1_388' title='bbox 1079 3058 1128 3108; x_wconf 88' lang='grc' dir='ltr'><strong>οἱ</strong></span> <span class='ocrx_word' id='word_1_389' title='bbox 1163 3053 1536 3125; x_wconf 69' lang='grc' dir='ltr'>ἐνεδρεύοντες</span> <span class='ocrx_word' id='word_1_390' title='bbox 1568 3054 1933 3125; x_wconf 82' lang='grc' dir='ltr'><strong>Χερσωνῖται,</strong></span> 
     </span>
    </p>
   </div>
   <div class='ocr_carea' id='block_1_61' title="bbox 340 3145 1937 3227">
    <p class='ocr_par' dir='ltr' id='par_1_61' title="bbox 340 3145 1937 3227">
     <span class='ocr_line' id='line_1_61' title="bbox 340 3145 1937 3227; baseline -0.011 -13"><span class='ocrx_word' id='word_1_391' title='bbox 340 3158 441 3214; x_wconf 78' lang='grc' dir='ltr'><strong>καὶ</strong></span> <span class='ocrx_word' id='word_1_392' title='bbox 493 3150 1019 3227; x_wconf 76' lang='grc' dir='ltr'><strong>περικυκλώσαντες</strong></span> <span class='ocrx_word' id='word_1_393' title='bbox 1073 3148 1198 3211; x_wconf 77' lang='grc' dir='ltr'><strong>τοὺς</strong></span> <span class='ocrx_word' id='word_1_394' title='bbox 1250 3145 1669 3215; x_wconf 80' lang='grc' dir='ltr'><strong>Βοσποριανοὺς,</strong></span> <span class='ocrx_word' id='word_1_395' title='bbox 1727 3145 1937 3206; x_wconf 82' lang='grc' dir='ltr'>πάντας</span> 
     </span>
    </p>
   </div>
   <div class='ocr_carea' id='block_1_62' title="bbox 343 3232 1937 3311">
    <p class='ocr_par' dir='ltr' id='par_1_62' title="bbox 343 3232 1937 3311">
     <span class='ocr_line' id='line_1_62' title="bbox 343 3232 1937 3311; baseline -0.011 -6"><span class='ocrx_word' id='word_1_396' title='bbox 343 3249 547 3311; x_wconf 70' lang='grc' dir='ltr'><strong>αὐτοὺς</strong></span> <span class='ocrx_word' id='word_1_397' title='bbox 579 3240 954 3311; x_wconf 77' lang='grc' dir='ltr'><strong>κατέσφαξαν,</strong></span> <span class='ocrx_word' id='word_1_398' title='bbox 1022 3238 1119 3291; x_wconf 71' lang='grc' dir='ltr'><strong>καὶ</strong></span> <span class='ocrx_word' id='word_1_399' title='bbox 1161 3236 1601 3305; x_wconf 75' lang='grc' dir='ltr'><strong>ὑποστρέψαντες</strong></span> <span class='ocrx_word' id='word_1_400' title='bbox 1639 3232 1937 3288; x_wconf 76' lang='grc' dir='ltr'><strong>κατέλαϐον</strong></span> 
     </span>
    </p>
   </div>
   <div class='ocr_carea' id='block_1_63' title="bbox 347 3327 1941 3412">
    <p class='ocr_par' dir='ltr' id='par_1_63' title="bbox 347 3327 1941 3412">
     <span class='ocr_line' id='line_1_63' title="bbox 347 3327 1941 3412; baseline -0.007 -19"><span class='ocrx_word' id='word_1_401' title='bbox 347 3341 446 3412; x_wconf 68' lang='grc' dir='ltr'><strong>τὴν</strong></span> <span class='ocrx_word' id='word_1_402' title='bbox 474 3338 786 3405; x_wconf 82' lang='grc' dir='ltr'><strong>Βόσπορον,</strong></span> <span class='ocrx_word' id='word_1_403' title='bbox 822 3332 1023 3402; x_wconf 80' lang='grc' dir='ltr'><strong>ὁμοίως</strong></span> <span class='ocrx_word' id='word_1_404' title='bbox 1069 3330 1124 3383; x_wconf 83' lang='grc' dir='ltr'><strong>δὲ</strong></span> <span class='ocrx_word' id='word_1_405' title='bbox 1154 3329 1245 3382; x_wconf 61' lang='grc' dir='ltr'><strong>καίι</strong></span> <span class='ocrx_word' id='word_1_406' title='bbox 1270 3329 1340 3383; x_wconf 76' lang='grc' dir='ltr'><strong>τὰ</strong></span> <span class='ocrx_word' id='word_1_407' title='bbox 1369 3328 1508 3399; x_wconf 71' lang='grc' dir='ltr'><strong>πρὸς</strong></span> <span class='ocrx_word' id='word_1_408' title='bbox 1535 3328 1634 3399; x_wconf 75' lang='grc' dir='ltr'><strong>τὴν</strong></span> <span class='ocrx_word' id='word_1_409' title='bbox 1666 3327 1941 3382; x_wconf 78' lang='grc' dir='ltr'><strong>Μαιῶτιδα</strong></span> 
     </span>
    </p>
   </div>
   <div class='ocr_carea' id='block_1_64' title="bbox 350 3416 1944 3503">
    <p class='ocr_par' dir='ltr' id='par_1_64' title="bbox 350 3416 1944 3503">
     <span class='ocr_line' id='line_1_64' title="bbox 350 3416 1944 3503; baseline -0.009 -17"><span class='ocrx_word' id='word_1_410' title='bbox 350 3431 549 3503; x_wconf 73' lang='grc' dir='ltr'><strong>λίμνην</strong></span> <span class='ocrx_word' id='word_1_411' title='bbox 579 3425 897 3489; x_wconf 87' lang='grc' dir='ltr'><strong>καστέλλια,</strong></span> <span class='ocrx_word' id='word_1_412' title='bbox 923 3425 1017 3478; x_wconf 73' lang='grc' dir='ltr'><strong>καὶ</strong></span> <span class='ocrx_word' id='word_1_413' title='bbox 1041 3423 1219 3485; x_wconf 82' lang='grc' dir='ltr'><strong>πάσας</strong></span> <span class='ocrx_word' id='word_1_414' title='bbox 1244 3420 1344 3484; x_wconf 80' lang='grc' dir='ltr'><strong>τὰς</strong></span> <span class='ocrx_word' id='word_1_415' title='bbox 1373 3420 1638 3493; x_wconf 80' lang='grc' dir='ltr'><strong>φαμιλῐας</strong></span> <span class='ocrx_word' id='word_1_416' title='bbox 1660 3416 1778 3474; x_wconf 84' lang='grc' dir='ltr'><strong>’τῶν</strong></span> <span class='ocrx_word' id='word_1_417' title='bbox 1801 3421 1944 3475; x_wconf 85' lang='grc' dir='ltr'><strong>Σαυ-</strong></span> 
     </span>
    </p>
   </div>
   <div class='ocr_carea' id='block_1_65' title="bbox 367 3512 1945 3594">
    <p class='ocr_par' dir='ltr' id='par_1_65' title="bbox 367 3512 1945 3594">
     <span class='ocr_line' id='line_1_65' title="bbox 367 3512 1945 3594; baseline -0.005 -22"><span class='ocrx_word' id='word_1_418' title='bbox 367 3519 636 3594; x_wconf 68' lang='grc' dir='ltr'><strong>ροματῶν,</strong></span> <span class='ocrx_word' id='word_1_419' title='bbox 699 3518 796 3570; x_wconf 73' lang='grc' dir='ltr'><strong>καὶ</strong></span> <span class='ocrx_word' id='word_1_420' title='bbox 853 3514 1176 3575; x_wconf 77' lang='grc' dir='ltr'><strong>ἐκαθέζοντο</strong></span> <span class='ocrx_word' id='word_1_421' title='bbox 1239 3514 1297 3568; x_wconf 83' lang='grc' dir='ltr'><strong>έν</strong></span> <span class='ocrx_word' id='word_1_422' title='bbox 1340 3514 1407 3583; x_wconf 83' lang='grc' dir='ltr'><strong>τῇ</strong></span> <span class='ocrx_word' id='word_1_423' title='bbox 1441 3512 1703 3584; x_wconf 80' lang='grc' dir='ltr'><strong>Βοσπόρῳ</strong></span> <span class='ocrx_word' id='word_1_424' title='bbox 1740 3512 1945 3583; x_wconf 74' lang='grc' dir='ltr'><strong>μηδένα.</strong></span> 
     </span>
    </p>
   </div>
   <div class='ocr_carea' id='block_1_66' title="bbox 372 3603 1943 3677">
    <p class='ocr_par' dir='ltr' id='par_1_66' title="bbox 372 3603 1943 3677">
     <span class='ocr_line' id='line_1_66' title="bbox 372 3603 1943 3677; baseline -0.01 -8"><span class='ocrx_word' id='word_1_425' title='bbox 372 3612 455 3668; x_wconf 69' lang='grc' dir='ltr'><strong>τῶ</strong></span> <span class='ocrx_word' id='word_1_426' title='bbox 485 3610 683 3667; x_wconf 76' lang='grc' dir='ltr'><strong>λοιποῦ</strong></span> <span class='ocrx_word' id='word_1_427' title='bbox 708 3608 1153 3677; x_wconf 76' lang='grc' dir='ltr'><strong>κατασφάζοντες</strong></span> <span class='ocrx_word' id='word_1_428' title='bbox 1183 3604 1321 3676; x_wconf 76' lang='grc' dir='ltr'><strong>πλὴν</strong></span> <span class='ocrx_word' id='word_1_429' title='bbox 1354 3604 1464 3659; x_wconf 88' lang='grc' dir='ltr'><strong>τῶν</strong></span> <span class='ocrx_word' id='word_1_430' title='bbox 1497 3603 1943 3675; x_wconf 62' lang='grc' dir='ltr'><strong>πολεμησάντων</strong></span> 
     </span>
    </p>
   </div>
   <div class='ocr_carea' id='block_1_67' title="bbox 356 3695 1947 3777">
    <p class='ocr_par' dir='ltr' id='par_1_67' title="bbox 356 3695 1947 3777">
     <span class='ocr_line' id='line_1_67' title="bbox 356 3695 1947 3777; baseline -0.008 -18"><span class='ocrx_word' id='word_1_431' title='bbox 356 3708 463 3761; x_wconf 72' lang='grc' dir='ltr'><strong>ικαὶ</strong></span> <span class='ocrx_word' id='word_1_432' title='bbox 484 3705 735 3777; x_wconf 58' lang='grc' dir='ltr'><strong>ἱκόμενοι</strong></span> <span class='ocrx_word' id='word_1_433' title='bbox 768 3702 870 3773; x_wconf 80' lang='grc' dir='ltr'><strong>τὴν</strong></span> <span class='ocrx_word' id='word_1_434' title='bbox 900 3700 1179 3769; x_wconf 76' lang='grc' dir='ltr'><strong>Βόσπορον</strong></span> <span class='ocrx_word' id='word_1_435' title='bbox 1206 3696 1505 3765; x_wconf 73' lang='grc' dir='ltr'><strong>έφύλαττον</strong></span> <span class='ocrx_word' id='word_1_436' title='bbox 1544 3696 1735 3767; x_wconf 81' lang='grc' dir='ltr'><strong>αὐτήν.</strong></span> <span class='ocrx_word' id='word_1_437' title='bbox 1777 3695 1947 3765; x_wconf 85' lang='grc' dir='ltr'><strong>Ἦμε-</strong></span> 
     </span>
    </p>
   </div>
   <div class='ocr_carea' id='block_1_68' title="bbox 389 3784 1948 3867">
    <p class='ocr_par' dir='ltr' id='par_1_68' title="bbox 389 3784 1948 3867">
     <span class='ocr_line' id='line_1_68' title="bbox 389 3784 1948 3867; baseline -0.008 -17"><span class='ocrx_word' id='word_1_438' title='bbox 389 3795 495 3867; x_wconf 67' lang='lat' dir='ltr'><strong>pini</strong></span> <span class='ocrx_word' id='word_1_439' title='bbox 513 3794 573 3849; x_wconf 75' lang='grc' dir='ltr'><strong>ιι</strong></span> <span class='ocrx_word' id='word_1_440' title='bbox 592 3810 754 3848; x_wconf 86' lang='grc' dir='ltr'><strong>τινων</strong></span> <span class='ocrx_word' id='word_1_441' title='bbox 779 3787 1361 3860; x_wconf 79' lang='grc' dir='ltr'><strong>διαγενομένων,λέγει</strong></span> <span class='ocrx_word' id='word_1_442' title='bbox 1390 3785 1680 3858; x_wconf 79' lang='grc' dir='ltr'><strong>Χρῆστοςό</strong></span> <span class='ocrx_word' id='word_1_443' title='bbox 1708 3784 1801 3839; x_wconf 79' lang='grc' dir='ltr'><strong>τοῦ</strong></span> <span class='ocrx_word' id='word_1_444' title='bbox 1839 3787 1948 3838; x_wconf 84' lang='grc' dir='ltr'><strong>Πα-</strong></span> 
     </span>
    </p>
   </div>
   <div class='ocr_carea' id='block_1_69' title="bbox 381 3876 1949 3951">
    <p class='ocr_par' dir='ltr' id='par_1_69' title="bbox 381 3876 1949 3951">
     <span class='ocr_line' id='line_1_69' title="bbox 381 3876 1949 3951; baseline -0.005 -11"><span class='ocrx_word' id='word_1_445' title='bbox 381 3886 497 3940; x_wconf 63' lang='grc' dir='ltr'><strong>πίου</strong></span> <span class='ocrx_word' id='word_1_446' title='bbox 522 3886 634 3949; x_wconf 76' lang='grc' dir='ltr'><strong>ταῖς</strong></span> <span class='ocrx_word' id='word_1_447' title='bbox 661 3883 774 3937; x_wconf 88' lang='grc' dir='ltr'><strong>τῶν</strong></span> <span class='ocrx_word' id='word_1_448' title='bbox 798 3879 1166 3951; x_wconf 85' lang='grc' dir='ltr'><strong>Σαυροματῶν</strong></span> <span class='ocrx_word' id='word_1_449' title='bbox 1188 3877 1456 3947; x_wconf 67' lang='grc' dir='ltr'><strong>γυναιξὶν,</strong></span> <span class='ocrx_word' id='word_1_450' title='bbox 1492 3879 1575 3932; x_wconf 86' lang='grc' dir='ltr'><strong>ὅτι</strong></span> <span class='ocrx_word' id='word_1_451' title='bbox 1605 3878 1806 3948; x_wconf 80' lang='grc' dir='ltr'><strong>Ἡμεῖς</strong></span> <span class='ocrx_word' id='word_1_452' title='bbox 1848 3876 1949 3932; x_wconf 78' lang='grc' dir='ltr'><strong>οὐκ</strong></span> 
     </span>
    </p>
   </div>
   <div class='ocr_carea' id='block_1_70' title="bbox 373 3969 1951 4050">
    <p class='ocr_par' dir='ltr' id='par_1_70' title="bbox 373 3969 1951 4050">
     <span class='ocr_line' id='line_1_70' title="bbox 373 3969 1951 4050; baseline -0.006 -19"><span class='ocrx_word' id='word_1_453' title='bbox 373 3979 561 4050; x_wconf 75' lang='grc' dir='ltr'><strong>ἔχομεν</strong></span> <span class='ocrx_word' id='word_1_454' title='bbox 592 3976 790 4049; x_wconf 76' lang='grc' dir='ltr'><strong>χρείαν</strong></span> <span class='ocrx_word' id='word_1_455' title='bbox 818 3974 965 4043; x_wconf 78' lang='grc' dir='ltr'><strong>ὑμᾶς</strong></span> <span class='ocrx_word' id='word_1_456' title='bbox 994 3972 1118 4023; x_wconf 85' lang='grc' dir='ltr'><strong>πολε</strong></span> <span class='ocrx_word' id='word_1_457' title='bbox 1130 3973 1271 4041; x_wconf 88' lang='grc' dir='ltr'><strong>μεῖν,</strong></span> <span class='ocrx_word' id='word_1_458' title='bbox 1302 3969 1418 4023; x_wconf 86' lang='grc' dir='ltr'><strong>ἀλλ’</strong></span> <span class='ocrx_word' id='word_1_459' title='bbox 1459 3969 1648 4040; x_wconf 76' lang='grc' dir='ltr'><strong>ἐπειδὴ</strong></span> <span class='ocrx_word' id='word_1_460' title='bbox 1687 3970 1716 4022; x_wconf 83' lang='grc' dir='ltr'>ὀ</span> <span class='ocrx_word' id='word_1_461' title='bbox 1746 3970 1951 4041; x_wconf 80' lang='grc' dir='ltr'><strong>Σαυρο-</strong></span> 
     </span>
    </p>
   </div>
   <div class='ocr_carea' id='block_1_71' title="bbox 367 4060 1949 4142">
    <p class='ocr_par' dir='ltr' id='par_1_71' title="bbox 367 4060 1949 4142">
     <span class='ocr_line' id='line_1_71' title="bbox 367 4060 1949 4142; baseline -0.006 -18"><span class='ocrx_word' id='word_1_462' title='bbox 367 4087 540 4142; x_wconf 81' lang='grc' dir='ltr'><strong>ματος</strong></span> <span class='ocrx_word' id='word_1_463' title='bbox 566 4067 784 4139; x_wconf 77' lang='grc' dir='ltr'><strong>ἀπῆλθε</strong></span> <span class='ocrx_word' id='word_1_464' title='bbox 824 4066 923 4135; x_wconf 85' lang='grc' dir='ltr'>τὴν</span> <span class='ocrx_word' id='word_1_465' title='bbox 959 4063 1068 4116; x_wconf 88' lang='grc' dir='ltr'><strong>τῶν</strong></span> <span class='ocrx_word' id='word_1_466' title='bbox 1103 4063 1389 4131; x_wconf 77' lang='grc' dir='ltr'><strong>Ῥωμαίων</strong></span> <span class='ocrx_word' id='word_1_467' title='bbox 1435 4061 1621 4133; x_wconf 86' lang='grc' dir='ltr'><strong>χώραν</strong></span> <span class='ocrx_word' id='word_1_468' title='bbox 1656 4060 1949 4132; x_wconf 82' lang='grc' dir='ltr'><strong>πορθῆσαι,</strong></span> 
     </span>
    </p>
   </div>
   <div class='ocr_carea' id='block_1_72' title="bbox 358 4153 1948 4232">
    <p class='ocr_par' dir='ltr' id='par_1_72' title="bbox 358 4153 1948 4232">
     <span class='ocr_line' id='line_1_72' title="bbox 358 4153 1948 4232; baseline -0.017 -11"><span class='ocrx_word' id='word_1_469' title='bbox 358 4163 556 4220; x_wconf 70' lang='grc' dir='ltr'>τούτου</span> <span class='ocrx_word' id='word_1_470' title='bbox 593 4163 757 4232; x_wconf 81' lang='grc' dir='ltr'><strong>χάριν</strong></span> <span class='ocrx_word' id='word_1_471' title='bbox 809 4156 1221 4228; x_wconf 84' lang='grc' dir='ltr'><strong>προτραπέντες</strong></span> <span class='ocrx_word' id='word_1_472' title='bbox 1268 4156 1429 4224; x_wconf 78' lang='grc' dir='ltr'><strong>ἡμεῖς</strong></span> <span class='ocrx_word' id='word_1_473' title='bbox 1467 4155 1619 4224; x_wconf 81' lang='grc' dir='ltr'><strong>παρὰ</strong></span> <span class='ocrx_word' id='word_1_474' title='bbox 1646 4153 1740 4208; x_wconf 77' lang='grc' dir='ltr'><strong>τοῦ</strong></span> <span class='ocrx_word' id='word_1_475' title='bbox 1794 4154 1948 4225; x_wconf 77' lang='grc' dir='ltr'><strong>βασι.</strong></span> 
     </span>
    </p>
   </div>
   <div class='ocr_carea' id='block_1_73' title="bbox 358 4243 1949 4322">
    <p class='ocr_par' dir='ltr' id='par_1_73' title="bbox 358 4243 1949 4322">
     <span class='ocr_line' id='line_1_73' title="bbox 358 4243 1949 4322; baseline -0.011 -10"><span class='ocrx_word' id='word_1_476' title='bbox 358 4256 500 4319; x_wconf 72' lang='grc' dir='ltr'><strong>λέως</strong></span> <span class='ocrx_word' id='word_1_477' title='bbox 545 4252 860 4322; x_wconf 81' lang='grc' dir='ltr'><strong>Ῥωμαίων,</strong></span> <span class='ocrx_word' id='word_1_478' title='bbox 889 4248 963 4311; x_wconf 82' lang='grc' dir='ltr'><strong>ὡς</strong></span> <span class='ocrx_word' id='word_1_479' title='bbox 994 4248 1222 4317; x_wconf 75' lang='grc' dir='ltr'><strong>ὑπήκοοι</strong></span> <span class='ocrx_word' id='word_1_480' title='bbox 1256 4243 1427 4299; x_wconf 77' lang='grc' dir='ltr'><strong>αὑτοῦ</strong></span> <span class='ocrx_word' id='word_1_481' title='bbox 1466 4245 1643 4309; x_wconf 58' lang='grc' dir='ltr'><strong>ὄντεςί</strong></span> <span class='ocrx_word' id='word_1_482' title='bbox 1673 4246 1949 4314; x_wconf 78' lang='grc' dir='ltr'><strong>ἐπολεμή-</strong></span> 
     </span>
    </p>
   </div>
   <div class='ocr_carea' id='block_1_74' title="bbox 2042 3054 3619 3130">
    <p class='ocr_par' dir='ltr' id='par_1_74' title="bbox 2042 3054 3619 3130">
     <span class='ocr_line' id='line_1_74' title="bbox 2042 3054 3619 3130; baseline 0.001 -18"><span class='ocrx_word' id='word_1_483' title='bbox 2042 3058 2212 3114; x_wconf 88' lang='lat' dir='ltr'><strong>armis</strong></span> <span class='ocrx_word' id='word_1_484' title='bbox 2266 3057 2646 3129; x_wconf 85' lang='lat' dir='ltr'><strong>deprehensus</strong></span> <span class='ocrx_word' id='word_1_485' title='bbox 2703 3054 2920 3112; x_wconf 89' lang='lat' dir='ltr'><strong>fuisset.</strong></span> <span class='ocrx_word' id='word_1_486' title='bbox 2986 3055 3165 3127; x_wconf 79' lang='lat' dir='ltr'><strong>Atque</strong></span> <span class='ocrx_word' id='word_1_487' title='bbox 3225 3056 3330 3112; x_wconf 85' lang='lat' dir='ltr'><strong>hoc</strong></span> <span class='ocrx_word' id='word_1_488' title='bbox 3399 3058 3619 3130; x_wconf 80' lang='lat' dir='ltr'><strong>quidem</strong></span> 
     </span>
    </p>
   </div>
   <div class='ocr_carea' id='block_1_75' title="bbox 2045 3148 3622 3222">
    <p class='ocr_par' dir='ltr' id='par_1_75' title="bbox 2045 3148 3622 3222">
     <span class='ocr_line' id='line_1_75' title="bbox 2045 3148 3622 3222; baseline 0.001 -17"><span class='ocrx_word' id='word_1_489' title='bbox 2045 3150 2205 3207; x_wconf 86' lang='lat' dir='ltr'><strong>modo</strong></span> <span class='ocrx_word' id='word_1_490' title='bbox 2233 3149 2518 3222; x_wconf 86' lang='lat' dir='ltr'><strong>Bosphoro</strong></span> <span class='ocrx_word' id='word_1_491' title='bbox 2551 3148 2704 3221; x_wconf 78' lang='lat' dir='ltr'><strong>pomi</strong></span> <span class='ocrx_word' id='word_1_492' title='bbox 2740 3163 2860 3203; x_wconf 89' lang='lat' dir='ltr'><strong>eam</strong></span> <span class='ocrx_word' id='word_1_493' title='bbox 2899 3156 3214 3204; x_wconf 89' lang='lat' dir='ltr'><strong>servarunt.</strong></span> <span class='ocrx_word' id='word_1_494' title='bbox 3253 3148 3458 3206; x_wconf 89' lang='lat' dir='ltr'><strong>Diebus</strong></span> <span class='ocrx_word' id='word_1_495' title='bbox 3491 3166 3622 3206; x_wconf 85' lang='lat' dir='ltr'><strong>vero</strong></span> 
     </span>
    </p>
   </div>
   <div class='ocr_carea' id='block_1_76' title="bbox 2043 3241 3616 3315">
    <p class='ocr_par' dir='ltr' id='par_1_76' title="bbox 2043 3241 3616 3315">
     <span class='ocr_line' id='line_1_76' title="bbox 2043 3241 3616 3315; baseline 0 -15"><span class='ocrx_word' id='word_1_496' title='bbox 2043 3246 2252 3315; x_wconf 87' lang='lat' dir='ltr'><strong>aliquot</strong></span> <span class='ocrx_word' id='word_1_497' title='bbox 2293 3242 2496 3314; x_wconf 88' lang='lat' dir='ltr'><strong>elapsis</strong></span> <span class='ocrx_word' id='word_1_498' title='bbox 2530 3243 2797 3299; x_wconf 89' lang='lat' dir='ltr'><strong>Cbrestus</strong></span> <span class='ocrx_word' id='word_1_499' title='bbox 2827 3241 3008 3313; x_wconf 83' lang='lat' dir='ltr'><strong>Papiae</strong></span> <span class='ocrx_word' id='word_1_500' title='bbox 3057 3241 3202 3300; x_wconf 80' lang='lat' dir='ltr'><strong>illius</strong></span> <span class='ocrx_word' id='word_1_501' title='bbox 3240 3242 3616 3300; x_wconf 84' lang='lat' dir='ltr'><strong>Sarmatarum</strong></span> 
     </span>
    </p>
   </div>
   <div class='ocr_carea' id='block_1_77' title="bbox 2044 3334 3623 3403">
    <p class='ocr_par' dir='ltr' id='par_1_77' title="bbox 2044 3334 3623 3403">
     <span class='ocr_line' id='line_1_77' title="bbox 2044 3334 3623 3403; baseline -0.001 -10"><span class='ocrx_word' id='word_1_502' title='bbox 2044 3337 2316 3393; x_wconf 84' lang='lat' dir='ltr'><strong>uxoribus</strong></span> <span class='ocrx_word' id='word_1_503' title='bbox 2343 3335 2521 3391; x_wconf 78' lang='lat' dir='ltr'><strong>dixit:</strong></span> <span class='ocrx_word' id='word_1_504' title='bbox 2550 3334 2698 3390; x_wconf 86' lang='lat' dir='ltr'><strong>Nibil</strong></span> <span class='ocrx_word' id='word_1_505' title='bbox 2723 3349 2860 3403; x_wconf 88' lang='lat' dir='ltr'><strong>opus</strong></span> <span class='ocrx_word' id='word_1_506' title='bbox 2877 3342 2959 3390; x_wconf 82' lang='lat' dir='ltr'><strong>est</strong></span> <span class='ocrx_word' id='word_1_507' title='bbox 2986 3350 3085 3391; x_wconf 84' lang='lat' dir='ltr'><strong>nos</strong></span> <span class='ocrx_word' id='word_1_508' title='bbox 3106 3334 3308 3391; x_wconf 88' lang='lat' dir='ltr'><strong>bellum</strong></span> <span class='ocrx_word' id='word_1_509' title='bbox 3339 3335 3623 3393; x_wconf 84' lang='lat' dir='ltr'><strong>vobiscum</strong></span> 
     </span>
    </p>
   </div>
   <div class='ocr_carea' id='block_1_78' title="bbox 2042 3422 3627 3501">
    <p class='ocr_par' dir='ltr' id='par_1_78' title="bbox 2042 3422 3627 3501">
     <span class='ocr_line' id='line_1_78' title="bbox 2042 3422 3627 3501; baseline 0.001 -19"><span class='ocrx_word' id='word_1_510' title='bbox 2042 3442 2257 3501; x_wconf 89' lang='lat' dir='ltr'><strong>gerere,</strong></span> <span class='ocrx_word' id='word_1_511' title='bbox 2272 3426 2368 3483; x_wconf 89' lang='lat' dir='ltr'><strong>sed</strong></span> <span class='ocrx_word' id='word_1_512' title='bbox 2388 3422 2718 3481; x_wconf 86' lang='lat' dir='ltr'><strong>Sauromato</strong></span> <span class='ocrx_word' id='word_1_513' title='bbox 2735 3422 3108 3479; x_wconf 83' lang='lat' dir='ltr'><strong>Romanorum</strong></span> <span class='ocrx_word' id='word_1_514' title='bbox 3132 3433 3338 3481; x_wconf 89' lang='lat' dir='ltr'><strong>terram</strong></span> <span class='ocrx_word' id='word_1_515' title='bbox 3357 3434 3627 3494; x_wconf 80' lang='lat' dir='ltr'><strong>vastante,</strong></span> 
     </span>
    </p>
   </div>
   <div class='ocr_carea' id='block_1_79' title="bbox 2044 3513 3629 3589">
    <p class='ocr_par' dir='ltr' id='par_1_79' title="bbox 2044 3513 3629 3589">
     <span class='ocr_line' id='line_1_79' title="bbox 2044 3513 3629 3589; baseline -0.001 -17"><span class='ocrx_word' id='word_1_516' title='bbox 2044 3518 2262 3589; x_wconf 87' lang='lat' dir='ltr'><strong>jussum</strong></span> <span class='ocrx_word' id='word_1_517' title='bbox 2306 3514 2465 3572; x_wconf 86' lang='lat' dir='ltr'><strong>nobis</strong></span> <span class='ocrx_word' id='word_1_518' title='bbox 2496 3513 2600 3568; x_wconf 86' lang='lat' dir='ltr'><strong>fuit</strong></span> <span class='ocrx_word' id='word_1_519' title='bbox 2631 3529 2660 3567; x_wconf 93' lang='lat' dir='ltr'><strong>a</strong></span> <span class='ocrx_word' id='word_1_520' title='bbox 2712 3513 3089 3567; x_wconf 75' lang='lat' dir='ltr'><strong>Romanorum</strong></span> <span class='ocrx_word' id='word_1_521' title='bbox 3148 3514 3501 3584; x_wconf 75' lang='lat' dir='ltr'><strong>imperat’ore,</strong></span> <span class='ocrx_word' id='word_1_522' title='bbox 3566 3529 3629 3572; x_wconf 90' lang='lat' dir='ltr'><strong>ut</strong></span> 
     </span>
    </p>
   </div>
   <div class='ocr_carea' id='block_1_80' title="bbox 2048 3605 3625 3680">
    <p class='ocr_par' dir='ltr' id='par_1_80' title="bbox 2048 3605 3625 3680">
     <span class='ocr_line' id='line_1_80' title="bbox 2048 3605 3625 3680; baseline -0.001 -16"><span class='ocrx_word' id='word_1_523' title='bbox 2048 3618 2309 3680; x_wconf 87' lang='lat' dir='ltr'><strong>tanquam</strong></span> <span class='ocrx_word' id='word_1_524' title='bbox 2350 3606 2470 3676; x_wconf 84' lang='lat' dir='ltr'><strong>ejus</strong></span> <span class='ocrx_word' id='word_1_525' title='bbox 2500 3605 2706 3661; x_wconf 88' lang='lat' dir='ltr'><strong>subditi</strong></span> <span class='ocrx_word' id='word_1_526' title='bbox 2741 3618 2892 3657; x_wconf 89' lang='lat' dir='ltr'><strong>arma</strong></span> <span class='ocrx_word' id='word_1_527' title='bbox 2907 3612 3101 3659; x_wconf 88' lang='lat' dir='ltr'><strong>contra</strong></span> <span class='ocrx_word' id='word_1_528' title='bbox 3128 3619 3227 3661; x_wconf 88' lang='lat' dir='ltr'><strong>vos</strong></span> <span class='ocrx_word' id='word_1_529' title='bbox 3258 3620 3625 3672; x_wconf 84' lang='lat' dir='ltr'><strong>sumeremus,</strong></span> 
     </span>
    </p>
   </div>
   <div class='ocr_carea' id='block_1_81' title="bbox 2048 3694 3626 3771">
    <p class='ocr_par' dir='ltr' id='par_1_81' title="bbox 2048 3694 3626 3771">
     <span class='ocr_line' id='line_1_81' title="bbox 2048 3694 3626 3771; baseline 0 -16"><span class='ocrx_word' id='word_1_530' title='bbox 2048 3707 2232 3771; x_wconf 34' lang='lat' dir='ltr'><strong>etovos</strong></span> <span class='ocrx_word' id='word_1_531' title='bbox 2262 3697 2684 3753; x_wconf 87' lang='lat' dir='ltr'><strong>debellaremus.</strong></span> <span class='ocrx_word' id='word_1_532' title='bbox 2719 3694 2775 3749; x_wconf 89' lang='lat' dir='ltr'><strong>Si</strong></span> <span class='ocrx_word' id='word_1_533' title='bbox 2802 3694 2971 3766; x_wconf 87' lang='lat' dir='ltr'><strong>igitur</strong></span> <span class='ocrx_word' id='word_1_534' title='bbox 2996 3695 3050 3749; x_wconf 88' lang='lat' dir='ltr'><strong>in</strong></span> <span class='ocrx_word' id='word_1_535' title='bbox 3078 3695 3210 3751; x_wconf 92' lang='lat' dir='ltr'><strong>urbe</strong></span> <span class='ocrx_word' id='word_1_536' title='bbox 3232 3706 3416 3751; x_wconf 87' lang='lat' dir='ltr'><strong>vestra</strong></span> <span class='ocrx_word' id='word_1_537' title='bbox 3445 3698 3626 3755; x_wconf 80' lang='lat' dir='ltr'><strong>vivere</strong></span> 
     </span>
    </p>
   </div>
   <div class='ocr_carea' id='block_1_82' title="bbox 2050 3787 3626 3861">
    <p class='ocr_par' dir='ltr' id='par_1_82' title="bbox 2050 3787 3626 3861">
     <span class='ocr_line' id='line_1_82' title="bbox 2050 3787 3626 3861; baseline -0.003 -14"><span class='ocrx_word' id='word_1_538' title='bbox 2050 3791 2253 3854; x_wconf 84' lang='lat' dir='ltr'><strong>velitis,</strong></span> <span class='ocrx_word' id='word_1_539' title='bbox 2296 3788 2441 3861; x_wconf 85' lang='lat' dir='ltr'><strong>agite</strong></span> <span class='ocrx_word' id='word_1_540' title='bbox 2481 3787 2551 3842; x_wconf 91' lang='lat' dir='ltr'><strong>ad</strong></span> <span class='ocrx_word' id='word_1_541' title='bbox 2608 3787 2893 3843; x_wconf 88' lang='lat' dir='ltr'><strong>dominum</strong></span> <span class='ocrx_word' id='word_1_542' title='bbox 2928 3795 3166 3843; x_wconf 88' lang='lat' dir='ltr'><strong>vestrum</strong></span> <span class='ocrx_word' id='word_1_543' title='bbox 3241 3787 3626 3845; x_wconf 89' lang='lat' dir='ltr'><strong>Sauromatum</strong></span> 
     </span>
    </p>
   </div>
   <div class='ocr_carea' id='block_1_83' title="bbox 2053 3872 3632 3952">
    <p class='ocr_par' dir='ltr' id='par_1_83' title="bbox 2053 3872 3632 3952">
     <span class='ocr_line' id='line_1_83' title="bbox 2053 3872 3632 3952; baseline -0.003 -16"><span class='ocrx_word' id='word_1_544' title='bbox 2053 3883 2263 3952; x_wconf 78' lang='lat' dir='ltr'><strong>legatos</strong></span> <span class='ocrx_word' id='word_1_545' title='bbox 2287 3879 2597 3941; x_wconf 88' lang='lat' dir='ltr'><strong>mittamus,</strong></span> <span class='ocrx_word' id='word_1_546' title='bbox 2629 3883 2690 3931; x_wconf 90' lang='lat' dir='ltr'><strong>ut</strong></span> <span class='ocrx_word' id='word_1_547' title='bbox 2742 3891 2931 3946; x_wconf 90' lang='lat' dir='ltr'><strong>pacem</strong></span> <span class='ocrx_word' id='word_1_548' title='bbox 2965 3892 3088 3931; x_wconf 92' lang='lat' dir='ltr'><strong>cum</strong></span> <span class='ocrx_word' id='word_1_549' title='bbox 3142 3872 3408 3933; x_wconf 81' lang='lat' dir='ltr'><strong>Romanis</strong></span> <span class='ocrx_word' id='word_1_550' title='bbox 3463 3878 3632 3934; x_wconf 88' lang='lat' dir='ltr'><strong>faciat</strong></span> 
     </span>
    </p>
   </div>
   <div class='ocr_carea' id='block_1_84' title="bbox 2052 3967 3630 4043">
    <p class='ocr_par' dir='ltr' id='par_1_84' title="bbox 2052 3967 3630 4043">
     <span class='ocr_line' id='line_1_84' title="bbox 2052 3967 3630 4043; baseline -0.001 -16"><span class='ocrx_word' id='word_1_551' title='bbox 2052 3970 2417 4043; x_wconf 64' lang='lat' dir='ltr'><strong>praesentibus</strong></span> <span class='ocrx_word' id='word_1_552' title='bbox 2448 3967 2656 4023; x_wconf 89' lang='lat' dir='ltr'><strong>nostris</strong></span> <span class='ocrx_word' id='word_1_553' title='bbox 2696 3967 2910 4038; x_wconf 85' lang='lat' dir='ltr'><strong>legatis,</strong></span> <span class='ocrx_word' id='word_1_554' title='bbox 2970 3975 3133 4037; x_wconf 87' lang='lat' dir='ltr'><strong>atque</strong></span> <span class='ocrx_word' id='word_1_555' title='bbox 3166 3967 3318 4023; x_wconf 90' lang='lat' dir='ltr'><strong>illine</strong></span> <span class='ocrx_word' id='word_1_556' title='bbox 3361 3969 3630 4039; x_wconf 88' lang='lat' dir='ltr'><strong>discedat,</strong></span> 
     </span>
    </p>
   </div>
   <div class='ocr_carea' id='block_1_85' title="bbox 2055 4061 3633 4134">
    <p class='ocr_par' dir='ltr' id='par_1_85' title="bbox 2055 4061 3633 4134">
     <span class='ocr_line' id='line_1_85' title="bbox 2055 4061 3633 4134; baseline 0.002 -16"><span class='ocrx_word' id='word_1_557' title='bbox 2055 4078 2311 4134; x_wconf 84' lang='lat' dir='ltr'><strong>vosquea</strong></span> <span class='ocrx_word' id='word_1_558' title='bbox 2336 4061 2495 4118; x_wconf 90' lang='lat' dir='ltr'><strong>nobis</strong></span> <span class='ocrx_word' id='word_1_559' title='bbox 2522 4061 2577 4115; x_wconf 89' lang='lat' dir='ltr'><strong>in</strong></span> <span class='ocrx_word' id='word_1_560' title='bbox 2613 4062 2801 4117; x_wconf 88' lang='lat' dir='ltr'><strong>urbem</strong></span> <span class='ocrx_word' id='word_1_561' title='bbox 2834 4068 3080 4116; x_wconf 82' lang='lat' dir='ltr'><strong>nostrain</strong></span> <span class='ocrx_word' id='word_1_562' title='bbox 3142 4061 3404 4120; x_wconf 85' lang='lat' dir='ltr'><strong>redituris</strong></span> <span class='ocrx_word' id='word_1_563' title='bbox 3444 4064 3633 4121; x_wconf 84' lang='lat' dir='ltr'><strong>dimit-</strong></span> 
     </span>
    </p>
   </div>
   <div class='ocr_carea' id='block_1_86' title="bbox 2054 4154 3635 4225">
    <p class='ocr_par' dir='ltr' id='par_1_86' title="bbox 2054 4154 3635 4225">
     <span class='ocr_line' id='line_1_86' title="bbox 2054 4154 3635 4225; baseline 0.001 -13"><span class='ocrx_word' id='word_1_564' title='bbox 2054 4157 2269 4213; x_wconf 91' lang='lat' dir='ltr'><strong>tamini.</strong></span> <span class='ocrx_word' id='word_1_565' title='bbox 2331 4154 2399 4210; x_wconf 88' lang='lat' dir='ltr'><strong>Et</strong></span> <span class='ocrx_word' id='word_1_566' title='bbox 2429 4154 2758 4211; x_wconf 80' lang='lat' dir='ltr'><strong>Sauromata</strong></span> <span class='ocrx_word' id='word_1_567' title='bbox 2792 4154 3005 4225; x_wconf 85' lang='lat' dir='ltr'><strong>legatos</strong></span> <span class='ocrx_word' id='word_1_568' title='bbox 3038 4163 3261 4210; x_wconf 84' lang='lat' dir='ltr'><strong>nostros</strong></span> <span class='ocrx_word' id='word_1_569' title='bbox 3320 4156 3635 4214; x_wconf 86' lang='lat' dir='ltr'><strong>remittente</strong></span> 
     </span>
    </p>
   </div>
   <div class='ocr_carea' id='block_1_87' title="bbox 2057 4244 3632 4316">
    <p class='ocr_par' dir='ltr' id='par_1_87' title="bbox 2057 4244 3632 4316">
     <span class='ocr_line' id='line_1_87' title="bbox 2057 4244 3632 4316; baseline 0.004 -15"><span class='ocrx_word' id='word_1_570' title='bbox 2057 4262 2182 4301; x_wconf 89' lang='lat' dir='ltr'><strong>enm</strong></span> <span class='ocrx_word' id='word_1_571' title='bbox 2219 4246 2337 4303; x_wconf 91' lang='lat' dir='ltr'><strong>suis</strong></span> <span class='ocrx_word' id='word_1_572' title='bbox 2370 4246 2463 4316; x_wconf 88' lang='lat' dir='ltr'><strong>qui</strong></span> <span class='ocrx_word' id='word_1_573' title='bbox 2499 4246 2567 4301; x_wconf 91' lang='lat' dir='ltr'><strong>de</strong></span> <span class='ocrx_word' id='word_1_574' title='bbox 2591 4260 2724 4315; x_wconf 90' lang='lat' dir='ltr'><strong>pace</strong></span> <span class='ocrx_word' id='word_1_575' title='bbox 2753 4244 3087 4315; x_wconf 79' lang='lat' dir='ltr'><strong>signiﬁcent,</strong></span> <span class='ocrx_word' id='word_1_576' title='bbox 3119 4245 3462 4304; x_wconf 75' lang='lat' dir='ltr'><strong>dimittamus</strong></span> <span class='ocrx_word' id='word_1_577' title='bbox 3511 4264 3632 4312; x_wconf 82' lang='lat' dir='ltr'><strong>vos.</strong></span> 
     </span>
    </p>
   </div>
   <div class='ocr_carea' id='block_1_88' title="bbox 361 4333 1937 4417">
    <p class='ocr_par' dir='ltr' id='par_1_88' title="bbox 361 4336 1926 4417">
     <span class='ocr_line' id='line_1_88' title="bbox 361 4336 1926 4417; baseline -0.008 -15"><span class='ocrx_word' id='word_1_578' title='bbox 361 4365 542 4417; x_wconf 81' lang='grc' dir='ltr'><strong>σαμεν</strong></span> <span class='ocrx_word' id='word_1_579' title='bbox 582 4345 751 4415; x_wconf 76' lang='grc' dir='ltr'><strong>ὑμᾶς.</strong></span> <span class='ocrx_word' id='word_1_580' title='bbox 814 4341 940 4394; x_wconf 80' lang='grc' dir='ltr'><strong>Ἐὰν</strong></span> <span class='ocrx_word' id='word_1_581' title='bbox 984 4338 1083 4392; x_wconf 77' lang='grc' dir='ltr'><strong>οὖν</strong></span> <span class='ocrx_word' id='word_1_582' title='bbox 1140 4337 1332 4409; x_wconf 78' lang='grc' dir='ltr'><strong>θέλητε</strong></span> <span class='ocrx_word' id='word_1_583' title='bbox 1392 4336 1552 4408; x_wconf 78' lang='grc' dir='ltr'><strong>ζῆσαι</strong></span> <span class='ocrx_word' id='word_1_584' title='bbox 1582 4339 1642 4390; x_wconf 78' lang='grc' dir='ltr'><strong>ἐν</strong></span> <span class='ocrx_word' id='word_1_585' title='bbox 1690 4340 1755 4409; x_wconf 79' lang='grc' dir='ltr'><strong>τῇ</strong></span> <span class='ocrx_word' id='word_1_586' title='bbox 1800 4337 1926 4389; x_wconf 78' lang='grc' dir='ltr'><strong>πὸλε</strong></span> 
     </span>
    </p>
   </div>
   <div class='ocr_carea' id='block_1_89' title="bbox 2039 4333 3635 4417">
    <p class='ocr_par' dir='ltr' id='par_1_89' title="bbox 2063 4333 3635 4395">
     <span class='ocr_line' id='line_1_89' title="bbox 2063 4333 3635 4395; baseline 0.003 -5"><span class='ocrx_word' id='word_1_587' title='bbox 2063 4350 2128 4390; x_wconf 85' lang='lat' dir='ltr'><strong>ac</strong></span> <span class='ocrx_word' id='word_1_588' title='bbox 2163 4334 2537 4390; x_wconf 87' lang='lat' dir='ltr'><strong>discedemus.</strong></span> <span class='ocrx_word' id='word_1_589' title='bbox 2568 4333 2676 4390; x_wconf 85' lang='lat' dir='ltr'><strong>Sed</strong></span> <span class='ocrx_word' id='word_1_590' title='bbox 2707 4335 2751 4389; x_wconf 88' lang='lat' dir='ltr'><strong>si</strong></span> <span class='ocrx_word' id='word_1_591' title='bbox 2783 4334 3021 4390; x_wconf 89' lang='lat' dir='ltr'><strong>voluerit</strong></span> <span class='ocrx_word' id='word_1_592' title='bbox 3092 4334 3451 4393; x_wconf 88' lang='lat' dir='ltr'><strong>Sauromatus</strong></span> <span class='ocrx_word' id='word_1_593' title='bbox 3506 4339 3635 4395; x_wconf 80' lang='lat' dir='ltr'><strong>dolo</strong></span> 
     </span>
    </p>
   </div>
   <div class='ocr_carea' id='block_1_90' title="bbox 359 4429 1956 4511">
    <p class='ocr_par' dir='ltr' id='par_1_90' title="bbox 359 4429 1956 4511">
     <span class='ocr_line' id='line_1_90' title="bbox 359 4429 1956 4511; baseline -0.016 -16"><span class='ocrx_word' id='word_1_594' title='bbox 359 4439 546 4511; x_wconf 76' lang='grc' dir='ltr'><strong>ὑμῶν.</strong></span> <span class='ocrx_word' id='word_1_595' title='bbox 586 4435 744 4489; x_wconf 75' lang='grc' dir='ltr'><strong>δεῦτε</strong></span> <span class='ocrx_word' id='word_1_596' title='bbox 801 4430 1227 4500; x_wconf 71' lang='grc' dir='ltr'><strong>ἀποστέλὶωμεν</strong></span> <span class='ocrx_word' id='word_1_597' title='bbox 1260 4429 1522 4501; x_wconf 77' lang='grc' dir='ltr'><strong>πρέσϐεις</strong></span> <span class='ocrx_word' id='word_1_598' title='bbox 1553 4430 1691 4500; x_wconf 80' lang='grc' dir='ltr'><strong>πρὸς</strong></span> <span class='ocrx_word' id='word_1_599' title='bbox 1728 4431 1820 4484; x_wconf 73' lang='grc' dir='ltr'><strong>τὸν</strong></span> <span class='ocrx_word' id='word_1_600' title='bbox 1857 4429 1956 4483; x_wconf 73' lang='grc' dir='ltr'><strong>κύ-</strong></span> 
     </span>
    </p>
   </div>
   <div class='ocr_carea' id='block_1_91' title="bbox 360 4514 1959 4605">
    <p class='ocr_par' dir='ltr' id='par_1_91' title="bbox 360 4514 1959 4605">
     <span class='ocr_line' id='line_1_91' title="bbox 360 4514 1959 4605; baseline -0.009 -19"><span class='ocrx_word' id='word_1_601' title='bbox 360 4548 487 4605; x_wconf 80' lang='grc' dir='ltr'><strong>ριον</strong></span> <span class='ocrx_word' id='word_1_602' title='bbox 516 4527 675 4600; x_wconf 86' lang='grc' dir='ltr'><strong>ὑμῶν</strong></span> <span class='ocrx_word' id='word_1_603' title='bbox 698 4525 1072 4595; x_wconf 87' lang='grc' dir='ltr'><strong>Σαυρόματον,</strong></span> <span class='ocrx_word' id='word_1_604' title='bbox 1100 4523 1186 4592; x_wconf 73' lang='grc' dir='ltr'><strong>ἐφ’</strong></span> <span class='ocrx_word' id='word_1_605' title='bbox 1206 4514 1253 4589; x_wconf 79' lang='grc' dir='ltr'>ᾧ</span> <span class='ocrx_word' id='word_1_606' title='bbox 1283 4538 1344 4575; x_wconf 87' lang='grc' dir='ltr'><strong>τε</strong></span> <span class='ocrx_word' id='word_1_607' title='bbox 1368 4521 1529 4574; x_wconf 82' lang='grc' dir='ltr'><strong>αὑτὸν</strong></span> <span class='ocrx_word' id='word_1_608' title='bbox 1548 4521 1776 4593; x_wconf 84' lang='grc' dir='ltr'><strong>ποιῆσαι</strong></span> <span class='ocrx_word' id='word_1_609' title='bbox 1808 4521 1959 4591; x_wconf 77' lang='grc' dir='ltr'><strong>εἱρήο</strong></span> 
     </span>
    </p>
   </div>
   <div class='ocr_carea' id='block_1_92' title="bbox 2056 4424 3634 4497">
    <p class='ocr_par' dir='ltr' id='par_1_92' title="bbox 2056 4424 3634 4497">
     <span class='ocr_line' id='line_1_92' title="bbox 2056 4424 3634 4497; baseline 0.001 -16"><span class='ocrx_word' id='word_1_610' title='bbox 2056 4427 2241 4497; x_wconf 85' lang='lat' dir='ltr'><strong>aliquo</strong></span> <span class='ocrx_word' id='word_1_611' title='bbox 2276 4425 2687 4481; x_wconf 86' lang='lat' dir='ltr'><strong>circumventos</strong></span> <span class='ocrx_word' id='word_1_612' title='bbox 2714 4424 2802 4479; x_wconf 82' lang='lat' dir='ltr'><strong>hic</strong></span> <span class='ocrx_word' id='word_1_613' title='bbox 2841 4424 3197 4489; x_wconf 87' lang='lat' dir='ltr'><strong>concludere,</strong></span> <span class='ocrx_word' id='word_1_614' title='bbox 3242 4426 3495 4497; x_wconf 84' lang='lat' dir='ltr'><strong>belloque</strong></span> <span class='ocrx_word' id='word_1_615' title='bbox 3545 4428 3634 4483; x_wconf 84' lang='lat' dir='ltr'><strong>in-</strong></span> 
     </span>
    </p>
   </div>
   <div class='ocr_carea' id='block_1_93' title="bbox 2056 4515 3639 4592">
    <p class='ocr_par' dir='ltr' id='par_1_93' title="bbox 2056 4515 3639 4592">
     <span class='ocr_line' id='line_1_93' title="bbox 2056 4515 3639 4592; baseline 0.002 -19"><span class='ocrx_word' id='word_1_616' title='bbox 2056 4518 2138 4575; x_wconf 90' lang='lat' dir='ltr'><strong>fes</strong></span> <span class='ocrx_word' id='word_1_617' title='bbox 2152 4526 2291 4583; x_wconf 87' lang='lat' dir='ltr'><strong>tare,</strong></span> <span class='ocrx_word' id='word_1_618' title='bbox 2334 4530 2542 4588; x_wconf 89' lang='lat' dir='ltr'><strong>nosque</strong></span> <span class='ocrx_word' id='word_1_619' title='bbox 2579 4515 2632 4570; x_wconf 87' lang='lat' dir='ltr'><strong>id</strong></span> <span class='ocrx_word' id='word_1_620' title='bbox 2671 4530 2769 4587; x_wconf 89' lang='lat' dir='ltr'><strong>per</strong></span> <span class='ocrx_word' id='word_1_621' title='bbox 2790 4515 3137 4572; x_wconf 79' lang='lat' dir='ltr'><strong>excubitores</strong></span> <span class='ocrx_word' id='word_1_622' title='bbox 3180 4526 3400 4574; x_wconf 85' lang='lat' dir='ltr'><strong>nostros</strong></span> <span class='ocrx_word' id='word_1_623' title='bbox 3433 4534 3639 4592; x_wconf 92' lang='lat' dir='ltr'><strong>cogno-</strong></span> 
     </span>
    </p>
   </div>
   <div class='ocr_carea' id='block_1_94' title="bbox 359 4607 1937 4696">
    <p class='ocr_par' dir='ltr' id='par_1_94' title="bbox 359 4610 1937 4696">
     <span class='ocr_line' id='line_1_94' title="bbox 359 4610 1937 4696; baseline -0.008 -20"><span class='ocrx_word' id='word_1_624' title='bbox 359 4642 469 4696; x_wconf 81' lang='grc' dir='ltr'><strong>νην</strong></span> <span class='ocrx_word' id='word_1_625' title='bbox 523 4619 670 4693; x_wconf 75' lang='grc' dir='ltr'><strong>μετὰ</strong></span> <span class='ocrx_word' id='word_1_626' title='bbox 704 4618 813 4673; x_wconf 88' lang='grc' dir='ltr'><strong>τῶν</strong></span> <span class='ocrx_word' id='word_1_627' title='bbox 856 4615 1143 4687; x_wconf 81' lang='grc' dir='ltr'><strong>Ῥωμαίων</strong></span> <span class='ocrx_word' id='word_1_628' title='bbox 1173 4614 1260 4668; x_wconf 73' lang='grc' dir='ltr'><strong>ἐπ’</strong></span> <span class='ocrx_word' id='word_1_629' title='bbox 1314 4610 1474 4682; x_wconf 73' lang='grc' dir='ltr'><strong>ὄψεσι</strong></span> <span class='ocrx_word' id='word_1_630' title='bbox 1527 4611 1637 4665; x_wconf 83' lang='grc' dir='ltr'><strong>τῶν</strong></span> <span class='ocrx_word' id='word_1_631' title='bbox 1673 4611 1937 4683; x_wconf 51' lang='grc' dir='ltr'><strong>πρέσϐεως</strong></span> 
     </span>
    </p>
   </div>
   <div class='ocr_carea' id='block_1_95' title="bbox 2039 4607 3639 4696">
    <p class='ocr_par' dir='ltr' id='par_1_95' title="bbox 2059 4607 3639 4676">
     <span class='ocr_line' id='line_1_95' title="bbox 2059 4607 3639 4676; baseline 0.004 -13"><span class='ocrx_word' id='word_1_632' title='bbox 2059 4609 2324 4676; x_wconf 84' lang='lat' dir='ltr'><strong>verimus,</strong></span> <span class='ocrx_word' id='word_1_633' title='bbox 2351 4622 2545 4664; x_wconf 89' lang='lat' dir='ltr'><strong>omnes</strong></span> <span class='ocrx_word' id='word_1_634' title='bbox 2562 4623 2660 4663; x_wconf 90' lang='lat' dir='ltr'><strong>vos</strong></span> <span class='ocrx_word' id='word_1_635' title='bbox 2692 4622 2722 4661; x_wconf 91' lang='lat' dir='ltr'><strong>a</strong></span> <span class='ocrx_word' id='word_1_636' title='bbox 2770 4607 3008 4663; x_wconf 85' lang='lat' dir='ltr'><strong>maximo</strong></span> <span class='ocrx_word' id='word_1_637' title='bbox 3054 4608 3120 4663; x_wconf 92' lang='lat' dir='ltr'><strong>ad</strong></span> <span class='ocrx_word' id='word_1_638' title='bbox 3175 4610 3463 4666; x_wconf 88' lang='lat' dir='ltr'><strong>minimum</strong></span> <span class='ocrx_word' id='word_1_639' title='bbox 3515 4621 3639 4669; x_wconf 85' lang='lat' dir='ltr'><strong>tru-</strong></span> 
     </span>
    </p>
   </div>
   <div class='ocr_carea' id='block_1_96' title="bbox 360 4702 1959 4788">
    <p class='ocr_par' dir='ltr' id='par_1_96' title="bbox 360 4702 1959 4788">
     <span class='ocr_line' id='line_1_96' title="bbox 360 4702 1959 4788; baseline -0.016 -18"><span class='ocrx_word' id='word_1_640' title='bbox 360 4713 555 4788; x_wconf 70' lang='grc' dir='ltr'><strong>ἡμῶν.</strong></span> <span class='ocrx_word' id='word_1_641' title='bbox 592 4709 692 4764; x_wconf 80' lang='grc' dir='ltr'><strong>καὶ</strong></span> <span class='ocrx_word' id='word_1_642' title='bbox 723 4708 1077 4778; x_wconf 75' lang='grc' dir='ltr'><strong>ἀναχωρῆσαι</strong></span> <span class='ocrx_word' id='word_1_643' title='bbox 1102 4705 1212 4758; x_wconf 87' lang='grc' dir='ltr'><strong>τῶν</strong></span> <span class='ocrx_word' id='word_1_644' title='bbox 1242 4704 1446 4765; x_wconf 72' lang='grc' dir='ltr'><strong>ἐκεῖσε,</strong></span> <span class='ocrx_word' id='word_1_645' title='bbox 1480 4702 1576 4755; x_wconf 76' lang='grc' dir='ltr'><strong>καὶ</strong></span> <span class='ocrx_word' id='word_1_646' title='bbox 1610 4703 1772 4772; x_wconf 78' lang='grc' dir='ltr'><strong>ἡμεῖς</strong></span> <span class='ocrx_word' id='word_1_647' title='bbox 1798 4703 1959 4771; x_wconf 65' lang='lat' dir='ltr'><strong>dapis-</strong></span> 
     </span>
    </p>
   </div>
   <div class='ocr_carea' id='block_1_97' title="bbox 363 4793 1954 4881">
    <p class='ocr_par' dir='ltr' id='par_1_97' title="bbox 363 4793 1954 4881">
     <span class='ocr_line' id='line_1_97' title="bbox 363 4793 1954 4881; baseline -0.01 -20"><span class='ocrx_word' id='word_1_648' title='bbox 363 4826 475 4881; x_wconf 72' lang='grc' dir='ltr'><strong>μιν</strong></span> <span class='ocrx_word' id='word_1_649' title='bbox 508 4806 682 4876; x_wconf 71' lang='grc' dir='ltr'><strong>ὑμᾶς,</strong></span> <span class='ocrx_word' id='word_1_650' title='bbox 712 4803 807 4855; x_wconf 72' lang='grc' dir='ltr'><strong>καὶ</strong></span> <span class='ocrx_word' id='word_1_651' title='bbox 834 4796 1188 4869; x_wconf 76' lang='grc' dir='ltr'><strong>ἀπερχόμεθα</strong></span> <span class='ocrx_word' id='word_1_652' title='bbox 1218 4796 1278 4848; x_wconf 80' lang='grc' dir='ltr'><strong>ὲν</strong></span> <span class='ocrx_word' id='word_1_653' title='bbox 1306 4797 1373 4865; x_wconf 81' lang='grc' dir='ltr'><strong>τῇ</strong></span> <span class='ocrx_word' id='word_1_654' title='bbox 1406 4794 1562 4847; x_wconf 83' lang='grc' dir='ltr'><strong>πόλει</strong></span> <span class='ocrx_word' id='word_1_655' title='bbox 1595 4794 1772 4865; x_wconf 78' lang='grc' dir='ltr'><strong>ἡμῶν.</strong></span> <span class='ocrx_word' id='word_1_656' title='bbox 1797 4793 1954 4847; x_wconf 78' lang='grc' dir='ltr'><strong>Οὕτω</strong></span> 
     </span>
    </p>
   </div>
   <div class='ocr_carea' id='block_1_98' title="bbox 366 4883 1957 4972">
    <p class='ocr_par' dir='ltr' id='par_1_98' title="bbox 366 4883 1957 4972">
     <span class='ocr_line' id='line_1_98' title="bbox 366 4883 1957 4972; baseline -0.011 -17"><span class='ocrx_word' id='word_1_657' title='bbox 366 4899 564 4972; x_wconf 75' lang='grc' dir='ltr'><strong>μέντοι</strong></span> <span class='ocrx_word' id='word_1_658' title='bbox 627 4892 1051 4965; x_wconf 86' lang='grc' dir='ltr'><strong>προπέμποντος</strong></span> <span class='ocrx_word' id='word_1_659' title='bbox 1103 4886 1458 4955; x_wconf 79' lang='grc' dir='ltr'><strong>Σαυρόματος</strong></span> <span class='ocrx_word' id='word_1_660' title='bbox 1532 4883 1769 4937; x_wconf 79' lang='grc' dir='ltr'><strong>ἐνταῦθα</strong></span> <span class='ocrx_word' id='word_1_661' title='bbox 1831 4887 1957 4948; x_wconf 73' lang='grc' dir='ltr'><strong>τοὺς</strong></span> 
     </span>
    </p>
   </div>
   <div class='ocr_carea' id='block_1_99' title="bbox 364 4974 1948 5064">
    <p class='ocr_par' dir='ltr' id='par_1_99' title="bbox 364 4974 1948 5064">
     <span class='ocr_line' id='line_1_99' title="bbox 364 4974 1948 5064; baseline -0.013 -18"><span class='ocrx_word' id='word_1_662' title='bbox 364 4990 638 5064; x_wconf 76' lang='grc' dir='ltr'><strong>πρέσϐεις</strong></span> <span class='ocrx_word' id='word_1_663' title='bbox 670 4985 852 5058; x_wconf 78' lang='grc' dir='ltr'><strong>ἡμῶν,</strong></span> <span class='ocrx_word' id='word_1_664' title='bbox 888 4983 983 5038; x_wconf 73' lang='grc' dir='ltr'><strong>καὶ</strong></span> <span class='ocrx_word' id='word_1_665' title='bbox 1025 4980 1163 5051; x_wconf 84' lang='grc' dir='ltr'><strong>μετά</strong></span> <span class='ocrx_word' id='word_1_666' title='bbox 1186 4979 1297 5033; x_wconf 85' lang='grc' dir='ltr'><strong>τῶν</strong></span> <span class='ocrx_word' id='word_1_667' title='bbox 1336 4976 1482 5030; x_wconf 78' lang='grc' dir='ltr'><strong>ἰδίων</strong></span> <span class='ocrx_word' id='word_1_668' title='bbox 1508 4974 1812 5063; x_wconf 63' lang='grc' dir='ltr'><strong>ἀνθριῦπων</strong></span> <span class='ocrx_word' id='word_1_669' title='bbox 1849 4994 1948 5046; x_wconf 82' lang='grc' dir='ltr'><strong>μη-</strong></span> 
     </span>
    </p>
   </div>
   <div class='ocr_carea' id='block_1_100' title="bbox 364 5066 1957 5149">
    <p class='ocr_par' dir='ltr' id='par_1_100' title="bbox 364 5066 1957 5149">
     <span class='ocr_line' id='line_1_100' title="bbox 364 5066 1957 5149; baseline -0.012 -13"><span class='ocrx_word' id='word_1_670' title='bbox 364 5083 516 5136; x_wconf 79' lang='grc' dir='ltr'><strong>νύων</strong></span> <span class='ocrx_word' id='word_1_671' title='bbox 568 5080 705 5149; x_wconf 77' lang='grc' dir='ltr'><strong>ἡμῖν</strong></span> <span class='ocrx_word' id='word_1_672' title='bbox 756 5076 824 5130; x_wconf 77' lang='grc' dir='ltr'><strong>τά</strong></span> <span class='ocrx_word' id='word_1_673' title='bbox 878 5075 978 5143; x_wconf 79' lang='grc' dir='ltr'><strong>τῆς</strong></span> <span class='ocrx_word' id='word_1_674' title='bbox 1034 5073 1282 5143; x_wconf 79' lang='grc' dir='ltr'><strong>εἰρήνης,</strong></span> <span class='ocrx_word' id='word_1_675' title='bbox 1331 5067 1427 5120; x_wconf 76' lang='grc' dir='ltr'><strong>καὶ</strong></span> <span class='ocrx_word' id='word_1_676' title='bbox 1474 5066 1647 5130; x_wconf 74' lang='grc' dir='ltr'><strong>οὕτως</strong></span> <span class='ocrx_word' id='word_1_677' title='bbox 1708 5067 1957 5137; x_wconf 79' lang='grc' dir='ltr'><strong>ἀφίωμεν</strong></span> 
     </span>
    </p>
   </div>
   <div class='ocr_carea' id='block_1_101' title="bbox 369 5160 1961 5245">
    <p class='ocr_par' dir='ltr' id='par_1_101' title="bbox 369 5160 1961 5245">
     <span class='ocr_line' id='line_1_101' title="bbox 369 5160 1961 5245; baseline -0.01 -18"><span class='ocrx_word' id='word_1_678' title='bbox 369 5176 545 5245; x_wconf 74' lang='grc' dir='ltr'><strong>ὑμᾶς,</strong></span> <span class='ocrx_word' id='word_1_679' title='bbox 584 5171 683 5224; x_wconf 72' lang='grc' dir='ltr'><strong>καὶ</strong></span> <span class='ocrx_word' id='word_1_680' title='bbox 711 5165 1123 5238; x_wconf 83' lang='grc' dir='ltr'><strong>άναχωροῦμεν·</strong></span> <span class='ocrx_word' id='word_1_681' title='bbox 1161 5165 1207 5214; x_wconf 76' lang='grc' dir='ltr'>εἰ</span> <span class='ocrx_word' id='word_1_682' title='bbox 1236 5161 1293 5214; x_wconf 81' lang='grc' dir='ltr'>δὲ</span> <span class='ocrx_word' id='word_1_683' title='bbox 1331 5160 1427 5214; x_wconf 68' lang='grc' dir='ltr'><strong>καὶ</strong></span> <span class='ocrx_word' id='word_1_684' title='bbox 1454 5160 1723 5231; x_wconf 75' lang='grc' dir='ltr'><strong>δοκιμάσῃ</strong></span> <span class='ocrx_word' id='word_1_685' title='bbox 1757 5160 1961 5229; x_wconf 80' lang='grc' dir='ltr'><strong>Σαυρό-</strong></span> 
     </span>
    </p>
   </div>
   <div class='ocr_carea' id='block_1_102' title="bbox 370 5250 1961 5339">
    <p class='ocr_par' dir='ltr' id='par_1_102' title="bbox 370 5250 1961 5339">
     <span class='ocr_line' id='line_1_102' title="bbox 370 5250 1961 5339; baseline -0.012 -19"><span class='ocrx_word' id='word_1_686' title='bbox 370 5282 546 5339; x_wconf 75' lang='grc' dir='ltr'><strong>ματος</strong></span> <span class='ocrx_word' id='word_1_687' title='bbox 587 5263 725 5333; x_wconf 86' lang='grc' dir='ltr'><strong>δόλῳ</strong></span> <span class='ocrx_word' id='word_1_688' title='bbox 751 5261 855 5313; x_wconf 76' lang='grc' dir='ltr'><strong>τινὶ</strong></span> <span class='ocrx_word' id='word_1_689' title='bbox 886 5257 1164 5330; x_wconf 71' lang='grc' dir='ltr'><strong>ἔρχεσθαι,</strong></span> <span class='ocrx_word' id='word_1_690' title='bbox 1192 5254 1269 5315; x_wconf 85' lang='grc' dir='ltr'><strong>ὡς</strong></span> <span class='ocrx_word' id='word_1_691' title='bbox 1300 5252 1536 5321; x_wconf 76' lang='grc' dir='ltr'><strong>νομίζων</strong></span> <span class='ocrx_word' id='word_1_692' title='bbox 1564 5252 1707 5320; x_wconf 78' lang='grc' dir='ltr'><strong>ἡμᾶς</strong></span> <span class='ocrx_word' id='word_1_693' title='bbox 1727 5250 1961 5305; x_wconf 76' lang='grc' dir='ltr'>ἐνταῦθα</span> 
     </span>
    </p>
   </div>
   <div class='ocr_carea' id='block_1_103' title="bbox 371 5341 1959 5425">
    <p class='ocr_par' dir='ltr' id='par_1_103' title="bbox 371 5341 1959 5425">
     <span class='ocr_line' id='line_1_103' title="bbox 371 5341 1959 5425; baseline -0.009 -15"><span class='ocrx_word' id='word_1_694' title='bbox 371 5355 698 5425; x_wconf 79' lang='grc' dir='ltr'><strong>συγκλεῖσαι</strong></span> <span class='ocrx_word' id='word_1_695' title='bbox 757 5350 852 5404; x_wconf 74' lang='grc' dir='ltr'><strong>καὶ</strong></span> <span class='ocrx_word' id='word_1_696' title='bbox 899 5345 1208 5419; x_wconf 74' lang='grc' dir='ltr'><strong>πολεμῆσαι</strong></span> <span class='ocrx_word' id='word_1_697' title='bbox 1243 5341 1380 5415; x_wconf 82' lang='lat'><strong>(58),</strong></span> <span class='ocrx_word' id='word_1_698' title='bbox 1409 5344 1502 5397; x_wconf 75' lang='grc' dir='ltr'><strong>καὶ</strong></span> <span class='ocrx_word' id='word_1_699' title='bbox 1538 5341 1758 5412; x_wconf 84' lang='grc' dir='ltr'><strong>γνῶμεν</strong></span> <span class='ocrx_word' id='word_1_700' title='bbox 1800 5343 1959 5396; x_wconf 83' lang='grc' dir='ltr'><strong>τοῦτο</strong></span> 
     </span>
    </p>
   </div>
   <div class='ocr_carea' id='block_1_104' title="bbox 2057 4700 3637 4777">
    <p class='ocr_par' dir='ltr' id='par_1_104' title="bbox 2057 4700 3637 4777">
     <span class='ocr_line' id='line_1_104' title="bbox 2057 4700 3637 4777; baseline 0.003 -20"><span class='ocrx_word' id='word_1_701' title='bbox 2057 4701 2390 4767; x_wconf 85' lang='lat' dir='ltr'><strong>cidabimus,</strong></span> <span class='ocrx_word' id='word_1_702' title='bbox 2460 4708 2628 4767; x_wconf 90' lang='lat' dir='ltr'><strong>atque</strong></span> <span class='ocrx_word' id='word_1_703' title='bbox 2686 4702 2761 4755; x_wconf 85' lang='lat' dir='ltr'><strong>ita</strong></span> <span class='ocrx_word' id='word_1_704' title='bbox 2845 4701 2974 4755; x_wconf 86' lang='lat' dir='ltr'><strong>hinc</strong></span> <span class='ocrx_word' id='word_1_705' title='bbox 3047 4700 3324 4758; x_wconf 81' lang='lat' dir='ltr'><strong>abibimus</strong></span> <span class='ocrx_word' id='word_1_706' title='bbox 3384 4721 3397 4758; x_wconf 91' lang='lat'><strong>:</strong></span> <span class='ocrx_word' id='word_1_707' title='bbox 3455 4722 3637 4777; x_wconf 88' lang='lat' dir='ltr'><strong>neque</strong></span> 
     </span>
    </p>
   </div>
   <div class='ocr_carea' id='block_1_105' title="bbox 2060 4791 3637 4865">
    <p class='ocr_par' dir='ltr' id='par_1_105' title="bbox 2060 4791 3637 4865">
     <span class='ocr_line' id='line_1_105' title="bbox 2060 4791 3637 4865; baseline 0.003 -16"><span class='ocrx_word' id='word_1_708' title='bbox 2060 4794 2359 4865; x_wconf 86' lang='lat' dir='ltr'><strong>quidquam</strong></span> <span class='ocrx_word' id='word_1_709' title='bbox 2388 4807 2553 4864; x_wconf 88' lang='lat' dir='ltr'><strong>porro</strong></span> <span class='ocrx_word' id='word_1_710' title='bbox 2613 4791 2943 4847; x_wconf 90' lang='lat' dir='ltr'><strong>Sauromato</strong></span> <span class='ocrx_word' id='word_1_711' title='bbox 2984 4792 3036 4848; x_wconf 94' lang='lat' dir='ltr'><strong>id</strong></span> <span class='ocrx_word' id='word_1_712' title='bbox 3110 4794 3377 4864; x_wconf 89' lang='lat' dir='ltr'><strong>proderit,</strong></span> <span class='ocrx_word' id='word_1_713' title='bbox 3431 4795 3637 4854; x_wconf 84' lang='lat' dir='ltr'><strong>familia</strong></span> 
     </span>
    </p>
   </div>
   <div class='ocr_carea' id='block_1_106' title="bbox 2059 4881 3641 4944">
    <p class='ocr_par' dir='ltr' id='par_1_106' title="bbox 2059 4881 3641 4944">
     <span class='ocr_line' id='line_1_106' title="bbox 2059 4881 3641 4944; baseline 0.003 -5"><span class='ocrx_word' id='word_1_714' title='bbox 2059 4885 2209 4940; x_wconf 91' lang='lat' dir='ltr'><strong>omni</strong></span> <span class='ocrx_word' id='word_1_715' title='bbox 2236 4893 2292 4939; x_wconf 89' lang='lat' dir='ltr'><strong>et</strong></span> <span class='ocrx_word' id='word_1_716' title='bbox 2318 4884 2453 4939; x_wconf 85' lang='lat' dir='ltr'><strong>urbe</strong></span> <span class='ocrx_word' id='word_1_717' title='bbox 2489 4883 2712 4938; x_wconf 88' lang='lat' dir='ltr'><strong>amissa.</strong></span> <span class='ocrx_word' id='word_1_718' title='bbox 2738 4881 2834 4937; x_wconf 86' lang='lat' dir='ltr'><strong>His</strong></span> <span class='ocrx_word' id='word_1_719' title='bbox 2852 4882 3052 4938; x_wconf 89' lang='lat' dir='ltr'><strong>auditis</strong></span> <span class='ocrx_word' id='word_1_720' title='bbox 3075 4881 3386 4940; x_wconf 90' lang='lat' dir='ltr'><strong>Sauromati</strong></span> <span class='ocrx_word' id='word_1_721' title='bbox 3441 4902 3641 4944; x_wconf 80' lang='lat' dir='ltr'><strong>uxores</strong></span> 
     </span>
    </p>
   </div>
   <div class='ocr_carea' id='block_1_107' title="bbox 2064 4975 3645 5049">
    <p class='ocr_par' dir='ltr' id='par_1_107' title="bbox 2064 4975 3645 5049">
     <span class='ocr_line' id='line_1_107' title="bbox 2064 4975 3645 5049; baseline 0.003 -17"><span class='ocrx_word' id='word_1_722' title='bbox 2064 4976 2226 5049; x_wconf 65' lang='grc' dir='ltr'><strong>ιω</strong></span> <span class='ocrx_word' id='word_1_723' title='bbox 2263 4977 2409 5033; x_wconf 89' lang='lat' dir='ltr'><strong>serio</strong></span> <span class='ocrx_word' id='word_1_724' title='bbox 2443 4991 2557 5032; x_wconf 90' lang='lat' dir='ltr'><strong>rem</strong></span> <span class='ocrx_word' id='word_1_725' title='bbox 2611 4975 2729 5031; x_wconf 80' lang='lat' dir='ltr'><strong>fieri</strong></span> <span class='ocrx_word' id='word_1_726' title='bbox 2755 4984 3043 5043; x_wconf 88' lang='lat' dir='ltr'><strong>curarunt,</strong></span> <span class='ocrx_word' id='word_1_727' title='bbox 3073 4975 3459 5048; x_wconf 86' lang='lat' dir='ltr'><strong>miseruntque</strong></span> <span class='ocrx_word' id='word_1_728' title='bbox 3474 4978 3645 5036; x_wconf 83' lang='lat' dir='ltr'><strong>Cher-</strong></span> 
     </span>
    </p>
   </div>
   <div class='ocr_carea' id='block_1_108' title="bbox 2063 5064 3640 5140">
    <p class='ocr_par' dir='ltr' id='par_1_108' title="bbox 2063 5064 3640 5140">
     <span class='ocr_line' id='line_1_108' title="bbox 2063 5064 3640 5140; baseline 0.001 -17"><span class='ocrx_word' id='word_1_729' title='bbox 2063 5068 2256 5123; x_wconf 72' lang='lat' dir='ltr'><strong>sonitae</strong></span> <span class='ocrx_word' id='word_1_730' title='bbox 2277 5082 2403 5122; x_wconf 90' lang='lat' dir='ltr'><strong>cum</strong></span> <span class='ocrx_word' id='word_1_731' title='bbox 2435 5065 2789 5137; x_wconf 86' lang='lat' dir='ltr'><strong>Bosporianis</strong></span> <span class='ocrx_word' id='word_1_732' title='bbox 2814 5064 3022 5137; x_wconf 89' lang='lat' dir='ltr'><strong>legatos</strong></span> <span class='ocrx_word' id='word_1_733' title='bbox 3047 5068 3445 5138; x_wconf 86' lang='lat' dir='ltr'><strong>quoqueesuis</strong></span> <span class='ocrx_word' id='word_1_734' title='bbox 3474 5069 3605 5140; x_wconf 82' lang='lat' dir='ltr'><strong>quin</strong></span> <span class='ocrx_word' id='word_1_735' title='bbox 3622 5100 3640 5112; x_wconf 75' lang='grc' dir='ltr'><strong>ο</strong></span> 
     </span>
    </p>
   </div>
   <div class='ocr_carea' id='block_1_109' title="bbox 2066 5161 3641 5233">
    <p class='ocr_par' dir='ltr' id='par_1_109' title="bbox 2066 5161 3641 5233">
     <span class='ocr_line' id='line_1_109' title="bbox 2066 5161 3641 5233; baseline 0.002 -19"><span class='ocrx_word' id='word_1_736' title='bbox 2066 5177 2194 5230; x_wconf 84' lang='lat' dir='ltr'><strong>que,</strong></span> <span class='ocrx_word' id='word_1_737' title='bbox 2234 5161 2471 5231; x_wconf 88' lang='lat' dir='ltr'><strong>quirem</strong></span> <span class='ocrx_word' id='word_1_738' title='bbox 2509 5161 2558 5216; x_wconf 89' lang='lat' dir='ltr'><strong>ei</strong></span> <span class='ocrx_word' id='word_1_739' title='bbox 2597 5167 2764 5215; x_wconf 87' lang='lat' dir='ltr'><strong>totam</strong></span> <span class='ocrx_word' id='word_1_740' title='bbox 2789 5168 3169 5229; x_wconf 80' lang='lat' dir='ltr'><strong>exponerent;</strong></span> <span class='ocrx_word' id='word_1_741' title='bbox 3211 5175 3446 5231; x_wconf 90' lang='lat' dir='ltr'><strong>cumque</strong></span> <span class='ocrx_word' id='word_1_742' title='bbox 3484 5162 3641 5233; x_wconf 77' lang='lat' dir='ltr'><strong>juxta</strong></span> 
     </span>
    </p>
   </div>
   <div class='ocr_carea' id='block_1_110' title="bbox 2070 5252 3638 5324">
    <p class='ocr_par' dir='ltr' id='par_1_110' title="bbox 2070 5252 3638 5324">
     <span class='ocr_line' id='line_1_110' title="bbox 2070 5252 3638 5324; baseline 0.001 -19"><span class='ocrx_word' id='word_1_743' title='bbox 2070 5252 2242 5324; x_wconf 86' lang='lat' dir='ltr'><strong>llalyn</strong></span> <span class='ocrx_word' id='word_1_744' title='bbox 2267 5252 2466 5309; x_wconf 81' lang='lat' dir='ltr'><strong>flumen</strong></span> <span class='ocrx_word' id='word_1_745' title='bbox 2499 5252 2565 5309; x_wconf 84' lang='lat' dir='ltr'><strong>ad</strong></span> <span class='ocrx_word' id='word_1_746' title='bbox 2589 5252 2976 5306; x_wconf 79' lang='lat' dir='ltr'><strong>Sauromatum</strong></span> <span class='ocrx_word' id='word_1_747' title='bbox 3026 5253 3325 5319; x_wconf 86' lang='lat' dir='ltr'><strong>venissent,</strong></span> <span class='ocrx_word' id='word_1_748' title='bbox 3380 5267 3638 5323; x_wconf 70' lang='lat' dir='ltr'><strong>quaecun-</strong></span> 
     </span>
    </p>
   </div>
   <div class='ocr_carea' id='block_1_111' title="bbox 2067 5345 3641 5418">
    <p class='ocr_par' dir='ltr' id='par_1_111' title="bbox 2067 5345 3641 5418">
     <span class='ocr_line' id='line_1_111' title="bbox 2067 5345 3641 5418; baseline -0.004 -17"><span class='ocrx_word' id='word_1_749' title='bbox 2067 5363 2173 5416; x_wconf 89' lang='lat' dir='ltr'><strong>que</strong></span> <span class='ocrx_word' id='word_1_750' title='bbox 2195 5348 2458 5402; x_wconf 76' lang='lat' dir='ltr'><strong>adversus</strong></span> <span class='ocrx_word' id='word_1_751' title='bbox 2517 5345 2883 5416; x_wconf 87' lang='lat' dir='ltr'><strong>Bosporianos</strong></span> <span class='ocrx_word' id='word_1_752' title='bbox 2914 5354 3069 5418; x_wconf 85' lang='lat' dir='ltr'><strong>gesta</strong></span> <span class='ocrx_word' id='word_1_753' title='bbox 3097 5353 3283 5401; x_wconf 87' lang='lat' dir='ltr'><strong>essent</strong></span> <span class='ocrx_word' id='word_1_754' title='bbox 3333 5359 3363 5399; x_wconf 93' lang='lat' dir='ltr'><strong>a</strong></span> <span class='ocrx_word' id='word_1_755' title='bbox 3409 5345 3641 5400; x_wconf 70' lang='lat' dir='ltr'><strong>(merso.</strong></span> 
     </span>
    </p>
   </div>
   <div class='ocr_carea' id='block_1_112' title="bbox 1556 5434 2510 5498">
    <p class='ocr_par' dir='ltr' id='par_1_112' title="bbox 1556 5434 2510 5498">
     <span class='ocr_line' id='line_1_112' title="bbox 1556 5434 2510 5498; baseline 0.009 -9"><span class='ocrx_word' id='word_1_756' title='bbox 1556 5434 1860 5491; x_wconf 77' lang='lat' dir='ltr'><strong>ANSELMI</strong></span> <span class='ocrx_word' id='word_1_757' title='bbox 1899 5437 2235 5496; x_wconf 81' lang='lat' dir='ltr'><strong>BANDURII</strong></span> <span class='ocrx_word' id='word_1_758' title='bbox 2277 5439 2510 5498; x_wconf 67' lang='lat' dir='ltr'><strong>NOTIE.</strong></span> 
     </span>
    </p>
   </div>
   <div class='ocr_carea' id='block_1_113' title="bbox 450 5529 1954 5612">
    <p class='ocr_par' dir='ltr' id='par_1_113' title="bbox 450 5529 1954 5612">
     <span class='ocr_line' id='line_1_113' title="bbox 450 5529 1954 5612; baseline -0.005 -18"><span class='ocrx_word' id='word_1_759' title='bbox 450 5538 565 5612; x_wconf 78' lang='lat'><strong>(57)</strong></span> <span class='ocrx_word' id='word_1_760' title='bbox 596 5536 693 5612; x_wconf 86' lang='lat' dir='ltr'><strong>Sic</strong></span> <span class='ocrx_word' id='word_1_761' title='bbox 720 5535 778 5590; x_wconf 87' lang='lat' dir='ltr'><strong>in</strong></span> <span class='ocrx_word' id='word_1_762' title='bbox 800 5548 909 5612; x_wconf 73' lang='lat' dir='ltr'><strong>ms.</strong></span> <span class='ocrx_word' id='word_1_763' title='bbox 936 5541 992 5612; x_wconf 73' lang='lat' dir='ltr'><strong>et</strong></span> <span class='ocrx_word' id='word_1_764' title='bbox 1014 5532 1180 5612; x_wconf 77' lang='lat' dir='ltr'><strong>etiam</strong></span> <span class='ocrx_word' id='word_1_765' title='bbox 1214 5529 1550 5612; x_wconf 40' lang='lat' dir='ltr'><strong>pauio‘infra</strong></span> <span class='ocrx_word' id='word_1_766' title='bbox 1574 5546 1589 5593; x_wconf 86' lang='lat'><strong>;</strong></span> <span class='ocrx_word' id='word_1_767' title='bbox 1616 5539 1670 5583; x_wconf 92' lang='lat' dir='ltr'><strong>at</strong></span> <span class='ocrx_word' id='word_1_768' title='bbox 1699 5532 1754 5612; x_wconf 67' lang='lat' dir='ltr'><strong>in</strong></span> <span class='ocrx_word' id='word_1_769' title='bbox 1790 5530 1954 5612; x_wconf 79' lang='lat' dir='ltr'><strong>edi_tis</strong></span> 
     </span>
    </p>
   </div>
   <div class='ocr_carea' id='block_1_114' title="bbox 376 5599 1956 5679">
    <p class='ocr_par' dir='ltr' id='par_1_114' title="bbox 376 5599 1956 5679">
     <span class='ocr_line' id='line_1_114' title="bbox 376 5599 1956 5679; baseline -0.016 -12"><span class='ocrx_word' id='word_1_770' title='bbox 376 5599 471 5667; x_wconf 72' lang='grc' dir='ltr'><strong>ιιῑὲ</strong></span> <span class='ocrx_word' id='word_1_771' title='bbox 524 5599 753 5679; x_wconf 70' lang='lat' dir='ltr'><strong>legitur,</strong></span> <span class='ocrx_word' id='word_1_772' title='bbox 806 5605 906 5667; x_wconf 83' lang='grc' dir='ltr'><strong>τὰς</strong></span> <span class='ocrx_word' id='word_1_773' title='bbox 974 5599 1276 5679; x_wconf 71' lang='grc' dir='ltr'><strong>λεγομένας</strong></span> <span class='ocrx_word' id='word_1_774' title='bbox 1327 5599 1636 5679; x_wconf 30' lang='grc' dir='ltr'><strong>βολιξστρας.</strong></span> <span class='ocrx_word' id='word_1_775' title='bbox 1695 5601 1956 5679; x_wconf 48' lang='lat'><strong>35,936,-</strong></span> 
     </span>
    </p>
   </div>
   <div class='ocr_carea' id='block_1_115' title="bbox 379 5670 1957 5750">
    <p class='ocr_par' dir='ltr' id='par_1_115' title="bbox 379 5670 1957 5750">
     <span class='ocr_line' id='line_1_115' title="bbox 379 5670 1957 5750; baseline -0.006 -16"><span class='ocrx_word' id='word_1_776' title='bbox 379 5670 608 5750; x_wconf 53' lang='lat' dir='ltr'><strong>lla-.pa&#39;</strong></span> <span class='ocrx_word' id='word_1_777' title='bbox 624 5670 810 5750; x_wconf 63' lang='lat' dir='ltr'><strong>anteiit</strong></span> <span class='ocrx_word' id='word_1_778' title='bbox 859 5682 986 5750; x_wconf 68' lang='lat' dir='ltr'><strong>sunt</strong></span> <span class='ocrx_word' id='word_1_779' title='bbox 1015 5672 1304 5750; x_wconf 60' lang='lat' dir='ltr'><strong>machinae</strong></span> <span class='ocrx_word' id='word_1_780' title='bbox 1342 5670 1556 5750; x_wconf 61' lang='lat' dir='ltr'><strong>bellicae</strong></span> <span class='ocrx_word' id='word_1_781' title='bbox 1585 5670 1957 5750; x_wconf 50' lang='lat' dir='ltr'><strong>scunballisue</strong></span> 
     </span>
    </p>
   </div>
   <div class='ocr_carea' id='block_1_116' title="bbox 381 5738 1953 5813">
    <p class='ocr_par' dir='ltr' id='par_1_116' title="bbox 381 5738 1953 5813">
     <span class='ocr_line' id='line_1_116' title="bbox 381 5738 1953 5813; baseline -0.008 -6"><span class='ocrx_word' id='word_1_782' title='bbox 381 5738 609 5813; x_wconf 77' lang='lat' dir='ltr'><strong>species.</strong></span> <span class='ocrx_word' id='word_1_783' title='bbox 638 5747 826 5806; x_wconf 84' lang='lat' dir='ltr'><strong>Gloss.</strong></span> <span class='ocrx_word' id='word_1_784' title='bbox 877 5743 973 5800; x_wconf 83' lang='lat' dir='ltr'><strong>Gr.</strong></span> <span class='ocrx_word' id='word_1_785' title='bbox 1015 5742 1133 5797; x_wconf 84' lang='lat' dir='ltr'><strong>Lat.</strong></span> <span class='ocrx_word' id='word_1_786' title='bbox 1184 5738 1626 5810; x_wconf 76' lang='grc' dir='ltr'><strong>χειροϐαλίστρα,</strong></span> <span class='ocrx_word' id='word_1_787' title='bbox 1678 5739 1953 5795; x_wconf 82' lang='lat' dir='ltr'><strong>Falarica.</strong></span> 
     </span>
    </p>
   </div>
   <div class='ocr_carea' id='block_1_117' title="bbox 2067 5534 3178 5605">
    <p class='ocr_par' dir='ltr' id='par_1_117' title="bbox 2067 5534 3178 5605">
     <span class='ocr_line' id='line_1_117' title="bbox 2067 5534 3178 5605; baseline 0.001 -18"><span class='ocrx_word' id='word_1_788' title='bbox 2067 5534 2201 5591; x_wconf 73' lang='lat' dir='ltr'><strong>Vide</strong></span> <span class='ocrx_word' id='word_1_789' title='bbox 2223 5535 2649 5591; x_wconf 87' lang='lat' dir='ltr'><strong>SalmasiumDe</strong></span> <span class='ocrx_word' id='word_1_790' title='bbox 2671 5534 2866 5591; x_wconf 91' lang='lat' dir='ltr'><strong>militia</strong></span> <span class='ocrx_word' id='word_1_791' title='bbox 2899 5534 3178 5605; x_wconf 64' lang='lat' dir='ltr'><strong>pag._224.</strong></span> 
     </span>
    </p>
   </div>
   <div class='ocr_carea' id='block_1_118' title="bbox 2134 5598 3636 5691">
    <p class='ocr_par' dir='ltr' id='par_1_118' title="bbox 2134 5598 3636 5691">
     <span class='ocr_line' id='line_1_118' title="bbox 2134 5598 3636 5691; baseline -0.007 -29"><span class='ocrx_word' id='word_1_792' title='bbox 2134 5607 2248 5691; x_wconf 58' lang='lat' dir='ltr'><strong>g58i</strong></span> <span class='ocrx_word' id='word_1_793' title='bbox 2281 5607 2371 5662; x_wconf 87' lang='lat' dir='ltr'><strong>Sic</strong></span> <span class='ocrx_word' id='word_1_794' title='bbox 2402 5622 2466 5663; x_wconf 79' lang='lat' dir='ltr'><strong>ex</strong></span> <span class='ocrx_word' id='word_1_795' title='bbox 2499 5622 2603 5662; x_wconf 80' lang='lat' dir='ltr'><strong>ins.</strong></span> <span class='ocrx_word' id='word_1_796' title='bbox 2635 5607 2849 5663; x_wconf 88' lang='lat' dir='ltr'><strong>codice.</strong></span> <span class='ocrx_word' id='word_1_797' title='bbox 2880 5598 2936 5661; x_wconf 77' lang='lat' dir='ltr'><strong>lit</strong></span> <span class='ocrx_word' id='word_1_798' title='bbox 2971 5598 3142 5660; x_wconf 60' lang='lat' dir='ltr'><strong>Editis</strong></span> <span class='ocrx_word' id='word_1_799' title='bbox 3171 5603 3328 5660; x_wconf 86' lang='lat' dir='ltr'><strong>deest</strong></span> <span class='ocrx_word' id='word_1_800' title='bbox 3366 5598 3636 5674; x_wconf 87' lang='lat' dir='ltr'><strong>particula</strong></span> 
     </span>
    </p>
   </div>
   <div class='ocr_carea' id='block_1_119' title="bbox 2064 5694 2177 5734">
    <p class='ocr_par' dir='ltr' id='par_1_119' title="bbox 2064 5694 2177 5734">
     <span class='ocr_line' id='line_1_119' title="bbox 2064 5694 2177 5734; baseline 0.044 -5"><span class='ocrx_word' id='word_1_801' title='bbox 2064 5694 2177 5734; x_wconf 82' lang='grc' dir='ltr'><strong>και.</strong></span> 
     </span>
    </p>
   </div>
  </div>
