  <div class='ocr_page' id='page_1' title='image "/cluster/home/n/w/nwhite01/storage/ocr_20150623/113:no.2/coo.31924054870179/211.png"; bbox 0 0 4050 6466; ppageno 0'>
   <div class='ocr_carea' id='block_1_1' title="bbox 419 306 3683 403">
    <p class='ocr_par' dir='ltr' id='par_1_1' title="bbox 419 306 3683 403">
     <span class='ocr_line' id='line_1_1' title="bbox 419 306 3683 403; baseline -0.013 0"><span class='ocrx_word' id='word_1_1' title='bbox 419 338 529 403; x_wconf 73' lang='lat'><strong>3:9</strong></span> <span class='ocrx_word' id='word_1_2' title='bbox 1081 316 1090 322; x_wconf 69' lang='grc'><em>“</em></span> <span class='ocrx_word' id='word_1_3' title='bbox 1445 323 1966 390; x_wconf 71' lang='lat' dir='ltr'><strong>CONSTANTINI</strong></span> <span class='ocrx_word' id='word_1_4' title='bbox 1999 312 2669 382; x_wconf 82' lang='lat' dir='ltr'><strong>PORPHYROGENITI</strong></span> <span class='ocrx_word' id='word_1_5' title='bbox 3586 306 3683 373; x_wconf 62' lang='lat' dir='ltr'><strong>too</strong></span> 
     </span>
    </p>
   </div>
   <div class='ocr_carea' id='block_1_2' title="bbox 426 421 2014 520">
    <p class='ocr_par' dir='ltr' id='par_1_2' title="bbox 426 442 2004 520">
     <span class='ocr_line' id='line_1_2' title="bbox 426 442 2004 520; baseline -0.01 -8"><span class='ocrx_word' id='word_1_6' title='bbox 426 458 580 520; x_wconf 78' lang='lat' dir='ltr'><strong>nilis,</strong></span> <span class='ocrx_word' id='word_1_7' title='bbox 617 453 1037 510; x_wconf 76' lang='lat' dir='ltr'><strong>annuntiaruut.</strong></span> <span class='ocrx_word' id='word_1_8' title='bbox 1069 453 1335 510; x_wconf 56' lang='grc' dir='ltr'>Ἠιονετο</span> <span class='ocrx_word' id='word_1_9' title='bbox 1365 451 1533 507; x_wconf 86' lang='lat' dir='ltr'><strong>animi</strong></span> <span class='ocrx_word' id='word_1_10' title='bbox 1583 449 1803 512; x_wconf 80' lang='lat' dir='ltr'><strong>anxius,</strong></span> <span class='ocrx_word' id='word_1_11' title='bbox 1838 442 2004 499; x_wconf 84' lang='lat' dir='ltr'><strong>veluti</strong></span> 
     </span>
    </p>
   </div>
   <div class='ocr_carea' id='block_1_3' title="bbox 2119 421 3686 520">
    <p class='ocr_par' dir='ltr' id='par_1_3' title="bbox 2119 421 3686 497">
     <span class='ocr_line' id='line_1_3' title="bbox 2119 421 3686 497; baseline -0.008 -6"><span class='ocrx_word' id='word_1_12' title='bbox 2119 436 2198 490; x_wconf 74' lang='grc' dir='ltr'>5ιά</span> <span class='ocrx_word' id='word_1_13' title='bbox 2223 435 2331 489; x_wconf 81' lang='grc' dir='ltr'>τῶν</span> <span class='ocrx_word' id='word_1_14' title='bbox 2354 426 2772 497; x_wconf 83' lang='grc' dir='ltr'>σκουλκατόρων</span> <span class='ocrx_word' id='word_1_15' title='bbox 2806 422 2917 496; x_wconf 82' lang='lat'><strong>(59)</strong></span> <span class='ocrx_word' id='word_1_16' title='bbox 2950 423 3133 496; x_wconf 78' lang='grc' dir='ltr'>ἡμῶν,</span> <span class='ocrx_word' id='word_1_17' title='bbox 3161 421 3370 486; x_wconf 83' lang='grc' dir='ltr'>πάντας</span> <span class='ocrx_word' id='word_1_18' title='bbox 3402 421 3545 493; x_wconf 81' lang='grc' dir='ltr'>ὑμᾶς</span> <span class='ocrx_word' id='word_1_19' title='bbox 3584 424 3686 478; x_wconf 70' lang='grc' dir='ltr'>ἀπὸ</span> 
     </span>
    </p>
   </div>
   <div class='ocr_carea' id='block_1_4' title="bbox 348 514 2014 621">
    <p class='ocr_par' dir='ltr' id='par_1_4' title="bbox 348 537 2007 621">
     <span class='ocr_line' id='line_1_4' title="bbox 348 537 2007 621; baseline -0.008 -16"><span class='ocrx_word' id='word_1_20' title='bbox 348 598 354 605; x_wconf 90' lang='grc'>.</span> <span class='ocrx_word' id='word_1_21' title='bbox 432 549 655 605; x_wconf 78' lang='lat' dir='ltr'><strong>reﬁcere</strong></span> <span class='ocrx_word' id='word_1_22' title='bbox 691 546 1144 603; x_wconf 85' lang='lat' dir='ltr'><strong>Chersonitarum</strong></span> <span class='ocrx_word' id='word_1_23' title='bbox 1177 547 1385 617; x_wconf 92' lang='lat' dir='ltr'><strong>legatos</strong></span> <span class='ocrx_word' id='word_1_24' title='bbox 1450 542 1545 621; x_wconf 81' lang='lat' dir='ltr'><strong>ab</strong></span> <span class='ocrx_word' id='word_1_25' title='bbox 1581 542 1778 595; x_wconf 80' lang='lat' dir='ltr'><strong>itinere</strong></span> <span class='ocrx_word' id='word_1_26' title='bbox 1826 537 2007 593; x_wconf 83' lang='lat' dir='ltr'><strong>fessos</strong></span> 
     </span>
    </p>
   </div>
   <div class='ocr_carea' id='block_1_5' title="bbox 2119 514 3686 621">
    <p class='ocr_par' dir='ltr' id='par_1_5' title="bbox 2119 514 3686 598">
     <span class='ocr_line' id='line_1_5' title="bbox 2119 514 3686 598; baseline -0.015 -16"><span class='ocrx_word' id='word_1_27' title='bbox 2119 525 2313 598; x_wconf 78' lang='grc' dir='ltr'><strong>μικροῦ</strong></span> <span class='ocrx_word' id='word_1_28' title='bbox 2338 526 2446 588; x_wconf 72' lang='grc' dir='ltr'>ἕως</span> <span class='ocrx_word' id='word_1_29' title='bbox 2478 519 2715 593; x_wconf 80' lang='grc' dir='ltr'><strong>μεγάλου</strong></span> <span class='ocrx_word' id='word_1_30' title='bbox 2751 516 3198 586; x_wconf 82' lang='grc' dir='ltr'>κατασφάξομεν,</span> <span class='ocrx_word' id='word_1_31' title='bbox 3230 516 3325 568; x_wconf 76' lang='grc' dir='ltr'><strong>καὶ</strong></span> <span class='ocrx_word' id='word_1_32' title='bbox 3349 514 3521 578; x_wconf 71' lang='grc' dir='ltr'>οὕτως</span> <span class='ocrx_word' id='word_1_33' title='bbox 3554 518 3686 569; x_wconf 82' lang='grc' dir='ltr'>ἀνα-</span> 
     </span>
    </p>
   </div>
   <div class='ocr_carea' id='block_1_6' title="bbox 429 626 2006 710">
    <p class='ocr_par' dir='ltr' id='par_1_6' title="bbox 429 626 2006 710">
     <span class='ocr_line' id='line_1_6' title="bbox 429 626 2006 710; baseline -0.009 -16"><span class='ocrx_word' id='word_1_34' title='bbox 429 640 682 710; x_wconf 89' lang='lat' dir='ltr'><strong>cupiens,</strong></span> <span class='ocrx_word' id='word_1_35' title='bbox 708 638 848 693; x_wconf 81' lang='lat' dir='ltr'><strong>dixit</strong></span> <span class='ocrx_word' id='word_1_36' title='bbox 887 638 1023 709; x_wconf 83' lang='lat' dir='ltr'><strong>ipsis</strong></span> <span class='ocrx_word' id='word_1_37' title='bbox 1058 633 1479 705; x_wconf 86' lang='lat' dir='ltr'><strong>:Cum-fatigati</strong></span> <span class='ocrx_word' id='word_1_38' title='bbox 1533 631 1684 710; x_wconf 73' lang='lat' dir='ltr'><strong>sitis,</strong></span> <span class='ocrx_word' id='word_1_39' title='bbox 1747 626 1870 682; x_wconf 88' lang='lat' dir='ltr'><strong>volo</strong></span> <span class='ocrx_word' id='word_1_40' title='bbox 1922 643 2006 681; x_wconf 91' lang='lat' dir='ltr'><strong>re-</strong></span> 
     </span>
    </p>
   </div>
   <div class='ocr_carea' id='block_1_7' title="bbox 429 716 2009 800">
    <p class='ocr_par' dir='ltr' id='par_1_7' title="bbox 429 716 2009 800">
     <span class='ocr_line' id='line_1_7' title="bbox 429 716 2009 800; baseline -0.007 -17"><span class='ocrx_word' id='word_1_41' title='bbox 429 732 718 800; x_wconf 75' lang='lat' dir='ltr'><strong>quiescere</strong></span> <span class='ocrx_word' id='word_1_42' title='bbox 758 743 855 784; x_wconf 86' lang='lat' dir='ltr'><strong>vos</strong></span> <span class='ocrx_word' id='word_1_43' title='bbox 906 744 1114 798; x_wconf 89' lang='lat' dir='ltr'><strong>paucos</strong></span> <span class='ocrx_word' id='word_1_44' title='bbox 1145 725 1285 791; x_wconf 88' lang='lat' dir='ltr'><strong>dies,</strong></span> <span class='ocrx_word' id='word_1_45' title='bbox 1313 733 1368 780; x_wconf 83' lang='lat' dir='ltr'><strong>et</strong></span> <span class='ocrx_word' id='word_1_46' title='bbox 1413 722 1611 779; x_wconf 86' lang='lat' dir='ltr'><strong>deinde</strong></span> <span class='ocrx_word' id='word_1_47' title='bbox 1667 716 2009 791; x_wconf 66' lang='lat' dir='ltr'><strong>quaecunque</strong></span> 
     </span>
    </p>
   </div>
   <div class='ocr_carea' id='block_1_8' title="bbox 436 806 2007 887">
    <p class='ocr_par' dir='ltr' id='par_1_8' title="bbox 436 806 2007 887">
     <span class='ocr_line' id='line_1_8' title="bbox 436 806 2007 887; baseline -0.011 -9"><span class='ocrx_word' id='word_1_48' title='bbox 436 821 660 878; x_wconf 77' lang='lat' dir='ltr'><strong>dixistis</strong></span> <span class='ocrx_word' id='word_1_49' title='bbox 689 820 880 876; x_wconf 79' lang='lat' dir='ltr'><strong>effecta</strong></span> <span class='ocrx_word' id='word_1_50' title='bbox 912 818 1155 873; x_wconf 83' lang='lat' dir='ltr'><strong>reddam.</strong></span> <span class='ocrx_word' id='word_1_51' title='bbox 1212 814 1348 871; x_wconf 85' lang='lat' dir='ltr'><strong>Hinc</strong></span> <span class='ocrx_word' id='word_1_52' title='bbox 1374 823 1577 887; x_wconf 12' lang='lat' dir='ltr'><strong>autem,</strong></span> <span class='ocrx_word' id='word_1_53' title='bbox 1607 810 1877 868; x_wconf 89' lang='lat' dir='ltr'><strong>discedite</strong></span> <span class='ocrx_word' id='word_1_54' title='bbox 1939 806 2007 861; x_wconf 87' lang='lat' dir='ltr'><strong>ad</strong></span> 
     </span>
    </p>
   </div>
   <div class='ocr_carea' id='block_1_9' title="bbox 438 895 2010 978">
    <p class='ocr_par' dir='ltr' id='par_1_9' title="bbox 438 895 2010 978">
     <span class='ocr_line' id='line_1_9' title="bbox 438 895 2010 978; baseline -0.01 -11"><span class='ocrx_word' id='word_1_55' title='bbox 438 912 743 974; x_wconf 81' lang='lat' dir='ltr'><strong>Romanos,</strong></span> <span class='ocrx_word' id='word_1_56' title='bbox 779 910 847 964; x_wconf 89' lang='lat' dir='ltr'><strong>ab</strong></span> <span class='ocrx_word' id='word_1_57' title='bbox 904 909 1080 978; x_wconf 91' lang='lat' dir='ltr'><strong>iisque</strong></span> <span class='ocrx_word' id='word_1_58' title='bbox 1099 906 1317 970; x_wconf 79' lang='lat' dir='ltr'><strong>discite,</strong></span> <span class='ocrx_word' id='word_1_59' title='bbox 1362 913 1416 959; x_wconf 87' lang='lat' dir='ltr'><strong>et</strong></span> <span class='ocrx_word' id='word_1_60' title='bbox 1455 895 1794 975; x_wconf 46' lang='lat' dir='ltr'><strong>.persuadete</strong></span> <span class='ocrx_word' id='word_1_61' title='bbox 1854 897 2010 953; x_wconf 80' lang='lat' dir='ltr'><strong>vobis</strong></span> 
     </span>
    </p>
   </div>
   <div class='ocr_carea' id='block_1_10' title="bbox 437 992 2010 1068">
    <p class='ocr_par' dir='ltr' id='par_1_10' title="bbox 437 992 2010 1068">
     <span class='ocr_line' id='line_1_10' title="bbox 437 992 2010 1068; baseline -0.01 -11"><span class='ocrx_word' id='word_1_62' title='bbox 437 1018 684 1060; x_wconf 84' lang='lat' dir='ltr'><strong>veracem</strong></span> <span class='ocrx_word' id='word_1_63' title='bbox 715 1017 801 1056; x_wconf 91' lang='lat' dir='ltr'><strong>me</strong></span> <span class='ocrx_word' id='word_1_64' title='bbox 833 1015 976 1067; x_wconf 85' lang='lat' dir='ltr'><strong>esse,</strong></span> <span class='ocrx_word' id='word_1_65' title='bbox 1007 1014 1186 1068; x_wconf 88' lang='lat' dir='ltr'><strong>neque</strong></span> <span class='ocrx_word' id='word_1_66' title='bbox 1214 995 1455 1051; x_wconf 90' lang='lat' dir='ltr'><strong>mentiri.</strong></span> <span class='ocrx_word' id='word_1_67' title='bbox 1507 992 1848 1050; x_wconf 68' lang='lat' dir='ltr'><strong>Cltersonita:</strong></span> <span class='ocrx_word' id='word_1_68' title='bbox 1880 1003 2010 1043; x_wconf 82' lang='lat' dir='ltr'><strong>vero</strong></span> 
     </span>
    </p>
   </div>
   <div class='ocr_carea' id='block_1_11' title="bbox 432 1081 2010 1161">
    <p class='ocr_par' dir='ltr' id='par_1_11' title="bbox 432 1081 2010 1161">
     <span class='ocr_line' id='line_1_11' title="bbox 432 1081 2010 1161; baseline -0.008 -12"><span class='ocrx_word' id='word_1_69' title='bbox 432 1095 499 1149; x_wconf 88' lang='lat' dir='ltr'><strong>ad</strong></span> <span class='ocrx_word' id='word_1_70' title='bbox 526 1092 875 1148; x_wconf 76' lang='lat' dir='ltr'><strong>Constantem</strong></span> <span class='ocrx_word' id='word_1_71' title='bbox 905 1090 1133 1161; x_wconf 87' lang='lat' dir='ltr'><strong>profecti</strong></span> <span class='ocrx_word' id='word_1_72' title='bbox 1168 1104 1296 1144; x_wconf 92' lang='lat' dir='ltr'><strong>cum</strong></span> <span class='ocrx_word' id='word_1_73' title='bbox 1322 1085 1632 1143; x_wconf 87' lang='lat' dir='ltr'><strong>Sauromati</strong></span> <span class='ocrx_word' id='word_1_74' title='bbox 1664 1084 1879 1155; x_wconf 85' lang='lat' dir='ltr'><strong>legatis,</strong></span> <span class='ocrx_word' id='word_1_75' title='bbox 1941 1081 2010 1137; x_wconf 91' lang='lat' dir='ltr'><strong>de</strong></span> 
     </span>
    </p>
   </div>
   <div class='ocr_carea' id='block_1_12' title="bbox 427 1166 2009 1256">
    <p class='ocr_par' dir='ltr' id='par_1_12' title="bbox 427 1166 2009 1256">
     <span class='ocr_line' id='line_1_12' title="bbox 427 1166 2009 1256; baseline -0.011 -13"><span class='ocrx_word' id='word_1_76' title='bbox 427 1189 502 1243; x_wconf 66' lang='lat' dir='ltr'><strong>iis</strong></span> <span class='ocrx_word' id='word_1_77' title='bbox 541 1201 660 1256; x_wconf 68' lang='lat' dir='ltr'><strong>quae</strong></span> <span class='ocrx_word' id='word_1_78' title='bbox 697 1186 838 1241; x_wconf 87' lang='lat' dir='ltr'><strong>inter</strong></span> <span class='ocrx_word' id='word_1_79' title='bbox 868 1184 1017 1255; x_wconf 90' lang='lat' dir='ltr'><strong>ipsos</strong></span> <span class='ocrx_word' id='word_1_80' title='bbox 1046 1189 1193 1254; x_wconf 80' lang='lat' dir='ltr'><strong>gesta</strong></span> <span class='ocrx_word' id='word_1_81' title='bbox 1225 1189 1355 1237; x_wconf 90' lang='lat' dir='ltr'><strong>sunt</strong></span> <span class='ocrx_word' id='word_1_82' title='bbox 1378 1166 1813 1248; x_wconf 86' lang='lat' dir='ltr'><strong>interrogantur,</strong></span> <span class='ocrx_word' id='word_1_83' title='bbox 1863 1189 2009 1228; x_wconf 67' lang='lat' dir='ltr'><strong>nun.</strong></span> 
     </span>
    </p>
   </div>
   <div class='ocr_carea' id='block_1_13' title="bbox 424 1262 2011 1348">
    <p class='ocr_par' dir='ltr' id='par_1_13' title="bbox 424 1262 2011 1348">
     <span class='ocr_line' id='line_1_13' title="bbox 424 1262 2011 1348; baseline -0.007 -16"><span class='ocrx_word' id='word_1_84' title='bbox 424 1281 678 1348; x_wconf 76' lang='lat' dir='ltr'><strong>tiantque</strong></span> <span class='ocrx_word' id='word_1_85' title='bbox 722 1276 1005 1333; x_wconf 79' lang='lat' dir='ltr'><strong>Constanti</strong></span> <span class='ocrx_word' id='word_1_86' title='bbox 1070 1273 1254 1328; x_wconf 83' lang='lat' dir='ltr'><strong>omnia</strong></span> <span class='ocrx_word' id='word_1_87' title='bbox 1286 1262 1436 1342; x_wconf 73' lang='lat' dir='ltr'><strong>’quae</strong></span> <span class='ocrx_word' id='word_1_88' title='bbox 1472 1284 1598 1324; x_wconf 92' lang='lat' dir='ltr'><strong>cum</strong></span> <span class='ocrx_word' id='word_1_89' title='bbox 1656 1266 2011 1337; x_wconf 65' lang='lat' dir='ltr'><strong>Bostiorianis</strong></span> 
     </span>
    </p>
   </div>
   <div class='ocr_carea' id='block_1_14' title="bbox 423 1362 2011 1436">
    <p class='ocr_par' dir='ltr' id='par_1_14' title="bbox 423 1362 2011 1436">
     <span class='ocr_line' id='line_1_14' title="bbox 423 1362 2011 1436; baseline -0.008 -11"><span class='ocrx_word' id='word_1_90' title='bbox 423 1378 488 1425; x_wconf 84' lang='lat' dir='ltr'><strong>et</strong></span> <span class='ocrx_word' id='word_1_91' title='bbox 522 1366 792 1423; x_wconf 61' lang='lat' dir='ltr'><strong>Maeotidis</strong></span> <span class='ocrx_word' id='word_1_92' title='bbox 825 1365 1043 1436; x_wconf 88' lang='lat' dir='ltr'><strong>paludis</strong></span> <span class='ocrx_word' id='word_1_93' title='bbox 1069 1364 1272 1419; x_wconf 85' lang='lat' dir='ltr'><strong>accolis</strong></span> <span class='ocrx_word' id='word_1_94' title='bbox 1306 1362 1566 1432; x_wconf 84' lang='lat' dir='ltr'><strong>egissent,</strong></span> <span class='ocrx_word' id='word_1_95' title='bbox 1594 1368 1654 1414; x_wconf 87' lang='lat' dir='ltr'><strong>et</strong></span> <span class='ocrx_word' id='word_1_96' title='bbox 1685 1373 1797 1430; x_wconf 85' lang='lat' dir='ltr'><strong>quo</strong></span> <span class='ocrx_word' id='word_1_97' title='bbox 1850 1364 2011 1428; x_wconf 87' lang='lat' dir='ltr'><strong>pacto</strong></span> 
     </span>
    </p>
   </div>
   <div class='ocr_carea' id='block_1_15' title="bbox 430 1449 2011 1528">
    <p class='ocr_par' dir='ltr' id='par_1_15' title="bbox 430 1449 2011 1528">
     <span class='ocr_line' id='line_1_15' title="bbox 430 1449 2011 1528; baseline -0.008 -11"><span class='ocrx_word' id='word_1_98' title='bbox 430 1460 748 1517; x_wconf 86' lang='lat' dir='ltr'><strong>Sauromati</strong></span> <span class='ocrx_word' id='word_1_99' title='bbox 783 1459 1019 1514; x_wconf 76' lang='lat' dir='ltr'><strong>familias</strong></span> <span class='ocrx_word' id='word_1_100' title='bbox 1041 1455 1509 1528; x_wconf 87' lang='lat' dir='ltr'><strong>cepissent,isque</strong></span> <span class='ocrx_word' id='word_1_101' title='bbox 1533 1451 1637 1517; x_wconf 88' lang='lat' dir='ltr'><strong>hac</strong></span> <span class='ocrx_word' id='word_1_102' title='bbox 1669 1449 2011 1505; x_wconf 87' lang='lat' dir='ltr'><strong>necessitate</strong></span> 
     </span>
    </p>
   </div>
   <div class='ocr_carea' id='block_1_16' title="bbox 430 1532 2014 1623">
    <p class='ocr_par' dir='ltr' id='par_1_16' title="bbox 430 1532 2014 1623">
     <span class='ocr_line' id='line_1_16' title="bbox 430 1532 2014 1623; baseline -0.009 -16"><span class='ocrx_word' id='word_1_103' title='bbox 430 1553 750 1623; x_wconf 87' lang='lat' dir='ltr'><strong>compulsus</strong></span> <span class='ocrx_word' id='word_1_104' title='bbox 783 1550 850 1605; x_wconf 89' lang='lat' dir='ltr'><strong>ad</strong></span> <span class='ocrx_word' id='word_1_105' title='bbox 884 1532 1076 1620; x_wconf 85' lang='lat' dir='ltr'><strong>pacem</strong></span> <span class='ocrx_word' id='word_1_106' title='bbox 1118 1546 1352 1603; x_wconf 83' lang='lat' dir='ltr'><strong>veniret.</strong></span> <span class='ocrx_word' id='word_1_107' title='bbox 1375 1542 1586 1610; x_wconf 83' lang='lat' dir='ltr'>Quibus</span> <span class='ocrx_word' id='word_1_108' title='bbox 1626 1540 1826 1623; x_wconf 80' lang='lat' dir='ltr'><strong>auditis</strong></span> <span class='ocrx_word' id='word_1_109' title='bbox 1868 1539 2014 1595; x_wconf 87' lang='lat' dir='ltr'><strong>Con-</strong></span> 
     </span>
    </p>
   </div>
   <div class='ocr_carea' id='block_1_17' title="bbox 432 1630 2007 1705">
    <p class='ocr_par' dir='ltr' id='par_1_17' title="bbox 432 1630 2007 1705">
     <span class='ocr_line' id='line_1_17' title="bbox 432 1630 2007 1705; baseline -0.004 -8"><span class='ocrx_word' id='word_1_110' title='bbox 432 1651 588 1697; x_wconf 90' lang='lat' dir='ltr'><strong>stans</strong></span> <span class='ocrx_word' id='word_1_111' title='bbox 618 1640 912 1695; x_wconf 84' lang='lat' dir='ltr'><strong>admodum</strong></span> <span class='ocrx_word' id='word_1_112' title='bbox 959 1638 1323 1694; x_wconf 84' lang='lat' dir='ltr'><strong>contristatus</strong></span> <span class='ocrx_word' id='word_1_113' title='bbox 1384 1634 1563 1705; x_wconf 85' lang='lat' dir='ltr'><strong>inquit</strong></span> <span class='ocrx_word' id='word_1_114' title='bbox 1617 1630 2007 1690; x_wconf 87' lang='lat' dir='ltr'><strong>Chersonitis:</strong></span> 
     </span>
    </p>
   </div>
   <div class='ocr_carea' id='block_1_18' title="bbox 431 1723 2009 1802">
    <p class='ocr_par' dir='ltr' id='par_1_18' title="bbox 431 1723 2009 1802">
     <span class='ocr_line' id='line_1_18' title="bbox 431 1723 2009 1802; baseline -0.006 -15"><span class='ocrx_word' id='word_1_115' title='bbox 431 1732 575 1798; x_wconf 81' lang='lat' dir='ltr'><strong>Quid</strong></span> <span class='ocrx_word' id='word_1_116' title='bbox 607 1732 738 1786; x_wconf 88' lang='lat' dir='ltr'><strong>mihi</strong></span> <span class='ocrx_word' id='word_1_117' title='bbox 762 1731 986 1802; x_wconf 85' lang='lat' dir='ltr'><strong>prodest</strong></span> <span class='ocrx_word' id='word_1_118' title='bbox 1051 1728 1118 1785; x_wconf 88' lang='lat' dir='ltr'><strong>de</strong></span> <span class='ocrx_word' id='word_1_119' title='bbox 1175 1728 1387 1797; x_wconf 87' lang='lat' dir='ltr'><strong>reliquo</strong></span> <span class='ocrx_word' id='word_1_120' title='bbox 1412 1723 1679 1780; x_wconf 82' lang='lat' dir='ltr'><strong>auxilium</strong></span> <span class='ocrx_word' id='word_1_121' title='bbox 1725 1733 2009 1791; x_wconf 71' lang='lat' dir='ltr'><strong>vestrum,</strong></span> 
     </span>
    </p>
   </div>
   <div class='ocr_carea' id='block_1_19' title="bbox 432 1813 2014 1892">
    <p class='ocr_par' dir='ltr' id='par_1_19' title="bbox 432 1813 2014 1892">
     <span class='ocr_line' id='line_1_19' title="bbox 432 1813 2014 1892; baseline -0.006 -16"><span class='ocrx_word' id='word_1_122' title='bbox 432 1822 878 1892; x_wconf 84' lang='lat' dir='ltr'><strong>quandoquidem</strong></span> <span class='ocrx_word' id='word_1_123' title='bbox 914 1820 1091 1891; x_wconf 68' lang='lat' dir='ltr'><strong>pepigi</strong></span> <span class='ocrx_word' id='word_1_124' title='bbox 1124 1834 1209 1872; x_wconf 90' lang='lat' dir='ltr'><strong>me</strong></span> <span class='ocrx_word' id='word_1_125' title='bbox 1240 1817 1373 1887; x_wconf 92' lang='lat' dir='ltr'><strong>ipsis</strong></span> <span class='ocrx_word' id='word_1_126' title='bbox 1414 1822 1628 1869; x_wconf 86' lang='lat' dir='ltr'><strong>tantum</strong></span> <span class='ocrx_word' id='word_1_127' title='bbox 1680 1814 1799 1868; x_wconf 86' lang='lat' dir='ltr'><strong>auri</strong></span> <span class='ocrx_word' id='word_1_128' title='bbox 1854 1813 2014 1867; x_wconf 86' lang='lat' dir='ltr'><strong>datu-</strong></span> 
     </span>
    </p>
   </div>
   <div class='ocr_carea' id='block_1_20' title="bbox 434 1902 2010 1980">
    <p class='ocr_par' dir='ltr' id='par_1_20' title="bbox 434 1902 2010 1980">
     <span class='ocr_line' id='line_1_20' title="bbox 434 1902 2010 1980; baseline -0.006 -15"><span class='ocrx_word' id='word_1_129' title='bbox 434 1910 605 1965; x_wconf 86' lang='lat' dir='ltr'><strong>rum?</strong></span> <span class='ocrx_word' id='word_1_130' title='bbox 629 1909 981 1980; x_wconf 79' lang='lat' dir='ltr'><strong>Respondent</strong></span> <span class='ocrx_word' id='word_1_131' title='bbox 1015 1909 1063 1963; x_wconf 89' lang='lat' dir='ltr'><strong>ci</strong></span> <span class='ocrx_word' id='word_1_132' title='bbox 1106 1905 1447 1962; x_wconf 68' lang='lat' dir='ltr'><strong>Cliersonitae</strong></span> <span class='ocrx_word' id='word_1_133' title='bbox 1479 1920 1494 1959; x_wconf 89' lang='lat'><strong>:</strong></span> <span class='ocrx_word' id='word_1_134' title='bbox 1519 1902 1639 1958; x_wconf 83' lang='lat' dir='ltr'><strong>Noli</strong></span> <span class='ocrx_word' id='word_1_135' title='bbox 1669 1902 2010 1969; x_wconf 85' lang='lat' dir='ltr'><strong>contristari,</strong></span> 
     </span>
    </p>
   </div>
   <div class='ocr_carea' id='block_1_21' title="bbox 432 1994 2013 2067">
    <p class='ocr_par' dir='ltr' id='par_1_21' title="bbox 432 1994 2013 2067">
     <span class='ocr_line' id='line_1_21' title="bbox 432 1994 2013 2067; baseline -0.004 -12"><span class='ocrx_word' id='word_1_136' title='bbox 432 2003 675 2066; x_wconf 90' lang='lat' dir='ltr'><strong>domine,</strong></span> <span class='ocrx_word' id='word_1_137' title='bbox 702 2016 825 2055; x_wconf 91' lang='lat' dir='ltr'><strong>nam</strong></span> <span class='ocrx_word' id='word_1_138' title='bbox 857 2001 901 2054; x_wconf 91' lang='lat' dir='ltr'><strong>si</strong></span> <span class='ocrx_word' id='word_1_139' title='bbox 935 2000 1016 2055; x_wconf 87' lang='lat' dir='ltr'><strong>vis</strong></span> <span class='ocrx_word' id='word_1_140' title='bbox 1064 1997 1432 2053; x_wconf 88' lang='lat' dir='ltr'><strong>dissolvemus</strong></span> <span class='ocrx_word' id='word_1_141' title='bbox 1467 2004 1687 2067; x_wconf 82' lang='lat' dir='ltr'><strong>pactum</strong></span> <span class='ocrx_word' id='word_1_142' title='bbox 1747 1994 1815 2049; x_wconf 92' lang='lat' dir='ltr'><strong>de</strong></span> <span class='ocrx_word' id='word_1_143' title='bbox 1879 2009 2013 2063; x_wconf 85' lang='lat' dir='ltr'><strong>pen-</strong></span> 
     </span>
    </p>
   </div>
   <div class='ocr_carea' id='block_1_22' title="bbox 436 2084 2012 2161">
    <p class='ocr_par' dir='ltr' id='par_1_22' title="bbox 436 2084 2012 2161">
     <span class='ocr_line' id='line_1_22' title="bbox 436 2084 2012 2161; baseline -0.003 -17"><span class='ocrx_word' id='word_1_144' title='bbox 436 2090 613 2146; x_wconf 83' lang='lat' dir='ltr'><strong>denda</strong></span> <span class='ocrx_word' id='word_1_145' title='bbox 644 2093 894 2161; x_wconf 79' lang='lat' dir='ltr'><strong>pecunia.</strong></span> <span class='ocrx_word' id='word_1_146' title='bbox 945 2088 1130 2159; x_wconf 87' lang='lat' dir='ltr'><strong>quue</strong></span> <span class='ocrx_word' id='word_1_147' title='bbox 1157 2089 1549 2156; x_wconf 78' lang='lat' dir='ltr'><strong>interrogante,</strong></span> <span class='ocrx_word' id='word_1_148' title='bbox 1578 2098 1686 2153; x_wconf 90' lang='lat' dir='ltr'><strong>qua</strong></span> <span class='ocrx_word' id='word_1_149' title='bbox 1717 2084 1770 2137; x_wconf 88' lang='lat' dir='ltr'><strong>id</strong></span> <span class='ocrx_word' id='word_1_150' title='bbox 1798 2084 2012 2140; x_wconf 85' lang='lat' dir='ltr'><strong>ratione</strong></span> 
     </span>
    </p>
   </div>
   <div class='ocr_carea' id='block_1_23' title="bbox 438 2176 2013 2255">
    <p class='ocr_par' dir='ltr' id='par_1_23' title="bbox 438 2176 2013 2255">
     <span class='ocr_line' id='line_1_23' title="bbox 438 2176 2013 2255; baseline -0.004 -17"><span class='ocrx_word' id='word_1_151' title='bbox 438 2183 557 2240; x_wconf 76' lang='lat' dir='ltr'><strong>fieri</strong></span> <span class='ocrx_word' id='word_1_152' title='bbox 612 2190 841 2255; x_wconf 85' lang='lat' dir='ltr'><strong>posset,</strong></span> <span class='ocrx_word' id='word_1_153' title='bbox 894 2182 1085 2236; x_wconf 83' lang='lat' dir='ltr'><strong>dicunt</strong></span> <span class='ocrx_word' id='word_1_154' title='bbox 1134 2179 1184 2234; x_wconf 91' lang='lat' dir='ltr'><strong>ei</strong></span> <span class='ocrx_word' id='word_1_155' title='bbox 1242 2178 1621 2242; x_wconf 81' lang='lat' dir='ltr'><strong>Cltersonitae,</strong></span> <span class='ocrx_word' id='word_1_156' title='bbox 1676 2176 2013 2246; x_wconf 69' lang='lat' dir='ltr'><strong>significaret</strong></span> 
     </span>
    </p>
   </div>
   <div class='ocr_carea' id='block_1_24' title="bbox 440 2272 2013 2342">
    <p class='ocr_par' dir='ltr' id='par_1_24' title="bbox 440 2272 2013 2342">
     <span class='ocr_line' id='line_1_24' title="bbox 440 2272 2013 2342; baseline -0.004 -10"><span class='ocrx_word' id='word_1_157' title='bbox 440 2276 775 2333; x_wconf 79' lang='lat' dir='ltr'><strong>Sauromata</strong></span> <span class='ocrx_word' id='word_1_158' title='bbox 794 2317 808 2341; x_wconf 94' lang='lat'><strong>,</strong></span> <span class='ocrx_word' id='word_1_159' title='bbox 836 2275 999 2331; x_wconf 88' lang='lat' dir='ltr'><strong>etiam</strong></span> <span class='ocrx_word' id='word_1_160' title='bbox 1036 2274 1180 2328; x_wconf 88' lang='lat' dir='ltr'><strong>inter</strong></span> <span class='ocrx_word' id='word_1_161' title='bbox 1214 2287 1274 2328; x_wconf 92' lang='lat' dir='ltr'><strong>se</strong></span> <span class='ocrx_word' id='word_1_162' title='bbox 1305 2277 1463 2342; x_wconf 91' lang='lat' dir='ltr'><strong>pacta</strong></span> <span class='ocrx_word' id='word_1_163' title='bbox 1492 2278 1735 2336; x_wconf 82' lang='lat' dir='ltr'><strong>exstare,</strong></span> <span class='ocrx_word' id='word_1_164' title='bbox 1761 2272 2013 2337; x_wconf 76' lang='lat' dir='ltr'><strong>quando-</strong></span> 
     </span>
    </p>
   </div>
   <div class='ocr_carea' id='block_1_25' title="bbox 438 2362 2013 2439">
    <p class='ocr_par' dir='ltr' id='par_1_25' title="bbox 438 2362 2013 2439">
     <span class='ocr_line' id='line_1_25' title="bbox 438 2362 2013 2439; baseline -0.004 -14"><span class='ocrx_word' id='word_1_165' title='bbox 438 2369 657 2439; x_wconf 79' lang='lat' dir='ltr'><strong>quidem</strong></span> <span class='ocrx_word' id='word_1_166' title='bbox 695 2367 869 2439; x_wconf 89' lang='lat' dir='ltr'><strong>ipsius</strong></span> <span class='ocrx_word' id='word_1_167' title='bbox 903 2379 1069 2420; x_wconf 88' lang='lat' dir='ltr'><strong>causa</strong></span> <span class='ocrx_word' id='word_1_168' title='bbox 1096 2377 1367 2434; x_wconf 77' lang='lat' dir='ltr'><strong>expensas</strong></span> <span class='ocrx_word' id='word_1_169' title='bbox 1397 2362 1636 2428; x_wconf 89' lang='lat' dir='ltr'><strong>fecisset,</strong></span> <span class='ocrx_word' id='word_1_170' title='bbox 1703 2364 2013 2433; x_wconf 88' lang='lat' dir='ltr'><strong>damnaque</strong></span> 
     </span>
    </p>
   </div>
   <div class='ocr_carea' id='block_1_26' title="bbox 441 2454 2008 2532">
    <p class='ocr_par' dir='ltr' id='par_1_26' title="bbox 441 2454 2008 2532">
     <span class='ocr_line' id='line_1_26' title="bbox 441 2454 2008 2532; baseline -0.005 -17"><span class='ocrx_word' id='word_1_171' title='bbox 441 2461 613 2515; x_wconf 74' lang='lat' dir='ltr'><strong>multa</strong></span> <span class='ocrx_word' id='word_1_172' title='bbox 641 2475 837 2532; x_wconf 89' lang='lat' dir='ltr'><strong>passus</strong></span> <span class='ocrx_word' id='word_1_173' title='bbox 862 2467 1029 2524; x_wconf 88' lang='lat' dir='ltr'><strong>esset,</strong></span> <span class='ocrx_word' id='word_1_174' title='bbox 1066 2457 1310 2513; x_wconf 81' lang='lat' dir='ltr'><strong>exercitu</strong></span> <span class='ocrx_word' id='word_1_175' title='bbox 1343 2454 1513 2509; x_wconf 82' lang='lat' dir='ltr'><strong>Roma</strong></span> <span class='ocrx_word' id='word_1_176' title='bbox 1544 2469 1611 2510; x_wconf 92' lang='lat' dir='ltr'><strong>eo</strong></span> <span class='ocrx_word' id='word_1_177' title='bbox 1647 2470 1823 2524; x_wconf 89' lang='lat' dir='ltr'><strong>usque</strong></span> <span class='ocrx_word' id='word_1_178' title='bbox 1881 2468 2008 2524; x_wconf 83' lang='lat' dir='ltr'><strong>per—</strong></span> 
     </span>
    </p>
   </div>
   <div class='ocr_carea' id='block_1_27' title="bbox 441 2545 2017 2622">
    <p class='ocr_par' dir='ltr' id='par_1_27' title="bbox 441 2545 2017 2622">
     <span class='ocr_line' id='line_1_27' title="bbox 441 2545 2017 2622; baseline -0.004 -12"><span class='ocrx_word' id='word_1_179' title='bbox 441 2555 629 2619; x_wconf 89' lang='lat' dir='ltr'><strong>ducto,</strong></span> <span class='ocrx_word' id='word_1_180' title='bbox 667 2554 851 2622; x_wconf 88' lang='lat' dir='ltr'><strong>itaque</strong></span> <span class='ocrx_word' id='word_1_181' title='bbox 907 2551 1000 2606; x_wconf 87' lang='lat' dir='ltr'><strong>illa</strong></span> <span class='ocrx_word' id='word_1_182' title='bbox 1092 2550 1351 2614; x_wconf 77' lang='lat' dir='ltr'><strong>solveret,</strong></span> <span class='ocrx_word' id='word_1_183' title='bbox 1411 2547 1528 2618; x_wconf 88' lang='lat' dir='ltr'><strong>ipse</strong></span> <span class='ocrx_word' id='word_1_184' title='bbox 1581 2561 1713 2602; x_wconf 74' lang='lat' dir='ltr'><strong>vero</strong></span> <span class='ocrx_word' id='word_1_185' title='bbox 1779 2545 2017 2604; x_wconf 83' lang='lat' dir='ltr'><strong>familias</strong></span> 
     </span>
    </p>
   </div>
   <div class='ocr_carea' id='block_1_28' title="bbox 440 2636 2018 2712">
    <p class='ocr_par' dir='ltr' id='par_1_28' title="bbox 440 2636 2018 2712">
     <span class='ocr_line' id='line_1_28' title="bbox 440 2636 2018 2712; baseline -0.004 -11"><span class='ocrx_word' id='word_1_186' title='bbox 440 2652 693 2707; x_wconf 89' lang='lat' dir='ltr'><strong>cunctas,</strong></span> <span class='ocrx_word' id='word_1_187' title='bbox 729 2644 1028 2712; x_wconf 83' lang='lat' dir='ltr'><strong>urbemque</strong></span> <span class='ocrx_word' id='word_1_188' title='bbox 1057 2655 1212 2696; x_wconf 89' lang='lat' dir='ltr'><strong>suam</strong></span> <span class='ocrx_word' id='word_1_189' title='bbox 1252 2640 1541 2708; x_wconf 88' lang='lat' dir='ltr'><strong>reciperet.</strong></span> <span class='ocrx_word' id='word_1_190' title='bbox 1594 2636 1777 2693; x_wconf 76' lang='lat' dir='ltr'><strong>La-tus</strong></span> <span class='ocrx_word' id='word_1_191' title='bbox 1811 2639 1913 2694; x_wconf 86' lang='lat' dir='ltr'><strong>hac</strong></span> <span class='ocrx_word' id='word_1_192' title='bbox 1958 2654 2018 2695; x_wconf 87' lang='lat' dir='ltr'><strong>re</strong></span> 
     </span>
    </p>
   </div>
   <div class='ocr_carea' id='block_1_29' title="bbox 440 2728 2018 2794">
    <p class='ocr_par' dir='ltr' id='par_1_29' title="bbox 440 2728 2018 2794">
     <span class='ocr_line' id='line_1_29' title="bbox 440 2728 2018 2794; baseline -0.004 -1"><span class='ocrx_word' id='word_1_193' title='bbox 440 2739 716 2794; x_wconf 87' lang='lat' dir='ltr'><strong>Constans</strong></span> <span class='ocrx_word' id='word_1_194' title='bbox 773 2734 1068 2791; x_wconf 89' lang='lat' dir='ltr'><strong>consilium</strong></span> <span class='ocrx_word' id='word_1_195' title='bbox 1126 2739 1352 2787; x_wconf 77' lang='lat' dir='ltr'><strong>secutus</strong></span> <span class='ocrx_word' id='word_1_196' title='bbox 1400 2728 1874 2785; x_wconf 71' lang='lat' dir='ltr'><strong>Sauromatolttcc</strong></span> <span class='ocrx_word' id='word_1_197' title='bbox 1921 2730 2018 2786; x_wconf 89' lang='lat' dir='ltr'><strong>de-</strong></span> 
     </span>
    </p>
   </div>
   <div class='ocr_carea' id='block_1_30' title="bbox 443 2822 2019 2895">
    <p class='ocr_par' dir='ltr' id='par_1_30' title="bbox 443 2822 2019 2895">
     <span class='ocr_line' id='line_1_30' title="bbox 443 2822 2019 2895; baseline -0.007 -9"><span class='ocrx_word' id='word_1_198' title='bbox 443 2831 678 2887; x_wconf 86' lang='lat' dir='ltr'><strong>nuntiat.</strong></span> <span class='ocrx_word' id='word_1_199' title='bbox 717 2827 929 2895; x_wconf 84' lang='lat' dir='ltr'><strong>Quibus</strong></span> <span class='ocrx_word' id='word_1_200' title='bbox 951 2825 1174 2891; x_wconf 87' lang='lat' dir='ltr'><strong>auditis,</strong></span> <span class='ocrx_word' id='word_1_201' title='bbox 1206 2824 1564 2878; x_wconf 89' lang='lat' dir='ltr'><strong>Sauromatus</strong></span> <span class='ocrx_word' id='word_1_202' title='bbox 1592 2822 1777 2877; x_wconf 92' lang='lat' dir='ltr'><strong>animo</strong></span> <span class='ocrx_word' id='word_1_203' title='bbox 1810 2824 2019 2878; x_wconf 87' lang='lat' dir='ltr'><strong>contri-</strong></span> 
     </span>
    </p>
   </div>
   <div class='ocr_carea' id='block_1_31' title="bbox 438 2913 2020 2991">
    <p class='ocr_par' dir='ltr' id='par_1_31' title="bbox 438 2913 2020 2991">
     <span class='ocr_line' id='line_1_31' title="bbox 438 2913 2020 2991; baseline -0.007 -12"><span class='ocrx_word' id='word_1_204' title='bbox 438 2932 621 2979; x_wconf 85' lang='lat' dir='ltr'><strong>status</strong></span> <span class='ocrx_word' id='word_1_205' title='bbox 660 2920 963 2991; x_wconf 85' lang='lat' dir='ltr'><strong>respondit,</strong></span> <span class='ocrx_word' id='word_1_206' title='bbox 1008 2931 1187 2986; x_wconf 87' lang='lat' dir='ltr'><strong>neque</strong></span> <span class='ocrx_word' id='word_1_207' title='bbox 1224 2915 1355 2969; x_wconf 91' lang='lat' dir='ltr'><strong>dare</strong></span> <span class='ocrx_word' id='word_1_208' title='bbox 1394 2929 1454 2968; x_wconf 93' lang='lat' dir='ltr'><strong>se</strong></span> <span class='ocrx_word' id='word_1_209' title='bbox 1486 2913 1805 2983; x_wconf 89' lang='lat' dir='ltr'><strong>quidquam,</strong></span> <span class='ocrx_word' id='word_1_210' title='bbox 1846 2929 2020 2984; x_wconf 89' lang='lat' dir='ltr'><strong>neque</strong></span> 
     </span>
    </p>
   </div>
   <div class='ocr_carea' id='block_1_32' title="bbox 442 3002 2019 3081">
    <p class='ocr_par' dir='ltr' id='par_1_32' title="bbox 442 3002 2019 3081">
     <span class='ocr_line' id='line_1_32' title="bbox 442 3002 2019 3081; baseline -0.005 -14"><span class='ocrx_word' id='word_1_211' title='bbox 442 3013 690 3081; x_wconf 82' lang='lat' dir='ltr'><strong>accipere</strong></span> <span class='ocrx_word' id='word_1_212' title='bbox 729 3012 856 3065; x_wconf 90' lang='lat' dir='ltr'><strong>item</strong></span> <span class='ocrx_word' id='word_1_213' title='bbox 888 3007 1025 3062; x_wconf 80' lang='lat' dir='ltr'><strong>velle</strong></span> <span class='ocrx_word' id='word_1_214' title='bbox 1058 3022 1074 3059; x_wconf 86' lang='lat'><strong>:</strong></span> <span class='ocrx_word' id='word_1_215' title='bbox 1128 3004 1366 3058; x_wconf 88' lang='lat' dir='ltr'><strong>mitteret</strong></span> <span class='ocrx_word' id='word_1_216' title='bbox 1402 3012 1611 3057; x_wconf 89' lang='lat' dir='ltr'><strong>tantum</strong></span> <span class='ocrx_word' id='word_1_217' title='bbox 1646 3002 2019 3071; x_wconf 85' lang='lat' dir='ltr'><strong>Cltersonitas,</strong></span> 
     </span>
    </p>
   </div>
   <div class='ocr_carea' id='block_1_33' title="bbox 2110 608 3686 693">
    <p class='ocr_par' dir='ltr' id='par_1_33' title="bbox 2110 608 3686 693">
     <span class='ocr_line' id='line_1_33' title="bbox 2110 608 3686 693; baseline -0.008 -18"><span class='ocrx_word' id='word_1_218' title='bbox 2110 619 2400 693; x_wconf 84' lang='grc' dir='ltr'>χωροῦμεν</span> <span class='ocrx_word' id='word_1_219' title='bbox 2439 612 2857 691; x_wconf 13' lang='grc' dir='ltr'>τῶννέντεῦθεψ</span> <span class='ocrx_word' id='word_1_220' title='bbox 2900 610 2998 665; x_wconf 70' lang='grc' dir='ltr'><strong>καὶ</strong></span> <span class='ocrx_word' id='word_1_221' title='bbox 3047 609 3100 660; x_wconf 81' lang='grc' dir='ltr'><strong>τί</strong></span> <span class='ocrx_word' id='word_1_222' title='bbox 3154 608 3214 662; x_wconf 82' lang='grc' dir='ltr'><strong>τὸ</strong></span> <span class='ocrx_word' id='word_1_223' title='bbox 3247 608 3436 661; x_wconf 72' lang='grc' dir='ltr'>λοιπὸν</span> <span class='ocrx_word' id='word_1_224' title='bbox 3485 610 3686 680; x_wconf 84' lang='grc' dir='ltr'>Σαυρο-</span> 
     </span>
    </p>
   </div>
   <div class='ocr_carea' id='block_1_34' title="bbox 2113 705 3690 789">
    <p class='ocr_par' dir='ltr' id='par_1_34' title="bbox 2113 705 3690 789">
     <span class='ocr_line' id='line_1_34' title="bbox 2113 705 3690 789; baseline -0.009 -17"><span class='ocrx_word' id='word_1_225' title='bbox 2113 718 2270 789; x_wconf 86' lang='grc' dir='ltr'>μάτῳ</span> <span class='ocrx_word' id='word_1_226' title='bbox 2295 715 2487 785; x_wconf 71' lang='grc' dir='ltr'>ὄφελος</span> <span class='ocrx_word' id='word_1_227' title='bbox 2514 715 2614 785; x_wconf 80' lang='grc' dir='ltr'>τῆς</span> <span class='ocrx_word' id='word_1_228' title='bbox 2639 711 2902 783; x_wconf 80' lang='grc' dir='ltr'>φαμιλῑας</span> <span class='ocrx_word' id='word_1_229' title='bbox 2934 708 3102 764; x_wconf 81' lang='grc' dir='ltr'>αὐτοῦ</span> <span class='ocrx_word' id='word_1_230' title='bbox 3134 708 3319 778; x_wconf 83' lang='grc' dir='ltr'>πάσης</span> <span class='ocrx_word' id='word_1_231' title='bbox 3343 707 3439 760; x_wconf 77' lang='grc' dir='ltr'>καὶ</span> <span class='ocrx_word' id='word_1_232' title='bbox 3464 705 3563 775; x_wconf 76' lang='grc' dir='ltr'>τῆς</span> <span class='ocrx_word' id='word_1_233' title='bbox 3592 706 3690 758; x_wconf 77' lang='grc' dir='ltr'><strong>πό-</strong></span> 
     </span>
    </p>
   </div>
   <div class='ocr_carea' id='block_1_35' title="bbox 2110 797 3694 877">
    <p class='ocr_par' dir='ltr' id='par_1_35' title="bbox 2110 797 3694 877">
     <span class='ocr_line' id='line_1_35' title="bbox 2110 797 3694 877; baseline -0.01 -12"><span class='ocrx_word' id='word_1_234' title='bbox 2110 812 2249 874; x_wconf 85' lang='grc' dir='ltr'>λεως</span> <span class='ocrx_word' id='word_1_235' title='bbox 2301 807 2729 877; x_wconf 83' lang='grc' dir='ltr'>ἀπολλυμένης;</span> <span class='ocrx_word' id='word_1_236' title='bbox 2768 805 2833 857; x_wconf 83' lang='grc' dir='ltr'>Αἰ</span> <span class='ocrx_word' id='word_1_237' title='bbox 2879 803 2938 857; x_wconf 77' lang='grc' dir='ltr'>δὲ</span> <span class='ocrx_word' id='word_1_238' title='bbox 3020 804 3280 870; x_wconf 87' lang='grc' dir='ltr'>γυναῖκες</span> <span class='ocrx_word' id='word_1_239' title='bbox 3334 797 3694 869; x_wconf 80' lang='grc' dir='ltr'>Σαυρομάτου</span> 
     </span>
    </p>
   </div>
   <div class='ocr_carea' id='block_1_36' title="bbox 2109 890 3691 964">
    <p class='ocr_par' dir='ltr' id='par_1_36' title="bbox 2109 890 3691 964">
     <span class='ocr_line' id='line_1_36' title="bbox 2109 890 3691 964; baseline -0.009 -7"><span class='ocrx_word' id='word_1_240' title='bbox 2109 903 2282 957; x_wconf 84' lang='grc' dir='ltr'>ταῦτα</span> <span class='ocrx_word' id='word_1_241' title='bbox 2328 899 2656 964; x_wconf 77' lang='grc' dir='ltr'><strong>ἀκούσασαι,</strong></span> <span class='ocrx_word' id='word_1_242' title='bbox 2729 895 3037 958; x_wconf 81' lang='grc' dir='ltr'>σπουδαίως</span> <span class='ocrx_word' id='word_1_243' title='bbox 3066 894 3228 948; x_wconf 79' lang='grc' dir='ltr'>τοῦτο</span> <span class='ocrx_word' id='word_1_244' title='bbox 3258 890 3516 961; x_wconf 86' lang='grc' dir='ltr'>γενέσθαι</span> <span class='ocrx_word' id='word_1_245' title='bbox 3548 907 3691 960; x_wconf 75' lang='grc' dir='ltr'>παρο</span> 
     </span>
    </p>
   </div>
   <div class='ocr_carea' id='block_1_37' title="bbox 2110 987 3700 1061">
    <p class='ocr_par' dir='ltr' id='par_1_37' title="bbox 2110 987 3700 1061">
     <span class='ocr_line' id='line_1_37' title="bbox 2110 987 3700 1061; baseline -0.008 -11"><span class='ocrx_word' id='word_1_246' title='bbox 2110 995 2455 1050; x_wconf 75' lang='grc' dir='ltr'>εσκεύασανο</span> <span class='ocrx_word' id='word_1_247' title='bbox 2505 992 2601 1046; x_wconf 77' lang='grc' dir='ltr'>καὶ</span> <span class='ocrx_word' id='word_1_248' title='bbox 2647 991 2711 1061; x_wconf 84' lang='grc' dir='ltr'>δὴ</span> <span class='ocrx_word' id='word_1_249' title='bbox 2765 989 3192 1044; x_wconf 80' lang='grc' dir='ltr'>ἀποστέλλουσιν</span> <span class='ocrx_word' id='word_1_250' title='bbox 3251 989 3299 1041; x_wconf 87' lang='grc' dir='ltr'><strong>οἰ</strong></span> <span class='ocrx_word' id='word_1_251' title='bbox 3350 987 3700 1056; x_wconf 82' lang='grc' dir='ltr'>Χερσωνῖται</span> 
     </span>
    </p>
   </div>
   <div class='ocr_carea' id='block_1_38' title="bbox 2116 1079 3699 1158">
    <p class='ocr_par' dir='ltr' id='par_1_38' title="bbox 2116 1079 3699 1158">
     <span class='ocr_line' id='line_1_38' title="bbox 2116 1079 3699 1158; baseline -0.005 -17"><span class='ocrx_word' id='word_1_252' title='bbox 2116 1080 2677 1158; x_wconf 60' lang='grc' dir='ltr'>μετᾶΒοσποριανῶν</span> <span class='ocrx_word' id='word_1_253' title='bbox 2724 1083 2819 1136; x_wconf 75' lang='grc' dir='ltr'>καὶ</span> <span class='ocrx_word' id='word_1_254' title='bbox 2866 1082 3028 1144; x_wconf 78' lang='grc' dir='ltr'><strong>ἰδίους</strong></span> <span class='ocrx_word' id='word_1_255' title='bbox 3071 1082 3234 1133; x_wconf 85' lang='grc' dir='ltr'>πέντε</span> <span class='ocrx_word' id='word_1_256' title='bbox 3272 1080 3528 1150; x_wconf 72' lang='grc' dir='ltr'>πρέσϐεις</span> <span class='ocrx_word' id='word_1_257' title='bbox 3557 1079 3699 1150; x_wconf 71' lang='grc' dir='ltr'>πρὸς</span> 
     </span>
    </p>
   </div>
   <div class='ocr_carea' id='block_1_39' title="bbox 2114 1171 3717 1249">
    <p class='ocr_par' dir='ltr' id='par_1_39' title="bbox 2114 1171 3717 1249">
     <span class='ocr_line' id='line_1_39' title="bbox 2114 1171 3717 1249; baseline -0.006 -17"><span class='ocrx_word' id='word_1_258' title='bbox 2114 1179 2485 1249; x_wconf 83' lang='grc' dir='ltr'>Σαυρόματον,</span> <span class='ocrx_word' id='word_1_259' title='bbox 2533 1173 2830 1245; x_wconf 80' lang='grc' dir='ltr'><strong>μηνύοντες</strong></span> <span class='ocrx_word' id='word_1_260' title='bbox 2870 1172 3018 1242; x_wconf 82' lang='grc' dir='ltr'>αὐτῷ</span> <span class='ocrx_word' id='word_1_261' title='bbox 3062 1173 3130 1225; x_wconf 82' lang='grc' dir='ltr'><strong>τά</strong></span> <span class='ocrx_word' id='word_1_262' title='bbox 3158 1171 3424 1249; x_wconf 84' lang='grc' dir='ltr'>γενόμε·.α</span> <span class='ocrx_word' id='word_1_263' title='bbox 3475 1173 3568 1225; x_wconf 73' lang='grc' dir='ltr'>καὶ</span> <span class='ocrx_word' id='word_1_264' title='bbox 3609 1172 3717 1223; x_wconf 68' lang='grc' dir='ltr'>λε--</span> 
     </span>
    </p>
   </div>
   <div class='ocr_carea' id='block_1_40' title="bbox 2111 1259 3700 1343">
    <p class='ocr_par' dir='ltr' id='par_1_40' title="bbox 2111 1259 3700 1343">
     <span class='ocr_line' id='line_1_40' title="bbox 2111 1259 3700 1343; baseline -0.004 -19"><span class='ocrx_word' id='word_1_265' title='bbox 2111 1271 2331 1343; x_wconf 80' lang='grc' dir='ltr'>χθέντα,</span> <span class='ocrx_word' id='word_1_266' title='bbox 2395 1268 2492 1322; x_wconf 78' lang='grc' dir='ltr'>καὶ</span> <span class='ocrx_word' id='word_1_267' title='bbox 2545 1267 2608 1337; x_wconf 78' lang='grc' dir='ltr'>δὴ</span> <span class='ocrx_word' id='word_1_268' title='bbox 2671 1265 2780 1318; x_wconf 85' lang='grc' dir='ltr'><strong>τῶν</strong></span> <span class='ocrx_word' id='word_1_269' title='bbox 2822 1259 3122 1334; x_wconf 77' lang='grc' dir='ltr'>πρέσϐεων</span> <span class='ocrx_word' id='word_1_270' title='bbox 3147 1264 3570 1317; x_wconf 70' lang='grc' dir='ltr'>καταλαϐόντων</span> <span class='ocrx_word' id='word_1_271' title='bbox 3599 1265 3700 1317; x_wconf 74' lang='grc' dir='ltr'><strong>τὸν</strong></span> 
     </span>
    </p>
   </div>
   <div class='ocr_carea' id='block_1_41' title="bbox 2113 1356 3704 1434">
    <p class='ocr_par' dir='ltr' id='par_1_41' title="bbox 2113 1356 3704 1434">
     <span class='ocr_line' id='line_1_41' title="bbox 2113 1356 3704 1434; baseline -0.005 -18"><span class='ocrx_word' id='word_1_272' title='bbox 2113 1363 2466 1434; x_wconf 83' lang='grc' dir='ltr'>Σαυρόματον</span> <span class='ocrx_word' id='word_1_273' title='bbox 2503 1359 2644 1413; x_wconf 81' lang='grc' dir='ltr'>κατὰ</span> <span class='ocrx_word' id='word_1_274' title='bbox 2681 1357 2806 1421; x_wconf 78' lang='grc' dir='ltr'>τοὺς</span> <span class='ocrx_word' id='word_1_275' title='bbox 2832 1356 2926 1423; x_wconf 78' lang='grc' dir='ltr'>τοῦ</span> <span class='ocrx_word' id='word_1_276' title='bbox 2958 1357 3155 1420; x_wconf 80' lang='grc' dir='ltr'>’Δλυος</span> <span class='ocrx_word' id='word_1_277' title='bbox 3181 1356 3432 1426; x_wconf 80' lang='grc' dir='ltr'>ποταμοῦ</span> <span class='ocrx_word' id='word_1_278' title='bbox 3472 1357 3704 1420; x_wconf 82' lang='grc' dir='ltr'>τόπους,</span> 
     </span>
    </p>
   </div>
   <div class='ocr_carea' id='block_1_42' title="bbox 2114 1442 3697 1527">
    <p class='ocr_par' dir='ltr' id='par_1_42' title="bbox 2114 1442 3697 1527">
     <span class='ocr_line' id='line_1_42' title="bbox 2114 1442 3697 1527; baseline -0.008 -15"><span class='ocrx_word' id='word_1_279' title='bbox 2114 1455 2450 1527; x_wconf 81' lang='grc' dir='ltr'>ἀνήγγειλάν</span> <span class='ocrx_word' id='word_1_280' title='bbox 2479 1451 2629 1522; x_wconf 84' lang='grc' dir='ltr'>αὐτῷ</span> <span class='ocrx_word' id='word_1_281' title='bbox 2658 1451 2835 1505; x_wconf 90' lang='grc' dir='ltr'>πάντα</span> <span class='ocrx_word' id='word_1_282' title='bbox 2879 1450 2948 1503; x_wconf 78' lang='grc' dir='ltr'>τὰ</span> <span class='ocrx_word' id='word_1_283' title='bbox 2991 1449 3259 1518; x_wconf 79' lang='grc' dir='ltr'>γενόμενα</span> <span class='ocrx_word' id='word_1_284' title='bbox 3287 1442 3427 1502; x_wconf 77' lang='grc' dir='ltr'><strong>κατὰ</strong></span> <span class='ocrx_word' id='word_1_285' title='bbox 3452 1448 3562 1501; x_wconf 86' lang='grc' dir='ltr'><strong>τῶν</strong></span> <span class='ocrx_word' id='word_1_286' title='bbox 3592 1449 3697 1500; x_wconf 78' lang='lat' dir='ltr'><strong>Ro-</strong></span> 
     </span>
    </p>
   </div>
   <div class='ocr_carea' id='block_1_43' title="bbox 2115 1540 3698 1619">
    <p class='ocr_par' dir='ltr' id='par_1_43' title="bbox 2115 1540 3698 1619">
     <span class='ocr_line' id='line_1_43' title="bbox 2115 1540 3698 1619; baseline -0.004 -19"><span class='ocrx_word' id='word_1_287' title='bbox 2115 1547 2425 1618; x_wconf 84' lang='grc' dir='ltr'>σποριανῶν</span> <span class='ocrx_word' id='word_1_288' title='bbox 2473 1544 2627 1616; x_wconf 84' lang='grc' dir='ltr'>παρὰ</span> <span class='ocrx_word' id='word_1_289' title='bbox 2676 1543 2786 1597; x_wconf 84' lang='grc' dir='ltr'><strong>τῶν</strong></span> <span class='ocrx_word' id='word_1_290' title='bbox 2847 1541 3207 1619; x_wconf 85' lang='grc' dir='ltr'>Χερσωνιτῶν</span> <span class='ocrx_word' id='word_1_291' title='bbox 3233 1540 3369 1612; x_wconf 87' lang='lat'><strong>(60).</strong></span> <span class='ocrx_word' id='word_1_292' title='bbox 3412 1542 3471 1594; x_wconf 89' lang='lat'><strong>&#39;0</strong></span> <span class='ocrx_word' id='word_1_293' title='bbox 3523 1540 3580 1594; x_wconf 81' lang='grc' dir='ltr'>δὲ</span> <span class='ocrx_word' id='word_1_294' title='bbox 3636 1541 3698 1594; x_wconf 77' lang='grc' dir='ltr'>ἐν</span> 
     </span>
    </p>
   </div>
   <div class='ocr_carea' id='block_1_44' title="bbox 2116 1633 3697 1711">
    <p class='ocr_par' dir='ltr' id='par_1_44' title="bbox 2116 1633 3697 1711">
     <span class='ocr_line' id='line_1_44' title="bbox 2116 1633 3697 1711; baseline -0.006 -17"><span class='ocrx_word' id='word_1_295' title='bbox 2116 1641 2285 1711; x_wconf 75' lang='grc' dir='ltr'>πολλῇ</span> <span class='ocrx_word' id='word_1_296' title='bbox 2316 1638 2573 1692; x_wconf 85' lang='grc' dir='ltr'>στενώσει</span> <span class='ocrx_word' id='word_1_297' title='bbox 2617 1635 2932 1707; x_wconf 81' lang='grc' dir='ltr'>γενόμενος,</span> <span class='ocrx_word' id='word_1_298' title='bbox 2965 1634 3041 1698; x_wconf 87' lang='grc' dir='ltr'>ὡς</span> <span class='ocrx_word' id='word_1_299' title='bbox 3092 1633 3275 1704; x_wconf 76' lang='grc' dir='ltr'>δῆθεν,</span> <span class='ocrx_word' id='word_1_300' title='bbox 3301 1633 3467 1705; x_wconf 77' lang='grc' dir='ltr'>φησὶ,</span> <span class='ocrx_word' id='word_1_301' title='bbox 3506 1633 3697 1704; x_wconf 80' lang='grc' dir='ltr'>βουλό-</span> 
     </span>
    </p>
   </div>
   <div class='ocr_carea' id='block_1_45' title="bbox 2120 1723 3698 1800">
    <p class='ocr_par' dir='ltr' id='par_1_45' title="bbox 2120 1723 3698 1800">
     <span class='ocr_line' id='line_1_45' title="bbox 2120 1723 3698 1800; baseline -0.003 -18"><span class='ocrx_word' id='word_1_302' title='bbox 2120 1747 2285 1800; x_wconf 83' lang='grc' dir='ltr'>μενος</span> <span class='ocrx_word' id='word_1_303' title='bbox 2318 1729 2445 1792; x_wconf 82' lang='grc' dir='ltr'>τοὺς</span> <span class='ocrx_word' id='word_1_304' title='bbox 2486 1728 2600 1783; x_wconf 85' lang='grc' dir='ltr'><strong>τῶν</strong></span> <span class='ocrx_word' id='word_1_305' title='bbox 2638 1725 3001 1797; x_wconf 85' lang='grc' dir='ltr'>Χερσωνιτῶν</span> <span class='ocrx_word' id='word_1_306' title='bbox 3031 1725 3294 1796; x_wconf 76' lang='grc' dir='ltr'>πρέσϐεις</span> <span class='ocrx_word' id='word_1_307' title='bbox 3317 1725 3381 1777; x_wconf 71' lang='grc' dir='ltr'>ἐκ</span> <span class='ocrx_word' id='word_1_308' title='bbox 3413 1723 3515 1794; x_wconf 84' lang='grc' dir='ltr'>τῆς</span> <span class='ocrx_word' id='word_1_309' title='bbox 3555 1724 3698 1778; x_wconf 80' lang='grc' dir='ltr'>ὁδοι-</span> 
     </span>
    </p>
   </div>
   <div class='ocr_carea' id='block_1_46' title="bbox 2116 1814 3699 1891">
    <p class='ocr_par' dir='ltr' id='par_1_46' title="bbox 2116 1814 3699 1891">
     <span class='ocr_line' id='line_1_46' title="bbox 2116 1814 3699 1891; baseline -0.004 -18"><span class='ocrx_word' id='word_1_310' title='bbox 2116 1821 2316 1891; x_wconf 76' lang='grc' dir='ltr'>πορίας</span> <span class='ocrx_word' id='word_1_311' title='bbox 2372 1817 2709 1882; x_wconf 80' lang='grc' dir='ltr'>ἀναπαῦσαι,</span> <span class='ocrx_word' id='word_1_312' title='bbox 2741 1817 2893 1885; x_wconf 86' lang='grc' dir='ltr'><strong>λέγει</strong></span> <span class='ocrx_word' id='word_1_313' title='bbox 2928 1816 3131 1880; x_wconf 86' lang='grc' dir='ltr'>αὐτοῖς·</span> <span class='ocrx_word' id='word_1_314' title='bbox 3185 1814 3405 1887; x_wconf 77' lang='grc' dir='ltr'>Ἐπειδὴ</span> <span class='ocrx_word' id='word_1_315' title='bbox 3436 1815 3699 1885; x_wconf 81' lang='grc' dir='ltr'>κοπωμέ-</span> 
     </span>
    </p>
   </div>
   <div class='ocr_carea' id='block_1_47' title="bbox 2115 1907 3696 1987">
    <p class='ocr_par' dir='ltr' id='par_1_47' title="bbox 2115 1907 3696 1987">
     <span class='ocr_line' id='line_1_47' title="bbox 2115 1907 3696 1987; baseline -0.006 -22"><span class='ocrx_word' id='word_1_316' title='bbox 2115 1928 2195 1977; x_wconf 73' lang='grc' dir='ltr'><strong>νοι</strong></span> <span class='ocrx_word' id='word_1_317' title='bbox 2242 1913 2366 1964; x_wconf 77' lang='grc' dir='ltr'>ἐστε</span> <span class='ocrx_word' id='word_1_318' title='bbox 2400 1910 2535 1987; x_wconf 83' lang='lat'><strong>(6|),</strong></span> <span class='ocrx_word' id='word_1_319' title='bbox 2560 1909 2699 1963; x_wconf 82' lang='grc' dir='ltr'><strong>θέλω</strong></span> <span class='ocrx_word' id='word_1_320' title='bbox 2724 1909 2870 1979; x_wconf 80' lang='grc' dir='ltr'>ὑμᾶς</span> <span class='ocrx_word' id='word_1_321' title='bbox 2900 1908 3089 1976; x_wconf 78' lang='grc' dir='ltr'><strong>ὀλίγας</strong></span> <span class='ocrx_word' id='word_1_322' title='bbox 3119 1908 3334 1979; x_wconf 81' lang='grc' dir='ltr'>ἡμέρας</span> <span class='ocrx_word' id='word_1_323' title='bbox 3360 1907 3696 1976; x_wconf 79' lang='grc' dir='ltr'>ἀναπαῆναι,</span> 
     </span>
    </p>
   </div>
   <div class='ocr_carea' id='block_1_48' title="bbox 2115 1998 3696 2070">
    <p class='ocr_par' dir='ltr' id='par_1_48' title="bbox 2115 1998 3696 2070">
     <span class='ocr_line' id='line_1_48' title="bbox 2115 1998 3696 2070; baseline -0.002 -14"><span class='ocrx_word' id='word_1_324' title='bbox 2115 2003 2211 2056; x_wconf 76' lang='grc' dir='ltr'>καὶ</span> <span class='ocrx_word' id='word_1_325' title='bbox 2240 1998 2342 2055; x_wconf 81' lang='grc' dir='ltr'>εἷθ’</span> <span class='ocrx_word' id='word_1_326' title='bbox 2372 2002 2547 2064; x_wconf 74' lang='grc' dir='ltr'>οὕτως</span> <span class='ocrx_word' id='word_1_327' title='bbox 2578 2001 2755 2055; x_wconf 80' lang='grc' dir='ltr'>πάντα</span> <span class='ocrx_word' id='word_1_328' title='bbox 2775 2000 2843 2053; x_wconf 75' lang='grc' dir='ltr'>τὰ</span> <span class='ocrx_word' id='word_1_329' title='bbox 2869 2000 2957 2068; x_wconf 78' lang='grc' dir='ltr'><strong>ὑφ’</strong></span> <span class='ocrx_word' id='word_1_330' title='bbox 2991 1999 3146 2069; x_wconf 80' lang='grc' dir='ltr'>ὑμῶν</span> <span class='ocrx_word' id='word_1_331' title='bbox 3170 1998 3429 2069; x_wconf 80' lang='grc' dir='ltr'><strong>λεχθέντα</strong></span> <span class='ocrx_word' id='word_1_332' title='bbox 3462 2001 3696 2070; x_wconf 77' lang='grc' dir='ltr'>ποιήσω’</span> 
     </span>
    </p>
   </div>
   <div class='ocr_carea' id='block_1_49' title="bbox 2116 2086 3700 2161">
    <p class='ocr_par' dir='ltr' id='par_1_49' title="bbox 2116 2086 3700 2161">
     <span class='ocr_line' id='line_1_49' title="bbox 2116 2086 3700 2161; baseline -0.005 -14"><span class='ocrx_word' id='word_1_333' title='bbox 2116 2091 2366 2147; x_wconf 77' lang='grc' dir='ltr'>ἐντεῦθεν</span> <span class='ocrx_word' id='word_1_334' title='bbox 2396 2091 2663 2145; x_wconf 81' lang='grc' dir='ltr'>ἀπέλθετε</span> <span class='ocrx_word' id='word_1_335' title='bbox 2718 2089 2855 2161; x_wconf 78' lang='grc' dir='ltr'>πρὸς</span> <span class='ocrx_word' id='word_1_336' title='bbox 2899 2088 3028 2151; x_wconf 80' lang='grc' dir='ltr'>τοὺς</span> <span class='ocrx_word' id='word_1_337' title='bbox 3075 2088 3317 2158; x_wconf 86' lang='grc' dir='ltr'>Ῥώμης,</span> <span class='ocrx_word' id='word_1_338' title='bbox 3347 2087 3443 2143; x_wconf 82' lang='grc' dir='ltr'>καὶ</span> <span class='ocrx_word' id='word_1_339' title='bbox 3495 2086 3700 2157; x_wconf 79' lang='grc' dir='ltr'>μάθετε</span> 
     </span>
    </p>
   </div>
   <div class='ocr_carea' id='block_1_50' title="bbox 2116 2175 3702 2254">
    <p class='ocr_par' dir='ltr' id='par_1_50' title="bbox 2116 2175 3702 2254">
     <span class='ocr_line' id='line_1_50' title="bbox 2116 2175 3702 2254; baseline -0.004 -19"><span class='ocrx_word' id='word_1_340' title='bbox 2116 2182 2245 2254; x_wconf 84' lang='grc' dir='ltr'>παρ’</span> <span class='ocrx_word' id='word_1_341' title='bbox 2278 2179 2481 2244; x_wconf 85' lang='grc' dir='ltr'>αὐτῶν,</span> <span class='ocrx_word' id='word_1_342' title='bbox 2532 2180 2627 2233; x_wconf 68' lang='grc' dir='ltr'>καὶ</span> <span class='ocrx_word' id='word_1_343' title='bbox 2671 2175 2958 2241; x_wconf 77' lang='grc' dir='ltr'>πείθεσθε,</span> <span class='ocrx_word' id='word_1_344' title='bbox 3013 2178 3095 2230; x_wconf 81' lang='grc' dir='ltr'>ὅτι</span> <span class='ocrx_word' id='word_1_345' title='bbox 3135 2175 3386 2245; x_wconf 79' lang='grc' dir='ltr'>ἀληθεύω</span> <span class='ocrx_word' id='word_1_346' title='bbox 3424 2176 3573 2247; x_wconf 84' lang='grc' dir='ltr'>ύμῖν,</span> <span class='ocrx_word' id='word_1_347' title='bbox 3606 2178 3702 2229; x_wconf 70' lang='grc' dir='ltr'>καὶ</span> 
     </span>
    </p>
   </div>
   <div class='ocr_carea' id='block_1_51' title="bbox 2120 2269 3699 2346">
    <p class='ocr_par' dir='ltr' id='par_1_51' title="bbox 2120 2269 3699 2346">
     <span class='ocr_line' id='line_1_51' title="bbox 2120 2269 3699 2346; baseline -0.009 -16"><span class='ocrx_word' id='word_1_348' title='bbox 2120 2275 2197 2346; x_wconf 75' lang='grc' dir='ltr'><strong>μὴ</strong></span> <span class='ocrx_word' id='word_1_349' title='bbox 2229 2272 2517 2346; x_wconf 74' lang='grc' dir='ltr'>ψεύδομαι.</span> <span class='ocrx_word' id='word_1_350' title='bbox 2538 2270 2676 2326; x_wconf 83' lang='grc' dir='ltr'>’Τῶν</span> <span class='ocrx_word' id='word_1_351' title='bbox 2708 2269 2764 2324; x_wconf 84' lang='grc' dir='ltr'>δὲ</span> <span class='ocrx_word' id='word_1_352' title='bbox 2796 2270 3156 2341; x_wconf 85' lang='grc' dir='ltr'>Χερσωνιτῶν</span> <span class='ocrx_word' id='word_1_353' title='bbox 3182 2270 3529 2323; x_wconf 81' lang='grc' dir='ltr'>ἀπελθόντων</span> <span class='ocrx_word' id='word_1_354' title='bbox 3559 2269 3699 2341; x_wconf 61' lang='grc' dir='ltr'>πρὶς</span> 
     </span>
    </p>
   </div>
   <div class='ocr_carea' id='block_1_52' title="bbox 2119 2361 3697 2434">
    <p class='ocr_par' dir='ltr' id='par_1_52' title="bbox 2119 2361 3697 2434">
     <span class='ocr_line' id='line_1_52' title="bbox 2119 2361 3697 2434; baseline -0.003 -14"><span class='ocrx_word' id='word_1_355' title='bbox 2119 2367 2450 2421; x_wconf 86' lang='grc' dir='ltr'>Κώνσταντα</span> <span class='ocrx_word' id='word_1_356' title='bbox 2512 2363 2650 2434; x_wconf 85' lang='grc' dir='ltr'><strong>μετὰ</strong></span> <span class='ocrx_word' id='word_1_357' title='bbox 2688 2363 2783 2417; x_wconf 77' lang='grc' dir='ltr'><strong>καὶ</strong></span> <span class='ocrx_word' id='word_1_358' title='bbox 2829 2362 3118 2434; x_wconf 73' lang='grc' dir='ltr'>πρέσϐεων</span> <span class='ocrx_word' id='word_1_359' title='bbox 3176 2361 3268 2416; x_wconf 78' lang='grc' dir='ltr'>τοῦ</span> <span class='ocrx_word' id='word_1_360' title='bbox 3314 2364 3697 2434; x_wconf 84' lang='grc' dir='ltr'>Σαυρομάτου,</span> 
     </span>
    </p>
   </div>
   <div class='ocr_carea' id='block_1_53' title="bbox 2116 2454 3704 2526">
    <p class='ocr_par' dir='ltr' id='par_1_53' title="bbox 2116 2454 3704 2526">
     <span class='ocr_line' id='line_1_53' title="bbox 2116 2454 3704 2526; baseline -0.001 -17"><span class='ocrx_word' id='word_1_361' title='bbox 2116 2457 2381 2511; x_wconf 74' lang='grc' dir='ltr'>ἐπύθοντο</span> <span class='ocrx_word' id='word_1_362' title='bbox 2412 2455 2524 2525; x_wconf 68' lang='lat'><strong>(62)</strong></span> <span class='ocrx_word' id='word_1_363' title='bbox 2557 2455 2625 2509; x_wconf 79' lang='grc' dir='ltr'><strong>τά</strong></span> <span class='ocrx_word' id='word_1_364' title='bbox 2659 2454 2861 2526; x_wconf 82' lang='grc' dir='ltr'>μεταξὺ</span> <span class='ocrx_word' id='word_1_365' title='bbox 2895 2454 3076 2509; x_wconf 82' lang='grc' dir='ltr'>αὐτῶν</span> <span class='ocrx_word' id='word_1_366' title='bbox 3104 2456 3395 2525; x_wconf 83' lang='grc' dir='ltr'>γενόμενα,</span> <span class='ocrx_word' id='word_1_367' title='bbox 3440 2454 3704 2523; x_wconf 77' lang='grc' dir='ltr'>ἀνήγγει-</span> 
     </span>
    </p>
   </div>
   <div class='ocr_carea' id='block_1_54' title="bbox 2117 2544 3705 2620">
    <p class='ocr_par' dir='ltr' id='par_1_54' title="bbox 2117 2544 3705 2620">
     <span class='ocr_line' id='line_1_54' title="bbox 2117 2544 3705 2620; baseline -0.002 -20"><span class='ocrx_word' id='word_1_368' title='bbox 2117 2547 2218 2600; x_wconf 86' lang='grc' dir='ltr'><strong>λαν</strong></span> <span class='ocrx_word' id='word_1_369' title='bbox 2246 2548 2305 2601; x_wconf 76' lang='grc' dir='ltr'>δὲ</span> <span class='ocrx_word' id='word_1_370' title='bbox 2348 2547 2429 2620; x_wconf 81' lang='grc' dir='ltr'>τῷ</span> <span class='ocrx_word' id='word_1_371' title='bbox 2460 2545 2693 2617; x_wconf 77' lang='grc' dir='ltr'>Κώνστα</span> <span class='ocrx_word' id='word_1_372' title='bbox 2725 2546 2819 2600; x_wconf 85' lang='grc' dir='ltr'>καὶ</span> <span class='ocrx_word' id='word_1_373' title='bbox 2855 2546 3033 2599; x_wconf 81' lang='grc' dir='ltr'>πάντα</span> <span class='ocrx_word' id='word_1_374' title='bbox 3084 2545 3153 2599; x_wconf 72' lang='grc' dir='ltr'><strong>τὰ</strong></span> <span class='ocrx_word' id='word_1_375' title='bbox 3209 2545 3300 2600; x_wconf 84' lang='grc' dir='ltr'><strong>ὑπ’</strong></span> <span class='ocrx_word' id='word_1_376' title='bbox 3340 2546 3521 2600; x_wconf 71' lang='grc' dir='ltr'>αὐτῶν</span> <span class='ocrx_word' id='word_1_377' title='bbox 3562 2544 3705 2598; x_wconf 82' lang='grc' dir='ltr'><strong>κατά</strong></span> 
     </span>
    </p>
   </div>
   <div class='ocr_carea' id='block_1_55' title="bbox 2117 2637 3708 2712">
    <p class='ocr_par' dir='ltr' id='par_1_55' title="bbox 2117 2637 3708 2712">
     <span class='ocr_line' id='line_1_55' title="bbox 2117 2637 3708 2712; baseline -0.004 -14"><span class='ocrx_word' id='word_1_378' title='bbox 2117 2644 2227 2698; x_wconf 80' lang='grc' dir='ltr'><strong>τῶν</strong></span> <span class='ocrx_word' id='word_1_379' title='bbox 2262 2639 2646 2712; x_wconf 85' lang='grc' dir='ltr'>Βοσποριανῶν</span> <span class='ocrx_word' id='word_1_380' title='bbox 2696 2640 2791 2693; x_wconf 74' lang='grc' dir='ltr'>καὶ</span> <span class='ocrx_word' id='word_1_381' title='bbox 2837 2638 2935 2710; x_wconf 71' lang='grc' dir='ltr'>τὴν</span> <span class='ocrx_word' id='word_1_382' title='bbox 2987 2637 3273 2693; x_wconf 86' lang='grc' dir='ltr'>Μαιώτιδα</span> <span class='ocrx_word' id='word_1_383' title='bbox 3313 2637 3513 2709; x_wconf 77' lang='grc' dir='ltr'>λέμνην</span> <span class='ocrx_word' id='word_1_384' title='bbox 3548 2639 3708 2706; x_wconf 75' lang='grc' dir='ltr'>γενό·</span> 
     </span>
    </p>
   </div>
   <div class='ocr_carea' id='block_1_56' title="bbox 2124 2728 3709 2803">
    <p class='ocr_par' dir='ltr' id='par_1_56' title="bbox 2124 2728 3709 2803">
     <span class='ocr_line' id='line_1_56' title="bbox 2124 2728 3709 2803; baseline -0.002 -16"><span class='ocrx_word' id='word_1_385' title='bbox 2124 2750 2284 2803; x_wconf 86' lang='grc' dir='ltr'>μενα·</span> <span class='ocrx_word' id='word_1_386' title='bbox 2311 2731 2403 2785; x_wconf 78' lang='grc' dir='ltr'><strong>καὶ</strong></span> <span class='ocrx_word' id='word_1_387' title='bbox 2431 2732 2492 2785; x_wconf 76' lang='grc' dir='ltr'><strong>τὸ</strong></span> <span class='ocrx_word' id='word_1_388' title='bbox 2515 2730 2631 2795; x_wconf 81' lang='grc' dir='ltr'>πῶς</span> <span class='ocrx_word' id='word_1_389' title='bbox 2662 2731 2762 2795; x_wconf 77' lang='grc' dir='ltr'><strong>τὰς</strong></span> <span class='ocrx_word' id='word_1_390' title='bbox 2790 2729 3053 2801; x_wconf 77' lang='grc' dir='ltr'>φαμιλίας</span> <span class='ocrx_word' id='word_1_391' title='bbox 3075 2728 3431 2799; x_wconf 81' lang='grc' dir='ltr'>Σαυρομάτου</span> <span class='ocrx_word' id='word_1_392' title='bbox 3464 2729 3709 2801; x_wconf 81' lang='grc' dir='ltr'>παρέλα-</span> 
     </span>
    </p>
   </div>
   <div class='ocr_carea' id='block_1_57' title="bbox 2120 2812 3710 2899">
    <p class='ocr_par' dir='ltr' id='par_1_57' title="bbox 2120 2812 3710 2899">
     <span class='ocr_line' id='line_1_57' title="bbox 2120 2812 3710 2899; baseline -0.003 -20"><span class='ocrx_word' id='word_1_393' title='bbox 2120 2826 2235 2893; x_wconf 75' lang='grc' dir='ltr'>ὅυν,</span> <span class='ocrx_word' id='word_1_394' title='bbox 2275 2827 2369 2880; x_wconf 76' lang='grc' dir='ltr'>καὶ</span> <span class='ocrx_word' id='word_1_395' title='bbox 2416 2827 2499 2880; x_wconf 83' lang='grc' dir='ltr'><strong>ὅτι</strong></span> <span class='ocrx_word' id='word_1_396' title='bbox 2533 2826 2598 2896; x_wconf 82' lang='grc' dir='ltr'>τῇ</span> <span class='ocrx_word' id='word_1_397' title='bbox 2649 2826 2865 2899; x_wconf 84' lang='grc' dir='ltr'>ἀνάγκῃ</span> <span class='ocrx_word' id='word_1_398' title='bbox 2901 2822 3076 2894; x_wconf 80' lang='grc' dir='ltr'>ταύτῃ</span> <span class='ocrx_word' id='word_1_399' title='bbox 3115 2824 3196 2886; x_wconf 87' lang='grc' dir='ltr'><strong>εἰς</strong></span> <span class='ocrx_word' id='word_1_400' title='bbox 3228 2812 3454 2894; x_wconf 82' lang='grc' dir='ltr'>εἰρήνην</span> <span class='ocrx_word' id='word_1_401' title='bbox 3488 2819 3655 2893; x_wconf 86' lang='grc' dir='ltr'>ἦλθεν</span> <span class='ocrx_word' id='word_1_402' title='bbox 3678 2823 3710 2875; x_wconf 90' lang='lat'><strong>6</strong></span> 
     </span>
    </p>
   </div>
   <div class='ocr_carea' id='block_1_58' title="bbox 2124 2915 3709 2988">
    <p class='ocr_par' dir='ltr' id='par_1_58' title="bbox 2124 2915 3709 2988">
     <span class='ocr_line' id='line_1_58' title="bbox 2124 2915 3709 2988; baseline -0.003 -19"><span class='ocrx_word' id='word_1_403' title='bbox 2124 2918 2499 2988; x_wconf 81' lang='grc' dir='ltr'>Σαυρόματος.</span> <span class='ocrx_word' id='word_1_404' title='bbox 2568 2915 2837 2979; x_wconf 81' lang='grc' dir='ltr'>’Δκούσας</span> <span class='ocrx_word' id='word_1_405' title='bbox 2880 2915 2938 2970; x_wconf 81' lang='grc' dir='ltr'>δὲ</span> <span class='ocrx_word' id='word_1_406' title='bbox 2986 2915 3160 2969; x_wconf 84' lang='grc' dir='ltr'>ταῦτα</span> <span class='ocrx_word' id='word_1_407' title='bbox 3188 2915 3217 2968; x_wconf 97' lang='lat'><strong>6</strong></span> <span class='ocrx_word' id='word_1_408' title='bbox 3248 2915 3512 2978; x_wconf 82' lang='grc' dir='ltr'>Κώνστας</span> <span class='ocrx_word' id='word_1_409' title='bbox 3558 2915 3709 2968; x_wconf 88' lang='grc' dir='ltr'>πάνυ</span> 
     </span>
    </p>
   </div>
   <div class='ocr_carea' id='block_1_59' title="bbox 2124 3007 3712 3079">
    <p class='ocr_par' dir='ltr' id='par_1_59' title="bbox 2124 3007 3712 3079">
     <span class='ocr_line' id='line_1_59' title="bbox 2124 3007 3712 3079; baseline -0.003 -17"><span class='ocrx_word' id='word_1_410' title='bbox 2124 3009 2393 3079; x_wconf 69' lang='grc' dir='ltr'>ἐλυπήθη,</span> <span class='ocrx_word' id='word_1_411' title='bbox 2428 3008 2523 3060; x_wconf 73' lang='grc' dir='ltr'><strong>καὶ</strong></span> <span class='ocrx_word' id='word_1_412' title='bbox 2558 3007 2709 3077; x_wconf 85' lang='grc' dir='ltr'>λέγει</span> <span class='ocrx_word' id='word_1_413' title='bbox 2734 3010 2844 3071; x_wconf 83' lang='grc' dir='ltr'>τοῖς</span> <span class='ocrx_word' id='word_1_414' title='bbox 2884 3007 3279 3079; x_wconf 77' lang='grc' dir='ltr'><strong>Χερσωνίταις⁹</strong></span> <span class='ocrx_word' id='word_1_415' title='bbox 3314 3007 3425 3061; x_wconf 78' lang='grc' dir='ltr'><strong>Καὶ</strong></span> <span class='ocrx_word' id='word_1_416' title='bbox 3446 3007 3500 3058; x_wconf 79' lang='grc' dir='ltr'>τί</span> <span class='ocrx_word' id='word_1_417' title='bbox 3527 3024 3620 3077; x_wconf 87' lang='grc' dir='ltr'><strong>μοι</strong></span> <span class='ocrx_word' id='word_1_418' title='bbox 3646 3007 3712 3058; x_wconf 71' lang='grc' dir='ltr'><strong>τὸ</strong></span> 
     </span>
    </p>
   </div>
   <div class='ocr_carea' id='block_1_60' title="bbox 444 3092 2014 3200">
    <p class='ocr_par' dir='ltr' id='par_1_60' title="bbox 444 3096 2014 3176">
     <span class='ocr_line' id='line_1_60' title="bbox 444 3096 2014 3176; baseline -0.003 -16"><span class='ocrx_word' id='word_1_419' title='bbox 444 3115 505 3160; x_wconf 89' lang='lat' dir='ltr'><strong>ut</strong></span> <span class='ocrx_word' id='word_1_420' title='bbox 538 3107 654 3176; x_wconf 89' lang='lat' dir='ltr'><strong>ipsc</strong></span> <span class='ocrx_word' id='word_1_421' title='bbox 681 3104 805 3159; x_wconf 87' lang='lat' dir='ltr'><strong>inde</strong></span> <span class='ocrx_word' id='word_1_422' title='bbox 833 3101 1159 3158; x_wconf 87' lang='lat' dir='ltr'><strong>discederet.</strong></span> <span class='ocrx_word' id='word_1_423' title='bbox 1194 3098 1457 3169; x_wconf 89' lang='lat' dir='ltr'><strong>lnquitmt</strong></span> <span class='ocrx_word' id='word_1_424' title='bbox 1509 3096 1796 3154; x_wconf 88' lang='lat' dir='ltr'><strong>Constanti</strong></span> <span class='ocrx_word' id='word_1_425' title='bbox 1849 3097 2014 3155; x_wconf 81' lang='lat' dir='ltr'><strong>Cher-</strong></span> 
     </span>
    </p>
   </div>
   <div class='ocr_carea' id='block_1_61' title="bbox 2119 3092 3711 3200">
    <p class='ocr_par' dir='ltr' id='par_1_61' title="bbox 2124 3092 3711 3171">
     <span class='ocr_line' id='line_1_61' title="bbox 2124 3092 3711 3171; baseline 0.018 -21"><span class='ocrx_word' id='word_1_426' title='bbox 2124 3100 2316 3170; x_wconf 76' lang='grc' dir='ltr'>ὄφελος</span> <span class='ocrx_word' id='word_1_427' title='bbox 2352 3098 2537 3153; x_wconf 80' lang='grc' dir='ltr'>λοιπὸν</span> <span class='ocrx_word' id='word_1_428' title='bbox 2569 3099 2664 3169; x_wconf 83' lang='grc' dir='ltr'>τῆς</span> <span class='ocrx_word' id='word_1_429' title='bbox 2690 3099 2965 3170; x_wconf 74' lang='grc' dir='ltr'>ὑμετέρας</span> <span class='ocrx_word' id='word_1_430' title='bbox 2995 3099 3316 3169; x_wconf 74' lang='grc' dir='ltr'><strong>συμμαχίας</strong></span> <span class='ocrx_word' id='word_1_431' title='bbox 3347 3097 3485 3171; x_wconf 60' lang='grc'><strong>(63)⁹</strong></span> <span class='ocrx_word' id='word_1_432' title='bbox 3512 3099 3609 3166; x_wconf 65' lang='grc' dir='ltr'><strong>ἀφ’</strong></span> <span class='ocrx_word' id='word_1_433' title='bbox 3638 3092 3711 3170; x_wconf 58' lang='grc' dir='ltr'><strong>ἧς</strong></span> 
     </span>
    </p>
   </div>
   <div class='ocr_carea' id='block_1_62' title="bbox 445 3192 2022 3261">
    <p class='ocr_par' dir='ltr' id='par_1_62' title="bbox 445 3192 2022 3261">
     <span class='ocr_line' id='line_1_62' title="bbox 445 3192 2022 3261; baseline -0.003 -9"><span class='ocrx_word' id='word_1_434' title='bbox 445 3199 643 3252; x_wconf 71' lang='lat' dir='ltr'><strong>sonitte</strong></span> <span class='ocrx_word' id='word_1_435' title='bbox 685 3212 698 3247; x_wconf 73' lang='grc' dir='ltr'><strong>ε</strong></span> <span class='ocrx_word' id='word_1_436' title='bbox 737 3194 813 3249; x_wconf 82' lang='lat' dir='ltr'><strong>Ne</strong></span> <span class='ocrx_word' id='word_1_437' title='bbox 846 3195 1090 3249; x_wconf 78' lang='lat' dir='ltr'><strong>dimittas</strong></span> <span class='ocrx_word' id='word_1_438' title='bbox 1121 3207 1244 3258; x_wconf 88' lang='lat' dir='ltr'><strong>nos,</strong></span> <span class='ocrx_word' id='word_1_439' title='bbox 1284 3197 1577 3261; x_wconf 82' lang='lat' dir='ltr'><strong>antequam</strong></span> <span class='ocrx_word' id='word_1_440' title='bbox 1617 3192 1865 3261; x_wconf 86' lang='lat' dir='ltr'><strong>captivos</strong></span> <span class='ocrx_word' id='word_1_441' title='bbox 1904 3208 2022 3247; x_wconf 90' lang='lat' dir='ltr'><strong>om-</strong></span> 
     </span>
    </p>
   </div>
   <div class='ocr_carea' id='block_1_63' title="bbox 446 3279 2022 3355">
    <p class='ocr_par' dir='ltr' id='par_1_63' title="bbox 446 3279 2022 3355">
     <span class='ocr_line' id='line_1_63' title="bbox 446 3279 2022 3355; baseline -0.004 -12"><span class='ocrx_word' id='word_1_442' title='bbox 446 3303 546 3343; x_wconf 85' lang='lat' dir='ltr'><strong>nes</strong></span> <span class='ocrx_word' id='word_1_443' title='bbox 574 3285 875 3355; x_wconf 81' lang='lat' dir='ltr'><strong>acceperis.</strong></span> <span class='ocrx_word' id='word_1_444' title='bbox 903 3282 1043 3337; x_wconf 84' lang='lat' dir='ltr'><strong>Tum</strong></span> <span class='ocrx_word' id='word_1_445' title='bbox 1103 3282 1376 3338; x_wconf 80' lang='lat' dir='ltr'><strong>Constans</strong></span> <span class='ocrx_word' id='word_1_446' title='bbox 1437 3279 1767 3339; x_wconf 74' lang='lat' dir='ltr'><strong>Sauromata</strong></span> <span class='ocrx_word' id='word_1_447' title='bbox 1818 3298 2022 3336; x_wconf 86' lang='lat' dir='ltr'><strong>renun-</strong></span> 
     </span>
    </p>
   </div>
   <div class='ocr_carea' id='block_1_64' title="bbox 448 3370 2022 3446">
    <p class='ocr_par' dir='ltr' id='par_1_64' title="bbox 448 3370 2022 3446">
     <span class='ocr_line' id='line_1_64' title="bbox 448 3370 2022 3446; baseline -0.004 -15"><span class='ocrx_word' id='word_1_448' title='bbox 448 3380 628 3444; x_wconf 87' lang='lat' dir='ltr'><strong>tiavit,</strong></span> <span class='ocrx_word' id='word_1_449' title='bbox 663 3376 767 3432; x_wconf 88' lang='lat' dir='ltr'><strong>sibi</strong></span> <span class='ocrx_word' id='word_1_450' title='bbox 799 3376 1043 3446; x_wconf 77' lang='lat' dir='ltr'><strong>captivos</strong></span> <span class='ocrx_word' id='word_1_451' title='bbox 1072 3391 1264 3430; x_wconf 87' lang='lat' dir='ltr'><strong>omnes</strong></span> <span class='ocrx_word' id='word_1_452' title='bbox 1299 3377 1557 3443; x_wconf 84' lang='lat' dir='ltr'><strong>mitteret,</strong></span> <span class='ocrx_word' id='word_1_453' title='bbox 1596 3381 1712 3429; x_wconf 92' lang='lat' dir='ltr'><strong>tum</strong></span> <span class='ocrx_word' id='word_1_454' title='bbox 1744 3388 1803 3428; x_wconf 90' lang='lat' dir='ltr'><strong>se</strong></span> <span class='ocrx_word' id='word_1_455' title='bbox 1856 3370 2022 3427; x_wconf 85' lang='lat' dir='ltr'><strong>Cher-</strong></span> 
     </span>
    </p>
   </div>
   <div class='ocr_carea' id='block_1_65' title="bbox 449 3463 2022 3537">
    <p class='ocr_par' dir='ltr' id='par_1_65' title="bbox 449 3463 2022 3537">
     <span class='ocr_line' id='line_1_65' title="bbox 449 3463 2022 3537; baseline -0.004 -13"><span class='ocrx_word' id='word_1_456' title='bbox 449 3469 659 3525; x_wconf 82' lang='lat' dir='ltr'><strong>snnitas</strong></span> <span class='ocrx_word' id='word_1_457' title='bbox 690 3467 1042 3523; x_wconf 83' lang='lat' dir='ltr'><strong>dimissurum</strong></span> <span class='ocrx_word' id='word_1_458' title='bbox 1071 3468 1410 3537; x_wconf 85' lang='lat' dir='ltr'><strong>promittens.</strong></span> <span class='ocrx_word' id='word_1_459' title='bbox 1449 3465 1580 3532; x_wconf 66' lang='lat' dir='ltr'><strong>Quae</strong></span> <span class='ocrx_word' id='word_1_460' title='bbox 1636 3465 1727 3520; x_wconf 89' lang='lat' dir='ltr'><strong>ubi</strong></span> <span class='ocrx_word' id='word_1_461' title='bbox 1775 3463 2022 3519; x_wconf 86' lang='lat' dir='ltr'><strong>audisset</strong></span> 
     </span>
    </p>
   </div>
   <div class='ocr_carea' id='block_1_66' title="bbox 450 3558 2021 3631">
    <p class='ocr_par' dir='ltr' id='par_1_66' title="bbox 450 3558 2021 3631">
     <span class='ocr_line' id='line_1_66' title="bbox 450 3558 2021 3631; baseline -0.002 -16"><span class='ocrx_word' id='word_1_462' title='bbox 450 3561 813 3617; x_wconf 78' lang='lat' dir='ltr'><strong>Sauromatas</strong></span> <span class='ocrx_word' id='word_1_463' title='bbox 846 3575 1038 3616; x_wconf 88' lang='lat' dir='ltr'><strong>omnes</strong></span> <span class='ocrx_word' id='word_1_464' title='bbox 1083 3560 1332 3630; x_wconf 86' lang='lat' dir='ltr'><strong>captivos</strong></span> <span class='ocrx_word' id='word_1_465' title='bbox 1378 3568 1648 3631; x_wconf 86' lang='lat' dir='ltr'><strong>quotquot</strong></span> <span class='ocrx_word' id='word_1_466' title='bbox 1701 3567 1888 3614; x_wconf 89' lang='lat' dir='ltr'><strong>essent</strong></span> <span class='ocrx_word' id='word_1_467' title='bbox 1938 3558 2021 3613; x_wconf 72' lang='lat' dir='ltr'><strong>vel</strong></span> 
     </span>
    </p>
   </div>
   <div class='ocr_carea' id='block_1_67' title="bbox 448 3650 2017 3722">
    <p class='ocr_par' dir='ltr' id='par_1_67' title="bbox 448 3650 2017 3722">
     <span class='ocr_line' id='line_1_67' title="bbox 448 3650 2017 3722; baseline -0.003 -14"><span class='ocrx_word' id='word_1_468' title='bbox 448 3654 656 3709; x_wconf 82' lang='lat' dir='ltr'><strong>invitus</strong></span> <span class='ocrx_word' id='word_1_469' title='bbox 694 3652 920 3708; x_wconf 86' lang='lat' dir='ltr'><strong>dimisit.</strong></span> <span class='ocrx_word' id='word_1_470' title='bbox 966 3651 1116 3718; x_wconf 84' lang='lat' dir='ltr'><strong>Quos</strong></span> <span class='ocrx_word' id='word_1_471' title='bbox 1163 3666 1286 3706; x_wconf 91' lang='lat' dir='ltr'><strong>cum</strong></span> <span class='ocrx_word' id='word_1_472' title='bbox 1354 3651 1657 3722; x_wconf 83' lang='lat' dir='ltr'><strong>accepisset</strong></span> <span class='ocrx_word' id='word_1_473' title='bbox 1722 3650 2017 3716; x_wconf 86' lang='lat' dir='ltr'><strong>Constans,</strong></span> 
     </span>
    </p>
   </div>
   <div class='ocr_carea' id='block_1_68' title="bbox 442 3742 2015 3814">
    <p class='ocr_par' dir='ltr' id='par_1_68' title="bbox 442 3742 2015 3814">
     <span class='ocr_line' id='line_1_68' title="bbox 442 3742 2015 3814; baseline -0.003 -15"><span class='ocrx_word' id='word_1_474' title='bbox 442 3745 666 3801; x_wconf 87' lang='lat' dir='ltr'><strong>duobus</strong></span> <span class='ocrx_word' id='word_1_475' title='bbox 706 3743 1155 3800; x_wconf 87' lang='lat' dir='ltr'><strong>Chersonitarum</strong></span> <span class='ocrx_word' id='word_1_476' title='bbox 1195 3744 1390 3814; x_wconf 80' lang='lat' dir='ltr'><strong>legatis</strong></span> <span class='ocrx_word' id='word_1_477' title='bbox 1462 3742 1603 3814; x_wconf 89' lang='lat' dir='ltr'><strong>apud</strong></span> <span class='ocrx_word' id='word_1_478' title='bbox 1645 3758 1706 3798; x_wconf 88' lang='lat' dir='ltr'><strong>se</strong></span> <span class='ocrx_word' id='word_1_479' title='bbox 1755 3742 2015 3807; x_wconf 78' lang='lat' dir='ltr'><strong>retentis,</strong></span> 
     </span>
    </p>
   </div>
   <div class='ocr_carea' id='block_1_69' title="bbox 448 3831 2024 3903">
    <p class='ocr_par' dir='ltr' id='par_1_69' title="bbox 448 3831 2024 3903">
     <span class='ocr_line' id='line_1_69' title="bbox 448 3831 2024 3903; baseline -0.004 -12"><span class='ocrx_word' id='word_1_480' title='bbox 448 3844 676 3891; x_wconf 73' lang='lat' dir='ltr'><strong>caeteros</strong></span> <span class='ocrx_word' id='word_1_481' title='bbox 705 3835 772 3889; x_wconf 87' lang='lat' dir='ltr'><strong>ad</strong></span> <span class='ocrx_word' id='word_1_482' title='bbox 832 3836 1221 3890; x_wconf 85' lang='lat' dir='ltr'><strong>Sauromatutn</strong></span> <span class='ocrx_word' id='word_1_483' title='bbox 1276 3833 1444 3895; x_wconf 89' lang='lat' dir='ltr'><strong>misit,</strong></span> <span class='ocrx_word' id='word_1_484' title='bbox 1479 3835 1637 3903; x_wconf 86' lang='lat' dir='ltr'><strong>isque</strong></span> <span class='ocrx_word' id='word_1_485' title='bbox 1683 3831 1751 3887; x_wconf 86' lang='lat' dir='ltr'><strong>ad</strong></span> <span class='ocrx_word' id='word_1_486' title='bbox 1804 3832 2024 3886; x_wconf 88' lang='lat' dir='ltr'><strong>illorum</strong></span> 
     </span>
    </p>
   </div>
   <div class='ocr_carea' id='block_1_70' title="bbox 449 3920 2026 3995">
    <p class='ocr_par' dir='ltr' id='par_1_70' title="bbox 449 3920 2026 3995">
     <span class='ocr_line' id='line_1_70' title="bbox 449 3920 2026 3995; baseline -0.004 -14"><span class='ocrx_word' id='word_1_487' title='bbox 449 3929 743 3981; x_wconf 86' lang='lat' dir='ltr'><strong>adventum</strong></span> <span class='ocrx_word' id='word_1_488' title='bbox 774 3943 803 3981; x_wconf 94' lang='lat' dir='ltr'><strong>e</strong></span> <span class='ocrx_word' id='word_1_489' title='bbox 838 3925 1109 3981; x_wconf 87' lang='lat' dir='ltr'><strong>Lazorum</strong></span> <span class='ocrx_word' id='word_1_490' title='bbox 1141 3925 1365 3995; x_wconf 81' lang='lat' dir='ltr'><strong>regione</strong></span> <span class='ocrx_word' id='word_1_491' title='bbox 1426 3920 1693 3994; x_wconf 89' lang='lat' dir='ltr'><strong>quosdam</strong></span> <span class='ocrx_word' id='word_1_492' title='bbox 1746 3936 1852 3975; x_wconf 91' lang='lat' dir='ltr'><strong>una</strong></span> <span class='ocrx_word' id='word_1_493' title='bbox 1900 3935 2026 3975; x_wconf 90' lang='lat' dir='ltr'><strong>cum</strong></span> 
     </span>
    </p>
   </div>
   <div class='ocr_carea' id='block_1_71' title="bbox 450 4013 2031 4087">
    <p class='ocr_par' dir='ltr' id='par_1_71' title="bbox 450 4013 2031 4087">
     <span class='ocr_line' id='line_1_71' title="bbox 450 4013 2031 4087; baseline -0.004 -15"><span class='ocrx_word' id='word_1_494' title='bbox 450 4018 568 4073; x_wconf 83' lang='lat' dir='ltr'><strong>suis</strong></span> <span class='ocrx_word' id='word_1_495' title='bbox 603 4017 922 4083; x_wconf 84' lang='lat' dir='ltr'><strong>destinavit,</strong></span> <span class='ocrx_word' id='word_1_496' title='bbox 972 4017 1172 4087; x_wconf 89' lang='lat' dir='ltr'><strong>quibus</strong></span> <span class='ocrx_word' id='word_1_497' title='bbox 1226 4015 1504 4084; x_wconf 88' lang='lat' dir='ltr'><strong>Bosporus</strong></span> <span class='ocrx_word' id='word_1_498' title='bbox 1534 4013 1861 4084; x_wconf 79' lang='lat' dir='ltr'><strong>familiaeque</strong></span> <span class='ocrx_word' id='word_1_499' title='bbox 1920 4021 2031 4067; x_wconf 87' lang='lat' dir='ltr'><strong>tra-</strong></span> 
     </span>
    </p>
   </div>
   <div class='ocr_carea' id='block_1_72' title="bbox 2128 3188 3709 3263">
    <p class='ocr_par' dir='ltr' id='par_1_72' title="bbox 2128 3188 3709 3263">
     <span class='ocr_line' id='line_1_72' title="bbox 2128 3188 3709 3263; baseline -0.001 -18"><span class='ocrx_word' id='word_1_500' title='bbox 2128 3191 2238 3259; x_wconf 73' lang='grc' dir='ltr'>ἐγὼ</span> <span class='ocrx_word' id='word_1_501' title='bbox 2272 3190 2505 3260; x_wconf 70' lang='grc' dir='ltr'>ἐποίησα</span> <span class='ocrx_word' id='word_1_502' title='bbox 2557 3190 2743 3244; x_wconf 85' lang='grc' dir='ltr'>πάκτα</span> <span class='ocrx_word' id='word_1_503' title='bbox 2784 3188 2970 3243; x_wconf 84' lang='grc' dir='ltr'>δοῦναι</span> <span class='ocrx_word' id='word_1_504' title='bbox 3001 3192 3185 3255; x_wconf 78' lang='grc' dir='ltr'>αὐτοῖς</span> <span class='ocrx_word' id='word_1_505' title='bbox 3218 3190 3332 3263; x_wconf 69' lang='grc'><strong>(64)</strong></span> <span class='ocrx_word' id='word_1_506' title='bbox 3357 3192 3583 3262; x_wconf 77' lang='grc' dir='ltr'>χρυσίον</span> <span class='ocrx_word' id='word_1_507' title='bbox 3614 3208 3709 3244; x_wconf 85' lang='grc' dir='ltr'>το·</span> 
     </span>
    </p>
   </div>
   <div class='ocr_carea' id='block_1_73' title="bbox 2131 3281 3710 3355">
    <p class='ocr_par' dir='ltr' id='par_1_73' title="bbox 2131 3281 3710 3355">
     <span class='ocr_line' id='line_1_73' title="bbox 2131 3281 3710 3355; baseline -0.002 -18"><span class='ocrx_word' id='word_1_508' title='bbox 2131 3281 2353 3348; x_wconf 77' lang='grc' dir='ltr'>σοῢτονς</span> <span class='ocrx_word' id='word_1_509' title='bbox 2386 3281 2646 3351; x_wconf 83' lang='grc' dir='ltr'>Λέγουσιν</span> <span class='ocrx_word' id='word_1_510' title='bbox 2668 3281 2816 3352; x_wconf 82' lang='grc' dir='ltr'>αὐτῷ</span> <span class='ocrx_word' id='word_1_511' title='bbox 2844 3284 2894 3335; x_wconf 77' lang='grc' dir='ltr'>οἱ</span> <span class='ocrx_word' id='word_1_512' title='bbox 2920 3283 3283 3352; x_wconf 88' lang='grc' dir='ltr'>Χερσωνῖται·</span> <span class='ocrx_word' id='word_1_513' title='bbox 3315 3283 3407 3355; x_wconf 80' lang='grc' dir='ltr'><strong>Μὴ</strong></span> <span class='ocrx_word' id='word_1_514' title='bbox 3431 3283 3710 3354; x_wconf 76' lang='grc' dir='ltr'>λυπηθῇς,</span> 
     </span>
    </p>
   </div>
   <div class='ocr_carea' id='block_1_74' title="bbox 2127 3373 3715 3450">
    <p class='ocr_par' dir='ltr' id='par_1_74' title="bbox 2127 3373 3715 3450">
     <span class='ocr_line' id='line_1_74' title="bbox 2127 3373 3715 3450; baseline 0.003 -22"><span class='ocrx_word' id='word_1_515' title='bbox 2127 3374 2385 3439; x_wconf 77' lang='grc' dir='ltr'>δέσποτα,</span> <span class='ocrx_word' id='word_1_516' title='bbox 2428 3373 2544 3439; x_wconf 79' lang='grc' dir='ltr'>καὶ,</span> <span class='ocrx_word' id='word_1_517' title='bbox 2570 3374 2665 3427; x_wconf 77' lang='grc' dir='ltr'><strong>ὲάν</strong></span> <span class='ocrx_word' id='word_1_518' title='bbox 2715 3373 2902 3445; x_wconf 84' lang='grc' dir='ltr'>θέλῃς,</span> <span class='ocrx_word' id='word_1_519' title='bbox 2948 3376 3113 3446; x_wconf 81' lang='grc' dir='ltr'>ἡμεῖς</span> <span class='ocrx_word' id='word_1_520' title='bbox 3153 3376 3460 3447; x_wconf 88' lang='grc' dir='ltr'>ἀναλύομεν</span> <span class='ocrx_word' id='word_1_521' title='bbox 3493 3377 3556 3429; x_wconf 80' lang='grc' dir='ltr'><strong>τὸ</strong></span> <span class='ocrx_word' id='word_1_522' title='bbox 3579 3379 3715 3450; x_wconf 74' lang='grc' dir='ltr'>περὶ</span> 
     </span>
    </p>
   </div>
   <div class='ocr_carea' id='block_1_75' title="bbox 2129 3466 3710 3538">
    <p class='ocr_par' dir='ltr' id='par_1_75' title="bbox 2129 3466 3710 3538">
     <span class='ocr_line' id='line_1_75' title="bbox 2129 3466 3710 3538; baseline 0.003 -19"><span class='ocrx_word' id='word_1_523' title='bbox 2129 3470 2229 3538; x_wconf 83' lang='grc' dir='ltr'>τῆς</span> <span class='ocrx_word' id='word_1_524' title='bbox 2268 3466 2468 3530; x_wconf 76' lang='grc' dir='ltr'>δόσεως</span> <span class='ocrx_word' id='word_1_525' title='bbox 2516 3466 2727 3520; x_wconf 85' lang='grc' dir='ltr'>πάκτον</span> <span class='ocrx_word' id='word_1_526' title='bbox 2761 3467 2898 3537; x_wconf 86' lang='grc'><strong>(65).</strong></span> <span class='ocrx_word' id='word_1_527' title='bbox 2932 3468 3098 3537; x_wconf 84' lang='grc' dir='ltr'>Λέγει</span> <span class='ocrx_word' id='word_1_528' title='bbox 3145 3469 3332 3533; x_wconf 78' lang='grc' dir='ltr'>αὐτοῖς</span> <span class='ocrx_word' id='word_1_529' title='bbox 3363 3471 3392 3522; x_wconf 94' lang='lat'><strong>6</strong></span> <span class='ocrx_word' id='word_1_530' title='bbox 3421 3470 3710 3535; x_wconf 80' lang='grc' dir='ltr'>Κώνστας’</span> 
     </span>
    </p>
   </div>
   <div class='ocr_carea' id='block_1_76' title="bbox 2132 3555 3708 3629">
    <p class='ocr_par' dir='ltr' id='par_1_76' title="bbox 2132 3555 3708 3629">
     <span class='ocr_line' id='line_1_76' title="bbox 2132 3555 3708 3629; baseline 0.002 -19"><span class='ocrx_word' id='word_1_531' title='bbox 2132 3558 2242 3610; x_wconf 71' lang='grc' dir='ltr'>Καὶ</span> <span class='ocrx_word' id='word_1_532' title='bbox 2285 3555 2405 3617; x_wconf 83' lang='grc' dir='ltr'>πῶς</span> <span class='ocrx_word' id='word_1_533' title='bbox 2451 3555 2706 3623; x_wconf 86' lang='grc' dir='ltr'>δυνατόν;</span> <span class='ocrx_word' id='word_1_534' title='bbox 2763 3556 3030 3627; x_wconf 83' lang='grc' dir='ltr'>Λέγουσιν</span> <span class='ocrx_word' id='word_1_535' title='bbox 3087 3557 3238 3629; x_wconf 77' lang='grc' dir='ltr'>αύτῷ</span> <span class='ocrx_word' id='word_1_536' title='bbox 3265 3558 3315 3611; x_wconf 87' lang='grc' dir='ltr'><strong>οἰ</strong></span> <span class='ocrx_word' id='word_1_537' title='bbox 3342 3558 3708 3629; x_wconf 82' lang='grc' dir='ltr'>Χερσωνῖται·</span> 
     </span>
    </p>
   </div>
   <div class='ocr_carea' id='block_1_77' title="bbox 2129 3646 3712 3723">
    <p class='ocr_par' dir='ltr' id='par_1_77' title="bbox 2129 3646 3712 3723">
     <span class='ocr_line' id='line_1_77' title="bbox 2129 3646 3712 3723; baseline 0.002 -22"><span class='ocrx_word' id='word_1_538' title='bbox 2129 3648 2384 3718; x_wconf 83' lang='grc' dir='ltr'>Δήλωσον</span> <span class='ocrx_word' id='word_1_539' title='bbox 2416 3648 2512 3702; x_wconf 76' lang='grc' dir='ltr'>καὶ</span> <span class='ocrx_word' id='word_1_540' title='bbox 2544 3647 2707 3713; x_wconf 81' lang='grc' dir='ltr'>αὐτὸς</span> <span class='ocrx_word' id='word_1_541' title='bbox 2750 3646 2830 3719; x_wconf 80' lang='grc' dir='ltr'>τῷ</span> <span class='ocrx_word' id='word_1_542' title='bbox 2871 3648 3234 3720; x_wconf 82' lang='grc' dir='ltr'>Σαυρομάτῳ,</span> <span class='ocrx_word' id='word_1_543' title='bbox 3260 3651 3344 3703; x_wconf 84' lang='grc' dir='ltr'>ὅτι</span> <span class='ocrx_word' id='word_1_544' title='bbox 3374 3651 3454 3706; x_wconf 79' lang='grc' dir='ltr'>Τὰ</span> <span class='ocrx_word' id='word_1_545' title='bbox 3481 3652 3577 3721; x_wconf 83' lang='grc' dir='ltr'>μὲν</span> <span class='ocrx_word' id='word_1_546' title='bbox 3603 3653 3712 3723; x_wconf 71' lang='grc' dir='ltr'>ήδη</span> 
     </span>
    </p>
   </div>
   <div class='ocr_carea' id='block_1_78' title="bbox 2135 3739 3716 3815">
    <p class='ocr_par' dir='ltr' id='par_1_78' title="bbox 2135 3739 3716 3815">
     <span class='ocr_line' id='line_1_78' title="bbox 2135 3739 3716 3815; baseline 0.003 -23"><span class='ocrx_word' id='word_1_547' title='bbox 2135 3739 2338 3812; x_wconf 80' lang='grc' dir='ltr'>μεταξὺ</span> <span class='ocrx_word' id='word_1_548' title='bbox 2376 3740 2537 3811; x_wconf 75' lang='grc' dir='ltr'>ἡμῶν</span> <span class='ocrx_word' id='word_1_549' title='bbox 2570 3740 2840 3811; x_wconf 82' lang='grc' dir='ltr'>γενόμενα</span> <span class='ocrx_word' id='word_1_550' title='bbox 2895 3741 3082 3815; x_wconf 74' lang='grc' dir='ltr'>πάκτα</span> <span class='ocrx_word' id='word_1_551' title='bbox 3146 3742 3516 3814; x_wconf 71' lang='grc' dir='ltr'>κεκράτηνται</span> <span class='ocrx_word' id='word_1_552' title='bbox 3543 3760 3557 3774; x_wconf 66' lang='grc'><strong><em>⁸</em></strong></span> <span class='ocrx_word' id='word_1_553' title='bbox 3584 3745 3716 3797; x_wconf 69' lang='grc' dir='ltr'>ἐπεὶ</span> 
     </span>
    </p>
   </div>
   <div class='ocr_carea' id='block_1_79' title="bbox 2132 3831 3720 3907">
    <p class='ocr_par' dir='ltr' id='par_1_79' title="bbox 2132 3831 3720 3907">
     <span class='ocr_line' id='line_1_79' title="bbox 2132 3831 3720 3907; baseline 0.003 -22"><span class='ocrx_word' id='word_1_554' title='bbox 2132 3831 2227 3885; x_wconf 77' lang='grc' dir='ltr'><strong>οὖν</strong></span> <span class='ocrx_word' id='word_1_555' title='bbox 2258 3834 2326 3904; x_wconf 80' lang='grc' dir='ltr'>τῇ</span> <span class='ocrx_word' id='word_1_556' title='bbox 2365 3832 2513 3904; x_wconf 76' lang='grc' dir='ltr'>αἰτίᾳ</span> <span class='ocrx_word' id='word_1_557' title='bbox 2563 3835 2629 3905; x_wconf 82' lang='grc' dir='ltr'><strong>τῇ</strong></span> <span class='ocrx_word' id='word_1_558' title='bbox 2669 3836 2734 3905; x_wconf 80' lang='grc' dir='ltr'>σῇ</span> <span class='ocrx_word' id='word_1_559' title='bbox 2786 3833 2943 3902; x_wconf 86' lang='grc' dir='ltr'>κάγὼ</span> <span class='ocrx_word' id='word_1_560' title='bbox 2997 3833 3334 3905; x_wconf 84' lang='grc' dir='ltr'>ἀναλώματα</span> <span class='ocrx_word' id='word_1_561' title='bbox 3367 3836 3461 3889; x_wconf 78' lang='grc' dir='ltr'>καὶ</span> <span class='ocrx_word' id='word_1_562' title='bbox 3506 3834 3720 3907; x_wconf 77' lang='grc' dir='ltr'>ζημίας</span> 
     </span>
    </p>
   </div>
   <div class='ocr_carea' id='block_1_80' title="bbox 2135 3926 3717 4000">
    <p class='ocr_par' dir='ltr' id='par_1_80' title="bbox 2135 3926 3717 4000">
     <span class='ocr_line' id='line_1_80' title="bbox 2135 3926 3717 4000; baseline 0.003 -21"><span class='ocrx_word' id='word_1_563' title='bbox 2135 3927 2339 3990; x_wconf 79' lang='grc' dir='ltr'>πολλάς</span> <span class='ocrx_word' id='word_1_564' title='bbox 2383 3928 2618 3998; x_wconf 72' lang='grc' dir='ltr'>ἐποίησα</span> <span class='ocrx_word' id='word_1_565' title='bbox 2673 3929 2770 3983; x_wconf 77' lang='grc' dir='ltr'><strong>σὺν</strong></span> <span class='ocrx_word' id='word_1_566' title='bbox 2818 3928 2899 4000; x_wconf 82' lang='grc' dir='ltr'>τῷ</span> <span class='ocrx_word' id='word_1_567' title='bbox 2932 3929 3148 3999; x_wconf 88' lang='grc' dir='ltr'>στρατῷ</span> <span class='ocrx_word' id='word_1_568' title='bbox 3202 3926 3571 4000; x_wconf 74' lang='grc' dir='ltr'>ἀπδῬώμης</span> <span class='ocrx_word' id='word_1_569' title='bbox 3601 3930 3717 3995; x_wconf 82' lang='grc' dir='ltr'>ἓως</span> 
     </span>
    </p>
   </div>
   <div class='ocr_carea' id='block_1_81' title="bbox 2128 4011 3713 4094">
    <p class='ocr_par' dir='ltr' id='par_1_81' title="bbox 2128 4011 3713 4094">
     <span class='ocr_line' id='line_1_81' title="bbox 2128 4011 3713 4094; baseline 0.001 -22"><span class='ocrx_word' id='word_1_570' title='bbox 2128 4011 2253 4087; x_wconf 80' lang='grc' dir='ltr'>ὧδε,</span> <span class='ocrx_word' id='word_1_571' title='bbox 2296 4019 2384 4083; x_wconf 81' lang='grc' dir='ltr'>δός</span> <span class='ocrx_word' id='word_1_572' title='bbox 2416 4037 2507 4089; x_wconf 89' lang='grc' dir='ltr'><strong>μοι</strong></span> <span class='ocrx_word' id='word_1_573' title='bbox 2537 4022 2632 4094; x_wconf 70' lang='grc' dir='ltr'><strong>καὶ</strong></span> <span class='ocrx_word' id='word_1_574' title='bbox 2663 4020 2729 4073; x_wconf 87' lang='grc' dir='ltr'><strong>σὺ</strong></span> <span class='ocrx_word' id='word_1_575' title='bbox 2750 4019 2946 4086; x_wconf 80' lang='grc' dir='ltr'>ταῦτα,</span> <span class='ocrx_word' id='word_1_576' title='bbox 2976 4020 3132 4088; x_wconf 85' lang='grc' dir='ltr'><strong>κάγώ</strong></span> <span class='ocrx_word' id='word_1_577' title='bbox 3168 4037 3250 4074; x_wconf 91' lang='grc' dir='ltr'><strong>σοι</strong></span> <span class='ocrx_word' id='word_1_578' title='bbox 3278 4021 3583 4087; x_wconf 74' lang='grc' dir='ltr'>ἀποδίδωμι</span> <span class='ocrx_word' id='word_1_579' title='bbox 3610 4022 3713 4086; x_wconf 74' lang='grc' dir='ltr'>τὰς</span> 
     </span>
    </p>
   </div>
   <div class='ocr_carea' id='block_1_82' title="bbox 450 4102 2014 4186">
    <p class='ocr_par' dir='ltr' id='par_1_82' title="bbox 450 4102 2014 4179">
     <span class='ocr_line' id='line_1_82' title="bbox 450 4102 2014 4179; baseline -0.002 -17"><span class='ocrx_word' id='word_1_580' title='bbox 450 4108 891 4179; x_wconf 86' lang='lat' dir='ltr'><strong>derentur;ipse</strong></span> <span class='ocrx_word' id='word_1_581' title='bbox 946 4122 1078 4163; x_wconf 84' lang='lat' dir='ltr'><strong>vero</strong></span> <span class='ocrx_word' id='word_1_582' title='bbox 1135 4122 1261 4161; x_wconf 91' lang='lat' dir='ltr'><strong>cum</strong></span> <span class='ocrx_word' id='word_1_583' title='bbox 1323 4104 1566 4162; x_wconf 83' lang='lat' dir='ltr'><strong>exercitu</strong></span> <span class='ocrx_word' id='word_1_584' title='bbox 1626 4102 1731 4160; x_wconf 91' lang='lat' dir='ltr'><strong>iter</strong></span> <span class='ocrx_word' id='word_1_585' title='bbox 1783 4105 2014 4160; x_wconf 66' lang='lat' dir='ltr'><strong>ordinati</strong></span> 
     </span>
    </p>
   </div>
   <div class='ocr_carea' id='block_1_83' title="bbox 2119 4102 3717 4186">
    <p class='ocr_par' dir='ltr' id='par_1_83' title="bbox 2132 4111 3717 4186">
     <span class='ocr_line' id='line_1_83' title="bbox 2132 4111 3717 4186; baseline 0.002 -22"><span class='ocrx_word' id='word_1_586' title='bbox 2132 4111 2398 4181; x_wconf 81' lang='grc' dir='ltr'>φαμιλίας</span> <span class='ocrx_word' id='word_1_587' title='bbox 2425 4129 2520 4165; x_wconf 86' lang='grc' dir='ltr'><strong>σου</strong></span> <span class='ocrx_word' id='word_1_588' title='bbox 2551 4112 2883 4178; x_wconf 78' lang='grc' dir='ltr'>πάσας,’καὶ</span> <span class='ocrx_word' id='word_1_589' title='bbox 2919 4113 3020 4183; x_wconf 74' lang='grc' dir='ltr'><strong>τὴν</strong></span> <span class='ocrx_word' id='word_1_590' title='bbox 3056 4113 3210 4166; x_wconf 83' lang='grc' dir='ltr'>πόλιν</span> <span class='ocrx_word' id='word_1_591' title='bbox 3249 4130 3365 4167; x_wconf 89' lang='grc' dir='ltr'>σου.</span> <span class='ocrx_word' id='word_1_592' title='bbox 3396 4112 3717 4186; x_wconf 80' lang='grc' dir='ltr'>Περιχαρὴς</span> 
     </span>
    </p>
   </div>
   <div class='ocr_carea' id='block_1_84' title="bbox 453 4194 2014 4277">
    <p class='ocr_par' dir='ltr' id='par_1_84' title="bbox 453 4194 2014 4273">
     <span class='ocr_line' id='line_1_84' title="bbox 453 4194 2014 4273; baseline -0.002 -18"><span class='ocrx_word' id='word_1_593' title='bbox 453 4201 800 4264; x_wconf 90' lang='lat' dir='ltr'><strong>instituebat,</strong></span> <span class='ocrx_word' id='word_1_594' title='bbox 837 4199 995 4273; x_wconf 69' lang='grc'><strong>147</strong></span> <span class='ocrx_word' id='word_1_595' title='bbox 1024 4208 1083 4254; x_wconf 84' lang='grc' dir='ltr'><strong>ιιι</strong></span> <span class='ocrx_word' id='word_1_596' title='bbox 1129 4198 1478 4261; x_wconf 66' lang='lat' dir='ltr'><strong>Chersonitae</strong></span> <span class='ocrx_word' id='word_1_597' title='bbox 1529 4194 2014 4255; x_wconf 47' lang='lat' dir='ltr'><strong>familias&#39;confer-</strong></span> 
     </span>
    </p>
   </div>
   <div class='ocr_carea' id='block_1_85' title="bbox 2119 4194 3715 4277">
    <p class='ocr_par' dir='ltr' id='par_1_85' title="bbox 2134 4202 3715 4277">
     <span class='ocr_line' id='line_1_85' title="bbox 2134 4202 3715 4277; baseline 0.003 -22"><span class='ocrx_word' id='word_1_598' title='bbox 2134 4202 2193 4255; x_wconf 83' lang='grc' dir='ltr'>δὲ</span> <span class='ocrx_word' id='word_1_599' title='bbox 2222 4203 2521 4273; x_wconf 82' lang='grc' dir='ltr'>γενόμενος</span> <span class='ocrx_word' id='word_1_600' title='bbox 2550 4202 2579 4255; x_wconf 84' lang='grc' dir='ltr'>ὁ</span> <span class='ocrx_word' id='word_1_601' title='bbox 2608 4202 2873 4266; x_wconf 78' lang='grc' dir='ltr'>Κώνστας</span> <span class='ocrx_word' id='word_1_602' title='bbox 2895 4204 3158 4275; x_wconf 38' lang='grc' dir='ltr'>,ἐμήνυσε</span> <span class='ocrx_word' id='word_1_603' title='bbox 3184 4204 3357 4258; x_wconf 77' lang='grc' dir='ltr'>ταῦτα</span> <span class='ocrx_word' id='word_1_604' title='bbox 3395 4204 3474 4275; x_wconf 86' lang='grc' dir='ltr'><strong>τῷ</strong></span> <span class='ocrx_word' id='word_1_605' title='bbox 3502 4207 3715 4277; x_wconf 82' lang='grc' dir='ltr'>Σαυρο-</span> 
     </span>
    </p>
   </div>
   <div class='ocr_carea' id='block_1_86' title="bbox 450 4292 2014 4368">
    <p class='ocr_par' dir='ltr' id='par_1_86' title="bbox 450 4292 1566 4363">
     <span class='ocr_line' id='line_1_86' title="bbox 450 4292 1566 4363; baseline 0.003 -16"><span class='ocrx_word' id='word_1_606' title='bbox 450 4294 551 4347; x_wconf 83' lang='lat' dir='ltr'><strong>tim</strong></span> <span class='ocrx_word' id='word_1_607' title='bbox 610 4294 888 4349; x_wconf 88' lang='lat' dir='ltr'><strong>traderent</strong></span> <span class='ocrx_word' id='word_1_608' title='bbox 925 4300 979 4348; x_wconf 87' lang='lat' dir='ltr'><strong>et</strong></span> <span class='ocrx_word' id='word_1_609' title='bbox 1007 4302 1194 4363; x_wconf 89' lang='lat' dir='ltr'><strong>postea</strong></span> <span class='ocrx_word' id='word_1_610' title='bbox 1227 4292 1566 4350; x_wconf 87' lang='lat' dir='ltr'><strong>recederent.</strong></span> 
     </span>
    </p>
   </div>
   <div class='ocr_carea' id='block_1_87' title="bbox 2119 4292 3721 4368">
    <p class='ocr_par' dir='ltr' id='par_1_87' title="bbox 2141 4294 3721 4368">
     <span class='ocr_line' id='line_1_87' title="bbox 2141 4294 3721 4368; baseline 0.001 -20"><span class='ocrx_word' id='word_1_611' title='bbox 2141 4294 2316 4367; x_wconf 86' lang='grc' dir='ltr'>μάτῳ.</span> <span class='ocrx_word' id='word_1_612' title='bbox 2390 4295 2447 4348; x_wconf 85' lang='grc' dir='ltr'>Ὀ</span> <span class='ocrx_word' id='word_1_613' title='bbox 2508 4294 2566 4349; x_wconf 83' lang='grc' dir='ltr'>δὲ</span> <span class='ocrx_word' id='word_1_614' title='bbox 2617 4295 2970 4366; x_wconf 77' lang='grc' dir='ltr'>Σαυρόματος</span> <span class='ocrx_word' id='word_1_615' title='bbox 3006 4296 3247 4361; x_wconf 87' lang='grc' dir='ltr'>ἀκούσας</span> <span class='ocrx_word' id='word_1_616' title='bbox 3292 4297 3388 4352; x_wconf 76' lang='grc' dir='ltr'>καὶ</span> <span class='ocrx_word' id='word_1_617' title='bbox 3451 4294 3721 4368; x_wconf 71' lang='grc' dir='ltr'>λυπηθεὶς</span> 
     </span>
    </p>
   </div>
   <div class='ocr_carea' id='block_1_88' title="bbox 457 4384 3721 4461">
    <p class='ocr_par' dir='ltr' id='par_1_88' title="bbox 457 4384 3721 4461">
     <span class='ocr_line' id='line_1_88' title="bbox 457 4384 3721 4461; baseline 0.001 -21"><span class='ocrx_word' id='word_1_618' title='bbox 457 4386 659 4459; x_wconf 66' lang='grc' dir='ltr'>σφΰδρα</span> <span class='ocrx_word' id='word_1_619' title='bbox 682 4428 696 4453; x_wconf 85' lang='grc'><strong>,</strong></span> <span class='ocrx_word' id='word_1_620' title='bbox 763 4386 957 4458; x_wconf 88' lang='grc' dir='ltr'>μηνύει</span> <span class='ocrx_word' id='word_1_621' title='bbox 1008 4386 1084 4458; x_wconf 81' lang='grc' dir='ltr'>τῷ</span> <span class='ocrx_word' id='word_1_622' title='bbox 1146 4386 1380 4457; x_wconf 83' lang='grc' dir='ltr'>Κώνστᾳ</span> <span class='ocrx_word' id='word_1_623' title='bbox 1429 4384 1625 4455; x_wconf 82' lang='grc' dir='ltr'>λέγων,</span> <span class='ocrx_word' id='word_1_624' title='bbox 1665 4386 1747 4439; x_wconf 83' lang='grc' dir='ltr'>ὅτι</span> <span class='ocrx_word' id='word_1_625' title='bbox 1786 4385 1861 4439; x_wconf 87' lang='grc' dir='ltr'>Ού</span> <span class='ocrx_word' id='word_1_626' title='bbox 1894 4385 2035 4440; x_wconf 82' lang='grc' dir='ltr'>θέλω</span> <span class='ocrx_word' id='word_1_627' title='bbox 2072 4386 2256 4442; x_wconf 81' lang='grc' dir='ltr'>δοῦναι</span> <span class='ocrx_word' id='word_1_628' title='bbox 2280 4388 2333 4441; x_wconf 85' lang='grc' dir='ltr'>τί</span> <span class='ocrx_word' id='word_1_629' title='bbox 2366 4389 2483 4441; x_wconf 78' lang='grc' dir='ltr'>ποτ’</span> <span class='ocrx_word' id='word_1_630' title='bbox 2508 4387 2600 4442; x_wconf 76' lang='grc' dir='ltr'><strong>οὖν</strong></span> <span class='ocrx_word' id='word_1_631' title='bbox 2625 4389 2747 4442; x_wconf 82' lang='grc' dir='ltr'>οὐδὲ</span> <span class='ocrx_word' id='word_1_632' title='bbox 2778 4389 2961 4442; x_wconf 77' lang='grc' dir='ltr'>λαϐεῖν</span> <span class='ocrx_word' id='word_1_633' title='bbox 2992 4388 3126 4460; x_wconf 82' lang='grc'><strong>(66)·</strong></span> <span class='ocrx_word' id='word_1_634' title='bbox 3158 4390 3295 4444; x_wconf 86' lang='grc' dir='ltr'><strong>ἀλλά</strong></span> <span class='ocrx_word' id='word_1_635' title='bbox 3354 4392 3515 4461; x_wconf 83' lang='grc' dir='ltr'>μόνον</span> <span class='ocrx_word' id='word_1_636' title='bbox 3578 4391 3721 4444; x_wconf 81' lang='grc' dir='ltr'>ἀπό-</span> 
     </span>
    </p>
   </div>
   <div class='ocr_carea' id='block_1_89' title="bbox 457 4476 3720 4555">
    <p class='ocr_par' dir='ltr' id='par_1_89' title="bbox 457 4476 3720 4555">
     <span class='ocr_line' id='line_1_89' title="bbox 457 4476 3720 4555; baseline 0.001 -24"><span class='ocrx_word' id='word_1_637' title='bbox 457 4478 664 4531; x_wconf 82' lang='grc' dir='ltr'>στειλόν</span> <span class='ocrx_word' id='word_1_638' title='bbox 691 4495 779 4547; x_wconf 89' lang='grc' dir='ltr'><strong>μοι</strong></span> <span class='ocrx_word' id='word_1_639' title='bbox 810 4478 935 4541; x_wconf 83' lang='grc' dir='ltr'>τοὺς</span> <span class='ocrx_word' id='word_1_640' title='bbox 961 4477 1332 4548; x_wconf 85' lang='grc' dir='ltr'>Χερσωνίτας,</span> <span class='ocrx_word' id='word_1_641' title='bbox 1369 4477 1456 4530; x_wconf 83' lang='grc' dir='ltr'><strong>ἵνα</strong></span> <span class='ocrx_word' id='word_1_642' title='bbox 1482 4477 1590 4529; x_wconf 78' lang='grc' dir='ltr'><strong>τῶν</strong></span> <span class='ocrx_word' id='word_1_643' title='bbox 1611 4476 1860 4555; x_wconf 71' lang='grc' dir='ltr'>ἐντεῦθεν</span> <span class='ocrx_word' id='word_1_644' title='bbox 1883 4477 2249 4549; x_wconf 84' lang='grc' dir='ltr'>ἀναχωρήσω.</span> <span class='ocrx_word' id='word_1_645' title='bbox 2295 4479 2563 4548; x_wconf 79' lang='grc' dir='ltr'>Λέγουσιν</span> <span class='ocrx_word' id='word_1_646' title='bbox 2613 4480 2662 4531; x_wconf 76' lang='grc' dir='ltr'>οε</span> <span class='ocrx_word' id='word_1_647' title='bbox 2736 4480 3076 4550; x_wconf 86' lang='grc' dir='ltr'>Χερσωνῖται</span> <span class='ocrx_word' id='word_1_648' title='bbox 3116 4481 3196 4550; x_wconf 85' lang='grc' dir='ltr'>τῷ</span> <span class='ocrx_word' id='word_1_649' title='bbox 3270 4480 3506 4553; x_wconf 81' lang='grc' dir='ltr'>Κώνστᾳ</span> <span class='ocrx_word' id='word_1_650' title='bbox 3527 4498 3541 4512; x_wconf 88' lang='grc'><strong>·</strong></span> <span class='ocrx_word' id='word_1_651' title='bbox 3621 4480 3720 4550; x_wconf 79' lang='grc' dir='ltr'><strong>Μὴ</strong></span> 
     </span>
    </p>
   </div>
   <div class='ocr_carea' id='block_1_90' title="bbox 455 4567 3722 4653">
    <p class='ocr_par' dir='ltr' id='par_1_90' title="bbox 455 4567 3722 4653">
     <span class='ocr_line' id='line_1_90' title="bbox 455 4567 3722 4653; baseline -0 -29"><span class='ocrx_word' id='word_1_652' title='bbox 455 4568 734 4641; x_wconf 77' lang='grc' dir='ltr'>ἀπολύσῃς</span> <span class='ocrx_word' id='word_1_653' title='bbox 778 4570 922 4640; x_wconf 79' lang='grc' dir='ltr'>ημᾶς</span> <span class='ocrx_word' id='word_1_654' title='bbox 966 4569 1072 4632; x_wconf 72' lang='grc' dir='ltr'><strong>ἕως</strong></span> <span class='ocrx_word' id='word_1_655' title='bbox 1121 4568 1187 4622; x_wconf 85' lang='grc' dir='ltr'>ἂν</span> <span class='ocrx_word' id='word_1_656' title='bbox 1236 4569 1443 4632; x_wconf 82' lang='grc' dir='ltr'>πάντας</span> <span class='ocrx_word' id='word_1_657' title='bbox 1481 4569 1607 4653; x_wconf 78' lang='grc' dir='ltr'>τοὺς</span> <span class='ocrx_word' id='word_1_658' title='bbox 1654 4567 2035 4640; x_wconf 74' lang='grc' dir='ltr'>αἰχμαλώτους</span> <span class='ocrx_word' id='word_1_659' title='bbox 2075 4570 2378 4643; x_wconf 80' lang='grc' dir='ltr'>ἀπολάϐῃς.</span> <span class='ocrx_word' id='word_1_660' title='bbox 2417 4570 2550 4623; x_wconf 85' lang='grc' dir='ltr'>Τότε</span> <span class='ocrx_word' id='word_1_661' title='bbox 2592 4569 2789 4641; x_wconf 83' lang='grc' dir='ltr'>μηνύει</span> <span class='ocrx_word' id='word_1_662' title='bbox 2851 4572 2880 4624; x_wconf 92' lang='lat'><strong>6</strong></span> <span class='ocrx_word' id='word_1_663' title='bbox 2922 4569 3185 4646; x_wconf 74' lang='grc' dir='ltr'>Κώνστας</span> <span class='ocrx_word' id='word_1_664' title='bbox 3253 4570 3332 4641; x_wconf 83' lang='grc' dir='ltr'><strong>τῷ</strong></span> <span class='ocrx_word' id='word_1_665' title='bbox 3377 4570 3722 4642; x_wconf 83' lang='grc' dir='ltr'>Σαυρομάτῳ</span> 
     </span>
    </p>
   </div>
   <div class='ocr_carea' id='block_1_91' title="bbox 459 4660 3722 4734">
    <p class='ocr_par' dir='ltr' id='par_1_91' title="bbox 459 4660 3722 4734">
     <span class='ocr_line' id='line_1_91' title="bbox 459 4660 3722 4734; baseline 0.001 -21"><span class='ocrx_word' id='word_1_666' title='bbox 459 4662 656 4728; x_wconf 71' lang='grc' dir='ltr'>λέγων,</span> <span class='ocrx_word' id='word_1_667' title='bbox 711 4662 793 4715; x_wconf 83' lang='grc' dir='ltr'>ὅτι</span> <span class='ocrx_word' id='word_1_668' title='bbox 853 4661 1202 4734; x_wconf 77' lang='grc' dir='ltr'>ᾋπόστειλόν</span> <span class='ocrx_word' id='word_1_669' title='bbox 1250 4679 1342 4733; x_wconf 89' lang='grc' dir='ltr'><strong>μοι</strong></span> <span class='ocrx_word' id='word_1_670' title='bbox 1378 4662 1589 4724; x_wconf 88' lang='grc' dir='ltr'>πάντας</span> <span class='ocrx_word' id='word_1_671' title='bbox 1624 4660 1719 4724; x_wconf 87' lang='grc' dir='ltr'><strong>οὒς</strong></span> <span class='ocrx_word' id='word_1_672' title='bbox 1755 4662 1822 4716; x_wconf 83' lang='grc' dir='ltr'><strong>ἂν</strong></span> <span class='ocrx_word' id='word_1_673' title='bbox 1876 4661 2020 4733; x_wconf 72' lang='grc' dir='ltr'>ἔχεις</span> <span class='ocrx_word' id='word_1_674' title='bbox 2059 4661 2462 4732; x_wconf 78' lang='grc' dir='ltr'>αἰχμαλώτους,</span> <span class='ocrx_word' id='word_1_675' title='bbox 2512 4664 2608 4718; x_wconf 76' lang='grc' dir='ltr'>καὶ</span> <span class='ocrx_word' id='word_1_676' title='bbox 2639 4663 2861 4716; x_wconf 80' lang='grc' dir='ltr'>ἀπολύω</span> <span class='ocrx_word' id='word_1_677' title='bbox 2906 4663 3033 4726; x_wconf 80' lang='grc' dir='ltr'>τοὺς</span> <span class='ocrx_word' id='word_1_678' title='bbox 3073 4662 3446 4732; x_wconf 80' lang='grc' dir='ltr'>Χερσωνίτας.</span> <span class='ocrx_word' id='word_1_679' title='bbox 3532 4661 3592 4716; x_wconf 82' lang='lat'><strong>&#39;0</strong></span> <span class='ocrx_word' id='word_1_680' title='bbox 3656 4662 3722 4717; x_wconf 71' lang='grc' dir='ltr'>δὲ</span> 
     </span>
    </p>
   </div>
   <div class='ocr_carea' id='block_1_92' title="bbox 457 4752 3725 4828">
    <p class='ocr_par' dir='ltr' id='par_1_92' title="bbox 457 4752 3725 4828">
     <span class='ocr_line' id='line_1_92' title="bbox 457 4752 3725 4828; baseline 0.001 -22"><span class='ocrx_word' id='word_1_681' title='bbox 457 4753 816 4824; x_wconf 78' lang='grc' dir='ltr'>Σαυρόματος</span> <span class='ocrx_word' id='word_1_682' title='bbox 845 4753 1018 4807; x_wconf 80' lang='grc' dir='ltr'>ταῦτα</span> <span class='ocrx_word' id='word_1_683' title='bbox 1049 4754 1313 4820; x_wconf 87' lang='grc' dir='ltr'>ἀκούσας,</span> <span class='ocrx_word' id='word_1_684' title='bbox 1341 4755 1490 4809; x_wconf 82' lang='grc' dir='ltr'>ἄκων</span> <span class='ocrx_word' id='word_1_685' title='bbox 1524 4755 1617 4809; x_wconf 72' lang='grc' dir='ltr'>καὶ</span> <span class='ocrx_word' id='word_1_686' title='bbox 1649 4754 1724 4828; x_wconf 81' lang='grc' dir='ltr'>μὴ</span> <span class='ocrx_word' id='word_1_687' title='bbox 1768 4755 2093 4827; x_wconf 78' lang='grc' dir='ltr'>βουλόμενος</span> <span class='ocrx_word' id='word_1_688' title='bbox 2135 4755 2411 4811; x_wconf 87' lang='grc' dir='ltr'>ἀπέλυσεν</span> <span class='ocrx_word' id='word_1_689' title='bbox 2457 4757 2707 4821; x_wconf 75' lang='grc' dir='ltr'>ἅπαντας</span> <span class='ocrx_word' id='word_1_690' title='bbox 2758 4756 2850 4820; x_wconf 79' lang='grc' dir='ltr'><strong>οὓς</strong></span> <span class='ocrx_word' id='word_1_691' title='bbox 2898 4757 2964 4811; x_wconf 84' lang='grc' dir='ltr'>ἂν</span> <span class='ocrx_word' id='word_1_692' title='bbox 3001 4752 3148 4827; x_wconf 74' lang='grc' dir='ltr'>εῖχεν</span> <span class='ocrx_word' id='word_1_693' title='bbox 3196 4756 3576 4828; x_wconf 75' lang='grc' dir='ltr'>αἰχμαλώτους</span> <span class='ocrx_word' id='word_1_694' title='bbox 3610 4758 3725 4818; x_wconf 78' lang='grc' dir='ltr'>ἓως</span> 
     </span>
    </p>
   </div>
   <div class='ocr_carea' id='block_1_93' title="bbox 458 4842 3721 4921">
    <p class='ocr_par' dir='ltr' id='par_1_93' title="bbox 458 4842 3721 4921">
     <span class='ocr_line' id='line_1_93' title="bbox 458 4842 3721 4921; baseline 0.001 -19"><span class='ocrx_word' id='word_1_695' title='bbox 458 4850 599 4910; x_wconf 74' lang='grc' dir='ltr'>ἑνός.</span> <span class='ocrx_word' id='word_1_696' title='bbox 628 4842 940 4899; x_wconf 76' lang='grc' dir='ltr'>’Λπολαϐὼν</span> <span class='ocrx_word' id='word_1_697' title='bbox 977 4845 1069 4899; x_wconf 78' lang='grc' dir='ltr'><strong>οὖν</strong></span> <span class='ocrx_word' id='word_1_698' title='bbox 1093 4848 1120 4900; x_wconf 90' lang='lat'><strong>6</strong></span> <span class='ocrx_word' id='word_1_699' title='bbox 1149 4845 1411 4910; x_wconf 83' lang='grc' dir='ltr'>Κώνστας</span> <span class='ocrx_word' id='word_1_700' title='bbox 1444 4847 1692 4911; x_wconf 76' lang='grc' dir='ltr'>ἅπαντας</span> <span class='ocrx_word' id='word_1_701' title='bbox 1725 4848 1852 4911; x_wconf 83' lang='grc' dir='ltr'>τοὺς</span> <span class='ocrx_word' id='word_1_702' title='bbox 1881 4848 2328 4919; x_wconf 84' lang='grc' dir='ltr'>πραιδευθέντας,</span> <span class='ocrx_word' id='word_1_703' title='bbox 2352 4849 2446 4902; x_wconf 89' lang='grc' dir='ltr'><strong>δύο</strong></span> <span class='ocrx_word' id='word_1_704' title='bbox 2471 4850 2579 4902; x_wconf 81' lang='grc' dir='ltr'>τῶν</span> <span class='ocrx_word' id='word_1_705' title='bbox 2644 4849 3007 4919; x_wconf 74' lang='grc' dir='ltr'>Χερσωνιτῶν</span> <span class='ocrx_word' id='word_1_706' title='bbox 3087 4849 3347 4920; x_wconf 76' lang='grc' dir='ltr'>πρέσϐεις</span> <span class='ocrx_word' id='word_1_707' title='bbox 3423 4851 3721 4921; x_wconf 76' lang='grc' dir='ltr'>κατασχὼν</span> 
     </span>
    </p>
   </div>
   <div class='ocr_carea' id='block_1_94' title="bbox 481 4936 3724 5014">
    <p class='ocr_par' dir='ltr' id='par_1_94' title="bbox 481 4936 3724 5014">
     <span class='ocr_line' id='line_1_94' title="bbox 481 4936 3724 5014; baseline 0.002 -25"><span class='ocrx_word' id='word_1_708' title='bbox 481 4936 613 5007; x_wconf 89' lang='grc' dir='ltr'>παρ’</span> <span class='ocrx_word' id='word_1_709' title='bbox 645 4936 845 5006; x_wconf 77' lang='grc' dir='ltr'>ἑαυτῷ,</span> <span class='ocrx_word' id='word_1_710' title='bbox 870 4936 995 4999; x_wconf 76' lang='grc' dir='ltr'>τοὺς</span> <span class='ocrx_word' id='word_1_711' title='bbox 1015 4936 1209 5000; x_wconf 80' lang='grc' dir='ltr'>ἄλλους</span> <span class='ocrx_word' id='word_1_712' title='bbox 1238 4937 1526 4990; x_wconf 83' lang='grc' dir='ltr'>ἀπέστειλε</span> <span class='ocrx_word' id='word_1_713' title='bbox 1567 4937 1702 5008; x_wconf 81' lang='grc' dir='ltr'>πρὸς</span> <span class='ocrx_word' id='word_1_714' title='bbox 1730 4938 1822 4991; x_wconf 79' lang='grc' dir='ltr'>τὸν</span> <span class='ocrx_word' id='word_1_715' title='bbox 1852 4939 2228 5011; x_wconf 80' lang='grc' dir='ltr'>Σαυρὸματον·</span> <span class='ocrx_word' id='word_1_716' title='bbox 2264 4941 2419 5004; x_wconf 82' lang='grc' dir='ltr'>ὅστις</span> <span class='ocrx_word' id='word_1_717' title='bbox 2458 4970 2462 4990; x_wconf 85' lang='grc' dir='ltr'><strong>ι</strong></span> <span class='ocrx_word' id='word_1_718' title='bbox 2494 4940 2851 5012; x_wconf 75' lang='grc' dir='ltr'>Σαυρόματος</span> <span class='ocrx_word' id='word_1_719' title='bbox 2905 4940 3243 5012; x_wconf 78' lang='grc' dir='ltr'>παραλαϐὼν</span> <span class='ocrx_word' id='word_1_720' title='bbox 3295 4941 3515 5009; x_wconf 81' lang='grc' dir='ltr'>αὐτοὺς,</span> <span class='ocrx_word' id='word_1_721' title='bbox 3583 4959 3724 5014; x_wconf 88' lang='grc' dir='ltr'>προ-</span> 
     </span>
    </p>
   </div>
   <div class='ocr_carea' id='block_1_95' title="bbox 459 5026 3795 5107">
    <p class='ocr_par' dir='ltr' id='par_1_95' title="bbox 459 5026 3725 5107">
     <span class='ocr_line' id='line_1_95' title="bbox 459 5026 3725 5107; baseline 0.002 -25"><span class='ocrx_word' id='word_1_722' title='bbox 459 5028 780 5082; x_wconf 87' lang='grc' dir='ltr'>απέστειλεν</span> <span class='ocrx_word' id='word_1_723' title='bbox 829 5030 893 5083; x_wconf 81' lang='grc' dir='ltr'><strong>ὲκ</strong></span> <span class='ocrx_word' id='word_1_724' title='bbox 921 5030 1019 5101; x_wconf 80' lang='grc' dir='ltr'>τῆς</span> <span class='ocrx_word' id='word_1_725' title='bbox 1043 5030 1152 5083; x_wconf 83' lang='grc' dir='ltr'><strong>τῶν</strong></span> <span class='ocrx_word' id='word_1_726' title='bbox 1185 5029 1381 5094; x_wconf 80' lang='grc' dir='ltr'>Λαζῶν</span> <span class='ocrx_word' id='word_1_727' title='bbox 1408 5029 1600 5101; x_wconf 81' lang='grc' dir='ltr'>χώρας</span> <span class='ocrx_word' id='word_1_728' title='bbox 1636 5030 1776 5099; x_wconf 84' lang='grc' dir='ltr'>μετὰ</span> <span class='ocrx_word' id='word_1_729' title='bbox 1825 5032 1917 5084; x_wconf 73' lang='grc' dir='ltr'><strong>καὶ</strong></span> <span class='ocrx_word' id='word_1_730' title='bbox 1947 5031 2056 5085; x_wconf 85' lang='grc' dir='ltr'>τῶν</span> <span class='ocrx_word' id='word_1_731' title='bbox 2101 5031 2245 5085; x_wconf 85' lang='grc' dir='ltr'>ἰδίων</span> <span class='ocrx_word' id='word_1_732' title='bbox 2272 5026 2578 5103; x_wconf 82' lang='grc' dir='ltr'>ἀνθρώπων</span> <span class='ocrx_word' id='word_1_733' title='bbox 2607 5032 2745 5097; x_wconf 75' lang='grc' dir='ltr'>πρὸς</span> <span class='ocrx_word' id='word_1_734' title='bbox 2796 5034 2857 5087; x_wconf 86' lang='grc' dir='ltr'><strong>τὸ</strong></span> <span class='ocrx_word' id='word_1_735' title='bbox 2910 5031 3246 5106; x_wconf 81' lang='grc' dir='ltr'>παραδοῦναι</span> <span class='ocrx_word' id='word_1_736' title='bbox 3284 5034 3468 5099; x_wconf 80' lang='grc' dir='ltr'>αὐτοῖς</span> <span class='ocrx_word' id='word_1_737' title='bbox 3495 5037 3596 5107; x_wconf 81' lang='grc' dir='ltr'>τήν</span> <span class='ocrx_word' id='word_1_738' title='bbox 3662 5054 3725 5090; x_wconf 86' lang='grc' dir='ltr'><strong>τε</strong></span> 
     </span>
    </p>
   </div>
   <div class='ocr_carea' id='block_1_96' title="bbox 1621 5161 2546 5225">
    <p class='ocr_par' dir='ltr' id='par_1_96' title="bbox 1621 5161 2546 5225">
     <span class='ocr_line' id='line_1_96' title="bbox 1621 5161 2546 5225; baseline 0.008 -8"><span class='ocrx_word' id='word_1_739' title='bbox 1621 5163 1926 5218; x_wconf 78' lang='lat' dir='ltr'><strong>ANSELMI</strong></span> <span class='ocrx_word' id='word_1_740' title='bbox 1957 5161 2283 5220; x_wconf 73' lang='lat' dir='ltr'><strong>BANDUIHI</strong></span> <span class='ocrx_word' id='word_1_741' title='bbox 2314 5165 2546 5225; x_wconf 72' lang='grc' dir='ltr'><strong>ΝΟΤᾸΞ.</strong></span> 
     </span>
    </p>
   </div>
   <div class='ocr_carea' id='block_1_97' title="bbox 528 5256 2014 5348">
    <p class='ocr_par' dir='ltr' id='par_1_97' title="bbox 528 5256 2014 5348">
     <span class='ocr_line' id='line_1_97' title="bbox 528 5256 2014 5348; baseline -0.003 -34"><span class='ocrx_word' id='word_1_742' title='bbox 528 5258 1072 5348; x_wconf 53' lang='grc' dir='ltr'><strong>(εἰαρῃξκουλκοὶτορεςἶ</strong></span> <span class='ocrx_word' id='word_1_743' title='bbox 1100 5257 1452 5348; x_wconf 53' lang='lat' dir='ltr'><strong>excubitores,</strong></span> <span class='ocrx_word' id='word_1_744' title='bbox 1472 5256 1680 5348; x_wconf 51' lang='lat' dir='ltr'><strong>gigiqu.</strong></span> <span class='ocrx_word' id='word_1_745' title='bbox 1713 5257 1804 5312; x_wconf 84' lang='lat' dir='ltr'><strong>Sic</strong></span> <span class='ocrx_word' id='word_1_746' title='bbox 1833 5259 2014 5327; x_wconf 89' lang='lat' dir='ltr'><strong>passiu</strong></span> 
     </span>
    </p>
   </div>
   <div class='ocr_carea' id='block_1_98' title="bbox 2119 5256 3325 5348">
    <p class='ocr_par' dir='ltr' id='par_1_98' title="bbox 2145 5262 3325 5348">
     <span class='ocr_line' id='line_1_98' title="bbox 2145 5262 3325 5348; baseline 0 0"><span class='ocrx_word' id='word_1_747' title='bbox 2145 5262 2529 5348; x_wconf 47' lang='grc' dir='ltr'><strong>συξλημέίᾉίὲίξ</strong></span> <span class='ocrx_word' id='word_1_748' title='bbox 2697 5330 2749 5348; x_wconf 33' lang='grc' dir='ltr'><strong>,Α</strong></span> <span class='ocrx_word' id='word_1_749' title='bbox 2974 5340 3099 5348; x_wconf 36' lang='grc' dir='ltr'><strong>μμ,</strong></span> <span class='ocrx_word' id='word_1_750' title='bbox 3144 5322 3252 5348; x_wconf 54' lang='grc' dir='ltr'><strong>,μη</strong></span> <span class='ocrx_word' id='word_1_751' title='bbox 3280 5318 3325 5348; x_wconf 63' lang='grc' dir='ltr'><strong>..ς</strong></span> 
     </span>
    </p>
   </div>
   <div class='ocr_carea' id='block_1_99' title="bbox 459 5325 3726 5408">
    <p class='ocr_par' dir='ltr' id='par_1_99' title="bbox 459 5325 3726 5408">
     <span class='ocr_line' id='line_1_99' title="bbox 459 5325 3726 5408; baseline 0.001 -25"><span class='ocrx_word' id='word_1_752' title='bbox 459 5325 1078 5408; x_wconf 39' lang='grc' dir='ltr'>αρυέιίλίοιιτίοἰυιιὶηει</span> <span class='ocrx_word' id='word_1_753' title='bbox 1109 5326 1431 5408; x_wconf 69' lang='lat' dir='ltr'><strong>Leonemin</strong></span> <span class='ocrx_word' id='word_1_754' title='bbox 1472 5325 1734 5408; x_wconf 55' lang='lat' dir='ltr'><strong>facticis.</strong></span> <span class='ocrx_word' id='word_1_755' title='bbox 1769 5398 1802 5408; x_wconf 52' lang='grc' dir='ltr'><strong>η</strong></span> <span class='ocrx_word' id='word_1_756' title='bbox 1834 5325 1848 5327; x_wconf 71' lang='grc'><strong><em>“</em></strong></span> <span class='ocrx_word' id='word_1_757' title='bbox 2150 5404 2167 5408; x_wconf 80' lang='lat'><strong><em>_</em></strong></span> <span class='ocrx_word' id='word_1_758' title='bbox 2211 5325 2444 5408; x_wconf 47' lang='lat' dir='ltr'><strong>164)&#39;Sic</strong></span> <span class='ocrx_word' id='word_1_759' title='bbox 2466 5346 2539 5408; x_wconf 75' lang='lat' dir='ltr'><strong>ex_</strong></span> <span class='ocrx_word' id='word_1_760' title='bbox 2563 5345 2667 5388; x_wconf 90' lang='lat' dir='ltr'><strong>ms.</strong></span> <span class='ocrx_word' id='word_1_761' title='bbox 2697 5330 2755 5385; x_wconf 87' lang='lat' dir='ltr'><strong>In</strong></span> <span class='ocrx_word' id='word_1_762' title='bbox 2784 5329 2948 5386; x_wconf 88' lang='lat' dir='ltr'><strong>editis</strong></span> <span class='ocrx_word' id='word_1_763' title='bbox 2972 5340 3258 5402; x_wconf 83' lang='lat' dir='ltr'><strong>perperam</strong></span> <span class='ocrx_word' id='word_1_764' title='bbox 3280 5329 3502 5402; x_wconf 81' lang='lat' dir='ltr'><strong>legitur,</strong></span> <span class='ocrx_word' id='word_1_765' title='bbox 3539 5331 3726 5386; x_wconf 76' lang='grc' dir='ltr'>πακτα</span> 
     </span>
    </p>
   </div>
   <div class='ocr_carea' id='block_1_100' title="bbox 552 5396 2014 5470">
    <p class='ocr_par' dir='ltr' id='par_1_100' title="bbox 552 5396 1917 5470">
     <span class='ocr_line' id='line_1_100' title="bbox 552 5396 1917 5470; baseline -0.002 -17"><span class='ocrx_word' id='word_1_766' title='bbox 552 5400 645 5470; x_wconf 83' lang='grc'><strong>60)</strong></span> <span class='ocrx_word' id='word_1_767' title='bbox 682 5402 753 5454; x_wconf 90' lang='lat' dir='ltr'><strong>Ita</strong></span> <span class='ocrx_word' id='word_1_768' title='bbox 787 5415 891 5455; x_wconf 91' lang='lat' dir='ltr'><strong>ms.</strong></span> <span class='ocrx_word' id='word_1_769' title='bbox 922 5401 1114 5470; x_wconf 80' lang='lat' dir='ltr'><strong>codex.</strong></span> <span class='ocrx_word' id='word_1_770' title='bbox 1150 5396 1333 5470; x_wconf 86' lang='lat' dir='ltr'><strong>Locus</strong></span> <span class='ocrx_word' id='word_1_771' title='bbox 1364 5397 1417 5470; x_wconf 75' lang='lat' dir='ltr'><strong>in</strong></span> <span class='ocrx_word' id='word_1_772' title='bbox 1444 5397 1616 5470; x_wconf 77' lang='lat' dir='ltr'><strong>editis</strong></span> <span class='ocrx_word' id='word_1_773' title='bbox 1649 5398 1917 5470; x_wconf 82' lang='lat' dir='ltr'><strong>mutilus._</strong></span> 
     </span>
    </p>
   </div>
   <div class='ocr_carea' id='block_1_101' title="bbox 2119 5396 2597 5470">
    <p class='ocr_par' dir='ltr' id='par_1_101' title="bbox 2144 5396 2597 5465">
     <span class='ocr_line' id='line_1_101' title="bbox 2144 5396 2597 5465; baseline 0 -7"><span class='ocrx_word' id='word_1_774' title='bbox 2144 5396 2335 5458; x_wconf 78' lang='grc' dir='ltr'>δοῦναι</span> <span class='ocrx_word' id='word_1_775' title='bbox 2377 5401 2597 5465; x_wconf 80' lang='grc' dir='ltr'>αὐτούς.</span> 
     </span>
    </p>
   </div>
   <div class='ocr_carea' id='block_1_102' title="bbox 530 5408 2014 5543">
    <p class='ocr_par' dir='ltr' id='par_1_102' title="bbox 530 5408 2014 5543">
     <span class='ocr_line' id='line_1_102' title="bbox 552 5408 1894 5470; baseline -0.002 -17"><span class='ocrx_word' id='word_1_776' title='bbox 552 5408 645 5470; x_wconf 80' lang='grc'><strong>60)</strong></span> <span class='ocrx_word' id='word_1_777' title='bbox 682 5408 753 5454; x_wconf 90' lang='lat' dir='ltr'><strong>Ita</strong></span> <span class='ocrx_word' id='word_1_778' title='bbox 787 5415 891 5455; x_wconf 90' lang='lat' dir='ltr'><strong>ms.</strong></span> <span class='ocrx_word' id='word_1_779' title='bbox 922 5408 1114 5456; x_wconf 79' lang='lat' dir='ltr'><strong>codex.</strong></span> <span class='ocrx_word' id='word_1_780' title='bbox 1151 5408 1333 5452; x_wconf 80' lang='lat' dir='ltr'><strong>Locus</strong></span> <span class='ocrx_word' id='word_1_781' title='bbox 1364 5412 1417 5449; x_wconf 90' lang='lat' dir='ltr'><strong>tu</strong></span> <span class='ocrx_word' id='word_1_782' title='bbox 1452 5408 1616 5451; x_wconf 86' lang='lat' dir='ltr'><strong>edttts</strong></span> <span class='ocrx_word' id='word_1_783' title='bbox 1649 5408 1894 5454; x_wconf 82' lang='lat' dir='ltr'><strong>mutuus.</strong></span> 
     </span>
     <span class='ocr_line' id='line_1_103' title="bbox 530 5408 2014 5543; baseline -0.003 -18"><span class='ocrx_word' id='word_1_784' title='bbox 530 5408 644 5542; x_wconf 41' lang='lat'><strong>{61)</strong></span> <span class='ocrx_word' id='word_1_785' title='bbox 668 5471 966 5543; x_wconf 71' lang='lat' dir='ltr'><strong>i’erperam</strong></span> <span class='ocrx_word' id='word_1_786' title='bbox 1012 5469 1210 5541; x_wconf 78' lang='lat' dir='ltr'><strong>legitur</strong></span> <span class='ocrx_word' id='word_1_787' title='bbox 1240 5468 1294 5522; x_wconf 92' lang='lat' dir='ltr'><strong>in</strong></span> <span class='ocrx_word' id='word_1_788' title='bbox 1326 5466 1510 5533; x_wconf 88' lang='lat' dir='ltr'><strong>editis,</strong></span> <span class='ocrx_word' id='word_1_789' title='bbox 1541 5466 1729 5539; x_wconf 73' lang='grc' dir='ltr'>ἐπειδὴ</span> <span class='ocrx_word' id='word_1_790' title='bbox 1778 5468 2014 5539; x_wconf 83' lang='grc' dir='ltr'>κοπὼμε-</span> 
     </span>
    </p>
   </div>
   <div class='ocr_carea' id='block_1_103' title="bbox 2119 5408 3731 5543">
    <p class='ocr_par' dir='ltr' id='par_1_103' title="bbox 2144 5408 3731 5543">
     <span class='ocr_line' id='line_1_104' title="bbox 2144 5408 2597 5465; baseline 0 -7"><span class='ocrx_word' id='word_1_791' title='bbox 2144 5408 2335 5458; x_wconf 82' lang='grc' dir='ltr'>δοῦναι</span> <span class='ocrx_word' id='word_1_792' title='bbox 2377 5408 2597 5465; x_wconf 82' lang='grc' dir='ltr'>αύτούς.</span> 
     </span>
     <span class='ocr_line' id='line_1_105' title="bbox 2215 5469 3731 5543; baseline -0.001 -17"><span class='ocrx_word' id='word_1_793' title='bbox 2215 5471 2328 5543; x_wconf 83' lang='grc'>(65)</span> <span class='ocrx_word' id='word_1_794' title='bbox 2359 5470 2435 5528; x_wconf 83' lang='lat' dir='ltr'><strong>ita</strong></span> <span class='ocrx_word' id='word_1_795' title='bbox 2468 5488 2532 5528; x_wconf 87' lang='lat' dir='ltr'><strong>ex</strong></span> <span class='ocrx_word' id='word_1_796' title='bbox 2565 5489 2670 5543; x_wconf 88' lang='lat' dir='ltr'><strong>ms.</strong></span> <span class='ocrx_word' id='word_1_797' title='bbox 2693 5471 2907 5543; x_wconf 85' lang='lat' dir='ltr'><strong>codice.</strong></span> <span class='ocrx_word' id='word_1_798' title='bbox 2936 5469 3229 5541; x_wconf 82' lang='lat' dir='ltr'><strong>Perperam</strong></span> <span class='ocrx_word' id='word_1_799' title='bbox 3260 5469 3497 5526; x_wconf 85' lang='lat' dir='ltr'><strong>habetur</strong></span> <span class='ocrx_word' id='word_1_800' title='bbox 3528 5473 3582 5527; x_wconf 90' lang='lat' dir='ltr'><strong>in</strong></span> <span class='ocrx_word' id='word_1_801' title='bbox 3610 5471 3731 5527; x_wconf 88' lang='lat' dir='ltr'><strong>edi-</strong></span> 
     </span>
    </p>
   </div>
   <div class='ocr_carea' id='block_1_104' title="bbox 465 5541 3349 5624">
    <p class='ocr_par' dir='ltr' id='par_1_104' title="bbox 465 5541 3349 5624">
     <span class='ocr_line' id='line_1_106' title="bbox 465 5541 3349 5624; baseline 0 0"><span class='ocrx_word' id='word_1_802' title='bbox 465 5541 699 5624; x_wconf 62' lang='lat' dir='ltr'><strong>”EEEF‘:</strong></span> <span class='ocrx_word' id='word_1_803' title='bbox 1597 5610 1611 5624; x_wconf 93' lang='lat'><strong>.</strong></span> <span class='ocrx_word' id='word_1_804' title='bbox 1702 5608 1746 5624; x_wconf 61' lang='grc' dir='ltr'><strong>,η</strong></span> <span class='ocrx_word' id='word_1_805' title='bbox 2013 5617 2026 5624; x_wconf 86' lang='grc'><strong>-</strong></span> <span class='ocrx_word' id='word_1_806' title='bbox 2145 5541 2870 5624; x_wconf 62' lang='grc' dir='ltr'><strong>ιῖεὲ-Ξῗ),ῑτ.ερὶτῆςδ⁶σει2ς</strong></span> <span class='ocrx_word' id='word_1_807' title='bbox 2912 5543 3139 5624; x_wconf 64' lang='grc' dir='ltr'><strong>πάέτον·</strong></span> <span class='ocrx_word' id='word_1_808' title='bbox 3304 5604 3349 5624; x_wconf 85' lang='grc'><strong>.-</strong></span> 
     </span>
    </p>
   </div>
   <div class='ocr_carea' id='block_1_105' title="bbox 530 5607 3733 5693">
    <p class='ocr_par' dir='ltr' id='par_1_105' title="bbox 530 5607 3733 5693">
     <span class='ocr_line' id='line_1_107' title="bbox 530 5607 3733 5693; baseline 0 -28"><span class='ocrx_word' id='word_1_809' title='bbox 530 5610 736 5693; x_wconf 56' lang='grc' dir='ltr'><strong>(θὲῌιξ</strong></span> <span class='ocrx_word' id='word_1_810' title='bbox 786 5611 953 5693; x_wconf 79' lang='lat' dir='ltr'><strong>editis</strong></span> <span class='ocrx_word' id='word_1_811' title='bbox 978 5623 1266 5692; x_wconf 63' lang='lat' dir='ltr'><strong>perperam</strong></span> <span class='ocrx_word' id='word_1_812' title='bbox 1308 5607 1564 5693; x_wconf 71' lang='lat' dir='ltr'><strong>habetur,</strong></span> <span class='ocrx_word' id='word_1_813' title='bbox 1594 5608 1873 5663; x_wconf 70' lang='grc' dir='ltr'>ἐπείθοντο</span> <span class='ocrx_word' id='word_1_814' title='bbox 1910 5624 1925 5639; x_wconf 86' lang='grc'><strong>·</strong></span> <span class='ocrx_word' id='word_1_815' title='bbox 1976 5617 2031 5663; x_wconf 90' lang='lat' dir='ltr'><strong>et</strong></span> <span class='ocrx_word' id='word_1_816' title='bbox 2220 5613 2332 5693; x_wconf 58' lang='grc' dir='ltr'><strong>(ὃς)</strong></span> <span class='ocrx_word' id='word_1_817' title='bbox 2364 5607 2459 5693; x_wconf 57' lang='lat' dir='ltr'><strong>Sic:</strong></span> <span class='ocrx_word' id='word_1_818' title='bbox 2474 5607 2693 5693; x_wconf 49' lang='lat' dir='ltr'><strong>egenisL</strong></span> <span class='ocrx_word' id='word_1_819' title='bbox 2722 5612 2934 5693; x_wconf 63' lang='lat' dir='ltr'><strong>codice.</strong></span> <span class='ocrx_word' id='word_1_820' title='bbox 2976 5612 3270 5693; x_wconf 57' lang='lat' dir='ltr'><strong>Perperna}</strong></span> <span class='ocrx_word' id='word_1_821' title='bbox 3304 5607 3356 5693; x_wconf 68' lang='lat' dir='ltr'><strong>in</strong></span> <span class='ocrx_word' id='word_1_822' title='bbox 3379 5609 3562 5693; x_wconf 79' lang='lat' dir='ltr'><strong>_cditis</strong></span> <span class='ocrx_word' id='word_1_823' title='bbox 3596 5611 3733 5682; x_wconf 78' lang='lat' dir='ltr'><strong>legi—</strong></span> 
     </span>
    </p>
   </div>
   <div class='ocr_carea' id='block_1_106' title="bbox 462 5679 2014 5753">
    <p class='ocr_par' dir='ltr' id='par_1_106' title="bbox 462 5679 1924 5753">
     <span class='ocr_line' id='line_1_108' title="bbox 462 5679 1924 5753; baseline 0.003 -20"><span class='ocrx_word' id='word_1_824' title='bbox 462 5679 630 5753; x_wconf 77' lang='lat' dir='ltr'><strong>paulo</strong></span> <span class='ocrx_word' id='word_1_825' title='bbox 650 5682 794 5735; x_wconf 83' lang='lat' dir='ltr'><strong>infra</strong></span> <span class='ocrx_word' id='word_1_826' title='bbox 825 5679 1226 5753; x_wconf 39' lang='lat' dir='ltr'><strong>atati—stltupro</strong></span> <span class='ocrx_word' id='word_1_827' title='bbox 1256 5679 1396 5753; x_wconf 76' lang='grc' dir='ltr'>κατὰ</span> <span class='ocrx_word' id='word_1_828' title='bbox 1425 5680 1545 5753; x_wconf 50' lang='grc' dir='ltr'>τῂν,</span> <span class='ocrx_word' id='word_1_829' title='bbox 1664 5748 1686 5753; x_wconf 32' lang='grc' dir='ltr'><strong>Α</strong></span> <span class='ocrx_word' id='word_1_830' title='bbox 1768 5750 1778 5753; x_wconf 91' lang='lat'>_</span> <span class='ocrx_word' id='word_1_831' title='bbox 1913 5749 1924 5753; x_wconf 93' lang='lat'><strong>_</strong></span> 
     </span>
    </p>
   </div>
   <div class='ocr_carea' id='block_1_107' title="bbox 2119 5679 3449 5753">
    <p class='ocr_par' dir='ltr' id='par_1_107' title="bbox 2143 5679 3449 5753">
     <span class='ocr_line' id='line_1_109' title="bbox 2143 5679 3449 5753; baseline -0.005 -11"><span class='ocrx_word' id='word_1_832' title='bbox 2143 5679 2258 5753; x_wconf 75' lang='lat' dir='ltr'><strong>tur,</strong></span> <span class='ocrx_word' id='word_1_833' title='bbox 2289 5685 2372 5738; x_wconf 86' lang='grc' dir='ltr'><strong>ὅτι</strong></span> <span class='ocrx_word' id='word_1_834' title='bbox 2405 5685 2466 5737; x_wconf 82' lang='grc' dir='ltr'>οὐ</span> <span class='ocrx_word' id='word_1_835' title='bbox 2499 5682 2637 5737; x_wconf 85' lang='grc' dir='ltr'>θέλω</span> <span class='ocrx_word' id='word_1_836' title='bbox 2665 5681 2848 5736; x_wconf 75' lang='grc' dir='ltr'>δοῦναι</span> <span class='ocrx_word' id='word_1_837' title='bbox 2882 5682 2934 5736; x_wconf 83' lang='grc' dir='ltr'>τε</span> <span class='ocrx_word' id='word_1_838' title='bbox 2971 5679 3097 5736; x_wconf 51' lang='grc' dir='ltr'>ποτί</span> <span class='ocrx_word' id='word_1_839' title='bbox 3117 5681 3214 5736; x_wconf 79' lang='grc' dir='ltr'><strong>οὖν</strong></span> <span class='ocrx_word' id='word_1_840' title='bbox 3243 5680 3449 5736; x_wconf 78' lang='grc' dir='ltr'>λαϐεῖν.</span> 
     </span>
    </p>
   </div>
   <div class='ocr_carea' id='block_1_108' title="bbox 531 5748 2031 5825">
    <p class='ocr_par' dir='ltr' id='par_1_108' title="bbox 531 5748 2031 5825">
     <span class='ocr_line' id='line_1_110' title="bbox 531 5748 2031 5825; baseline -0.001 -21"><span class='ocrx_word' id='word_1_841' title='bbox 531 5752 648 5821; x_wconf 73' lang='lat'><strong>(63)</strong></span> <span class='ocrx_word' id='word_1_842' title='bbox 700 5753 991 5825; x_wconf 76' lang='lat' dir='ltr'><strong>Perperam</strong></span> <span class='ocrx_word' id='word_1_843' title='bbox 1034 5749 1274 5805; x_wconf 83' lang='lat' dir='ltr'><strong>habetur</strong></span> <span class='ocrx_word' id='word_1_844' title='bbox 1320 5750 1374 5804; x_wconf 91' lang='lat' dir='ltr'><strong>in</strong></span> <span class='ocrx_word' id='word_1_845' title='bbox 1411 5750 1598 5816; x_wconf 85' lang='lat' dir='ltr'><strong>editis,</strong></span> <span class='ocrx_word' id='word_1_846' title='bbox 1628 5748 1727 5819; x_wconf 75' lang='grc' dir='ltr'><strong>τῆς</strong></span> <span class='ocrx_word' id='word_1_847' title='bbox 1755 5749 2031 5821; x_wconf 75' lang='grc' dir='ltr'>ἡμετέρας</span> 
     </span>
    </p>
   </div>
  </div>
