4050 6414
270 312 381 401 tot

1362 325 1462 384 DE
1485 327 2117 388 ADMINISTRANDO
2160 329 2503 391 IMPERIO.

3440 337 3555 402 40:?

267 431 558 499 Βόσπορον
589 431 686 484 καὶ
724 432 827 495 τὰς
878 434 1145 504 φαμιλίας
1179 436 1382 490 αὐτῶν·
1429 438 1593 501 αὐτὸς
1626 437 1684 492 δὲ
1730 438 2081 510 Σαυρόματος
2111 443 2211 512 τὴν
2248 444 2477 512 πορείαν
2507 444 2646 516 μετὰ
2680 444 2776 499 τοῦ
2806 446 2993 510 ἔθνους
3072 449 3239 504 αὑτοῦ
3305 453 3364 508 ὲν
3434 473 3534 510 κα-

266 522 541 578 ταστάσει
564 524 821 589 ἐποιεῖτο,
849 524 989 591 πρὸς
1017 526 1079 580 τὸ
1102 526 1386 599 ἀθροίλους
1409 528 1536 591 τοὺς
1571 528 1921 598 Χερσωνίτας
1957 529 2289 600 παραδοῦναι
2311 531 2411 596 τὰς
2435 533 2697 604 φαμιλίας
2729 535 2823 589 καὶ
2859 537 3233 608 ἀναχωρῆσαι.

344 656 411 709 Οί
546 656 895 728 Χερσωνῖται
927 660 1056 724 τοὺς
1099 660 1336 726 οἰκείους
1381 662 1641 734 πρέσϐεις
1674 663 1869 749 θποδε-

2042 663 2382 721 Cbersonita:
2412 683 2540 722 vero
2580 668 2776 739 legatis
2824 671 2940 726 suis
2996 672 3050 726 in
3116 674 3249 729 urbe
3304 674 3563 747 Bosporo

272 746 511 817 ξάμενοι
541 747 604 799 ὲν
641 750 708 819 τῇ
747 747 1035 822 Βοσπόρῳ,
1082 753 1177 805 καὶ
1209 753 1590 824 μεμαθηκότες
1618 746 1693 809 τά
1721 756 1876 824 γενό-

274 853 420 902 μενα
463 838 685 891 ἅπαντα
724 838 831 892 ὑπὸ
866 841 1223 906 Κώνσταντος
1250 842 1463 897 καὶτοῦ
1499 845 1873 916 Σαυρομάτου,

272 926 616 996 παρέδωκαν
660 926 757 981 τοῦ
797 929 1151 1000 Σαυρομάτου
1194 930 1468 1002 ἀνθρώπῳ
1506 935 1607 1005 τήν
1649 951 1707 987 τε
1741 934 1877 988 Βόσ·

275 1035 453 1088 πόρον
502 1017 619 1089 (6⁵1)
669 1020 765 1072 καὶ
806 1020 878 1074 τὰ
906 1021 1008 1091 τῆς
1037 1022 1345 1086 Μαιώτιδος
1403 1024 1717 1092 καστέλλια,
1777 1027 1878 1081 καὶ

278 1109 376 1172 τὰς
402 1109 687 1180 φαμιλίας
721 1119 901 1175 πασας
935 1112 1212 1193 ἀϐλαϐεῖς,
1244 1115 1341 1169 καὶ
1364 1115 1665 1170 κατέλαϐον
1703 1120 1762 1171 ἐν
1790 1119 1868 1171 εἰ-

285 1204 426 1275 ρήνῃ
459 1204 563 1275 τὴν
611 1205 996 1276 Χερσωνιτῶν.
1032 1206 1092 1264 '0
1117 1208 1381 1274 Κώνστας
1423 1195 1877 1283 ἀναχωρήσαντος

285 1294 377 1348 τοῦ
408 1295 780 1366 Σαυρομάτου
826 1298 893 1351 ὲκ
921 1299 1033 1352 τῶν
1068 1297 1394 1370 Ῥωμαϊκῶν
1422 1290 1624 1367 τόπων,
1656 1304 1751 1357 καὶ
1775 1304 1877 1360 αὖ·

286 1383 377 1446 τδς
407 1382 700 1450 ἀνέζευξεν
733 1386 830 1438 ἐπὶ
862 1385 962 1456 τὴν
997 1387 1240 1458 Ῥώμην,
1266 1390 1357 1444 καὶ
1379 1390 1666 1462 ἀνήγγειλε
1699 1393 1877 1448 πάντα

292 1474 375 1544 τῷ
423 1474 637 1543 βασιλεῖ
705 1477 776 1531 τὰ
834 1477 940 1530 ὑπὸ
1002 1478 1112 1534 τῶν
1165 1481 1526 1552 Χερσωνιτῶν
1586 1482 1876 1555 γενόμενα,

262 1632 271 1647 ἡ
300 1567 664 1637 προσαγαγὼν
688 1570 785 1637 καὶ
812 1570 943 1633 τοὺς
972 1569 1067 1625 δύο
1092 1572 1273 1627 αὐτῶν
1310 1574 1590 1646 πρέσϐεις,
1626 1576 1875 1642 οὕστινας

310 1657 441 1711 ἰδὼν
478 1660 506 1711 δ
545 1658 797 1728 βασιλεὺς
840 1662 936 1716 καὶ
962 1662 1300 1735 φιλοφρόνως
1325 1665 1748 1738 ἀποδεξάμενος.
1783 1671 1878 1723 καὶ

318 1750 385 1804 τὰ
427 1738 655 1821 μέγιστα
715 1754 1127 1827 εὐχαριστήσας
1162 1750 1318 1810 εἶπεν
1358 1750 1562 1823 αὐτοῖς’
1600 1762 1664 1814 Τί
1691 1761 1876 1816 θέλετε

313 1839 572 1911 παράσχω
597 1842 731 1919 ὑμῖν.
779 1860 840 1922 τε
898 1844 995 1898 καὶ
1049 1847 1117 1915 τῇ
1180 1846 1335 1900 πόλει
1387 1848 1543 1927 υμῶν
1590 1850 1731 1922 ὑπὲρ
1776 1855 1877 1924 τῆς

1977 757 2236 825 receptis.
2291 758 2689 835 iutelleetoque‘
2730 762 2861 832 quid
2896 764 3040 818 inter
3093 765 3450 823 Constantem
3499 779 3554 824 et

1978 845 2364 903 Sanromatum
2397 858 2580 905 aetum
2612 860 2780 918 esset,
2827 852 3148 924 Bosporum.
3191 865 3246 910 et
3293 857 3563 915 Maeotidis

1976 938 2191 1009 paludis
2222 940 2443 1011 oppida,
2504 940 2849 1014 familiasque
2894 959 3085 1001 omnes
3130 934 3329 1004 illaesas
3379 949 3555 1004 tradi-

1977 1030 2178 1086 derunt
2206 1032 2341 1089 viris
2375 1048 2406 1088 a
2430 1035 2762 1090 Sauromata
2804 1035 3009 1092 missis.
3038 1036 3312 1093 Constans
3340 1050 3548 1107 autem,

1979 1123 2069 1178 ubi
2084 1138 2146 1179 ex
2165 1125 2391 1181 Romani
2412 1127 2623 1197 imperii
2648 1126 2783 1197 locis
2794 1112 3136 1185 discessisset
3164 1129 3551 1198 Sauromatus,

1978 1215 2097 1286 ipse
2136 1231 2354 1287 quoque
2386 1212 2617 1273 Romam
2663 1218 2965 1287 contendit,
3007 1221 3298 1293 omniaque
3326 1240 3356 1279 a
3382 1225 3555 1280 Cher-

1976 1307 2174 1364 sonitis
2199 1315 2321 1365 acta
2363 1309 2682 1380 imperatori
2730 1311 3015 1376 indicavit,
3089 1316 3343 1372 adductis
3422 1320 3552 1374 item

1978 1388 2194 1454 duobus
2231 1399 2445 1472 legatis,
2492 1416 2633 1471 quos
2663 1416 2786 1457 eum
2831 1402 3061 1459 vidisset
3088 1404 3407 1474 imperator,
3459 1408 3554 1463 be-

1976 1489 2142 1561 nigne
2168 1490 2409 1559 exceptis
2504 1492 2710 1561 gratias
2780 1491 3046 1547 maximas
3094 1494 3226 1562 egit,
3302 1496 3564 1566 inquiens

1978 1579 2150 1650 ipsis:
2183 1578 2327 1647 Quid
2370 1580 2543 1636 vultis
2601 1580 2763 1637 vobis
2813 1589 2868 1637 et
2916 1568 3126 1638 civitati
3175 1593 3371 1641 vestrm
3428 1586 3554 1641 dem

1978 1685 2074 1740 pro
2102 1670 2192 1725 tali
2241 1672 2618 1727 benevolentia
2670 1680 2725 1726 et
2758 1673 3015 1735 auxilio?
3050 1674 3130 1729 illi
3202 1693 3331 1732 vero
3379 1681 3556 1749 impc-

1976 1762 2143 1841 ratori
2166 1763 2595 1832 responderunt:
2627 1764 2775 1819 Nihil
2806 1765 2973 1831 aliud,
2993 1767 3240 1841 domine,
3290 1756 3546 1838 petimus,

1978 1834 2165 1909 nisiut
2211 1854 2367 1909 liberi
2390 1869 2453 1910 ac
2484 1854 2761 1935 immunes
2818 1840 2993 1939 simus
3027 1872 3057 1913 a
3087 1859 3313 1939 tributo.
3362 1846 3559 1930 ’lmpe-

300 1930 556 2010 τοιαύτης
589 1932 805 2001 εὐνοίας
830 1951 890 1988 τε
915 1936 1009 1989 καὶ
1034 1939 1390 2009 συμμαχίαςς
1426 1942 1491 1995 Oi
1527 1942 1585 1997 δὲ
1615 1941 1770 2001 εἷπον
1798 1946 1876 2020 τῷ

1982 1951 2129 2020 rator
2167 1952 2343 2000 autem
2389 1960 2554 2019 quam
2601 1930 3053 2002 libenter‘eorum
3094 1935 3342 2018 petitioni
3398 1951 3559 2006 obsc-

299 2007 647 2090 gaudentia
694 2025 909 2096 Ἡμεῖς,
944 2003 1181 2082 δέσποτα
1222 2003 1540 2103 (ϐδ),νοὺδὲν
1567 2034 1754 2108 ἕτερον
1789 2003 1870 2092 θέῖ

1984 2016 2231 2090 cundans
2284 2003 2488 2092 liberos
2542 2028 2631 2090 ac
2666 2026 2947 2093 immunes
3006 2051 3037 2091 a
3105 2028 3311 2094 tributo
3405 2040 3558 2101 fecit‘.

299 2114 478 2185 λομεν,
504 2118 557 2169 εί
589 2117 667 2188 μή
726 2119 780 2171 τί
813 2136 877 2188 γε
907 2119 1066 2175 τοῦτο
1095 2122 1255 2193 μόνον
1300 2124 1584 2197 αίτοῦμεν,
1631 2130 1716 2199 ἐφ’
1743 2124 1789 2201 ᾧ
1815 2149 1875 2186 τε

295 2206 471 2272 δεξιὰς
500 2208 819 2283 ἐλευθερίας
879 2213 977 2267 καὶ
1029 2215 1280 2280 ἀτελείας
1310 2221 1691 2290 παρασχέσθαι
1745 2225 1877 2294 ήμίν

292 2297 395 2350 ὑπὸ
450 2297 549 2353 τοῦ
607 2303 845 2372 κράτους
905 2304 1079 2374 ὑμῶν.
1150 2307 1206 2362 '0
1234 2308 1290 2363 δὲ
1336 2310 1595 2381 βασιλεὺς
1623 2316 1878 2386 ἀσμένως

290 2388 589 2461 ὑποκύψας
616 2396 686 2463 τῇ
723 2396 937 2465 αἰτήσει
969 2398 1166 2464 αὐτῶν,
1194 2401 1446 2469 ἀφθόνως
1477 2406 1752 2477 παρέσχεν
1778 2410 1876 2461 αὑ-

288 2481 403 2542 τοῖς
426 2479 533 2542 τὰς
554 2482 811 2549 τοιαύτας
834 2488 931 2556 τῆς
959 2488 1271 2565 ἐλευθερίας
1291 2494 1386 2547 καὶ
1410 2496 1657 2562 ἀτελείας
1673 2500 1874 2567 δεξιὰς,

288 2571 625 2638 ἀποστείλας
697 2578 896 2642 αὐτοὺς
968 2580 1106 2650 μετά
1175 2585 1269 2637 καὶ
1341 2586 1531 2658 δώρων
1602 2590 1872 2648 πλείστων

291 2665 437 2718 κατά
475 2666 580 2738 τὴν
612 2667 999 2739 Χερσωνιτῶν,
1036 2671 1130 2738 .ώς
1178 2676 1434 2745 γνησίους
1466 2677 1627 2744 ὄντας
1676 2682 1877 2748 αὐτοὺς

290 2754 581 2825 ὑπηκόους
625 2758 726 2828 τῆς
764 2758 1055 2826 Ῥωμαίων
1098 2763 1397 2834 βασιλείας.
1436 2767 1495 2823 '0
1526 2768 1581 2824 δὲ
1617 2773 1878 2839 Κώνστας

297 2847 564 2916 μεγάλως
610 2851 706 2904 καὶ
751 2852 916 2917 αὐτὸς
960 2854 1273 2927 ὑποδεχθεὶς
1306 2859 1455 2929 παρά
1486 2860 1580 2915 τοῦ
1611 2864 1876 2933 βασιλέως

293 2939 692 3011 Διοκλητιανοῦ
726 2943 803 3008 ὡς
831 2944 1093 3017 ἀνδρείως
1124 2950 1578 3021 παραταξάμενος
1610 2955 1752 3009 κατὰ
1786 2955 1878 3011 τὸν

292 3031 400 3085 τῶν
440 3034 818 3105 Σὴυροματῶν
857 3038 1112 3108 πόλεμον,
1144 3040 1237 3094 καλ⁸
1267 3043 1570 3116 περιφανὴς
1598 3050 1692 3101 καὶ
1727 3048 1875 3103 ἔιδο-

295 3123 381 3189 ξος
412 3124 738 3196 γενόμενος,
769 3128 890 3198 μετ’
906 3128 1087 3199 ὀλίγον
1114 3133 1236 3187 τινὰ
1254 3136 1444 3205 χρόνον
1462 3136 1559 3206 τῆς
1589 3138 1875 3210 Ῥωμαίων

295 3215 564 3287 ἀνεδέχθη
612 3218 911 3289 βασιλείας,
957 3222 1339 3295 Διοκλητιανοῦ
1372 3228 1465 3280 ἐπὶ
1497 3230 1597 3300 τὴν
1625 3230 1875 3303 Νικομή-

1984 2124 2280 2203 multisque
2322 2116 2585 2203 praeterea
2644 2118 2968 2183 muneribus
3039 2129 3434 2186 cohonestatos
3488 2133 3557 2185 ad

1981 2202 2335 2280 Chersonitas
2384 2202 2615 2283 remisit,
2683 2218 2849 2273 veluti
2895 2234 3145 2276 verosac
3210 2209 3395 2277 ﬁdeles
3453 2223 3560 2277 im-

1986 2306 2120 2376 perii
2155 2306 2384 2361 Romani
2419 2296 2707 2362 subditos,
2729 2308 2800 2371 At
2828 2308 3104 2365 Constans
3134 2311 3420 2381 magniﬁce
3444 2313 3574 2382 ipso;

1983 2412 2202 2468 quoque
2230 2397 2298 2452 al:
2323 2397 2650 2468 imperatore
2682 2396 3020 2455 Diocletiano
3050 2409 3335 2471 exceptus,
3393 2404 3558 2457 veluti

1986 2502 2045 2541 re
2079 2497 2270 2543 contra
2309 2487 2667 2543 Sauromatas
2699 2480 2958 2559 praeclare
3010 2499 3186 2559 gesta,
3230 2501 3283 2546 et
3326 2493 3558 2548 illustris

1984 2577 2277 2649 clarusque
2335 2578 2532 2644 factus,
2565 2580 2727 2649 paulo
2768 2588 2890 2649 post
2922 2580 2976 2635 in
2998 2581 3287 2650 imperium
3352 2581 3554 2639 Roma-

1984 2687 2114 2727 num
2147 2671 2439 2735 successit,
2473 2670 2809 2727 Diocletiano
2839 2671 3211 2728 Nicomediam
3244 2675 3554 2733 secedente.

1983 2763 2285 2819 Constante
2312 2776 2491 2817 autem
2522 2771 2741 2818 mortuo
2785 2763 3083 2833 imperator
3112 2762 3212 2819 fuit
3258 2765 3402 2820 ﬁlius
3427 2766 3549 2836 ejus

1984 2836 2397 2910 Constantinus.
2452 2852 2556 2921 Qui
2614 2870 2742 2909 cum
2816 2854 3179 2926 Byzantinum
3282 2858 3557 2924 venisset,

1986 2944 2421 3016 Scytharumque
2474 2944 2723 2999 nonnulli
2772 2944 3120 3007 rebellarent,
3174 2949 3446 3004 revocatis
3501 2950 3555 3004 in

1986 3020 2301 3092 memoriam
2354 3050 2476 3107 quae
2528 3051 2559 3090 a
2608 3044 2760 3104 patre
2810 3035 3110 3093 Constante
3148 3038 3445 3094 audivisset
3491 3044 3559 3093 de

1986 3127 2358 3184 benevolentia
2379 3135 2431 3184 et
2466 3127 2669 3182 auxilio
2694 3127 3170 3194 Chersonitarum,
3205 3129 3413 3199 legatos
3447 3131 3575 3185 illis,

1986 3219 2154 3285 misit,
2199 3219 2484 3290 postulans
2517 3229 2572 3273 ut
2604 3228 2793 3274 contra
2829 3218 3063 3290 Scythas
3103 3234 3254 3274 arma
3301 3232 3571 3291 caperent,

299 3303 445 3359 δειαν
473 3309 943 3379 ἑπαναγαγόντος.
974 3313 1205 3369 Κώνστα
1226 3315 1284 3369 δὲ
1321 3298 1740 3390 τελευτήσαντος
1760 3298 1874 3394 (ὅθ)

1984 3328 2048 3368 ac
2079 3312 2428 3368 rebellatores
2443 3298 2819 3382 subjugarcnt.
2842 3311 3101 3382 Princeps
3128 3322 3309 3368 autem
3342 3327 3407 3367 ac
3435 3330 3559 3383 pro-

308 3398 363 3449 ιν
392 3397 579 3471 Ῥώμη
629 3400 951 3458 ἐϐασίλευσε
1006 3407 1420 3475 Κωνσταντῖνος
1446 3411 1475 3464 ὁ
1500 3412 1629 3475 ⁴υίὸς
1680 3414 1871 3467 αὐτοῦ·

319 3494 403 3540 καὶ
426 3490 726 3562 ἐρχομένου
750 3495 917 3548 αὑτοῦ
954 3496 1046 3549 ἐπὶ
1074 3497 1136 3551 τὸ
1161 3497 1475 3565 Βυζάντιον,
1508 3502 1877 3568 ἀντιστάσεως

325 3578 456 3651 αὐτῷ
489 3582 597 3636 ὑπό
620 3601 785 3639 τινων
813 3586 873 3640 ὲν
913 3589 979 3658 τῇ
1030 3589 1234 3661 Σκυθίᾳ
1272 3591 1592 3663 γενομένης,
1626 3594 1877 3667 ὑπεμνή-

330 3670 421 3743 σθη
440 3673 498 3727 τδ
522 3676 625 3730 ὑπὸ
671 3677 766 3731 τοῦ
829 3681 1037 3751 πατρὸς
1065 3683 1232 3736 αὐτοῦ
1267 3683 1499 3738 Κώνστα
1525 3684 1714 3755 λεχθὲν
1750 3688 1878 3759 περὶ

328 3762 418 3832 τῆς
466 3765 572 3818 τῶν
602 3768 964 3839 Χερσωνιτῶν
1007 3772 1222 3839 εὐνοίας
1288 3792 1349 3829 τε
1395 3776 1491 3829 καὶ
1534 3778 1876 3849 συμμαχίας,

325 3855 409 3909 καὶ
437 3856 716 3914 ἀπέστειλε
755 3863 896 3916 κατὰ
942 3863 1039 3935 τὴν
1067 3867 1177 3919 τῶν
1207 3865 1564 3940 Χερσωνιτῶν
1596 3870 1876 3941 πρέσϐεις,

313 3948 394 4018 ἐφ’
416 3943 462 4018 ᾧ
496 3967 561 4004 τε
597 3951 775 4006 ἐλθεῖν
815 3955 957 4009 κατὰ
984 3958 1083 4028 τὴν
1140 3958 1251 4013 τῶν
1297 3960 1520 4015 Σκυθῶν
1555 3962 1760 4034 χώραν,
1785 3963 1882 4019 καὶ

306 4042 657 4113 μαχήσασθαι
711 4048 826 4111 τοῖς
880 4047 1269 4119 ἀνθεστηκόσιν
1315 4044 1509 4120 αὐτῷέ
1535 4053 1882 4124 Στεφανηφο-

308 4132 532 4202 ροῦντος
582 4135 644 4191 δὲ
680 4137 801 4191 τότε
838 4139 934 4192 καὶ⁵
987 4140 1362 4213 πρωτεύοντος
1387 4143 1487 4212 τῆς
1520 4146 1880 4216 Χερσωνιτῶν

300 4227 590 4296 Διογένους
620 4227 717 4282 τοῦ
744 4229 1052 4299 Διογένους,
1077 4233 1128 4285 οί
1168 4234 1514 4304 Χερσωνῖται
1548 4237 1649 4307 τὴν
1682 4238 1877 4292 κέλευ-

299 4336 385 4372 σιν
437 4320 700 4390 ἀσμένως
766 4322 1268 4395 πειθαρχήσαντες,
1312 4326 1461 4398 πάσῃ
1513 4329 1719 4400 σπουδῇ
1779 4348 1880 4384 κα-

293 4411 748 4476 τασκευάσαντες
792 4413 862 4468 τά
919 4430 980 4468 τε
1036 4415 1309 4487 πολεμικά
1361 4417 1606 4490 ἅρματα,
1646 4421 1738 4474 καὶ
1783 4423 1882 4487 τὰς

294 4502 773 4575 χειροϐολίστρας,
803 4507 1286 4579 καταλαμϐάνουσι
1325 4511 1417 4565 τὸν
1457 4513 1670 4584 Ἵστρον
1713 4531 1883 4569 ποτα-

297 4596 425 4666 μδν.
491 4597 590 4651 καὶ
620 4597 811 4654 τοῦτον
843 4599 1184 4671 περάσαντες
1228 4603 1732 4677 ἀντιπαρετάξαντο
1772 4610 1885 4672 τοῖς

1983 3412 2157 3460 lector
2183 3404 2636 3460 Cbersonitarum
2672 3412 2809 3459 tunc
2850 3404 3110 3474 temporis
3126 3413 3244 3460 erat
3291 3404 3560 3476 Diogenes

1980 3495 2234 3569 Diogenis
2286 3495 2454 3569 (ilius,
2505 3506 2559 3550 et
2586 3495 2817 3551 libenler
2876 3495 3133 3549 mandati»
3220 3495 3565 3553 Chersonita':

1980 3566 2299 3660 obedientes
2355 3566 2506 3642 omni
2586 3585 2773 3641 studio
2852 3584 3108 3641 curribus
3164 3585 3375 3642 bellicis
3434 3603 3583 3641 eum.

1980 3677 2388 3734 cbirobolistris
2423 3675 2712 3733 instructis
2768 3675 2838 3729 ad
2897 3672 3096 3729 Istrum
3143 3674 3344 3731 ﬂumen
3375 3677 3561 3747 profe-

1983 3771 2056 3827 oti
2112 3771 2467 3841 traiecerunt,
2496 3783 2562 3825 ac
2601 3776 2795 3824 contra
2825 3767 3036 3822 hostem
3097 3766 3385 3824 tendentes
3433 3784 3557 3824 eum

1984 3871 2303 3931 superatum
2332 3858 2389 3914 in
2442 3857 2627 3930 fugam
2675 3864 3085 3912 converterunt.
3121 3856 3333 3924 Quibus
3377 3859 3567 3928 cogni-

1985 3953 2057 4009 tis
2110 3952 2405 4022 imperator
2434 3950 2655 4006 domum
2683 3964 2778 4005 eos
2808 3949 2983 4004 redire
3011 3949 3202 4019 jussit,
3223 3952 3564 4021 proteuouti-

1982 4045 2087 4100 bus
2109 4053 2290 4099 autem
2320 4041 2642 4114 Byzantium
2669 4040 2876 4097 vocatis
2905 4040 3112 4111 gratias
3143 4041 3408 4097 maximas
3431 4043 3564 4111 egit,

1983 4137 2228 4208 dixitque
2251 4135 2415 4204 ipsis:
2448 4131 2895 4202 Quandoquidem
2953 4132 3115 4187 etiam
3162 4147 3307 4187 nunc
3339 4133 3568 4201 benigne

1986 4245 2087 4302 pro
2117 4229 2274 4285 nobis
2301 4226 2617 4292 laborastis,
2681 4223 3142 4295 quemadmodum
3200 4233 3254 4280 et
3310 4240 3408 4295 pro
3461 4227 3577 4304 piis.

1986 4321 2288 4391 majoribus
2317 4316 2625 4372 divinitatis
2653 4325 2878 4380 nostrae,
2917 4330 3045 4371 ecce
3079 4315 3242 4370 etiam
3304 4331 3404 4369 nos
3462 4318 3558 4368 da.

1986 4423 2092 4468 tam
2124 4411 2278 4467 vobis
2309 4411 2616 4465 libertatem
2674 4417 2728 4463 et
2792 4423 2822 4463 a
2878 4408 3086 4461 tributo
3139 4405 3563 4470 immunitatem,

1987 4522 2084 4579 per
2114 4506 2368 4577 regiones
2415 4502 2649 4557 Romani
2690 4501 2905 4571 imperii
2936 4498 3365 4565 conﬁrmamus;
3427 4514 3564 4569 prm-

1991 4607 2141 4652 terea
2207 4597 2402 4649 daruns
2432 4607 2653 4663 quoque
2682 4598 2917 4646 statuam
2967 4604 3187 4644 auream
3232 4605 3358 4644 cum
3409 4592 3563 4646 chla-

292 4686 690 4759 ἀνθεστηκόσι,
719 4688 814 4742 καὶ
848 4682 1231 4758 ἔτροπώσαντο
1261 4693 1481 4760 αὐτούς.
1528 4694 1734 4767 Μαθὼν
1763 4696 1821 4768 δὲ
1857 4700 1876 4753 ἐ

1994 4689 2150 4760 myde
2186 4685 2553 4763 imperatoria,
2596 4682 2905 4746 ﬁbulatura,
2945 4688 2999 4736 ct
3034 4695 3239 4735 corona
3279 4696 3463 4750 aurea,
3494 4683 3563 4737 ad

293 4766 565 4849 βασιλεὺς
597 4778 697 4850 τὴν
721 4778 812 4834 ὑπ’
845 4780 1026 4835 αὐτῶν
1067 4784 1367 4855 γενομένην
1400 4787 1635 4859 τροπὴν,
1663 4766 1883 4844 ἐκέλευ-

291 4888 390 4924 σεν
429 4869 634 4935 αὐτοὺς
666 4870 805 4926 κατὰ
844 4870 944 4943 τὴν
986 4873 1359 4948 ὲνεγκαμένην
1381 4877 1636 4932 ἀπιέναι·
1667 4880 1795 4943 τοὺς
1823 4880 1881 4934 δὲ

290 4962 510 5015 τούτων
566 4960 949 5032 πρωτεύοντας
1004 4966 1522 5039 προσκαλεσάμενος
1584 4970 1726 5024 κατά
1779 4971 1876 5024 τοῦ

290 5052 625 5118 Βυζαντίου,
662 5053 754 5107 καὶ
790 5054 1198 5128 εὐχαριστήσας
1235 5059 1306 5112 τὰ
1340 5061 1596 5131 μέγιστα,
1633 5060 1739 5132 ἔφη
1774 5062 1875 5115 αὺ-

289 5148 435 5208 τοῖς·
480 5132 713 5217 Ἐπειδή
753 5146 849 5200 καὶ
898 5147 994 5215 νῦν
1047 5136 1310 5214 εὐνοϊκῶς
1365 5150 1509 5223 ὑπὲρ
1537 5152 1701 5223 ήμῶν
1737 5152 1872 5207 ὲκά-

295 5255 456 5309 μετε,
498 5238 685 5319 καθὼς
737 5239 834 5295 καὶ
875 5241 970 5295 ἐπὶ
1021 5224 1131 5296 τῶν
1163 5241 1406 5296 εὐσεϐῶν
1439 5225 1725 5314 προγόνων
1764 5245 1867 5315 τῆς

1989 4790 2242 4835 ornatum
2276 4777 2436 4853 158
2465 4785 2663 4831 vestrae
2730 4774 2913 4841 urbis;
2978 4764 3106 4827 item
3196 4773 3564 4846 syngrapham

1989 4882 2230 4927 nostram
2264 4885 2428 4939 super
2453 4868 2705 4923 libertate
2752 4875 2807 4920 ct
2837 4864 3184 4920 immunitate
3216 4873 3326 4918 tam
3357 4874 3562 4929 vestra,

1985 4980 2146 5036 quam
2179 4948 2470 5017 nautarum
2502 4969 2812 5014 vestrorum
2847 4973 2860 5008 :
2896 4949 3122 5043 insuper
3149 4965 3371 5028 propter
3403 4956 3568 5013 bette-

1980 5056 2229 5111 volentia:
2252 5040 2444 5109 vestrae
2476 5050 2842 5107 sinceritatem
2874 5040 3103 5103 annulos
3127 5046 3342 5119 quoque
3373 5047 3570 5103 damus

1983 5163 2201 5215 aureos,
2286 5144 2338 5199 in
2437 5143 2637 5214 quibus
2681 5154 2939 5211 expressa
3000 5138 3304 5215 maiestatis
3366 5147 3568 5195 nostra:

1988 5241 2253 5311 imago,ut
2278 5237 2346 5293 iis
2361 5220 2721 5313 relationibus
2739 5226 2938 5289 vestris
2960 5228 3566 5321 supplicationibusque

1432 5396 1732 5455 ANSELMI
1755 5396 2085 5454 BANDURll
2115 5395 2345 5451 NOT/E.

371 5534 485 5605 (67)
513 5534 591 5589 Ita
626 5550 734 5591 ms.
767 5535 958 5592 codex.
994 5536 1137 5595 Editi
1160 5538 1382 5606 habent,
1418 5538 1674 5593 ἀνέλιπον
1696 5540 1793 5612 τήν
1815 5556 1874 5591 τε

301 5605 599 5675 Βόσπορον,
626 5613 737 5661 etc.

372 5674 593 5751 (δεμες
647 5675 704 5731 in
759 5692 864 5732 ms.
915 5677 1210 5751 Perperam
1257 5695 1387 5735 vero
1419 5681 1502 5737 ’in
1553 5678 1738 5746 editis‘,
1794 5679 1874 5731 ὅτι

306 5746 497 5815 οὐδεὶς,
528 5746 789 5815 δέσποτα,
821 5754 928 5807 etc.

2059 5535 2175 5606 (69)
2215 5533 2588 5606 Κώνσταντος.
2643 5532 3006 5606 Constantem
3031 5539 3170 5606 _vero
3195 5524 3283 5578 hic
3321 5524 3571 5606 appellat-

1987 5596 2228 5676 seript'or
2265 5602 2897 5676 nosteritlonstantiuiu
2944 5596 3258 5676 Chlorum,_
3288 5603 3350 5649 ut
3402 5610 3582 5676 nemo

1989 5667 2315 5731 non'videt:
2365 5683 2419 5726 et
2474 5675 2547 5728 ita
2597 5673 2761 5727 etiam
2794 5685 2821 5723 ει
2853 5667 3064 5722 Zonara
3107 5670 3358 5731 vocatur,
3408 5671 3474 5720 etv
3509 5667 3573 5720 in

1988 5745 2305 5805 Menaeis’ﬂl
2333 5742 2481 5836 Maii,
