  <div class='ocr_page' id='page_1' title='image "/cluster/home/n/w/nwhite01/storage/ocr_20150623/113:no.2/coo.31924054870179/213.png"; bbox 0 0 4050 6432; ppageno 0'>
   <div class='ocr_carea' id='block_1_1' title="bbox 437 386 2001 454">
    <p class='ocr_par' dir='ltr' id='par_1_1' title="bbox 437 387 1986 454">
     <span class='ocr_line' id='line_1_1' title="bbox 437 387 1986 454; baseline 0 -5"><span class='ocrx_word' id='word_1_1' title='bbox 437 387 548 454; x_wconf 67' lang='grc'>403</span> <span class='ocrx_word' id='word_1_2' title='bbox 1480 390 1952 452; x_wconf 80' lang='lat' dir='ltr'>CONSTANTIN</span> <span class='ocrx_word' id='word_1_3' title='bbox 1961 392 1986 449; x_wconf 89' lang='grc' dir='ltr'>Ι</span> 
     </span>
    </p>
   </div>
   <div class='ocr_carea' id='block_1_2' title="bbox 2104 386 3692 454">
    <p class='ocr_par' dir='ltr' id='par_1_2' title="bbox 2104 386 3692 454">
     <span class='ocr_line' id='line_1_2' title="bbox 2104 386 3692 454; baseline 0.002 -5"><span class='ocrx_word' id='word_1_4' title='bbox 2104 388 2703 454; x_wconf 79' lang='lat' dir='ltr'>lRPHYROGENITI</span> <span class='ocrx_word' id='word_1_5' title='bbox 3586 386 3692 454; x_wconf 69' lang='grc'>404</span> 
     </span>
    </p>
   </div>
   <div class='ocr_carea' id='block_1_3' title="bbox 438 501 2001 576">
    <p class='ocr_par' dir='ltr' id='par_1_3' title="bbox 438 502 2001 574">
     <span class='ocr_line' id='line_1_3' title="bbox 438 502 2001 574; baseline 0.003 -21"><span class='ocrx_word' id='word_1_6' title='bbox 438 502 693 574; x_wconf 53' lang='lat' dir='ltr'><strong>(gnatis,</strong></span> <span class='ocrx_word' id='word_1_7' title='bbox 739 516 877 573; x_wconf 86' lang='lat' dir='ltr'><strong>quas</strong></span> <span class='ocrx_word' id='word_1_8' title='bbox 932 517 1030 572; x_wconf 91' lang='lat' dir='ltr'>per</span> <span class='ocrx_word' id='word_1_9' title='bbox 1107 502 1454 558; x_wconf 87' lang='lat' dir='ltr'><strong>occasionem</strong></span> <span class='ocrx_word' id='word_1_10' title='bbox 1539 502 1765 557; x_wconf 85' lang='lat' dir='ltr'><strong>missuri</strong></span> <span class='ocrx_word' id='word_1_11' title='bbox 1856 502 2001 568; x_wconf 69' lang='lat' dir='ltr'><strong>estis,</strong></span> 
     </span>
    </p>
   </div>
   <div class='ocr_carea' id='block_1_4' title="bbox 2104 501 3698 576">
    <p class='ocr_par' dir='ltr' id='par_1_4' title="bbox 2119 501 3698 576">
     <span class='ocr_line' id='line_1_4' title="bbox 2119 501 3698 576; baseline 0 -19"><span class='ocrx_word' id='word_1_12' title='bbox 2119 504 2394 574; x_wconf 81' lang='grc' dir='ltr'>ἡμετέρας</span> <span class='ocrx_word' id='word_1_13' title='bbox 2442 504 2739 576; x_wconf 79' lang='grc' dir='ltr'>θειότητος,</span> <span class='ocrx_word' id='word_1_14' title='bbox 2797 502 2908 557; x_wconf 72' lang='grc' dir='ltr'>ἰδοῦ</span> <span class='ocrx_word' id='word_1_15' title='bbox 2957 502 3051 556; x_wconf 76' lang='grc' dir='ltr'>καὶ</span> <span class='ocrx_word' id='word_1_16' title='bbox 3098 502 3258 573; x_wconf 78' lang='grc' dir='ltr'>ἡμεῖς</span> <span class='ocrx_word' id='word_1_17' title='bbox 3309 501 3698 573; x_wconf 81' lang='grc' dir='ltr'>ἓπικυροῦντες</span> 
     </span>
    </p>
   </div>
   <div class='ocr_carea' id='block_1_5' title="bbox 438 593 2001 666">
    <p class='ocr_par' dir='ltr' id='par_1_5' title="bbox 438 593 1768 665">
     <span class='ocr_line' id='line_1_5' title="bbox 438 593 1768 665; baseline 0 -18"><span class='ocrx_word' id='word_1_18' title='bbox 438 603 657 652; x_wconf 79' lang='lat' dir='ltr'><strong>vestros</strong></span> <span class='ocrx_word' id='word_1_19' title='bbox 683 595 911 650; x_wconf 84' lang='lat' dir='ltr'><strong>nuntios</strong></span> <span class='ocrx_word' id='word_1_20' title='bbox 943 594 1270 665; x_wconf 79' lang='lat' dir='ltr'>dignoscere</span> <span class='ocrx_word' id='word_1_21' title='bbox 1322 593 1449 649; x_wconf 92' lang='lat' dir='ltr'><strong>inde</strong></span> <span class='ocrx_word' id='word_1_22' title='bbox 1471 594 1768 665; x_wconf 89' lang='lat' dir='ltr'><strong>possimus.</strong></span> 
     </span>
    </p>
   </div>
   <div class='ocr_carea' id='block_1_6' title="bbox 2104 593 3698 666">
    <p class='ocr_par' dir='ltr' id='par_1_6' title="bbox 2127 593 3698 666">
     <span class='ocr_line' id='line_1_6' title="bbox 2127 593 3698 666; baseline 0.001 -18"><span class='ocrx_word' id='word_1_23' title='bbox 2127 595 2226 657; x_wconf 77' lang='grc' dir='ltr'>τὰς</span> <span class='ocrx_word' id='word_1_24' title='bbox 2260 595 2361 665; x_wconf 79' lang='grc' dir='ltr'>ήδη</span> <span class='ocrx_word' id='word_1_25' title='bbox 2403 595 2490 648; x_wconf 81' lang='grc' dir='ltr'>ἐπ’</span> <span class='ocrx_word' id='word_1_26' title='bbox 2516 595 2801 666; x_wconf 77' lang='grc' dir='ltr'>ἐλευθερίᾳ</span> <span class='ocrx_word' id='word_1_27' title='bbox 2833 596 2926 647; x_wconf 74' lang='lat' dir='ltr'><strong>xa‘t</strong></span> <span class='ocrx_word' id='word_1_28' title='bbox 2954 594 3173 665; x_wconf 77' lang='grc' dir='ltr'>ἀτελείᾳ</span> <span class='ocrx_word' id='word_1_29' title='bbox 3193 593 3441 658; x_wconf 80' lang='grc' dir='ltr'>δοθείσας</span> <span class='ocrx_word' id='word_1_30' title='bbox 3479 596 3608 665; x_wconf 85' lang='grc' dir='ltr'>ὑμῖν</span> <span class='ocrx_word' id='word_1_31' title='bbox 3642 600 3698 649; x_wconf 82' lang='grc' dir='ltr'>ὲν</span> 
     </span>
    </p>
   </div>
   <div class='ocr_carea' id='block_1_7' title="bbox 433 685 3699 760">
    <p class='ocr_par' dir='ltr' id='par_1_7' title="bbox 433 685 3699 760">
     <span class='ocr_line' id='line_1_7' title="bbox 433 685 3699 760; baseline -0.001 -18"><span class='ocrx_word' id='word_1_32' title='bbox 433 692 500 760; x_wconf 75' lang='grc' dir='ltr'>τῇ</span> <span class='ocrx_word' id='word_1_33' title='bbox 569 688 853 758; x_wconf 83' lang='grc' dir='ltr'>Ῥωμαίων</span> <span class='ocrx_word' id='word_1_34' title='bbox 901 689 965 742; x_wconf 74' lang='grc' dir='ltr'>ἐκ</span> <span class='ocrx_word' id='word_1_35' title='bbox 1006 688 1103 756; x_wconf 80' lang='grc' dir='ltr'>τῆς</span> <span class='ocrx_word' id='word_1_36' title='bbox 1138 687 1414 758; x_wconf 84' lang='grc' dir='ltr'>ἡμετέρας</span> <span class='ocrx_word' id='word_1_37' title='bbox 1472 685 1749 756; x_wconf 84' lang='grc' dir='ltr'>βασιλείας</span> <span class='ocrx_word' id='word_1_38' title='bbox 1804 688 2009 756; x_wconf 79' lang='grc' dir='ltr'>δεξιὰς,</span> <span class='ocrx_word' id='word_1_39' title='bbox 2050 686 2364 757; x_wconf 81' lang='grc' dir='ltr'>παρέχομεν</span> <span class='ocrx_word' id='word_1_40' title='bbox 2400 688 2528 758; x_wconf 85' lang='grc' dir='ltr'>ὑμῖν</span> <span class='ocrx_word' id='word_1_41' title='bbox 2551 688 2647 740; x_wconf 73' lang='grc' dir='ltr'>καὶ</span> <span class='ocrx_word' id='word_1_42' title='bbox 2685 689 2848 758; x_wconf 79' lang='grc' dir='ltr'>ἡμεῖς</span> <span class='ocrx_word' id='word_1_43' title='bbox 2882 686 3175 757; x_wconf 80' lang='grc' dir='ltr'>ἀνδριάντα</span> <span class='ocrx_word' id='word_1_44' title='bbox 3250 686 3483 756; x_wconf 81' lang='grc' dir='ltr'>χρυσοῦν</span> <span class='ocrx_word' id='word_1_45' title='bbox 3560 687 3699 755; x_wconf 73' lang='grc' dir='ltr'>μετὰ</span> 
     </span>
    </p>
   </div>
   <div class='ocr_carea' id='block_1_8' title="bbox 435 775 3698 849">
    <p class='ocr_par' dir='ltr' id='par_1_8' title="bbox 435 775 3698 849">
     <span class='ocr_line' id='line_1_8' title="bbox 435 775 3698 849; baseline -0.001 -18"><span class='ocrx_word' id='word_1_46' title='bbox 435 779 532 832; x_wconf 75' lang='grc' dir='ltr'>καὶ</span> <span class='ocrx_word' id='word_1_47' title='bbox 569 778 840 849; x_wconf 81' lang='grc' dir='ltr'>χλαμύδος</span> <span class='ocrx_word' id='word_1_48' title='bbox 867 777 1169 848; x_wconf 80' lang='grc' dir='ltr'>βασιλικῆς,</span> <span class='ocrx_word' id='word_1_49' title='bbox 1202 778 1298 830; x_wconf 77' lang='grc' dir='ltr'>καὶ</span> <span class='ocrx_word' id='word_1_50' title='bbox 1345 775 1715 845; x_wconf 78' lang='grc' dir='ltr'>φιὸλατοὺρας</span> <span class='ocrx_word' id='word_1_51' title='bbox 1746 778 1880 849; x_wconf 84' lang='grc'>(70),</span> <span class='ocrx_word' id='word_1_52' title='bbox 1917 779 2011 831; x_wconf 77' lang='grc' dir='ltr'>καὶ</span> <span class='ocrx_word' id='word_1_53' title='bbox 2052 778 2317 844; x_wconf 71' lang='grc' dir='ltr'>στέφανον</span> <span class='ocrx_word' id='word_1_54' title='bbox 2400 778 2655 847; x_wconf 84' lang='grc' dir='ltr'>χρυσοῦν,</span> <span class='ocrx_word' id='word_1_55' title='bbox 2704 777 2841 849; x_wconf 81' lang='grc' dir='ltr'>πρὸς</span> <span class='ocrx_word' id='word_1_56' title='bbox 2892 777 3227 848; x_wconf 82' lang='grc' dir='ltr'>εὐπρέπειαν</span> <span class='ocrx_word' id='word_1_57' title='bbox 3268 777 3370 845; x_wconf 74' lang='grc' dir='ltr'>τῆς</span> <span class='ocrx_word' id='word_1_58' title='bbox 3428 776 3698 846; x_wconf 85' lang='grc' dir='ltr'>ὑμετέρας</span> 
     </span>
    </p>
   </div>
   <div class='ocr_carea' id='block_1_9' title="bbox 344 868 3692 944">
    <p class='ocr_par' dir='ltr' id='par_1_9' title="bbox 344 868 3692 944">
     <span class='ocr_line' id='line_1_9' title="bbox 344 868 3692 944; baseline -0.001 -18"><span class='ocrx_word' id='word_1_59' title='bbox 344 896 349 907; x_wconf 91' lang='grc'><strong>·</strong></span> <span class='ocrx_word' id='word_1_60' title='bbox 436 874 665 937; x_wconf 82' lang='grc' dir='ltr'>πόλεως,</span> <span class='ocrx_word' id='word_1_61' title='bbox 698 873 836 944; x_wconf 85' lang='grc' dir='ltr'>μετά</span> <span class='ocrx_word' id='word_1_62' title='bbox 902 873 996 924; x_wconf 70' lang='grc' dir='ltr'>καὶ</span> <span class='ocrx_word' id='word_1_63' title='bbox 1039 872 1316 939; x_wconf 74' lang='grc' dir='ltr'>ἐγγράφου</span> <span class='ocrx_word' id='word_1_64' title='bbox 1349 870 1506 941; x_wconf 80' lang='grc' dir='ltr'>ἡμῶν</span> <span class='ocrx_word' id='word_1_65' title='bbox 1546 872 1861 943; x_wconf 75' lang='grc' dir='ltr'>ἐλευθερίας</span> <span class='ocrx_word' id='word_1_66' title='bbox 1911 872 2005 925; x_wconf 68' lang='grc' dir='ltr'>καὶ</span> <span class='ocrx_word' id='word_1_67' title='bbox 2045 870 2293 934; x_wconf 77' lang='grc' dir='ltr'>ἀτελείας</span> <span class='ocrx_word' id='word_1_68' title='bbox 2320 868 2474 940; x_wconf 83' lang='grc' dir='ltr'>ὑμῶν</span> <span class='ocrx_word' id='word_1_69' title='bbox 2501 887 2561 923; x_wconf 89' lang='grc' dir='ltr'>τε</span> <span class='ocrx_word' id='word_1_70' title='bbox 2592 871 2687 923; x_wconf 73' lang='grc' dir='ltr'>καὶ</span> <span class='ocrx_word' id='word_1_71' title='bbox 2720 869 2829 923; x_wconf 82' lang='grc' dir='ltr'>τῶν</span> <span class='ocrx_word' id='word_1_72' title='bbox 2852 870 3116 938; x_wconf 78' lang='grc' dir='ltr'>πλωϊμων</span> <span class='ocrx_word' id='word_1_73' title='bbox 3170 868 3345 939; x_wconf 84' lang='grc' dir='ltr'>ὑμῶν·</span> <span class='ocrx_word' id='word_1_74' title='bbox 3420 872 3517 923; x_wconf 78' lang='grc' dir='ltr'>καὶ</span> <span class='ocrx_word' id='word_1_75' title='bbox 3554 869 3692 940; x_wconf 73' lang='grc' dir='ltr'>πρὸς</span> 
     </span>
    </p>
   </div>
   <div class='ocr_carea' id='block_1_10' title="bbox 432 960 3692 1035">
    <p class='ocr_par' dir='ltr' id='par_1_10' title="bbox 432 960 3692 1035">
     <span class='ocr_line' id='line_1_10' title="bbox 432 960 3692 1035; baseline -0.002 -19"><span class='ocrx_word' id='word_1_76' title='bbox 432 966 533 1034; x_wconf 85' lang='grc' dir='ltr'>τὴν</span> <span class='ocrx_word' id='word_1_77' title='bbox 565 964 895 1035; x_wconf 86' lang='grc' dir='ltr'>γνησιότητα</span> <span class='ocrx_word' id='word_1_78' title='bbox 944 960 1047 1032; x_wconf 82' lang='grc' dir='ltr'>τῆς</span> <span class='ocrx_word' id='word_1_79' title='bbox 1088 962 1243 1032; x_wconf 82' lang='grc' dir='ltr'>ὑμῶν</span> <span class='ocrx_word' id='word_1_80' title='bbox 1273 962 1489 1026; x_wconf 80' lang='grc' dir='ltr'>εὐνοίας</span> <span class='ocrx_word' id='word_1_81' title='bbox 1513 962 1730 1032; x_wconf 84' lang='grc' dir='ltr'>δίδομεν</span> <span class='ocrx_word' id='word_1_82' title='bbox 1762 964 1891 1032; x_wconf 87' lang='grc' dir='ltr'>ὑμῖν</span> <span class='ocrx_word' id='word_1_83' title='bbox 1917 963 2012 1017; x_wconf 79' lang='grc' dir='ltr'>καὶ</span> <span class='ocrx_word' id='word_1_84' title='bbox 2050 960 2371 1024; x_wconf 76' lang='grc' dir='ltr'>δακτυλίους</span> <span class='ocrx_word' id='word_1_85' title='bbox 2408 960 2644 1031; x_wconf 83' lang='grc' dir='ltr'>χρυσοῦς</span> <span class='ocrx_word' id='word_1_86' title='bbox 2686 960 3057 1023; x_wconf 81' lang='grc' dir='ltr'>ὲκτυποῦντας</span> <span class='ocrx_word' id='word_1_87' title='bbox 3084 963 3182 1024; x_wconf 69' lang='grc' dir='ltr'>τὰς</span> <span class='ocrx_word' id='word_1_88' title='bbox 3252 960 3525 1030; x_wconf 71' lang='grc' dir='ltr'>ἡμετέρας</span> <span class='ocrx_word' id='word_1_89' title='bbox 3602 961 3692 1012; x_wconf 85' lang='grc' dir='ltr'>εὑ-</span> 
     </span>
    </p>
   </div>
   <div class='ocr_carea' id='block_1_11' title="bbox 436 1045 3697 1126">
    <p class='ocr_par' dir='ltr' id='par_1_11' title="bbox 436 1045 3697 1126">
     <span class='ocr_line' id='line_1_11' title="bbox 436 1045 3697 1126; baseline -0.001 -17"><span class='ocrx_word' id='word_1_90' title='bbox 436 1057 615 1119; x_wconf 80' lang='grc' dir='ltr'>σεδεῐς</span> <span class='ocrx_word' id='word_1_91' title='bbox 663 1057 895 1120; x_wconf 81' lang='grc' dir='ltr'>εἰκόνας,</span> <span class='ocrx_word' id='word_1_92' title='bbox 946 1055 1016 1109; x_wconf 85' lang='grc' dir='ltr'>δι’</span> <span class='ocrx_word' id='word_1_93' title='bbox 1054 1048 1131 1108; x_wconf 82' lang='grc' dir='ltr'>ὧν</span> <span class='ocrx_word' id='word_1_94' title='bbox 1180 1055 1281 1117; x_wconf 78' lang='grc' dir='ltr'>τὰς</span> <span class='ocrx_word' id='word_1_95' title='bbox 1314 1054 1456 1108; x_wconf 79' lang='grc' dir='ltr'>κατὰ</span> <span class='ocrx_word' id='word_1_96' title='bbox 1486 1054 1673 1126; x_wconf 79' lang='grc' dir='ltr'>καιρὸν</span> <span class='ocrx_word' id='word_1_97' title='bbox 1699 1054 2000 1125; x_wconf 76' lang='grc' dir='ltr'>μελλούσας</span> <span class='ocrx_word' id='word_1_98' title='bbox 2058 1052 2487 1108; x_wconf 79' lang='grc' dir='ltr'>ἀποστέλλεσθαι</span> <span class='ocrx_word' id='word_1_99' title='bbox 2526 1054 2656 1123; x_wconf 75' lang='grc' dir='ltr'>ἡμῖν</span> <span class='ocrx_word' id='word_1_100' title='bbox 2718 1054 2847 1123; x_wconf 86' lang='grc' dir='ltr'>παρ’</span> <span class='ocrx_word' id='word_1_101' title='bbox 2917 1053 3069 1123; x_wconf 85' lang='grc' dir='ltr'>ὑμῶν</span> <span class='ocrx_word' id='word_1_102' title='bbox 3150 1051 3431 1122; x_wconf 76' lang='grc' dir='ltr'>ἀναφορὰς</span> <span class='ocrx_word' id='word_1_103' title='bbox 3477 1069 3537 1104; x_wconf 90' lang='grc' dir='ltr'>τε</span> <span class='ocrx_word' id='word_1_104' title='bbox 3602 1045 3697 1106; x_wconf 77' lang='grc' dir='ltr'>καὶ</span> 
     </span>
    </p>
   </div>
   <div class='ocr_carea' id='block_1_12' title="bbox 430 1143 2935 1219">
    <p class='ocr_par' dir='ltr' id='par_1_12' title="bbox 430 1143 2935 1219">
     <span class='ocr_line' id='line_1_12' title="bbox 430 1143 2935 1219; baseline -0.002 -17"><span class='ocrx_word' id='word_1_105' title='bbox 430 1148 645 1219; x_wconf 81' lang='grc' dir='ltr'>δεήσεις</span> <span class='ocrx_word' id='word_1_106' title='bbox 670 1144 1067 1218; x_wconf 77' lang='grc' dir='ltr'>σφραγίζοντες</span> <span class='ocrx_word' id='word_1_107' title='bbox 1108 1144 1329 1211; x_wconf 74' lang='grc' dir='ltr'>ταύτας,</span> <span class='ocrx_word' id='word_1_108' title='bbox 1360 1145 1673 1215; x_wconf 85' lang='grc' dir='ltr'>γνωρίμους</span> <span class='ocrx_word' id='word_1_109' title='bbox 1703 1147 1837 1216; x_wconf 77' lang='grc' dir='ltr'>ἡμῖν</span> <span class='ocrx_word' id='word_1_110' title='bbox 1869 1144 2229 1199; x_wconf 82' lang='grc' dir='ltr'>ἀποδείκνυτε</span> <span class='ocrx_word' id='word_1_111' title='bbox 2259 1144 2386 1207; x_wconf 77' lang='grc' dir='ltr'>τοὺς</span> <span class='ocrx_word' id='word_1_112' title='bbox 2415 1143 2624 1196; x_wconf 78' lang='grc' dir='ltr'>ἑαυτῶν</span> <span class='ocrx_word' id='word_1_113' title='bbox 2656 1143 2935 1213; x_wconf 79' lang='grc' dir='ltr'>πρέσϐεις.</span> 
     </span>
    </p>
   </div>
   <div class='ocr_carea' id='block_1_13' title="bbox 502 1241 2019 1311">
    <p class='ocr_par' dir='ltr' id='par_1_13' title="bbox 502 1241 2019 1311">
     <span class='ocr_line' id='line_1_13' title="bbox 502 1241 2019 1311; baseline -0.002 -15"><span class='ocrx_word' id='word_1_114' title='bbox 502 1243 773 1298; x_wconf 65' lang='lat' dir='ltr'><strong>Prmterea</strong></span> <span class='ocrx_word' id='word_1_115' title='bbox 807 1241 1004 1296; x_wconf 88' lang='lat' dir='ltr'><strong>damus</strong></span> <span class='ocrx_word' id='word_1_116' title='bbox 1050 1255 1274 1311; x_wconf 85' lang='lat' dir='ltr'><strong>quoque</strong></span> <span class='ocrx_word' id='word_1_117' title='bbox 1299 1241 1532 1311; x_wconf 78' lang='lat' dir='ltr'><strong>singulis</strong></span> <span class='ocrx_word' id='word_1_118' title='bbox 1578 1242 1736 1297; x_wconf 88' lang='lat' dir='ltr'><strong>annis</strong></span> <span class='ocrx_word' id='word_1_119' title='bbox 1762 1255 2019 1305; x_wconf 86' lang='lat' dir='ltr'><strong>nervum,</strong></span> 
     </span>
    </p>
   </div>
   <div class='ocr_carea' id='block_1_14' title="bbox 431 1331 2003 1403">
    <p class='ocr_par' dir='ltr' id='par_1_14' title="bbox 431 1331 2003 1403">
     <span class='ocr_line' id='line_1_14' title="bbox 431 1331 2003 1403; baseline -0.003 -13"><span class='ocrx_word' id='word_1_120' title='bbox 431 1343 487 1390; x_wconf 92' lang='lat' dir='ltr'>et</span> <span class='ocrx_word' id='word_1_121' title='bbox 516 1334 725 1403; x_wconf 80' lang='lat' dir='ltr'><strong>lignum</strong></span> <span class='ocrx_word' id='word_1_122' title='bbox 740 1340 926 1397; x_wconf 91' lang='lat' dir='ltr'><strong>tenue,</strong></span> <span class='ocrx_word' id='word_1_123' title='bbox 965 1331 1193 1400; x_wconf 83' lang='lat' dir='ltr'><strong>ferrum,</strong></span> <span class='ocrx_word' id='word_1_124' title='bbox 1227 1340 1281 1388; x_wconf 91' lang='lat' dir='ltr'>et</span> <span class='ocrx_word' id='word_1_125' title='bbox 1313 1332 1516 1398; x_wconf 89' lang='lat' dir='ltr'><strong>oleum,</strong></span> <span class='ocrx_word' id='word_1_126' title='bbox 1548 1333 1616 1387; x_wconf 87' lang='lat' dir='ltr'><strong>ad</strong></span> <span class='ocrx_word' id='word_1_127' title='bbox 1678 1332 2003 1388; x_wconf 88' lang='lat' dir='ltr'><strong>balistarum</strong></span> 
     </span>
    </p>
   </div>
   <div class='ocr_carea' id='block_1_15' title="bbox 428 1422 2013 1481">
    <p class='ocr_par' dir='ltr' id='par_1_15' title="bbox 428 1422 2013 1481">
     <span class='ocr_line' id='line_1_15' title="bbox 428 1422 2013 1481; baseline 0.001 -4"><span class='ocrx_word' id='word_1_128' title='bbox 428 1434 738 1481; x_wconf 82' lang='lat' dir='ltr'><strong>vestrarum</strong></span> <span class='ocrx_word' id='word_1_129' title='bbox 780 1422 1178 1479; x_wconf 72' lang='lat' dir='ltr'><strong>coniectionem</strong></span> <span class='ocrx_word' id='word_1_130' title='bbox 1216 1441 1230 1477; x_wconf 91' lang='lat'><strong>:</strong></span> <span class='ocrx_word' id='word_1_131' title='bbox 1266 1422 1393 1478; x_wconf 91' lang='lat' dir='ltr'><strong>item</strong></span> <span class='ocrx_word' id='word_1_132' title='bbox 1430 1424 1485 1478; x_wconf 92' lang='lat' dir='ltr'><strong>in</strong></span> <span class='ocrx_word' id='word_1_133' title='bbox 1517 1423 1773 1479; x_wconf 88' lang='lat' dir='ltr'><strong>alimenta</strong></span> <span class='ocrx_word' id='word_1_134' title='bbox 1829 1438 2013 1479; x_wconf 84' lang='lat' dir='ltr'><strong>anno-</strong></span> 
     </span>
    </p>
   </div>
   <div class='ocr_carea' id='block_1_16' title="bbox 435 1513 2010 1583">
    <p class='ocr_par' dir='ltr' id='par_1_16' title="bbox 435 1513 2010 1583">
     <span class='ocr_line' id='line_1_16' title="bbox 435 1513 2010 1583; baseline -0.002 -13"><span class='ocrx_word' id='word_1_135' title='bbox 435 1532 538 1570; x_wconf 92' lang='lat' dir='ltr'>nas</span> <span class='ocrx_word' id='word_1_136' title='bbox 574 1515 743 1581; x_wconf 82' lang='lat' dir='ltr'><strong>mille,</strong></span> <span class='ocrx_word' id='word_1_137' title='bbox 787 1522 845 1570; x_wconf 91' lang='lat' dir='ltr'>ut</span> <span class='ocrx_word' id='word_1_138' title='bbox 870 1515 994 1571; x_wconf 89' lang='lat' dir='ltr'><strong>sitis</strong></span> <span class='ocrx_word' id='word_1_139' title='bbox 1052 1513 1360 1582; x_wconf 86' lang='lat' dir='ltr'><strong>balistarii;</strong></span> <span class='ocrx_word' id='word_1_140' title='bbox 1446 1528 1585 1583; x_wconf 87' lang='lat' dir='ltr'><strong>quas</strong></span> <span class='ocrx_word' id='word_1_141' title='bbox 1645 1529 1892 1570; x_wconf 84' lang='lat' dir='ltr'><strong>annonas</strong></span> <span class='ocrx_word' id='word_1_142' title='bbox 1954 1522 2010 1568; x_wconf 91' lang='lat' dir='ltr'>et</span> 
     </span>
    </p>
   </div>
   <div class='ocr_carea' id='block_1_17' title="bbox 350 1606 2010 1675">
    <p class='ocr_par' dir='ltr' id='par_1_17' title="bbox 350 1606 2010 1675">
     <span class='ocr_line' id='line_1_17' title="bbox 350 1606 2010 1675; baseline -0.003 -13"><span class='ocrx_word' id='word_1_143' title='bbox 350 1624 355 1627; x_wconf 94' lang='grc'>·</span> <span class='ocrx_word' id='word_1_144' title='bbox 430 1616 625 1662; x_wconf 69' lang='lat' dir='ltr'><strong>caetera</strong></span> <span class='ocrx_word' id='word_1_145' title='bbox 650 1614 915 1663; x_wconf 89' lang='lat' dir='ltr'><strong>consueta</strong></span> <span class='ocrx_word' id='word_1_146' title='bbox 942 1606 1234 1675; x_wconf 86' lang='lat' dir='ltr'><strong>quotannis</strong></span> <span class='ocrx_word' id='word_1_147' title='bbox 1278 1606 1434 1661; x_wconf 81' lang='lat' dir='ltr'><strong>vobis</strong></span> <span class='ocrx_word' id='word_1_148' title='bbox 1459 1606 1738 1662; x_wconf 87' lang='lat' dir='ltr'><strong>mittemus</strong></span> <span class='ocrx_word' id='word_1_149' title='bbox 1761 1607 1814 1660; x_wconf 91' lang='lat' dir='ltr'>in</span> <span class='ocrx_word' id='word_1_150' title='bbox 1840 1606 2010 1661; x_wconf 84' lang='lat' dir='ltr'><strong>Cher-</strong></span> 
     </span>
    </p>
   </div>
   <div class='ocr_carea' id='block_1_18' title="bbox 431 1693 2007 1764">
    <p class='ocr_par' dir='ltr' id='par_1_18' title="bbox 431 1693 2007 1764">
     <span class='ocr_line' id='line_1_18' title="bbox 431 1693 2007 1764; baseline -0.003 -13"><span class='ocrx_word' id='word_1_151' title='bbox 431 1710 645 1751; x_wconf 86' lang='lat' dir='ltr'><strong>sonem.</strong></span> <span class='ocrx_word' id='word_1_152' title='bbox 723 1695 1061 1751; x_wconf 83' lang='lat' dir='ltr'><strong>Chersonitac</strong></span> <span class='ocrx_word' id='word_1_153' title='bbox 1162 1709 1294 1749; x_wconf 91' lang='lat' dir='ltr'><strong>vero</strong></span> <span class='ocrx_word' id='word_1_154' title='bbox 1379 1695 1616 1750; x_wconf 89' lang='lat' dir='ltr'><strong>annonis</strong></span> <span class='ocrx_word' id='word_1_155' title='bbox 1695 1693 2007 1764; x_wconf 85' lang='lat' dir='ltr'><strong>lmjusmodi</strong></span> 
     </span>
    </p>
   </div>
   <div class='ocr_carea' id='block_1_19' title="bbox 431 1781 2006 1853">
    <p class='ocr_par' dir='ltr' id='par_1_19' title="bbox 431 1781 2006 1853">
     <span class='ocr_line' id='line_1_19' title="bbox 431 1781 2006 1853; baseline -0.002 -15"><span class='ocrx_word' id='word_1_156' title='bbox 431 1784 691 1852; x_wconf 77' lang='lat' dir='ltr'><strong>acceptis,</strong></span> <span class='ocrx_word' id='word_1_157' title='bbox 724 1783 866 1837; x_wconf 90' lang='lat' dir='ltr'><strong>inter</strong></span> <span class='ocrx_word' id='word_1_158' title='bbox 894 1797 953 1838; x_wconf 90' lang='lat' dir='ltr'>se</span> <span class='ocrx_word' id='word_1_159' title='bbox 1002 1783 1313 1853; x_wconf 90' lang='lat' dir='ltr'><strong>liberosque</strong></span> <span class='ocrx_word' id='word_1_160' title='bbox 1372 1797 1503 1838; x_wconf 89' lang='lat' dir='ltr'><strong>suos</strong></span> <span class='ocrx_word' id='word_1_161' title='bbox 1528 1783 1800 1839; x_wconf 81' lang='lat' dir='ltr'><strong>divisione</strong></span> <span class='ocrx_word' id='word_1_162' title='bbox 1840 1781 2006 1849; x_wconf 80' lang='lat' dir='ltr'><strong>facta,</strong></span> 
     </span>
    </p>
   </div>
   <div class='ocr_carea' id='block_1_20' title="bbox 2193 1238 3699 1310">
    <p class='ocr_par' dir='ltr' id='par_1_20' title="bbox 2193 1238 3699 1310">
     <span class='ocr_line' id='line_1_20' title="bbox 2193 1238 3699 1310; baseline 0 -17"><span class='ocrx_word' id='word_1_163' title='bbox 2193 1238 2652 1310; x_wconf 85' lang='grc' dir='ltr'>Προσεπιτοὺτοις</span> <span class='ocrx_word' id='word_1_164' title='bbox 2708 1240 2765 1293; x_wconf 82' lang='grc' dir='ltr'>δὲ</span> <span class='ocrx_word' id='word_1_165' title='bbox 2814 1239 3122 1310; x_wconf 77' lang='grc' dir='ltr'>παρέχομεν</span> <span class='ocrx_word' id='word_1_166' title='bbox 3158 1240 3287 1309; x_wconf 85' lang='grc' dir='ltr'>ὑμῖν</span> <span class='ocrx_word' id='word_1_167' title='bbox 3315 1238 3437 1293; x_wconf 76' lang='grc' dir='ltr'>καθ’</span> <span class='ocrx_word' id='word_1_168' title='bbox 3465 1239 3699 1293; x_wconf 77' lang='grc' dir='ltr'>ἕκαστον</span> 
     </span>
    </p>
   </div>
   <div class='ocr_carea' id='block_1_21' title="bbox 2117 1329 3695 1401">
    <p class='ocr_par' dir='ltr' id='par_1_21' title="bbox 2117 1329 3695 1401">
     <span class='ocr_line' id='line_1_21' title="bbox 2117 1329 3695 1401; baseline -0.001 -17"><span class='ocrx_word' id='word_1_169' title='bbox 2117 1330 2236 1394; x_wconf 77' lang='grc' dir='ltr'>ἔτος</span> <span class='ocrx_word' id='word_1_170' title='bbox 2267 1330 2457 1399; x_wconf 77' lang='grc' dir='ltr'>νεῦρόν</span> <span class='ocrx_word' id='word_1_171' title='bbox 2503 1347 2563 1383; x_wconf 88' lang='grc' dir='ltr'>τε</span> <span class='ocrx_word' id='word_1_172' title='bbox 2593 1331 2687 1383; x_wconf 73' lang='grc' dir='ltr'>καὶ</span> <span class='ocrx_word' id='word_1_173' title='bbox 2734 1330 2990 1395; x_wconf 77' lang='grc' dir='ltr'>κάναόον,</span> <span class='ocrx_word' id='word_1_174' title='bbox 3024 1330 3243 1401; x_wconf 87' lang='grc' dir='ltr'>σίδηρόν</span> <span class='ocrx_word' id='word_1_175' title='bbox 3269 1346 3328 1382; x_wconf 89' lang='grc' dir='ltr'>τε</span> <span class='ocrx_word' id='word_1_176' title='bbox 3361 1329 3456 1382; x_wconf 73' lang='grc' dir='ltr'>καὶ</span> <span class='ocrx_word' id='word_1_177' title='bbox 3491 1330 3695 1394; x_wconf 78' lang='grc' dir='ltr'>ἔλαιον,</span> 
     </span>
    </p>
   </div>
   <div class='ocr_carea' id='block_1_22' title="bbox 2115 1418 3695 1492">
    <p class='ocr_par' dir='ltr' id='par_1_22' title="bbox 2115 1418 3695 1492">
     <span class='ocr_line' id='line_1_22' title="bbox 2115 1418 3695 1492; baseline -0.001 -18"><span class='ocrx_word' id='word_1_178' title='bbox 2115 1421 2254 1492; x_wconf 85' lang='grc' dir='ltr'>ὑπὲρ</span> <span class='ocrx_word' id='word_1_179' title='bbox 2287 1421 2639 1490; x_wconf 81' lang='grc' dir='ltr'>κατασκευῆς</span> <span class='ocrx_word' id='word_1_180' title='bbox 2662 1419 2772 1474; x_wconf 83' lang='grc' dir='ltr'>τῶν</span> <span class='ocrx_word' id='word_1_181' title='bbox 2807 1420 3114 1491; x_wconf 83' lang='grc' dir='ltr'>βαλιστρῶν</span> <span class='ocrx_word' id='word_1_182' title='bbox 3140 1419 3317 1488; x_wconf 78' lang='grc' dir='ltr'>ὑμῶν·</span> <span class='ocrx_word' id='word_1_183' title='bbox 3348 1419 3444 1472; x_wconf 78' lang='grc' dir='ltr'>καὶ</span> <span class='ocrx_word' id='word_1_184' title='bbox 3474 1418 3695 1489; x_wconf 85' lang='grc' dir='ltr'>δίδομεν</span> 
     </span>
    </p>
   </div>
   <div class='ocr_carea' id='block_1_23' title="bbox 2114 1504 3698 1583">
    <p class='ocr_par' dir='ltr' id='par_1_23' title="bbox 2114 1504 3698 1583">
     <span class='ocr_line' id='line_1_23' title="bbox 2114 1504 3698 1583; baseline -0.001 -17"><span class='ocrx_word' id='word_1_185' title='bbox 2114 1514 2244 1583; x_wconf 84' lang='grc' dir='ltr'>ὑμῖν</span> <span class='ocrx_word' id='word_1_186' title='bbox 2270 1512 2407 1583; x_wconf 71' lang='grc' dir='ltr'>πρὸς</span> <span class='ocrx_word' id='word_1_187' title='bbox 2457 1510 2771 1582; x_wconf 81' lang='grc' dir='ltr'>ἀποτροφὴν</span> <span class='ocrx_word' id='word_1_188' title='bbox 2827 1511 2983 1581; x_wconf 84' lang='grc' dir='ltr'>ὑμῶν</span> <span class='ocrx_word' id='word_1_189' title='bbox 3030 1510 3208 1581; x_wconf 89' lang='grc' dir='ltr'>χιλίας</span> <span class='ocrx_word' id='word_1_190' title='bbox 3247 1510 3496 1575; x_wconf 80' lang='grc' dir='ltr'>ἀννόνας,</span> <span class='ocrx_word' id='word_1_191' title='bbox 3530 1511 3615 1579; x_wconf 78' lang='grc' dir='ltr'>ἐφ’</span> <span class='ocrx_word' id='word_1_192' title='bbox 3648 1504 3698 1580; x_wconf 81' lang='grc' dir='ltr'>ᾧ</span> 
     </span>
    </p>
   </div>
   <div class='ocr_carea' id='block_1_24' title="bbox 2111 1599 3697 1673">
    <p class='ocr_par' dir='ltr' id='par_1_24' title="bbox 2111 1599 3697 1673">
     <span class='ocr_line' id='line_1_24' title="bbox 2111 1599 3697 1673; baseline -0.001 -18"><span class='ocrx_word' id='word_1_193' title='bbox 2111 1621 2171 1657; x_wconf 89' lang='grc' dir='ltr'>τε</span> <span class='ocrx_word' id='word_1_194' title='bbox 2198 1599 2336 1657; x_wconf 80' lang='grc' dir='ltr'>εἶναι</span> <span class='ocrx_word' id='word_1_195' title='bbox 2359 1603 2503 1672; x_wconf 80' lang='grc' dir='ltr'>ὑμᾶς</span> <span class='ocrx_word' id='word_1_196' title='bbox 2530 1601 2916 1673; x_wconf 83' lang='grc' dir='ltr'>βαλισταρίους</span> <span class='ocrx_word' id='word_1_197' title='bbox 2938 1600 3259 1672; x_wconf 88' lang='grc' dir='ltr'>λεγόμενον,</span> <span class='ocrx_word' id='word_1_198' title='bbox 3280 1599 3354 1664; x_wconf 85' lang='grc' dir='ltr'>ὡς</span> <span class='ocrx_word' id='word_1_199' title='bbox 3379 1600 3479 1664; x_wconf 79' lang='grc' dir='ltr'>τὰς</span> <span class='ocrx_word' id='word_1_200' title='bbox 3507 1601 3697 1655; x_wconf 80' lang='grc' dir='ltr'>τοιαύ-</span> 
     </span>
    </p>
   </div>
   <div class='ocr_carea' id='block_1_25' title="bbox 2110 1692 3697 1766">
    <p class='ocr_par' dir='ltr' id='par_1_25' title="bbox 2110 1692 3697 1766">
     <span class='ocr_line' id='line_1_25' title="bbox 2110 1692 3697 1766; baseline -0.001 -17"><span class='ocrx_word' id='word_1_201' title='bbox 2110 1712 2210 1759; x_wconf 85' lang='grc' dir='ltr'>τας</span> <span class='ocrx_word' id='word_1_202' title='bbox 2255 1697 2497 1766; x_wconf 82' lang='grc' dir='ltr'>σιτήσεις</span> <span class='ocrx_word' id='word_1_203' title='bbox 2530 1711 2588 1747; x_wconf 90' lang='grc' dir='ltr'>τε</span> <span class='ocrx_word' id='word_1_204' title='bbox 2638 1696 2733 1747; x_wconf 75' lang='grc' dir='ltr'>καὶ</span> <span class='ocrx_word' id='word_1_205' title='bbox 2760 1692 3049 1765; x_wconf 82' lang='grc' dir='ltr'>συνηθείας</span> <span class='ocrx_word' id='word_1_206' title='bbox 3087 1692 3271 1757; x_wconf 85' lang='grc' dir='ltr'>πάσας</span> <span class='ocrx_word' id='word_1_207' title='bbox 3308 1693 3432 1747; x_wconf 87' lang='grc' dir='ltr'>καθ’</span> <span class='ocrx_word' id='word_1_208' title='bbox 3461 1694 3697 1747; x_wconf 75' lang='grc' dir='ltr'>ἕκαστον</span> 
     </span>
    </p>
   </div>
   <div class='ocr_carea' id='block_1_26' title="bbox 2111 1782 3698 1854">
    <p class='ocr_par' dir='ltr' id='par_1_26' title="bbox 2111 1782 3698 1854">
     <span class='ocr_line' id='line_1_26' title="bbox 2111 1782 3698 1854; baseline 0.001 -18"><span class='ocrx_word' id='word_1_209' title='bbox 2111 1783 2230 1847; x_wconf 75' lang='grc' dir='ltr'>ἔτος</span> <span class='ocrx_word' id='word_1_210' title='bbox 2256 1784 2363 1838; x_wconf 84' lang='grc' dir='ltr'>τῶν</span> <span class='ocrx_word' id='word_1_211' title='bbox 2389 1784 2638 1838; x_wconf 81' lang='grc' dir='ltr'>ἐντεῦθεν</span> <span class='ocrx_word' id='word_1_212' title='bbox 2680 1783 2946 1854; x_wconf 87' lang='grc' dir='ltr'>μέλλομεν</span> <span class='ocrx_word' id='word_1_213' title='bbox 2993 1783 3123 1854; x_wconf 82' lang='grc' dir='ltr'>ὑμῖν</span> <span class='ocrx_word' id='word_1_214' title='bbox 3157 1782 3509 1836; x_wconf 82' lang='grc' dir='ltr'>ἀποστέλλειν</span> <span class='ocrx_word' id='word_1_215' title='bbox 3549 1783 3698 1838; x_wconf 76' lang='grc' dir='ltr'>κατὰ</span> 
     </span>
    </p>
   </div>
   <div class='ocr_carea' id='block_1_27' title="bbox 431 1866 2001 1945">
    <p class='ocr_par' dir='ltr' id='par_1_27' title="bbox 431 1873 2001 1945">
     <span class='ocr_line' id='line_1_27' title="bbox 431 1873 2001 1945; baseline -0.002 -15"><span class='ocrx_word' id='word_1_216' title='bbox 431 1888 723 1930; x_wconf 80' lang='lat' dir='ltr'><strong>numerum</strong></span> <span class='ocrx_word' id='word_1_217' title='bbox 755 1874 1209 1941; x_wconf 89' lang='lat' dir='ltr'><strong>constituerunt;</strong></span> <span class='ocrx_word' id='word_1_218' title='bbox 1261 1885 1549 1945; x_wconf 84' lang='lat' dir='ltr'><strong>propterea</strong></span> <span class='ocrx_word' id='word_1_219' title='bbox 1588 1888 1767 1944; x_wconf 87' lang='lat' dir='ltr'><strong>usque</strong></span> <span class='ocrx_word' id='word_1_220' title='bbox 1797 1873 1864 1927; x_wconf 86' lang='lat' dir='ltr'><strong>ad</strong></span> <span class='ocrx_word' id='word_1_221' title='bbox 1903 1874 2001 1928; x_wconf 85' lang='lat' dir='ltr'><strong>ho-</strong></span> 
     </span>
    </p>
   </div>
   <div class='ocr_carea' id='block_1_28' title="bbox 2104 1866 3696 1945">
    <p class='ocr_par' dir='ltr' id='par_1_28' title="bbox 2106 1872 3696 1945">
     <span class='ocr_line' id='line_1_28' title="bbox 2106 1872 3696 1945; baseline -0.002 -17"><span class='ocrx_word' id='word_1_222' title='bbox 2106 1875 2206 1943; x_wconf 84' lang='grc' dir='ltr'>τὴν</span> <span class='ocrx_word' id='word_1_223' title='bbox 2261 1874 2643 1945; x_wconf 86' lang='grc' dir='ltr'>Χερσωνιτῶν.</span> <span class='ocrx_word' id='word_1_224' title='bbox 2690 1873 2755 1926; x_wconf 81' lang='grc' dir='ltr'><strong>Οἱ</strong></span> <span class='ocrx_word' id='word_1_225' title='bbox 2802 1873 2858 1926; x_wconf 84' lang='grc' dir='ltr'>δὲ</span> <span class='ocrx_word' id='word_1_226' title='bbox 2903 1873 3245 1944; x_wconf 84' lang='grc' dir='ltr'>Χερσωνῖται</span> <span class='ocrx_word' id='word_1_227' title='bbox 3298 1872 3398 1936; x_wconf 68' lang='grc' dir='ltr'>τὰς</span> <span class='ocrx_word' id='word_1_228' title='bbox 3434 1872 3696 1936; x_wconf 82' lang='grc' dir='ltr'>τοιαύτας</span> 
     </span>
    </p>
   </div>
   <div class='ocr_carea' id='block_1_29' title="bbox 430 1967 2004 2039">
    <p class='ocr_par' dir='ltr' id='par_1_29' title="bbox 430 1967 2004 2039">
     <span class='ocr_line' id='line_1_29' title="bbox 430 1967 2004 2039; baseline -0.001 -17"><span class='ocrx_word' id='word_1_229' title='bbox 430 1968 678 2022; x_wconf 85' lang='lat' dir='ltr'><strong>diernam</strong></span> <span class='ocrx_word' id='word_1_230' title='bbox 703 1967 847 2022; x_wconf 90' lang='lat' dir='ltr'><strong>diem</strong></span> <span class='ocrx_word' id='word_1_231' title='bbox 904 1967 1150 2038; x_wconf 90' lang='lat' dir='ltr'><strong>ipsorum</strong></span> <span class='ocrx_word' id='word_1_232' title='bbox 1188 1968 1283 2023; x_wconf 83' lang='lat' dir='ltr'><strong>lilii</strong></span> <span class='ocrx_word' id='word_1_233' title='bbox 1319 1968 1387 2024; x_wconf 89' lang='lat' dir='ltr'><strong>ad</strong></span> <span class='ocrx_word' id='word_1_234' title='bbox 1421 1976 1639 2039; x_wconf 90' lang='lat' dir='ltr'><strong>patrum</strong></span> <span class='ocrx_word' id='word_1_235' title='bbox 1695 1982 1920 2023; x_wconf 90' lang='lat' dir='ltr'><strong>suorum</strong></span> <span class='ocrx_word' id='word_1_236' title='bbox 1952 1967 2004 2021; x_wconf 92' lang='lat' dir='ltr'><strong>in</strong></span> 
     </span>
    </p>
   </div>
   <div class='ocr_carea' id='block_1_30' title="bbox 428 2059 2007 2129">
    <p class='ocr_par' dir='ltr' id='par_1_30' title="bbox 428 2059 2007 2129">
     <span class='ocr_line' id='line_1_30' title="bbox 428 2059 2007 2129; baseline -0.002 -14"><span class='ocrx_word' id='word_1_237' title='bbox 428 2059 674 2115; x_wconf 73' lang='lat' dir='ltr'><strong>exercitu</strong></span> <span class='ocrx_word' id='word_1_238' title='bbox 716 2059 1179 2129; x_wconf 90' lang='lat' dir='ltr'><strong>complementum</strong></span> <span class='ocrx_word' id='word_1_239' title='bbox 1259 2059 1315 2114; x_wconf 90' lang='lat' dir='ltr'><strong>in</strong></span> <span class='ocrx_word' id='word_1_240' title='bbox 1359 2075 1589 2116; x_wconf 89' lang='lat' dir='ltr'><strong>numero</strong></span> <span class='ocrx_word' id='word_1_241' title='bbox 1640 2059 1868 2114; x_wconf 81' lang='lat' dir='ltr'><strong>militum</strong></span> <span class='ocrx_word' id='word_1_242' title='bbox 1918 2074 2007 2113; x_wconf 80' lang='lat' dir='ltr'>re-</span> 
     </span>
    </p>
   </div>
   <div class='ocr_carea' id='block_1_31' title="bbox 428 2146 2006 2219">
    <p class='ocr_par' dir='ltr' id='par_1_31' title="bbox 428 2146 2006 2219">
     <span class='ocr_line' id='line_1_31' title="bbox 428 2146 2006 2219; baseline 0 -17"><span class='ocrx_word' id='word_1_243' title='bbox 428 2156 746 2204; x_wconf 87' lang='lat' dir='ltr'><strong>censentur.</strong></span> <span class='ocrx_word' id='word_1_244' title='bbox 795 2146 973 2218; x_wconf 82' lang='lat' dir='ltr'><strong>Atque</strong></span> <span class='ocrx_word' id='word_1_245' title='bbox 996 2148 1100 2204; x_wconf 87' lang='lat' dir='ltr'>hoc</span> <span class='ocrx_word' id='word_1_246' title='bbox 1120 2157 1283 2219; x_wconf 82' lang='lat' dir='ltr'><strong>pacto</strong></span> <span class='ocrx_word' id='word_1_247' title='bbox 1299 2157 1429 2204; x_wconf 92' lang='lat' dir='ltr'><strong>tunc</strong></span> <span class='ocrx_word' id='word_1_248' title='bbox 1453 2148 1715 2219; x_wconf 88' lang='lat' dir='ltr'><strong>temporis</strong></span> <span class='ocrx_word' id='word_1_249' title='bbox 1739 2146 2006 2216; x_wconf 80' lang='lat' dir='ltr'><strong>Diogenes</strong></span> 
     </span>
    </p>
   </div>
   <div class='ocr_carea' id='block_1_32' title="bbox 427 2237 2005 2310">
    <p class='ocr_par' dir='ltr' id='par_1_32' title="bbox 427 2237 2005 2310">
     <span class='ocr_line' id='line_1_32' title="bbox 427 2237 2005 2310; baseline -0.002 -16"><span class='ocrx_word' id='word_1_250' title='bbox 427 2247 484 2295; x_wconf 90' lang='lat' dir='ltr'>et</span> <span class='ocrx_word' id='word_1_251' title='bbox 509 2240 602 2309; x_wconf 90' lang='lat' dir='ltr'>qui</span> <span class='ocrx_word' id='word_1_252' title='bbox 634 2253 756 2294; x_wconf 89' lang='lat' dir='ltr'><strong>eum</strong></span> <span class='ocrx_word' id='word_1_253' title='bbox 795 2240 918 2310; x_wconf 90' lang='lat' dir='ltr'><strong>ipso</strong></span> <span class='ocrx_word' id='word_1_254' title='bbox 973 2250 1280 2295; x_wconf 88' lang='lat' dir='ltr'><strong>commeatu</strong></span> <span class='ocrx_word' id='word_1_255' title='bbox 1332 2254 1397 2295; x_wconf 91' lang='lat' dir='ltr'>ac</span> <span class='ocrx_word' id='word_1_256' title='bbox 1432 2238 1758 2295; x_wconf 88' lang='lat' dir='ltr'><strong>muneribus</strong></span> <span class='ocrx_word' id='word_1_257' title='bbox 1789 2253 1819 2292; x_wconf 91' lang='lat' dir='ltr'>a</span> <span class='ocrx_word' id='word_1_258' title='bbox 1861 2237 2005 2293; x_wconf 86' lang='lat' dir='ltr'><strong>Con-</strong></span> 
     </span>
    </p>
   </div>
   <div class='ocr_carea' id='block_1_33' title="bbox 429 2329 2000 2402">
    <p class='ocr_par' dir='ltr' id='par_1_33' title="bbox 429 2329 2000 2402">
     <span class='ocr_line' id='line_1_33' title="bbox 429 2329 2000 2402; baseline -0.001 -18"><span class='ocrx_word' id='word_1_259' title='bbox 429 2332 670 2385; x_wconf 89' lang='lat' dir='ltr'><strong>stantino</strong></span> <span class='ocrx_word' id='word_1_260' title='bbox 700 2329 792 2385; x_wconf 85' lang='lat' dir='ltr'>Dei</span> <span class='ocrx_word' id='word_1_261' title='bbox 828 2331 1205 2386; x_wconf 89' lang='lat' dir='ltr'><strong>amantissimo</strong></span> <span class='ocrx_word' id='word_1_262' title='bbox 1267 2331 1602 2402; x_wconf 87' lang='lat' dir='ltr'><strong>imperatore</strong></span> <span class='ocrx_word' id='word_1_263' title='bbox 1644 2330 1921 2396; x_wconf 87' lang='lat' dir='ltr'><strong>instructi,</strong></span> <span class='ocrx_word' id='word_1_264' title='bbox 1948 2330 2000 2383; x_wconf 91' lang='lat' dir='ltr'><strong>in</strong></span> 
     </span>
    </p>
   </div>
   <div class='ocr_carea' id='block_1_34' title="bbox 427 2421 2000 2485">
    <p class='ocr_par' dir='ltr' id='par_1_34' title="bbox 427 2421 2000 2485">
     <span class='ocr_line' id='line_1_34' title="bbox 427 2421 2000 2485; baseline -0.003 -10"><span class='ocrx_word' id='word_1_265' title='bbox 427 2432 630 2475; x_wconf 86' lang='lat' dir='ltr'><strong>terram</strong></span> <span class='ocrx_word' id='word_1_266' title='bbox 660 2436 815 2475; x_wconf 76' lang='lat' dir='ltr'><strong>suam</strong></span> <span class='ocrx_word' id='word_1_267' title='bbox 843 2423 1048 2477; x_wconf 81' lang='lat' dir='ltr'><strong>reversi</strong></span> <span class='ocrx_word' id='word_1_268' title='bbox 1088 2429 1240 2485; x_wconf 90' lang='lat' dir='ltr'><strong>sunt,</strong></span> <span class='ocrx_word' id='word_1_269' title='bbox 1297 2421 1516 2477; x_wconf 89' lang='lat' dir='ltr'><strong>divinos</strong></span> <span class='ocrx_word' id='word_1_270' title='bbox 1544 2422 1781 2477; x_wconf 87' lang='lat' dir='ltr'><strong>honores</strong></span> <span class='ocrx_word' id='word_1_271' title='bbox 1815 2435 2000 2476; x_wconf 85' lang='lat' dir='ltr'><strong>secum</strong></span> 
     </span>
    </p>
   </div>
   <div class='ocr_carea' id='block_1_35' title="bbox 427 2512 2000 2583">
    <p class='ocr_par' dir='ltr' id='par_1_35' title="bbox 427 2512 2000 2583">
     <span class='ocr_line' id='line_1_35' title="bbox 427 2512 2000 2583; baseline -0.001 -16"><span class='ocrx_word' id='word_1_272' title='bbox 427 2514 687 2569; x_wconf 73' lang='lat' dir='ltr'><strong>ferentes.</strong></span> <span class='ocrx_word' id='word_1_273' title='bbox 718 2514 894 2568; x_wconf 81' lang='lat' dir='ltr'><strong>Annis</strong></span> <span class='ocrx_word' id='word_1_274' title='bbox 965 2529 1097 2570; x_wconf 90' lang='lat' dir='ltr'><strong>vero</strong></span> <span class='ocrx_word' id='word_1_275' title='bbox 1159 2513 1370 2583; x_wconf 84' lang='lat' dir='ltr'><strong>aliquot</strong></span> <span class='ocrx_word' id='word_1_276' title='bbox 1440 2522 1586 2583; x_wconf 87' lang='lat' dir='ltr'><strong>post,</strong></span> <span class='ocrx_word' id='word_1_277' title='bbox 1635 2512 2000 2568; x_wconf 88' lang='lat' dir='ltr'><strong>Sauromatus</strong></span> 
     </span>
    </p>
   </div>
   <div class='ocr_carea' id='block_1_36' title="bbox 427 2600 2003 2675">
    <p class='ocr_par' dir='ltr' id='par_1_36' title="bbox 427 2600 2003 2675">
     <span class='ocr_line' id='line_1_36' title="bbox 427 2600 2003 2675; baseline -0.003 -14"><span class='ocrx_word' id='word_1_278' title='bbox 427 2606 737 2661; x_wconf 85' lang='lat' dir='ltr'><strong>Sauromati</strong></span> <span class='ocrx_word' id='word_1_279' title='bbox 792 2605 1131 2671; x_wconf 83' lang='lat' dir='ltr'><strong>Criscoroni,</strong></span> <span class='ocrx_word' id='word_1_280' title='bbox 1205 2605 1297 2675; x_wconf 89' lang='lat' dir='ltr'>qui</span> <span class='ocrx_word' id='word_1_281' title='bbox 1344 2602 1596 2659; x_wconf 82' lang='lat' dir='ltr'><strong>Lazicam</strong></span> <span class='ocrx_word' id='word_1_282' title='bbox 1672 2602 1813 2659; x_wconf 86' lang='lat' dir='ltr'><strong>bello</strong></span> <span class='ocrx_word' id='word_1_283' title='bbox 1867 2600 2003 2657; x_wconf 83' lang='lat' dir='ltr'><strong>infe-</strong></span> 
     </span>
    </p>
   </div>
   <div class='ocr_carea' id='block_1_37' title="bbox 424 2693 2001 2767">
    <p class='ocr_par' dir='ltr' id='par_1_37' title="bbox 424 2693 2001 2767">
     <span class='ocr_line' id='line_1_37' title="bbox 424 2693 2001 2767; baseline -0.006 -12"><span class='ocrx_word' id='word_1_284' title='bbox 424 2708 686 2762; x_wconf 87' lang='lat' dir='ltr'><strong>staverat,</strong></span> <span class='ocrx_word' id='word_1_285' title='bbox 748 2712 945 2767; x_wconf 86' lang='lat' dir='ltr'><strong>nepos,</strong></span> <span class='ocrx_word' id='word_1_286' title='bbox 1001 2697 1234 2751; x_wconf 84' lang='lat' dir='ltr'><strong>collecto</strong></span> <span class='ocrx_word' id='word_1_287' title='bbox 1270 2700 1339 2751; x_wconf 90' lang='lat' dir='ltr'>ad</span> <span class='ocrx_word' id='word_1_288' title='bbox 1390 2695 1693 2751; x_wconf 64' lang='lat' dir='ltr'><strong>Maeotidem</strong></span> <span class='ocrx_word' id='word_1_289' title='bbox 1743 2693 2001 2765; x_wconf 83' lang='lat' dir='ltr'><strong>paludem</strong></span> 
     </span>
    </p>
   </div>
   <div class='ocr_carea' id='block_1_38' title="bbox 425 2785 2003 2855">
    <p class='ocr_par' dir='ltr' id='par_1_38' title="bbox 425 2785 2003 2855">
     <span class='ocr_line' id='line_1_38' title="bbox 425 2785 2003 2855; baseline -0.003 -13"><span class='ocrx_word' id='word_1_290' title='bbox 425 2789 598 2843; x_wconf 87' lang='lat' dir='ltr'><strong>milite</strong></span> <span class='ocrx_word' id='word_1_291' title='bbox 625 2798 818 2843; x_wconf 87' lang='lat' dir='ltr'><strong>contra</strong></span> <span class='ocrx_word' id='word_1_292' title='bbox 866 2788 1223 2843; x_wconf 87' lang='lat' dir='ltr'><strong>Cbcrsonitas</strong></span> <span class='ocrx_word' id='word_1_293' title='bbox 1271 2788 1463 2853; x_wconf 89' lang='lat' dir='ltr'><strong>movit,</strong></span> <span class='ocrx_word' id='word_1_294' title='bbox 1492 2785 1773 2855; x_wconf 72' lang='lat' dir='ltr'><strong>iniuriam,</strong></span> <span class='ocrx_word' id='word_1_295' title='bbox 1814 2791 1874 2839; x_wconf 91' lang='lat' dir='ltr'>ut</span> <span class='ocrx_word' id='word_1_296' title='bbox 1918 2785 2003 2837; x_wconf 88' lang='lat' dir='ltr'><strong>in-</strong></span> 
     </span>
    </p>
   </div>
   <div class='ocr_carea' id='block_1_39' title="bbox 424 2874 1993 2948">
    <p class='ocr_par' dir='ltr' id='par_1_39' title="bbox 424 2874 1993 2948">
     <span class='ocr_line' id='line_1_39' title="bbox 424 2874 1993 2948; baseline 0 -20"><span class='ocrx_word' id='word_1_297' title='bbox 424 2879 665 2948; x_wconf 81' lang='lat' dir='ltr'><strong>quiebat,</strong></span> <span class='ocrx_word' id='word_1_298' title='bbox 702 2878 1042 2947; x_wconf 84' lang='lat' dir='ltr'><strong>captivitatis</strong></span> <span class='ocrx_word' id='word_1_299' title='bbox 1091 2877 1178 2931; x_wconf 86' lang='lat' dir='ltr'>avi</span> <span class='ocrx_word' id='word_1_300' title='bbox 1235 2878 1345 2944; x_wconf 84' lang='lat' dir='ltr'><strong>sui,</strong></span> <span class='ocrx_word' id='word_1_301' title='bbox 1373 2892 1492 2947; x_wconf 57' lang='lat' dir='ltr'><strong>quas</strong></span> <span class='ocrx_word' id='word_1_302' title='bbox 1518 2876 1858 2931; x_wconf 89' lang='lat' dir='ltr'><strong>Diocletiano</strong></span> <span class='ocrx_word' id='word_1_303' title='bbox 1884 2874 1993 2929; x_wconf 89' lang='lat' dir='ltr'>im-</span> 
     </span>
    </p>
   </div>
   <div class='ocr_carea' id='block_1_40' title="bbox 427 2964 2003 3038">
    <p class='ocr_par' dir='ltr' id='par_1_40' title="bbox 427 2964 2003 3038">
     <span class='ocr_line' id='line_1_40' title="bbox 427 2964 2003 3038; baseline -0.003 -15"><span class='ocrx_word' id='word_1_304' title='bbox 427 2977 651 3038; x_wconf 80' lang='lat' dir='ltr'><strong>perante</strong></span> <span class='ocrx_word' id='word_1_305' title='bbox 677 2969 892 3034; x_wconf 84' lang='lat' dir='ltr'><strong>accidit,</strong></span> <span class='ocrx_word' id='word_1_306' title='bbox 985 2967 1199 3022; x_wconf 87' lang='lat' dir='ltr'><strong>ulturus</strong></span> <span class='ocrx_word' id='word_1_307' title='bbox 1228 2985 1243 3022; x_wconf 89' lang='lat'><strong>:</strong></span> <span class='ocrx_word' id='word_1_308' title='bbox 1287 2983 1395 3038; x_wconf 89' lang='lat' dir='ltr'>qua</span> <span class='ocrx_word' id='word_1_309' title='bbox 1417 2982 1476 3023; x_wconf 90' lang='lat' dir='ltr'>re</span> <span class='ocrx_word' id='word_1_310' title='bbox 1532 2967 1811 3022; x_wconf 88' lang='lat' dir='ltr'><strong>intellecta</strong></span> <span class='ocrx_word' id='word_1_311' title='bbox 1832 2964 2003 3021; x_wconf 81' lang='lat' dir='ltr'><strong>Clter-</strong></span> 
     </span>
    </p>
   </div>
   <div class='ocr_carea' id='block_1_41' title="bbox 424 3058 2001 3129">
    <p class='ocr_par' dir='ltr' id='par_1_41' title="bbox 424 3058 2001 3129">
     <span class='ocr_line' id='line_1_41' title="bbox 424 3058 2001 3129; baseline -0.003 -14"><span class='ocrx_word' id='word_1_312' title='bbox 424 3062 639 3124; x_wconf 66' lang='lat' dir='ltr'><strong>sonitaa,</strong></span> <span class='ocrx_word' id='word_1_313' title='bbox 725 3061 816 3129; x_wconf 87' lang='lat' dir='ltr'>qui</span> <span class='ocrx_word' id='word_1_314' title='bbox 902 3058 1204 3128; x_wconf 91' lang='lat' dir='ltr'><strong>principem</strong></span> <span class='ocrx_word' id='word_1_315' title='bbox 1275 3073 1340 3113; x_wconf 91' lang='lat' dir='ltr'>ac</span> <span class='ocrx_word' id='word_1_316' title='bbox 1411 3064 1792 3128; x_wconf 85' lang='lat' dir='ltr'><strong>prOteuontem</strong></span> <span class='ocrx_word' id='word_1_317' title='bbox 1867 3064 2001 3111; x_wconf 90' lang='lat' dir='ltr'><strong>tunc</strong></span> 
     </span>
    </p>
   </div>
   <div class='ocr_carea' id='block_1_42' title="bbox 424 3147 1999 3221">
    <p class='ocr_par' dir='ltr' id='par_1_42' title="bbox 424 3147 1999 3221">
     <span class='ocr_line' id='line_1_42' title="bbox 424 3147 1999 3221; baseline -0.002 -16"><span class='ocrx_word' id='word_1_318' title='bbox 424 3150 686 3221; x_wconf 86' lang='lat' dir='ltr'><strong>temporis</strong></span> <span class='ocrx_word' id='word_1_319' title='bbox 715 3150 991 3205; x_wconf 81' lang='lat' dir='ltr'><strong>habebant</strong></span> <span class='ocrx_word' id='word_1_320' title='bbox 1030 3148 1265 3220; x_wconf 88' lang='lat' dir='ltr'><strong>Byscum</strong></span> <span class='ocrx_word' id='word_1_321' title='bbox 1300 3149 1581 3220; x_wconf 77' lang='lat' dir='ltr'><strong>Supoliclti</strong></span> <span class='ocrx_word' id='word_1_322' title='bbox 1613 3148 1803 3216; x_wconf 76' lang='lat' dir='ltr'><strong>(ilium,</strong></span> <span class='ocrx_word' id='word_1_323' title='bbox 1831 3147 1999 3202; x_wconf 88' lang='lat' dir='ltr'><strong>armis</strong></span> 
     </span>
    </p>
   </div>
   <div class='ocr_carea' id='block_1_43' title="bbox 424 3239 2001 3311">
    <p class='ocr_par' dir='ltr' id='par_1_43' title="bbox 424 3239 2001 3311">
     <span class='ocr_line' id='line_1_43' title="bbox 424 3239 2001 3311; baseline -0.002 -15"><span class='ocrx_word' id='word_1_324' title='bbox 424 3241 794 3311; x_wconf 87' lang='lat' dir='ltr'><strong>quoqueipsi</strong></span> <span class='ocrx_word' id='word_1_325' title='bbox 859 3242 1096 3311; x_wconf 78' lang='lat' dir='ltr'><strong>sumptis</strong></span> <span class='ocrx_word' id='word_1_326' title='bbox 1160 3242 1381 3296; x_wconf 85' lang='lat' dir='ltr'><strong>obviam</strong></span> <span class='ocrx_word' id='word_1_327' title='bbox 1460 3240 1510 3295; x_wconf 88' lang='lat' dir='ltr'>ei</span> <span class='ocrx_word' id='word_1_328' title='bbox 1570 3239 1701 3295; x_wconf 79' lang='lat' dir='ltr'><strong>facti</strong></span> <span class='ocrx_word' id='word_1_329' title='bbox 1762 3246 1894 3295; x_wconf 89' lang='lat' dir='ltr'><strong>sunt</strong></span> <span class='ocrx_word' id='word_1_330' title='bbox 1945 3239 2001 3294; x_wconf 91' lang='lat' dir='ltr'><strong>in</strong></span> 
     </span>
    </p>
   </div>
   <div class='ocr_carea' id='block_1_44' title="bbox 425 3326 2002 3400">
    <p class='ocr_par' dir='ltr' id='par_1_44' title="bbox 425 3326 2002 3400">
     <span class='ocr_line' id='line_1_44' title="bbox 425 3326 2002 3400; baseline 0.001 -18"><span class='ocrx_word' id='word_1_331' title='bbox 425 3330 560 3384; x_wconf 80' lang='lat' dir='ltr'><strong>locis</strong></span> <span class='ocrx_word' id='word_1_332' title='bbox 642 3327 824 3399; x_wconf 72' lang='lat' dir='ltr'><strong>Caplla</strong></span> <span class='ocrx_word' id='word_1_333' title='bbox 902 3328 1255 3398; x_wconf 86' lang='lat' dir='ltr'><strong>nuncupatis,</strong></span> <span class='ocrx_word' id='word_1_334' title='bbox 1329 3329 1576 3400; x_wconf 89' lang='lat' dir='ltr'><strong>initoque</strong></span> <span class='ocrx_word' id='word_1_335' title='bbox 1638 3330 1854 3399; x_wconf 74' lang='lat' dir='ltr'><strong>prmlio,</strong></span> <span class='ocrx_word' id='word_1_336' title='bbox 1893 3326 2002 3383; x_wconf 91' lang='lat' dir='ltr'>Deo</span> 
     </span>
    </p>
   </div>
   <div class='ocr_carea' id='block_1_45' title="bbox 424 3419 2002 3491">
    <p class='ocr_par' dir='ltr' id='par_1_45' title="bbox 424 3419 2002 3491">
     <span class='ocr_line' id='line_1_45' title="bbox 424 3419 2002 3491; baseline -0.001 -16"><span class='ocrx_word' id='word_1_337' title='bbox 424 3421 754 3491; x_wconf 80' lang='lat' dir='ltr'><strong>opitulante,</strong></span> <span class='ocrx_word' id='word_1_338' title='bbox 792 3420 1133 3476; x_wconf 71' lang='lat' dir='ltr'><strong>Chersonitze</strong></span> <span class='ocrx_word' id='word_1_339' title='bbox 1163 3419 1477 3490; x_wconf 83' lang='lat' dir='ltr'><strong>superiores</strong></span> <span class='ocrx_word' id='word_1_340' title='bbox 1535 3419 1665 3475; x_wconf 79' lang='lat' dir='ltr'><strong>facti</strong></span> <span class='ocrx_word' id='word_1_341' title='bbox 1701 3421 2002 3474; x_wconf 83' lang='lat' dir='ltr'><strong>Sauroma-</strong></span> 
     </span>
    </p>
   </div>
   <div class='ocr_carea' id='block_1_46' title="bbox 425 3496 2000 3583">
    <p class='ocr_par' dir='ltr' id='par_1_46' title="bbox 425 3496 2000 3583">
     <span class='ocr_line' id='line_1_46' title="bbox 425 3496 2000 3583; baseline 0 -17"><span class='ocrx_word' id='word_1_342' title='bbox 425 3523 538 3567; x_wconf 89' lang='lat' dir='ltr'><strong>tum</strong></span> <span class='ocrx_word' id='word_1_343' title='bbox 574 3513 625 3566; x_wconf 92' lang='lat' dir='ltr'>in</span> <span class='ocrx_word' id='word_1_344' title='bbox 656 3512 836 3582; x_wconf 71' lang='lat' dir='ltr'><strong>fugam</strong></span> <span class='ocrx_word' id='word_1_345' title='bbox 871 3519 1282 3574; x_wconf 84' lang='lat' dir='ltr'><strong>converterunt,</strong></span> <span class='ocrx_word' id='word_1_346' title='bbox 1337 3512 1677 3583; x_wconf 87' lang='lat' dir='ltr'><strong>limitemque</strong></span> <span class='ocrx_word' id='word_1_347' title='bbox 1704 3496 1773 3566; x_wconf 25' lang='lat' dir='ltr'><strong>lin</strong></span> <span class='ocrx_word' id='word_1_348' title='bbox 1808 3510 2000 3567; x_wconf 87' lang='lat' dir='ltr'><strong>eodem</strong></span> 
     </span>
    </p>
   </div>
   <div class='ocr_carea' id='block_1_47' title="bbox 424 3601 2002 3674">
    <p class='ocr_par' dir='ltr' id='par_1_47' title="bbox 424 3601 2002 3674">
     <span class='ocr_line' id='line_1_47' title="bbox 424 3601 2002 3674; baseline 0 -19"><span class='ocrx_word' id='word_1_349' title='bbox 424 3605 548 3658; x_wconf 82' lang='lat' dir='ltr'><strong>loco</strong></span> <span class='ocrx_word' id='word_1_350' title='bbox 614 3602 801 3670; x_wconf 65' lang='lat' dir='ltr'><strong>Caplla</strong></span> <span class='ocrx_word' id='word_1_351' title='bbox 867 3602 1148 3658; x_wconf 89' lang='lat' dir='ltr'><strong>nominato</strong></span> <span class='ocrx_word' id='word_1_352' title='bbox 1208 3602 1300 3657; x_wconf 87' lang='lat' dir='ltr'>ubi</span> <span class='ocrx_word' id='word_1_353' title='bbox 1374 3602 1607 3659; x_wconf 89' lang='lat' dir='ltr'><strong>victoria</strong></span> <span class='ocrx_word' id='word_1_354' title='bbox 1649 3601 1811 3674; x_wconf 88' lang='lat' dir='ltr'><strong>potiti</strong></span> <span class='ocrx_word' id='word_1_355' title='bbox 1870 3608 2002 3657; x_wconf 89' lang='lat' dir='ltr'><strong>sunt</strong></span> 
     </span>
    </p>
   </div>
   <div class='ocr_carea' id='block_1_48' title="bbox 422 3689 1999 3763">
    <p class='ocr_par' dir='ltr' id='par_1_48' title="bbox 422 3689 1999 3763">
     <span class='ocr_line' id='line_1_48' title="bbox 422 3689 1999 3763; baseline 0.002 -20"><span class='ocrx_word' id='word_1_356' title='bbox 422 3698 611 3744; x_wconf 78' lang='lat' dir='ltr'><strong>contra</strong></span> <span class='ocrx_word' id='word_1_357' title='bbox 685 3689 1093 3758; x_wconf 79' lang='lat' dir='ltr'><strong>Sauromatum,</strong></span> <span class='ocrx_word' id='word_1_358' title='bbox 1152 3700 1474 3762; x_wconf 88' lang='lat' dir='ltr'><strong>posuerunt,</strong></span> <span class='ocrx_word' id='word_1_359' title='bbox 1545 3693 1599 3747; x_wconf 87' lang='lat' dir='ltr'>in</span> <span class='ocrx_word' id='word_1_360' title='bbox 1664 3707 1775 3763; x_wconf 89' lang='lat' dir='ltr'>quo</span> <span class='ocrx_word' id='word_1_361' title='bbox 1834 3693 1999 3747; x_wconf 89' lang='lat' dir='ltr'><strong>etiam</strong></span> 
     </span>
    </p>
   </div>
   <div class='ocr_carea' id='block_1_49' title="bbox 422 3785 2001 3857">
    <p class='ocr_par' dir='ltr' id='par_1_49' title="bbox 422 3785 2001 3857">
     <span class='ocr_line' id='line_1_49' title="bbox 422 3785 2001 3857; baseline 0.001 -17"><span class='ocrx_word' id='word_1_362' title='bbox 422 3785 800 3850; x_wconf 74' lang='lat' dir='ltr'><strong>Sauromatas,</strong></span> <span class='ocrx_word' id='word_1_363' title='bbox 828 3793 882 3838; x_wconf 89' lang='lat' dir='ltr'>et</span> <span class='ocrx_word' id='word_1_364' title='bbox 930 3787 1169 3855; x_wconf 89' lang='lat' dir='ltr'><strong>quicum</strong></span> <span class='ocrx_word' id='word_1_365' title='bbox 1196 3786 1315 3855; x_wconf 89' lang='lat' dir='ltr'><strong>ipso</strong></span> <span class='ocrx_word' id='word_1_366' title='bbox 1346 3800 1375 3840; x_wconf 90' lang='lat' dir='ltr'>a</span> <span class='ocrx_word' id='word_1_367' title='bbox 1420 3787 1617 3857; x_wconf 70' lang='lat' dir='ltr'><strong>prmlio</strong></span> <span class='ocrx_word' id='word_1_368' title='bbox 1676 3786 2001 3857; x_wconf 87' lang='lat' dir='ltr'><strong>superstites</strong></span> 
     </span>
    </p>
   </div>
   <div class='ocr_carea' id='block_1_50' title="bbox 422 3879 2001 3948">
    <p class='ocr_par' dir='ltr' id='par_1_50' title="bbox 422 3879 2001 3948">
     <span class='ocr_line' id='line_1_50' title="bbox 422 3879 2001 3948; baseline 0.004 -21"><span class='ocrx_word' id='word_1_369' title='bbox 422 3881 598 3936; x_wconf 84' lang='lat' dir='ltr'><strong>erant,</strong></span> <span class='ocrx_word' id='word_1_370' title='bbox 665 3889 942 3944; x_wconf 82' lang='lat' dir='ltr'><strong>nunquam</strong></span> <span class='ocrx_word' id='word_1_371' title='bbox 984 3891 1045 3930; x_wconf 74' lang='lat' dir='ltr'>se</span> <span class='ocrx_word' id='word_1_372' title='bbox 1097 3892 1221 3929; x_wconf 88' lang='lat' dir='ltr'>emn</span> <span class='ocrx_word' id='word_1_373' title='bbox 1284 3892 1409 3931; x_wconf 88' lang='lat' dir='ltr'>cum</span> <span class='ocrx_word' id='word_1_374' title='bbox 1460 3879 1629 3933; x_wconf 89' lang='lat' dir='ltr'><strong>armis</strong></span> <span class='ocrx_word' id='word_1_375' title='bbox 1691 3888 2001 3948; x_wconf 71' lang='lat' dir='ltr'><strong>transgres-</strong></span> 
     </span>
    </p>
   </div>
   <div class='ocr_carea' id='block_1_51' title="bbox 422 3965 2000 4039">
    <p class='ocr_par' dir='ltr' id='par_1_51' title="bbox 422 3965 2000 4039">
     <span class='ocr_line' id='line_1_51' title="bbox 422 3965 2000 4039; baseline 0.001 -19"><span class='ocrx_word' id='word_1_376' title='bbox 422 3980 585 4020; x_wconf 89' lang='lat' dir='ltr'><strong>suros</strong></span> <span class='ocrx_word' id='word_1_377' title='bbox 608 3981 730 4020; x_wconf 90' lang='lat' dir='ltr'><strong>esse</strong></span> <span class='ocrx_word' id='word_1_378' title='bbox 756 3965 1054 4036; x_wconf 87' lang='lat' dir='ltr'><strong>jnrarunt;</strong></span> <span class='ocrx_word' id='word_1_379' title='bbox 1108 3966 1204 4021; x_wconf 84' lang='lat' dir='ltr'><strong>sed</strong></span> <span class='ocrx_word' id='word_1_380' title='bbox 1232 3968 1455 4038; x_wconf 87' lang='lat' dir='ltr'><strong>propria</strong></span> <span class='ocrx_word' id='word_1_381' title='bbox 1521 3976 1786 4039; x_wconf 88' lang='lat' dir='ltr'><strong>utrosque</strong></span> <span class='ocrx_word' id='word_1_382' title='bbox 1857 3968 2000 4023; x_wconf 88' lang='lat' dir='ltr'><strong>assi-</strong></span> 
     </span>
    </p>
   </div>
   <div class='ocr_carea' id='block_1_52' title="bbox 422 4056 2000 4128">
    <p class='ocr_par' dir='ltr' id='par_1_52' title="bbox 422 4056 2000 4128">
     <span class='ocr_line' id='line_1_52' title="bbox 422 4056 2000 4128; baseline 0.004 -20"><span class='ocrx_word' id='word_1_383' title='bbox 422 4064 695 4126; x_wconf 76' lang='lat' dir='ltr'><strong>gnataquc</strong></span> <span class='ocrx_word' id='word_1_384' title='bbox 785 4056 889 4111; x_wconf 88' lang='lat' dir='ltr'><strong>sibi</strong></span> <span class='ocrx_word' id='word_1_385' title='bbox 974 4057 1274 4112; x_wconf 83' lang='lat' dir='ltr'><strong>secundum</strong></span> <span class='ocrx_word' id='word_1_386' title='bbox 1339 4060 1676 4128; x_wconf 60' lang='lat' dir='ltr'><strong>praestitutus</strong></span> <span class='ocrx_word' id='word_1_387' title='bbox 1740 4060 2000 4114; x_wconf 88' lang='lat' dir='ltr'><strong>terminos</strong></span> 
     </span>
    </p>
   </div>
   <div class='ocr_carea' id='block_1_53' title="bbox 424 4149 2001 4222">
    <p class='ocr_par' dir='ltr' id='par_1_53' title="bbox 424 4149 2001 4222">
     <span class='ocr_line' id='line_1_53' title="bbox 424 4149 2001 4222; baseline 0.004 -19"><span class='ocrx_word' id='word_1_388' title='bbox 424 4161 540 4205; x_wconf 85' lang='lat' dir='ltr'><strong>loca</strong></span> <span class='ocrx_word' id='word_1_389' title='bbox 570 4149 909 4205; x_wconf 75' lang='lat' dir='ltr'><strong>ltabitatnros</strong></span> <span class='ocrx_word' id='word_1_390' title='bbox 944 4165 1085 4206; x_wconf 87' lang='lat' dir='ltr'><strong>esse.</strong></span> <span class='ocrx_word' id='word_1_391' title='bbox 1123 4152 1299 4221; x_wconf 81' lang='lat' dir='ltr'><strong>Atque</strong></span> <span class='ocrx_word' id='word_1_392' title='bbox 1323 4152 1395 4205; x_wconf 92' lang='lat' dir='ltr'>ita</span> <span class='ocrx_word' id='word_1_393' title='bbox 1441 4151 1742 4222; x_wconf 88' lang='lat' dir='ltr'><strong>Bosporum</strong></span> <span class='ocrx_word' id='word_1_394' title='bbox 1799 4151 2001 4210; x_wconf 87' lang='lat' dir='ltr'><strong>Sauro-</strong></span> 
     </span>
    </p>
   </div>
   <div class='ocr_carea' id='block_1_54' title="bbox 430 4243 2002 4315">
    <p class='ocr_par' dir='ltr' id='par_1_54' title="bbox 430 4243 2002 4315">
     <span class='ocr_line' id='line_1_54' title="bbox 430 4243 2002 4315; baseline 0.004 -18"><span class='ocrx_word' id='word_1_395' title='bbox 430 4251 633 4308; x_wconf 76' lang='lat' dir='ltr'><strong>matus,</strong></span> <span class='ocrx_word' id='word_1_396' title='bbox 672 4243 1007 4300; x_wconf 70' lang='lat' dir='ltr'><strong>Chersonitae</strong></span> <span class='ocrx_word' id='word_1_397' title='bbox 1038 4254 1238 4299; x_wconf 88' lang='lat' dir='ltr'><strong>terram</strong></span> <span class='ocrx_word' id='word_1_398' title='bbox 1264 4259 1416 4300; x_wconf 88' lang='lat' dir='ltr'><strong>suam</strong></span> <span class='ocrx_word' id='word_1_399' title='bbox 1468 4245 1824 4315; x_wconf 81' lang='lat' dir='ltr'><strong>rcpetierunt.</strong></span> <span class='ocrx_word' id='word_1_400' title='bbox 1876 4247 2002 4303; x_wconf 86' lang='lat' dir='ltr'><strong>llis-</strong></span> 
     </span>
    </p>
   </div>
   <div class='ocr_carea' id='block_1_55' title="bbox 423 4336 1999 4409">
    <p class='ocr_par' dir='ltr' id='par_1_55' title="bbox 423 4336 1999 4409">
     <span class='ocr_line' id='line_1_55' title="bbox 423 4336 1999 4409; baseline 0.004 -18"><span class='ocrx_word' id='word_1_401' title='bbox 423 4351 530 4406; x_wconf 84' lang='lat' dir='ltr'>que</span> <span class='ocrx_word' id='word_1_402' title='bbox 559 4336 631 4391; x_wconf 89' lang='lat' dir='ltr'><strong>ita</strong></span> <span class='ocrx_word' id='word_1_403' title='bbox 658 4336 848 4407; x_wconf 79' lang='lat' dir='ltr'><strong>gestis,</strong></span> <span class='ocrx_word' id='word_1_404' title='bbox 886 4351 1081 4392; x_wconf 87' lang='lat' dir='ltr'><strong>rursus</strong></span> <span class='ocrx_word' id='word_1_405' title='bbox 1140 4345 1264 4408; x_wconf 89' lang='lat' dir='ltr'><strong>post</strong></span> <span class='ocrx_word' id='word_1_406' title='bbox 1338 4340 1548 4409; x_wconf 86' lang='lat' dir='ltr'><strong>aliquot</strong></span> <span class='ocrx_word' id='word_1_407' title='bbox 1620 4354 1792 4395; x_wconf 89' lang='lat' dir='ltr'><strong>annos</strong></span> <span class='ocrx_word' id='word_1_408' title='bbox 1857 4341 1999 4397; x_wconf 86' lang='lat' dir='ltr'><strong>alius</strong></span> 
     </span>
    </p>
   </div>
   <div class='ocr_carea' id='block_1_56' title="bbox 423 4427 1995 4491">
    <p class='ocr_par' dir='ltr' id='par_1_56' title="bbox 423 4427 1995 4491">
     <span class='ocr_line' id='line_1_56' title="bbox 423 4427 1995 4491; baseline 0.002 -8"><span class='ocrx_word' id='word_1_409' title='bbox 423 4427 780 4491; x_wconf 70' lang='lat' dir='ltr'><strong>Sauromatus</strong></span> <span class='ocrx_word' id='word_1_410' title='bbox 823 4441 946 4483; x_wconf 89' lang='lat' dir='ltr'>cum</span> <span class='ocrx_word' id='word_1_411' title='bbox 1017 4428 1249 4489; x_wconf 88' lang='lat' dir='ltr'><strong>militum</strong></span> <span class='ocrx_word' id='word_1_412' title='bbox 1317 4445 1483 4484; x_wconf 84' lang='lat' dir='ltr'><strong>manu</strong></span> <span class='ocrx_word' id='word_1_413' title='bbox 1559 4431 1626 4485; x_wconf 86' lang='lat' dir='ltr'>ad</span> <span class='ocrx_word' id='word_1_414' title='bbox 1684 4430 1995 4487; x_wconf 69' lang='lat' dir='ltr'><strong>Mmotidem</strong></span> 
     </span>
    </p>
   </div>
   <div class='ocr_carea' id='block_1_57' title="bbox 2111 1963 3731 2037">
    <p class='ocr_par' dir='ltr' id='par_1_57' title="bbox 2111 1963 3731 2037">
     <span class='ocr_line' id='line_1_57' title="bbox 2111 1963 3731 2037; baseline -0.001 -19"><span class='ocrx_word' id='word_1_415' title='bbox 2111 1965 2394 2036; x_wconf 78' lang='grc' dir='ltr'>εἰληφότες</span> <span class='ocrx_word' id='word_1_416' title='bbox 2452 1965 2700 2031; x_wconf 85' lang='grc' dir='ltr'>ἀννόνας,</span> <span class='ocrx_word' id='word_1_417' title='bbox 2733 1967 2812 2029; x_wconf 88' lang='grc' dir='ltr'>είς</span> <span class='ocrx_word' id='word_1_418' title='bbox 2859 1963 3088 2026; x_wconf 80' lang='grc' dir='ltr'>ἑαυτούς</span> <span class='ocrx_word' id='word_1_419' title='bbox 3143 1981 3203 2017; x_wconf 88' lang='grc' dir='ltr'>τε</span> <span class='ocrx_word' id='word_1_420' title='bbox 3254 1964 3348 2018; x_wconf 74' lang='grc' dir='ltr'>καὶ</span> <span class='ocrx_word' id='word_1_421' title='bbox 3378 1963 3447 2017; x_wconf 84' lang='grc' dir='ltr'>τὰ</span> <span class='ocrx_word' id='word_1_422' title='bbox 3478 1963 3689 2017; x_wconf 83' lang='grc' dir='ltr'>τούτων</span> <span class='ocrx_word' id='word_1_423' title='bbox 3714 2029 3731 2037; x_wconf 40' lang='lat' dir='ltr'><strong><em>I</em></strong></span> 
     </span>
    </p>
   </div>
   <div class='ocr_carea' id='block_1_58' title="bbox 2113 2054 3695 2128">
    <p class='ocr_par' dir='ltr' id='par_1_58' title="bbox 2113 2054 3695 2128">
     <span class='ocr_line' id='line_1_58' title="bbox 2113 2054 3695 2128; baseline 0.001 -19"><span class='ocrx_word' id='word_1_424' title='bbox 2113 2056 2282 2111; x_wconf 89' lang='grc' dir='ltr'>τέκνα</span> <span class='ocrx_word' id='word_1_425' title='bbox 2328 2057 2745 2128; x_wconf 85' lang='grc' dir='ltr'>διαμερίσαντες</span> <span class='ocrx_word' id='word_1_426' title='bbox 2768 2057 2859 2110; x_wconf 81' lang='grc' dir='ltr'>τὸν</span> <span class='ocrx_word' id='word_1_427' title='bbox 2885 2054 3121 2127; x_wconf 74' lang='grc' dir='ltr'>ἀριθμὸν</span> <span class='ocrx_word' id='word_1_428' title='bbox 3155 2057 3572 2125; x_wconf 72' lang='grc' dir='ltr'>συνεστήσαντο·</span> <span class='ocrx_word' id='word_1_429' title='bbox 3601 2056 3695 2110; x_wconf 72' lang='grc' dir='ltr'>διὰ</span> 
     </span>
    </p>
   </div>
   <div class='ocr_carea' id='block_1_59' title="bbox 2108 2145 3694 2215">
    <p class='ocr_par' dir='ltr' id='par_1_59' title="bbox 2108 2145 3694 2215">
     <span class='ocr_line' id='line_1_59' title="bbox 2108 2145 3694 2215; baseline 0 -15"><span class='ocrx_word' id='word_1_430' title='bbox 2108 2149 2169 2200; x_wconf 82' lang='grc' dir='ltr'>τὸ</span> <span class='ocrx_word' id='word_1_431' title='bbox 2192 2147 2289 2201; x_wconf 78' lang='grc' dir='ltr'>καὶ</span> <span class='ocrx_word' id='word_1_432' title='bbox 2324 2147 2429 2210; x_wconf 76' lang='grc' dir='ltr'>ἕως</span> <span class='ocrx_word' id='word_1_433' title='bbox 2465 2146 2561 2200; x_wconf 89' lang='grc' dir='ltr'>τοῦ</span> <span class='ocrx_word' id='word_1_434' title='bbox 2610 2146 2706 2199; x_wconf 87' lang='grc' dir='ltr'>νῦν</span> <span class='ocrx_word' id='word_1_435' title='bbox 2739 2147 2809 2201; x_wconf 82' lang='grc' dir='ltr'>τὰ</span> <span class='ocrx_word' id='word_1_436' title='bbox 2841 2146 3050 2201; x_wconf 79' lang='grc' dir='ltr'>τούτων</span> <span class='ocrx_word' id='word_1_437' title='bbox 3078 2148 3247 2201; x_wconf 89' lang='grc' dir='ltr'>τέκνα</span> <span class='ocrx_word' id='word_1_438' title='bbox 3286 2147 3427 2200; x_wconf 74' lang='grc' dir='ltr'>κατὰ</span> <span class='ocrx_word' id='word_1_439' title='bbox 3460 2145 3569 2199; x_wconf 84' lang='grc' dir='ltr'>τῶν</span> <span class='ocrx_word' id='word_1_440' title='bbox 3597 2164 3694 2215; x_wconf 75' lang='grc' dir='ltr'>γοο</span> 
     </span>
    </p>
   </div>
   <div class='ocr_carea' id='block_1_60' title="bbox 2107 2237 3694 2312">
    <p class='ocr_par' dir='ltr' id='par_1_60' title="bbox 2107 2237 3694 2312">
     <span class='ocr_line' id='line_1_60' title="bbox 2107 2237 3694 2312; baseline 0 -20"><span class='ocrx_word' id='word_1_441' title='bbox 2107 2240 2243 2293; x_wconf 88' lang='grc' dir='ltr'>νέων</span> <span class='ocrx_word' id='word_1_442' title='bbox 2271 2243 2371 2311; x_wconf 83' lang='grc' dir='ltr'>τῆς</span> <span class='ocrx_word' id='word_1_443' title='bbox 2394 2240 2682 2312; x_wconf 81' lang='grc' dir='ltr'>στρατείας</span> <span class='ocrx_word' id='word_1_444' title='bbox 2716 2239 3108 2311; x_wconf 85' lang='grc' dir='ltr'>συμπλήρωσιν</span> <span class='ocrx_word' id='word_1_445' title='bbox 3137 2241 3196 2293; x_wconf 82' lang='grc' dir='ltr'>έν</span> <span class='ocrx_word' id='word_1_446' title='bbox 3223 2238 3300 2309; x_wconf 79' lang='grc' dir='ltr'>τῷ</span> <span class='ocrx_word' id='word_1_447' title='bbox 3337 2237 3558 2311; x_wconf 89' lang='grc' dir='ltr'>ἀριθμῷ</span> <span class='ocrx_word' id='word_1_448' title='bbox 3593 2256 3694 2292; x_wconf 85' lang='grc' dir='ltr'>κα-</span> 
     </span>
    </p>
   </div>
   <div class='ocr_carea' id='block_1_61' title="bbox 2105 2330 3684 2403">
    <p class='ocr_par' dir='ltr' id='par_1_61' title="bbox 2105 2330 3684 2403">
     <span class='ocr_line' id='line_1_61' title="bbox 2105 2330 3684 2403; baseline 0 -19"><span class='ocrx_word' id='word_1_449' title='bbox 2105 2332 2490 2386; x_wconf 87' lang='grc' dir='ltr'>τατάσσονται.</span> <span class='ocrx_word' id='word_1_450' title='bbox 2534 2331 2798 2401; x_wconf 83' lang='grc' dir='ltr'>Ἐφοδίοις</span> <span class='ocrx_word' id='word_1_451' title='bbox 2836 2331 2892 2385; x_wconf 83' lang='grc' dir='ltr'>δὲ</span> <span class='ocrx_word' id='word_1_452' title='bbox 2919 2332 3013 2385; x_wconf 74' lang='grc' dir='ltr'>καὶ</span> <span class='ocrx_word' id='word_1_453' title='bbox 3034 2330 3229 2403; x_wconf 86' lang='grc' dir='ltr'>δώροις</span> <span class='ocrx_word' id='word_1_454' title='bbox 3261 2331 3535 2396; x_wconf 83' lang='grc' dir='ltr'>πλείστοις</span> <span class='ocrx_word' id='word_1_455' title='bbox 3564 2332 3684 2384; x_wconf 88' lang='grc' dir='ltr'>τότε</span> 
     </span>
    </p>
   </div>
   <div class='ocr_carea' id='block_1_62' title="bbox 2104 2422 3688 2493">
    <p class='ocr_par' dir='ltr' id='par_1_62' title="bbox 2104 2422 3688 2493">
     <span class='ocr_line' id='line_1_62' title="bbox 2104 2422 3688 2493; baseline 0 -17"><span class='ocrx_word' id='word_1_456' title='bbox 2104 2422 2449 2493; x_wconf 79' lang='grc' dir='ltr'>τιμηθέντων</span> <span class='ocrx_word' id='word_1_457' title='bbox 2482 2422 2587 2476; x_wconf 76' lang='grc' dir='ltr'>ὑπὸ</span> <span class='ocrx_word' id='word_1_458' title='bbox 2636 2422 2730 2475; x_wconf 86' lang='grc' dir='ltr'>τοῦ</span> <span class='ocrx_word' id='word_1_459' title='bbox 2782 2422 3063 2491; x_wconf 85' lang='grc' dir='ltr'>θεοφιλοῦς</span> <span class='ocrx_word' id='word_1_460' title='bbox 3097 2422 3363 2493; x_wconf 83' lang='grc' dir='ltr'>βασιλέως</span> <span class='ocrx_word' id='word_1_461' title='bbox 3395 2423 3688 2476; x_wconf 83' lang='grc' dir='ltr'>Κώνσταν-</span> 
     </span>
    </p>
   </div>
   <div class='ocr_carea' id='block_1_63' title="bbox 2102 2513 3688 2583">
    <p class='ocr_par' dir='ltr' id='par_1_63' title="bbox 2102 2513 3688 2583">
     <span class='ocr_line' id='line_1_63' title="bbox 2102 2513 3688 2583; baseline -0.001 -15"><span class='ocrx_word' id='word_1_462' title='bbox 2102 2515 2251 2569; x_wconf 85' lang='grc' dir='ltr'>τίνου</span> <span class='ocrx_word' id='word_1_463' title='bbox 2278 2513 2372 2567; x_wconf 86' lang='grc' dir='ltr'>τοῦ</span> <span class='ocrx_word' id='word_1_464' title='bbox 2403 2531 2462 2567; x_wconf 87' lang='grc' dir='ltr'>τε</span> <span class='ocrx_word' id='word_1_465' title='bbox 2485 2515 2768 2583; x_wconf 88' lang='grc' dir='ltr'>Διογένους</span> <span class='ocrx_word' id='word_1_466' title='bbox 2816 2514 2911 2569; x_wconf 75' lang='grc' dir='ltr'>καὶ</span> <span class='ocrx_word' id='word_1_467' title='bbox 2969 2513 3077 2569; x_wconf 82' lang='grc' dir='ltr'>τῶν</span> <span class='ocrx_word' id='word_1_468' title='bbox 3118 2514 3213 2567; x_wconf 79' lang='grc' dir='ltr'>σὺν</span> <span class='ocrx_word' id='word_1_469' title='bbox 3245 2514 3412 2583; x_wconf 76' lang='grc' dir='ltr'>αὐτῷ,</span> <span class='ocrx_word' id='word_1_470' title='bbox 3455 2514 3688 2567; x_wconf 84' lang='grc' dir='ltr'>κατέλα-</span> 
     </span>
    </p>
   </div>
   <div class='ocr_carea' id='block_1_64' title="bbox 2103 2604 3688 2677">
    <p class='ocr_par' dir='ltr' id='par_1_64' title="bbox 2103 2604 3688 2677">
     <span class='ocr_line' id='line_1_64' title="bbox 2103 2604 3688 2677; baseline -0.001 -18"><span class='ocrx_word' id='word_1_471' title='bbox 2103 2605 2197 2661; x_wconf 77' lang='grc' dir='ltr'>ϐον</span> <span class='ocrx_word' id='word_1_472' title='bbox 2226 2606 2325 2677; x_wconf 83' lang='grc' dir='ltr'>τὴν</span> <span class='ocrx_word' id='word_1_473' title='bbox 2354 2606 2711 2676; x_wconf 85' lang='grc' dir='ltr'>Χερσωνιτῶν</span> <span class='ocrx_word' id='word_1_474' title='bbox 2759 2604 3196 2676; x_wconf 83' lang='grc' dir='ltr'>ἀποκομίσαντες</span> <span class='ocrx_word' id='word_1_475' title='bbox 3240 2605 3335 2658; x_wconf 79' lang='grc' dir='ltr'>καὶ</span> <span class='ocrx_word' id='word_1_476' title='bbox 3388 2605 3485 2668; x_wconf 75' lang='grc' dir='ltr'>τὰς</span> <span class='ocrx_word' id='word_1_477' title='bbox 3533 2604 3688 2668; x_wconf 85' lang='grc' dir='ltr'>θείας</span> 
     </span>
    </p>
   </div>
   <div class='ocr_carea' id='block_1_65' title="bbox 2104 2693 3691 2767">
    <p class='ocr_par' dir='ltr' id='par_1_65' title="bbox 2104 2693 3691 2767">
     <span class='ocr_line' id='line_1_65' title="bbox 2104 2693 3691 2767; baseline -0.003 -17"><span class='ocrx_word' id='word_1_478' title='bbox 2104 2696 2443 2765; x_wconf 80' lang='grc' dir='ltr'>φιλοτιμίας.</span> <span class='ocrx_word' id='word_1_479' title='bbox 2470 2696 2627 2751; x_wconf 82' lang='grc' dir='ltr'>Μετὰ</span> <span class='ocrx_word' id='word_1_480' title='bbox 2657 2696 2713 2750; x_wconf 83' lang='grc' dir='ltr'>δὲ</span> <span class='ocrx_word' id='word_1_481' title='bbox 2737 2697 2965 2767; x_wconf 87' lang='grc' dir='ltr'>χρόνους</span> <span class='ocrx_word' id='word_1_482' title='bbox 3006 2695 3162 2758; x_wconf 78' lang='grc' dir='ltr'>τινὰς</span> <span class='ocrx_word' id='word_1_483' title='bbox 3208 2694 3303 2748; x_wconf 87' lang='grc' dir='ltr'>τοῦ</span> <span class='ocrx_word' id='word_1_484' title='bbox 3334 2693 3504 2748; x_wconf 86' lang='grc' dir='ltr'>ταῦτα</span> <span class='ocrx_word' id='word_1_485' title='bbox 3534 2711 3691 2762; x_wconf 89' lang='grc' dir='ltr'>γεγο-</span> 
     </span>
    </p>
   </div>
   <div class='ocr_carea' id='block_1_66' title="bbox 2102 2784 3685 2859">
    <p class='ocr_par' dir='ltr' id='par_1_66' title="bbox 2102 2784 3685 2859">
     <span class='ocr_line' id='line_1_66' title="bbox 2102 2784 3685 2859; baseline -0.002 -17"><span class='ocrx_word' id='word_1_486' title='bbox 2102 2789 2271 2852; x_wconf 85' lang='grc' dir='ltr'>νέναι,</span> <span class='ocrx_word' id='word_1_487' title='bbox 2294 2788 2644 2859; x_wconf 85' lang='grc' dir='ltr'>Σαυρόματος</span> <span class='ocrx_word' id='word_1_488' title='bbox 2670 2788 2698 2840; x_wconf 87' lang='grc' dir='ltr'>ό</span> <span class='ocrx_word' id='word_1_489' title='bbox 2741 2787 2962 2855; x_wconf 75' lang='grc' dir='ltr'>ἔγγονος</span> <span class='ocrx_word' id='word_1_490' title='bbox 2998 2786 3350 2856; x_wconf 85' lang='grc' dir='ltr'>Σαυρομὰτου</span> <span class='ocrx_word' id='word_1_491' title='bbox 3400 2784 3494 2838; x_wconf 84' lang='grc' dir='ltr'>τοῦ</span> <span class='ocrx_word' id='word_1_492' title='bbox 3538 2787 3685 2856; x_wconf 86' lang='grc' dir='ltr'>Κρι-</span> 
     </span>
    </p>
   </div>
   <div class='ocr_carea' id='block_1_67' title="bbox 2105 2875 3683 2949">
    <p class='ocr_par' dir='ltr' id='par_1_67' title="bbox 2105 2875 3683 2949">
     <span class='ocr_line' id='line_1_67' title="bbox 2105 2875 3683 2949; baseline -0.004 -17"><span class='ocrx_word' id='word_1_493' title='bbox 2105 2878 2363 2949; x_wconf 87' lang='grc' dir='ltr'>σκορόνου</span> <span class='ocrx_word' id='word_1_494' title='bbox 2397 2878 2514 2949; x_wconf 81' lang='lat' dir='ltr'>(7i)</span> <span class='ocrx_word' id='word_1_495' title='bbox 2545 2878 2640 2932; x_wconf 89' lang='grc' dir='ltr'>τοῦ</span> <span class='ocrx_word' id='word_1_496' title='bbox 2674 2878 3089 2949; x_wconf 81' lang='grc' dir='ltr'>πολεμήσαντος</span> <span class='ocrx_word' id='word_1_497' title='bbox 3122 2876 3221 2946; x_wconf 80' lang='grc' dir='ltr'>τὴν</span> <span class='ocrx_word' id='word_1_498' title='bbox 3258 2875 3525 2944; x_wconf 75' lang='grc' dir='ltr'>Λαζικὴν,</span> <span class='ocrx_word' id='word_1_499' title='bbox 3558 2892 3683 2927; x_wconf 81' lang='grc' dir='ltr'>συν·</span> 
     </span>
    </p>
   </div>
   <div class='ocr_carea' id='block_1_68' title="bbox 2101 2966 3685 3041">
    <p class='ocr_par' dir='ltr' id='par_1_68' title="bbox 2101 2966 3685 3041">
     <span class='ocr_line' id='line_1_68' title="bbox 2101 2966 3685 3041; baseline -0.004 -18"><span class='ocrx_word' id='word_1_500' title='bbox 2101 2970 2360 3041; x_wconf 86' lang='grc' dir='ltr'>αθροίσας</span> <span class='ocrx_word' id='word_1_501' title='bbox 2382 2970 2619 3040; x_wconf 88' lang='grc' dir='ltr'>πόλεμον</span> <span class='ocrx_word' id='word_1_502' title='bbox 2636 2971 2701 3023; x_wconf 79' lang='grc' dir='ltr'>ἐκ</span> <span class='ocrx_word' id='word_1_503' title='bbox 2722 2968 2822 3038; x_wconf 77' lang='grc' dir='ltr'>τῆς</span> <span class='ocrx_word' id='word_1_504' title='bbox 2844 2966 3153 3031; x_wconf 85' lang='grc' dir='ltr'>Μαιώτιδος</span> <span class='ocrx_word' id='word_1_505' title='bbox 3183 2967 3379 3037; x_wconf 86' lang='grc' dir='ltr'>λίμνης</span> <span class='ocrx_word' id='word_1_506' title='bbox 3409 2966 3685 3035; x_wconf 77' lang='grc' dir='ltr'>ἐπανέστη</span> 
     </span>
    </p>
   </div>
   <div class='ocr_carea' id='block_1_69' title="bbox 2101 3058 3686 3133">
    <p class='ocr_par' dir='ltr' id='par_1_69' title="bbox 2101 3058 3686 3133">
     <span class='ocr_line' id='line_1_69' title="bbox 2101 3058 3686 3133; baseline 0.005 -18"><span class='ocrx_word' id='word_1_507' title='bbox 2101 3066 2214 3126; x_wconf 78' lang='grc' dir='ltr'>τοῖς</span> <span class='ocrx_word' id='word_1_508' title='bbox 2248 3063 2639 3133; x_wconf 85' lang='grc' dir='ltr'>Χερσωνίταις,</span> <span class='ocrx_word' id='word_1_509' title='bbox 2665 3061 3008 3131; x_wconf 84' lang='grc' dir='ltr'>βουλόμενος,</span> <span class='ocrx_word' id='word_1_510' title='bbox 3043 3059 3196 3131; x_wconf 75' lang='grc' dir='ltr'>φησὶ,</span> <span class='ocrx_word' id='word_1_511' title='bbox 3248 3058 3348 3128; x_wconf 76' lang='grc' dir='ltr'>τὴν</span> <span class='ocrx_word' id='word_1_512' title='bbox 3393 3059 3493 3127; x_wconf 79' lang='grc' dir='ltr'>τῆς</span> <span class='ocrx_word' id='word_1_513' title='bbox 3515 3058 3686 3126; x_wconf 76' lang='grc' dir='ltr'>αἰχμ-</span> 
     </span>
    </p>
   </div>
   <div class='ocr_carea' id='block_1_70' title="bbox 2104 3147 3689 3223">
    <p class='ocr_par' dir='ltr' id='par_1_70' title="bbox 2104 3147 3689 3223">
     <span class='ocr_line' id='line_1_70' title="bbox 2104 3147 3689 3223; baseline -0.005 -16"><span class='ocrx_word' id='word_1_514' title='bbox 2104 3152 2347 3216; x_wconf 86' lang='grc' dir='ltr'>αλωσίας</span> <span class='ocrx_word' id='word_1_515' title='bbox 2383 3151 2543 3223; x_wconf 74' lang='grc' dir='ltr'>ὓϐριν</span> <span class='ocrx_word' id='word_1_516' title='bbox 2598 3152 2691 3206; x_wconf 90' lang='grc' dir='ltr'>τοῦ</span> <span class='ocrx_word' id='word_1_517' title='bbox 2723 3152 2924 3205; x_wconf 78' lang='grc' dir='ltr'>οἰκείου</span> <span class='ocrx_word' id='word_1_518' title='bbox 2973 3150 3198 3204; x_wconf 80' lang='grc' dir='ltr'>πάππου</span> <span class='ocrx_word' id='word_1_519' title='bbox 3242 3148 3526 3217; x_wconf 77' lang='grc' dir='ltr'>ἐκδικῆσαι</span> <span class='ocrx_word' id='word_1_520' title='bbox 3582 3147 3689 3216; x_wconf 78' lang='grc' dir='ltr'>τὴν</span> 
     </span>
    </p>
   </div>
   <div class='ocr_carea' id='block_1_71' title="bbox 2105 3239 3689 3316">
    <p class='ocr_par' dir='ltr' id='par_1_71' title="bbox 2105 3239 3689 3316">
     <span class='ocr_line' id='line_1_71' title="bbox 2105 3239 3689 3316; baseline -0.003 -18"><span class='ocrx_word' id='word_1_521' title='bbox 2105 3245 2238 3316; x_wconf 82' lang='grc' dir='ltr'>παρ’</span> <span class='ocrx_word' id='word_1_522' title='bbox 2265 3244 2445 3298; x_wconf 79' lang='grc' dir='ltr'>αὑτῶν</span> <span class='ocrx_word' id='word_1_523' title='bbox 2489 3244 2583 3297; x_wconf 70' lang='grc' dir='ltr'>ἐπὶ</span> <span class='ocrx_word' id='word_1_524' title='bbox 2607 3241 2991 3315; x_wconf 87' lang='grc' dir='ltr'>Διοκλητιανοῦ</span> <span class='ocrx_word' id='word_1_525' title='bbox 3023 3241 3118 3296; x_wconf 89' lang='grc' dir='ltr'>τοῦ</span> <span class='ocrx_word' id='word_1_526' title='bbox 3166 3240 3427 3311; x_wconf 84' lang='grc' dir='ltr'>βασιλέως</span> <span class='ocrx_word' id='word_1_527' title='bbox 3458 3239 3689 3309; x_wconf 82' lang='grc' dir='ltr'>γενομέ-</span> 
     </span>
    </p>
   </div>
   <div class='ocr_carea' id='block_1_72' title="bbox 2103 3335 3686 3407">
    <p class='ocr_par' dir='ltr' id='par_1_72' title="bbox 2103 3335 3686 3407">
     <span class='ocr_line' id='line_1_72' title="bbox 2103 3335 3686 3407; baseline -0.006 -16"><span class='ocrx_word' id='word_1_528' title='bbox 2103 3354 2223 3407; x_wconf 89' lang='grc' dir='ltr'>νην.</span> <span class='ocrx_word' id='word_1_529' title='bbox 2254 3336 2533 3401; x_wconf 88' lang='grc' dir='ltr'>Μαθόντες</span> <span class='ocrx_word' id='word_1_530' title='bbox 2576 3336 2631 3390; x_wconf 84' lang='grc' dir='ltr'>δὲ</span> <span class='ocrx_word' id='word_1_531' title='bbox 2658 3336 2818 3390; x_wconf 87' lang='grc' dir='ltr'>τοῦτο</span> <span class='ocrx_word' id='word_1_532' title='bbox 2850 3337 2897 3389; x_wconf 79' lang='lat' dir='ltr'>oi</span> <span class='ocrx_word' id='word_1_533' title='bbox 2940 3335 3300 3405; x_wconf 76' lang='grc' dir='ltr'>Χερσωνῖται,</span> <span class='ocrx_word' id='word_1_534' title='bbox 3335 3348 3686 3401; x_wconf 76' lang='grc' dir='ltr'>στεφανηφο-</span> 
     </span>
    </p>
   </div>
   <div class='ocr_carea' id='block_1_73' title="bbox 2106 3421 3681 3500">
    <p class='ocr_par' dir='ltr' id='par_1_73' title="bbox 2106 3421 3681 3500">
     <span class='ocr_line' id='line_1_73' title="bbox 2106 3421 3681 3500; baseline -0.006 -18"><span class='ocrx_word' id='word_1_535' title='bbox 2106 3427 2326 3500; x_wconf 87' lang='grc' dir='ltr'>ροῦντος</span> <span class='ocrx_word' id='word_1_536' title='bbox 2352 3429 2475 3481; x_wconf 88' lang='grc' dir='ltr'>τότε</span> <span class='ocrx_word' id='word_1_537' title='bbox 2500 3428 2597 3480; x_wconf 62' lang='grc' dir='ltr'>καὶ⁵</span> <span class='ocrx_word' id='word_1_538' title='bbox 2614 3427 2985 3498; x_wconf 82' lang='grc' dir='ltr'>πρωτεύοντος</span> <span class='ocrx_word' id='word_1_539' title='bbox 3017 3428 3116 3496; x_wconf 80' lang='grc' dir='ltr'>τῆς</span> <span class='ocrx_word' id='word_1_540' title='bbox 3148 3423 3432 3494; x_wconf 84' lang='grc' dir='ltr'>Χερσῶνος</span> <span class='ocrx_word' id='word_1_541' title='bbox 3464 3421 3537 3474; x_wconf 68' lang='lat' dir='ltr'>Bt)</span> <span class='ocrx_word' id='word_1_542' title='bbox 3549 3438 3681 3474; x_wconf 78' lang='grc' dir='ltr'>σκου</span> 
     </span>
    </p>
   </div>
   <div class='ocr_carea' id='block_1_74' title="bbox 2102 3517 3682 3593">
    <p class='ocr_par' dir='ltr' id='par_1_74' title="bbox 2102 3517 3682 3593">
     <span class='ocr_line' id='line_1_74' title="bbox 2102 3517 3682 3593; baseline -0.006 -16"><span class='ocrx_word' id='word_1_543' title='bbox 2102 3522 2196 3577; x_wconf 90' lang='grc' dir='ltr'>τοῦ</span> <span class='ocrx_word' id='word_1_544' title='bbox 2227 3524 2579 3593; x_wconf 86' lang='grc' dir='ltr'>Σουπολίχου,</span> <span class='ocrx_word' id='word_1_545' title='bbox 2603 3520 3176 3592; x_wconf 81' lang='grc' dir='ltr'>ἀντιπαραταξάμενοι</span> <span class='ocrx_word' id='word_1_546' title='bbox 3202 3518 3296 3573; x_wconf 73' lang='grc' dir='ltr'>καὶ</span> <span class='ocrx_word' id='word_1_547' title='bbox 3318 3518 3472 3572; x_wconf 78' lang='grc' dir='ltr'>αὐτοὶ</span> <span class='ocrx_word' id='word_1_548' title='bbox 3502 3517 3682 3589; x_wconf 80' lang='grc' dir='ltr'>ὑπήν-</span> 
     </span>
    </p>
   </div>
   <div class='ocr_carea' id='block_1_75' title="bbox 2080 3608 3685 3693">
    <p class='ocr_par' dir='ltr' id='par_1_75' title="bbox 2080 3608 3685 3693">
     <span class='ocr_line' id='line_1_75' title="bbox 2080 3608 3685 3693; baseline -0.003 -27"><span class='ocrx_word' id='word_1_549' title='bbox 2080 3629 2277 3693; x_wconf 30' lang='grc' dir='ltr'>Ιτησαν</span> <span class='ocrx_word' id='word_1_550' title='bbox 2307 3612 2385 3683; x_wconf 82' lang='grc' dir='ltr'>τῷ</span> <span class='ocrx_word' id='word_1_551' title='bbox 2405 3613 2741 3685; x_wconf 82' lang='grc' dir='ltr'>Σαυρομάτῳ</span> <span class='ocrx_word' id='word_1_552' title='bbox 2757 3611 2863 3677; x_wconf 79' lang='grc' dir='ltr'>ἔξω</span> <span class='ocrx_word' id='word_1_553' title='bbox 2880 3613 2936 3664; x_wconf 81' lang='grc' dir='ltr'>ὲν</span> <span class='ocrx_word' id='word_1_554' title='bbox 2950 3613 3060 3674; x_wconf 87' lang='grc' dir='ltr'>τοῖς</span> <span class='ocrx_word' id='word_1_555' title='bbox 3077 3610 3169 3663; x_wconf 87' lang='grc' dir='ltr'>τοῦ</span> <span class='ocrx_word' id='word_1_556' title='bbox 3193 3608 3485 3679; x_wconf 81' lang='grc' dir='ltr'>λεγομένου</span> <span class='ocrx_word' id='word_1_557' title='bbox 3510 3609 3685 3677; x_wconf 79' lang='grc' dir='ltr'>Καφᾶ</span> 
     </span>
    </p>
   </div>
   <div class='ocr_carea' id='block_1_76' title="bbox 2101 3696 3682 3773">
    <p class='ocr_par' dir='ltr' id='par_1_76' title="bbox 2101 3696 3682 3773">
     <span class='ocr_line' id='line_1_76' title="bbox 2101 3696 3682 3773; baseline -0.005 -17"><span class='ocrx_word' id='word_1_558' title='bbox 2101 3704 2311 3768; x_wconf 84' lang='grc' dir='ltr'>τόποις,</span> <span class='ocrx_word' id='word_1_559' title='bbox 2333 3703 2427 3757; x_wconf 80' lang='grc' dir='ltr'>καὶ</span> <span class='ocrx_word' id='word_1_560' title='bbox 2458 3704 2870 3773; x_wconf 83' lang='grc' dir='ltr'>πολεμήσαντες</span> <span class='ocrx_word' id='word_1_561' title='bbox 2900 3700 3040 3771; x_wconf 83' lang='grc' dir='ltr'>μετὰ</span> <span class='ocrx_word' id='word_1_562' title='bbox 3074 3699 3261 3763; x_wconf 83' lang='grc' dir='ltr'>αὑτοῦ,</span> <span class='ocrx_word' id='word_1_563' title='bbox 3288 3697 3377 3750; x_wconf 86' lang='grc' dir='ltr'>τοῦ</span> <span class='ocrx_word' id='word_1_564' title='bbox 3402 3696 3538 3749; x_wconf 87' lang='grc' dir='ltr'>Θεοῦ</span> <span class='ocrx_word' id='word_1_565' title='bbox 3564 3699 3682 3760; x_wconf 82' lang='grc' dir='ltr'>τοῖς</span> 
     </span>
    </p>
   </div>
   <div class='ocr_carea' id='block_1_77' title="bbox 2102 3790 3683 3866">
    <p class='ocr_par' dir='ltr' id='par_1_77' title="bbox 2102 3790 3683 3866">
     <span class='ocr_line' id='line_1_77' title="bbox 2102 3790 3683 3866; baseline -0.004 -17"><span class='ocrx_word' id='word_1_566' title='bbox 2102 3794 2479 3866; x_wconf 85' lang='grc' dir='ltr'>Χερσωνίταις</span> <span class='ocrx_word' id='word_1_567' title='bbox 2517 3794 2858 3865; x_wconf 87' lang='grc' dir='ltr'>βοηθοῦντος,</span> <span class='ocrx_word' id='word_1_568' title='bbox 2908 3793 3171 3863; x_wconf 74' lang='grc' dir='ltr'>ἐνίκησαν</span> <span class='ocrx_word' id='word_1_569' title='bbox 3200 3792 3293 3845; x_wconf 87' lang='grc' dir='ltr'>τδν</span> <span class='ocrx_word' id='word_1_570' title='bbox 3324 3790 3683 3861; x_wconf 87' lang='grc' dir='ltr'>Σαυρόματον</span> 
     </span>
    </p>
   </div>
   <div class='ocr_carea' id='block_1_78' title="bbox 2104 3880 3684 3957">
    <p class='ocr_par' dir='ltr' id='par_1_78' title="bbox 2104 3880 3684 3957">
     <span class='ocr_line' id='line_1_78' title="bbox 2104 3880 3684 3957; baseline -0.006 -16"><span class='ocrx_word' id='word_1_571' title='bbox 2104 3889 2200 3943; x_wconf 77' lang='grc' dir='ltr'>καὶ</span> <span class='ocrx_word' id='word_1_572' title='bbox 2239 3887 2490 3953; x_wconf 77' lang='grc' dir='ltr'>ἐδίωξαν,</span> <span class='ocrx_word' id='word_1_573' title='bbox 2528 3887 2799 3957; x_wconf 82' lang='grc' dir='ltr'>ϐήσαντες</span> <span class='ocrx_word' id='word_1_574' title='bbox 2828 3886 2924 3939; x_wconf 72' lang='grc' dir='ltr'>καὶ</span> <span class='ocrx_word' id='word_1_575' title='bbox 2965 3884 3255 3956; x_wconf 86' lang='grc' dir='ltr'>ὁροθεσίας</span> <span class='ocrx_word' id='word_1_576' title='bbox 3318 3884 3378 3935; x_wconf 82' lang='grc' dir='ltr'>ἐν</span> <span class='ocrx_word' id='word_1_577' title='bbox 3424 3881 3500 3951; x_wconf 75' lang='grc' dir='ltr'>τῷ</span> <span class='ocrx_word' id='word_1_578' title='bbox 3530 3880 3684 3950; x_wconf 85' lang='grc' dir='ltr'>αὑτῷ</span> 
     </span>
    </p>
   </div>
   <div class='ocr_carea' id='block_1_79' title="bbox 2102 3972 3684 4051">
    <p class='ocr_par' dir='ltr' id='par_1_79' title="bbox 2102 3972 3684 4051">
     <span class='ocr_line' id='line_1_79' title="bbox 2102 3972 3684 4051; baseline -0.007 -17"><span class='ocrx_word' id='word_1_579' title='bbox 2102 3979 2382 4051; x_wconf 82' lang='grc' dir='ltr'>λεγομένῳ</span> <span class='ocrx_word' id='word_1_580' title='bbox 2416 3979 2585 4049; x_wconf 83' lang='grc' dir='ltr'>Καφᾷ</span> <span class='ocrx_word' id='word_1_581' title='bbox 2614 3979 2673 4031; x_wconf 83' lang='grc' dir='ltr'>έν</span> <span class='ocrx_word' id='word_1_582' title='bbox 2787 3977 2937 4049; x_wconf 85' lang='grc' dir='ltr'>τόπῳ</span> <span class='ocrx_word' id='word_1_583' title='bbox 2968 3976 3381 4048; x_wconf 85' lang='grc' dir='ltr'>πολεμήσαντες</span> <span class='ocrx_word' id='word_1_584' title='bbox 3410 3974 3500 4025; x_wconf 74' lang='grc' dir='ltr'>τὸν</span> <span class='ocrx_word' id='word_1_585' title='bbox 3534 3973 3684 4024; x_wconf 80' lang='grc' dir='ltr'>Σαυ-</span> 
     </span>
    </p>
   </div>
   <div class='ocr_carea' id='block_1_80' title="bbox 2104 4064 3685 4144">
    <p class='ocr_par' dir='ltr' id='par_1_80' title="bbox 2104 4064 3685 4144">
     <span class='ocr_line' id='line_1_80' title="bbox 2104 4064 3685 4144; baseline -0.008 -17"><span class='ocrx_word' id='word_1_586' title='bbox 2104 4074 2341 4144; x_wconf 87' lang='grc' dir='ltr'>ρόματον</span> <span class='ocrx_word' id='word_1_587' title='bbox 2374 4071 2634 4141; x_wconf 80' lang='grc' dir='ltr'>ἐνίκησαν</span> <span class='ocrx_word' id='word_1_588' title='bbox 2669 4070 2805 4140; x_wconf 58' lang='grc' dir='ltr'>(τεν</span> <span class='ocrx_word' id='word_1_589' title='bbox 2832 4072 2889 4123; x_wconf 75' lang='grc' dir='ltr'>ἐν</span> <span class='ocrx_word' id='word_1_590' title='bbox 2923 4064 2968 4138; x_wconf 81' lang='grc' dir='ltr'>ᾧ</span> <span class='ocrx_word' id='word_1_591' title='bbox 2992 4069 3087 4122; x_wconf 78' lang='grc' dir='ltr'>καὶ</span> <span class='ocrx_word' id='word_1_592' title='bbox 3132 4069 3328 4140; x_wconf 80' lang='grc' dir='ltr'>ὅρκους</span> <span class='ocrx_word' id='word_1_593' title='bbox 3359 4065 3685 4120; x_wconf 80' lang='grc' dir='ltr'>ἐπετέλεσεν</span> 
     </span>
    </p>
   </div>
   <div class='ocr_carea' id='block_1_81' title="bbox 2101 4156 3686 4232">
    <p class='ocr_par' dir='ltr' id='par_1_81' title="bbox 2101 4156 3686 4232">
     <span class='ocr_line' id='line_1_81' title="bbox 2101 4156 3686 4232; baseline -0.004 -15"><span class='ocrx_word' id='word_1_594' title='bbox 2101 4166 2130 4217; x_wconf 87' lang='grc' dir='ltr'>ὁ</span> <span class='ocrx_word' id='word_1_595' title='bbox 2176 4162 2339 4225; x_wconf 83' lang='grc' dir='ltr'>αὐτὸς</span> <span class='ocrx_word' id='word_1_596' title='bbox 2382 4162 2735 4232; x_wconf 86' lang='grc' dir='ltr'>Σαυρόματος</span> <span class='ocrx_word' id='word_1_597' title='bbox 2771 4160 2862 4213; x_wconf 78' lang='grc' dir='ltr'>καὶ</span> <span class='ocrx_word' id='word_1_598' title='bbox 2921 4160 2971 4212; x_wconf 81' lang='lat' dir='ltr'>oi</span> <span class='ocrx_word' id='word_1_599' title='bbox 3006 4160 3103 4213; x_wconf 70' lang='grc' dir='ltr'>σὺν</span> <span class='ocrx_word' id='word_1_600' title='bbox 3138 4158 3287 4229; x_wconf 86' lang='grc' dir='ltr'>αὑτῷ</span> <span class='ocrx_word' id='word_1_601' title='bbox 3326 4156 3686 4224; x_wconf 80' lang='grc' dir='ltr'>ὑπολειφθέν-</span> 
     </span>
    </p>
   </div>
   <div class='ocr_carea' id='block_1_82' title="bbox 2101 4246 3683 4322">
    <p class='ocr_par' dir='ltr' id='par_1_82' title="bbox 2101 4246 3683 4322">
     <span class='ocr_line' id='line_1_82' title="bbox 2101 4246 3683 4322; baseline -0.004 -16"><span class='ocrx_word' id='word_1_602' title='bbox 2101 4270 2215 4317; x_wconf 86' lang='grc' dir='ltr'>τες,</span> <span class='ocrx_word' id='word_1_603' title='bbox 2247 4252 2342 4305; x_wconf 83' lang='grc' dir='ltr'>τοῦ</span> <span class='ocrx_word' id='word_1_604' title='bbox 2378 4253 2576 4321; x_wconf 84' lang='grc' dir='ltr'>μηκέτι</span> <span class='ocrx_word' id='word_1_605' title='bbox 2609 4251 2808 4315; x_wconf 71' lang='grc' dir='ltr'>αὐτοὺς</span> <span class='ocrx_word' id='word_1_606' title='bbox 2859 4251 3019 4322; x_wconf 85' lang='grc' dir='ltr'>χάριν</span> <span class='ocrx_word' id='word_1_607' title='bbox 3048 4250 3285 4320; x_wconf 76' lang='grc' dir='ltr'>πολέμου</span> <span class='ocrx_word' id='word_1_608' title='bbox 3328 4246 3683 4317; x_wconf 75' lang='grc' dir='ltr'>ὑπερϐαίνειν</span> 
     </span>
    </p>
   </div>
   <div class='ocr_carea' id='block_1_83' title="bbox 2102 4340 3682 4415">
    <p class='ocr_par' dir='ltr' id='par_1_83' title="bbox 2102 4340 3682 4415">
     <span class='ocr_line' id='line_1_83' title="bbox 2102 4340 3682 4415; baseline -0.005 -17"><span class='ocrx_word' id='word_1_609' title='bbox 2102 4345 2200 4409; x_wconf 79' lang='grc' dir='ltr'>τὰς</span> <span class='ocrx_word' id='word_1_610' title='bbox 2237 4344 2439 4415; x_wconf 75' lang='grc' dir='ltr'>μεταξῦ</span> <span class='ocrx_word' id='word_1_611' title='bbox 2473 4343 2652 4398; x_wconf 80' lang='grc' dir='ltr'>αὐτῶν</span> <span class='ocrx_word' id='word_1_612' title='bbox 2681 4344 2930 4406; x_wconf 84' lang='grc' dir='ltr'>τεθείσας</span> <span class='ocrx_word' id='word_1_613' title='bbox 2967 4342 3270 4415; x_wconf 76' lang='grc' dir='ltr'>ὁροθεσίας,</span> <span class='ocrx_word' id='word_1_614' title='bbox 3302 4340 3415 4394; x_wconf 75' lang='grc' dir='ltr'>ἀλλ’</span> <span class='ocrx_word' id='word_1_615' title='bbox 3448 4340 3682 4392; x_wconf 66' lang='grc' dir='ltr'>ἕκαστον</span> 
     </span>
    </p>
   </div>
   <div class='ocr_carea' id='block_1_84' title="bbox 2102 4430 3680 4507">
    <p class='ocr_par' dir='ltr' id='par_1_84' title="bbox 2102 4430 3680 4507">
     <span class='ocr_line' id='line_1_84' title="bbox 2102 4430 3680 4507; baseline -0.005 -17"><span class='ocrx_word' id='word_1_616' title='bbox 2102 4435 2284 4490; x_wconf 86' lang='grc' dir='ltr'>αὐτῶν</span> <span class='ocrx_word' id='word_1_617' title='bbox 2337 4437 2468 4499; x_wconf 85' lang='grc' dir='ltr'>τοὺς</span> <span class='ocrx_word' id='word_1_618' title='bbox 2520 4435 2681 4497; x_wconf 83' lang='grc' dir='ltr'>ίδίους</span> <span class='ocrx_word' id='word_1_619' title='bbox 2722 4436 2866 4507; x_wconf 74' lang='grc' dir='ltr'>ἔχειν</span> <span class='ocrx_word' id='word_1_620' title='bbox 2906 4436 3104 4498; x_wconf 83' lang='grc' dir='ltr'>τόπους</span> <span class='ocrx_word' id='word_1_621' title='bbox 3132 4434 3269 4505; x_wconf 71' lang='grc' dir='ltr'>πρὸς</span> <span class='ocrx_word' id='word_1_622' title='bbox 3298 4433 3398 4495; x_wconf 81' lang='grc' dir='ltr'>τὰς</span> <span class='ocrx_word' id='word_1_623' title='bbox 3426 4430 3680 4493; x_wconf 85' lang='grc' dir='ltr'>τεθείσας</span> 
     </span>
    </p>
   </div>
   <div class='ocr_carea' id='block_1_85' title="bbox 424 4517 2001 4601">
    <p class='ocr_par' dir='ltr' id='par_1_85' title="bbox 424 4517 1996 4591">
     <span class='ocr_line' id='line_1_85' title="bbox 424 4517 1996 4591; baseline 0.003 -18"><span class='ocrx_word' id='word_1_624' title='bbox 424 4517 675 4590; x_wconf 85' lang='lat' dir='ltr'><strong>paludem</strong></span> <span class='ocrx_word' id='word_1_625' title='bbox 710 4520 931 4575; x_wconf 79' lang='lat' dir='ltr'><strong>collecta</strong></span> <span class='ocrx_word' id='word_1_626' title='bbox 985 4535 1217 4591; x_wconf 81' lang='lat' dir='ltr'><strong>surgens</strong></span> <span class='ocrx_word' id='word_1_627' title='bbox 1250 4521 1451 4576; x_wconf 88' lang='lat' dir='ltr'><strong>bellum</strong></span> <span class='ocrx_word' id='word_1_628' title='bbox 1507 4530 1700 4577; x_wconf 88' lang='lat' dir='ltr'><strong>contra</strong></span> <span class='ocrx_word' id='word_1_629' title='bbox 1758 4521 1996 4578; x_wconf 62' lang='grc' dir='ltr'>(ἔθει-εο-</span> 
     </span>
    </p>
   </div>
   <div class='ocr_carea' id='block_1_86' title="bbox 2104 4517 3683 4601">
    <p class='ocr_par' dir='ltr' id='par_1_86' title="bbox 2105 4524 3683 4601">
     <span class='ocr_line' id='line_1_86' title="bbox 2105 4524 3683 4601; baseline -0.006 -18"><span class='ocrx_word' id='word_1_630' title='bbox 2105 4527 2407 4601; x_wconf 85' lang='grc' dir='ltr'>ὁροθεσίας.</span> <span class='ocrx_word' id='word_1_631' title='bbox 2434 4527 2545 4581; x_wconf 76' lang='grc' dir='ltr'>Καὶ</span> <span class='ocrx_word' id='word_1_632' title='bbox 2575 4526 2748 4591; x_wconf 75' lang='grc' dir='ltr'>οὕτως</span> <span class='ocrx_word' id='word_1_633' title='bbox 2780 4527 3131 4597; x_wconf 74' lang='grc' dir='ltr'>ἀνεχώρησεν</span> <span class='ocrx_word' id='word_1_634' title='bbox 3159 4526 3251 4578; x_wconf 74' lang='grc' dir='ltr'>ἐπὶ</span> <span class='ocrx_word' id='word_1_635' title='bbox 3274 4524 3371 4596; x_wconf 77' lang='grc' dir='ltr'>τήν</span> <span class='ocrx_word' id='word_1_636' title='bbox 3402 4524 3683 4593; x_wconf 81' lang='grc' dir='ltr'>Βόσπορον</span> 
     </span>
    </p>
   </div>
   <div class='ocr_carea' id='block_1_87' title="bbox 429 4612 2001 4684">
    <p class='ocr_par' dir='ltr' id='par_1_87' title="bbox 429 4612 2001 4684">
     <span class='ocr_line' id='line_1_87' title="bbox 429 4612 2001 4684; baseline 0.003 -21"><span class='ocrx_word' id='word_1_637' title='bbox 429 4612 573 4667; x_wconf 86' lang='lat' dir='ltr'><strong>nitas</strong></span> <span class='ocrx_word' id='word_1_638' title='bbox 634 4613 822 4681; x_wconf 74' lang='lat' dir='ltr'><strong>ccepit,</strong></span> <span class='ocrx_word' id='word_1_639' title='bbox 879 4613 1191 4683; x_wconf 87' lang='lat' dir='ltr'><strong>limitesque</strong></span> <span class='ocrx_word' id='word_1_640' title='bbox 1218 4613 1731 4684; x_wconf 82' lang='lat' dir='ltr'><strong>cumjnrejurando</strong></span> <span class='ocrx_word' id='word_1_641' title='bbox 1780 4616 1834 4669; x_wconf 93' lang='lat' dir='ltr'><strong>in</strong></span> <span class='ocrx_word' id='word_1_642' title='bbox 1896 4614 2001 4669; x_wconf 86' lang='lat' dir='ltr'>Ca-</span> 
     </span>
    </p>
   </div>
   <div class='ocr_carea' id='block_1_88' title="bbox 424 4704 1996 4777">
    <p class='ocr_par' dir='ltr' id='par_1_88' title="bbox 424 4704 1996 4777">
     <span class='ocr_line' id='line_1_88' title="bbox 424 4704 1996 4777; baseline 0.003 -19"><span class='ocrx_word' id='word_1_643' title='bbox 424 4704 535 4776; x_wconf 60' lang='lat' dir='ltr'><strong>plla</strong></span> <span class='ocrx_word' id='word_1_644' title='bbox 565 4721 599 4760; x_wconf 86' lang='lat' dir='ltr'>a</span> <span class='ocrx_word' id='word_1_645' title='bbox 650 4707 824 4775; x_wconf 87' lang='lat' dir='ltr'><strong>primo</strong></span> <span class='ocrx_word' id='word_1_646' title='bbox 866 4704 1193 4762; x_wconf 83' lang='lat' dir='ltr'><strong>Sauromato</strong></span> <span class='ocrx_word' id='word_1_647' title='bbox 1252 4708 1481 4777; x_wconf 90' lang='lat' dir='ltr'><strong>positos,</strong></span> <span class='ocrx_word' id='word_1_648' title='bbox 1533 4716 1591 4761; x_wconf 92' lang='lat' dir='ltr'><strong>ut</strong></span> <span class='ocrx_word' id='word_1_649' title='bbox 1619 4724 1776 4763; x_wconf 83' lang='lat' dir='ltr'><strong>nemo</strong></span> <span class='ocrx_word' id='word_1_650' title='bbox 1808 4717 1996 4763; x_wconf 81' lang='lat' dir='ltr'><strong>contra</strong></span> 
     </span>
    </p>
   </div>
   <div class='ocr_carea' id='block_1_89' title="bbox 421 4797 1994 4870">
    <p class='ocr_par' dir='ltr' id='par_1_89' title="bbox 421 4797 1994 4870">
     <span class='ocr_line' id='line_1_89' title="bbox 421 4797 1994 4870; baseline -0.001 -17"><span class='ocrx_word' id='word_1_651' title='bbox 421 4797 779 4854; x_wconf 82' lang='lat' dir='ltr'><strong>Cbersonitas</strong></span> <span class='ocrx_word' id='word_1_652' title='bbox 831 4797 960 4854; x_wconf 88' lang='lat' dir='ltr'><strong>belli</strong></span> <span class='ocrx_word' id='word_1_653' title='bbox 1022 4798 1198 4870; x_wconf 81' lang='lat' dir='ltr'><strong>gratia</strong></span> <span class='ocrx_word' id='word_1_654' title='bbox 1265 4800 1387 4855; x_wconf 90' lang='lat' dir='ltr'><strong>illos</strong></span> <span class='ocrx_word' id='word_1_655' title='bbox 1455 4801 1994 4870; x_wconf 70' lang='lat' dir='ltr'><strong>praatergrederetur,</strong></span> 
     </span>
    </p>
   </div>
   <div class='ocr_carea' id='block_1_90' title="bbox 423 4892 1991 4961">
    <p class='ocr_par' dir='ltr' id='par_1_90' title="bbox 423 4892 1991 4961">
     <span class='ocr_line' id='line_1_90' title="bbox 423 4892 1991 4961; baseline 0.002 -18"><span class='ocrx_word' id='word_1_656' title='bbox 423 4899 799 4961; x_wconf 76' lang='lat' dir='ltr'><strong>transgressus</strong></span> <span class='ocrx_word' id='word_1_657' title='bbox 828 4897 935 4954; x_wconf 88' lang='lat' dir='ltr'><strong>est,</strong></span> <span class='ocrx_word' id='word_1_658' title='bbox 973 4900 1235 4961; x_wconf 82' lang='lat' dir='ltr'><strong>tanquam</strong></span> <span class='ocrx_word' id='word_1_659' title='bbox 1289 4892 1525 4946; x_wconf 80' lang='lat' dir='ltr'><strong>ablatam</strong></span> <span class='ocrx_word' id='word_1_660' title='bbox 1575 4892 1678 4947; x_wconf 89' lang='lat' dir='ltr'><strong>sibi</strong></span> <span class='ocrx_word' id='word_1_661' title='bbox 1733 4907 1828 4961; x_wconf 90' lang='lat' dir='ltr'>per</span> <span class='ocrx_word' id='word_1_662' title='bbox 1882 4893 1991 4947; x_wconf 90' lang='lat' dir='ltr'><strong>vim</strong></span> 
     </span>
    </p>
   </div>
   <div class='ocr_carea' id='block_1_91' title="bbox 424 4981 2000 5053">
    <p class='ocr_par' dir='ltr' id='par_1_91' title="bbox 424 4981 2000 5053">
     <span class='ocr_line' id='line_1_91' title="bbox 424 4981 2000 5053; baseline 0.002 -19"><span class='ocrx_word' id='word_1_663' title='bbox 424 4991 626 5036; x_wconf 89' lang='lat' dir='ltr'><strong>terram</strong></span> <span class='ocrx_word' id='word_1_664' title='bbox 692 4981 1071 5038; x_wconf 87' lang='lat' dir='ltr'><strong>vindicaturus</strong></span> <span class='ocrx_word' id='word_1_665' title='bbox 1166 4991 1625 5053; x_wconf 81' lang='lat' dir='ltr'><strong>recepturusque.</strong></span> <span class='ocrx_word' id='word_1_666' title='bbox 1712 4981 2000 5039; x_wconf 80' lang='lat' dir='ltr'><strong>liabehant</strong></span> 
     </span>
    </p>
   </div>
   <div class='ocr_carea' id='block_1_92' title="bbox 424 5073 1999 5146">
    <p class='ocr_par' dir='ltr' id='par_1_92' title="bbox 424 5073 1999 5146">
     <span class='ocr_line' id='line_1_92' title="bbox 424 5073 1999 5146; baseline -0.001 -17"><span class='ocrx_word' id='word_1_667' title='bbox 424 5083 606 5130; x_wconf 87' lang='lat' dir='ltr'><strong>autem</strong></span> <span class='ocrx_word' id='word_1_668' title='bbox 644 5075 946 5146; x_wconf 87' lang='lat' dir='ltr'><strong>principem</strong></span> <span class='ocrx_word' id='word_1_669' title='bbox 972 5090 1034 5130; x_wconf 90' lang='lat' dir='ltr'>ac</span> <span class='ocrx_word' id='word_1_670' title='bbox 1065 5082 1452 5145; x_wconf 86' lang='lat' dir='ltr'><strong>proteuontem</strong></span> <span class='ocrx_word' id='word_1_671' title='bbox 1483 5084 1611 5128; x_wconf 85' lang='lat' dir='ltr'><strong>tunc</strong></span> <span class='ocrx_word' id='word_1_672' title='bbox 1659 5073 1820 5146; x_wconf 60' lang='lat'>149</span> <span class='ocrx_word' id='word_1_673' title='bbox 1861 5082 1999 5129; x_wconf 89' lang='lat' dir='ltr'><strong>tem-</strong></span> 
     </span>
    </p>
   </div>
   <div class='ocr_carea' id='block_1_93' title="bbox 424 5166 2013 5239">
    <p class='ocr_par' dir='ltr' id='par_1_93' title="bbox 424 5166 2013 5239">
     <span class='ocr_line' id='line_1_93' title="bbox 424 5166 2013 5239; baseline 0 -17"><span class='ocrx_word' id='word_1_674' title='bbox 424 5166 575 5239; x_wconf 81' lang='lat' dir='ltr'><strong>poris</strong></span> <span class='ocrx_word' id='word_1_675' title='bbox 596 5167 935 5224; x_wconf 67' lang='lat' dir='ltr'><strong>Clicrsonitm</strong></span> <span class='ocrx_word' id='word_1_676' title='bbox 966 5168 1310 5223; x_wconf 75' lang='lat' dir='ltr'><strong>Pliarnacum</strong></span> <span class='ocrx_word' id='word_1_677' title='bbox 1343 5166 1617 5221; x_wconf 85' lang='lat' dir='ltr'><strong>Pharnaci</strong></span> <span class='ocrx_word' id='word_1_678' title='bbox 1662 5168 1855 5230; x_wconf 82' lang='lat' dir='ltr'><strong>lilium,</strong></span> <span class='ocrx_word' id='word_1_679' title='bbox 1908 5182 2013 5223; x_wconf 60' lang='grc' dir='ltr'>αι’-ι</span> 
     </span>
    </p>
   </div>
   <div class='ocr_carea' id='block_1_94' title="bbox 424 5255 1995 5330">
    <p class='ocr_par' dir='ltr' id='par_1_94' title="bbox 424 5255 1995 5330">
     <span class='ocr_line' id='line_1_94' title="bbox 424 5255 1995 5330; baseline 0.001 -17"><span class='ocrx_word' id='word_1_680' title='bbox 424 5258 530 5313; x_wconf 83' lang='lat' dir='ltr'><strong>tnis</strong></span> <span class='ocrx_word' id='word_1_681' title='bbox 590 5273 809 5330; x_wconf 90' lang='lat' dir='ltr'><strong>quoque</strong></span> <span class='ocrx_word' id='word_1_682' title='bbox 869 5259 970 5329; x_wconf 90' lang='lat' dir='ltr'><strong>ipsi</strong></span> <span class='ocrx_word' id='word_1_683' title='bbox 1037 5266 1229 5313; x_wconf 90' lang='lat' dir='ltr'><strong>contra</strong></span> <span class='ocrx_word' id='word_1_684' title='bbox 1297 5255 1679 5313; x_wconf 88' lang='lat' dir='ltr'><strong>Sauromatum</strong></span> <span class='ocrx_word' id='word_1_685' title='bbox 1738 5260 1995 5329; x_wconf 86' lang='lat' dir='ltr'><strong>sumptis,</strong></span> 
     </span>
    </p>
   </div>
   <div class='ocr_carea' id='block_1_95' title="bbox 422 5347 1991 5421">
    <p class='ocr_par' dir='ltr' id='par_1_95' title="bbox 422 5347 1991 5421">
     <span class='ocr_line' id='line_1_95' title="bbox 422 5347 1991 5421; baseline -0.001 -15"><span class='ocrx_word' id='word_1_686' title='bbox 422 5363 475 5406; x_wconf 70' lang='lat' dir='ltr'>et</span> <span class='ocrx_word' id='word_1_687' title='bbox 505 5350 719 5406; x_wconf 85' lang='lat' dir='ltr'><strong>obviam</strong></span> <span class='ocrx_word' id='word_1_688' title='bbox 751 5351 855 5406; x_wconf 89' lang='lat' dir='ltr'><strong>sibi</strong></span> <span class='ocrx_word' id='word_1_689' title='bbox 918 5359 1109 5406; x_wconf 89' lang='lat' dir='ltr'><strong>mutuo</strong></span> <span class='ocrx_word' id='word_1_690' title='bbox 1163 5347 1293 5404; x_wconf 74' lang='lat' dir='ltr'><strong>{acti</strong></span> <span class='ocrx_word' id='word_1_691' title='bbox 1363 5350 1417 5403; x_wconf 89' lang='lat' dir='ltr'><strong>in</strong></span> <span class='ocrx_word' id='word_1_692' title='bbox 1467 5350 1743 5419; x_wconf 73' lang='lat' dir='ltr'><strong>praedictis</strong></span> <span class='ocrx_word' id='word_1_693' title='bbox 1804 5350 1991 5421; x_wconf 72' lang='lat' dir='ltr'><strong>Caplla</strong></span> 
     </span>
    </p>
   </div>
   <div class='ocr_carea' id='block_1_96' title="bbox 2104 4614 3683 4690">
    <p class='ocr_par' dir='ltr' id='par_1_96' title="bbox 2104 4614 3683 4690">
     <span class='ocr_line' id='line_1_96' title="bbox 2104 4614 3683 4690; baseline -0.004 -17"><span class='ocrx_word' id='word_1_694' title='bbox 2104 4623 2133 4673; x_wconf 86' lang='grc' dir='ltr'>ό</span> <span class='ocrx_word' id='word_1_695' title='bbox 2162 4620 2534 4690; x_wconf 86' lang='grc' dir='ltr'>Σαυρόματος,</span> <span class='ocrx_word' id='word_1_696' title='bbox 2587 4618 2683 4673; x_wconf 69' lang='grc' dir='ltr'>καὶ</span> <span class='ocrx_word' id='word_1_697' title='bbox 2713 4620 2763 4672; x_wconf 87' lang='grc' dir='ltr'>οἱ</span> <span class='ocrx_word' id='word_1_698' title='bbox 2796 4621 3135 4690; x_wconf 83' lang='grc' dir='ltr'>Χερσωνίται</span> <span class='ocrx_word' id='word_1_699' title='bbox 3188 4618 3270 4681; x_wconf 84' lang='grc' dir='ltr'>είς</span> <span class='ocrx_word' id='word_1_700' title='bbox 3306 4617 3370 4670; x_wconf 69' lang='grc' dir='ltr'>τὰ</span> <span class='ocrx_word' id='word_1_701' title='bbox 3411 4615 3536 4669; x_wconf 75' lang='grc' dir='ltr'>ἴδια.</span> <span class='ocrx_word' id='word_1_702' title='bbox 3569 4614 3683 4667; x_wconf 72' lang='grc' dir='ltr'>Καὶ</span> 
     </span>
    </p>
   </div>
   <div class='ocr_carea' id='block_1_97' title="bbox 2103 4704 3682 4781">
    <p class='ocr_par' dir='ltr' id='par_1_97' title="bbox 2103 4704 3682 4781">
     <span class='ocr_line' id='line_1_97' title="bbox 2103 4704 3682 4781; baseline -0.006 -17"><span class='ocrx_word' id='word_1_703' title='bbox 2103 4710 2166 4781; x_wconf 84' lang='grc' dir='ltr'>δὴ</span> <span class='ocrx_word' id='word_1_704' title='bbox 2202 4711 2405 4765; x_wconf 78' lang='grc' dir='ltr'>τούτων</span> <span class='ocrx_word' id='word_1_705' title='bbox 2460 4710 2602 4764; x_wconf 77' lang='grc' dir='ltr'>οὕτω</span> <span class='ocrx_word' id='word_1_706' title='bbox 2652 4711 2981 4781; x_wconf 86' lang='grc' dir='ltr'>γενομένων,</span> <span class='ocrx_word' id='word_1_707' title='bbox 3039 4708 3203 4762; x_wconf 73' lang='grc' dir='ltr'>πάλιν</span> <span class='ocrx_word' id='word_1_708' title='bbox 3254 4706 3393 4778; x_wconf 71' lang='grc' dir='ltr'>μετὰ</span> <span class='ocrx_word' id='word_1_709' title='bbox 3450 4704 3682 4776; x_wconf 85' lang='grc' dir='ltr'>χρόνους</span> 
     </span>
    </p>
   </div>
   <div class='ocr_carea' id='block_1_98' title="bbox 2102 4795 3682 4872">
    <p class='ocr_par' dir='ltr' id='par_1_98' title="bbox 2102 4795 3682 4872">
     <span class='ocr_line' id='line_1_98' title="bbox 2102 4795 3682 4872; baseline -0.006 -16"><span class='ocrx_word' id='word_1_710' title='bbox 2102 4804 2253 4866; x_wconf 81' lang='grc' dir='ltr'>τινὰς</span> <span class='ocrx_word' id='word_1_711' title='bbox 2308 4803 2496 4872; x_wconf 77' lang='grc' dir='ltr'>ἕτερος</span> <span class='ocrx_word' id='word_1_712' title='bbox 2547 4802 2895 4872; x_wconf 80' lang='grc' dir='ltr'>Σαυρόματος</span> <span class='ocrx_word' id='word_1_713' title='bbox 2955 4801 3193 4863; x_wconf 77' lang='grc' dir='ltr'>ἀναστὰς</span> <span class='ocrx_word' id='word_1_714' title='bbox 3235 4797 3331 4852; x_wconf 74' lang='grc' dir='ltr'>καὶ</span> <span class='ocrx_word' id='word_1_715' title='bbox 3378 4796 3476 4850; x_wconf 82' lang='grc' dir='ltr'>σὺν</span> <span class='ocrx_word' id='word_1_716' title='bbox 3527 4795 3682 4866; x_wconf 84' lang='grc' dir='ltr'>αὑτῷ</span> 
     </span>
    </p>
   </div>
   <div class='ocr_carea' id='block_1_99' title="bbox 2102 4883 3682 4964">
    <p class='ocr_par' dir='ltr' id='par_1_99' title="bbox 2102 4883 3682 4964">
     <span class='ocr_line' id='line_1_99' title="bbox 2102 4883 3682 4964; baseline -0.006 -18"><span class='ocrx_word' id='word_1_717' title='bbox 2102 4893 2304 4964; x_wconf 77' lang='grc' dir='ltr'>πλῆθος</span> <span class='ocrx_word' id='word_1_718' title='bbox 2343 4892 2552 4963; x_wconf 86' lang='grc' dir='ltr'>ἀνδρῶν</span> <span class='ocrx_word' id='word_1_719' title='bbox 2598 4894 2662 4944; x_wconf 82' lang='grc' dir='ltr'>ἐκ</span> <span class='ocrx_word' id='word_1_720' title='bbox 2717 4893 2814 4959; x_wconf 77' lang='grc' dir='ltr'>τῆς</span> <span class='ocrx_word' id='word_1_721' title='bbox 2860 4890 3163 4952; x_wconf 79' lang='grc' dir='ltr'>Μαιώτιδος</span> <span class='ocrx_word' id='word_1_722' title='bbox 3210 4888 3405 4957; x_wconf 86' lang='grc' dir='ltr'>λίμνης</span> <span class='ocrx_word' id='word_1_723' title='bbox 3438 4883 3682 4954; x_wconf 81' lang='grc' dir='ltr'>παρετά-</span> 
     </span>
    </p>
   </div>
   <div class='ocr_carea' id='block_1_100' title="bbox 2102 4975 3689 5058">
    <p class='ocr_par' dir='ltr' id='par_1_100' title="bbox 2102 4975 3689 5058">
     <span class='ocr_line' id='line_1_100' title="bbox 2102 4975 3689 5058; baseline -0.008 -19"><span class='ocrx_word' id='word_1_724' title='bbox 2102 4985 2227 5051; x_wconf 78' lang='grc' dir='ltr'>ξατο</span> <span class='ocrx_word' id='word_1_725' title='bbox 2264 4985 2501 5055; x_wconf 89' lang='grc' dir='ltr'>πόλεμον</span> <span class='ocrx_word' id='word_1_726' title='bbox 2531 4985 2674 5038; x_wconf 84' lang='grc' dir='ltr'>κατὰ</span> <span class='ocrx_word' id='word_1_727' title='bbox 2707 4984 2815 5036; x_wconf 85' lang='grc' dir='ltr'>τῶν</span> <span class='ocrx_word' id='word_1_728' title='bbox 2845 4981 3225 5054; x_wconf 85' lang='grc' dir='ltr'>Χερσωνιτῶν,</span> <span class='ocrx_word' id='word_1_729' title='bbox 3263 4981 3357 5034; x_wconf 62' lang='grc' dir='ltr'>καλ¹</span> <span class='ocrx_word' id='word_1_730' title='bbox 3388 4975 3689 5058; x_wconf 59' lang='grc' dir='ltr'>παρελθὼν</span> 
     </span>
    </p>
   </div>
   <div class='ocr_carea' id='block_1_101' title="bbox 2105 5067 3680 5145">
    <p class='ocr_par' dir='ltr' id='par_1_101' title="bbox 2105 5067 3680 5145">
     <span class='ocr_line' id='line_1_101' title="bbox 2105 5067 3680 5145; baseline -0.006 -17"><span class='ocrx_word' id='word_1_731' title='bbox 2105 5074 2201 5138; x_wconf 87' lang='grc' dir='ltr'>τὰς</span> <span class='ocrx_word' id='word_1_732' title='bbox 2242 5075 2363 5145; x_wconf 83' lang='grc' dir='ltr'>μεθ’</span> <span class='ocrx_word' id='word_1_733' title='bbox 2386 5074 2550 5145; x_wconf 84' lang='grc' dir='ltr'>ὅρκου</span> <span class='ocrx_word' id='word_1_734' title='bbox 2584 5074 2835 5136; x_wconf 79' lang='grc' dir='ltr'>τεθείσας</span> <span class='ocrx_word' id='word_1_735' title='bbox 2865 5073 3145 5142; x_wconf 76' lang='grc' dir='ltr'>ὁροθεσίας</span> <span class='ocrx_word' id='word_1_736' title='bbox 3177 5074 3234 5125; x_wconf 83' lang='grc' dir='ltr'>ὲν</span> <span class='ocrx_word' id='word_1_737' title='bbox 3261 5071 3339 5142; x_wconf 80' lang='grc' dir='ltr'>τῷ</span> <span class='ocrx_word' id='word_1_738' title='bbox 3374 5069 3541 5140; x_wconf 74' lang='grc' dir='ltr'>Καφᾷ</span> <span class='ocrx_word' id='word_1_739' title='bbox 3572 5067 3680 5120; x_wconf 63' lang='grc' dir='ltr'>ὑπδ</span> 
     </span>
    </p>
   </div>
   <div class='ocr_carea' id='block_1_102' title="bbox 2103 5160 3682 5236">
    <p class='ocr_par' dir='ltr' id='par_1_102' title="bbox 2103 5160 3682 5236">
     <span class='ocr_line' id='line_1_102' title="bbox 2103 5160 3682 5236; baseline -0.003 -18"><span class='ocrx_word' id='word_1_740' title='bbox 2103 5165 2198 5219; x_wconf 89' lang='grc' dir='ltr'>τοῦ</span> <span class='ocrx_word' id='word_1_741' title='bbox 2223 5164 2439 5236; x_wconf 88' lang='grc' dir='ltr'>πρώτου</span> <span class='ocrx_word' id='word_1_742' title='bbox 2460 5166 2752 5236; x_wconf 86' lang='grc' dir='ltr'>γενομένου</span> <span class='ocrx_word' id='word_1_743' title='bbox 2782 5164 3159 5235; x_wconf 70' lang='grc' dir='ltr'>Σαυρομάτου,</span> <span class='ocrx_word' id='word_1_744' title='bbox 3183 5162 3277 5217; x_wconf 88' lang='grc' dir='ltr'>τοῦ</span> <span class='ocrx_word' id='word_1_745' title='bbox 3307 5161 3513 5233; x_wconf 84' lang='grc' dir='ltr'>μηδένα</span> <span class='ocrx_word' id='word_1_746' title='bbox 3548 5160 3682 5214; x_wconf 72' lang='grc' dir='ltr'>ποτὲ</span> 
     </span>
    </p>
   </div>
   <div class='ocr_carea' id='block_1_103' title="bbox 2101 5253 3660 5330">
    <p class='ocr_par' dir='ltr' id='par_1_103' title="bbox 2101 5253 3660 5330">
     <span class='ocr_line' id='line_1_103' title="bbox 2101 5253 3660 5330; baseline -0.004 -19"><span class='ocrx_word' id='word_1_747' title='bbox 2101 5257 2454 5330; x_wconf 72' lang='grc' dir='ltr'>ἐπιχειρῆσαι</span> <span class='ocrx_word' id='word_1_748' title='bbox 2490 5258 2599 5311; x_wconf 80' lang='grc' dir='ltr'>τῶν</span> <span class='ocrx_word' id='word_1_749' title='bbox 2645 5257 3029 5326; x_wconf 86' lang='grc' dir='ltr'>Βοσποριανῶν</span> <span class='ocrx_word' id='word_1_750' title='bbox 3069 5254 3307 5326; x_wconf 88' lang='grc' dir='ltr'>πολέμου</span> <span class='ocrx_word' id='word_1_751' title='bbox 3351 5254 3511 5325; x_wconf 84' lang='grc' dir='ltr'>χάριν</span> <span class='ocrx_word' id='word_1_752' title='bbox 3554 5253 3660 5307; x_wconf 73' lang='grc' dir='ltr'>ταῦ</span> 
     </span>
    </p>
   </div>
   <div class='ocr_carea' id='block_1_104' title="bbox 2100 5341 3680 5420">
    <p class='ocr_par' dir='ltr' id='par_1_104' title="bbox 2100 5341 3680 5420">
     <span class='ocr_line' id='line_1_104' title="bbox 2100 5341 3680 5420; baseline -0.001 -17"><span class='ocrx_word' id='word_1_753' title='bbox 2100 5366 2198 5413; x_wconf 90' lang='grc' dir='ltr'>τας</span> <span class='ocrx_word' id='word_1_754' title='bbox 2231 5348 2556 5420; x_wconf 71' lang='grc' dir='ltr'>ὑπερϐῆναι,</span> <span class='ocrx_word' id='word_1_755' title='bbox 2578 5341 2733 5411; x_wconf 71' lang='grc' dir='ltr'>οὗτος</span> <span class='ocrx_word' id='word_1_756' title='bbox 2761 5350 2788 5401; x_wconf 87' lang='grc' dir='ltr'>ὁ</span> <span class='ocrx_word' id='word_1_757' title='bbox 2811 5347 3160 5420; x_wconf 73' lang='grc' dir='ltr'>Σαυρόματος</span> <span class='ocrx_word' id='word_1_758' title='bbox 3198 5346 3463 5419; x_wconf 82' lang='grc' dir='ltr'>ὑπερέδη,</span> <span class='ocrx_word' id='word_1_759' title='bbox 3491 5345 3567 5409; x_wconf 72' lang='grc' dir='ltr'>ὼς</span> <span class='ocrx_word' id='word_1_760' title='bbox 3589 5341 3680 5401; x_wconf 71' lang='grc' dir='ltr'>οἶα</span> 
     </span>
    </p>
   </div>
   <div class='ocr_carea' id='block_1_105' title="bbox 1592 5484 2500 5544">
    <p class='ocr_par' dir='ltr' id='par_1_105' title="bbox 1592 5484 2500 5544">
     <span class='ocr_line' id='line_1_105' title="bbox 1592 5484 2500 5544; baseline 0.001 -5"><span class='ocrx_word' id='word_1_761' title='bbox 1592 5484 1891 5541; x_wconf 74' lang='lat' dir='ltr'>ANSELMI</span> <span class='ocrx_word' id='word_1_762' title='bbox 1910 5485 2236 5544; x_wconf 80' lang='lat' dir='ltr'>BANDURII</span> <span class='ocrx_word' id='word_1_763' title='bbox 2268 5485 2500 5542; x_wconf 70' lang='lat' dir='ltr'>NOTAE.</span> 
     </span>
    </p>
   </div>
   <div class='ocr_carea' id='block_1_106' title="bbox 496 5599 2000 5673">
    <p class='ocr_par' dir='ltr' id='par_1_106' title="bbox 496 5599 2000 5673">
     <span class='ocr_line' id='line_1_106' title="bbox 496 5599 2000 5673; baseline 0.003 -18"><span class='ocrx_word' id='word_1_764' title='bbox 496 5601 608 5667; x_wconf 68' lang='lat'>(70)</span> <span class='ocrx_word' id='word_1_765' title='bbox 655 5599 1030 5673; x_wconf 50' lang='lat' dir='ltr'><strong>Qtﬁiagmipav</strong></span> <span class='ocrx_word' id='word_1_766' title='bbox 1093 5599 1247 5673; x_wconf 72' lang='lat' dir='ltr'><strong>dixit</strong></span> <span class='ocrx_word' id='word_1_767' title='bbox 1283 5600 1803 5673; x_wconf 69' lang='lat' dir='ltr'><strong>Pnrphyrugenjtus.</strong></span> <span class='ocrx_word' id='word_1_768' title='bbox 1856 5605 2000 5672; x_wconf 81' lang='lat' dir='ltr'><strong>quod</strong></span> 
     </span>
    </p>
   </div>
   <div class='ocr_carea' id='block_1_107' title="bbox 426 5670 2001 5745">
    <p class='ocr_par' dir='ltr' id='par_1_107' title="bbox 426 5670 2001 5745">
     <span class='ocr_line' id='line_1_107' title="bbox 426 5670 2001 5745; baseline 0.001 -20"><span class='ocrx_word' id='word_1_769' title='bbox 426 5671 812 5745; x_wconf 55' lang='lat' dir='ltr'>916).GTODQLOV</span> <span class='ocrx_word' id='word_1_770' title='bbox 842 5670 1065 5738; x_wconf 80' lang='lat' dir='ltr'><strong>Suidas,</strong></span> <span class='ocrx_word' id='word_1_771' title='bbox 1106 5673 1200 5742; x_wconf 87' lang='lat' dir='ltr'>qui</span> <span class='ocrx_word' id='word_1_772' title='bbox 1235 5670 1617 5742; x_wconf 61' lang='lat' dir='ltr'><strong>interprctalui</strong></span> <span class='ocrx_word' id='word_1_773' title='bbox 1679 5670 2001 5745; x_wconf 63' lang='grc' dir='ltr'>,ιριϐόλαιον</span> 
     </span>
    </p>
   </div>
   <div class='ocr_carea' id='block_1_108' title="bbox 425 5742 717 5809">
    <p class='ocr_par' dir='ltr' id='par_1_108' title="bbox 425 5742 717 5809">
     <span class='ocr_line' id='line_1_108' title="bbox 425 5742 717 5809; baseline -0.007 -14"><span class='ocrx_word' id='word_1_774' title='bbox 425 5742 717 5809; x_wconf 77' lang='grc' dir='ltr'>Περσικόν.</span> 
     </span>
    </p>
   </div>
   <div class='ocr_carea' id='block_1_109' title="bbox 493 5809 1987 5885">
    <p class='ocr_par' dir='ltr' id='par_1_109' title="bbox 493 5809 1987 5885">
     <span class='ocr_line' id='line_1_109' title="bbox 493 5809 1987 5885; baseline 0.003 -20"><span class='ocrx_word' id='word_1_775' title='bbox 493 5811 605 5881; x_wconf 83' lang='lat'>(7|)</span> <span class='ocrx_word' id='word_1_776' title='bbox 641 5809 736 5865; x_wconf 72' lang='lat' dir='ltr'><strong>ille</strong></span> <span class='ocrx_word' id='word_1_777' title='bbox 769 5812 1020 5882; x_wconf 79' lang='lat' dir='ltr'><strong>princeps</strong></span> <span class='ocrx_word' id='word_1_778' title='bbox 1064 5812 1438 5884; x_wconf 77' lang='lat' dir='ltr'><strong>Bosporianus</strong></span> <span class='ocrx_word' id='word_1_779' title='bbox 1488 5813 1641 5870; x_wconf 70' lang='lat' dir='ltr'><strong>initio</strong></span> <span class='ocrx_word' id='word_1_780' title='bbox 1693 5815 1857 5885; x_wconf 61' lang='lat' dir='ltr'><strong>huius</strong></span> <span class='ocrx_word' id='word_1_781' title='bbox 1900 5831 1987 5870; x_wconf 82' lang='lat' dir='ltr'><strong>ca-</strong></span> 
     </span>
    </p>
   </div>
   <div class='ocr_carea' id='block_1_110' title="bbox 2109 5601 3677 5681">
    <p class='ocr_par' dir='ltr' id='par_1_110' title="bbox 2109 5601 3677 5681">
     <span class='ocr_line' id='line_1_110' title="bbox 2109 5601 3677 5681; baseline -0.003 -24"><span class='ocrx_word' id='word_1_782' title='bbox 2109 5606 2240 5681; x_wconf 75' lang='lat' dir='ltr'><strong>pilis</strong></span> <span class='ocrx_word' id='word_1_783' title='bbox 2278 5606 2652 5681; x_wconf 51' lang='lat' dir='ltr'><strong>appellantes</strong></span> <span class='ocrx_word' id='word_1_784' title='bbox 2681 5604 2948 5681; x_wconf 64' lang='lat' dir='ltr'><strong>scriptore</strong></span> <span class='ocrx_word' id='word_1_785' title='bbox 2978 5612 3168 5681; x_wconf 74' lang='lat' dir='ltr'><strong>nostro</strong></span> <span class='ocrx_word' id='word_1_786' title='bbox 3205 5601 3470 5681; x_wconf 45' lang='grc' dir='ltr'>Κρίσκων.</span> <span class='ocrx_word' id='word_1_787' title='bbox 3506 5602 3677 5681; x_wconf 42' lang='grc' dir='ltr'>ὀρ-ου</span> 
     </span>
    </p>
   </div>
   <div class='ocr_carea' id='block_1_111' title="bbox 2108 5670 3676 5741">
    <p class='ocr_par' dir='ltr' id='par_1_111' title="bbox 2108 5670 3676 5741">
     <span class='ocr_line' id='line_1_111' title="bbox 2108 5670 3676 5741; baseline -0.001 -13"><span class='ocrx_word' id='word_1_788' title='bbox 2108 5670 2256 5738; x_wconf 75' lang='grc' dir='ltr'>παῖς,</span> <span class='ocrx_word' id='word_1_789' title='bbox 2290 5670 2512 5729; x_wconf 68' lang='lat' dir='ltr'><strong>(Iriscon</strong></span> <span class='ocrx_word' id='word_1_790' title='bbox 2557 5675 2652 5729; x_wconf 78' lang='lat' dir='ltr'><strong>Uri</strong></span> <span class='ocrx_word' id='word_1_791' title='bbox 2700 5674 2885 5741; x_wconf 80' lang='lat' dir='ltr'><strong>ﬁlius;</strong></span> <span class='ocrx_word' id='word_1_792' title='bbox 2951 5674 3097 5728; x_wconf 85' lang='lat' dir='ltr'><strong>unde</strong></span> <span class='ocrx_word' id='word_1_793' title='bbox 3141 5670 3271 5741; x_wconf 80' lang='lat' dir='ltr'><strong>puto</strong></span> <span class='ocrx_word' id='word_1_794' title='bbox 3306 5673 3394 5725; x_wconf 75' lang='lat' dir='ltr'>hic</span> <span class='ocrx_word' id='word_1_795' title='bbox 3437 5670 3549 5726; x_wconf 81' lang='lat' dir='ltr'>duo</span> <span class='ocrx_word' id='word_1_796' title='bbox 3582 5670 3676 5726; x_wconf 79' lang='lat' dir='ltr'><strong>illa</strong></span> 
     </span>
    </p>
   </div>
   <div class='ocr_carea' id='block_1_112' title="bbox 2107 5743 3383 5800">
    <p class='ocr_par' dir='ltr' id='par_1_112' title="bbox 2107 5743 3383 5800">
     <span class='ocr_line' id='line_1_112' title="bbox 2107 5743 3383 5800; baseline -0.004 -3"><span class='ocrx_word' id='word_1_797' title='bbox 2107 5748 2269 5800; x_wconf 78' lang='lat' dir='ltr'><strong>verba</strong></span> <span class='ocrx_word' id='word_1_798' title='bbox 2294 5748 2347 5797; x_wconf 93' lang='lat' dir='ltr'>in</span> <span class='ocrx_word' id='word_1_799' title='bbox 2379 5761 2544 5800; x_wconf 85' lang='lat' dir='ltr'><strong>unum</strong></span> <span class='ocrx_word' id='word_1_800' title='bbox 2572 5745 2639 5796; x_wconf 82' lang='lat' dir='ltr'>ab</span> <span class='ocrx_word' id='word_1_801' title='bbox 2665 5746 2885 5797; x_wconf 75' lang='lat' dir='ltr'><strong>indm-to</strong></span> <span class='ocrx_word' id='word_1_802' title='bbox 2921 5745 3100 5799; x_wconf 72' lang='lat' dir='ltr'><strong>St&#39;iiila</strong></span> <span class='ocrx_word' id='word_1_803' title='bbox 3128 5743 3383 5796; x_wconf 57' lang='lat' dir='ltr'><strong>«uallata.</strong></span> 
     </span>
    </p>
   </div>
   <div class='ocr_carea' id='block_1_113' title="bbox 2171 5811 3502 5886">
    <p class='ocr_par' dir='ltr' id='par_1_113' title="bbox 2171 5811 3502 5886">
     <span class='ocr_line' id='line_1_113' title="bbox 2171 5811 3502 5886; baseline -0.001 -21"><span class='ocrx_word' id='word_1_804' title='bbox 2171 5816 2284 5886; x_wconf 68' lang='lat' dir='ltr'>(7i)</span> <span class='ocrx_word' id='word_1_805' title='bbox 2318 5814 2420 5871; x_wconf 80' lang='lat' dir='ltr'>Ms.</span> <span class='ocrx_word' id='word_1_806' title='bbox 2450 5816 2619 5869; x_wconf 57' lang='lat' dir='ltr'><strong>culex</strong></span> <span class='ocrx_word' id='word_1_807' title='bbox 2656 5815 2752 5870; x_wconf 68' lang='lat' dir='ltr'><strong>sic.</strong></span> <span class='ocrx_word' id='word_1_808' title='bbox 2784 5813 2960 5869; x_wconf 72' lang='lat' dir='ltr'><strong>Lorus</strong></span> <span class='ocrx_word' id='word_1_809' title='bbox 2991 5815 3042 5867; x_wconf 90' lang='lat' dir='ltr'>in</span> <span class='ocrx_word' id='word_1_810' title='bbox 3069 5813 3229 5867; x_wconf 73' lang='lat' dir='ltr'><strong>editis</strong></span> <span class='ocrx_word' id='word_1_811' title='bbox 3258 5811 3502 5866; x_wconf 86' lang='lat' dir='ltr'><strong>mutilus.</strong></span> 
     </span>
    </p>
   </div>
  </div>
