4050 6438
397 341 496 407 tl!

1442 338 1948 405 CONSTANTINI
1984 338 2661 402 PORPHYROGENITI

3538 341 3654 406 412

399 455 655 508 alimenta
687 452 982 510 deferenda
1043 452 1147 508 illis
1175 453 1266 523 qui
1305 452 1357 507 in
1391 453 1526 509 locis
1559 454 1758 510 abditis
1787 459 1966 518 erant,

2075 448 2160 502 διὰ
2189 450 2432 520 καράϐου
2471 449 2668 522 ἔφερεν
2703 450 2896 516 αὐτοὺς
2923 451 2982 506 ἐν
3022 452 3138 516 ταῖς
3167 452 3398 519 Σώσαις,
3438 453 3534 506 καὶ
3561 455 3652 506 διὰ

401 547 522 616 ipsa
549 560 767 616 quoque
796 546 960 617 Gycia
1021 546 1206 600 dolum
1246 546 1548 616 ignorante.
1613 544 1976 614 Exspectabat

402 648 607 702 autem,
662 647 722 694 ut
766 639 1024 706 diximus,
1092 637 1468 694 anniversario
1549 636 1638 692 die
1715 635 1973 692 Lamacbi

403 729 680 784 memoriae
709 744 889 793 sacro,
945 731 1081 784 urbe
1144 737 1255 783 tota
1313 727 1591 797 epulante,
1649 741 1714 782 ac
1778 741 1973 782 somno

401 820 600 888 sopita,
649 819 764 889 ipse
805 836 928 875 cum
997 819 1348 888 Bosporianis
1433 827 1596 889 atque
1654 820 1973 874 domesticis

403 911 520 966 suis
550 911 616 966 de
659 918 816 966 nocte
879 926 1125 980 surgere,
1179 911 1481 982 urbemque
1543 911 1858 977 incendere,
1917 920 1974 966 et

400 1016 592 1056 omnes
621 1002 890 1057 occidere.
926 1001 1172 1071 Cumque
1195 1001 1398 1056 biennii
1441 1010 1681 1070 tempore
1706 1001 1759 1056 in
1792 1002 1974 1073 (lyciae

399 1091 560 1144 domo
597 1093 906 1162 congregati
937 1103 1123 1148 essent
1183 1093 1503 1162 Bosporiani
1598 1093 1840 1158 ducenti,
1887 1094 1972 1146 in-

399 1192 672 1252 staretque
698 1183 813 1252 jam
863 1184 1192 1239 celebranda
1219 1184 1483 1240 Lamachi
1520 1185 1814 1250 memoria,
1877 1199 1972 1240 ac-

396 1275 529 1329 cidit
563 1284 622 1329 ut
669 1275 846 1345 puella
891 1274 1071 1346 Gyciaa
1094 1275 1454 1341 cubicularia,
1507 1291 1628 1346 quae
1657 1277 1706 1330 ei
1772 1275 1974 1346 gratis-

399 1367 536 1418 sima
565 1374 705 1431 erat,
743 1373 964 1435 propter
999 1364 1258 1419 oﬂensam
1299 1365 1366 1419 ab
1405 1366 1578 1420 oculis
1609 1365 1728 1433 ejus
1791 1380 1972 1419 remo-

399 1467 634 1520 veretur,
660 1456 1158 1526 secludereturqne.
1197 1457 1376 1512 Locus
1400 1472 1528 1512 vero
1586 1457 1640 1511 in
1692 1472 1800 1526 quo
1834 1472 1972 1512 con-

407 1547 754 1612 cludebatur,
800 1548 989 1603 subter
1035 1563 1252 1618 quoque
1324 1547 1687 1618 Bosporianos
1715 1547 1970 1612 habebat,

395 1642 489 1706 qui
520 1639 630 1693 illic
658 1640 962 1694 alebantur.
1021 1639 1210 1695 Puella
1235 1649 1414 1694 autent
1440 1641 1682 1704 sedente,
1712 1649 1766 1694 et
1824 1639 1970 1693 filum

397 1737 708 1800 torquente,
737 1729 961 1799 contigit
997 1738 1056 1784 ut
1096 1730 1205 1784 fusi
1263 1729 1561 1785 verticillus
1607 1729 1863 1784 decidens
1915 1728 1972 1782 in

2075 537 2168 591 τοῦ
2196 540 2561 609 παραπυλίου,
2600 541 2629 593 ὃ
2682 540 2829 613 εἶχεν
2878 544 2936 595 ἐν
2998 543 3076 614 τῷ
3119 542 3314 612 τείχει,
3366 543 3652 613 εἰσέφερεν

2075 627 2274 690 αὐτοὺς
2311 628 2368 681 ἐν
2400 627 2477 698 τῷ
2510 629 2644 698 οἴκῳ
2673 628 2840 684 αὐτοῦ
2885 629 3114 700 μηδενὸς
3142 629 3368 694 εἰδότος,
3411 631 3459 682 ει
3493 629 3566 698 μή
3595 629 3653 681 τί

2073 735 2139 786 γε
2189 719 2340 788 τρεῖς
2370 719 2478 772 τῶν
2529 719 2734 773 παίδων
2785 720 2950 774 αὑτοῦ
2995 718 3104 774 τῶν
3137 721 3520 790 Βοσποριανων
3553 719 3652 772 καὶ

2077 807 2237 877 μόνον
2268 807 2477 861 πιστῶν
2507 809 2672 863 αὐτοῦ
2699 809 2889 864 όντων·
2923 810 3044 874 ἐνὸς
3076 809 3175 881 μὲν
3195 809 3288 863 τοῦ
3314 810 3372 861 ἐν
3397 808 3651 878 συμϐόλῳ

2072 898 2480 969 ἀπερχομένου,
2519 901 2614 954 καὶ
2655 900 2950 972 μηνύοντος
2990 903 3292 971 ἀναχωρεῖν
3323 901 3447 963 τοὺς
3476 901 3654 970 καρά-

2074 989 2218 1052 6ους·
2252 989 2412 1043 ἄλλου
2454 991 2511 1044 δὲ
2564 991 2656 1045 τοῦ
2707 991 3142 1064 ὑποστρέφοντος
3168 992 3316 1062 τοὺςξ
3341 993 3649 1061 Βοσπορια-

2073 1079 2197 1142 νοὺς
2220 1078 2312 1132 καὶ
2343 1079 2599 1149 φέροντος
2627 1081 2683 1133 ἐν
2715 1081 2959 1151 λειμῶνι·
2992 1082 3182 1152 ἐτέρου
3219 1081 3297 1146 δὲ,
3329 1081 3422 1134 τοῦ
3443 1083 3508 1134 ἐκ
3539 1079 3651 1132 λει-

2077 1169 2257 1238 μῶνος.
2282 1169 2419 1238 μετὰ
2446 1170 2690 1238 καράϐου
2721 1173 3156 1241 άποκομίζοντος
3175 1173 3234 1226 ἐν
3263 1175 3384 1236 ταῖς
3411 1171 3646 1235 Σώσαις.

2073 1259 2167 1311 καὶ
2194 1259 2670 1326 ἁποκαθιστῶντος
2700 1264 2758 1315 ἐν
2780 1263 2859 1332 τῷ
2887 1265 2981 1316 τοῦ
2998 1265 3259 1336 Λαμάχου
3284 1265 3437 1334 οῖκῳ·
3461 1264 3553 1318 καὶ
3581 1265 3650 1318 δι’

2073 1343 2150 1404 ὧν
2213 1351 2521 1421 ἁπέτρεφεν
2554 1352 2751 1415 αὐτοὺς
2807 1354 2864 1407 ἐν
2919 1355 3040 1417 ταῖς
3099 1355 3405 1426 ἀποθήκαις
3459 1356 3650 1420 αὐτοῦ,

2077 1440 2214 1509 μήτε
2267 1441 2370 1509 τῆς
2406 1442 2606 1506 Γυκίας
2642 1443 2889 1513 είδούσης
2937 1443 3030 1498 τὸν
3085 1445 3254 1499 δόλονο
3311 1447 3650 1516 προσδοκῶν,

2074 1533 2217 1588 καθά
2247 1533 2484 1605 εἴρηται,
2529 1536 2671 1589 κατά
2722 1536 2821 1608 τὴν
2850 1537 3130 1590 ἐνιαυσίαν
3174 1538 3389 1608 ἡμέραν
3430 1539 3530 1609 τῆς
3553 1540 3651 1592 τοῦ

2072 1623 2336 1694 Λαμάχου
2371 1625 2614 1695 μνήμης,
2651 1625 2753 1694 τῆς
2805 1627 3016 1690 πόλεως
3063 1627 3242 1696 πάσης
3279 1629 3647 1698 εὐφραινομέ-

2072 1731 2168 1783 νης
2204 1713 2418 1784 (77-78)
2443 1732 2500 1768 τε
2533 1715 2626 1769 καὶ⁵
2655 1716 3137 1788 άποκοιμωμένης,
3165 1717 3325 1770 αὐτὸν
3349 1719 3448 1787 τὴν
3477 1719 3649 1772 νύκτα
3697 1735 3706 1741 ·

399 1822 642 1877 foramen
678 1821 1007 1892 profundum
1044 1837 1211 1891 prope
1242 1823 1502 1893 parietem
1541 1821 1920 1877 devolveretur
1952 1837 1966 1873 :

2075 1806 2448 1874 ἐπαναστῆναι
2477 1806 2614 1876 μετὰ
2647 1807 2754 1860 τῶν
2787 1809 3174 1879 Βοσποριανῶν
3203 1825 3261 1861 τε
3290 1809 3382 1862 καὶ
3411 1810 3649 1876 οἰκείων,

396 1927 630 1982 cumque
651 1920 898 1984 surgeret
922 1913 1143 1970 tollendi
1175 1929 1365 1979 causa,
1400 1914 1454 1968 in
1520 1913 1764 1968 foramen
1823 1913 1972 1966 dela-

398 2019 558 2074 psum
587 2005 751 2070 videt,
779 2005 924 2059 unde
956 2021 1078 2060 cum
1117 2005 1408 2060 extrahere
1428 2015 1651 2074 propter
1679 2003 1971 2073 profundi-

402 2103 568 2150 tatem
623 2111 734 2150 non
800 2105 1016 2166 posset,
1089 2113 1256 2152 unum
1327 2113 1357 2154 e
1413 2098 1721 2167 pavimento
1804 2111 1972 2166 prope

401 2185 662 2254 parietem
718 2185 944 2240 laterem
1022 2185 1314 2242 extrahere
1365 2195 1555 2240 coacta
1591 2185 1732 2252 fuit;
1796 2202 1970 2256 eoque

399 2274 545 2330 facto
569 2291 662 2346 per
680 2275 926 2330 foramen
955 2276 1009 2330 in
1037 2275 1293 2331 inferiore
1322 2276 1518 2330 mdium
1551 2284 1704 2346 parte
1733 2276 1970 2332 abscon-

398 2367 567 2421 ditam
606 2367 718 2422 illic
771 2368 1056 2422 hominum
1119 2368 1517 2422 multitudinem
1581 2367 1742 2422 videt.
1821 2367 1968 2436 Quos

398 2475 523 2513 cum
567 2459 812 2526 vidisset,
857 2460 1078 2516 laterem
1111 2462 1165 2514 in
1201 2461 1377 2516 locum
1416 2476 1574 2515 suum
1607 2461 1836 2516 solerter
1885 2477 1972 2517 re-

401 2551 604 2620 posuit,
641 2567 709 2606 ne
740 2552 806 2606 ab
839 2551 906 2608 iis
955 2552 1049 2622 qui
1083 2551 1224 2605 infra
1253 2557 1412 2630 erant
1446 2549 1968 2620 deprehenderetur,

398 2642 653 2712 misitque
677 2643 982 2698 clanculum
1041 2644 1352 2712 puellarum
1378 2643 1616 2712 aliquam
1675 2643 1742 2696 ad
1793 2642 1962 2696 domi-

400 2750 525 2788 nam
554 2749 730 2798 suam,
763 2749 927 2802 quam
979 2734 1166 2788 venire
1197 2732 1266 2787 ad
1297 2748 1358 2788 se
1397 2732 1738 2798 hortabatur,
1776 2747 1970 2787 neces-

399 2825 607 2879 sarium
637 2823 846 2892 aliquid
886 2823 1198 2878 audituram
1247 2823 1619 2893 visuratnque.
1645 2823 1810 2893 Gycia
1838 2837 1968 2878 vero

401 2913 511 2968 Deo
559 2915 868 2985 impellente
915 2913 1152 2984 puellam
1221 2912 1405 2968 adiit:
1466 2913 1690 2981 solaque
1748 2913 1813 2966 ad
1847 2927 1967 2966 eam

399 3008 668 3076 ingressa,
697 3022 817 3060 cum
849 3006 1074 3075 januam
1106 3005 1414 3069 clausisset,
1484 3004 1551 3058 ad
1632 3005 1794 3073 pedes
1845 3005 1966 3072 ejus

399 3094 682 3163 provoluta
713 3094 1130 3163 puella,Potes,
1189 3094 1385 3164 inquit,
1429 3109 1461 3149 ο
1496 3093 1738 3157 domina,
1797 3094 1968 3147 inuti-

397 3187 501 3240 lem
530 3186 781 3239 ancillam
831 3194 1067 3242 tractare
1118 3200 1218 3255 pro
1263 3185 1520 3249 arbitrio,
1591 3194 1823 3239 attamen
1879 3200 1967 3239 os-

400 3275 616 3330 tendam
673 3275 768 3330 tibi
826 3290 940 3329 rem
1019 3289 1215 3329 novam
1279 3283 1335 3331 et
1387 3274 1741 3343 inepinatam.
1809 3272 1965 3338 Quod

395 3381 520 3421 cum
562 3381 754 3422 secure
813 3368 992 3422 facere
1023 3381 1142 3420 eam
1195 3365 1361 3438 Gycia
1418 3365 1697 3436 jussisset,
1754 3363 1821 3419 ad
1876 3379 1970 3433 pa-

398 3460 587 3515 rietem
625 3460 893 3528 adductae,
934 3459 1259 3529 sublatoque
1298 3459 1530 3514 solerter
1579 3458 1766 3522 latere,
1793 3455 1968 3512 dixit:

403 3554 561 3618 Ecce,
593 3553 890 3620 odomina,
925 3568 1022 3622 per
1048 3551 1292 3606 foramen
1327 3551 1429 3606 hoc
1459 3550 1837 3606 absconditam
1887 3550 1973 3603 in-

399 3646 571 3701 ferius
603 3645 1064 3715 Bosporiauorum
1101 3644 1508 3700 multitudinem
1572 3642 1746 3698 vides.
1800 3642 1968 3714 Gycia

393 3752 522 3792 cum
557 3753 653 3794 eos
685 3737 932 3798 vidisset,
959 3752 1020 3792 re
1050 3736 1142 3798 tali
1165 3744 1515 3792 consternata
1546 3752 1562 3789 :
1591 3734 1711 3789 Non
1741 3733 1970 3802 frustra,

396 3831 591 3900 inquit,
624 3829 727 3883 hoc
764 3830 1059 3884 concilium
1093 3837 1407 3899 susceptum
1452 3834 1557 3882 est.
1613 3827 1973 3882 Sciscitatnr-

395 3932 502 3986 que
527 3916 784 3986 puellam,
815 3915 1092 3985 quomodo
1139 3917 1193 3970 id
1255 3918 1631 3986 comperisset.
1692 3913 1813 3980 Cui,
1843 3914 1974 3970 0m-

401 4008 557 4073 nino,
595 4008 838 4072 domina,
895 4007 1180 4077 reSpondit
1229 4008 1446 4078 puella;
1506 4007 1705 4076 quippe
1735 4022 1830 4075 per
1876 4007 1971 4062 Dei

395 4099 735 4152 voluntatem
771 4097 894 4153 fuso
915 4097 1177 4153 excidens
1223 4098 1526 4154 verticillus
1574 4098 1628 4151 in
1662 4097 1768 4152 hoc
1823 4099 1970 4152 fora-

400 4204 522 4244 men
582 4188 869 4243 devolutus
929 4189 1035 4254 est,
1101 4204 1262 4259 quem
1316 4203 1442 4242 cum
1500 4189 1787 4244 extrahere
1846 4188 1971 4243 inde

401 4283 706 4350 nequirem,
741 4281 966 4336 laterem
997 4281 1228 4336 evellere
1272 4289 1461 4337 coacta
1511 4279 1782 4352 fui,alque
1840 4291 1971 4337 tunc

395 4389 492 4429 eos
538 4374 671 4429 vidi.
706 4373 800 4427 llla
849 4389 980 4429 vero
1009 4374 1242 4443 puellam
1273 4375 1507 4430 solerter
1569 4390 1831 4444 reponere
1887 4376 1969 4429 la-

2075 1895 2171 1947 καὶ
2217 1897 2499 1974 ἐμπρῆσαι
2530 1897 2630 1968 τὴν
2659 1897 2836 1963 πόλιν,
2886 1899 2981 1952 καὶ
3025 1900 3236 1964 πάντας
3273 1901 3643 1970 κατασφάξαι.

2074 1986 2458 2056 Συναχθέντων
2487 1989 2542 2041 δὲ
2584 1991 2641 2041 ἐν
2685 1988 2762 2060 τῷ
2804 1991 2974 2044 διετεῖ
3001 1991 3179 2062 χρόνῳ
3214 1992 3272 2044 ἐν
3305 1991 3381 2062 τῷ
3419 1993 3519 2064 τῆς
3550 1994 3588 2046 Γ
3591 2012 3653 2046 υ·

2073 2074 2196 2139 κίας
2242 2077 2374 2146 οἴκῳ
2422 2079 2549 2148 ἄχρι
2598 2085 2642 2130 σ¹
2675 2080 3080 2151 Βοσποριανῶν,
3125 2083 3220 2135 καὶ⁹
3273 2083 3376 2151 τῆς
3426 2085 3646 2154 μνήμης

2071 2165 2164 2218 τοῦ
2219 2168 2479 2238 Λαμάχου
2510 2169 2611 2240 ἤδη
2637 2170 2824 2224 λοιπὸν
2869 2173 3196 2244 ἐγγιζούσης
3220 2213 3234 2237 ,
3273 2174 3487 2241 ἐγένετο
3522 2193 3650 2228 παι-

2071 2257 2262 2328 δίσκην
2299 2261 2395 2330 τῆς
2423 2261 2624 2322 Γυκίας
2657 2262 3111 2333 κουϐουκλαρίαν,
3133 2266 3275 2319 πάνυ
3307 2266 3444 2337 αὐτῇ
3482 2261 3649 2319 οὖσαν

2071 2351 2553 2420 προσφιλέστατον,
2583 2353 2910 2421 πταίσασαν,
2945 2356 3053 2408 ἀπὸ
3084 2356 3261 2424 ὅψεως
3290 2357 3462 2426 αὐτῆς
3493 2359 3647 2424 γενέ.

2074 2442 2220 2506 σθαι,
2251 2445 2344 2496 καὶ
2381 2444 2804 2516 ἀποκλεισθῆναι
2831 2447 3022 2516 αὑτήν.
3060 2448 3148 2500 Ἐν
3178 2440 3222 2516 ᾧ
3251 2449 3308 2501 δὲ
3349 2448 3484 2516 οἴκῳ
3535 2448 3648 2501 ἀπ’

2073 2534 2326 2604 εκλείσθη
2383 2537 2414 2606 ἡ
2463 2537 2745 2608 παιδίσκη,
2783 2538 3136 2598 ὑποκάτωθεν
3186 2539 3352 2592 αὐτοῦ
3398 2535 3538 2609 ἦσαν
3595 2541 3647 2589 οἱ

2072 2627 2430 2698 Βοσποριανοὶ
2456 2630 2910 2700 άποτρεφόμενοι.
2947 2632 3059 2700 Τῆς
3089 2631 3145 2684 δέ
3176 2631 3469 2701 παιδίσκης
3506 2629 3652 2682 καθ-

2073 2719 2358 2791 εζομένης,
2390 2721 2486 2775 καὶ
2511 2721 2780 2792 νηθούσης
2807 2721 2866 2775 τὸ
2894 2722 3060 2785 λίνον,
3092 2721 3308 2790 ἐγένετο
3335 2721 3394 2774 τὸ
3424 2722 3650 2789 σφοντύ-

2072 2814 2155 2866 λιν
2184 2813 2296 2884 (79)
2329 2815 2428 2885 τῆς
2481 2815 2752 2885 ἀτράκτου
2803 2817 3010 2882 πεσεῖν,
3045 2816 3139 2869 καὶ
3171 2815 3433 2868 κυλισθὲν
3469 2815 3650 2868 εἰσελ-

2073 2905 2186 2958 θεῖν
2217 2907 2297 2966 είς
2326 2905 2633 2977 βαθυτάτην
2677 2907 2818 2977 ὀπὴν
2848 2907 2983 2977 πρὸς
3013 2905 3105 2960 τὸν
3132 2909 3330 2977 τοῖχον*
3364 2909 3397 2977 ἡ
3425 2907 3480 2959 δὲ
3511 2909 3654 2961 ἀνα-

2074 2997 2246 3050 στᾶσα
2281 2997 2418 3068 πρὸς
2447 2997 2506 3050 τὸ
2535 2999 2738 3068 ἐπᾶραι
2787 2997 2940 3061 αὐτὸ,
2982 2998 3083 3069 ὁρᾷ
3115 2998 3246 3050 αὐτὸ
3279 2998 3336 3051 tv
3373 2997 3654 3069 βαθυτάτῃ

2073 3088 2180 3156 ὁπῇ
2211 3087 2290 3140 όν·
2328 3088 2425 3141 καὶ
2455 3087 2530 3158 μὴ
2552 3087 2859 3159 δυναμένης
2889 3089 3060 3158 αὐτῆς
3095 3089 3369 3141 ἐκσπᾶσαι
3408 3089 3540 3141 αὐτὸ
3561 3089 3652 3141 διᾰι

2073 3177 2135 3230 τὸ
2173 3178 2334 3248 βάθος
2363 3179 2683 3248 ὴναγκάσθη
2719 3180 2782 3232 ἐκ
2827 3179 2921 3233 τοῦ
2976 3182 3147 3234 πάτου
3181 3179 3316 3250 πρὸς
3344 3180 3437 3232 τὸν
3467 3181 3653 3250 τοῖχον

2074 3270 2386 3323 ἀνασπάσαι
2429 3270 2522 3322 ἕνα
2558 3271 2791 3341 βήσαλον
2821 3271 2957 3342 πρὸς
2992 3271 3053 3324 τὸ
3088 3271 3507 3342 τοῦτο,ἐπᾶραι⁶
3553 3272 3650 3324 καὶ

2074 3358 2176 3430 ὁρᾷ
2196 3359 2285 3414 διὰ
2313 3363 2413 3431 τῆς
2451 3361 2592 3431 ὀπῆς
2623 3362 2772 3416 κάτω
2801 3364 2859 3416 ἐν
2888 3362 2964 3432 τῷ
3005 3363 3224 3434 ὐπογέῳ
3249 3363 3383 3434 οἴκῳ
3417 3363 3476 3417 τὸ
3509 3363 3654 3434 πλῆ-

2075 3451 2167 3515 θος
2199 3451 2308 3507 τῶν
2353 3453 2524 3508 ὄντων
2566 3454 2795 3526 ἀνδρῶν.
2839 3455 2950 3510 Καὶ
2993 3454 3196 3520 ἰδοῦσα,
3239 3457 3455 3525 εὐφυῶς
3484 3456 3652 3510 πάλιν

2075 3543 2311 3598 ἀπέθετο
2361 3545 2422 3599 ἐν
2467 3546 2546 3616 τῷ
2578 3548 2728 3618 τόπῳ
2773 3547 2836 3602 τὸ
2879 3546 3114 3619 βήσαλον
3137 3547 3273 3618 πρὸς
3304 3549 3364 3601 τὸ
3398 3549 3472 3620 μὴ
3503 3567 3652 3618 γνω-

2076 3634 2268 3705 σθῆναι
2301 3637 2412 3700 τοῖς
2446 3636 2616 3691 κάτω·
2656 3637 2751 3691 καὶ
2779 3637 3055 3710 λαθραίως
3099 3640 3467 3694 ἀποστείλασα
3518 3641 3653 3710 μίαν

2071 3726 2183 3779 τῶν
2248 3727 2452 3781 παίδων
2505 3729 2896 3799 προσεκαλεῖτο
2945 3729 3044 3800 τὴν
3097 3731 3295 3802 κυρίαν
3344 3731 3516 3801 αὐτῆς
3549 3730 3652 3784 τοῦ

2075 3818 2249 3872 ἐλθεῖν
2273 3820 2410 3890 πρὸς
2432 3821 2600 3892 αὐτὴν
2629 3822 2948 3891 ὀφείλουσάν
2995 3842 3056 3878 τε
3083 3826 3380 3893 ἀναγκαῖον
3417 3823 3651 3877 ἀκοῦσαι

2075 3910 2171 3963 καὶ
2206 3910 2369 3979 ξίδεῖν.
2415 3911 2478 3966 Ἦ
2511 3912 2568 3965 δέ
2615 3913 2786 3968 Γυκία
2831 3915 2936 3968 ὑπὸ
2974 3916 3068 3969 τοῦ
3102 3915 3238 3970 Θεοῦ
3284 3917 3654 3983 κατανυγεῖσα

2073 4003 2286 4073 ἀπῆλθε
2318 4004 2454 4074 πρὸς
2496 4004 2597 4076 τὴν
2628 4006 2941 4079 παιδίσκηνο
2971 4011 3066 4064 καὶ
3098 4007 3448 4079 εἰσελθούσης
3475 4009 3655 4077 αὐτῆς

2074 4096 2216 4150 κατὰ
2253 4097 2419 4166 μόνας
2449 4098 2506 4150 ἐν
2536 4097 2615 4169 τῷ
2647 4101 2926 4170 οἰκήματι,
2976 4101 3071 4154 καὶ
3108 4102 3402 4170 κλεισάσης
3431 4101 3528 4171 τὴν
3558 4101 3655 4154 θύ-

2075 4205 2197 4258 ραν,
2239 4187 2539 4260 πεσοῦσαή
2599 4191 2857 4259 παιδίσκη
2912 4191 3047 4262 πρὸς
3098 4192 3225 4256 τοὺς
3257 4191 3424 4254 πόδας
3478 4193 3652 4261 αὐτῆς

2073 4272 2216 4330 εἷπε·
2246 4277 2536 4344 Δέσποινα,
2574 4278 2820 4345 ἐξουσίαν
2850 4280 2996 4351 ἔχεις
3025 4281 3136 4351 (80)
3163 4281 3261 4352 τὴν
3291 4281 3521 4351 ἀχρείαν
3554 4297 3654 4334 σου

2074 4367 2288 4438 δούλην·
2343 4367 2484 4437 πλὴν
2533 4367 2796 4440 βούλομαι
2845 4373 2912 4441 τῇ
2968 4371 3133 4441 κυρίᾳ
3161 4388 3264 4440 μου
3299 4371 3446 4438 ξένον
3477 4388 3529 4424 τι
3559 4373 3658 4424 καὶ

399 4475 512 4521 tere
537 4466 656 4520 loco
699 4482 802 4521 suo
845 4467 1054 4534 jussit;
1086 4481 1315 4536 eamque
1372 4467 1679 4537 amplexata
1737 4467 1967 4540 benigne

2075 4458 2375 4530 παράδοξον
2405 4459 2636 4529 πρᾶγμα
2659 4459 2850 4525 δεῖξαιο
2908 4460 2971 4514 Ἦ
2992 4461 3046 4514 δὲ
3087 4463 3258 4515 Γυκία
3293 4457 3446 4514 εἶπεν
3490 4461 3654 4532 αὐτῇ·

397 4574 520 4612 cum
542 4559 730 4612 osculo
756 4576 768 4610 :
799 4556 963 4622 Nihil,
1001 4560 1193 4627 inquit,
1242 4559 1641 4625 metuas,’fi|ia,
1690 4559 1971 4614 condona-

399 4659 514 4702 tum
579 4650 673 4702 tibi
744 4651 950 4703 crimen
1001 4649 1156 4720 153
1215 4659 1319 4716 est,
1379 4651 1647 4720 siquidem
1698 4651 1870 4706 voluit
1917 4656 1974 4706 te

398 4754 624 4808 peccare
654 4740 816 4805 Deus,
857 4748 917 4794 ut
944 4741 1128 4795 dolqu
1209 4742 1355 4798 hunc
1407 4742 1566 4796 nobis
1616 4741 1966 4796 manifestum

399 4830 623 4885 faceret.
662 4830 796 4886 Vide
825 4833 1009 4901 igitur,
1071 4843 1332 4902 quantum
1411 4843 1591 4903 potes,
1644 4833 1723 4887 uti
1799 4843 1966 4888 totam

398 4917 540 4971 hanc
609 4934 720 4972 rem
780 4919 919 4974 clam
1013 4922 1147 4975 alios
1203 4922 1426 4983 habeas,
1472 4937 1648 4990 neque
1711 4919 1966 4988 cuiquam

398 5005 697 5075 quidquam
751 5007 1053 5064 concredas
1103 5027 1116 5063 :
1182 5010 1532 5080 sumpsitque
1582 5025 1701 5062 eam
1756 5025 1822 5064 ex
1901 5024 1966 5061 co

399 5106 644 5166 tempore
696 5113 905 5163 secum,
951 5101 1244 5170 habuitque
1311 5099 1600 5169 benignius
1657 5115 1817 5168 quam
1869 5115 1970 5152 un-

397 5204 562 5257 quam
598 5197 777 5256 antea,
826 5193 953 5262 quia
984 5191 1191 5246 fidelem
1249 5201 1466 5260 experta
1490 5205 1654 5245 esset.

2086 4550 2330 4620 Ἀφόϐως
2359 4548 2498 4612 εἶπε,
2526 4551 2695 4616 δεῖξον
2724 4555 2819 4606 καὶ
2852 4553 2906 4606 τί
2937 4554 2998 4605 τὸ
3031 4553 3294 4608 τοιοῦτον.
3342 4554 3404 4605 'll
3439 4553 3494 4606 δὲ
3528 4572 3655 4606 παι-

2075 4641 2233 4731 δίσκῃ
2280 4643 2642 4711 ἀπαγαγοῦσα
2689 4645 2859 4715 αὐτὴν
2905 4646 3041 4716 πρὸς
3071 4646 3164 4699 τὸν
3211 4648 3410 4716 τοῖχον,
3443 4647 3536 4698 καὶ
3565 4647 3656 4697 εὺς

2078 4733 2228 4801 φυῶς
2260 4733 2510 4804 ἐπάρασα
2527 4735 2585 4788 τὸ
2609 4735 2862 4806 βήσαλον,
2884 4736 3033 4804 λέγει
3060 4737 3221 4807 αὑτῇο
3257 4737 3421 4807 Ὁρᾷς
3447 4737 3533 4790 διὰ
3555 4737 3657 4805 τῆς

2077 4823 2218 4894 ὀπῆς
2243 4866 2258 4890 ,
2297 4826 2572 4892 δέσποινα,
2605 4828 2695 4879 τὸν
2735 4827 2886 4881 κάτω
2918 4829 3297 4900 κρυπτόμενον
3347 4828 3504 4898 όχλον
3545 4829 3656 4881 τῶν

2079 4917 2487 4987 Βοσποριανῶν.
2529 4919 2593 4971 'H
2627 4919 2684 4971 δέ
2737 4921 2910 4973 Γυκία
2960 4921 3162 4985 ἰδοῦσα,
3191 4921 3284 4974 καὶ
3315 4921 3656 4987 ἐκπλαγεῖσα

2080 5008 2172 5060 ἐπὶ
2195 5007 2272 5076 τῷ
2303 5010 2609 5078 πράγματι,
2635 5011 2760 5080 ἔφη’
2788 5013 2900 5064 Οὐκ
2933 5014 3102 5080 ἀργὸν
3132 5012 3192 5064 τὸ
3219 5013 3443 5082 σκέμμα
3463 5011 3649 5063 τοῦτο⁸

2083 5102 2176 5153 καὶ
2225 5102 2375 5171 λέγει
2416 5105 2481 5172 τῇ
2515 5105 2804 5175 παιδίσκῃο
2839 5105 2961 5168 Πῶς
2996 5101 3152 5175 εὗρες
3183 5105 3244 5157 τὸ
3273 5107 3500 5173 πρᾶγμα
3530 5103 3656 5155 τοῦ-

2078 5210 2138 5244 το
2166 5192 2298 5263 (8l);
2333 5195 2396 5246 Ἦ
2424 5194 2480 5246 δὲ
2514 5196 2772 5264 παιδίσκη
2800 5196 2970 5262 λέγει’
3005 5197 3246 5259 Πάντως,
3268 5196 3544 5257 δέσποινα,
3567 5193 3622 5243 ὅτ
3642 5212 3659 5245 ι

400 5284 467 5337 ἐκ
534 5283 838 5355 θελήματος
897 5284 1032 5338 Θεοῦ
1088 5285 1249 5337 ἔπεσε
1304 5285 1364 5337 τὸ
1418 5285 1702 5353 σφοντύλιν
1751 5286 1816 5338 ἐκ
1865 5285 1963 5356 τῆς
2039 5287 2314 5356 ἀτράκτου
2373 5304 2504 5356 μου,
2546 5289 2640 5342 καὶ
2698 5289 2946 5342 κυλισθὲν
2997 5289 3245 5358 εἰσῆλθεν
3300 5289 3356 5340 ἐν
3409 5289 3474 5356 τῇ
3540 5285 3655 5354 ὁπῇ

1563 5450 1862 5506 ANSELIlll
1887 5414 2219 5509 l3ANDUltll
2257 5453 2486 5510 NOTAE).

470 5568 694 5636 (77-78)
721 5566 813 5622 Sic
839 5583 902 5622 ex
949 5585 1034 5623 ms
1075 5568 1278 5624 codice.
1305 5567 1481 5624 Locus
1503 5568 1590 5623 hic
1613 5568 1666 5622 in
1689 5569 1848 5626 editis
1879 5571 1972 5627 de-

401 5649 658 5708 pravatus
693 5654 756 5693 ac
793 5638 1037 5692 mutilus.

474 5709 589 5775 (79)
625 5709 914 5774 Σφοντύλιν
943 5725 1041 5776 pro
1074 5709 1404 5778 σφ)νδύλ;ον,
1457 5710 1774 5776 l'erticillus,
1833 5710 1965 5766 Vide

411 5777 668 5846 changii
691 5778 867 5832 Gloss.
906 5779 1076 5834 (ἔτινε.

2152 5571 2264 5642 (80)
2304 5573 2480 5629 Locus
2505 5574 2752 5636 mutilus,
2787 5572 2962 5642 inquit
2989 5571 3278 5626 Meursius.

2152 5575 2243 5638 (80
2304 5575 2480 5629 Locus
2505 5575 2752 5636 mutilus,
2787 5575 2962 5642 inquit
2989 5575 3278 5626 Meursius.

2098 5649 2107 5660 '
2150 5575 2264 5713 (8|;
2295 5644 2385 5699 Sic
2405 5661 2468 5701 cx
2501 5660 2603 5700 tns.
2626 5644 2836 5698 codice.
2881 5643 2934 5696 lu
2964 5644 3124 5698 editis
3163 5641 3501 5697 desideratur
3524 5641 3658 5692 'hzcc

2072 5720 2347 5788 perit-ope.
