4050 6414
246 364 356 428 413

1320 362 1420 423 DE
1452 360 2086 423 ADMINISTBANDO
2125 362 2475 424 IMPERIO.

244 475 442 545 ταύτῃ,
471 470 569 528 καὶ
612 472 687 543 μὴ
712 470 1021 542 δυναμένης
1071 488 1170 540 μου
1201 469 1403 542 ἐπᾶραι
1446 469 1579 523 αὐτὸ
1628 470 1740 542 (82)
1769 472 2122 544 ἠναγκάσθην
2177 475 2239 527 τὸ
2282 474 2515 546 βήσαλον
2587 474 2901 530 ἁνασπᾶσαι
2928 517 2943 543 ,

3414 361 3522 427 414

3028 478 3122 533 καὶ
3206 478 3326 533 τότε
3386 475 3526 533 εἶδον

244 567 472 632 αύτούς.
528 567 594 618 Ἦ
637 565 693 618 δὲ
731 564 992 618 ἐκέλευσε
1033 565 1098 635 τῇ
1140 562 1404 633 παιδίσκῃ
1437 559 1736 615 ἀποθέσθαι
1777 561 1837 615 τὸ
1874 564 2110 634 βήσαλον
2140 565 2356 635 εὐφυῶς
2382 569 2438 619 ἐν
2460 564 2539 637 τῷ
2562 566 2712 637 τόπῳ
2740 567 2926 621 αύτοῦο
2997 570 3091 622 καὶ
3153 569 3522 640 ἐπιλαϐομένη

242 664 421 733 αὐτῆς
455 664 555 717 καὶ
603 657 1011 731 περιπλακεῖσα
1050 654 1381 724 κατεφίλησε
1471 653 1732 722 γνησίως,

1817 655 1913 708 καὶ
1950 651 2106 712 εἶπεν
2146 657 2307 729 αὐτῇ·
2353 658 2542 727 Μηδὲν
2567 657 2834 728 πτοηθῇς,
2868 658 3080 724 τέκνον,
3108 660 3527 733 συγκεχώρηταί

244 777 335 812 σου
373 756 442 808 τὸ
484 754 759 822 πταῖσμα·
790 749 819 801 ὁ
852 751 960 820 γὰρ
981 747 1113 812 Θεὸς
1133 746 1367 819 ἠθέλησέ
1396 764 1455 800 σε
1486 748 1733 811 πταῖσαι,
1753 745 1841 799 ἵνα
1878 747 1971 800 τὸν
2002 748 2154 802 δόλον
2213 753 2344 821 ἡμῖν
2400 750 2690 823 φανερώσῃ
2713 769 2728 784 ο
2764 751 2930 822 βλέπε
2968 748 3062 810 οὖν
3139 755 3238 827 ὅσῃ
3303 755 3529 825 δυνάμει

245 848 488 921 φυλάξαι
520 846 582 899 τὺ
613 845 874 916 πρᾶγμα,
912 842 1007 894 καὶ
1045 838 1119 910 μὴ
1146 838 1430 911 τολμήσῃς
1496 838 1603 891 τινὶ¹
1657 837 1718 890 τὸ
1767 836 1988 892 σύνολον
2055 841 2215 896 τοῦτο
2286 841 2580 914 θαρρῆσαι.
2647 843 2758 898 Καὶ
2813 843 3000 898 λοιπὸν
3050 840 3194 916 εἶχεν
3238 846 3410 915 αὐτὴν
3465 842 3531 900 ειν

246 945 369 999 ὅλου
432 938 558 1011 μεθ’
599 933 806 1003 ἑαυτῆς
860 931 1028 985 πλέον
1083 929 1179 984 τοῦ
1246 929 1463 998 πρώτου
1522 929 1599 993 ῶς
1644 928 1843 999 πιστὴν
1882 930 2052 1002 αὐτὴν
2082 926 2270 988 οὖσαν.

317 1034 437 1090 Καὶ
508 1024 1007 1099 προσκαλεσαμένη
1057 1023 1092 1095 ἡ
1149 1021 1324 1075 Γυκία
1385 1020 1480 1073 δύο
1533 1019 1688 1083 τινὰς
1744 1018 1852 1073 τῶν

2025 1023 2232 1080 Accitis
2286 1033 2470 1080 autem
2519 1022 2688 1097 Gycia
2748 1023 2969 1080 duobus
3009 1040 3040 1081 e
3079 1029 3530 1099 consanguineis,

254 1124 539 1196 συγγενῶν
602 1120 777 1189 αὐτῆς
815 1115 1045 1179 πιστοὺς
1104 1114 1242 1185 αὐτῇ
1288 1112 1451 1175 ὄντας
1500 1113 1664 1175 πάνυ,
1696 1110 1849 1179 λέγει

255 1221 440 1281 αὐτοῖς
493 1219 556 1270 ἐν
608 1215 724 1277 τοῖς
783 1209 1078 1275 ίδιάξουσιν
1103 1223 1117 1238 ⁸
1174 1204 1528 1269 Ἀπελθόντες
1581 1204 1845 1272 συνάγετε

259 1312 379 1369 καθ’
406 1307 638 1369 ἑαυτοὺς
691 1306 751 1357 ὲν
810 1299 1100 1372 μυστηρίῳ
1149 1299 1277 1362 τοὺς
1332 1294 1714 1368 πρωτεύοντας
1756 1295 1853 1349 καὶ

262 1405 501 1474 εὐγενεῖς
537 1400 637 1469 τῆς
673 1395 904 1459 πόλεως,
929 1393 1022 1446 καὶ
1055 1390 1432 1456 ὲκλεξάτωσαν
1457 1391 1612 1460 τρεῖς
1652 1387 1853 1458 ἄνδρας

267 1496 491 1558 πιστοὺς
516 1489 850 1560 δυναμένους
884 1482 1119 1555 φυλάξαι
1148 1482 1466 1554 μυστήριον,
1491 1481 1588 1535 καὶ
1618 1480 1853 1550 πρᾶγμα

275 1596 541 1665 ποιῆσαι*
597 1587 687 1641 καὶ
746 1582 1235 1653 πιστοποιήσουσιν
1300 1579 1499 1641 αὐτοὺς
1545 1579 1593 1630 οί
1655 1574 1857 1635 πάντες

284 1690 517 1757 ενύρκως
539 1680 668 1753 πρὸς
712 1679 776 1732 τὸ
814 1676 908 1731 καλ⁵
937 1674 1137 1738 αὐτοὺς
1182 1672 1284 1744 ἐμὲ
1326 1667 1767 1742 πληροφορῆσαι,
1800 1666 1857 1719 ὲν

288 1773 366 1842 οἷς
402 1774 576 1846 μέλλω
614 1769 899 1842 ιπερωτᾷν
943 1765 1173 1830 αὐτοὺς,
1224 1761 1318 1818 καὶ
1372 1759 1857 1816 ἀποστειλάτωσαν

279 1864 467 1929 αὐτοὺς
492 1861 631 1935 πρός
665 1877 731 1932 με
757 1860 816 1912 ὲν
854 1854 1157 1928 μυστηρίῳ,
1198 1855 1293 1909 καὶ
1342 1852 1451 1923 ἔχω
1483 1850 1665 1912 αὐτοῖς
1687 1848 1857 1916 ἀναγ-

274 1953 422 2010 καῖόν
456 1970 513 2007 τι
568 1951 664 2006 xui.
691 1947 971 2019 ὠφέλιμον
1010 1947 1078 2016 τῇ
1115 1944 1269 1998 πόλει
1314 1941 1588 2013 θαρρἦαι
1620 1955 1635 1970 ·
1687 1938 1847 2007 μόνον

273 2046 355 2101 διὰ
378 2047 585 2116 τάχους
627 2043 896 2112 ποιήσατε
945 2039 973 2093 ὃ
1020 2037 1166 2106 λέγω
1204 2037 1354 2107 ὑμῖν.
1401 2031 1773 2087 Ἀπελθόντων
1804 2030 1861 2083 δὲ

275 2137 374 2192 τῶν
398 2132 687 2205 συγγενῶν
719 2132 911 2201 αὐτῆς,
953 2129 1048 2185 καὶ
1096 2129 1155 2182 ὲν
1192 2125 1478 2199 μυστηρίῳ
1529 2123 1703 2179 ταῦτα
1750 2122 1862 2184 τοῖς

275 2229 647 2301 πρωτεύουσιν
702 2225 1024 2296 εἰρηκότων,
1094 2220 1295 2283 εὐθέως
1348 2217 1659 2286 ἐξελέξαντο
1704 2214 1865 2298 *τρεῖς

267 2323 490 2393 ἄνδρας,
526 2318 625 2382 οὒς
654 2317 857 2389 ᾔδεσαν
893 2314 1048 2368 αὐτοὶ
1078 2310 1302 2374 πιστοὺς
1342 2304 1481 2363 εἶναι
1503 2326 1515 2339 ·
1549 2308 1644 2361 καὶ
1671 2320 1861 2358 πιστο‹

266 2415 599 2485 ποιήσαντες
622 2409 821 2471 αὐτοὺς
846 2405 1045 2467 πάντες
1078 2404 1136 2457 ὲν
1162 2404 1335 2474 ὅρκῳ,
1358 2401 1440 2455 ὅτι
1471 2400 1524 2454 εῐ
1544 2416 1599 2452 τι
1628 2395 1862 2451 συνθῶν-

264 2524 354 2559 ται
385 2506 455 2575 τῇ
486 2502 666 2572 Γυκίᾳ
706 2499 818 2555 εἴτε
864 2496 1114 2564 ποιῆσαι,
1147 2492 1259 2547 εἴτε
1294 2491 1500 2556 δοῦναι,
1539 2488 1613 2560 μὴ
1641 2483 1861 2556 ἀκυρῶ-

266 2614 356 2650 σαι
387 2597 522 2657 τοὺς
552 2593 748 2663 λόγους
795 2589 1000 2653 αὐτῶν,
1035 2586 1150 2642 ἀλλ’
1197 2586 1278 2648 είς
1312 2585 1485 2655 πέρας
1525 2582 1753 2649 ἀγαγεῖν
1794 2577 1864 2631 τὰ

266 2688 359 2741 ὑπ’
391 2684 580 2740 αὐτῶν
623 2682 1032 2753 συνταττόμενα
1060 2678 1221 2749 αὐτῇ.
1255 2675 1474 2730 Τούτων
1500 2672 1558 2727 δὲ
1595 2670 1733 2744 πρὸς
1763 2671 1887 2741 τὴν,

266 2783 478 2838 Γυκίαν
529 2781 592 2833 ὲν
644 2775 931 2848 μυστηρίῳ
978 2769 1346 2834 ἀπελθόντων,
1401 2765 1621 2830 εδέξατο
1666 2762 1865 2825 αὐτοὺς

270 2874 367 2929 καὶ
399 2873 558 2941 λέγει
586 2870 770 2931 αὑτοῖς
794 2882 807 2896 ·
853 2861 1092 2918 Δύνασθέ
1136 2876 1205 2932 με
1248 2859 1305 2913 ὲν
1339 2858 1485 2929 ὅρκῳ
1517 2850 1867 2927 πληροφορῆ-

273 2983 364 3019 σαι
424 2961 561 3032 περὶ
618 2953 695 3013 ὧν
744 2955 926 3028 μέλλω
977 2950 1260 3022 ἐπερωτᾷν
1308 2950 1475 3020 ὑμᾶς,
1521 2948 1605 3001 ὅτι
1662 2945 1866 2998 ποιεῖτε

271 3057 482 3124 ταῦτας
524 3055 590 3108 Οἱ
612 3052 669 3106 δὲ
702 3047 856 3104 εἷπον
884 3050 1019 3120 αὐτῇ
1046 3062 1061 3078 °
1093 3047 1222 3112 Ναὶ,
1250 3045 1438 3114 κυρία,
1485 3039 1718 3111 ἑτοίμως
1753 3037 1871 3109 ἔχο-

280 3167 376 3220 μεν
401 3146 540 3219 περὶ
574 3136 654 3198 ὧν
718 3142 934 3213 μέλλεις
970 3142 1103 3212 ἡμῖν
1136 3137 1415 3208 ἐπιζητεῖν
1446 3129 1869 3205 πληροφορῆταί

278 3259 359 3305 σε,
384 3242 467 3294 ὄτι
513 3239 598 3301 εἰς
630 3235 807 3307 πέρας
835 3233 1078 3303 ἄγωνται
1125 3232 1175 3284 oi
1222 3229 1374 3297 λόγοι
1400 3244 1516 3280 σου.
1560 3224 1695 3278 Τότε
1723 3221 1871 3289 λέγει

232 3346 249 3359 ἐ
282 3333 460 3395 αὐτοῖς
517 3332 554 3399 ή
600 3326 778 3381 Γυκία
810 3341 825 3357 ’
874 3320 1339 3395 Πληροφορήσατέ
1373 3335 1442 3389 με
1487 3312 1622 3388 (85),
1678 3314 1762 3368 ὅτι
1803 3309 1872 3366 ἂν

290 3423 558 3485 ἀποθάνω,
620 3420 681 3472 ὲν
738 3416 892 3489 μέσῳ
933 3416 1033 3485 τῆς
1070 3412 1280 3477 πόλεώς
1338 3427 1407 3483 με
1464 3409 1722 3470 θάπτετε,
1777 3402 1873 3457 καὶ

290 3517 423 3584 λέγω
467 3515 600 3585 ὑμῖν
646 3513 709 3566 τὸ
762 3509 1059 3582 μυστήριόν
1106 3520 1245 3579 μου·
1301 3503 1411 3558 ἰδοὺ
1465 3500 1604 3573 βαρὺ
1658 3497 1788 3570 ὑμῖν
1821 3494 1873 3550 τί

284 3626 411 3664 ποτε
448 3609 552 3661 οὐκ
596 3603 867 3675 ἐπιζητῶ.
918 3602 981 3655 Οἱ
1020 3600 1078 3655 δὲ
1123 3599 1315 3671 ἄνδρες
1348 3593 1683 3654 ἀκούσαντες
1711 3587 1873 3642 τοῦτο

1888 2366 1937 2425 Β

1952 1114 2155 1185 quibus
2183 1117 2418 1171 maxime
2447 1115 2664 1180 ﬁdebat,
2688 1115 2865 1186 inquit
2890 1115 2974 1171 eis
3003 1118 3260 1182 seorsim,
3285 1118 3446 1175 Abite
3478 1130 3534 1176 et

1952 1214 2285 1278 congregate
2315 1207 2458 1277 apud
2482 1222 2582 1263 vos
2609 1208 2921 1263 clanculum
2946 1208 3215 1278 primores
3239 1218 3294 1263 et
3322 1206 3534 1265 nobiles

1954 1301 2132 1367 urbis,
2167 1303 2316 1373 iique
2346 1302 2553 1374 eligant
2591 1301 2742 1357 viros
2779 1309 2893 1356 tres
2930 1301 3088 1369 fidos,
3132 1317 3401 1357 arcanum
3436 1303 3534 1374 qui

1955 1393 2257 1457 custodire,
2288 1403 2341 1449 et
2370 1409 2485 1449 rem
2518 1408 2708 1464 gerere
2741 1393 2980 1463 possint,
3011 1403 3067 1448 et
3102 1394 3305 1463 quibus
3340 1408 3532 1449 sacra-

1954 1490 2143 1554 mento
2171 1499 2232 1539 se
2254 1497 2448 1538 omnes
2479 1483 2845 1554 obstringent,
2871 1490 2931 1537 ιιι
2954 1483 3169 1552 plenam
3200 1484 3335 1538 mihi
3371 1483 3533 1540 ﬁdem

1948 1548 2161 1630 iaciant
2198 1575 2252 1629 in
2289 1575 2356 1631 iis
2404 1573 2473 1629 de
2512 1574 2715 1644 quibus
2755 1574 2905 1644 ipsos
2937 1575 3343 1643 interrogatum
3385 1591 3534 1630 sum.

1955 1666 2171 1723 Mittant
2209 1682 2338 1723 vero
2383 1666 2506 1722 illos
2546 1665 2615 1720 ad
2660 1680 2748 1720 me
2797 1666 3134 1731 clanculum,
3170 1665 3347 1721 habeo
3390 1666 3536 1721 enim

1959 1759 2339 1816 necessarium
2367 1757 2599 1828 aliquid,
2624 1756 2855 1828 urbique
2882 1756 3010 1812 huic
3044 1758 3198 1826 utile,
3228 1759 3373 1828 quod
3403 1758 3539 1828 ipsis

1959 1851 2299 1906 committam
2341 1866 2355 1903 :
2389 1856 2604 1904 tantum
2638 1858 2910 1905 maturate
2942 1847 2996 1904 id
3031 1849 3176 1921 quod
3207 1849 3363 1905 vobis
3388 1849 3538 1905 dico.

1961 1942 2380 2000 Discedentibus
2417 1941 2585 2013 igitur
2618 1942 2722 1997 hoc
2756 1951 2913 2012 pacto
2939 1942 3060 2012 ejus
3089 1941 3540 2013 consanguineis,

1962 2048 2088 2089 cum
2116 2033 2192 2087 illi
2222 2033 2338 2089 hinc
2358 2033 2497 2087 clam
2527 2031 2594 2085 ad
2626 2032 2896 2102 primates
2924 2033 3269 2099 retulissent,
3302 2048 3333 2088 e
3373 2033 3541 2089 vesti-

1962 2127 2051 2197 gio
2083 2133 2197 2181 tres
2222 2125 2374 2180 viros
2419 2125 2725 2197 elegerunt,
2762 2139 2903 2193 quos
2940 2121 3077 2180 ﬁdos
3109 2139 3234 2180 esse
3267 2138 3543 2194 cognove-

1962 2227 2106 2283 rant,
2172 2215 2277 2271 [ide
2346 2216 2482 2285 ipsis
2539 2230 2664 2270 cum
2706 2215 3022 2285 juramento
3076 2216 3201 2270 data
3248 2223 3427 2269 ratum
3483 2228 3544 2269 se

1965 2307 2250 2362 habituros
2271 2304 2673 2375 eﬂ‘ecturosque
2696 2304 2963 2376 quidquid
2997 2320 3123 2359 cum
3163 2303 3330 2374 Gycia
3365 2303 3543 2358 acturi

1964 2406 2168 2456 essent.
2211 2397 2276 2453 lli
2308 2398 2401 2454 ubi
2429 2397 2570 2454 clam
2609 2397 2677 2451 ad
2722 2394 2943 2467 Gyciam
2977 2395 3277 2457 venissent,
3321 2395 3413 2448 illa
3445 2409 3544 2450 eos

1964 2490 2203 2561 excepit,
2253 2487 2765 2559 interrogavitque,
2820 2485 3014 2557 ecquid
3057 2485 3375 2554 promittere
3417 2499 3543 2539 cum

1962 2578 2280 2651 juramento
2307 2586 2532 2649 possent
2566 2578 2813 2646 facturos
2836 2590 2895 2631 se
2925 2573 3197 2646 quidquid
3226 2574 3544 2630 commisis-

1965 2668 2084 2724 set?
2111 2666 2220 2722 illis
2242 2680 2373 2722 vero
2404 2664 2803 2719 atiirmantibus
2830 2677 2889 2718 se
2917 2663 3102 2716 omnia
3137 2676 3235 2731 pro
3257 2672 3388 2717 voto
3419 2662 3544 2731 ejus

1967 2754 2215 2810 facturos
2235 2767 2382 2819 esse,
2403 2752 2700 2824 respondet
2727 2749 2895 2822 Gycia
2923 2747 3150 2819 :lFidcm
3173 2747 3299 2803 date
3328 2748 3382 2802 in
3411 2747 3548 2803 urbe

1966 2863 2076 2913 me,
2146 2847 2193 2903 si
2256 2845 2486 2909 moriar,
2533 2842 2902 2914 sepeliendam
2950 2854 3094 2905 esse,
3157 2847 3211 2896 et
3284 2853 3548 2893 arcanum

1968 2955 2147 2995 meum
2170 2940 2409 2994 narrabo
2430 2936 2586 2992 vobis
2611 2953 2625 2990 :
2646 2949 2824 3006 neque
2843 2947 3009 3005 grave
3027 2941 3111 2987 est
3135 2930 3281 3002 quod
3309 2929 3547 3001 postulo.

1969 3031 2125 3100 Quod
2158 3046 2280 3088 cum
2316 3028 2594 3092 audirent.
2620 3027 2850 3083 libenter
2874 3040 2999 3082 cum
3027 3022 3390 3095 jurejurando
3420 3037 3551 3093 pro-

1969 3123 2239 3178 miserunt
2264 3121 2317 3174 iu
2341 3120 2479 3175 urbe
2504 3133 2564 3176 se
2596 3132 2739 3183 eam,
2771 3117 2817 3172 si
2840 3122 3171 3180 moreretur,
3209 3112 3551 3184 sepulturas,

1972 3229 2150 3285 neque
2176 3222 2332 3270 extra
2364 3213 2568 3269 mmnia
2596 3213 2917 3268 educturus.
2941 3208 3131 3279 Itaque
3161 3221 3427 3279 persuasa
3459 3221 3553 3260 sa-

1971 3313 2254 3362 cramento
2286 3304 2498 3378 Gycia:
2536 3303 2725 3368 Nunc,
2784 3300 3001 3371 inquit,
3053 3314 3315 3356 arcanum
3373 3297 3552 3365 vobis,

1972 3397 2116 3471 quod
2156 3398 2352 3463 habeo,
2379 3395 2621 3467 aperiam
2659 3413 2672 3450 :
2703 3408 2854 3459 ecce,
2901 3392 3136 3447 maritus
3169 3406 3325 3447 meus
3359 3406 3424 3445 ex
3464 3390 3554 3445 in-

1975 3491 2161 3561 genito
2192 3490 2460 3546 adversus
2489 3487 2680 3542 urbem
2714 3486 2854 3540 hanc
2879 3485 3007 3539 odio
3033 3493 3196 3553 atque
3228 3482 3430 3538 invidia
3456 3496 3554 3552 per

1973 3583 2155 3639 dolum
2198 3581 2570 3655 Bosporianos
2613 3579 2846 3649 aliquot,
2898 3577 2953 3630 in
2988 3576 3211 3631 domum
3250 3590 3423 3629 meam
3470 3575 3556 3628 in-

288 3700 427 3772 μετὰ
475 3698 657 3768 πάσης
704 3668 1018 3766 προθυμίας
1066 3668 1523 3760 ἐπληροφόρησαν
1584 3680 1756 3749 αὐτὴν
1805 3678 1866 3774 έν

1976 3674 2261 3731 troductos
2304 3688 2430 3730 cum
2467 3672 2638 3727 armis
2679 3684 2854 3741 usque
2899 3669 2967 3724 ad
3006 3671 3280 3725 ducentos
3356 3668 3554 3733 nutrit,

293 3795 442 3864 ὅρκῳ
467 3789 733 3860 λέγοντες,
781 3789 864 3841 ὅτι
906 3784 1034 3840 Ἐὰν
1076 3781 1431 3850 τελευτήσῃς,
1487 3778 1545 3830 ὲν
1590 3773 1742 3846 μέσῳ
1769 3771 1869 3839 τῆς

298 3883 500 3948 πόλεώς
528 3900 584 3936 σε
627 3882 896 3951 θάψομεν,
935 3879 1030 3932 καὶ
1058 3876 1159 3931 οὐκ
1194 3871 1459 3944 ἐξάξομέν
1510 3885 1570 3922 σε
1626 3866 1731 3932 ἔξω
1759 3864 1871 3918 τῶν

289 3975 502 4047 τειχῶν.
546 3975 611 4027 Ἡ
657 3973 713 4026 δὲ
756 3970 930 4026 Γυκία
964 3969 1250 4022 πεισθεῖσα
1307 3965 1421 4026 τοῖς
1449 3963 1634 4034 ὅρκοις
1664 3957 1866 4022 αὐτῶν,

282 4045 429 4137 λέγει
482 4066 706 4129 αὐτοῖς·
754 4062 872 4132 Ἐφ’
920 4054 1002 4125 οἷς
1056 4053 1544 4128 ὲπληροφορήσατέ
1578 4068 1669 4122 με,
1714 4045 1871 4117 κάγὼ

283 4159 464 4216 λοιπον
504 4157 762 4227 ὲμφαίνω
786 4155 917 4225 ύμῖν
947 4152 1007 4206 τδ
1037 4148 1338 4223 μυστήριόν
1365 4163 1497 4218 μου·
1536 4144 1644 4198 ἰδοὺ
1676 4141 1872 4195 ειδέναι

280 4255 423 4324 ὑμᾶς
462 4251 629 4313 θέλω,
664 4251 744 4304 ὃτι
787 4250 815 4301 ό
862 4248 1004 4317 ἀνήρ
1047 4262 1149 4316 μου
1196 4243 1256 4294 τὸ
1291 4240 1535 4311 ἔμφυτον
1564 4233 1741 4289 κακὸν

279 4321 491 4408 πόλεως
535 4339 705 4396 αὐτοῦ
754 4339 894 4410 ἔχων
930 4337 993 4390 τὸ
1040 4334 1134 4389 τοῦ
1179 4332 1332 4387 δόλου
1363 4330 1458 4384 καὶ
1493 4327 1690 4397 φθόνου
1747 4321 1873 4376 καθ’

278 4437 459 4510 ἡμῶν,
514 4433 675 4506 ὄχλον
729 4433 793 4485 ὲκ
841 4429 936 4484 τοῦ
994 4427 1138 4481 κατὰ
1174 4424 1340 4495 μέρος
1389 4414 1774 4510 Βοσποριανῶν
1805 4415 1873 4510 έν

280 4504 468 4601 κρυφῇ
526 4504 841 4593 είσαγαγὼν
875 4522 933 4576 ὲν
980 4518 1060 4592 τῷ
1092 4517 1228 4588 οἴκῳ
1265 4531 1366 4586 μου
1413 4512 1570 4582 ἄχρις
1607 4505 1651 4561 σ¹
1684 4504 1874 4578 ψυχῶν

282 4622 525 4677 ἐνόπλων
584 4617 884 4687 διατρέφει,
926 4612 1061 4685 ἐμοῦ
1116 4610 1192 4683 μὴ
1237 4605 1450 4669 εἰδυίας
1480 4603 1541 4658 τὸ
1594 4601 1829 4674 πρᾶγμα
1856 4613 1871 4628 ·

284 4714 395 4769 ὣλ⁹
422 4714 452 4766 ό
478 4710 615 4771 Θεὸς
645 4706 740 4761 νῦν
769 4705 858 4759 διὰ
883 4702 1205 4774 προφάσεως
1231 4693 1548 4767 ὲφανέρωσέ
1606 4708 1694 4764 μοι
1720 4689 1871 4743 αὑτό.

284 4803 456 4866 Λύτδς
489 4799 587 4854 οὖν
621 4796 829 4868 ταύτην
857 4794 971 4865 ἔχει
1018 4793 1116 4865 τὴν
1146 4789 1361 4860 σκέψιν,
1395 4787 1480 4855 ἐφ’
1509 4777 1635 4853 ᾧτε,
1686 4782 1873 4853 φησὶν,

286 4897 364 4956 εἱς
401 4894 504 4965 τὴν
534 4890 759 4962 μνήμην
796 4887 889 4940 τοῦ
951 4883 1157 4955 πατρός
1205 4898 1307 4953 μου
1337 4877 1587 4948 διδούσης
1646 4890 1747 4945 μου
1779 4872 1877 4945 τὴν

286 4987 594 5061 εὖφρασίαν
640 4987 707 5056 τῇ
760 4983 936 5049 πόλει,
977 4979 1072 5034 καὶ
1118 4973 1533 5047 εύφρανθέντων
1561 4969 1716 5042 ὑμῶν
1742 4970 1877 5022 ἁπο-

1977 3766 2303 3833 meiuscia;
2342 3780 2533 3821 verum
2583 3779 2698 3819 rem
2732 3763 2871 3817 hanc
2899 3776 3046 3817 nunc
3086 3759 3230 3816 Deus
3260 3774 3356 3830 per
3390 3773 3555 3814 occa-

1979 3859 2187 3916 sionem
2222 3856 2353 3912 mihi
2388 3854 2732 3911 manifestam
2768 3853 2917 3909 fecit.
2950 3852 3063 3908 Hoc
3092 3858 3275 3906 autem
3301 3850 3391 3905 ille
3416 3864 3557 3903 con-

1979 3950 2166 4006 silium
2198 3949 2390 4019 agitat,
2429 3956 2488 4003 ut
2524 3947 2617 4003 ubi
2649 3945 2704 4000 in
2737 3945 2908 4016 patris
2934 3944 3039 3999 mei
3076 3942 3399 3999 memoriam
3434 3940 3558 3996 urbi

1978 4057 2079 4114 ego
2111 4043 2334 4113 epulum
2364 4038 2593 4106 dedero,
2627 4053 2836 4107 vosque
2872 4035 3076 4107 epulati
3107 4035 3409 4090 dormitum
3441 4033 3559 4088 ive-

1979 4135 2126 4200 ritis,
2159 4134 2274 4205 ipse
2296 4133 2364 4188 de
2389 4139 2550 4187 nocte
2571 4146 2695 4186 cum
2723 4130 3077 4200 BoSporianis
3107 4137 3273 4197 atque
3295 4126 3560 4205 domesti-

1979 4228 2062 4283 cis
2091 4233 2302 4297 surgat,
2338 4225 2549 4280 aedibus
2580 4224 2783 4279 vestris
2812 4223 2990 4294 ignem
3021 4223 3302 4284 immittat,
3349 4234 3560 4290 vosque

1980 4335 2173 4376 omnes
2201 4316 2570 4373 contrucidat.
2600 4316 2667 4370 Et
2697 4330 2845 4380 ecce,
2878 4315 3049 4369 instat
3076 4328 3224 4367 nunc
3253 4312 3371 4366 dies
3402 4311 3563 4365 anni-

1983 4407 2256 4463 versarius
2283 4406 2559 4461 memoria:
2582 4404 2755 4474 patris
2780 4403 2907 4467 mei,
2939 4410 3265 4473 oportetque
3288 4416 3374 4455 me
3403 4399 3560 4454 vobis

1981 4514 2047 4555 ex
2072 4500 2391 4567 juramento
2423 4495 2556 4550 dare
2577 4508 2677 4565 pro
2708 4507 2861 4548 more
2899 4508 3043 4556 meo,
3084 4508 3205 4561 quae
3239 4491 3307 4546 ad
3338 4491 3559 4561 epulum

1981 4587 2316 4652 necessaria,
2353 4597 2407 4642 et
2433 4586 2618 4642 omnia
2654 4593 2914 4657 praestare
2958 4594 3145 4654 parata
3180 4598 3327 4639 sum.
3366 4581 3563 4639 Velitis

1986 4682 2146 4755 154
2170 4683 2354 4751 itaque
2376 4694 2567 4734 omnes
2592 4679 2698 4734 laeti
2730 4692 3044 4743 accurrere,
3080 4677 3487 4746 postulareque,
3509 4681 3566 4731 et

1987 4779 2242 4847 accipere
2274 4773 2460 4829 omnia
2495 4773 2751 4836 libenter,
2791 4785 2859 4827 ne
2892 4770 3002 4826 ullo
3034 4771 3123 4825 ille
3166 4780 3324 4841 pacto
3357 4768 3566 4824 intelli-

1986 4880 2077 4939 gat
2101 4882 2204 4923 nos
2228 4880 2343 4922 rem
2365 4864 2683 4928 rescivisse,
2712 4873 2765 4918 et
2784 4862 2967 4918 subito
2991 4861 3311 4917 intestinum
3343 4861 3565 4930 aliquod

1984 4957 2449 5027 bellumoriatur.
2472 4956 2643 5027 Igitur
2671 4954 2908 5026 publice,
2942 4953 3023 5008 uti
3055 4968 3172 5009 mos
3203 4962 3308 5017 est,
3338 4953 3565 5024 epulum

287 5079 669 5151 κοιμωμένων,
717 5074 879 5129 αὑτὸν
924 5072 1023 5145 τὴν
1066 5071 1239 5125 νύκτα
1284 5064 1683 5133 ὲπαναστῆναι,
1740 5058 1866 5130 μετᾶ

1986 5052 2281 5119 Celebrate,
2325 5048 2420 5105 sed
2451 5063 2576 5103 cum
2630 5046 2827 5114 modo;
2882 5052 2938 5102 et
2984 5047 3219 5102 choreas
3266 5046 3321 5119 in
3370 5045 3568 5115 plateis

288 5174 389 5227 τῶν
408 5172 684 5228 συνόντων
709 5167 860 5238 αὐτῷ
890 5161 1271 5235 Βοσποριανῶν
1297 5175 1356 5213 τε
1384 5157 1479 5211 καὶ
1506 5154 1746 5219 οἰκείων,
1779 5150 1876 5205 καὶ

294 5264 468 5335 βαλεῖν
525 5262 860 5336 ἐμπρησμὸν
895 5261 953 5313 ὲν
1003 5259 1115 5320 τοῖς
1147 5254 1317 5317 οἴκοις
1368 5250 1544 5322 ὑμῶν,
1580 5247 1674 5301 καὶ
1707 5261 1878 5336 καταο

296 5358 490 5427 σφάξαι
534 5334 752 5420 πάντας
800 5351 967 5423 ὑμᾶς.
1013 5347 1147 5404 Ἰδοὺ
1193 5343 1423 5409 λοιπον,
1472 5337 1667 5410 φθάζει
1715 5334 1875 5435 mill]

1988 5147 2132 5217 agite
2159 5164 2172 5199 :
2208 5142 2591 5213 unusquisque
2618 5155 2747 5195 vere
2778 5139 2833 5194 in
2863 5138 3074 5195 aedibus
3099 5140 3300 5194 vestris
3334 5144 3566 5207 apparet

1986 5238 2156 5308 ligna,
2189 5234 2461 5300 sarcinas,
2500 5247 2565 5287 ac
2595 5231 2767 5287 taedas
2793 5232 3020 5297 solidas,
3049 5239 3107 5285 ut
3138 5246 3223 5285 me
3249 5228 3469 5300 epulum
3493 5242 3559 5282 ac

1985 5331 2219 5387 choreas
2241 5327 2604 5393 detrectante,
2621 5324 2689 5381 ad
2714 5324 2953 5397 quietem
2971 5339 3068 5382 vos
3086 5323 3238 5379 abire
3262 5319 3561 5377 existimet.

1453 5546 1761 5607 ANSELMI
1794 5541 2132 5602 BAt.DURll
2167 5539 2403 5598 NOTJE.

352 5726 463 5799 (ΒΞ)
484 5729 565 5784 Ita
590 5741 703 5782 ms.
737 5719 1100 5799 codex.Editi
1128 5719 1349 5799 habent,
1376 5718 1578 5791 ἐπᾶραι
1599 5717 1753 5785 τότε;
1784 5722 1839 5773 et

289 5790 437 5866 paulo
454 5800 600 5858 infra
620 5795 894 5864 xan‘cptce
928 5807 1026 5862 pro
1050 5790 1400 5861 κατεφίλησε.

2053 5710 2167 5778 (85)
2202 5708 2304 5764 Ms.
2331 5708 2504 5762 codex
2539 5708 2638 5762 sic.
2671 5705 2964 5778 Perperam
2996 5701 3072 5778 Δξιι
3120 5698 3284 5778 editis
3342 5698 3566 5778 legitur,

1990 5769 2446 5853 πληροφορήσατε
2479 5778 2554 5849 μή
2579 5794 2591 5807 ’
2629 5777 2724 5833 sed
2757 5769 2960 5845 optime
2992 5769 3263 5826 Meursius
3293 5770 3566 5826 emendat.
