4050 6452
405 312 515 379 415

1436 312 1944 379 (ΣΟΝΞῚἊΝΤΙΝῙ
1975 312 2231 374 PORPH
2239 311 2658 375 YIiOGENlTI

3567 310 3681 375 416

410 427 498 482 Me
532 438 663 481 vero
700 422 865 479 citius
911 422 1076 478 solito
1123 423 1480 490 detrectante,
1520 441 1584 480 ac
1640 425 1784 481 fores
1832 438 1985 480 meas

2097 422 2286 493 μνήμη
2324 422 2422 476 τοῦ
2461 421 2665 492 πατρός
2697 436 2801 490 μου
2825 434 2840 450 ⁸
2875 419 2969 473 xui
2994 419 3112 474 δέον
3144 419 3244 491 μέν
3275 420 3391 474 ἐστι
3420 424 3556 494 προς
3583 426 3676 481 τὸν

412 518 661 573 obserari
698 517 959 587 jubeute,
988 532 1085 571 vos
1114 515 1407 572 confestim
1447 532 1571 572 cum
1604 518 1778 572 multo
1813 517 1986 573 silen-

411 609 490 664 tio
518 624 614 678 per
645 607 881 661 famulos
916 614 970 661 et
996 607 1225 661 ancillas
1260 616 1472 661 vestros
1494 622 1559 661 ex
1587 606 1847 669 omnibus
1882 623 1987 662 un-

411 700 698 768 decunque
740 698 950 753 aedibus
1008 697 1302 753 aﬂerentes
1350 698 1520 768 ligna,
1577 698 1846 763 sarcinas,
1893 708 1989 754 tae-

415 793 647 862 dasque,
702 792 769 845 ad
824 791 1024 859 januas
1068 805 1234 855 meas,
1293 797 1346 843 et
1391 789 1663 845 vestibula
1709 792 1988 861 apponite,

415 885 531 938 imo
593 884 800 939 circum
834 890 1002 936 totam
1036 882 1260 935 domum
1290 889 1344 936 et
1370 881 1551 937 oleum
1590 882 1753 954 lignis
1802 882 1988 938 infun-

412 975 548 1040 dite,
576 990 686 1044 quo
722 974 889 1030 citius
931 973 1205 1026 ﬂammam
1252 973 1589 1043 concipiant.
1635 973 1770 1029 Cum
1807 982 1988 1028 autem

412 1081 515 1137 ego
552 1079 770 1136 egressa
817 1063 994 1129 fuero,
1042 1064 1309 1136 vobisque
1350 1065 1563 1132 dixero,
1601 1065 1757 1121 ocius
1808 1065 1988 1135 ignem

412 1154 641 1223 injicite,
675 1169 739 1209 ac
766 1167 888 1207 cum
939 1153 1109 1208 armis
1162 1154 1577 1221 circumsistite,
1629 1165 1689 1209 ut
1720 1170 1855 1225 quos
1894 1169 1990 1224 per

412 1247 710 1302 fenestram
742 1245 1062 1302 exsilientes
1091 1246 1349 1302 videbitis
1403 1247 1769 1303 interficietis.
1827 1247 1990 1302 Abite

411 1337 580 1407 igitur
607 1345 660 1391 et
682 1351 947 1391 arcanum
985 1337 1085 1390 hoc
1107 1346 1349 1400 narrate,
1370 1348 1678 1407 cunctaque
1700 1352 1822 1408 quae
1848 1338 1988 1408 jussi

410 1437 690 1498 apparate.
711 1427 870 1483 Cives
898 1443 1026 1482 vero
1052 1428 1143 1482 ubi
1175 1444 1285 1482 rem
1314 1430 1722 1485 intellexissent
1750 1446 1781 1483 a
1813 1430 1990 1486 tribus

412 1521 497 1576 his
523 1522 675 1587 viris,
701 1536 863 1592 quam
889 1521 1155 1576 citissime
1176 1521 1715 1592 omniaperagebant
1739 1538 1803 1578 ex
1832 1537 1991 1576 man-

411 1610 542 1665 dato
583 1610 782 1682 Gycize.
842 1611 978 1666 Cum
1033 1614 1218 1683 itaque
1268 1613 1499 1668 instaret
1543 1613 1661 1670 dies
1712 1617 1991 1671 memoriae

412 1716 591 1768 sacer,
623 1710 674 1757 et
710 1702 878 1773 Gycia
913 1702 1032 1757 lmta
1064 1703 1130 1757 ad
1160 1704 1308 1759 cives
1335 1704 1485 1759 urbis
1506 1705 1768 1773 mitteret,
1807 1707 1993 1761 horta-

412 1802 675 1862 returque
709 1800 765 1847 ut
788 1795 1102 1863 acciperent
1123 1794 1190 1848 ad
1223 1795 1445 1864 epulum
1468 1811 1590 1865 quae
1619 1796 1980 1865 pertinerent,

2088 511 2255 582 ὅρκον
2303 529 2409 582 μου
2458 511 2641 566 δοῦναι
2689 511 2818 582 ὑμῖν
2863 509 3004 565 κατὰ
3032 511 3094 563 τὸ
3143 510 3263 574 ἔθος
3315 529 3415 581 μου
3464 514 3530 567 τὰ
3574 516 3678 585 τῆς

2090 603 2426 673 εὐφρασίας·
2464 604 2645 659 πάντα
2673 604 2782 672 γάρ
2814 603 3045 674 ἑτοίμως
3081 602 3189 674 ἔχω
3218 619 3232 635 ·
3290 604 3555 671 θελήσατε
3584 608 3679 661 οὖν

2092 695 2297 759 πάντες
2324 697 2700 771 προσδραμεῖν
2722 697 3005 769 χαίροντες
3035 698 3128 752 καὶ
3174 698 3410 770 ζητῆσαι
3454 702 3547 769 xui
3576 702 3678 756 λα-

2091 784 2207 839 6εῖν
2236 788 2417 842 πάντα
2455 787 2775 860 προθύμως,
2821 790 2959 861 πρὸς
2993 789 3052 843 τὸ
3084 791 3251 860 μήπω
3299 791 3490 861 νοῆσαι
3514 794 3685 847 αὐτὸν

2089 874 2172 929 ὅτι
2202 876 2449 948 ἔγνωμεν
2477 880 2536 931 τὸ
2569 882 2822 951 πρᾶγμα,
2847 881 2939 951 καὶ
2962 881 3117 950 ἄφνω
3142 880 3407 950 ἐμφύλιος
3442 884 3681 954 πόλεμος

2089 967 2350 1037 γένηται·
2384 968 2650 1039 θελήσατε
2689 967 2783 1024 οῦν
2816 972 2912 1025 καὶ
2958 972 3236 1043 δημοσίως
3277 973 3418 1027 κατὰ
3457 973 3520 1027 τὸ
3557 975 3681 1040 ἔθος

2091 1058 2502 1133 εὐφραίνεσθαι,
2543 1062 2874 1134 συμμέτρως
2903 1063 2981 1127 δὲ,
3032 1063 3127 1117 xui
3178 1066 3425 1134 χορεύειν
3468 1067 3526 1119 ἐν
3558 1069 3682 1131 ταῖς

2092 1152 2416 1208 πλατείαιςσ
2479 1153 2811 1224 ἑτοιμάσατε,
2846 1152 2902 1230 δέ
2956 1154 3188 1216 ἕκαστος
3238 1154 3297 1206 ἑν
3345 1155 3458 1218 τοῖς
3505 1155 3681 1219 οἴκοις

2093 1245 2246 1316 ὑμῶν
2284 1245 2419 1313 ξύλα
2453 1261 2531 1309 τε,
2559 1245 2654 1297 xui
2689 1245 2908 1319 φορτία,
2939 1245 3033 1298 xui
3073 1245 3235 1316 δᾷδας
3262 1246 3513 1313 στεγνάς,
3544 1240 3687 1319 πρὸς

2090 1334 2152 1387 τι
2187 1333 2615 1404 μισοποιούντων
2654 1335 2812 1406 ἡμῶν
2838 1335 2937 1398 τὰς
2967 1335 3269 1407 εὐφρασίας
3295 1337 3399 1397 καὶ,
3428 1338 3555 1400 τοὺς
3588 1359 3681 1411 χο-

2095 1427 2221 1498 ροὺς
2259 1426 2513 1490 δόξασθαι
2552 1427 2689 1498 πρὸς
2740 1427 3048 1485 ἀνάπαυσιν
3098 1426 3253 1497 ὑμῶν
3298 1428 3557 1483 ἀπιέναι*
3586 1433 3684 1485 καὶ

2092 1516 2229 1586 ἐμοῦ
2259 1517 2323 1587 δὴ
2364 1519 2694 1592 ταχέστερον
2728 1521 3185 1591 μισοποιησάσης,
3233 1521 3328 1575 xui
3354 1522 3683 1592 κελευούσης

2093 1607 2497 1678 ἀσφαλισθῆναι
2531 1612 2659 1675 τοὺς
2696 1611 2982 1679 πυλεῶνάς
3032 1630 3157 1682 μου,
3192 1600 3353 1684 ῦμεῖς
3391 1600 3596 1680 εὐθέως
3623 1617 3689 1668 ἑν

2093 1699 2292 1772 ἡσυχίᾳ
2346 1701 2514 1774 πολλῇ
2556 1690 2663 1757 σὺν
2681 1704 2838 1757 παισὶ
2887 1703 2983 1757 καὶ
3017 1690 3333 1769 παιδίσκαις
3366 1706 3478 1778 (84)
3525 1706 3682 1778 ὑμῶν

2097 1792 2322 1844 πανοικὶ
2359 1795 2792 1863 παρενεγκόντες
2841 1795 2915 1860 τά,
2953 1780 3106 1859 ξύλα,
3167 1798 3262 1850 καὶ
3323 1798 3538 1870 φορτία,
3587 1800 3685 1852 καὶ

415 1886 658 1939 accurrit
702 1885 866 1940 etiam
910 1885 1140 1939 maritus
1185 1885 1331 1952 ejus,
1391 1896 1445 1939 et
1496 1874 1781 1955 plus'vini
1826 1886 1990 1941 solito

2097 1882 2256 1954 δᾷδας
2284 1884 2559 1956 παράθετε
2590 1884 2761 1949 ταῦτα
2793 1887 2850 1938 ἐν
2870 1890 2983 1948 τοῖς
3016 1887 3258 1941 πυλεῶσί
3291 1868 3405 1959 μου
3451 1889 3548 1943 xui
3579 1906 3682 1944 πα-

417 1978 536 2032 dari
562 1977 750 2047 jussit.
777 1976 938 2033 Cives
968 1986 1148 2032 autem
1184 1978 1418 2047 libenter
1447 1979 1631 2033 omnia
1665 1979 1997 2047 accipientes

416 2070 780 2138 epulabantur
836 2067 916 2123 uti
960 2067 1103 2138 jussi
1160 2075 1339 2134 erant,
1391 2076 1446 2125 et
1495 2084 1590 2138 per
1636 2078 1803 2124 totam
1852 2069 1994 2123 diem

417 2160 648 2216 choreas
699 2159 980 2231 agitabant
1032 2175 1048 2213 :
1093 2159 1188 2215 sed
1233 2160 1523 2229 ingruente
1564 2175 1792 2230 vespera
1836 2159 1996 2230 quasi

416 2252 561 2320 epuli
593 2251 856 2321 longioris
881 2251 1093 2321 pertaesi
1124 2251 1344 2307 domum
1373 2267 1433 2307 se
1455 2249 1610 2308 suam
1635 2253 1875 2323 quieturi
1909 2267 1996 2307 re-

417 2349 707 2412 ceperunt.
764 2341 1143 2411 Epulabantur
1184 2352 1369 2398 autem
1412 2360 1510 2414 per
1545 2359 1739 2400 omnes
1789 2346 1993 2415 passim

418 2435 595 2502 aedes;
627 2433 798 2506 Gycia
832 2450 962 2491 vero
994 2436 1047 2490 in
1081 2437 1219 2502 suis,
1260 2437 1484 2506 largiter
1514 2447 1704 2507 potare
1732 2438 1991 2491 domesti-

419 2540 517 2583 cos
572 2542 705 2582 suos
759 2527 988 2597 jubens,
1044 2539 1104 2582 ut
1160 2529 1299 2583 ebrii
1349 2528 1475 2584 iacti
1523 2530 1689 2584 citius
1745 2530 1996 2586 cubitum

417 2618 785 2685 discederent,
806 2620 1002 2689 puellis
1041 2627 1253 2674 tantum
1286 2622 1647 2676 cubiculariis
1675 2621 1992 2677 sobrietate

421 2710 664 2775 indicta;
698 2720 752 2765 et
774 2710 893 2781 ipsa
915 2727 1134 2781 quoque
1156 2726 1185 2764 a
1218 2713 1345 2771 vino
1372 2711 1701 2785 abstinebat.
1732 2711 1864 2765 Nam
1900 2728 1999 2781 po-

418 2804 544 2858 culo
574 2818 852 2873 purpureo
882 2804 1106 2875 invento
1136 2804 1330 2873 puella:
1363 2802 1737 2867 cubicularize,
1760 2820 1884 2874 quae
1908 2821 2001 2860 ne-

419 2894 558 2965 gotii
596 2894 823 2951 conscia
854 2902 994 2957 erat,
1026 2893 1080 2947 id
1111 2894 1282 2960 dedit,
1316 2895 1593 2965 jussitque
1622 2895 1678 2963 in
1706 2910 1773 2949 eo
1801 2910 1998 2967 aquam

419 2984 528 3041 sibi
588 2984 824 3038 miseere
883 3000 897 3036 :
956 2982 1105 3051 quod
1148 2996 1273 3036 cum
1332 2983 1563 3037 maritus
1605 2983 1729 3051 ejus
1768 2982 1999 3047 videret,

419 3090 619 3146 aquam
688 3074 840 3130 illam
920 3074 1109 3129 bibere
1147 3088 1257 3128 non
1295 3073 1723 3145 suspicabatur:
1765 3072 1865 3128 Ubi
1901 3089 1998 3129 au-

2101 1973 2405 2042 ραπυλίοι.·,
2437 1977 2529 2027 καὶ
2562 1974 2746 2046 κύκλῳ
2782 1976 2881 2045 τῆς
2911 1976 3090 2040 οἰκίας
3120 1977 3323 2048 πάσης,
3365 1964 3684 2050 ἐπιχέαντες

2098 2068 2193 2120 καὶ
2230 2067 2410 2122 ἔλαιον
2440 2071 2553 2132 τοῖς
2581 2068 2762 2136 ξύλοις
2801 2070 2938 2141 πρὸς
2966 2071 3026 2123 τὸ
3055 2070 3242 2141 τάχιον
3267 2070 3510 2142 ἁφθῆναι
3532 2087 3546 2101 ·
3590 2089 3685 2125 και.

2099 2159 2259 2230 ἡνίκα
2311 2159 2513 2225 ἐξέλθω
2555 2159 2688 2229 ἐγὼ,
2732 2162 2826 2215 καὶ
2869 2162 3009 2215 εἴπω
3055 2163 3206 2231 ὑμῖν,
3248 2162 3450 2226 εὐθέως
3492 2163 3685 2218 λάϐετε

2096 2250 2197 2320 τὴν
2260 2251 2480 2322 πυράν·
2529 2252 2625 2306 xui.
2678 2252 2836 2322 ὑμεῖς
2883 2252 2939 2306 δέ
2982 2254 3041 2305 ἐν
3076 2253 3261 2316 ὅπλοις
3306 2256 3686 2326 παρεστήκετε

2100 2339 2287 2412 κύκλῳ
2314 2342 2416 2411 τῆς
2444 2342 2639 2407 οἰκίας,
2674 2342 2763 2397 ἵνα
2790 2345 2922 2397 ὅπου
2962 2344 3113 2408 τινὰς
3155 2344 3473 2419 θεωρήσητε
3505 2347 3685 2416 ἐκπη-

2098 2432 2303 2497 δῶντας
2344 2433 2410 2488 ἑκ
2446 2433 2543 2488 τοῦ
2581 2435 2732 2489 οἴκου
2761 2435 2849 2490 διά
2884 2436 3098 2507 θυρίδος
3127 2437 3351 2501 τούτους
3398 2439 3687 2508 κατασφά-

2105 2524 2236 2596 ζητε
2258 2540 2272 2554 ·
2309 2525 2636 2589 ἀπελθόντες
2662 2521 2757 2580 οὖν
2777 2527 2838 2579 τὸ
2881 2530 3179 2600 μυστήριον
3207 2529 3367 2583 τοῦτο
3391 2530 3691 2600 λαλήσατε,

2101 2618 2198 2669 καὶ
2228 2617 2554 2685 ἑτοιμάσατε
2593 2617 2771 2671 πάντα
2804 2617 2839 2671 ἂ
2882 2615 3035 2673 εἶπον
3074 2620 3223 2691 ὑμῖν.
3267 2622 3329 2673 Οἱ
3377 2620 3434 2674 δέ
3470 2620 3690 2674 πολῖται

2101 2708 2273 2761 ταῦτα
2302 2710 2637 2773 ἀκούσαντες
2681 2710 2789 2766 ἀπὸ
2835 2711 2944 2764 τῶν
2975 2711 3146 2782 τριῶν
3180 2711 3389 2783 ἀνδρῶν
3429 2711 3693 2779 ἐποίησαν

2103 2800 2283 2853 πάντα
2330 2801 2387 2853 ἑν
2454 2800 2717 2872 συντομία
2760 2800 2904 2854 κατᾶ
2944 2801 3037 2854 τὸν
3095 2801 3258 2869 λόγον
3311 2801 3409 2870 τῆς
3461 2799 3691 2867 Γυκίας.

2115 2891 2414 2961 Ἐνστάσης
2463 2891 2520 2944 δὲ
2568 2892 2669 2961 τῆς
2729 2894 3075 2965 μνημοσύνου
3122 2893 3354 2965 ἡμέρας,
3409 2892 3485 2957 ὡς
3528 2892 3696 2963 δῆθεν

2104 2968 2413 3053 χαιρομένη
2439 2983 2473 3053 ἡ
2514 2983 2688 3037 Γυκία
2733 2983 3124 3056 μετεπέμψατο
3161 2985 3290 3049 τοὺς
3330 2984 3431 3053 τῆς
3484 2984 3694 3047 πόλεως

2102 3073 2303 3144 ἄνδρας
2352 3075 2776 3145 προτρεπομένη
2845 3064 2959 3131 τοῦ⁷
2994 3076 3177 3130 λαϐεῖν
3229 3066 3427 3138 αὐτοὺς
3471 3075 3539 3128 τὰ
3593 3075 3695 3144 τῆς

421 3176 530 3224 tem
573 3167 688 3236 jam
734 3181 965 3237 vespera
1030 3166 1296 3230 venisset,
1391 3166 1669 3239 civesque,
1757 3167 1835 3221 uti
1887 3168 1993 3237 jam

2105 3164 2444 3235 εὐφρασίας·
2504 3166 2796 3238 συνέτρεχε
2845 3167 2903 3220 δὲ
2955 3168 3050 3221 καὶ
3104 3169 3134 3221 ὁ
3182 3167 3322 3240 ἀνὴρ
3370 3165 3542 3237 αὐτῆς
3599 3167 3698 3220 ἐπὶ

417 3260 629 3314 dictum
666 3267 770 3325 est,
805 3259 1064 3328 epulandi
1118 3260 1347 3315 satietas
1401 3260 1660 3329 cepisset,
1714 3258 1883 3331 Gycia
1932 3258 1993 3314 ad

2105 3258 2286 3322 τοῦτο,
2338 3257 2433 3312 xui
2467 3258 2768 3328 παρεκάλει
2809 3258 2990 3313 πλεῖον
3031 3254 3174 3313 οἶνον
3219 3257 3441 3329 δοθῆναι
3488 3256 3693 3320 αὐτοὺς

419 3353 676 3406 maritum
700 3351 909 3421 inquit:
935 3351 1232 3429 Postquam
1254 3352 1455 3422 epulati
1485 3367 1697 3417 sumus,
1715 3366 1812 3423 age
1834 3351 1993 3407 etiam

2106 3349 2199 3403 ἐπὶ
2228 3351 2294 3420 τῇ
2323 3350 2619 3421 εὐφρασίᾳ.
2662 3351 2726 3404 Οἱ
2758 3350 2816 3404 δὲ
2856 3351 3071 3406 πολῖται
3110 3349 3362 3421 ἀσμένως
3395 3349 3577 3404 πάντα
3605 3348 3697 3401 δε-

420 3457 523 3498 nos
552 3443 799 3500 cubitum
839 3458 1068 3509 eamus;
1115 3458 1278 3513 quem
1326 3442 1418 3498 ille
1464 3458 1775 3498 sermonem
1827 3441 1993 3497 libens

2110 3441 2333 3510 ξάμενοι
2384 3441 2749 3512 ηὐφραίνοντο
2801 3440 2986 3506 καθὼς
3039 3442 3548 3514 παρηγγέλθησαν,
3601 3439 3700 3493 xui

420 3533 656 3599 audivit,
694 3541 751 3590 et
793 3550 987 3590 somno
1022 3550 1081 3590 se
1118 3533 1308 3601 dedit;
1358 3548 1536 3609 neque
1580 3534 1726 3589 enim
1773 3532 1993 3603 injicere

2111 3534 2365 3605 ἐχόρευον
2392 3534 2492 3604 τὴν
2517 3536 2697 3588 πᾶσαν
2723 3533 2936 3606 ἡμέραν
2955 3550 2969 3565 ·
2999 3535 3283 3606 φθασάσης
3313 3534 3369 3587 δὲ
3391 3533 3493 3604 τῆς
3523 3533 3703 3586 ἑσπέ-

419 3626 536 3693 ipse
560 3626 662 3680 hoc
689 3633 924 3694 poterat,
954 3640 1023 3680 ne
1056 3625 1209 3680 uxori
1238 3624 1307 3681 de
1341 3625 1470 3681 dolo
1507 3625 1824 3697 su5picaudi
1865 3639 1993 3679 cau-

2115 3643 2234 3697 ρας,
2270 3625 2503 3698 ῆρξαντο
2551 3630 2855 3696 μισοποιείν
2900 3628 2948 3680 οί
2997 3626 3208 3680 πολῖται
3243 3627 3338 3680 xui.
3385 3626 3608 3679 ἀπιέναι
3636 3625 3702 3676 ἐν

418 3733 536 3773 sam
572 3720 860 3789 praeberet.

2108 3719 2225 3780 τοῖς
2249 3716 2417 3785 οἴκοις
2446 3717 2627 3771 αὐτῶν
2654 3719 2735 3782 εἰς
2778 3718 2839 3771 τὸ
2880 3720 3215 3789 ἀναπαῆναι,
3250 3718 3618 3791 ηὐφραίνοντο
3640 3715 3703 3769 δὲ

390 3810 663 3865 -πανοικί,
697 3811 808 3863 Καὶ
853 3808 1099 3881 ήΓυκία
1149 3810 1313 3879 ἐντῷ
1347 3812 1483 3882 οἴκῳ
1533 3812 1726 3882 αὐτῆς,
1776 3809 2199 3881 προτρεπομένη
2250 3809 2462 3873 πάντας
2511 3811 2638 3873 τοὺς
2720 3809 2892 3881 αὐτῆς
2935 3810 3107 3874 ἀδεῶς
3177 3810 3375 3875 πίνειν,
3425 3808 3561 3879 πρὸς
3626 3813 3696 3862 τὸ

421 3899 794 3968 μεθυσθέντας
815 3901 1012 3965 αὐτοὺς
1049 3903 1236 3972 τάχιον
1276 3901 1630 3975 κοιμηθῆναι,
1672 3901 1832 3972 μόνον
1878 3903 1997 3965 ταῖς
2035 3900 2517 3973 κουὸικουλαρίαις
2561 3901 2732 3972 αὐτῆς
2777 3894 3115 3972 παρήγγειλε
3148 3899 3243 3955 τοῦ
3311 3901 3525 3972 νήφειν,
3597 3907 3701 3960 καὶ

418 3995 619 4069 ἑαυτὴν
647 3998 741 4052 τοῦ
766 3999 910 4052 οἴνου
946 4000 1265 4068 ἐφύλαττεν.
1305 3997 1557 4069 Εὐροῦσα
1592 3999 1702 4071 γὰρ
1738 3999 1998 4071 ποτήριον
2039 3998 2356 4072 πορφυροῦν
2406 3998 2605 4052 δέδωκε
2664 4001 2731 4069 τῇ
2803 3998 3230 4070 κουϐικουλαρίᾳ
3272 3997 3444 4067 αὐτῆς
3485 3998 3551 4065 τῇ
3632 3994 3700 4047 τὸ

420 4100 655 4165 πρᾶγμα
704 4095 942 4166 εἰδούσῃ,
1030 4097 1123 4148 xui
1158 4096 1555 4168 {nupﬂyyetisv
1598 4097 1737 4167 αὐτῇ
1809 4099 1869 4150 ἑν
1925 4097 2076 4168 αὐτῷ
2116 4097 2290 4169 αὐτὴν
2319 4097 2511 4167 κιρνᾷν
2544 4096 2640 4149 σὺν
2691 4094 2878 4148 ὕδατιο
2922 4097 2951 4149 ὁ
2988 4094 3047 4148 δὲ
3086 4096 3225 4165 ἀνὴρ
3258 4092 3429 4158 αὐτῆς
3474 4090 3704 4178 θεωρῶν

419 4189 480 4240 τδ
508 4187 821 4261 πορφυροῦν
857 4189 1117 4259 ποτήριον
1144 4189 1244 4259 οὐχ
1275 4188 1490 4242 ὑπενόει
1517 4189 1616 4242 σὺν
1639 4189 1793 4243 ὕδατι
1821 4190 1992 4261 αὐτὴν
2031 4190 2229 4245 πίνειν.
2261 4189 2372 4259 Τῆς
2404 4188 2460 4240 δὲ
2494 4186 2734 4258 ἑσπέρας
2757 4186 3064 4257 φθασάσης.
3113 4187 3207 4240 xui
3248 4186 3357 4238 τῶν
3423 4182 3685 4250 πολιτῶν,
3770 4182 3773 4183 ⁷

416 4282 493 4344 ὡς
523 4280 624 4352 ἤδη
672 4278 846 4346 εἷπον,
892 4283 1390 4351 μισοποιησάντων,
1426 4281 1574 4351 λέγει
1600 4281 1677 4344 τῷ
1721 4282 1875 4355 ἀνδρὶ
1900 4283 2072 4356 αὐτῆς
2097 4284 2130 4352 ἡ
2153 4280 2327 4335 Γυκία
2350 4296 2365 4311 ·
2400 4278 2830 4350 Εὐφρανθέντων
2857 4279 3013 4351 ἡμῶν
3074 4277 3235 4348 δεῦρο
3304 4275 3490 4329 λοιπὸν
3548 4277 3690 4329 ἀνα-

417 4372 717 4443 παυθῶμεν
764 4371 860 4425 xui
888 4373 1080 4443 ἡμεῖς’
1115 4371 1144 4424 ὃ
1184 4372 1249 4443 δὴ
1292 4372 1322 4425 ὁ
1369 4372 1509 4445 ἀνὴρ
1558 4373 1728 4444 αὐτῆς
1780 4372 2020 4437 ἀκούσας
2094 4373 2296 4445 μᾶλλον
2354 4373 2524 4443 ἐχάρη
2548 4410 2564 4437 ,
2598 4373 2693 4426 xui
2725 4372 2886 4425 ἔπεσε
2938 4371 3034 4424 τοῦ
3091 4370 3421 4441 κοιμηθῆναι
3448 4382 3465 4398 ο
3492 4366 3553 4421 οὐ
3586 4371 3707 4442 γάρ

416 4468 648 4538 ἠδύνατο
667 4470 758 4540 ἀφ’
784 4468 977 4522 ἑαυτοῦ
1014 4470 1191 4523 εἰπεῖν
1223 4468 1402 4538 τοῦτο,
1438 4470 1635 4540 μήπως
1672 4469 1927 4533 ὑπᾶνοιαν
1953 4468 2030 4540 δῷ
2055 4471 2119 4542 τῇ
2141 4469 2370 4540 γυναικϊ
2381 4467 2511 4537 περὶ
2531 4462 2593 4521 οῦ
2617 4466 2932 4521 ἐϐουλεύετο
2954 4465 3128 4522 δόλου.

494 4566 716 4622 Mandat
756 4550 943 4637 itaque
975 4565 1144 4638 Gycia
1183 4566 1383 4639 januas
1423 4581 1615 4623 omnes
1675 4582 1741 4623 ac
1800 4568 1993 4623 ostiola

2160 4550 2398 4620 Κελεύει
2425 4560 2519 4620 οὖν
2547 4566 2580 4637 ἠ
2614 4564 2786 4617 Γυκία
2815 4561 3216 4647 ἀσφαλισθῆναι
3243 4559 3371 4624 τοὺς
3401 4555 3695 4620 πυλεῶνας

419 4660 692 4724 obserari,
718 4667 774 4715 et
825 4658 1011 4714 aﬂ‘erri
1042 4659 1148 4714 sibi
1182 4673 1280 4730 pro
1306 4674 1457 4714 more
1485 4660 1702 4726 claves;
1730 4659 1878 4730 quod
1905 4659 1999 4715 ubi

421 4753 625 4807 factum
651 4759 819 4817 esset,
849 4751 967 4807 ﬁdae
993 4751 1344 4806 cubicularis:
1363 4752 1470 4806 doli
1504 4766 1689 4823 gnarae
1718 4752 1773 4806 in
1810 4765 1998 4807 aurem

420 4843 561 4897 dixit
587 4840 722 4897 :Abi
754 4857 879 4897 cum
912 4841 1139 4912 reliquis
1157 4840 1538 4907 'cubiculuriis,
1567 4849 1622 4896 et
1643 4842 1876 4897 solerter
1902 4854 2002 4895 au-

419 4936 503 4990 fer
554 4934 737 4990 omnia
792 4943 1116 4990 ornamenta
1162 4950 1304 5000 mea,
1353 4934 1511 5007 155
1560 4949 1892 5005 aurumque,
1945 4940 2001 4989 et

421 5023 690 5095 quidquid
739 5025 870 5079 utile
915 5023 970 5079 in
1005 5025 1132 5089 sinu
1168 5008 1458 5101 asportare
1492 5024 1746 5094 potestis,
1787 5024 1851 5076 a'c
1900 5037 2000 5078 vos

423 5123 614 5185 parate
647 5133 661 5170 :
700 5123 781 5181 ut,
824 5129 949 5173 cum
993 5115 1240 5187 jussero,
1285 5130 1374 5181 me
1420 5112 1753 5185 sequamini.
1792 5114 1859 5168 At
1893 5115 1999 5169 illa}

423 5205 666 5271 quidem,
698 5204 972 5260 mandatis
994 5220 1197 5261 morem
1244 5213 1517 5276 gerentes,
1558 5211 1767 5275 parata:
1801 5216 1997 5273 erant;

428 5297 665 5355 maritus
690 5290 871 5365 autem
904 5298 1025 5370 ejus
1052 5314 1177 5355 cum
1207 5300 1454 5359 cubitum
1490 5314 1551 5355 se
1572 5299 1835 5367 dedisset,
1867 5313 2004 5369 pau-

430 5388 599 5461 \ispet'
634 5391 997 5458 dormiturus,
1033 5400 1095 5447 ut
1134 5392 1292 5447 ocius
1335 5407 1457 5447 mox
1506 5405 1730 5462 surgere
1779 5404 1999 5446 rursum

2101 4658 2196 4713 xui
2236 4658 2416 4712 πάντα
2458 4657 2529 4710 τὰ
2556 4656 2893 4728 παραθύρια,
2948 4654 3043 4708 καὶ
3092 4652 3376 4723 ἐνεχθῆναι
3409 4651 3547 4721 αὐτῇ
3593 4648 3699 4712 τὰς

2102 4750 2252 4813 κλεῖς
2296 4747 2438 4804 κατά
2477 4748 2539 4801 τὸ
2568 4747 2690 4811 ἔθος
2714 4764 2729 4780 ο
2775 4747 2870 4800 xui
2902 4744 3094 4799 τούτου
3132 4743 3429 4813 γενομένου
3456 4743 3605 4810 λέγει
3633 4744 3714 4796 ἑν

2100 4841 2180 4914 τῷ
2226 4841 2472 4913 λεληθότι
2500 4844 2569 4913 τῇ
2606 4842 2771 4911 πιστῇ
2819 4839 2989 4911 αὐτῆς
3036 4836 3463 4908 κουὸικουλαρίᾳ
3494 4838 3560 4906 τῇ
3601 4834 3701 4888 τὸν

2100 4933 2250 4987 δόλον
2292 4934 2534 5006 είδούσῃ,
2569 4933 2656 4986 ὅτι
2685 4930 2925 5002 Θέλησον
2962 4932 3058 4985 σὺν
3085 4932 3205 4994 ταῖς
3254 4929 3474 4991 λοιπαῖς
3511 4927 3699 4981 κουϐι-

2102 5024 2421 5094 κουλαρίαις
2459 5024 2680 5094 εὐφυῶς
2714 5024 2918 5094 ἐπᾶραι
2971 5022 3148 5091 πάντα
3187 5020 3257 5074 τά
3302 5019 3507 5090 κόσμιά
3563 5034 3692 5087 μου,

2104 5119 2202 5173 xui
2228 5115 2290 5169 τὸ
2330 5116 2577 5187 χρυσίον,
2615 5116 2710 5169 xui.
2738 5116 2792 5169 εί
2832 5133 2885 5168 τι
2934 5115 3206 5187 χρήσιμον
3240 5111 3471 5165 δύνασθε
3502 5111 3702 5177 ἐγκολ-

2104 5206 2364 5261 πίσασθαι
2397 5206 2530 5278 (85),
2578 5207 2673 5261 xui
2716 5207 3044 5281 ἑτοιμάσατε
3087 5204 3311 5271 ἑαυτὰς,
3340 5204 3429 5257 ἵνα
3455 5203 3585 5255 ὅταν
3616 5202 3700 5254 εἷς

2106 5316 2192 5352 πω
2231 5298 2382 5368 ὑμῖν,
2414 5287 2820 5369 ἀκολουθήσατέ
2869 5314 2982 5367 μοι.
3018 5298 3081 5350 Δί
3113 5296 3170 5351 δὲ
3223 5295 3520 5366 ποιήσασαι
3554 5292 3701 5346 κατά

2105 5391 2204 5461 τὴν
2246 5378 2503 5445 -κέλευσιν
2562 5389 2736 5460 αὐτῆς
2780 5385 2920 5461 ἦσαν
2969 5390 3206 5461 ἕτοιμαι.
3244 5387 3351 5442 Τοῦ
3401 5386 3458 5441 δὲ
3502 5385 3699 5456 ἀνδρὸς

1621 5550 1917 5608 ANSELMI
1948 5549 2272 5606 BANDURII
2304 5549 2539 5607 NOTAE.

506 5665 621 5738 (8i)
651 5665 741 5738 Sic
771 5667 1149 5738 cmettdamus.
1188 5666 1478 5737 Pcrperam
1529 5667 1725 5738 legitur
1788 5668 1842 5722 in
1910 5682 2008 5722 ms.

438 5737 572 5791 etin
604 5736 786 5801 editis,
813 5737 908 5791 σὺν
938 5737 1144 5800 παῖδες,
1174 5739 1265 5792 καὶ
1296 5736 1627 5801 παιδίσκαις.

2192 5666 2303 5735 (83)
2333 5650 2422 5718 Sic
2451 5681 2573 5719 cum
2597 5664 2836 5727 illeursio
2857 5665 3230 5725 emcudamus.
3259 5659 3545 5732 i‘crperam
3564 5660 3703 5733 lesi-

2117 5747 2208 5793 tur
2233 5738 2286 5792 in
2318 5752 2419 5792 nts.
2453 5735 2956 5805 ἐγκαλωπὶσασθαι.
