4050 6438
270 355 371 418 ξιτ

1341 349 1441 408 DE
1475 343 2106 408 ADMINISTR'ANDO
2149 343 2490 404 l'MPERIO.

3436 305 3566 411 ιιι

272 466 441 534 αὐτῆς
467 463 632 533 δῆθεν
667 463 1056 525 άνακλιθέντος
1099 459 1192 514 τοῦ
1239 463 1304 513 ἐκ
1351 461 1615 530 συντόμου
1669 477 1866 529 κοιμη-

1990 465 2160 523 posset
2201 455 2265 507 ad
2313 455 2503 508 urbem
2535 467 2597 506 ex
2632 450 2855 506 insidiis
2894 451 3327 522 opprimendam,
3377 455 3545 527 Gycia

272 555 435 625 θῆναι
453 554 544 608 διὰ
589 553 792 625 τάχους
843 553 1010 608 αὐτὸν
1043 552 1204 606 πάλιν
1232 553 1534 622 ἀναστῆναι
1570 551 1705 622 πρὸς
1741 552 1864 626 ἐπι-

270 647 476 716 ϐουλὴν
510 647 612 715 τῆς
638 645 848 709 πόλεως
873 662 886 675 ·
918 647 951 714 ἡ
984 645 1039 698 δέ
1087 645 1256 697 Γυκία
1292 643 1571 714 παρέσυρε
1603 641 1696 696 τοῦ
1729 643 1866 696 καθ-

270 738 504 807 ευδῆσαι
554 738 660 799 ἕως
696 737 761 790 ἂν
798 738 950 788 πᾶσα
1002 738 1034 804 ἡ
1086 735 1319 805 φαμιλία
1347 735 1526 788 αὐτῶν
1561 733 1864 804 ἐκοιμήθη’

272 831 298 881 ό
332 830 394 881 δὲ
429 831 574 901 ἀνὴρ
618 829 791 898 αὐτῆς
840 829 906 882 ἐκ
944 828 1036 882 τοῦ
1067 828 1264 881 πολλοῦ
1299 829 1464 881 πότου
1515 828 1864 896 ἀφύπνωσεν.

281 918 346 969 Ἢ
386 919 446 969 δὲ
472 917 649 971 Γυκία
697 917 884 970 ἰδοῦσα
909 916 1098 971 τοῦτον
1128 917 1478 989 κοιμηθέντα,
1511 917 1727 986 εὐφυῶς
1779 915 1868 970 τὸν

276 1006 521 1059 κοιτῶνα
583 1005 663 1076 τῷ
716 1005 936 1074 κλειδίῳ
990 1007 1330 1077 ἠσφαλίσατο
1360 1007 1732 1061 ἀποκλείσασαι
1778 1009 1869 1062 τὸν

277 1099 475 1168 ἄνδρα,
511 1101 608 1151 καὶ
645 1099 986 1152 κατελθοῦσα
1016 1101 1081 1153 ἐκ
1125 1101 1217 1152 τοῦ
1251 1100 1404 1154 οἴκου
1438 1102 1535 1154 σὺν
1575 1103 1696 1166 ταῖς
1740 1117 1868 1155 κουο

282 1191 669 1258 εικουλαρίαις
732 1190 921 1260 αὐτῆς,
981 1191 1274 1256 ἐξελθοῦσα
1339 1193 1450 1246 τῶν
1509 1193 1870 1265 παραπυλίων

285 1282 531 1351 ἡσύχως,
580 1283 677 1334 καὶ
735 1283 1263 1348 κλείσασα,·εύθέως
1309 1283 1576 1355 ἐπέτρεψε
1613 1288 1721 1349 τοῖς
1773 1283 1869 1354 τῆς

289 1373 498 1434 πόλεως
543 1372 631 1424 διὰ
664 1373 866 1442 τάχους
912 1373 1272 1444 ἐμϐληθῆναι
1301 1375 1362 1427 τὸ
1410 1375 1522 1447 πῦρ
1553 1375 1734 1445 κύκλῳ
1777 1376 1871 1428 τοῦ

289 1461 465 1515 οἰκον.
495 1461 798 1530 Βληθέντος
833 1462 888 1514 δὲ
937 1463 1031 1516 τοῦ
1085 1463 1276 1534 πυρὸς,
1312 1466 1406 1518 καὶ
1447 1464 1541 1517 τοῦ
1588 1467 1736 1518 οἴκου
1776 1467 1873 1518 ἀν·

299 1552 582 1619 σφθέντος,
605 1552 763 1605 εἵπου
783 1571 868 1617 τις
886 1555 992 1608 τῶν
1013 1555 1209 1607 ἔσωθεν
1226 1556 1395 1609 ὄντων
1418 1558 1721 1629 ἐκπηδῆσαι
1749 1559 1838 1611 ἐδυ

306 1643 469 1712 νὴθη,
503 1643 536 1712 ἢ
563 1642 740 1696 ἐαυτὸν
786 1646 962 1714 ῥίψαι,
1001 1647 1105 1699 ὑπὸ
1136 1647 1242 1699 τῶν
1269 1648 1501 1701 πολιτῶν
1529 1651 1870 1721 κατεσφάγη.

315 1734 418 1786 Τοῦ
458 1736 512 1787 δὲ
542 1736 684 1790 οῖκου
713 1739 913 1799 παντὸς
944 1741 1037 1791 καὶ
1067 1740 1176 1792 τῶν
1201 1742 1259 1792 ἐν
1299 1741 1450 1811 αὐτῷ
1483 1742 1592 1805 ἓως
1640 1743 1870 1810 ἐδάφους

1974 545 2215 600 dormire
2238 539 2661 614 distulit‘quoad
2690 541 2896 596 familia
2931 549 3042 596 tota
3075 557 3326 598 somnum
3369 547 3547 616 cepis-

1974 645 2094 701 set;
2148 645 2385 703 cumque
2438 635 2694 688 maritum
2735 636 2864 689 irino
2894 635 3151 689 obrutum
3183 636 3427 691 dormire
3464 639 3548 691 vi-

1975 722 2431 792 dcrel,'0bserato
2455 724 2632 780 tac‘ite'
2654 726 2911 781 cubiculo
2941 743 3066 782 eum
3094 729 3348 795 inclusit,
3374 730 3550 785 disce-

1975 820 2222 889 densq’ue
2245 820 2683 875 cumcub‘ilariis
2710 821 3061 892 suisplacide
3091 837 3310 893 egressa
3341 824 3552 880 foribus

1975 925 2101 965 cum
2145 921 2239 965 eas
2287 903 2825 973 clausisset,'statim
2879 911 3028 966 cives
3081 926 3243 981 quam
3287 913 3554 968 citissime

1978 1003 2222 1072 undique
2263 1001 2490 1056 domum
2566 1002 2857 1056 incendere
2885 1003 3094 1072 'jussit.
3129 1001 3255 1073 Igne
3302 1018 3430 1058 vero
3466 1005 3556 1056 in-

1975 1095 2142 1165 jecto,
2165 1104 2219 1148 et
2249 1092 2410 1147 domo
2439 1094 2687 1155 incensa,
2722 1094 2898 1148 sicubi
2933 1095 3202 1165 quispiam
3239 1111 3426 1150 eorum
3457 1096 3551 1165 qui

1980 1188 2128 1240 intus
2160 1195 2314 1240 erant
2349 1185 2648 1254 prosiliret,
2678 1199 2705 1237 a
2729 1186 2939 1240 cixibtts
2974 1187 3347 1240 occidebatur.
3376 1187 3554 1256 Atque

1982 1279 2053 1331 ita
2095 1278 2276 1341 domo,
2328 1292 2452 1331 cum
2496 1277 2754 1331 omnibus
2795 1277 2885 1346 qui
2941 1278 2993 1331 in
3031 1294 3091 1332 ea
3125 1263 3332 1332 inclusi
3371 1289 3551 1342 erant,
3618 1334 3622 1340 ,

1981 1371 2098 1426 solo
2135 1381 2294 1424 tenus
2335 1377 2550 1437 exusta,
2583 1371 3033 1425 Chersonitarum
3079 1372 3269 1426 urbem
3307 1373 3374 1427 ab
3418 1373 3554 1428 insi~

1979 1463 2288 1518 diatorihus
2313 1463 2665 1533 Bosporianis
2697 1463 2838 1516 Deus
2864 1465 3122 1519 servavit.
3149 1465 3314 1535 Gycia
3346 1473 3553 1528 autem,

1980 1572 2104 1610 eum
2137 1556 2384 1617 doumm,
2415 1569 2534 1623 qua:
2570 1554 3031 1624 cersﬂagraverat,
3068 1565 3379 1610 restaurare
3407 1557 3555 1611 cives

1981 1649 2203 1712 vellent,
2242 1664 2347 1701 non
2395 1649 2688 1716 permisit;
2720 1649 2847 1716 quin
2880 1649 3060 1716 potius
3093 1647 3282 1703 sordes
3313 1664 3374 1702 ac
3410 1647 3567 1703 stcr?

1988 1755 2115 1794 cora
2172 1755 2365 1793 omnes
2419 1739 2928 1808 illuc'congregarc
2977 1740 3166 1809 jussit,
3224 1749 3283 1793 ut
3334 1747 3445 1793 tota
3488 1740 3557 1796 iis

314 1825 808 1897 καταφλεχθέντων,
838 1829 1100 1883 διέσωσεν
1133 1831 1160 1884 ὁ
1200 1831 1332 1895 Θεὸς
1379 1833 1479 1904 τὴν
1517 1835 1874 1904 Χερτωνιτῶν

1990 1829 2323 1898 obrueretur,
2347 1841 2541 1901 utpote
2577 1832 2628 1886 in
2667 1849 2772 1902 qua
2809 1833 3002 1902 positae
3032 1833 3149 1886 urbi
3182 1833 3392 1886 insidiae
3431 1833 3560 1887 fuis-

309 1915 453 1967 πόλιν
490 1916 555 1968 ἐκ
597 1915 710 1968 τῶν
745 1918 1054 1972 ἐπιϐούλων
1078 1921 1486 1992 Βοσποριανῶν.
1525 1924 1588 1977 ’ῘΙ
1617 1925 1674 1976 δέ
1706 1924 1879 1976 Γυκία

301 2004 643 2075 βουλομένων
672 2009 780 2061 τῶν
815 2011 1049 2063 πολιτῶν
1083 2013 1180 2084 τὴν
1213 2015 1676 2086 καταφλεχθεῖσαν
1709 2017 1879 2087 αὐτῆς

300 2097 468 2149 οἰκίαν
499 2098 718 2168 ὀρύξαι,
763 2103 856 2153 καὶ
907 2103 1142 2174 καθᾶραι
1176 2104 1267 2158 τὸν
1301 2106 1464 2158 τόπον
1511 2105 1647 2176 πρὸς
1678 2107 1879 2159 οἰκοδο-

301 2187 423 2256 μὴν,
446 2188 555 2240 οὐκ
583 2190 767 2242 εἴασεν
789 2207 802 2220 ·
839 2192 972 2244 ἀλλὰ
1004 2195 1202 2264 μᾶλλον
1232 2195 1499 2266 ἐπέτρεψε
1534 2197 1681 2268 πάσῃ
1723 2197 1877 2250 πόλει

301 2278 496 2347 φέρειν·
516 2279 754 2334 ἕκαστον
783 2285 961 2337 αὐτῶν
992 2291 1085 2339 καὶ
1113 2288 1324 2358 ἐκχέειν
1363 2289 1551 2342 αὐτόθι
1577 2289 1675 2358 τὴν
1697 2290 1877 2342 πᾶσαν

295 2371 478 2422 αὐτῶν
539 2373 798 2443 κοπρίαν,
850 2377 985 2446 πρὸς
1033 2377 1092 2431 τὸ
1139 2381 1198 2432 ἐν
1235 2381 1417 2445 αὐτοῖς
1461 2381 1880 2452 καταχωσθῆναι

289 2461 390 2529 τὴν
432 2463 620 2516 πᾶσαν
658 2467 828 2534 αὐτῆς
871 2467 1109 2539 οἴκησιν,
1147 2470 1222 2533 ὡς
1273 2472 1408 2542 πρὸς
1459 2473 1750 2544 ἐπιϐουλὴν
1780 2475 1881 2544 τῆς

294 2553 508 2616 πόλεως
541 2561 844 2628 γενομένην
863 2577 875 2589 ⁸
912 2561 990 2612 διδ
1016 2563 1108 2614 καὶ
1140 2563 1346 2634 ἐκλήθη
1377 2566 1404 2617 ὁ
1433 2565 1599 2627 τόπος
1621 2565 1884 2636 Λαμάχου

293 2643 487 2716 Σκοπὴ
517 2647 626 2711 ἕως
669 2650 768 2718 τῆς
807 2651 1066 2722 σήμερον.
1116 2653 1334 2708 Τούτων
1379 2656 1472 2709 οὖν
1517 2657 1771 2711 ἁπάντων
1797 2674 1889 2726 γεο

293 2735 566 2806 νομένων,
614 2737 816 2805 ἰδόντες
839 2745 889 2796 οί
923 2745 1262 2815 Χερσωνίται
1301 2748 1399 2818 τὴν
1426 2749 1682 2820 τοιαύτην
1725 2750 1882 2803 ἄπει-

291 2844 391 2897 ρον
421 2829 532 2881 ὑπὸ
557 2833 658 2900 τῆς
687 2833 890 2897 Γυκίας
916 2837 996 2899 εἰς
1025 2837 1224 2902 αὐτοὺς
1254 2839 1553 2909 μετὰΘεὺν
1584 2839 1886 2911 γενομένην

1981 1933 2135 1989 sent;
2189 1923 2332 1978 unde
2365 1934 2419 1978 et
2456 1923 2507 1977 in
2552 1923 2698 1977 hunc
2743 1940 2916 1993 usque
2957 1924 3096 1977 dicm
3140 1923 3396 1978 Lamachi
3435 1941 3561 1994 spe-

1983 2015 2128 2081 cula,
2165 2015 2320 2069 locus
2354 2015 2443 2069 ille
2476 2016 2796 2085 appellatur.
2833 2017 2930 2070 [Iis
2969 2016 3134 2084 igitur
3181 2015 3440 2070 omnibus
3475 2017 3558 2071 sic

1983 2107 2175 2177 gemis,
2215 2106 2462 2161 videntes
2505 2108 2847 2161 Chersonitze
2883 2107 3152 2160 inﬁnitam
3204 2106 3386 2178 Gycia:
3437 2118 3560 2178 post

1988 2197 2156 2253 Deum
2190 2199 2242 2252 in
2288 2198 2440 2268 ipsos
2467 2199 2904 2264 beneficentiam,
2940 2215 3061 2270 quae
3098 2201 3351 2255 omnibus
3394 2203 3560 2257 rebus

1986 2289 2103 2344 suis
2135 2287 2368 2342 salutem
2401 2287 2554 2342 urbis
2585 2287 2853 2355 potiorem
2900 2287 3182 2354 habuerat,
3221 2287 3359 2358 grati
3392 2289 3561 2343 animi

1985 2398 2117 2454 ergo
2140 2383 2277 2439 duas
2305 2398 2370 2438 ex
2401 2397 2509 2436 aere
2539 2390 2750 2436 statuas
2781 2380 2835 2435 in
2863 2381 3124 2436 honorem
3148 2381 3266 2450 cjus
3292 2381 3344 2434 in
3382 2381 3561 2452 platea

1991 2478 2145 2533 urbis
2182 2487 2503 2548 posuerunt,
2533 2475 2883 2545 juvenculam
2919 2485 3076 2531 actate
3105 2486 3562 2544 repraesentantes

1977 2583 2102 2622 cum
2131 2568 2246 2621 haec
2270 2567 2601 2629 acciderent,
2635 2565 3098 2634 ostendentesque
3137 2563 3239 2618 hac
3269 2579 3326 2617 re
3360 2564 3561 2618 ineﬂ‘a-

1980 2659 2146 2715 bilem
2191 2659 2312 2729 ejus
2353 2651 2783 2712 beneﬁcentiam
2809 2670 3161 2726 amoremque
3203 2671 3333 2726 erga
3388 2656 3561 2721 cives,

1993 2767 2114 2821 qua:
2151 2751 2204 2804 in
2225 2749 2456 2820 juvenili
2482 2755 2639 2802 aetate
2671 2749 2970 2803 constituta
3003 2747 3076 2802 ita
3101 2745 3340 2817 prudens
3375 2746 3562 2812 fuerit,

1994 2849 2051 2897 ut
2082 2841 2312 2911 patriam
2342 2853 2494 2895 suam
2529 2847 2651 2909 post
2682 2838 2849 2892 Dcum
2881 2838 3308 2894 eonservaverit.

293 2921 649 2991 εὐεργεσέαν,
706 2927 800 2979 καὶ
847 2927 926 2980 ὅτι
968 2929 1180 2993 οὐδενὸς
1209 2931 1318 2984 τῶν
1348 2933 1518 3002 αὐτῆς
1562 2934 1622 2986 τὸ
1669 2933 1889 2986 σύνολον
1926 2931 2198 3002 ἐφείσατο.
2234 2932 2366 2986 ἀλλὰ
2392 2930 2490 3003 τὴν
2527 2931 2800 3002 σωτηρίαν
2832 2931 2934 3001 τῆς
2996 2931 3200 2994 πόλεως
3263 2931 3566 3001 προετιμή-

300 3031 451 3076 σατο,
493 3017 640 3087 ὑπὲρ
674 3020 772 3087 τῆς
802 3021 1055 3091 τοιαύτης
1084 3023 1506 3092 μισθαποδοσίας
1533 3027 1625 3080 δύο
1653 3028 1888 3098 χαλκοῦς
1923 3028 2247 3097 ἀνδριάντας
2332 3026 2466 3096 πρὸς
2524 3025 2689 3096 τιμὴν
2737 3025 2907 3094 αὐτῆς
2953 3024 3010 3078 ἐν
3074 3026 3141 3094 τῇ
3192 3023 3422 3094 πλατείᾳ
3466 3026 3568 3094 τῆς

301 3107 515 3170 πελεως
543 3110 865 3181 ἀνήγειραν,
902 3114 1202 3180 νεάζουσαν
1231 3120 1400 3190 αὐτὴν
1449 3123 1514 3191 τῇ
1548 3121 1734 3192 ἡλικία
1779 3121 2142 3185 δεικνύοντες,
2204 3121 2325 3175 καθ’
2402 3121 2459 3173 ὃν
2507 3119 2697 3190 καιρὸν
2725 3115 2791 3189 ἦν
2831 3119 2952 3170 τότε
3038 3118 3432 3187 συμϐαίνουσα,
3503 3122 3562 3176 ἐν

301 3196 519 3260 τούτοις
569 3200 910 3268 δεικνύοντες
942 3207 1036 3257 καὶ
1067 3206 1164 3278 τὴν
1193 3209 1362 3280 αὐτῆς
1409 3210 1617 3280 ἄφατον
1671 3212 1993 3283 εὐεργεσίαν
2025 3213 2118 3266 καὶ
2151 3214 2386 3283 στοργήν
2419 3212 2545 3283 περὶ
2577 3212 2704 3274 τοὺς
2744 3211 2986 3276 πολίτας,
3016 3211 3098 3264 ὅτι
3155 3211 3249 3264 καὶ
3317 3214 3373 3265 ἐν
3445 3215 3568 3284 ἡλι-

309 3292 400 3361 κίᾳ
429 3291 527 3362 νέᾳ
554 3287 690 3344 οὖσα
713 3293 884 3357 οὕτως
916 3297 1183 3367 ἐφρόνησε
1202 3299 1299 3370 τὴν
1333 3301 1469 3355 ἰδίαν
1491 3303 1726 3374 πατρίδα
1756 3303 1899 3373 μετὰ
1937 3303 2071 3356 Θεὸν
2101 3303 2431 3372 περισῶσαι.
2844 3372 2852 3381 ,

390 3387 480 3441 Ἑν
513 3391 616 3459 μὲν
649 3390 762 3460 γάρ
793 3393 858 3460 τῇ
913 3395 1010 3463 μιᾷ
1051 3395 1220 3466 στήλῃ
1273 3395 1569 3467 σωφρόνως
1609 3397 1776 3468 αὐτὴν
1800 3415 1886 3450 κε-

2063 3400 2139 3450 Ac
2170 3397 2223 3450 in
2259 3412 2364 3451 una
2393 3395 2610 3466 quidem
2645 3395 3004 3466 compositam
3046 3411 3164 3450 eam
3204 3405 3569 3468 ornatamque

319 3481 772 3551 καλλωπισμένην
820 3479 1135 3553 στήσαντες,
1198 3485 1395 3540 καὶτὰ
1442 3488 1539 3558 τῆς
1596 3489 1889 3558 ἐπιϐουλῆς

323 3573 411 3625 τοῦ
454 3574 659 3625 οἰκείου
690 3573 883 3644 ἀνδρὸς
928 3577 1038 3638 τοῖς
1082 3576 1328 3639 πολίταις
1373 3579 1742 3648 ἐμφαίνουσαι]
1771 3595 1784 3610 ·
1832 3581 1890 3630 ἐν

312 3666 370 3718 δέ
405 3669 472 3736 τῇ
538 3666 705 3738 ἑτέρᾳ
758 3669 1050 3735 ἐναγώνιον
1094 3669 1406 3740 αὐτὴνκαὶ
1468 3671 1889 3742 ἐπαμυνομένην

319 3757 460 3809 κατὰ
509 3757 614 3810 τῶν
655 3758 760 3829 τῆς
805 3759 1014 3825 πόλεως
1057 3763 1358 3817 ἐπιϐούλων
1402 3763 1887 3827 ἀποδεικνύοντεςο

326 3852 390 3902 ἐν
427 3848 510 3913 οἷς
551 3853 634 3905 καὶ
670 3852 990 3924 ἐπέγραψαν
1029 3856 1086 3909 ἐν
1118 3860 1184 3929 τῇ
1238 3857 1332 3910 τοῦ
1375 3857 1689 3927 ἀνδριάντος
1722 3858 1891 3927 αὐτῆς

325 3941 494 4011 βάσει,
536 3943 750 3997 ἃπασαν
773 3945 872 4014 τὴν
898 3945 990 4016 ὑπ’
1022 3947 1192 4016 αὐτῆς
1229 3948 1366 4018 μετὰ
1406 3948 1539 4001 Θεὸν
1589 3945 1891 4017 γενομένην

316 4038 428 4098 τοῖς
483 4035 747 4100 πολίταις’
779 4038 1114 4108 εὐεργεσίαν.
1165 4041 1336 4111 Εἴπερ
1391 4040 1595 4111 μέλλει
1629 4057 1714 4104 τις
1754 4034 1892 4092 εἶναι

313 4128 626 4196 ςιλόκαλος,
674 4131 772 4200 τῆς
803 4131 972 4201 αύτῆς
1008 4132 1248 4202 συνεχῶς
1276 4132 1418 4186 κατὰ
1455 4126 1645 4204 καιρὸν
1669 4131 1894 4202 τὴνβά-

313 4235 399 4271 σιν
451 4220 792 4290 ἀποσμήχει,
843 4221 979 4292 πρὸς
1008 4223 1104 4293 τὴν
1152 4222 1260 4275 τῶν
1302 4224 1361 4276 ἐν
1401 4223 1538 4292 αὐτῇ
1583 4223 1894 4292 γενομένων

309 4312 626 4380 ἀνάγνωσίν
651 4329 708 4364 τε
748 4313 842 4365 καὶ
871 4308 1177 4385 ὑπόμνησιν
1208 4315 1317 4368 τῶν
1346 4315 1440 4367 ὑπ’
1468 4314 1639 4384 αὐτῆς
1668 4315 1896 4384 γενομέ-

313 4423 441 4472 νων,
480 4406 705 4476 ἕλεγχον
735 4407 790 4461 δὲ
826 4408 934 4461 τῶν
965 4392 1265 4461 ἐπιϐούλων
1299 4409 1699 4480 Βοσποριανῶν.
1740 4408 1895 4461 Μετὰ

308 4497 368 4549 δὲ
393 4498 626 4566 χρόνους
659 4498 808 4561 τινὰς
838 4497 1370 4567 στεφανηφοροῦντος
1405 4499 1497 4551 καὶ
1523 4497 1896 4567 πρωτεύοντος

316 4588 424 4640 τῶν
445 4591 811 4659 Χερσωνιτῷν
845 4591 1210 4660 Στρατοφίλου
1247 4590 1340 4643 τοῦ
1374 4589 1729 4660 Φιλομούσου,
1757 4591 1896 4643 πάνυ

319 4681 612 4751 σοφωτάτη
636 4676 770 4734 οὖσα
794 4681 826 4749 ἡ
855 4681 1044 4746 Γυκία,
1069 4671 1426 4734 καιθέλουσα
1453 4681 1745 4749 δοκιμάσαι
1772 4681 1896 4741 τοὺς

320 4771 694 4840 Χερσωνίτας,
749 4772 845 4826 καὶ⁷
893 4773 1117 4840 γνῶναι,
1155 4774 1203 4825 εἰ
1255 4773 1364 4842 ἄρα
1399 4771 1616 4842 άληθῶς
1661 4771 1896 4841 μέλλωσι
1931 4752 1974 4806 Ῑ)

319 4861 415 4930 τὴν
459 4862 558 4914 τοῦ
605 4863 768 4933 ὅρκου
822 4863 1112 4934 ὑπόσχεσιν
1167 4863 1497 4934 ἐκπληροῦν,
1547 4863 1641 4916 καὶ
1671 4862 1896 4915 θάπτειν

323 4951 492 5023 αὐτὴν
519 4954 577 5004 ἐν
611 4952 761 5023 μέσῳ
786 4953 884 5023 τῆς
909 4955 1134 5020 πόλεως,
1160 4953 1592 5024 συλλογισαμένη
1623 4953 1761 5022 μετὰ
1786 4950 1896 5005 τῶν

324 5043 629 5096 παιδισκῶν
649 5044 844 5113 αὐτῆς,
876 5044 1130 5115 ἐποίησεν
1162 5045 1362 5113 ἑαυτὴν
1391 5044 1514 5097 τινὰ
1539 5042 1902 5113 άηδιζομένην

325 5137 412 5189 καὶ
448 5135 864 5190 ἀποθανοῦσαν⁹
918 5137 1012 5190 καὶ
1061 5136 1392 5205 κηδεύσασαι
1442 5134 1609 5206 αὐτὴν
1634 5136 1690 5188 αἰ
1724 5133 1902 5186 παιδί-

329 5245 470 5294 σκαι,
528 5231 809 5298 ἐμήνυσαν
839 5230 950 5291 τοῖς
977 5228 1222 5290 πολίταις
1252 5227 1530 5295 λέγουσαι,
1567 5227 1651 5280 ὃτι
1704 5225 1764 5280 'll
1804 5243 1902 5278 κυ-

331 5324 414 5393 ρία
452 5322 613 5393 ἡμῶν
671 5321 1014 5390 ἐτελεύτησε.
1077 5321 1171 5373 καὶ
1221 5322 1280 5374 ἐν
1333 5322 1471 5390 ποίῳ
1503 5317 1664 5388 ’τόπῳ
1718 5317 1901 5389 μέλλει

329 5415 646 5480 θάπτεσθαι,
674 5411 994 5478 ὑποδείξαιτε
1013 5414 1163 5484 ἡμῖν.
1192 5413 1254 5466 Οί
1281 5413 1336 5466 δὲ
1366 5405 1706 5483 Χερσωνῖται
1737 5409 1902 5463 ἀκού-

331 5526 515 5572 σαντες
540 5510 622 5562 ὅτι
661 5506 928 5575 τέθνηκεν
965 5506 998 5575 ἠ
1041 5505 1226 5568 Γυκία,
1261 5503 1590 5572 σκεψάμενοι
1621 5500 1743 5553 καθ’
1775 5501 1902 5554 ἐαυα

328 5601 463 5665 τοὺς,
495 5601 596 5654 οὐκ
644 5600 726 5653 ἔτι
763 5599 827 5650 τὸ
870 5597 1053 5649 ἱκανὸν
1091 5595 1186 5649 τοῦ
1231 5598 1395 5666 ὅρκου
1437 5595 1711 5646 ἔσπευσαν
1742 5594 1902 5659 ποιῆ-

328 5708 430 5758 σαι,
458 5692 600 5746 ὥστε
631 5694 692 5745 ἐν
727 5690 884 5760 μέσῳ
908 5690 1005 5758 τῆς
1033 5687 1239 5750 πόλεως
1273 5687 1443 5758 αὐτὴν
1476 5685 1734 5754 ταφῆναι,
1768 5683 1902 5738 ἀλλά

325 5785 547 5856 ἄραντες
599 5783 779 5855 αὐτὴν
828 5773 1128 5852 ἐξήνεγκαν
1173 5780 1278 5848 ἔξω
1322 5780 1422 5851 τῆς
1474 5777 1680 5841 πόλεως
1736 5774 1904 5847 αὐτὴν

1993 3485 2342 3551 elﬁnxerunt,
2382 3495 2432 3539 et
2471 3485 2653 3538 mariti
2705 3486 2933 3540 insidias
2984 3486 3196 3540 civibus
3236 3490 3571 3555 patefacien-

1996 3584 2138 3641 tem;
2172 3578 2225 3630 in
2260 3577 2429 3630 altera
2471 3566 2619 3639 vero,
2655 3576 2919 3630 certantis
2961 3575 3170 3638 habitu,
3215 3577 3558 3648 insidiasque

1993 3667 2260 3721 adversus
2282 3668 2428 3721 cives
2451 3665 2784 3720 vindicantis
2814 3679 2930 3717 eam
2965 3676 3426 3736 repraesentarunt
3457 3686 3472 3722 :
3509 3671 3563 3724 in

1993 3761 2111 3816 basi
2171 3769 2350 3813 autem
2423 3766 2592 3812 totam
2667 3755 2916 3813 ben'clicii
2965 3759 3032 3813 ab
3077 3774 3139 3813 ea
3181 3760 3392 3815 civibus
3447 3775 3569 3830 post

1977 3848 2424 3921 :Deum’prmstiti
2461 3848 2744 3904 historiam
2787 3850 3206 3921 inscripserunt.
3248 3850 3311 3905 Et
3349 3852 3394 3905 si
3444 3854 3569 3923 quis

1995 3943 2211 3998 honesti
2253 3941 2528 3997 amantior
2573 3941 2758 3996 haberi
2795 3942 2971 4012 cupit,
3021 3943 3172 3997 basin
3209 3943 3354 3997 illam
3390 3961 3569 4014 quan-

1995 4030 2175 4105 doque
2206 4043 2422 4104 purgat,
2470 4041 2533 4088 ut‘
2574 4034 2678 4104 legi
2717 4035 2912 4104 possit,
2955 4036 3020 4090 ad
3072 4035 3440 4089 renovandam
3487 4038 3568 4092 rei

1996 4139 2160 4199 gestae
2227 4126 2570 4194 memeriam,
2607 4135 2660 4182 et
2698 4128 3068 4184 estendcndas
3110 4126 3568 4198 Bosporianorum

1996 4220 2249 4275 insidias.
2311 4219 2532 4290 Aliquot
2596 4237 2724 4275 vero
2785 4223 2946 4277 annis
3014 4230 3154 4292 post,
3201 4224 3568 4293 principatum

1996 4309 2450 4366 Chersonitart‘nn
2496 4317 2712 4366 tenente
2755 4327 2817 4365 ac
2862 4321 3189 4381 proteuonte
3236 4313 3570 4380 Stratophilo

2000 4401 2302 4458 Philomusi
2343 4403 2474 4468 ﬁlio,
2519 4418 2642 4456 cum
2689 4403 3114 4473 prudentissima
3151 4405 3377 4457 omnino
3403 4403 3571 4475 Gyeia

1999 4505 2165 4557 esset,
2204 4501 2256 4548 et
2283 4493 2520 4562 experiri
2561 4493 2921 4548 Chersonitas
2962 4495 3142 4559 vellet,
3182 4509 3244 4548 ac
3282 4496 3423 4550 scire
3480 4513 3570 4562 an,

2003 4585 2162 4656 156
2211 4585 2355 4652 quod
2411 4600 2534 4638 eum
2578 4583 2892 4651 juramento
2924 4583 3308 4654 promiserant,
3356 4584 3572 4651 facturi,

2002 4676 2286 4746 ipsamque
2319 4676 2373 4728 in
2408 4675 2585 4729 medio
2608 4675 2758 4729 urbis
2781 4675 3051 4744 sepulturi
3090 4683 3296 4742 essent,
3332 4691 3577 4731 comnm-

2005 4770 2188 4824 nicato
2218 4783 2342 4822 cum
2387 4768 2582 4836 puellis
2611 4767 2728 4822 suis
2766 4767 3024 4832 consilio,
3059 4767 3225 4822 veluti
3262 4767 3483 4823 tristitia
3509 4785 3574 4824 ex

2004 4861 2170 4917 rebus
2199 4859 2528 4928 quibusdam
2570 4865 2831 4928 concepta
2867 4869 3138 4912 mortuam
3185 4875 3244 4914 se
3276 4860 3574 4927 simulavit,

2005 4962 2061 5010 et
2110 4962 2306 5008 curato
2358 4952 2480 5022 ejus
2543 4951 2738 5006 funere
2794 4952 2989 5022 puellae
3048 4951 3260 5007 civibus
3328 4953 3577 5011 indicant

2002 5045 2206 5101 obiisse
2246 5045 2523 5100 dominam
2577 5059 2772 5108 suam,
2803 5043 2990 5113 itaque
3043 5043 3238 5098 locum”
3286 5046 3582 5115 sepultum

2003 5137 2370 5207 assignarent.
2451 5134 2793 5190 Chersonitae
2857 5150 2990 5189 vero
3057 5135 3336 5192 intellecta
3394 5136 3578 5208 Gycia:

2001 5235 2198 5290 morte,
2244 5240 2368 5281 cum
2412 5225 2556 5280 inter
2590 5239 2649 5279 se
2679 5224 3099 5290 deliberassent,
3143 5227 3391 5295 neglecto
3426 5227 3580 5295 jura-

2000 5324 2207 5382 meuto;
2243 5331 2354 5386 quo
2391 5318 2444 5369 in
2482 5316 2659 5370 media
2698 5317 2833 5371 urbe
2877 5316 3253 5386 sepeliendam
3305 5316 3579 5385 promise-

2003 5417 2147 5474 rant,
2181 5417 2334 5462 extra
2371 5407 2562 5462 urbem
2591 5420 2710 5462 eam
2755 5408 3093 5472 extulerunt,
3140 5410 3200 5459 ut.
3235 5405 3347 5459 illic
3380 5406 3580 5474 sepeli-

2003 5510 2142 5556 rent.
2173 5500 2420 5569 Cumque
2443 5499 2554 5569 jarn
2578 5500 2863 5569 depositus
2892 5507 3040 5554 esset
3070 5495 3136 5550 ad
3165 5503 3578 5549 monumentum

2005 5593 2258 5654 lectulus.
2309 5590 2528 5660 erigens
2576 5606 2657 5654 se,
2712 5592 2972 5659 civesque
3015 5596 3204 5640 omnes
3247 5585 3579 5654 circumspi-

2004 5684 2180 5748 ciens,
2215 5683 2487 5749 lltrccine,
2521 5683 2720 5754 inquit,
2753 5691 2934 5736 vestra
2961 5693 3081 5733 cum
3107 5675 3419 5746 iuramento
3451 5676 3580 5732 data

2007 5773 2182 5830 ﬁdes?
2212 5773 2284 5827 ita
2316 5772 2370 5826 in
2399 5771 2658 5828 omnibus
2692 5783 2915 5826 veraces
2950 5764 3125 5822 estis?
3157 5761 3271 5818 Heu
3308 5763 3363 5818 in
3395 5772 3580 5832 postc-
