4050 6442
547 303 654 370 419

1575 291 2083 358 CONS’I‘ANTINl
2105 287 2667 349 PORPHYROGEN
2676 288 2785 347 ITI

3695 285 3804 353 420

547 430 668 471 rum
695 413 744 468 ei
785 409 879 483 qui
911 408 1017 465 civi
1055 404 1398 464 Cbersonitae
1439 403 1756 460 crediderit.
1789 403 1857 455 At
1887 401 2126 456 Cherso-

2241 398 2490 468 ταφῆνᾶι.
2537 394 2923 459 Ἀποτεοέντος
2965 395 3020 448 δέ
3075 395 3168 448 τοῦ
3220 393 3494 467 κραϐάτου
3549 395 3685 465 πρὸς
3740 391 3802 448 τὸ

547 510 678 564 uitae
724 507 980 574 deceptos
1030 518 1091 558 se
1131 503 1202 557 ab
1251 502 1343 555 illa
1395 499 1664 561 videntes,
1727 496 2118 551 erubescentes

549 613 717 671 supra
771 597 1016 662 modum,
1057 594 1205 664 quod
1254 592 1412 647 [idem
1461 590 1643 645 datam
1686 603 1797 643 non
1827 588 2121 644 observas-

549 699 688 756 scnt,
718 695 984 758 rogarunt
1011 687 1091 739 uti
1117 691 1344 746 taceret,
1387 689 1439 736 et
1477 679 1662 735 delicti
1705 679 1873 747 hujus
1903 679 2118 733 veniam

551 782 728 844 daret,
771 794 946 848 neque
987 776 1218 831 ulterius
1264 773 1654 842 exprobraret;
1715 779 1879 840 atque
1923 770 2124 824 iterato

551 879 895 928 sacramento
925 883 986 924 se
1035 865 1474 927 obstrinxerunt,
1517 863 1576 917 in
1615 861 1792 918 media
1825 862 1982 926 urbe,
2011 877 2123 915 non

553 970 706 1017 extra
741 975 884 1024 eam,
938 957 1250 1025 sepulcrum
1281 955 1531 1016 daturos,
1573 950 1720 1022 quod
1758 959 1813 1006 et
1853 953 2124 1005 fecerunt.

552 1049 685 1103 Nam
714 1048 893 1100 adhuc
921 1045 1144 1110 viventi,
1163 1059 1325 1114 quem
1353 1044 1470 1114 ipsa
1493 1043 1676 1098 locum
1699 1041 1910 1095 tumulo
1930 1040 2126 1110 elegis-

553 1149 654 1204 set,
683 1153 807 1192 eum
838 1137 1126 1200 dederunt,
1161 1145 1508 1205 statuamque
1534 1150 1595 1189 ex
1621 1149 1728 1187 aere
1757 1133 1982 1187 alteram
2007 1146 2126 1186 ere-

551 1239 771 1294 xerunt,
797 1242 961 1297 quam
1013 1228 1320 1282 inauratam
1347 1226 1503 1295 juxta
1542 1225 1858 1295 sepulcrum
1887 1223 2127 1277 colloca-

551 1326 771 1382 verunt,
821 1325 880 1370 ut
936 1316 1236 1386 pleniorem
1292 1317 1449 1370 [idem
1507 1315 1771 1369 facerent.
1829 1311 2122 1366 Sciendum

549 1423 681 1462 vero
731 1414 816 1462 est
869 1416 1025 1461 extra
1082 1408 1273 1461 urbem
1329 1405 1694 1460 Tamatarcha
1747 1404 1948 1458 multos
2005 1417 2128 1458 esse

553 1500 754 1566 fontes,
799 1499 892 1568 qui
934 1498 1251 1554 bibentibus
1281 1497 1464 1552 ulcera
1501 1497 1557 1550 in
1590 1511 1808 1550 summo
1842 1511 1937 1550 ore
1974 1495 2128 1549 exci-

553 1596 670 1644 tent
706 1607 718 1643 :
754 1588 834 1644 sic
871 1603 1091 1659 quoque
1123 1587 1178 1640 in
1207 1588 1393 1642 Zichia
1427 1587 1493 1641 ad
1524 1587 1706 1640 locum
1742 1585 1835 1654 qui
1867 1584 2010 1655 Page
2042 1584 2126 1638 di-

2229 489 2420 560 μνῆμα
2471 488 2852 541 άνακαθίσασα
2892 489 2924 558 ἡ
2969 486 3160 550 Γυκία,
3211 488 3302 540 καὶ
3355 486 3802 557 περιϐλεψαμένη

2223 579 2434 641 πάντας
2487 579 2614 641 τοὺς
2658 579 2904 641 πολίτας,
2961 577 3144 645 λέγει’
3207 576 3356 648 Αὕτη
3407 578 3560 648 ὑμῶν
3593 579 3805 647 ἐστινὴ

2229 669 2369 740 μετὰ
2396 669 2560 738 ὅρκου
2591 669 2917 739 ὑπόσχεσις;
2964 669 3137 730 οὓτως
3181 668 3472 739 ἀληθεύετε
3518 669 3647 738 περὶ
3675 668 3810 722 πάν-

2221 776 2369 826 των;
2404 761 2579 814 ἀὸάλα
2631 762 2741 832 (86)
2779 763 2965 815 λοιπὸν
3001 762 3078 833 τῷ
3118 763 3425 817 πιστεύοντι
3480 763 3808 834 Χερσωνίτῃ

2227 851 2442 922 πολίτῃ.
2493 853 2558 906 0i
2608 853 2665 905 δέ
2704 855 3045 923 Χερσωνῖται
3101 853 3298 917 ἰδόντες
3347 854 3446 923 τὴν
3497 854 3586 906 ὑπ’
3633 855 3806 922 αὐτῆς

2230 943 2528 1014 γενομένην
2554 944 2735 998 αὐτῶν
2773 945 2993 1015 χλεύην,
3017 926 3394 1015 αἰσχυνθέντες
3421 946 3674 1015 μεγάλως
3715 946 3811 998 ἐπὶ

2223 1033 2303 1104 τῷ
2330 1035 2575 1103 γεγονότι
2601 1034 2699 1105 τῆς
2731 1035 3092 1106 παραϐάσεως
3117 1039 3424 1106 πράγματι,
3463 1035 3810 1106 παρεκάλουν

2226 1127 2396 1196 αὐτὴν
2450 1126 2620 1179 πολλὰ
2657 1126 2752 1179 τοῦ
2807 1127 3101 1197 ἡσυχάσαι,
3139 1128 3232 1180 καὶ
3275 1127 3674 1198 παραχωρῆσαι
3712 1128 3810 1180 αὖ·

2225 1220 2338 1281 τοῖς
2385 1217 2447 1270 τδ
2477 1219 2741 1287 πταῖσμα,
2780 1218 2874 1270 καὶ
2922 1217 2997 1289 μὴ
3043 1219 3136 1272 ἐπὶ
3171 1219 3354 1272 πλεῖον
3403 1218 3682 1282 ὀνειδίζειν
3711 1221 3814 1272 αὖ·

2226 1312 2360 1372 τοῖς.
2396 1309 2596 1362 Λοιπὸν
2641 1308 2916 1378 δευτέροις
2965 1311 3149 1379 ὅρκοις
3192 1310 3361 1380 αὐτὴν
3408 1309 3806 1384 ἐπιστώσαντο,

2228 1403 2368 1457 ὥστε
2409 1403 2606 1473 μηκέτι
2638 1402 2742 1466 ἔξω
2772 1401 2873 1471 τῆς
2903 1400 3110 1457 πόλεως
3161 1399 3330 1468 ϐάψαι
3368 1400 3559 1471 αὐτὴν,
3606 1401 3721 1453 ἀλλ’
3751 1402 3811 1452 ἐν

2233 1495 2380 1565 μέσῳ
2409 1495 2508 1564 τῆς
2539 1494 2766 1556 πόλεως,
2801 1491 2828 1544 ὂ
2871 1491 2934 1561 δὴ
2974 1490 3067 1544 καὶ
3099 1492 3384 1560 ἐποίησαν.
3431 1491 3542 1544 Καὶ
3581 1490 3689 1560 γάρ
3716 1492 3815 1543 αὐ-

2229 1586 2325 1654 τῆς
2355 1585 2531 1654 ζώσης
2561 1584 2640 1636 ἔτι
2680 1585 2736 1636 ἐν
2759 1577 2802 1651 ᾧ
2829 1584 2978 1653 τόπῳ
3009 1583 3300 1653 ᾐρετίσατο
3329 1582 3428 1652 τὴν
3460 1581 3614 1651 σορὸν
3639 1583 3813 1652 αὐτῆς

553 1681 721 1745 citur,
753 1697 949 1736 versus
983 1680 1299 1750 Papagiam,
1337 1680 1426 1733 ubi
1453 1678 1602 1732 Zichi
1631 1678 1898 1740 habitant,
1932 1692 2125 1731 novem

2241 1679 2550 1746 ἐστήσαντο,
2579 1677 2671 1729 καὶ
2715 1677 3005 1748 ἀνδριάντα
3043 1674 3243 1744 χαλκὸν
3293 1675 3384 1727 καὶ
3429 1674 3616 1744 ἕτερον
3665 1673 3818 1744 ἤγει-

555 1770 738 1826 fontes
760 1781 909 1838 sunt,
938 1772 1029 1841 qui
1065 1771 1248 1826 ulcera
1285 1772 1338 1824 in
1371 1784 1586 1826 summo
1625 1785 1720 1824 ore
1758 1769 1998 1824 faciant:
2037 1768 2130 1824 sed

2241 1785 2358 1840 ραν,
2391 1770 2484 1822 καὶ
2513 1768 2698 1822 τοῦτον
2725 1767 3102 1838 χρυσώσαντες
3134 1766 3369 1836 ἔστησαν
3403 1765 3539 1835 πρὸς
3564 1768 3630 1835 τῇ
3665 1768 3809 1833 ταφῇ

556 1877 664 1915 non
685 1862 934 1917 eumdem
965 1862 1203 1917 colorem
1240 1860 1402 1914 habet
1435 1874 1628 1914 novem
1660 1860 1852 1913 horum
1895 1858 2127 1912 fumium

555 1952 774 2018 oleum;
814 1968 936 2006 nam
984 1953 1086 2008 hoc
1125 1952 1349 2007 rubrum
1394 1960 1498 2012 est,
1532 1950 1666 2006 illud
1711 1951 1934 2017 ﬂavum,
1978 1950 2124 2004 istud

557 2043 902 2114 subnigrum.

2235 1860 2406 1929 αὐτῆς
2436 1860 2571 1930 πρὸς
2598 1859 2990 1930 περισσοτέραν
3024 1857 3308 1910 πίστωσιν.
3344 1857 3537 1909 Ἰστέον
3581 1856 3662 1908 ὅτι
3706 1855 3815 1920 ἔξω

2232 1950 2326 2004 τοῦ
2368 1951 2603 2020 κάστρου
2652 1950 2990 2020 Ταμάταρχα
3035 1949 3146 2019 (87)
3179 1947 3372 2000 πολλαὶ
3421 1947 3592 2016 πηγαὶ
3638 1946 3810 2015 ὑπάρ-

2234 2059 2386 2112 χουσι
2415 2044 2591 2110 ἄφθαν
2625 2043 2988 2096 άναδίδουσαι.
3030 2041 3228 2094 ’ἰστέον
3259 2041 3340 2093 ὅτι
3375 2041 3431 2093 ἐν
3470 2039 3642 2111 Ζηχίᾳ
3675 2038 3807 2108 πρὸς

553 2134 646 2188 τὸν
672 2137 833 2188 τόπον
859 2134 958 2203 τῆς
988 2135 1176 2202 Πάγης
1206 2131 1302 2202 τὴς
1340 2130 1505 2201 οὔσης
1548 2130 1683 2201 προς
1731 2130 1792 2183 τὸ
1832 2131 1996 2202 μέρος
2029 2131 2131 2200 τῆς
2170 2132 2481 2202 Παπαγίας,
2523 2136 2580 2187 ἐν
2675 2133 2990 2187 κατοικοῦσι
3021 2132 3185 2202 Ζηχο).
3219 2133 3373 2184 ἐννέα
3439 2131 3614 2200 πηγαί
3673 2134 3818 2184 εἰσιν

555 2225 734 2292 ἇφϐαν
775 2224 1153 2277 ὰναδίδουσαι·
1189 2223 1325 2293 πλὴν
1359 2223 1457 2291 οὐχ
1506 2221 1830 2291 ὀμοχροοῦσι
1892 2223 1999 2274 τῶν
2050 2223 2203 2276 ἐννέα
2239 2225 2433 2295 πηγῶν
2487 2228 2555 2278 τὰ
2607 2225 2784 2290 ἔλαια,
2839 2223 2974 2277 ἀλλὰ
3029 2223 3096 2275 τὰ
3157 2221 3256 2292 μὲν
3326 2222 3383 2288 ἐξ
3439 2221 3617 2273 αὐτῶν
3676 2222 3818 2274 εἰσιν

558 2316 782 2388 ἐρυθρὰ,
823 2315 892 2368 τὰ
917 2315 973 2368 δὲ
1001 2313 1186 2380 ξανθὰ,
1224 2315 1290 2367 τά
1319 2313 1373 2366 δὲ
1405 2311 1778 2384 μελανὼτερα.

627 2431 686 2485 lu
715 2430 922 2490 Zichia,
945 2431 1000 2484 in
1033 2430 1153 2484 loco
1171 2430 1264 2499 qui
1295 2428 1493 2500 Papagi
1524 2429 1748 2495 dicitur,
1781 2431 1867 2487 cui
1886 2432 2128 2486 vicinum

554 2531 664 2587 est,
687 2524 834 2590 quod
875 2521 1073 2591 Sapaxi
1113 2521 1436 2590 appellatur,
1471 2521 1524 2576 id
1565 2531 1672 2586 est,
1710 2524 1910 2592 pulvis,
1943 2533 2130 2579 scatu-

560 2616 678 2682 rigo
699 2619 802 2676 est,
821 2625 943 2680 qua:
965 2611 1147 2665 ulcera
1171 2612 1224 2665 in
1249 2626 1465 2667 summo
1486 2627 1580 2667 ore
1594 2614 1794 2668 excitet
1813 2631 1828 2680 ;
1848 2623 2132 2684 exstatque

559 2705 728 2757 altera
760 2702 926 2756 etiam
963 2701 1162 2756 ibidem
1191 2703 1466 2772 scaturigo
1497 2704 1743 2772 ejusdem
1783 2704 2038 2758 efﬁcaciae
2077 2706 2132 2758 in

562 2809 692 2863 agro
723 2802 1045 2862 nuncupato
1075 2792 1376 2855 Chamuch,
1409 2794 1503 2862 qui
1544 2809 1574 2848 a
1600 2796 1882 2850 Chamuch
1910 2805 2134 2850 auctore

562 2899 663 2937 suo
705 2898 902 2938 nomen
946 2883 1129 2938 habet.
1177 2883 1389 2936 Distant
1427 2899 1562 2939 vero
1603 2885 1722 2940 loca
1761 2886 1876 2940 haec
1913 2901 1941 2939 a
1996 2887 2133 2941 mari

563 2975 742 3043 Spatio
779 2974 924 3042 quod
966 2989 1075 3028 uno
1114 2973 1239 3043 quis
1277 2972 1367 3028 die
1415 2976 1639 3044 preprio
1684 2991 1829 3046 equo
1864 2977 2135 3034 coniicere

2318 2433 2513 2487 Ἰστέον
2553 2434 2634 2486 ὅτι
2688 2434 2744 2486 ἐν
2782 2432 2953 2504 Ζηχίᾳ
2983 2431 3042 2485 ὲν
3084 2430 3161 2501 τῷ
3193 2431 3346 2501 τόπῳ
3383 2430 3459 2500 τῷ
3499 2428 3821 2500 καλουμένῳ

2240 2524 2481 2592 Πάπαγι,
2522 2527 2581 2578 ἐν
2610 2519 2652 2592 ᾦ
2690 2525 2783 2578 καὶ
2819 2524 3048 2594 πλησίον
3083 2521 3199 2575 ἔστι
3242 2522 3443 2592 χωρίον
3482 2521 3822 2590 ἐπονομαζο-

2242 2631 2399 2686 μενον
2440 2614 2650 2679 Σαπαξὶ
2677 2612 2813 2683 (88),
2853 2613 2881 2666 ὃ
2913 2612 3278 2683 ἑρμηνεύεται
3308 2610 3634 2678 κονιορτὸς,
3671 2610 3822 2662 ἐστιν

2239 2709 2417 2761 ἐκεῖσε
2475 2706 2666 2777 βρύσις
2718 2707 2896 2777 ἄφοαν
2951 2706 3294 2760 ἀναδίδουσα.
3341 2703 3536 2757 Ἰστέον
3582 2704 3666 2756 ὅτι
3723 2702 3822 2756 καὶ

2241 2799 2401 2868 ἐτέρα
2442 2796 2632 2868 βρὺσις
2683 2797 2834 2850 ἐστὶν
2869 2797 3046 2850 ἐκεῖσε
3093 2795 3270 2865 ἄφθαν
3303 2794 3624 2848 ἀναδίδουσα
3655 2795 3714 2846 ἐν
3742 2794 3821 2863 τῷ

2239 2891 2425 2960 χωρίῳ
2467 2889 2543 2960 τῷ
2570 2889 2888 2960 καλουμένῳ
2938 2888 3166 2958 Χαμούχ
3199 2888 3332 2957 (89).
3385 2888 3458 2939 Τὸ
3504 2886 3560 2940 δὲ
3590 2887 3824 2956 Χαμοίιχ

2241 2980 2387 3031 ἐστιν
2433 2978 2602 3048 ὄνομα
2648 2978 2743 3031 τοῦ
2798 2978 3213 3046 συστησαμένου
3268 2975 3498 3048 ἀρχαίου
3529 2975 3720 3044 ἀνδρὸς
3759 2974 3826 3027 τὸ

564 3072 766 3134 posset.
793 3065 849 3119 ln
884 3065 1155 3121 Derzenes
1174 3079 1394 3135 quoque
1453 3066 1713 3131 themate,
1743 3081 1912 3138 prope
1943 3083 2135 3138 pagum

2241 3070 2438 3142 χωρίον
2460 3086 2474 3101 ο
2511 3070 2572 3123 τὸ
2599 3065 2692 3124 οὖν
2722 3068 2920 3141 χωρίον
2959 3071 3137 3122 ἐκεῖνο
3173 3067 3262 3120 διὰ
3287 3067 3446 3120 τοῦτο
3473 3066 3677 3136 ἐκλήθη
3708 3066 3826 3118 Χα-

566 3157 770 3225 Sapicii
801 3157 1028 3222 dictum,
1065 3165 1120 3213 et
1159 3157 1388 3211 alterum
1426 3158 1697 3228 Episcopii
1738 3167 2136 3228 nuncupatum,

565 3247 759 3302 itidem
795 3247 918 3302 fons
962 3257 1047 3304 est
1088 3249 1243 3305 ulcus
1281 3250 1552 3313 excitans,
1598 3259 1656 3304 ut
1701 3259 1755 3306 et
1797 3251 1852 3304 in
1903 3252 2140 3308 themate

567 3339 863 3408 Tziliapert
946 3340 999 3393 in
1073 3341 1193 3396 loco
1243 3343 1334 3412 qui
1383 3351 1468 3397 est
1534 3343 1655 3412 pagi
1720 3342 2136 3396 Srecbiabarax.

568 3431 861 3485 Sciendum
883 3448 1034 3498 vero,
1070 3434 1216 3502 quod
1261 3435 1307 3490 si
1340 3434 1634 3503 aliquando
1664 3434 2007 3489 Chersonitae
2048 3451 2137 3489 re-

565 3521 856 3576 bellionem
895 3531 1124 3587 tentent,
1157 3531 1253 3578 aut
1285 3524 1635 3594 imperatoris
1667 3539 1726 3578 se
1763 3523 1937 3593 jussis
1971 3538 2141 3594 oppo-

566 3621 721 3674 nant,
759 3609 941 3664 omnia
977 3626 1167 3665 eorum
1200 3613 1441 3678 carabia,
1478 3626 1821 3681 quaecunque
1852 3612 2136 3667 invenien-

566 3710 677 3767 tur,
732 3717 855 3757 cum
906 3703 1165 3758 oneribus
1215 3704 1271 3758 in
1327 3704 1512 3758 urbem
1567 3703 1840 3758 introduci
1900 3703 2136 3770 debent;

565 3801 748 3847 nauta:
777 3809 908 3848 vero
940 3803 1304 3864 rectoresque
1333 3795 1669 3850 Chersonitaa
1700 3795 1754 3850 in
1786 3810 2062 3851 carcerem
2087 3805 2142 3851 et

567 3889 623 3942 in
651 3889 864 3941 vincula
892 3889 1115 3956 conjici,
1156 3889 1312 3958 157
1343 3897 1507 3959 atque
1542 3891 1668 3945 inde
1701 3899 1813 3946 tres
1839 3890 2140 3946 Caesariani

569 3979 809 4048 ablegari
833 3979 1053 4045 debent,
1082 3995 1222 4034 unus
1248 3996 1436 4038 versus
1461 3997 1614 4036 oram
1642 3982 1976 4037 maritimam
2023 3985 2142 4038 the-

569 4071 734 4124 matis
777 4071 1252 4138 Armeniacorum,
1311 4073 1450 4128 alter
1487 4089 1682 4129 versus
1732 4073 2139 4146 Paphlagoniae.

570 4160 770 4214 tertius
797 4175 989 4214 versus
1014 4161 1500 4229 Buecellariorum,
1533 4163 1625 4233 qui
1649 4164 2025 4221 Cbersonitica
2048 4179 2142 4218 ca-

571 4250 724 4303 rabia
765 4253 949 4307 omnia
996 4253 1481 4323 comprehendant,
1524 4265 1578 4310 et
1622 4271 1686 4311 ea
1725 4256 1944 4326 quidem
1978 4256 2141 4312 simul

2245 3161 2400 3230 μούχ.
2445 3159 2732 3230 ’Λπέχουσι
2775 3160 2832 3212 δέ
2870 3158 2919 3211 οἱ
2960 3157 3192 3211 τοιοῦτοι
3240 3157 3394 3210 τόποι
3443 3155 3550 3209 ἀπὸ
3597 3156 3696 3225 τῆς
3725 3155 3826 3209 θα-

2241 3251 2443 3321 λάσσης
2471 3251 2590 3304 ὁδὸν
2626 3249 2995 3303 ίδιοκαδάλλου
3035 3248 3250 3319 ἡμέρας
3307 3249 3458 3318 μιᾶς.
3501 3247 3697 3300 ’ἰστέον
3738 3247 3821 3300 ὅτι

2241 3345 2299 3395 ἐν
2355 3343 2433 3412 τῷ
2487 3343 2681 3413 θέματι
2731 3341 3028 3413 Δερζηνῆς,
3081 3339 3304 3411 πλησίον
3354 3338 3448 3392 τοῦ
3500 3338 3706 3408 χωρίου
3755 3338 3826 3392 τὰ

2243 3434 2505 3490 Σαπικίου
2558 3437 2691 3507 (911),
2745 3435 2840 3489 καὶ
2882 3435 2977 3488 τοῦ
3033 3434 3234 3504 χωρίου
3277 3433 3371 3486 τοῦ
3421 3433 3826 3502 ὀνομαζομένου

2254 3529 2626 3594 Ἐπισκοπίου,
2679 3528 2794 3580 ἔστι
2834 3529 2985 3598 πηγὴ
3021 3526 3198 3595 ἄφθαν
3239 3524 3579 3579 άναδίδουσα.
3626 3525 3830 3578 Ἰστέον

2241 3621 2323 3674 ὅτι
2355 3621 2412 3671 ἐν
2450 3618 2525 3687 τῷ
2565 3618 2764 3688 θέματι
2811 3617 2923 3684 τοῦ,
2954 3615 3287 3685 Τζιλιάπερτ
3313 3615 3420 3668 ὑπὸ
3443 3616 3503 3667 τὸ
3533 3615 3736 3684 χωρίον
3768 3615 3832 3666 τὸ

2243 3709 2619 3780 Σρεχιαεαράξ
2661 3708 2807 3761 ἐστιν
2855 3709 3034 3760 ἐκεῖσε
3079 3705 3231 3776 πηγὴ
3261 3705 3438 3775 ἄφοαν
3478 3705 3830 3760 ἀναδίδουσα.

2258 3801 2455 3854 ’ἰστέον
2484 3801 2566 3853 ὅτι
2603 3801 2651 3852 εἰ
2694 3800 2966 3869 άντάρωσί
3019 3816 3148 3852 ποτε
3192 3804 3239 3853 oi
3289 3799 3381 3851 τοῦ
3417 3798 3654 3867 κάπρου
3685 3799 3831 3867 Χερ·

2245 3893 2412 3955 σῶνος
2439 3892 2472 3962 ἢ
2505 3891 2721 3945 ἐναντία
2756 3889 2866 3961 (9|)
2901 3890 3010 3944 τῶν
3037 3889 3332 3959 βασιλικῶν
3371 3888 3671 3942 κελεύσεων
3700 3887 3830 3958 βου-

2243 3982 2448 4053 ληθῶσι
2478 3981 2906 4052 διαπράξασθαι,
2950 3981 3224 4048 ὀφείλουσι
3273 3978 3570 4049 τηνικαῦτα
3600 3979 3700 4030 ὅσα
3734 3978 3826 4030 £6-

2248 4072 2478 4144 ρεθῶσιν
2527 4073 2584 4126 ἐν
2638 4075 2703 4143 τῇ
2760 4071 2913 4126 πόλει
2979 4072 3356 4142 Χερσωνιτικά
3408 4069 3647 4139 καράόια
3683 4069 3825 4138 μετὰ

2243 4163 2337 4218 τοῦ
2381 4164 2551 4235 γόμου
2586 4163 2765 4217 αὐτῶν
2806 4163 2919 4233 (9‘2)
2959 4161 3371 4233 εἰσκομίζεσθαι
3399 4176 3414 4191 °
3466 4163 3516 4217 οἱ
3550 4162 3607 4214 δέ
3636 4163 3836 4214 ναῦται

2246 4257 2340 4309 καὶ
2395 4256 2650 4310 ἐπιϐάται
2723 4257 3084 4327 Χερσωνῖται,
3143 4256 3231 4308 ἵνα
3302 4256 3674 4326 δεσμεύωνται
3737 4257 3838 4309 καὶ

569 4353 692 4394 cum
744 4342 1010 4397 oneribus
1049 4343 1102 4396 in
1143 4343 1329 4399 urbem
1380 4346 1672 4412 adducant,
1723 4348 1972 4403 homines
2013 4364 2135 4402 veru

2248 4348 2704 4402 ἐναποκλείωνται
2738 4349 2816 4410 είς
2839 4347 2908 4399 τὰ
2937 4348 3214 4417 ἐργαλεῖα,
3247 4344 3348 4401 εἷθ’
3386 4348 3556 4411 οὕτως
3582 4347 3840 4416 ὀφείλουο

571 4432 783 4489 vinctos
840 4437 894 4488 in
947 4435 1182 4505 publicis
1219 4437 1540 4493 carceribus
1574 4438 1931 4503 concludant,
1965 4454 2029 4493 ac
2074 4439 2135 4492 de

2251 4457 2333 4491 σιν
2359 4438 2730 4508 ἀποσταλῆναι
2759 4440 2904 4509 τρεῖς
2931 4438 3202 4508 βασιλικοί
3225 4453 3239 4468 °
3267 4434 3346 4502 εἷς
3385 4439 3482 4508 μὲν
3511 4443 3569 4492 ἐν
3617 4442 3681 4508 τῇ
3725 4456 3842 4492 πα-

570 4522 660 4586 iis,
699 4533 753 4577 et
792 4524 1066 4592 quomodo
1097 4527 1366 4596 ceperint,
1403 4527 1662 4582 referant.
1700 4529 1969 4583 Praeterea
2009 4544 2146 4597 pra:-

573 4609 704 4665 dicti
735 4613 1032 4668 Caesariani
1068 4617 1412 4685 prohibeant,
1447 4633 1516 4673 ne
1537 4617 1971 4688 Paphlagoniae,
2004 4618 2144 4671 Buc-

2255 4527 2415 4597 ραλίᾳ
2451 4528 2545 4580 τοῦ
2587 4527 2822 4598 θέματος
2850 4527 2957 4580 τῶν
2995 4529 3393 4606 Ἀρμενιακῶν,
3440 4530 3625 4600 ἕτερος
3662 4529 3722 4582 δὲ
3775 4531 3839 4581 ἐν

2253 4621 2317 4690 τῇ
2374 4619 2617 4688 παραλίᾳ
2664 4618 2758 4671 τοῦ
2817 4619 3049 4689 θέματος
3091 4620 3488 4688 Παφλαγονίας,
3543 4621 3638 4673 καὶ
3674 4622 3840 4684 ἄλλος

574 4704 843 4761 cellaricae
877 4721 939 4762 ac
965 4707 1204 4764 Ponticae
1236 4723 1400 4764 naves
1428 4709 1482 4762 in
1517 4709 1848 4764 Chersonem
1875 4707 2135 4778 trajiciattl

2258 4709 2315 4759 ἐν
2346 4709 2411 4777 τῇ
2451 4706 2694 4778 παραλίᾳ
2739 4708 2834 4761 τοῦ
2877 4708 3108 4779 θέματος
3140 4709 3249 4762 τῶν
3289 4709 3718 4780 Βουκελλαρίων,
3749 4710 3843 4762 ἵνα

1721 4863 2020 4920 ANSELMI
2065 4864 2290 4920 BANDU
2304 4863 2392 4918 Rll
2431 4865 2660 4920 NOT/E.

647 5002 759 5076 (86)
777 5001 895 5076 Yox
916 5019 1024 5060 non
1042 5005 1335 5076 intellecta,
1357 5006 1532 5076 inquit
1551 5005 1834 5061 Meursius.
1855 5007 1941 5070 At,
1956 5005 2150 5076 ἀϐάλα,

576 5074 1119 5146 vogindignationis.
1155 5075 1292 5140 Vah,
1328 5074 1476 5129 Heu:
1511 5076 1744 5146 chicon
1774 5091 1875 5146 ms.
1914 5075 2101 5146 Cy_rilli
2137 5093 2150 5129 :

590 5141 804 5215 ’Δβάλε,
827 5141 961 5212 ἱρεῦ,
1002 5146 1122 5215 οὐαί
1153 5162 1262 5215 μοι.
1294 5146 1578 5200 Philemon
1614 5145 1666 5197 in
1724 5143 1923 5198 Lexico
1962 5141 2153 5215 ‘Tech-

581 5213 833 5283 nologico
866 5230 967 5283 ms.
993 5213 1164 5276 οὕτως
1194 5214 1284 5267 οὖν
1318 5231 1449 5283 φασι
1477 5215 1571 5266 καὶ
1601 5215 1815 5283 ῥάϐδος,
1845 5214 2148 5283 σεσημείωο

579 5301 670 5336 ται
728 5282 809 5351 τί),
843 5282 1032 5337 άϐάλε.
1073 5283 1310 5337 Joannes
1343 5282 1606 5338 Moschus
1649 5286 1701 5338 in
1754 5282 1991 5338 Limon.”
2027 5298 2146 5351 cap.

583 5352 706 5416 MO,
741 5346 894 5404 εἷπον
921 5353 1104 5415 πάλιν,
1163 5353 1408 5420 Ἀμὸάλαι,
1465 5353 1603 5407 πόσα
1657 5353 2001 5420 κλαύσωμεν,
2058 5346 2150 5404 καὶ

627 5422 1024 5491 ετανοήσωμεν,
1066 5423 1150 5490 ἐφ’
1180 5416 1259 5484 οἷς
1320 5423 1413 5475 νῦν
1444 5425 1504 5475 οὐ
1565 5416 1955 5491 μαανοοῦμένί
2018 5421 2149 5476 Vide

634 5492 847 5560 ucangii
888 5491 1066 5560 Gloss.
1099 5491 1194 5544 Gr.
1252 5499 1306 5546 et
1371 5493 1542 5548 Notas
1599 5491 1855 5550 Cotelcrii
1907 5502 2037 5546 tom.
2080 5492 2144 5545 ll.

583 5557 920 5630 Monunient.
949 5559 1098 5615 Eccl.
1121 5560 1216 5614 Gr.
1253 5577 1303 5630 p.
1337 5563 1458 5618 669.

618 5695 631 5710 .
657 5627 767 5696 (87)
804 5630 877 5683 Ita
911 5630 964 5683 in
997 5645 1097 5685 ms.
1127 5641 1179 5686 et
1205 5627 1285 5687 sic
1316 5634 1482 5710 etiam
1509 5631 1792 5710 legendum
1844 5632 1920 5685 ait
1974 5629 2152 5710 Meur:

589 5703 725 5763 sius,
784 5713 907 5752 cum
975 5714 1254 5770 perperam
1316 5703 1370 5756 in
1429 5703 1702 5772 cjusims.
1764 5703 2153 5772 legert‘tur,tdt

2253 5006 2557 5076 Μάταρχαο
2599 5006 2740 5059 idem
2777 5006 2977 5076 quippe
3032 5006 3536 5076 Porphyrogenitus
3586 5005 3841 5073 loquitur

2251 5078 2317 5130 de
2345 5075 2844 5130 urheTamatarcha
2880 5075 2931 5128 et
2966 5092 3131 5144 supra
3164 5075 3283 5145 cap.
3305 5077 3393 5142 42,
3414 5091 3644 5144 eamque
3671 5079 3842 5133 sitam

2252 5146 2329 5198 ait
2353 5147 2405 5198 in
2439 5146 2693 5214 Opposita
2724 5155 2876 5214 parte
2904 5145 3162 5213 Bosporo.

2320 5214 2434 5284 (88)
2472 5213 2562 5269 Sic
2581 5231 2683 5268 ms.
2717 5213 2909 5269 codex.
2940 5215 3078 5267 Editi
3117 5215 3340 5277 habent,
3363 5213 3598 5277 Ζαπαξί.

2321 5285 2433 5352 (89)
2468 5285 2682 5339 Inclusa
2715 5289 2766 5336 in
2798 5285 2961 5338 editis
2993 5283 3394 5338 desiderantur.

2324 5355 2438 5420 (90)
2462 5355 2567 5474 (Ms.
2593 5354 2760 5408 codex
2791 5355 2890 5409 sic.
2916 5354 3057 5408 Editi
3088 5371 3238 5418 vero,
3257 5353 3485 5424 πλησίον
3512 5352 3605 5407 τοῦ
3628 5356 3842 5427 χωρίου

2324 5442 2455 5474 ισαπ
2479 5441 2562 5474 Ου.

2261 5425 2628 5575 Ταῶοίῗίέζίη
2668 5508 2771 5547 ms.
2800 5493 3005 5549 codice.
3029 5493 3086 5548 In
3114 5494 3275 5550 editis
3307 5494 3459 5551 locus
3499 5496 3840 5565 depravatus

2261 5565 2766 5757 Μδὸὲῖᾞὲξρεηῐη
2805 5633 2859 5687 in
2889 5632 3051 5689 editis
3085 5634 3280 5704 legitur
3309 5636 3447 5706 μετὰ
3487 5634 3582 5688 τοῦ
3625 5635 3838 5706 γάμου,

2262 5720 2320 5757 se
2384 5705 2590 5757 ontime
2630 5703 2898 5757 Meursius
2922 5705 3197 5757 emendat.

2262 5703 2353 5761 sed
2384 5703 2593 5774 optimc
2630 5703 2898 5760 Meursius
2922 5703 3197 5759 emendat.
