4050 6432
522 311 639 380 423

1559 308 2077 375 CONSTANTINI
2116 284 2801 370 PORPHYRDGENITI

3675 306 3791 374 lii.

525 424 662 479 vires
690 421 993 490 deﬁcerent,
1023 421 1168 476 domi
1192 423 1407 477 relictus
1441 421 1639 492 fuerat.
1671 425 1915 497 Itemque
1940 438 2093 479 num.
2131 422 2202 476 27
2234 424 2333 492 ait,
2368 424 2623 481 vaticinia
2658 422 3010 496 encrgumeni
3040 423 3182 478 brevi
3198 430 3313 492 post
3345 432 3587 480 eventum
3618 426 3787 497 fuisse

529 512 746 565 sortita.

603 598 730 653 [huc
762 613 928 670 porro
954 597 1182 654 abunde
1201 598 1497 653 ostendunt
1515 598 2014 655 contradictionem
2039 599 2092 654 in
2114 612 2178 654 ea
2212 598 2531 654 narratione
2559 597 3002 653 inextricabilem
3031 599 3292 668 inveniri,
3329 600 3433 655 nisi
3462 599 3789 669 dixerimus,

526 687 584 740 in
635 702 779 741 anno
830 687 973 741 6452
1028 688 1284 741 mendum
1334 688 1558 741 cubare.
1607 685 1767 753 Quod
1807 687 1852 743 si
1904 687 2358 753 asseruerimus,
2416 688 2527 757 jam
2600 704 2707 742 non
2769 690 2873 743 sub
2929 689 3292 745 Constantino
3348 690 3468 758 ipso
3498 689 3790 760 imperium

536 774 961 829 administrante
983 787 1081 842 per
1115 786 1257 836 sese,
1298 771 1392 827 sed
1423 772 1528 827 sub
1561 782 1758 843 patruo
1793 774 1917 844 ejus
1940 775 2257 830 Alexandro
2279 775 2570 831 translatio
2600 776 2896 845 contigerit
2929 795 2942 832 :
2977 777 3230 846 quamvis
3247 787 3443 833 auctor
3472 787 3621 834 certe
3647 780 3793 834 seri-

528 862 703 929 pserit
738 861 839 915 sub
867 860 1386 930 Porphyrogenncta
1433 859 1806 931 imperitante,
1847 872 1908 917 ut
1957 871 2104 932 patet
2137 878 2203 917 ex
2235 879 2302 919 eo
2339 863 2487 933 quod
2539 879 2694 918 num.
2723 864 2792 918 27
2831 873 3065 929 asserat,
3106 864 3383 922 dictorum
3427 867 3793 937 energmueui

528 950 734 1003 multos
762 947 1032 1003 exsistere
1082 955 1271 1012 testes,
1302 955 1356 1001 et
1384 948 1531 1017 quod
1578 949 1732 1005 brevi
1782 959 1907 1020 post
1937 960 2194 1006 eventum
2247 950 2453 1004 fuerint
2490 951 2709 1005 sortita.
2753 950 2831 1004 Ex
2860 966 2970 1021 quo
3000 953 3165 1009 etiam
3194 951 3437 1010 infertur
3486 952 3655 1007 alium
3716 957 3792 1009 ab

530 1038 860 1104 imperatore
896 1035 1014 1103 ipso
1047 1048 1173 1089 esse
1226 1034 1563 1088 narrationis
1592 1044 1874 1090 auctorem
1906 1053 1920 1088 :
1951 1034 2096 1103 quod
2139 1051 2205 1092 ex
2237 1037 2344 1093 line
2376 1038 2712 1093 narrationis
2759 1039 3017 1109 liquidius
3051 1050 3274 1111 apparet
3306 1056 3321 1093 :
3362 1038 3587 1099 Custodi
3644 1057 3793 1098 eum.

526 1124 614 1191 qui
645 1122 726 1189 pie
779 1138 843 1176 ac
874 1131 1146 1177 mansuete
1174 1121 1325 1177 nobis
1373 1124 1626 1191 imperat,
1666 1124 1842 1194 tuique
1870 1123 2122 1179 adventus
2153 1124 2461 1179 memoriam
2493 1123 2744 1180 celebrat.
2998 1114 3001 1119 ’

2713 1371 3258 1382 -υ-ηο-σ,
3276 1371 3751 1381 ——____———_

1559 1565 2170 1679 ΚΩΝΣΤΑ
2188 1566 2761 1681 ΝΤΙΝΟΥ

1410 1780 1511 1833 ΕΝ
1564 1779 1814 1848 ΧΡΙΣΤῼ
1886 1778 2175 1831 ΒΑΣΙΛΕΙ
2209 1780 2563 1834 ΒΑΣΙΛΕΩΣ
2587 1778 2913 1835 ΡΩΜΛΙΩΝ

1716 1934 1856 1986 ΤΟΥ
1886 1932 2583 1989 ΠΟΡΦΥΡΟΓΕΝΝΗΤΟΥ

530 2102 889 2157 ΔιΗΓΗΣΙΣ
910 2098 1030 2155 ἀπὸ
1064 2096 1376 2165 διαφόρων
1409 2093 1800 2164 ἀθροισθεῖσα
1826 2092 2127 2161 ἱστοριῶν,
2157 2092 2422 2162 περὶτῆς
2442 2093 2590 2162 πρὸς
2619 2096 2894 2166 Αὖπιαρον
2923 2096 3373 2165 ἀποσταλείσης
3396 2096 3597 2168 ἁχεφο
3617 2117 3797 2167 ποιη-

598 2232 706 2268 του
743 2214 908 2278 θείας
938 2186 1173 2276 εἰκόνος
1197 2212 1455 2279 Χριστοῦ
1485 2212 1591 2266 τοῦ
1614 2210 1764 2266 Θεοῦ
1789 2209 1977 2280 ἡμῶν.
2014 2211 2125 2264 Καὶ
2167 2212 2248 2276 ὡς
2297 2212 2595 2279 Ἐδέσσης
2629 2215 3031 2283 μετεκομίσθη
3105 2216 3256 2284 πρὸς
3307 2216 3422 2286 τὴν
3457 2218 3796 2274 πανευδαί-

595 2352 755 2405 μονα
787 2336 1013 2404 ταύτην
1053 2333 1149 2388 καὶ
1182 2332 1482 2399 βασιλίδα
1520 2332 1639 2387 τῶν
1658 2333 1895 2387 πόλεων
1920 2333 2585 2387 Κωνσταντινούπολιν.

2113 2519 2184 2535 τι-

961 2692 1947 2809 CONSTANTINI
2052 2691 3325 2810 PORPHYBOGENITI

1304 2993 1646 3067 CHRISTI,
1654 2991 1956 3064 GBATIA.
1977 2989 2472 3062 BUMAL‘I-QBIIM
2487 2988 3031 3055 .IMPEBATORIS

535 3179 912 3237 NARRATIO
946 3180 1164 3237 diversis
1186 3197 1250 3237 ea:
1276 3181 1512 3237 historiis
1536 3178 1759 3235 collecta
1791 3178 1856 3233 de
1894 3177 2073 3233 divina
2105 3176 2304 3233 Christi
2331 3176 2429 3231 Dei
2459 3184 2631 3232 nostrt
2660 3179 2891 3247 mtagiue
2920 3192 3022 3230 non
3058 3174 3368 3243 mauufacta
3400 3175 3470 3228 ad
3504 3175 3787 3245 Augarttm

712 3294 915 3361 missa;
940 3308 1104 3364 exque
1141 3291 1342 3349 Edessa
1372 3292 1425 3347 in
1459 3291 1821 3346 beatissimam
1845 3289 1981 3343 hanc
2004 3297 2388 3360 augustamque
2417 3287 2596 3342 urbem
2628 3285 3146 3356 Constantinopolim
3175 3286 3442 3342 translata
3483 3284 3585 3360 (l).

594 3627 636 3681 1.
694 3624 813 3679 Non
867 3625 1042 3680 solum
1079 3623 1197 3694 ipse
1223 3621 1372 3676 Patri
1409 3630 1717 3680 coaeternus
1771 3623 1915 3680 Deus
1964 3623 2092 3679 Ver-

2274 3624 2354 3677 A'.
2395 3623 2508 3676 Οὐκ
2544 3622 2650 3693 ἄρα
2683 3622 2843 3691 μόνος
2880 3620 3042 3683 αὐτὸς
3071 3618 3457 3690 ἀκατάληπτος
3485 3614 3555 3692 ἦν
3585 3622 3613 3674 ὁ
3649 3638 3790 3678 συν-

522 3718 653 3772 ιιιιιιι
696 3714 846 3770 οιιιιιί
899 3702 1077 3783 major
1124 3712 1619 3783 comprehensione
1662 3721 1780 3767 erat
1824 3729 1837 3766 :
1900 3728 2090 3770 verum

526 3809 691 3863 etiam
723 3806 846 3871 ejus
888 3806 1148 3875 pleraque
1203 3802 1337 3884 fere,
1370 3803 1457 3858 vel
1491 3804 1657 3859 etiam
1686 3803 1871 3858 omnia
1904 3818 2095 3875 opera,

524 3898 714 3953 eadem
749 3895 1328 3965 incomprehensionis
1368 3894 1601 3965 caligine
1642 3903 1774 3951 sunt
1821 3903 2095 3951 contecta.

518 3987 711 4061 Neque
758 4002 822 4041 ea
855 3987 1057 4051 solum,
1092 4001 1214 4055 qua:
1265 4000 1456 4041 rerum
1504 3986 1675 4056 hujus
1707 3987 2086 4043 universitatis

520 4079 741 4149 opilicio
776 4076 1059 4140 condidit;
1096 4076 1190 4131 sed
1238 4083 1293 4130 et
1334 4090 1456 4145 quae
1487 4084 1774 4147 assumpta
1806 4076 2097 4147 dispensa-

521 4170 690 4224 tionis
727 4182 955 4223 munere
988 4176 1194 4222 nostrae
1226 4167 1605 4225 concretionis
1623 4182 1828 4234 massa,
1863 4183 1962 4239 pro
1993 4170 2101 4240 pri-

518 4276 608 4315 ma
658 4260 750 4314 illa
782 4274 844 4313 ac
886 4258 1155 4329 singulari
1208 4272 1322 4313 suae
1349 4258 1570 4315 deitatis
1594 4260 1839 4330 potentia
1870 4271 2098 4332 praesta-

516 4353 631 4409 bat.
656 4352 734 4406 Ac
756 4351 916 4419 plane
936 4365 1118 4421 opera:
1150 4351 1390 4421 pretium
1417 4349 1512 4415 sit,
1544 4352 1716 4421 utqui
1748 4368 1809 4408 se
1839 4354 1955 4424 ipse
1987 4369 2095 4409 non

513 4447 755 4516 ignorat,
777 4459 843 4500 ac
865 4445 970 4501 scit
990 4459 1050 4499 se
1065 4444 1282 4500 nescire
1329 4457 1452 4513 quae
1467 4442 1731 4514 proillius
1752 4445 1946 4500 altiora
1969 4453 2099 4501 sunt

516 4539 799 4603 facultate,
830 4554 940 4594 non
976 4541 1030 4595 iu
1072 4539 1409 4611 immensum
1442 4538 1729 4609 glorietur,
1774 4553 1876 4594 nec
1902 4538 2097 4595 stolide

516 4646 616 4702 per
642 4631 803 4687 inane
832 4631 1145 4701 gradiatur,
1177 4644 1240 4686 ac
1272 4630 1357 4685 vel
1386 4630 1571 4685 omnia
1607 4647 1667 4687 se
1701 4632 1841 4687 scire
1865 4639 2095 4686 conten-

514 4722 630 4787 dat,
667 4731 760 4774 aut
793 4736 903 4775 non
935 4736 1059 4777 esse
1114 4738 1233 4792 qua:
1274 4720 1394 4791 ejus
1426 4720 1535 4774 vim
1582 4720 2095 4791 comprehensionis

513 4814 798 4884 eﬂugiant.
834 4813 913 4868 Ad
955 4814 1099 4869 hanc
1133 4813 1302 4885 igitur
1329 4827 1647 4883 expressam
1703 4812 1798 4868 Dei
1846 4812 2093 4868 Hominis

513 4905 746 4961 formam
795 4907 940 4976 quod
972 4906 1186 4972 attinet,
1220 4920 1349 4977 quae
1383 4904 1549 4960 nullis
1580 4904 1858 4959 coloribus
1904 4904 2090 4960 nullo-

2204 3714 2379 3777 αἲδιος
2427 3712 2505 3783 τῷ
2554 3712 2734 3786 Πατρὶ
2773 3712 2905 3776 Θεὸς
2935 3713 3127 3780 Λόγος,
3174 3706 3318 3766 ’ἀλλὰ
3346 3716 3441 3766 καὶ
3486 3713 3555 3781 τὰ
3606 3713 3793 3768 πλείω

2203 3807 2410 3877 σχεδὸν,
2461 3807 2495 3877 ἢ
2533 3806 2628 3859 καὶ
2680 3806 2856 3860 πάντα
2900 3805 3009 3858 τῶν
3058 3805 3236 3875 ἔργων
3270 3805 3575 3876 αὑτοῦ,,τῷ
3626 3806 3790 3875 αὐτῷ

2201 3897 2304 3967 τῆς
2330 3894 2711 3964 ἀκαταληψίας
2743 3895 2930 3965 γνόφῳ
2972 3894 3438 3966 περικαλύπτεται
3464 3911 3478 3925 ο
3517 3896 3579 3948 οὐ
3612 3897 3790 3965 μόνον

2204 3987 2304 4040 ὅσα
2332 3986 2361 4038 ὀ
2383 3986 2443 4039 τὸ
2486 3988 2595 4040 πᾶν
2626 3985 2785 4039 τοῦτο
2814 3985 3165 4058 δημιουργῶν
3226 3986 3589 4056 ὑπεστήσατο,
3638 3987 3787 4041 ἀλλὰ

2201 4079 2295 4133 καὶ
2336 4079 2436 4132 ὅσα
2469 4081 2527 4133 ὲν
2554 4077 2633 4146 τῷ
2665 4075 2733 4131 δι’
2751 4079 3061 4147 οἰκονομίαν
3097 4078 3485 4150 προσλήμματι
3512 4077 3607 4131 τοῦ
3638 4079 3787 4149 ἠμε-

2200 4172 2362 4241 τέρου
2416 4171 2737 4242 φυράματος
2781 4169 3052 4241 ὁμιλήσας
3078 4171 3230 4241 ἡμῖν,
3258 4170 3399 4225 κατὰ
3425 4169 3523 4239 τὴν
3549 4170 3789 4241 πρώτην

2200 4265 2296 4319 καὶ
2333 4264 2464 4335 μίαν
2500 4262 2716 4331 ἐκείνην
2742 4263 2965 4333 ἐνήργει
2997 4263 3096 4333 τῆς
3137 4260 3303 4315 αὑτοῦ
3335 4260 3586 4329 Θεότητος
3609 4259 3790 4316 δύνα-

2200 4373 2314 4425 μιν.
2353 4356 2463 4408 Καὶ
2514 4354 2618 4427 χρὴ
2674 4354 2893 4416 πάντως
2945 4354 3039 4407 τὸν
3091 4352 3285 4408 ἑαυτὸν
3346 4353 3425 4423 μὴ
3451 4351 3788 4421 ἀγνοοῦντα,

2204 4449 2302 4503 καὶ
2327 4448 2397 4501 τὰ
2424 4447 2566 4519 ὑπὲρ
2593 4447 2755 4501 αὐτὸν
2785 4447 2859 4518 μὴ
2888 4447 3087 4501 ειδέναι
3118 4446 3478 4515 γινώσκοντα,
3506 4445 3581 4516 μὴ
3601 4446 3688 4509 εἰς
3715 4445 3793 4500 τὰ

2197 4538 2415 4609 ἄμετρα
2449 4537 2779 4611 καυχᾶσθαι,
2816 4538 2955 4608 μηδὲ
3006 4538 3364 4610 κενεμϐατεῖν
3394 4534 3642 4607 ἀμαθῶς,
3685 4539 3792 4591 καὶ

2196 4630 2229 4702 ἢ
2265 4630 2443 4683 πάντα
2481 4630 2681 4684 εἰδέναι
2709 4631 3057 4698 φιλονεικεῖν,
3099 4629 3133 4701 ἢ
3166 4631 3240 4701 μὴ
3266 4625 3406 4683 εἶναι
3439 4629 3584 4697 ειπερ
3610 4629 3789 4695 αὐτὸς

2196 4723 2259 4775 οὐ
2310 4722 2628 4793 κατείληφε.
2675 4724 2868 4777 Τοίνυν
2904 4724 2998 4776 καὶ
3049 4721 3179 4793 περὶ
3233 4721 3328 4775 τοῦ
3374 4716 3789 4789 ὲκτυπώματος

2198 4815 2298 4884 τῆς
2333 4812 2655 4885 θεανδρικῆς
2677 4813 2871 4868 τούτου
2914 4812 3147 4884 μορφῆς,
3188 4812 3217 4864 ὂ
3259 4812 3557 4882 ἀγρᾶπτως
3582 4812 3786 4865 ἐνετυ-

2196 4901 2354 4974 mqu
2390 4902 2468 4972 τῷ
2502 4903 2777 4973 ὑπερφυεί
2833 4901 2928 4955 τοῦ
2979 4902 3215 4972 δρῶντος
3246 4899 3570 4972 βουλήματι,
3600 4894 3673 4969 ἦς
3719 4901 3790 4954 τὸ

512 5013 621 5070 que
662 4999 941 5070 penicillo,
971 5000 1090 5070 ejus
1111 5001 1204 5068 qui
1250 4997 1422 5053 edidit
1452 4995 1761 5051 admirabili
1789 4995 2092 5062 voluntate,

2202 4991 2604 5063 ὑποδεξάμενον
2651 4991 2903 5063 ὕφασμα,
2957 5000 3051 5046 καὶ
3102 4991 3224 5045 τότε
3273 4990 3372 5061 μὲν
3430 4989 3510 5061 τῷ
3535 4989 3789 5063 Δύγάρῳ

509 5106 576 5148 eo
603 5093 659 5146 in
691 5092 860 5148 linteo
895 5092 1091 5158 eluxit,
1132 5090 1279 5161 quod
1301 5098 1435 5143 tunc
1468 5088 1688 5158 quidem
1721 5087 1788 5142 ad
1813 5086 2085 5158 Augarum

509 5185 576 5240 ad
607 5186 895 5240 sanitatem
943 5182 1020 5239 illi
1063 5180 1468 5239 conciliandam
1508 5177 1761 5243 missum,
1807 5192 1954 5233 nunc
1983 5193 2083 5232 au-

506 5284 617 5333 tem
649 5293 716 5333 ex
742 5274 947 5333 Edessa
973 5274 1040 5329 ad
1066 5280 1349 5345 augustam
1383 5270 1526 5325 hanc
1564 5269 1781 5336 urbem,
1815 5267 2083 5338 singulari

505 5383 737 5442 prorsus
763 5367 860 5425 Dei
894 5365 1256 5437 indulgentia,
1289 5372 1347 5417 ut
1372 5363 1492 5434 ipsa
1527 5361 1828 5419 incolumis
1858 5369 2087 5431 tutaque

2194 5083 2475 5155 ἀπεστάλη
2507 5082 2646 5155 πρὸς
2677 5085 2843 5149 ἴασιν,
2877 5082 2973 5136 νῦν
3006 5081 3061 5135 δὲ
3099 5080 3160 5146 ἐξ
3201 5081 3455 5153 Ἐδέσσης
3497 5080 3635 5151 πρὸς
3674 5081 3788 5153 τὴν

2197 5177 2593 5248 βασιλεύουσαν
2629 5177 2833 5245 ταύτην
2864 5174 2972 5228 τῶν
3006 5173 3213 5228 πόλεων
3240 5174 3521 5246 οἰκονομίᾳ
3549 5173 3785 5238 πάντως

2197 5268 2356 5336 Θεοῦ,
2387 5270 2525 5342 πρὸς
2561 5269 2835 5340 σωτηρίαν
2877 5267 3051 5336 αὐτῆς
3084 5267 3177 5321 καὶ
3224 5265 3474 5337 φυλακὴν
3504 5265 3783 5338 μετενήνο

2192 5380 2372 5427 εκται,
2401 5363 2478 5427 ὡς
2517 5363 2584 5417 ἂν
2638 5361 2868 5434 μηδενὸς
2919 5358 3030 5413 τῶν
3072 5357 3254 5413 καλῶν
3312 5358 3497 5430 ἐνδεὴς
3524 5358 3679 5429 δοκῇ,
3716 5359 3784 5410 ὲν

2005 5524 2238 5583 NOTAE.

574 5650 664 5724 (l)
698 5649 969 5724 Baronius
1000 5657 1052 5705 et
1081 5648 1281 5724 Sin-ius
1306 5651 1445 5707 hanc
1479 5650 1768 5724 imaginem
1799 5647 2027 5706 Romam
2069 5649 2389 5706 translatam
2433 5650 2503 5704 ibi
2538 5650 2807 5706 asservari
2843 5649 3072 5720 docent;
3111 5649 3341 5705 Bzovius
3374 5646 3574 5703 Genua:
3610 5639 3784 5696 iuve-

503 5718 613 5775 niri
635 5718 800 5777 docet
833 5724 886 5777 in
919 5721 1242 5778 Annalibus.
