4050 6416
275 353 392 417 425

1253 348 1649 410 NARRATIO
1675 350 1773 409 DE
1806 351 2138 412 lMAGlNE
2162 349 2570 411 EDESSENA.

3449 343 3560 411 426

279 469 454 521 πᾶσιν
485 459 820 532 ὀφείλουσαν
868 459 1088 513 πάντων
1146 461 1388 529 κρατεῖν.
1437 457 1606 530 Οἶμαι
1632 461 1743 514 δεῖν
1771 461 1864 516 τὸν

1990 465 2264 530 :onsistat,
2298 465 2628 520 translatum
2672 468 2792 528 est;
2832 475 2944 532 quo
2970 457 3184 517 scilicet
3213 473 3404 516 eorum
3437 475 3563 532 qua:

276 557 488 623 εὐσεϐῆ
540 553 636 606 καὶ
695 551 909 604 δίκαιον
952 551 1232 621 ἀκροατήν
1277 567 1338 604 τε
1368 551 1462 603 καὶ
1495 550 1715 622 θεατὴν,
1772 551 1874 621 τὴν

279 648 538 720 ἱστορίαν
566 645 670 716 μὲν
700 644 811 698 τῶν
842 642 964 697 καθ’
1013 643 1222 696 ἕκαστα
1254 642 1501 713 ἀκριϐῶς
1556 644 1748 714 μαθεῖν
1779 643 1875 697 καὶ

271 745 376 814 τῆς
418 737 810 812 ἀρχαιολογίας
849 736 1026 789 ἐλθεῖν
1083 735 1499 806 ἀπαραποίητον
1544 734 1643 806 τὴν
1673 734 1877 804 γνῶσιν

273 834 494 887 λαϐεῖν.
535 832 649 900 Τὴν
685 829 742 882 δὲ
771 827 954 882 αἰτίαν
992 825 1110 892 τοῦ,
1145 826 1264 889 πῶς
1319 825 1380 890 ἐξ
1433 826 1659 897 ἰκμάδος
1701 827 1878 895 ὑγρᾶς

273 927 408 994 δίχα
440 921 757 994 χρωμάτων
783 918 879 972 καὶ¹
910 917 1108 988 τέχνης
1131 917 1232 988 τῆς
1252 916 1532 987 γραφικῆς
1561 917 1875 986 ὲναπεμορ-

278 1016 442 1086 φὼθη
468 1015 533 1066 τὸ
567 1011 666 1066 τοῦ
697 1007 996 1081 προσώπου
1040 1010 1101 1062 ἐν
1145 1007 1224 1080 τῷ
1262 1010 1328 1062 ὲκ
1354 1007 1502 1062 λίνου
1535 1007 1824 1079 ὑφάσματι
1859 1023 1876 1039 ·

278 1107 375 1160 καὶ
423 1106 548 1168 πῶς
590 1104 654 1156 τὸ
691 1100 752 1167 ἐξ
792 1101 921 1172 ὕλης
973 1099 1148 1166 οὕτως
1200 1100 1534 1172 εὒφθάρτου,
1571 1099 1651 1171 τῷ
1700 1100 1879 1171 χρόνῳ

280 1195 587 1269 διαφθορὰν
602 1196 705 1249 οὐκ
733 1194 969 1261 ἐδέξατοι
1002 1194 1098 1249 καὶ
1118 1194 1220 1248 ὃσα
1243 1193 1378 1249 ἀλλα
1397 1195 1426 1247 ὁ
1447 1192 1694 1263 φυσικῶς
1717 1192 1881 1264 δῆθεν

284 1291 592 1345 ἐπιϐάλλων
651 1289 765 1352 τοῖς
792 1287 1139 1358 πράγμασιν,
1161 1285 1543 1357 ἐπιστημόνως
1597 1283 1883 1354 διερευνᾷν

287 1377 467 1441 εἴωθε,
515 1374 595 1446 τῷ
637 1373 917 1444 ἀνεφίκτῳ
962 1373 1066 1444 τῆς
1126 1372 1224 1427 τοῦ
1282 1373 1418 1428 Θεοῦ
1475 1373 1669 1444 σοφίας
1698 1389 1881 1443 παρα-

289 1471 486 1540 χωρεῖν
534 1466 709 1531 είδὼς,
778 1466 855 1529 ώς
903 1467 956 1519 εἰ
979 1482 1065 1530 τις
1094 1466 1272 1520 πάντα
1304 1466 1661 1538 φιλονεικήσῃ
1698 1465 1775 1536 τῷ
1808 1464 1885 1536 νῷ

298 1559 568 1614 διαλαϐεῖν
589 1559 858 1630 ἀκριϐῶς,
877 1561 956 1623 είς
988 1558 1089 1630 τὴν
1111 1557 1350 1630 παντελῆ
1368 1557 1646 1627 ἀγνωσίαν
1662 1555 1883 1623 ὠσθεὶς,

1977 555 2206 626 pulchra
2229 564 2361 611 sunt
2391 569 2457 609 ac
2489 552 2942 624 praeclara,nullo
2971 552 3288 618 deficiatur,
3318 568 3484 624 quam
3505 553 3564 606 in

1978 645 2238 700 omnibus
2259 644 2535 699 dominari
2578 643 2904 713 primasque
2945 642 3201 698 obtinere
3223 641 3557 707 condeceat;

1978 752 2158 808 opera:
2182 736 2416 806 pretium
2444 734 2720 799 existimo,
2752 742 2812 788 ut
2833 733 3126 805 religiosus
3154 747 3220 788 ac
3239 731 3374 800 justi
3401 741 3567 788 tenax

1981 828 2206 883 auditor
2231 835 2642 898 spectatorque,
2677 826 3025 896 singularum
3066 841 3252 881 rerum
3275 825 3566 880 historiam

1981 921 2273 992 diligenter
2295 917 2608 983 condiscat,
2642 925 2698 974 et
2726 927 2788 973 ut
2811 917 3053 989 antiqua:
3078 917 3419 973 narrationis
3448 917 3566 973 sin—

1981 1027 2166 1070 ceram
2202 1012 2466 1083 omnique
2492 1010 2632 1078 fuco
2672 1018 2961 1066 vacantem
3005 1011 3379 1082 cognitionem
3418 1010 3570 1065 accio

1983 1119 2115 1176 pere
2174 1105 2399 1161 studeat
2456 1121 2470 1157 :
2521 1117 2750 1158 causam
2812 1107 2996 1157 autem
3049 1115 3152 1155 cur
3207 1115 3276 1155 ex
3305 1099 3563 1154 bumenti

1984 1200 2162 1264 gutta,
2232 1193 2384 1248 nullo
2442 1191 2690 1248 colorum
2730 1191 3009 1262 pigmento
3050 1197 3106 1245 et
3142 1189 3281 1245 artis
3329 1189 3565 1260 pictura,

1985 1283 2256 1353 impressa
2290 1281 2394 1338 fuit
2427 1282 2483 1338 in
2517 1283 2690 1338 linteo
2727 1281 2914 1336 vultus
2960 1280 3174 1347 forma;
3206 1293 3426 1351 quaque
3478 1280 3569 1334 ni-

1985 1378 2291 1436 hilominus
2321 1379 2538 1433 ratione
2569 1377 2781 1450 fragilis
2818 1376 2954 1432 adeo
2983 1377 3213 1432 materia
3242 1384 3398 1431 tanto
3423 1383 3565 1431 tem-

1987 1482 2121 1538 pore
2147 1469 2282 1523 nulli
2317 1468 2423 1523 fuit
2447 1468 2756 1524 interitioni
2787 1469 3004 1538 labique
3029 1467 3300 1534 obnoxia;
3329 1481 3394 1521 ac
3419 1481 3569 1537 qua:-

1990 1575 2216 1631 cunque
2254 1561 2495 1629 denique
2529 1560 2658 1626 alia,
2691 1560 2945 1630 quisquis
2998 1575 3088 1616 res
3119 1559 3446 1614 naturaliter
3473 1574 3568 1628 ag-

309 1654 406 1708 ιαῖ
440 1655 518 1716 είς
569 1652 802 1706 ἄϐυσσον
869 1650 1249 1723 ἀκαταληψίας
1320 1648 1651 1716 ἀποπεσὼν,
1701 1648 1886 1704 κινδυ-

313 1742 478 1797 νεόσει
504 1744 626 1813 περὶ
649 1743 718 1798 τά
757 1744 972 1814 καίρια,
1006 1741 1305 1813 ζημιωθεὶς
1326 1740 1395 1818 τά
1429 1739 1664 1810 μεγάλα,
1691 1739 1788 1793 ἵνα·
1809 1737 1886 1810 μὴ

1989 1653 2261 1723 greditur,
2322 1651 2622 1722 diligenter
2652 1652 2893 1707 scrutari
2952 1651 3113 1713 solet,
3147 1650 3244 1706 Dei
3283 1652 3568 1721 sapientia:

1987 1744 2288 1814 relinquat,
2320 1758 2485 1813 quam
2545 1758 2708 1798 nemo
2760 1743 2897 1799 satis
2952 1741 3172 1812 assequi
3221 1749 3432 1811 queat:
3471 1743 3568 1811 qui

304 1837 413 1906 δοξῇ
443 1837 519 1907 (2)
552 1837 621 1889 τὰ
662 1837 834 1906 μικρά
877 1836 1210 1906 συγχωρεῖν.
1261 1834 1418 1888 Ὅσοι
1470 1827 1564 1886 οὖν
1609 1832 1719 1886 τῶν
1761 1834 1886 1902 περὶ

1996 1834 2258 1890 nimirum
2290 1833 2452 1898 sciat,
2482 1833 2530 1888 si
2561 1833 2688 1902 quis
2735 1832 2918 1887 omnia
2950 1831 3150 1886 mentis
3180 1831 3300 1886 acie
3325 1831 3569 1900 perfecte

297 1925 390 1995 τὴν
435 1926 624 1979 πίστιν
669 1925 848 1996 ὀρθῶν
870 1964 886 1990 ,
923 1925 1022 1978 καὶ
1054 1923 1410 1995 θερμοτέρων
1438 1922 1568 1991 περὶ
1593 1921 1688 1974 τὸν
1715 1919 1877 1991 ζῆλον

1990 1923 2281 1994 complecti
2326 1924 2666 1990 connitatur,
2719 1923 2838 1979 fore
2892 1931 2954 1978 ut
3007 1923 3337 1994 ignorantiae
3379 1923 3569 1979 omnis

294 2017 518 2071 ενταῦθα
548 2017 970 2088 συνεληλύθατε,
987 2015 1188 2083 Δεῦτε,
1202 2015 1529 2080 ἀκούσατε,
1549 2015 1646 2068 καί
1667 2013 1875 2085 διηγή-

1990 2035 2195 2076 mersus
2253 2018 2550 2082 barathro,
2609 2019 2924 2089 abyssoque
2991 2016 3568 2086 incomprehensionis

295 2123 464 2177 σομαι
497 2107 668 2178 ὑμῖν,
712 2110 858 2179 ἅπερ
887 2109 954 2178 τῇ
978 2105 1175 2176 δεούσῃ
1209 2104 1430 2176 βασάνῳ
1461 2105 1670 2158 ἕκαστα
1696 2103 1868 2156 πολυ·

1990 2113 2208 2168 )brntus
2218 2125 2282 2166 ac
2302 2119 2389 2165 stu
2396 2110 2704 2182 poris,eoru
2713 2127 2762 2164 m
2783 2124 2905 2180 qua:
2919 2109 3306 2178 principaliora
3319 2117 3450 2166 sunt
3468 2122 3569 2162 no.

298 2201 718 2272 πραγμονὴσας,
767 2199 863 2252 καὶ
910 2199 1011 2251 ούκ
1045 2195 1448 2269 ἀταλαιπώρως
1475 2197 1606 2266 περὶ
1632 2196 1734 2267 τὴν
1769 2195 1870 2266 τῆς

1990 2202 2123 2256 nine
2153 2201 2422 2269 iacturam
2449 2199 2711 2269 patiatur,
2741 2214 2811 2253 ne
2835 2199 2889 2254 in
2915 2198 3001 2255 his
3027 2214 3150 2269 qua:
3184 2208 3320 2253 sunt
3342 2199 3560 2254 minora

288 2290 548 2362 ἀληθείας
583 2289 968 2360 διαγενόμενος
998 2289 1246 2360 ζήτησιν,
1275 2289 1386 2343 ἀπό
1405 2305 1465 2341 τε
1492 2288 1604 2341 τῶν
1625 2287 1868 2358 ἱστορίας

1990 2289 2236 2345 videatur
2276 2288 2486 2358 aliquid
2522 2289 2846 2343 concedere.
2907 2287 3192 2358 Quotquot
3240 2287 3412 2360 igitur
3462 2288 3568 2361 title

285 2381 641 2451 γραψάντων,
681 2381 778 2435 καὶ
816 2380 926 2436 ἀπὸ
955 2379 1067 2433 τῶν
1087 2378 1298 2433 ἐκεῖθεν
1321 2380 1400 2442 είς
1420 2379 1571 2449 ἡμᾶς
1590 2377 1875 2432 ἐλθόντων.

1990 2379 2122 2436 recti
2150 2367 2378 2448 zeloque
2418 2376 2783 2433 ferventiores
2812 2379 2919 2432 huc
2947 2379 3315 2445 convenistis,
3362 2378 3567 2444 Venite,

289 2475 354 2525 ’Δ
385 2473 464 2535 ὡς
496 2473 568 2526 δι’
600 2473 939 2545 ἀπορρήτων
968 2475 1036 2544 τῇ
1074 2473 1267 2543 μνήμῃ
1299 2457 1434 2543 παρ’
1471 2471 1656 2534 αὐτοῖς
1682 2468 1884 2524 διασώο

1991 2470 2192 2535 audite,
2220 2479 2269 2523 et
2303 2468 2535 2524 narrabo
2564 2469 2710 2525 vobis
2732 2484 2794 2524 ea
2823 2485 2949 2540 qua:
2976 2469 3328 2525 convenienti
3352 2471 3567 2525 exami-

283 2565 478 2630 ζεσθαι
512 2565 721 2635 ἔλεγον,
750 2564 1057 2636 ἀκριϐῶσαι
1086 2564 1364 2635 ἑξίσχυσα.

1995 2574 2065 2614 ne
2097 2559 2317 2631 singula
2345 2574 2578 2630 quaeque
2626 2560 2922 2627 scrutanti,
2957 2576 3057 2616 nec
3091 2561 3214 2616 sine
3263 2562 3452 2618 labore
3507 2563 3567 2618 in

284 2662 521 2716 veritate
556 2660 888 2733 inquirenda
926 2667 1165 2726 versato,
1201 2665 1311 2714 tam
1340 2673 1406 2716 ex
1437 2657 1506 2715 iis
1529 2658 1621 2730 qui
1659 2656 2010 2714 historiarum
2044 2663 2394 2710 monumenta
2417 2655 2778 2726 scripserunt,
2806 2671 2968 2728 quam
2998 2657 3090 2727 qui
3114 2657 3263 2713 illinc
3286 2673 3352 2715 ac
3395 2657 3570 2730 Syriae

283 2757 540 2828 partibus
564 2755 632 2810 ad
665 2770 767 2812 nos
799 2760 1168 2820 accesserunt,
1203 2767 1327 2810 cum
1357 2753 1499 2823 apud
1529 2747 1678 2824 ipsos
1705 2767 1904 2808 arcana
1932 2750 2047 2806 haec
2091 2749 2354 2807 memoria
2375 2737 2592 2808 exstare
2620 2737 3024 2823 profiterentur,
3061 2753 3308 2811 nancisci
3329 2755 3554 2811 demum

284 2850 443 2906 licuit
463 2864 531 2904 ac
559 2847 764 2904 doceri.

354 2966 437 3020 Ην.
495 2963 604 3018 Τοῦ
645 2965 856 3032 Κυρίου
916 2963 1012 3017 καὶ
1064 2960 1202 3017 Θεοῦ
1259 2962 1356 3016 καὶ
1417 2960 1668 3032 Σωτῆρος
1718 2958 1880 3032 ἡμῶν

2062 2961 2130 3016 II.
2163 2960 2300 3018 Cum
2338 2959 2605 3017 Dominus
2628 2968 2682 3016 et
2716 2959 2860 3018 Dcus
2893 2976 2957 3018 ac
2979 2961 3230 3018 Salvator
3263 2973 3452 3020 noster
3472 2963 3567 3021 Je-

298 3057 484 3128 Ἰησοῦ
513 3054 781 3128 Χριστοῦ,
813 3054 909 3108 ἐπὶ
935 3056 1002 3126 τῇ
1032 3053 1128 3108 τοῦ
1168 3052 1358 3122 γένους
1385 3052 1546 3123 ἡμῶν
1573 3050 1882 3126 ἀνορθώσει

1990 3066 2080 3108 sus
2115 3051 2394 3118 Christus,
2429 3052 2498 3107 ad
2527 3068 2702 3124 genus
2730 3061 2980 3110 nostrum
3024 3055 3348 3126 erigendum
3367 3057 3434 3110 ad
3464 3072 3570 3113 nos

291 3150 434 3221 πρὸς
478 3150 633 3220 ἡμᾶς
678 3147 1118 3224 ἐκδημήσαντος,
1160 3142 1401 3221 ἧν-κατά
1448 3145 1540 3200 τοῦ
1593 3147 1882 3218 προφήτου

1990 3144 2248 3210 venisset,
2307 3153 2428 3201 erat
2453 3144 2617 3215 juxta
2674 3146 2959 3216 propheta:
2993 3161 3185 3204 vocem
3223 3148 3569 3206 abundantia

297 3241 506 3313 φωνὴν,
539 3239 750 3310 πλῆθος
773 3239 998 3310 είρήνης
1027 3240 1122 3294 ἐπὶ
1141 3239 1238 3307 τῆς
1271 3238 1396 3310 γῆς,
1432 3239 1527 3293 καὶ
1556 3237 1618 3293 τὸ
1645 3238 1886 3310 πολύαρ-

1984 3236 2134 3304 pacis
2169 3237 2223 3290 in
2263 3245 2434 3301 terra,
2462 3237 2882 3308 dissipatusque
2906 3247 3026 3294 erat
3077 3241 3316 3312 plurium
3361 3243 3573 3314 princi-

296 3354 384 3406 χον
414 3334 789 3396 διεσκέδαστο,
836 3333 1028 3404 ὥσπερ
1071 3331 1179 3386 ὑπὸ
1208 3332 1338 3402 μιᾶς
1363 3329 1562 3402 ζώνης,
1592 3331 1695 3402 τῆς
1741 3328 1878 3386 Ῥω-

1990 3335 2171 3399 patus,
2211 3343 2334 3383 cttm
2362 3327 2652 3398 imperium
2684 3329 2992 3386 Romanum
3025 3339 3203 3387 totum
3241 3334 3350 3390 late
3375 3337 3566 3392 orbem

308 3427 469 3495 μαίων
501 3425 702 3496 ἀρχῆς,
733 3422 955 3493 ἀπάσης
981 3422 1376 3494 διαζωσθείσης
1393 3423 1493 3491 τῆς
1526 3421 1882 3494 οἰκουμένης,

315 3519 402 3568 καὶ
442 3517 535 3586 ὑφ’
581 3516 666 3569 ἑνὶ
718 3513 1060 3585 ταττομένης
1100 3513 1426 3585 σημάντορι.
1463 3515 1574 3568 Καὶ
1605 3513 1696 3567 διὰ
1727 3511 1890 3566 τοῦτο

304 3609 470 3661 πᾶσαι
519 3607 744 3661 πάντων
771 3607 871 3661 καὶ
904 3605 1045 3678 πρὸς
1078 3606 1289 3669 πάντας
1322 3602 1600 3674 ἐπιμιξίαι
1643 3603 1890 3671 ἐγίνοντο

303 3699 500 3763 ἀδεῶς,
529 3699 626 3751 καὶ
655 3699 719 3752 οὐ
756 3698 1176 3769 μεμερισμένως
1215 3697 1316 3767 τὴν
1343 3698 1448 3766 γῆν
1472 3696 1641 3749 οἰκεῖν
1665 3693 1889 3748 ἐδόκουν

314 3791 365 3841 οἱ
391 3788 680 3860 ἀνθρωττοι,
717 3789 836 3843 ἀλλ’
863 3787 938 3851 ὡς
981 3788 1099 3852 ἐνὸς
1134 3787 1406 3842 Δεσπότου
1445 3788 1632 3858 κτῆμα
1680 3785 1888 3854 τυγχά-

319 3896 521 3947 νουσαν,
563 3881 638 3946 ὡς
671 3884 770 3936 καὶ
807 3879 926 3944 ἑνὸς
953 3878 1053 3952 τὴν
1083 3881 1264 3934 πᾶσαν
1312 3875 1480 3934 οὖσαν
1528 3875 1885 3950 δημιουργοῦ,

312 3972 383 4041 τῷ
431 3971 636 4044 πρώτῳ
673 3972 766 4026 τὸν
800 3971 1007 4043 αὐχένα
1060 3971 1232 4041 δούλῳ
1283 3970 1694 4035 ύποκλίναντες,
1750 3968 1890 4038 πρὸς

303 4064 566 4135 ἀλλήλους
621 4065 972 4136 είρήνευσαν.
1029 4064 1122 4118 Διὸ
1151 4063 1248 4120 καὶ
1275 4065 1305 4118 ό
1354 4065 1456 4136 τῆς
1523 4062 1777 4132 Ἐδέσσης
1827 4061 1889 4116 τὸ

299 4157 609 4227 τηνικαῦτα
664 4159 950 4230 τοπάρχης
1010 4155 1284 4227 Αῦγαρος,
1337 4157 1417 4227 τῷ
1466 4157 1565 4227 τῆς
1609 4156 1890 4224 Αἰγύπτου

299 4249 661 4320 ἐξηγουμένῳ
705 4249 861 4318 φίλος
895 4249 993 4303 καὶ
1025 4247 1304 4318 γνώριμος
1332 4242 1422 4319 ἦν’
1457 4249 1552 4301 καὶ
1585 4247 1695 4317 γὰρ
1724 4247 1890 4319 ἀλλή-

297 4342 412 4405 λοις
445 4345 498 4396 oi
527 4341 813 4413 ἑκατέρων
853 4341 1084 4410 ἐφοίτων
1124 4341 1380 4395 διάκονοι.
1425 4339 1588 4392 Ὅθεν
1625 4339 1722 4394 καὶ
1752 4339 1891 4394 κατὰ

295 4437 391 4490 τὸν
417 4435 616 4505 καιρὸν
639 4436 872 4500 ἐκεῖνον,
908 4432 1032 4489 καθ’
1061 4433 1123 4487 ὃν
1154 4433 1184 4486 ό
1216 4432 1425 4502 Κύριος
1453 4429 1614 4501 ἡμῶν
1636 4431 1730 4484 καὶ
1757 4429 1892 4493 Θεὸς

299 4528 365 4581 τὸ
396 4527 678 4597 Πατρικὸν
723 4525 975 4596 βούλημα
1024 4523 1272 4595 πληρῶν,
1313 4523 1413 4594 τὴν
1444 4524 1713 4593 σωτήριον
1744 4521 1891 4574 διδα-

297 4620 538 4675 σκαλίαν
581 4621 696 4682 τοῖς
749 4617 1064 4688 ἀνθρώποις
1108 4615 1454 4687 προύτίθετο,
1509 4614 1603 4668 καὶ
1656 4613 1746 4668 διά
1782 4612 1893 4666 τῶν

1994 3419 2144 3474 velut
2171 3433 2308 3473 zona
2347 3433 2455 3473 una
2484 3420 2915 3490 constringeret,
2951 3436 3202 3493 unusque
3235 3423 3573 3494 gubernator

1990 3525 2057 3566 ac
2091 3520 2275 3566 rector
2296 3511 2542 3582 subjecta
2575 3527 2807 3582 quaeque
2849 3521 3081 3570 teneret.
3110 3515 3238 3570 Ideo
3284 3526 3404 3572 erat
3445 3534 3570 3574 om-

1993 3603 2144 3658 nium
2189 3603 2436 3658 vicissim
2477 3603 2646 3659 libera
2703 3605 3045 3674 congressio,
3094 3606 3286 3676 sicque
3318 3607 3572 3665 homines

1992 3694 2097 3750 sibi
2127 3703 2330 3750 terram
2372 3694 2555 3750 colere
2587 3693 2934 3761 videbantur,
2991 3704 3052 3752 ut
3073 3711 3184 3752 non
3217 3697 3417 3764 divise,
3472 3700 3574 3755 sed

1994 3792 2255 3855 tanquam
2292 3785 2457 3841 unius
2497 3801 2613 3842 rem
2644 3787 2854 3842 domini
2894 3803 2957 3843 ac
2989 3789 3396 3860 possessionem
3423 3792 3574 3846 cole-

1994 3886 2138 3942 rent,
2179 3878 2381 3949 quippe
2409 3893 2534 3934 cum
2562 3879 2726 3935 etiam
2770 3895 2882 3936 uno
2909 3880 3028 3951 ipso
3075 3889 3302 3938 auctore
3348 3883 3574 3939 condita

1995 3978 2192 4025 esset:
2227 3971 2518 4041 primoque
2560 3979 2849 4027 servorum
2893 3973 3164 4029 cervicem
3215 3973 3572 4039 inclinantes,

1993 4063 2140 4119 inter
2170 4079 2229 4120 se
2250 4078 2438 4136 pacem
2475 4064 2778 4138 agitabant.
2806 4064 3175 4132 Quamobrem
3205 4069 3370 4122 etiam
3403 4067 3574 4123 Edes-

1992 4172 2068 4213 sa:
2106 4157 2158 4212 id
2193 4156 2457 4225 temporis
2487 4159 2710 4230 regulus
2735 4157 3008 4231 Augarus,
3037 4173 3163 4214 cum
3190 4157 3408 4230 Egypti
3429 4175 3572 4230 pra:-

1994 4251 2100 4304 tori
2127 4249 2344 4305 amicus
2372 4258 2650 4321 notusque
2687 4260 2854 4318 esset,
2902 4266 3096 4307 eorum
3130 4251 3395 4323 utrinque
3456 4252 3599 4329 ηιξ-ξ

1995 4341 2157 4396 nistri
2220 4341 2596 4398 conﬂuebant.
2652 4343 2918 4410 Quocirca
2951 4345 3119 4399 etiam
3167 4359 3279 4414 quo
3317 4355 3569 4414 tempore

1995 4431 2266 4489 Dominus
2300 4442 2491 4487 noster
2519 4447 2584 4489 ac
2612 4433 2754 4490 Deus
2782 4433 3070 4489 Paternam
3103 4434 3338 4505 implens
3369 4435 3569 4491 volun-

1995 4535 2182 4590 tatem,
2240 4525 2539 4581 salutarem
2610 4527 2927 4583 hominibus
2977 4527 3319 4598 proponebat
3361 4527 3570 4584 doctri-

1997 4632 2146 4682 nam,
2189 4618 2519 4686 eximiisque
2563 4631 2628 4673 ac
2674 4619 2965 4686 stupendis
2998 4619 3275 4675 miraculis
3318 4621 3371 4674 in
3412 4612 3594 4675 suam

303 4711 632 4782 ὑπερφυῶν,
678 4710 773 4764 καὶ
830 4708 1147 4780 παραδόξων
1193 4706 1488 4778 θαυμάτων
1518 4707 1597 4770 είς
1629 4705 1731 4776 τὴν
1765 4703 1886 4775 περὶ

2000 4707 2160 4763 fidem
2201 4707 2484 4763 hominum
2541 4709 2709 4764 corda
2733 4711 2980 4780 cogehat,
3021 4711 3250 4777 accidit,
3281 4719 3341 4766 ut
3365 4713 3571 4784 Augari

303 4804 475 4856 αὐτὸν
533 4801 721 4855 πίστιν
768 4803 894 4865 τοὺς
949 4797 1271 4872 ἀνθρώπους
1322 4799 1646 4868 ἐπέστρεφε,
1689 4795 1888 4866 συνέϐη

303 4895 418 4947 τῶν
449 4893 547 4948 τοῦ
572 4893 828 4964 Αύγάρου
861 4888 1154 4964 ὑπηρετῶν
1187 4909 1310 4946 τινα
1349 4889 1600 4944 Ἀνανίαν
1628 4886 1892 4958 ὀνομαζό-

310 5005 498 5058 μενον,
529 4987 667 5057 πρὸς
695 4987 795 5058 τὴν
819 4987 1097 5055 Αἴγυπτον
1116 4985 1204 5039 διὰ
1222 4984 1326 5054 τῆς
1353 4981 1714 5051 Παλαιστίνης
1745 4980 1894 5033 ίόντα

308 5081 653 5149 περιτυχεῖν,
714 5078 812 5133 καὶ
851 5077 1138 5150 πόρρωθεν
1177 5075 1476 5131 θεάσασθαι
1506 5073 1598 5128 τὸν
1633 5071 1891 5141 Χριστὸν,

307 5172 378 5224 τά
405 5169 590 5241 πλήθη
612 5170 726 5234 τοῖς
762 5169 940 5238 λόγοις
987 5168 1088 5238 τῆς
1112 5166 1320 5236 πλάνης
1364 5165 1671 5232 ὲξέλκοντα,
1705 5163 1800 5217 καὶ
1825 5163 1893 5216 τά

309 5262 423 5315 τῶν
451 5261 751 5333 θαυμάτων
802 5260 1160 5315 ιπιτελοῦντα
1209 5259 1512 5329 παράδοξα.
1563 5257 1651 5320 Ὠς
1674 5255 1770 5310 οὖν
1791 5257 1894 5326 τὴν

311 5354 400 5407 ἐπ’
428 5355 706 5423 Αἴγυπτον
754 5353 982 5425 πορείαν
1010 5353 1251 5423 διήνυσε,
1278 5352 1375 5406 καὶ
1423 5351 1552 5419 περὶ
1601 5343 1678 5402 ὧν
1705 5347 1895 5402 ἐπετέ-

313 5461 526 5516 τραπτο
571 5444 868 5512 διαλαϐὼν,
915 5443 1360 5514 ἀνθυπέστρεφεν
1410 5441 1504 5494 ἐπὶ
1542 5440 1632 5495 τὸν
1689 5439 1894 5510 Κύριον

1996 4799 2376 4855 ministrorum
2428 4801 2649 4870 quidam
2711 4802 2954 4858 Ananias
3019 4803 3264 4868 nomine,
3318 4803 3449 4860 dum
3511 4805 3573 4859 in

1995 4891 2288 4964 Egyptum
2310 4908 2407 4963 per
2427 4891 2775 4949 Palaestinam
2797 4893 2904 4950 iter
2925 4895 3173 4959 haberet,
3199 4895 3254 4950 in
3283 4889 3592 4951 Cltristum‘

1995 4985 2289 5052 incideret,
2330 5001 2566 5058 eumque
2618 4987 2838 5042 eminus
2891 4987 3156 5043 doctrinae
3198 4988 3250 5042 vi
3283 4988 3352 5043 ab
3381 5001 3575 5045 errore

2001 5076 2195 5132 turbas
2221 5084 2592 5141 revocantem,
2615 5089 2681 5130 ac
2709 5075 2932 5131 insolita
2963 5078 3222 5147 omnique
3251 5077 3356 5133 fide
3391 5078 3571 5148 majo-

1999 5181 2063 5220 ra
2098 5167 2364 5222 miracula
2396 5173 2701 5237 patrantem
2735 5169 3100 5238 conspiceret.
3125 5169 3422 5240 Postquam
3442 5184 3574 5239 ergo

2001 5258 2106 5312 iter
2155 5259 2207 5311 in
2249 5256 2546 5328 :Egyptum
2624 5259 2960 5325 confecerat,
3019 5260 3198 5331 iisque
3249 5260 3574 5330 perfunctus

2003 5364 2125 5420 qua:
2156 5351 2209 5403 in
2247 5350 2520 5406 mandatis
2546 5363 2856 5422 acceperat,
2903 5351 2971 5407 ad
3030 5351 3222 5406 herum
3259 5350 3574 5407 reverteba-

2004 5449 2115 5495 tur.
2168 5439 2308 5497 Cum
2371 5442 2531 5515 longa
2579 5458 2703 5499 cum
2737 5444 2914 5501 morbi
2967 5442 3286 5499 articularis
3315 5444 3441 5498 tahe
3473 5457 3574 5497 et-

1820 5596 2056 5655 NOT/E.

391 5720 468 5790 (9.)
496 5718 688 5792 Potius
727 5716 882 5788 δοκῇ.
921 5715 1054 5782 Quae
1099 5715 1214 5792 h_ic_
1251 5725 1509 5792 notamus
1535 5757 1549 5782 ,
1588 5713 1901 5783 sphalmata
1943 5715 2196 5776 videntur
2221 5719 2638 5792 typograpltica,
2672 5730 2910 5790 quorum
2953 5722 3137 5772 tamen
3167 5712 3430 5770 nonnulla
3470 5714 3576 5786 ipsi

319 5786 753 5852 entendaaimus,
783 5786 906 5841 cum
942 5795 1094 5843 certo
1122 5786 1437 5856 ltnjnsmodi
1471 5793 1677 5844 essent.

635 5881 904 5944 PATROL.
953 5879 1068 5940 Gn.
1121 5878 1325 5939 CXIII.

3165 5869 3233 5933 14
