4050 6474
1493 357 2000 422 υυΝΒΤΑΝΤΙΝΙ
2042 358 2100 417 Pl

2204 356 2728 418 PHYROGENITI
3662 328 3772 422 432

498 373 603 436 431

508 503 630 544 rum
658 482 879 554 quidem
913 479 1096 548 lingua
1121 472 1424 538 Memmich,
1452 471 1715 542 Syrorum
1741 484 1870 522 vero
1895 466 2096 534 Mabuc,

2204 466 2308 520 θιον
2350 467 2443 521 καὶ
2484 469 2583 536 τῆς
2617 467 2772 520 νόσου
2829 466 2963 521 αὐτὸ
3003 468 3127 538 σχῇ.
3166 464 3253 530 Ὠς
3281 465 3372 520 οὖν
3411 461 3772 540 ὑποστρέφων

492 580 734 640 dicitur,
773 581 928 630 extra
986 568 1248 640 Oppidum
1299 581 1424 620 cum
1475 561 1816 623 divertisset,
1861 558 2083 628 illicque

2204 557 2330 630 μετὰ
2373 559 2580 613 τούτων
2622 557 2889 622 Ἀνανίας,
2919 561 2997 621 είς
3026 557 3088 611 τὸ
3136 560 3370 627 κάστρον
3413 558 3772 629 Ἰεραπόλεως

512 672 619 726 loci
667 667 975 739 tegularum
1003 675 1196 716 recens
1230 665 1514 712 coctarum
1583 651 2086 739 cumulus'congc-

512 765 633 814 atus
693 738 864 818 esset,
928 750 982 804 in
1030 748 1112 803 eis
1135 744 1377 800 Ananias
1415 755 1630 798 sacrum
1671 738 1804 794 illud
1857 739 2083 794 linteum

511 844 822 904 abscondit.
861 840 942 895 Ad
979 838 1215 893 mediam
1264 843 1447 888 autem
1488 838 1730 894 noctem,
1772 830 1976 900 ingens
2002 831 2086 885 in-

511 935 692 992 cendii
733 934 815 987 vis
871 936 986 984 toto
1017 926 1229 981 circum
1260 923 1385 977 loco
1430 919 1632 976 diffusa
1683 922 1968 992 apparuit;
2003 921 2088 976 vi-

514 1040 747 1094 sumque
781 1020 1068 1093 Oppidanis
1107 1015 1533 1087 omniaprocul
1577 1013 1794 1078 ardere,
1860 1021 1919 1069 ut
1973 1013 2090 1070 suis

513 1117 620 1185 iam
669 1115 835 1168 rebus
891 1108 1086 1173 diffisi,
1152 1106 1318 1162 effusi
1367 1104 1670 1170 mceuibus,
1721 1103 1790 1159 de
1833 1103 2092 1160 incendio

511 1205 673 1274 cujus
695 1199 1175 1269 terrificaspecies
1202 1197 1417 1267 objecta
1469 1195 1649 1251 fuerat
1679 1196 2087 1266 perquirerent.

512 1297 660 1351 Inter
688 1294 806 1349 haec
839 1292 1122 1346 inventum
1152 1287 1443 1351 Ananiam,
1479 1286 1629 1342 velut
1671 1285 1935 1342 facinoris
1992 1300 2093 1341 au-

511 1397 720 1443 ctorem
746 1391 951 1448 tenent,
979 1397 1043 1438 ac
1066 1381 1198 1452 quid
1223 1379 1368 1435 istud
1394 1379 1476 1434 rei
1502 1379 1863 1449 interrogant,
1895 1379 2091 1449 quisve

513 1483 631 1550 ipse
655 1479 726 1534 sit
753 1492 816 1533 ac
861 1491 973 1547 quo
1006 1475 1188 1550 vadatJl
1223 1481 1280 1528 et
1306 1471 1471 1528 unde
1497 1470 1781 1542 profectus
1803 1470 2092 1528 sciscitan-

513 1583 626 1628 tur.

2191 652 2445 721 ἔφθασεν,
2469 653 2498 703 ὃ
2523 654 2590 724 τῇ
2613 653 2711 723 μὲν
2727 650 3063 722 Σαρακηνῶν
3088 653 3240 722 φωνῇ
3265 650 3498 722 Μεμμὶχ
3525 651 3772 721 λέγεται,

2189 747 2257 816 τῇ
2285 744 2342 798 δὲ
2370 745 2478 798 τῶν
2501 745 2688 815 Σύρων
2707 744 2962 808 Μαόοὺκ,
2985 743 3184 808 ἔξωθεν
3209 744 3304 797 τοῦ
3326 742 3568 796 τοιούτου
3600 760 3778 798 κατα-

2191 835 2356 899 λύσας
2399 836 2753 908 πολίσματος,
2786 836 3020 906 σωρείας
3067 835 3326 908 κεράμων
3378 836 3574 890 νεωστὶ
3601 853 3779 892 καταο

2194 926 2604 982 σκευασθένεων
2662 928 2840 980 ὲκεῖσε
2891 927 3170 998 κειμένης,
3221 925 3458 980 ἐνταῦθα
3507 927 3570 981 τὸ
3627 928 3782 999 ἱερὸν

2189 1016 2366 1069 ἐκεῖνο
2398 1015 2563 1086 ῥάκος
2587 1017 2616 1069 ό
2648 1016 2899 1079 Ἀνανίας
2947 1017 3255 1087 ἀπέκρυψε.
3285 1017 3397 1071 Kal
3436 1019 3565 1088 περὶ
3600 1017 3782 1090 μέσης

2191 1107 2388 1172 νυκτὸς
2421 1107 2534 1179 πῦρ
2581 1108 2753 1176 ὲφάνη
2787 1107 2923 1162 πολὺ
2951 1109 3013 1162 τὸ
3041 1108 3283 1162 τοιοῦτον
3313 1109 3513 1182 χωρίον
3539 1126 3782 1180 περικυ-

2191 1197 2375 1265 κλοῦν,
2410 1198 2485 1262 ὡς
2515 1199 2665 1262 ἐντὸς
2701 1199 2796 1253 τοῦ
2824 1199 3016 1263 ἄστεος
3063 1201 3239 1253 δοκεῖν
3295 1201 3476 1254 πάντα
3509 1201 3576 1255 τά
3609 1200 3784 1272 πέριξ

2192 1305 2266 1341 πυ
2278 1288 2332 1358 pl
2364 1287 2826 1357 καταφλέγεσθαι,
2861 1289 2956 1344 καὶ
3001 1291 3130 1360 περὶ
3164 1291 3372 1345 ἑαυτῶν
3419 1292 3521 1362 ἤδη
3563 1291 3782 1346 δείσαν-

2179 1397 2295 1444 τας
2312 1380 2648 1446 ὑπεξελθεῖν,
2677 1382 2769 1436 καὶ
2793 1382 3172 1452 διερευνᾶσθαι
3200 1385 3328 1453 περὶ
3356 1383 3458 1454 τῆς
3490 1385 3784 1456 όρωμένης

2198 1474 2496 1543 πυρκαϊᾶς.
2533 1473 2741 1526 Ἐκεῖσε
2769 1473 2826 1527 δὲ
2850 1475 2941 1528 τὸν
2985 1474 3233 1528 Ἀνανίαν
3261 1475 3572 1546 εὑρεθέντα,
3599 1479 3782 1529 συνεῖ-

2187 1581 2296 1635 χον
2344 1567 2420 1629 ὡς
2463 1565 2769 1635 αὐτουργὸν
2815 1565 2910 1619 τοῦ
2941 1567 3314 1638 τολμήματος.
3340 1568 3451 1622 Καὶ
3487 1567 3781 1639 διερεύνων

513 1667 574 1720 τὸ
625 1663 756 1734 περὶ
803 1661 898 1715 τοῦ
933 1659 1290 1730 πράγματος,
1321 1657 1416 1710 καὶ
1445 1656 1528 1720 τίς
1561 1671 1622 1709 τε
1653 1656 1739 1726 εἴη
1782 1655 1966 1724 αὐτὸς,
1996 1655 2092 1710 καὶ
2114 1657 2209 1709 ποῖ
2239 1655 2468 1726 βαδίζοι,
2497 1659 2600 1712 καὶ
2633 1658 2775 1723 ὅθεν,
2803 1659 3237 1716 διεπυνθάνοντο.

583 1781 676 1836 IX.
718 1781 936 1846 Anceps
969 1773 1136 1830 animi
1173 1771 1414 1826 Ananias
1449 1785 1551 1841 pro
1593 1772 1790 1826 alienae
1827 1771 2091 1826 crimina-

2265 1771 2343 1828 Θ’.
2395 1774 2482 1836 Ὠς
2512 1774 2571 1829 δὲ
2614 1774 2693 1847 τῷ
2731 1777 3005 1848 ἀλλοκότῳ
3034 1776 3443 1847 τῆςαίτήσεως
3469 1777 3499 1830 ό
3531 1779 3785 1844 Ἀνανίας

515 1873 684 1930 tionis
728 1866 996 1939 periculo,
1029 1862 1248 1918 interim
1287 1869 1477 1916 narrat
1521 1861 1665 1916 unde
1713 1863 1805 1930 sit,
1852 1869 1907 1918 et
1949 1862 2095 1917 unde

515 1965 720 2028 veniat,
757 1972 992 2030 quamve
1016 1954 1292 2011 sarcinam
1330 1953 1508 2018 ferat;
1539 1953 1725 2022 aitque
1754 1968 1814 2008 se
1843 1953 1899 2007 in
1939 1963 2093 2023 tegu-

503 2057 585 2110 lis
627 2051 986 2123 deposuisse,
1048 2045 1194 2100 unde
1239 2045 1417 2100 visum
1467 2042 1696 2098 accendi
1756 2042 2093 2098 incendium.

507 2147 1008 2216 Mor-itaque‘rem
1049 2148 1110 2194 ut
1145 2153 1276 2193 vere
1304 2145 1451 2195 esset
1488 2137 1752 2193 noscendi
1794 2136 1964 2202 avidi,
2011 2137 2094 2191 Io-

519 2241 1156 2298 cum-scrutantesynon
1191 2231 1295 2286 hoc
1342 2230 1520 2285 solum
1554 2227 1904 2283 offenderunt
1950 2227 2096 2296 quod

519 2333 589 2386 ab
617 2328 827 2385 Anania
862 2327 974 2381 illic
1005 2322 1284 2380 conditum
1315 2327 1456 2385 erat,
1483 2319 1578 2376 sed
1615 2327 1670 2374 et
1695 2320 1749 2374 in
1776 2332 1883 2373 uua
1917 2317 2099 2373 vicina

519 2423 698 2493 tegula
729 2420 968 2475 divinam
992 2416 1147 2471 illam
1187 2425 1510 2482 expressam
1550 2410 1808 2480 effigiem,
1851 2409 2100 2465 inaudito

517 2514 702 2580 modo,
733 2519 789 2567 ct
817 2518 877 2566 ut
917 2522 1080 2563 nemo
1118 2513 1298 2560 mente
1335 2503 1557 2576 assequi
1599 2512 1787 2575 queat,
1815 2517 1882 2558 ex
1916 2502 2102 2574 priore

512 2624 627 2664 non
659 2601 978 2661 manufaCto
1009 2601 1179 2655 linteo
1203 2583 1510 2654 deformata
1547 2598 1788 2667 imagine
1820 2604 1971 2653 testae
1997 2596 2102 2650 im-

519 2712 786 2769 pressam.
816 2693 978 2762 Quod
1009 2708 1134 2748 cum
1157 2689 1449 2746 -vidissent
1468 2689 1635 2760 -pleni
1674 2697 1903 2757 stupore
1923 2695 1977 2742 et
2003 2685 2102 2741 ad-

514 2791 837 2854 miratione,
868 2797 984 2841 tum
1014 2784 1139 2854 ejus
1171 2783 1252 2838 rei
1291 2781 1534 2841 nomine,
1587 2787 1704 2833 tum
1759 2777 1908 2848 quod
1959 2777 2103 2849 ignis

520 2883 721 2938 ardens
747 2892 1019 2950 nusquam
1044 2875 1406 2936 occurrisset,
1431 2873 1526 2928 sed
1547 2873 1833 2926 tax-forma:
1853 2871 2105 2926 claritate

522 2977 640 3030 visa
668 2978 820 3029 esset
851 2969 1070 3023 ﬂamma
1102 2966 1380 3031 emicare;
1423 2962 1664 3033 tegulam
1705 2960 1949 3030 quidem.
1984 2973 2106 3030 qua:

521 3067 765 3123 divinam
795 3064 850 3117 in
879 3077 938 3118 se
967 3061 1232 3115 hauserat
1263 3055 1522 3118 formam,
1565 3059 1714 3109 velut
1745 3067 1962 3109 sacrum
2002 3051 2106 3106 ali-

515 3155 672 3227 quod
703 3153 906 3224 pignus
938 3163 1002 3204 ac
1034 3147 1336 3219 pretiosum
1370 3144 1712 3207 thesaurum,
1747 3141 1893 3213 apud
1921 3157 1981 3198 se
2013 3157 2104 3197 re-
2129 3126 2173 3185 C

525 3250 827 3310 tiuuerunt,
871 3243 1110 3298 divinam
1154 3239 1316 3310 hujus
1351 3238 1460 3293 vim
1505 3252 1572 3292 ex
1619 3251 1685 3292 eo
1726 3235 1874 3306 quod
1918 3234 2103 3291 visum

507 3348 642 3396 erat
691 3335 1115 3405 conjectautes:
1169 3331 1410 3400 primum
1468 3336 1649 3383 autem
1699 3326 2004 3399 exemplar,
2050 3331 2107 3381 et

515 3433 647 3500 'ejus
677 3427 990 3481 ministrum
1028 3421 1186 3476 veriti
1224 3419 1480 3485 retinere,
1511 3419 1578 3474 ad
1614 3417 1893 3488 Augarum
1935 3414 2106 3469 mise-

527 3528 678 3576 runt.
710 3517 1102 3582 Hactennsquc
1139 3509 1431 3566 incolumis
1457 3517 1563 3577 est,
1598 3524 1663 3564 ac
1693 3506 2104 3564 venerationem

525 3611 690 3665 habet
729 3605 872 3674 apud
910 3603 1031 3673 ejus
1079 3599 1324 3670 oppiduli
1377 3599 1606 3665 incolas,
1653 3611 1776 3667 quae
1820 3597 1876 3652 in
1925 3594 2108 3663 tegula

525 3703 702 3755 forma
721 3710 980 3767 expressa
997 3704 1116 3760 cst;
1141 3691 1262 3762 ejus
1287 3706 1409 3762 quae
1430 3705 1540 3744 non
1564 3689 1709 3758 picta
1734 3695 1840 3751 est,
1859 3687 1979 3756 ipsa
1996 3700 2106 3741 non

503 3791 668 3859 picta
700 3783 1067 3856 imago;ejus
1117 3799 1242 3852 qua:
1292 3796 1401 3837 non
1453 3777 1791 3842 manufacta,
1839 3776 1959 3847 ipsa
1994 3791 2108 3832 non

494 3877 866 3935 'manul‘acta.
893 3874 1135 3928 Ananias
1161 3883 1368 3935 autem.
1405 3877 1632 3942 peracto
1667 3867 1814 3937 quod
1849 3866 2107 3936 proposi-

496 3982 643 4025 "tum
675 3977 796 4024 erat
819 3968 1030 4031 itiuerc,
1062 3980 1184 4036 tunc
1209 3964 1430 4018 interim
1455 3968 1608 4031 gesta
1639 3958 1952 4014 acciderant
1975 3956 2109 4014 hero

501 4061 848 4128 declaravit,
879 4073 942 4114 ac
968 4074 1088 4129 qua:
1123 4056 1332 4112 ferebat
1388 4050 1655 4109 salutaria
1698 4049 1946 4121 symbola
1981 4048 2106 4104 red-

494 4183 502 4188 Α
526 4151 689 4206 didit.

570 4347 667 4404 'X.
711 4347 776 4402 Et
812 4349 928 4403 lucc
959 4348 1180 4417 quidem
1221 4345 1544 4416 pervulgata
1581 4346 1766 4416 opinio
1797 4346 1950 4403 deea
1981 4348 2107 4403 Sal-

2197 1865 2529 1935 διηπορεῖτο,
2557 1865 2695 1930 τέως
2718 1884 2780 1935 γε
2811 1868 2933 1923 ὅθεν
2964 1868 3072 1938 εἴη,
3101 1869 3195 1921 καὶ
3224 1867 3389 1920 πόθεν
3412 1866 3650 1938 ἔρχεται,
3685 1872 3785 1922 καὶ

2196 1957 2250 2010 τί
2275 1959 2594 2027 ἐπιφέρεται
2614 1959 2932 2030 διεσάφησε,
2955 1960 3051 2014 καὶ
3071 1960 3376 2015 ἀποθέσθαι
3399 1960 3458 2013 ὲν
3477 1962 3588 2025 τοῖς
3612 1962 3786 2032 neptis

2201 2067 2324 2121 μοις
2365 2051 2602 2120 ἐδήλωσε
2635 2051 2699 2104 τὸ
2732 2053 3154 2124 ἐπιφερόμενον,
3185 2053 3309 2106 ὅθεν
3338 2051 3514 2107 ἐδόκει
3545 2054 3789 2108 ἀνάπτε-

2199 2142 2324 2196 σθαι
2347 2142 2439 2195 καὶ
2467 2144 2500 2213 ὴ
2533 2143 2686 2212 φλόξ.
2705 2143 2884 2206 Εὐθὺς
2900 2144 2957 2197 δὲ
2983 2146 3181 2198 ἐκεῖνοι
3211 2145 3310 2215 τὴν
3331 2145 3444 2198 τῶν
3475 2146 3790 2216 λεγομένων

2201 2234 2556 2306 βουληθέντες
2581 2236 2873 2306 διαγνῶναι
2902 2237 3181 2308 ἀλήθειαν,
3205 2239 3296 2292 τὸν
3320 2238 3485 2292 τόπον
3504 2239 3786 2310 διερευνη-

2199 2323 2451 2395 σάμενοι,
2488 2318 2647 2395 εὗρον
2676 2326 2738 2379 ού
2771 2326 2931 2396 μόνον
2961 2326 3022 2380 τὸ
3059 2327 3165 2380 ὕπὸ
3193 2325 3289 2380 τοῦ
3325 2327 3568 2380 Ἀνανίου
3596 2329 3780 2382 ἐκεῖσε

2200 2414 2490 2479 ἀποτεθὲν,
2517 2415 2655 2476 ἀλλὰ
2683 2416 2776 2469 καὶ
2808 2418 2867 2472 ὲν
2896 2415 2974 2488 τῷ
2997 2416 3354 2486 πλησιάζοντι
3381 2417 3490 2471 τῶν
3525 2417 3788 2489 κεράμων

2199 2507 2320 2574 ἐνὶ,
2379 2507 2566 2579 ἕτερον
2637 2508 2942 2580 ἔκτύπωμα
3010 2508 3106 2562 τοῦ
3155 2508 3302 2562 θείου
3382 2509 3788 2580 άπεικονίσμαα

2201 2615 2326 2662 τος,
2388 2598 2708 2667 παραδόξως
2746 2598 2842 2652 καὶ
2897 2598 3038 2670 ὑπὲρ
3089 2597 3216 2652 νοῦν
3275 2600 3370 2653 ἐπὶ
3423 2600 3485 2652 τὸ
3517 2599 3792 2670 ὄστρακον

2204 2688 2316 2742 άπὸ
2372 2686 2467 2741 τοῦ
2519 2688 2840 2758 ὑφάσματος
2902 2688 3002 2758 τῆς
3040 2688 3292 2759 ἀγράφου
3341 2690 3793 2760 μεταγραφείσης

2209 2782 2443 2851 μορφῆς.
2491 2781 2556 2833 ’Ὀ
2605 2779 2700 2834 καὶ
2743 2779 3092 2850 θεασάμενοι,
3111 2782 3206 2833 καὶ
3251 2780 3459 2850 θάμϐος
3508 2780 3644 2852 όμοῦ
3696 2782 3794 2834 καὶ

2205 2871 2526 2941 ἐκπλήξεως
2556 2871 2836 2942 γενόμενοι
2867 2870 3113 2941 ἔμπλεῳ,
3135 2871 3223 2926 διά
3262 2890 3313 2925 τε
3348 2873 3530 2940 τοῦτο,
3564 2875 3660 2926 καὶ
3702 2873 3795 2927 διὰ

2206 2963 2267 3017 τὺ
2303 2961 2557 3034 μηδαμοῦ
2592 2961 2704 3033 πῦρ
2725 2962 3020 3034 εὑρεθῆναι
3056 2963 3373 3034 καιόμενον,
3407 2963 3524 3017 ἀλλ’
3553 2964 3663 3018 ἀπὸ
3693 2968 3796 3034 τῆς

2207 3054 2268 3106 ἐν
2297 3056 2362 3125 τῇ
2400 3055 2583 3124 μορφῇ
2627 3053 2972 3124 λαμπηδόνος
2995 3053 3144 3119 δόξαι
3163 3055 3262 3125 τὴν
3294 3056 3467 3124 φλόγα
3500 3056 3796 3121 ἐκπέμπε-

2207 3143 2355 3209 σθαι,
2386 3143 2479 3197 τὺν
2510 3144 2610 3215 μὲν
2641 3143 2888 3215 κέραμον
2923 3145 3016 3198 τὸν
3053 3145 3481 3216 άπομαξάμενον
3515 3147 3574 3199 ὲν
3607 3147 3793 3215 ἐαυτῷ

2208 3236 2270 3289 τὸ
2297 3234 2440 3289 θετον
2466 3236 2791 3306 ὲκτύπωμα,
2817 3237 3086 3308 κατέσχον
3111 3239 3240 3309 παρ’
3271 3241 3504 3306 ἑαυτοῖς,
3530 3239 3719 3310 ὥσπερ
3741 3257 3794 3292 τι

2211 3327 2499 3398 κειμήλιον
2536 3327 2702 3399 ίερδν,
2751 3329 2848 3382 καὶ
2889 3329 3186 3400 πολύτιμον
3227 3329 3521 3401 θησαυρὸν,
3560 3332 3666 3384 ἀπὸ
3694 3328 3796 3384 τοῦ

2211 3417 2502 3488 όραθέντος
2539 3418 2641 3490 τὴν
2669 3418 2800 3489 περὶ
2829 3419 2962 3472 αὐτὸ
2989 3420 3387 3491 στοχασάμενοι
3433 3421 3586 3474 θείαν
3635 3419 3798 3489 ἐνέρ-

2211 3525 2392 3578 γειανο
2420 3509 2775 3580 πρωτότυπον
2803 3509 2882 3574 δὲ,
2911 3509 3010 3564 καὶ
3046 3511 3138 3563 τὸν
3167 3510 3363 3564 τούτου
3400 3511 3647 3565 διάκονον
3683 3511 3800 3564 δεί-

2215 3615 2405 3662 σαντες
2443 3600 2766 3669 κατασχεῖν,
2805 3597 3136 3652 ἀπέστειλαν
3197 3599 3332 3668 πρὸς
3376 3599 3468 3652 τὸν
3518 3598 3801 3670 Δῦγαρον.

2214 3689 2324 3744 Kal
2349 3688 2443 3744 νῦν
2471 3691 2589 3744 ἔστι
2616 3689 2896 3761 σωζομένη
2928 3692 3024 3743 καὶ
3059 3690 3348 3760 τιμωμένη
3374 3690 3524 3760 παρὰ
3554 3692 3668 3755 τοῖς
3697 3690 3802 3762 τῆς

2212 3783 2472 3852 τοιαύτης
2518 3782 2781 3854 πολίχνης
2846 3783 3182 3853 οἰκήτορσιν,
3223 3785 3256 3853 ή
3311 3783 3369 3836 ὲν
3425 3783 3505 3853 τῷ
3565 3783 3803 3855 κεράμῳ

2217 3874 2422 3946 μορφὴ.
2463 3875 2561 3944 τῆς
2611 3874 2828 3946 μορφῆς
2868 3873 2969 3944 τῆς
3021 3874 3271 3944 ἀγράφου
3311 3875 3345 3944 ἡ
3385 3873 3653 3945 ἄγραφος.
3703 3875 3802 3927 καὶ

2211 3967 2312 4036 τῆς
2357 3963 2774 4036 άχειροτεύκτου
2817 3965 2852 4034 ἡ
2886 3965 3324 4034 άχειρότευκτος.
3362 3963 3420 4017 ’0
3449 3963 3505 4017 δὲ
3539 3963 3802 4026 Ἀνανίας

2210 4057 2311 4128 τὴν
2339 4056 2708 4128 προκειμένην
2743 4056 2894 4128 αύτῷ
2930 4057 3158 4127 πορείαν
3187 4055 3480 4127 διηνυκὼς,
3503 4055 3581 4126 τῷ
3619 4057 3804 4128 κυρίῳ

2213 4147 2378 4202 αὐτοῦ
2405 4147 2475 4202 τὰ
2510 4147 2714 4218 μεταξὺ
2737 4147 3118 4218 διετράνωσεν,
3145 4147 3383 4211 ἀποδοὺς
3404 4148 3498 4202 καὶ
3525 4147 3560 4201 ἃ
3591 4148 3803 4218 ἐπεφέ-

2217 4257 2342 4311 ρετο
2372 4241 2618 4312 σωτήρια
2635 4239 2700 4294 σύ
2709 4240 2901 4312 μόολα.
3798 4249 3802 4256 ’

2283 4357 2340 4408 ι’.
2375 4355 2485 4408 Kal
2512 4348 2669 4417 οὗτος
2698 4353 2798 4424 μὲν
2817 4356 2845 4408 ό
2883 4354 3032 4424 παρὰ
3066 4354 3174 4406 τῶν
3206 4353 3470 4406 πλειόνων
3501 4354 3804 4424 λεγόμενος

505 4442 734 4497 ‘valoris
767 4441 942 4495 forma
965 4454 1078 4494 non
1110 4437 1448 4502 manufacta,
1477 4453 1600 4507 qua:
1630 4439 1899 4508 impressa
1938 4439 2100 4496 linteo

2211 4446 2400 4515 λόγος,
2455 4446 2583 4517 περὶ
2633 4447 2735 4517 τῆς
2785 4448 2845 4500 ἐν
2890 4445 2968 4516 τῷ
3016 4447 3300 4514 ὑφάσματι
3350 4447 3555 4517 ταύτης
3617 4448 3802 4518 ἀγρά-

526 4541 633 4589 est.
676 4531 1037 4587 Ferturvero
1073 4537 1130 4584 et
1166 4528 1370 4584 alia'de
1411 4528 1502 4583 illa
1537 4531 1802 4597 narratio,
1841 4545 1942 4586 nec
1985 4531 2100 4602 ipsa

2211 4555 2312 4606 φου
2385 4534 2600 4607 μορφῆς
2630 4535 2726 4590 τοῦ
2777 4535 3030 4605 Σωτῆρος
3087 4534 3268 4604 ἡμῶν.
3323 4535 3555 4604 Λέγεται
3620 4535 3678 4588 δέ
3718 4554 3802 4600 τις

523 4627 599 4678 ab
647 4624 831 4694 specie
874 4622 989 4677 veri
1036 4620 1324 4688 remetior,
1356 4629 1452 4675 aut
1481 4636 1602 4690 quae
1640 4623 1828 4690 probis
1875 4622 2100 4678 testibus

2211 4629 2310 4682 καὶ
2361 4629 2550 4697 ἕτερος
2595 4627 2724 4696 περὶ⁸
2786 4627 2978 4680 τούτου
3046 4628 3204 4696 λόγος
3223 4667 3239 4691 ,
3293 4627 3415 4681 οὔτε
3460 4626 3521 4680 τὸ
3563 4627 3803 4682 πιθανὸν

527 4727 734 4772 careat.
769 4713 1137 4781 Quamobrem
1171 4713 1338 4768 etiam
1365 4724 1660 4782 exponam,
1693 4728 1762 4769 ne
1792 4729 1878 4768 me
1909 4713 2100 4784 aliquis

2214 4717 2540 4786 ὲκφεύγων,
2575 4715 2698 4769 οὔτε
2761 4716 3056 4788 μαρτύρων
3113 4716 3366 4788 χρηστῶν
3416 4715 3657 4787 ἀπορῶν.
3708 4718 3802 4772 Διὸ

527 4808 806 4864 existimet
855 4806 1086 4862 alterius
1129 4804 1462 4875 ignorantia,
1499 4804 1727 4860 alterius
1766 4803 1925 4859 fidem
1961 4818 2100 4874 quze‘

2216 4807 2312 4858 καὶ
2355 4804 2547 4859 τοῦτον
2609 4804 2916 4876 ἐκθήσομαι
2944 4845 2960 4870 ,
3012 4805 3100 4858 ἵνα
3159 4807 3234 4876 μή
3317 4821 3402 4868 τις
3473 4805 3800 4877 ὐποτοπάσῃ

511 4917 671 4958 τοι-ο.
705 4899 817 4954 Nec
861 4911 1090 4969 prorsus
1132 4897 1358 4960 mirum,
1409 4903 1563 4950 tanto
1597 4896 1860 4966 temporis
1907 4897 2100 4966 spatioI

2219 4898 2278 4948 ὲν
2306 4896 2388 4968 τῷ
2431 4897 2648 4964 ἀγνοεῖν
2677 4897 2908 4964 τοῦτον,
2963 4897 3256 4969 κρατύνειν
3299 4897 3390 4951 τὸν
3431 4897 3638 4967 ἕτερον.
3687 4899 3802 4952 Καὶ

527 4993 836 5047 Ιιαιιίιστετο
867 4989 989 5045 falsi
1022 4987 1314 5060 aliquid‘in
1342 4987 1628 5043 historiam
1655 5001 2016 5042 commeasse.
2048 4985 2100 5041 ln

2204 4987 2419 5048 πάντως
2479 4989 2628 5041 οὐδὲν
2688 4987 3006 5059 θαυμαστὸν
3038 4992 3097 5044 ὲν
3144 4991 3396 5061 τοσούτῳ
3448 4990 3626 5061 χρόνῳ
3651 4990 3800 5042 πλα-

528 5099 598 5139 eo
621 5082 844 5153 quidem
862 5082 1020 5153 quod
1040 5081 1130 5136 rei
1157 5088 1333 5151 caput
1364 5089 1466 5146 est,
1497 5094 1693 5136 omnes
1722 5077 1948 5148 perinde
1974 5094 2100 5134 con-

2204 5079 2398 5136 νᾶσθαι
2442 5079 2708 5143 πολλάκις
2742 5081 2841 5152 τὴν
2886 5081 3150 5150 ἱστορίαν.
3186 5081 3322 5152 Περὶ
3356 5083 3460 5151 μὲν
3490 5081 3552 5133 τὸ
3580 5080 3798 5152 καίριον

530 5175 806 5240 sentiunt;
842 5188 1020 5243 exque
1067 5173 1223 5227 vultu
1273 5171 1585 5235 Dominico,
1635 5170 1887 5226 inaudito
1920 5170 2100 5236 modo,

2204 5173 2298 5242 τῆς
2322 5169 2652 5234 ὑποθέσεως,
2671 5174 2873 5243 ὁμοίως
2902 5172 3109 5237 πάντες
3136 5174 3528 5243 συμφέρονται,
3551 5172 3646 5226 καὶ
3661 5174 3807 5244 ὁμο-ι
3829 5211 3834 5216 .

530 5265 855 5335 impressam
889 5265 1056 5319 linteo
1086 5263 1317 5319 formam
1367 5269 1619 5318 asserunt
1650 5277 1665 5315 :
1697 5262 1765 5316 de
1803 5261 1880 5317 rei
1921 5269 2100 5316 autem

2204 5258 2469 5327 λογοῠσιν,
2489 5261 2598 5313 άπὸ
2616 5259 2710 5314 τοῦ
2732 5262 3014 5332 Κυριακοῦ
3045 5262 3338 5334 προσώπου
3364 5263 3464 5334 τὴν
3481 5265 3539 5317 έν
3556 5265 3637 5336 τῷ
3658 5267 3798 5335 ύφάυ

508 5346 709 5426 ἀιίψιο
739 5356 1006 5413 accidenti
1035 5354 1125 5426 (de
1157 5364 1402 5422 tempore
1431 5354 1663 5424 scilicet)
1695 5363 1778 5410 est
1808 5352 2100 5409 dissensio.

2204 5371 2370 5423 σματι
2414 5354 2798 5424 ὲκτυπωθῆναι
2829 5357 3150 5427 παραδόξως
3193 5359 3432 5430 μορφήν.
3458 5359 3595 5428 Περὶ
3610 5359 3668 5412 δὲ
3683 5359 3794 5412 τῶν

527 5445 674 5506 Nihil
701 5460 880 5506 tamen
903 5447 1073 5514 istud,
1100 5445 1367 5516 quidquid
1393 5454 1500 5511 est,
1529 5444 1743 5500 veritati
1770 5452 1953 5512 nocet,
1987 5445 2100 5502 sive

2204 5446 2290 5500 τοῦ
2341 5448 2686 5519 πράγματος,
2723 5449 2841 5518 ἦτοι
2869 5449 2960 5505 τὸν
2990 5449 3066 5523 (8)
3105 5453 3297 5522 καιρὸν
3322 5452 3696 5524 διαφέρονται.
3723 5451 3792 5502 ὐ

2033 5624 2266 5682 ΝΟΤΑΕ.

600 5759 679 5826 (8)
707 5757 891 5824 Forte,
919 5758 1027 5814 τῶν
1054 5756 1283 5826 καιρῶν.
