4050 6446
189 343 282 410 433

1151 353 1546 417 NARRA'I‘IO
1587 358 1696 418 DE.
1721 358 2051 422 IM-AGINE
2094 362 2513 426 EDESSEN‘A.

3331 371 3439 436 436

189 462 329 518 οὐδὲν
362 463 431 534 τῇ
459 462 694 534 ἀληθεία
739 463 1084 534 λυμαίνεται,
1122 465 1236 520 εἴτε
1290 468 1590 541 πρότερον,
1643 467 1757 525 εἴτε

1883 483 2017 531 mus
2048 475 2164 532 sive
2191 485 2378 547 postea
2417 479 2623 534 factum
2649 487 2755 536 est.
2792 479 2884 536 Sic
2917 495 3047 537 vero
3094 483 3260 540 altera
3297 501 3434 554 quo--

191 555 408 624 ὕστερον
465 553 712 623 γέγονεν.
777 556 931 626 Ἔχει
973 557 1031 610 δὲ
1077 557 1252 624 οὕτως
1307 561 1401 615 καὶ
1442 561 1550 615 τῶν
1589 561 1764 631 λόγων

1883 583 1974 640 ιιιο
2005 583 2068 625 se
2100 571 2345 626 narratio
2377 571 2561 628 habet.

188 652 390 721 ἔτερος.

250 743 359 800 lA'.
389 746 484 798 Ἐν
508 743 588 815 τῷ
615 745 831 815 μέλλειν
853 748 1096 815 φασϊτδν
1124 747 1361 820 Χριστὸν
1397 749 1493 803 ἐπὶ
1513 753 1575 804 :6
1601 752 1766 806 £1106-

189 853 293 890 σιον
321 835 500 900 πάθος
538 836 736 901 ἐλθεῖν,
769 837 934 908 ἡνίκα
964 841 1066 910 τὴν
1100 839 1450 912 ἀνθρωπίνην
1479 841 1766 898 ἀσθένειαν

188 926 634 996 ἐνδεικνύμενος,
683 929 936 997 ἀγωνιῶν
957 931 1142 1000 ὡρᾶτο
1173 932 1267 986 καλ⁸
1305 935 1766 1006 προσευχόμενος,

187 1019 266 1071 ὅτε
299 1019 400 1072 καὶ
430 1018 563 1083 τοὺς
605 1019 834 1090 ίδρῶτας
857 1021 1026 1076 αὑτοῦ
1053 1022 1188 1077 ὡσεὶ
1218 1023 1491 1096 θρόμϐους
1534 1027 1766 1082 σταλάσ-

189 1127 296 1164 ortv
347 1110 584 1180 ατματος
614 1112 644 1165 6
673 1110 769 1165 τοῦ
812 1113 1144 1183 Εὑαγγελίου
1191 1115 1350 1186 λόγος
1395 1118 1768 1190 ὑποσημαίνε-

189 1221 270 1258 ται
287 1219 307 1232 ·
333 1203 642 1273 τηνικαῦτά
656 1221 819 1273 φασιν
833 1206 941 1260 ἀπό
961 1224 1107 1272 τινος
1126 1207 1236 1262 τῶν
1252 1209 1511 1280 μαθητῶν
1536 1210 1771 1265 λαϐόντα

189 1297 244 1352 τὸ
270 1296 371 1351 νῦν
407 1296 745 1368 βλεπόμενον
789 1298 949 1352 τοῦτο
987 1291 1250 1371 τεμάχιον
1281 1301 1376 1354 τοῦ
1421 1302 1765 1373 ὑφάσματος,

191 1391 283 1456 τὰς
311 1389 422 1443 τῶν
444 1387 689 1461 ίδρώτων
719 1389 944 1454 λιϐάδας
973 1393 1032 1445 ἐν
1058 1391 1209 1462 αὑτῷ
1236 1393 1649 1465 ἀπομάξασθαιο
1673 1401 1770 1449 καὶ

193 1481 392 1545 εὐθέως
421 1481 806 1551 ἐντυπωθῆναι
849 1482 949 1550 τὴν
981 1483 1268 1554 ὁρωμένην
1291 1484 1499 1556 ταύτην
1533 1486 1628 1540 τοῦ
1652 1485 1771 1542 θεο-

196 1573 370 1636 ειδοῦς
396 1573 602 1627 ἐκείνου
637 1573 814 1636 είδους
845 1573 1178 1639 ἐκτύπωσιν,
1207 1575 1236 1629 ὃ
1268 1576 1349 1647 τῷ
1376 1577 1546 1648 Θωμᾷ
1588 1596 1769 1649 παρα-

204 1666 460 1734 θέμενος,
508 1665 642 1736 μετὰ
690 1665 790 1735 τὴν
850 1667 1227 1738 είςςοὺρανοῦς
1259 1667 1424 1723 αὐτοῦ
1445 1669 1654 1736 άνοδον,
1685 1669 1772 1724 διὰ

211 1753 462 1808 Θαδδαίου
496 1755 728 1826 Αὐγάρῳ
752 1755 1072 1810 ἀποστεῖλαι
1099 1756 1424 1828 προσέταξε,
1447 1757 1544 1828 τὴν
1560 1759 1649 1812 διὰ
1663 1759 1773 1814 τῶν

211 1846 542 1916 γραμμάτων
583 1846 882 1916 ὑπόσχεσιν
907 1847 1221 1917 ἐκπληρῶν.
1249 1847 1407 1902 Μετὰ
1432 1845 1527 1902 οὖν
1552 1850 1612 1903 τὸ
1642 1851 1772 1910 άνα-

205 1937 466 2008 ληφθῆναι
487 1937 578 1992 τὸν
605 1937 812 2006 Κύριον
832 1939 992 2008 ἡμῶν
1033 1939 1241 2010 Ἰησοῦν
1261 1941 1512 2010 Χριστὸν
1540 1944 1620 2006 είς
1649 1945 1776 2006 τοὺς

198 2030 480 2101 οὐρανοὺς,
509 2030 637 2094 δοὺς
685 2032 714 2083 6
759 2029 964 2100 Θωμᾶς
1012 2030 1090 2100 τῷ
1121 2032 1366 2102 Θαδδαίῳ
1415 2034 1515 2104 τὴν
1560 2035 1776 2107 ἀχειρό-

205 2139 408 2192 γραφον
455 2121 552 2176 τοῦ
600 2121 1205 2194 Κυριακοῦιπροσώπου
1238 2125 1610 2195 ἐκμόρφωσιν,
1641 2127 1776 2198 πρὸς

207 2213 295 2268 τὸν
316 2212 465 2280 Αῦγα
473 2230 567 2284 ρον
603 2212 978 2278 ἐξαπέστειλε.
1606 2251 1611 2254 -

270 2303 367 2358 IB'.
400 2303 746 2360 Καταλαϐὼν
789 2305 974 2360 τοίνυν
997 2307 1026 2360 6
1063 2306 1323 2374 Θαδδαῖος
1365 2310 1463 2380 τὴν
1488 2309 1774 2375 Ἔδεσσαν,

201 2399 381 2470 ἔμεινε
433 2398 654 2469 πρῶτον
707 2399 862 2472 παρά
906 2418 1013 2455 τινι
1069 2401 1178 2456 τῶν
1230 2401 1418 2457 αὐτόθι
1487 2402 1777 2457 Ἰουδαίων.

203 2492 417 2557 Τωϐίας
446 2487 603 2557 οὗτος
630 2492 941 2564 ὠνόμαστο.
959 2494 1069 2548 Καὶ
1103 2494 1168 2564 δὴ
1206 2494 1313 2565 πρὸ
1333 2495 1443 2548 τῶν
1463 2494 1656 2563 λόγων,
1673 2495 1782 2548 61:6

201 2583 309 2638 τῶν
357 2583 540 2656 ἔργων
599 2584 773 2639 θέλων
827 2585 1018 2640 ἐαυτὸν
1055 2586 1322 2659 γνωρίσαι
1360 2585 1438 2657 τῷ
1467 2587 1706 2656 Αύγάρῳ
1753 2585 1783 2638 6

198 2672 293 2728 τοῦ
324 2673 568 2744 Χριστοῦ
605 2674 874 2746 μαθητὴς,
901 2675 1028 2739 τοὺς
1052 2673 1414 2738 ἀσθενοῦντας
1433 2675 1534 2745 τῆς
1573 2673 1784 2735 πόλεως

195 2769 490 2839 ἐπικλήσει
521 2769 662 2840 μόνῃ
696 2766 937 2839 Χριστοῦ
965 2766 1358 2837 ἐθεράπευσεν.
1396 2765 1562 2819 Ὀθεν
1589 2775 1672 2817 τοι
1689 2761 1782 2817 τοῦ

196 2857 440 2928 Χριστοῦ
467 2859 568 2929 τῆς
609 2859 802 2928 φήμης
836 2856 1177 2928 διαδοθείσης
1200 2857 1362 2926 (ὅπερ
1405 2856 1498 2908 ἐπὶ
1533 2853 1643 2907 τῶν
1678 2869 1786 2906 τοι·

194 2949 372 3004 ούτων
413 2949 740 3021 συμϐαίνειν
775 2949 921 3020 φιλεῖ
942 2967 957 2981 ·
985 2947 1056 3002 τὰ
1071 2949 1181 3018 γὰρ
1213 2946 1492 3019 παράδοξα
1513 2947 1621 2998 τῶν
1639 2961 1801 3014 πραο,

196 3038 429 3109 γμάτων
471 3037 704 3102 πολλοὺς
749 3037 862 3110 ἔχει
884 3039 1008 3101 τοὺς
1033 3039 1164 3108 περὶ
1197 3036 1377 3090 αὐτῶν
1408 3034 1786 3104 ἀπαγγέλλον-

194 3128 582 3199 τας),ἐφθασε
638 3130 734 3184 καὶ
784 3131 920 3200 πρὸς
945 3130 1037 3183 τὸν
1080 3128 1334 3201 Αῦγαρον
1375 3127 1465 3182 διά
1500 3144 1647 3190 τινος
1673 3127 1783 3180 τῶν

195 3220 368 3275 αὑτοῦ
424 3219 709 3275 δυναστῶν
770 3220 965 3292 Ἀμδοῦ
1027 3221 1364 3292 καλουμένου
1385 3259 1402 3285 ,
1443 3221 1478 3291 ἠ
1521 3219 1650 3290 περὶ
1685 3221 1784 3285 τῆς

199 3311 467 3383 ἐνδημίας
495 3311 592 3365 τοῦ
625 3312 926 3366 ἀποστόλου
948 3312 1188 3384 Χριστοῦ
1214 3312 1376 3382 ἀκοή.
1409 3310 1785 3381 Λογισάμενος

211 3403 299 3457 οὖν
341 3404 552 3468 εὐθέως
602 3405 671 3458 ἐκ
720 3405 818 3474 τῆς
869 3403 1301 3476 ὑποικουρούσης
1337 3404 1395 3456 ἐν
1438 3402 1591 3473 αὐτῷ
1631 3400 1787 3456 ἐλπί-

210 3492 323 3560 δος,
351 3496 538 3550 τοῦτον
562 3497 770 3550 ἐκεῖνον
793 3490 954 3560 εἶναι,
984 3495 1044 3549 ὃν
1077 3495 1394 3549 ἀποστεῖλαι
1444 3494 1582 3565 πρὸς
1625 3493 1787 3548 αὐτὸν

205 3586 238 3638 6
272 3584 473 3656 Ἰησοῦς
489 3587 580 3640 διὰ
602 3588 702 3658 τῆς
729 3587 946 3657 γραφῆς
977 3586 1347 3658 ἐπηγγείλατο
1364 3602 1379 3617 ⁸
1413 3586 1509 3640 καὶ
1535 3586 1666 3657 παρ’
1691 3584 1790 3640 66-

201 3673 304 3728 τοῦ
330 3677 671 3749 τελειότερον
712 3677 780 3732 τὰ
812 3679 942 3747 περὶ
977 3677 1074 3732 τοῦ
1100 3679 1364 3732 Θαδδαίου
1404 3675 1612 3746 μαθὼν,
1647 3678 1785 3745 ἀγα·

204 3767 331 3834 τεῒν
379 3767 544 3821 αὑτὸν
582 3767 898 3837 διωρίσατο.
937 3769 995 3822 '0
1016 3764 1112 3823 οὖν
1143 3767 1358 3833 Τωϐξας
1389 3767 1582 3834 ἐλθὼν,
1613 3764 1787 3836 ἐγνώ-

215 3873 340 3928 ρισε
373 3859 547 3914 ταῦτα
572 3860 650 3932 τῷ
680 3861 1008 3931 ’Δποστόλῳο
1032 3862 1284 3926 κακεῖνος
1302 3862 1360 3916 ἐν
1388 3858 1628 3930 δυνάμει
1649 3861 1789 3932 πρὸς

208 3948 381 4003 αύτδν
408 3952 744 4006 ἀπεστάλθαι
772 3950 964 4018 εἰπὼν,
988 3952 1052 4006 τὸ
1081 3952 1210 4023 ἑξῆς
1244 3951 1386 4024 πρὸς
1412 3951 1505 4006 τὸν
1537 3950 1790 4022 Αύγαρον

203 4043 570 4113 παρεγένετο.
614 4045 706 4098 Ἐν
730 4044 788 4098 δὲ
807 4045 887 4116 τῷ
919 4043 1134 4116 μέλλειν
1155 4044 1298 4099 κατὰ
1321 4043 1614 4114 πρόσωπον
1639 4042 1791 4113 αὐτῷ

200 4135 636 4205 ἐμφανίζεσθαι,
668 4136 761 4189 ἐπὶ
805 4135 901 4190 τοῦ
943 4137 1074 4191 ἰδίου
1109 4134 1362 4208 μετώπου
1407 4131 1521 4189 οἷον
1549 4135 1792 4204 ἀναστη-

198 4226 389 4291 λώσας
436 4227 539 4300 τὴν
588 4228 844 4300 τοιαύτην
887 4227 1212 4300 ἐμφέρειαν,
1240 4225 1414 4291 οὕτως
1443 4226 1615 4298 εἰσῄει
1647 4226 1794 4298 πρὸς

195 4317 487 4390 Αὕγαρον.
531 4318 592 4373 '0
633 4318 695 4372 δέ
736 4319 1019 4390 πόρρωθεν
1078 4317 1244 4374 αὐτὸν
1292 4318 1591 4390 προσιόντα
1643 4315 1790 4383 ἰδὼν,

195 4413 464 4480 κρεῖττον
513 4409 692 4480 ὅψεως
742 4410 858 4481 φῶς
907 4408 1288 4465 άκτινοϐολοῦν
1330 4409 1438 4464 ἀπὸ
1485 4409 1584 4477 τῆς
1617 4407 1795 4477 ὂψεως

1935 755 2031 810 Xl.
2073 755 2211 812 Cum
2241 755 2494 813 Christus
2519 756 2586 812 ad
2613 764 2846 813 mortem
2878 766 3074 828 sponte
3101 758 3442 816 subeundam

1867 846 2241 918 profecturus,
2276 846 2576 902 humanam
2607 847 2662 902 in
2695 862 2756 903 se
2789 855 3070 915 naturam,
3099 849 3321 904 timoris
3345 866 3449 905 an-

1868 939 2049 1008 gustia
2088 939 2283 996 mortis
2321 940 2541 1006 comite,
2584 940 2892 1005 exhiberet,
2943 949 3110 1012 atque
3155 943 3210 998 iu
3253 959 3446 1014 preces

1868 1030 2077 1088 effusus
2099 1039 2274 1099 esset;
2297 1031 2520 1102 quando
2543 1032 2707 1089 etiam
2740 1034 3095 1104 evangelicus
3129 1050 3311 1091 sermo
3359 1052 3449 1091 su-

1869 1121 2056 1178 dorem
2083 1122 2202 1190 ejus
2228 1121 2376 1178 velut
2405 1131 2590 1194 guttas
2616 1122 2905 1194 sanguinis
2935 1131 3090 1179 notat
3113 1124 3443 1180 deﬂuxisse.

1870 1222 2004 1270 tunc
2031 1214 2184 1270 aiunt
2215 1214 2371 1270 lintei
2398 1215 2692 1272 rescissam
2725 1222 2937 1287 partem
2966 1231 3132 1288 quam
3176 1231 3326 1272 nunc
3367 1218 3452 1272 vir

1871 1306 2090 1370 demus,
2125 1321 2251 1362 cum
2295 1322 2359 1362 ex
2398 1307 2636 1378 quodam
2668 1307 3070 1380 discipulorum
3115 1310 3448 1380 accepisset.

1872 1397 2146 1453 stillantes
2193 1397 2400 1454 imbres
2447 1413 2512 1453 eo
2557 1398 2894 1459 abstersisse
2933 1414 2948 1452 :
3001 1412 3240 1468 moxque
3282 1411 3450 1468 quam

1871 1489 2049 1546 oculis
2081 1483 2413 1559 usurpamus
2449 1490 2693 1548 divinam
2730 1491 2874 1546 hanc
2905 1491 3196 1562 imaginem
3231 1491 3311 1545 illi
3345 1492 3451 1552 im-g

1873 1596 2120 1653 pressam
2155 1581 2453 1638 eﬂ’ulsisse.
2496 1581 2705 1653 Pignus
2743 1582 2968 1638 Thomas
3008 1582 3355 1653 depositum;
3389 1595 3455 1640 ac,

1873 1675 1932 1730 in‘
1957 1673 2233 1730 mandatis
2264 1673 2475 1739 datum,
2508 1685 2569 1728 ut
2604 1685 2730 1746 post
2768 1673 2901 1738 Jesu
2944 1675 3003 1730 in
3051 1674 3223 1730 caelos
3256 1688 3455 1730 ascen,

1876 1781 2021 1833 sum,
2071 1781 2168 1835 per
2207 1763 2566 1831 Thaddaeum,
2611 1780 2724 1836 quo
2776 1765 2860 1822 sic
2907 1765 3112 1836 scripta
3139 1764 3460 1835 promissio

1879 1856 2219 1926 impleretur,
2267 1856 2506 1921 mitteret
2551 1855 2621 1911 ad
2671 1856 2974 1928 Augarum.
3019 1854 3193 1926 Igitur
3236 1854 3460 1910 Christo

1877 1945 2132 2002 Domino-
2157 1949 2212 2002 in
2239 1949 2412 2004 caelos
2456 1955 2698 2018 recepto,
2743 1948 2884 2004 dans
2916 1946 3156 2003 Thomas
3183 1945 3459 2002 Thaddaeo

1876 2053 1986 2094 nou
2024 2037 2398 2094 manufactam
2423 2037 2696 2095 Dominici
2729 2038 2917 2094 vultus
2953 2036 3208 2108 emgiem,
3239 2038 3475 2107 Augaro.

1877 2129 2232 2187 deferendam
2259 2130 2452 2202 jussit.

1951 2309 2068 2367 Xll.
2108 2311 2349 2369 Veniens
2377 2312 2566 2381 itaque
2589 2307 2903 2365 Tltad‘daeus
2931 2307 3217 2372 Edessam,
3258 2306 3463 2360 mansit

1883 2407 2118 2477 primum
2149 2404 2292 2474 apud
2324 2399 2615 2474 quemdam
2640 2401 2762 2471 ej‘us
2793 2402 2897 2455 loci
2930 2399 3205 2465 Judzeum,
3229 2397 3460 2454 Tobiam

1850 2498 2125 2574 _nomiue.
2173 2495 2417 2551 Necdum
2465 2493 2836 2563 cumregqu
2878 2497 3135 2546 conserto
3183 2502 3460 2548 sermone.

1883 2589 2084 2659 quippe
2116 2602 2240 2643 cum
2283 2588 2330 2643 is
2362 2585 2546 2641 animo
2589 2584 2952 2650 constitutum
3003 2581 3256 2645 haberet,
3290 2587 3349 2634 ut
3395 2595 3463 2633 ex

1884 2679 2143 2750 operibus
2174 2678 2398 2748 Augaro
2426 2676 2834 2740 inuotesceret;
2871 2689 3013 2744 quos
3045 2671 3246 2728 civium
3284 2685 3462 2742 aegro-

1886 2779 1972 2827 tos
2004 2770 2256 2834 oﬂ'endit,
2290 2776 2538 2824 actutum
2564 2767 2780 2823 curavit
2819 2766 2938 2823 solo
2967 2765 3172 2822 Christi
3204 2764 3466 2820 invocato

1888 2865 2128 2919 nomine.
2176 2862 2447 2928 Quocirca
2499 2860 2982 2930 percrebrescente
3040 2856 3246 2912 Christi
3295 2855 3464 2919 fama,

1889 2958 1965 3013 uti
2003 2957 2225 3026 quidem
2260 2955 2314 3010 in
2347 2953 2553 3009 talibus
2580 2953 2720 3008 solet
2745 2950 3029 3016 accidere;
3062 2964 3152 3005 res
3182 2948 3329 3003 enim
3362 2945 3467 3000 mi-

1887 3046 2092 3102 rabiles
2122 3052 2178 3099 et
2213 3043 2496 3108 inauditae,
2530 3043 2716 3114 plures
2745 3042 2830 3097 sui
2865 3040 3092 3096 nuntios
3125 3039 3366 3104 habent;
3396 3037 3470 3108 ad

1813 3159 1858 3219 α
1890 3137 2167 3207 Augarum
2198 3131 2416 3207 quoque
2455 3148 2555 3204 per
2583 3149 2754 3188 unum
2785 3132 3078 3203 quemdam
3107 3146 3174 3186 ex
3216 3129 3476 3200 proceri-5

1890 3229 2015 3292 bus,
2049 3226 2228 3282 Atudu
2272 3226 2515 3292 nomine,
2561 3224 2855 3281 advenisse
2897 3222 3104 3280 Christi
3154 3222 3465 3291 apostolum

1889 3335 2079 3376 rumor
2115 3319 2360 3389 perlatus
2387 3325 2495 3373 est.
2521 3317 2650 3371 Mox
2677 3317 2887 3387 itaque,
2922 3331 2985 3372 ea
3020 3329 3118 3385 spe
3140 3328 3314 3385 quam
3344 3313 3485 3378 ani-1.

1889 3423 1980 3464 mo
2013 3409 2216 3472 alebat,
2245 3407 2300 3462 in
2326 3414 2564 3463 mentem
2596 3405 2748 3461 venit
2771 3420 2897 3461 eum
2925 3404 3106 3474 ipsum
3134 3419 3278 3466 csse,
3303 3418 3496 3473 quem.

1888 3500 1938 3555 ei
1967 3515 2027 3556 se
2057 3500 2358 3554 missurum
2381 3513 2479 3568 per
2499 3495 2689 3554 literas
2713 3497 2878 3553 Iesus
2900 3495 3274 3567 promisisset,
3296 3495 3470 3566 Igitur

1889 3589 1957 3644 de
1979 3588 2252 3644 Thaddaeo
2274 3588 2492 3658 plenius
2522 3588 2865 3653 sciscitatus,
2897 3601 3025 3642 cum
3059 3585 3369 3650 didicisset,
3399 3587 3468 3640 ad

1890 3691 1951 3732 se
1996 3676 2174 3730 virum
2229 3675 2429 3731 adduci
2474 3675 2649 3746 jubet.
2679 3675 2884 3732 Tobias
2929 3675 3180 3740 veniens,
3223 3675 3279 3730 id
3319 3675 3468 3742 quod

1885 3767 2076 3838 jussus
2121 3774 2242 3823 erat
2277 3767 2526 3837 apostolo
2557 3766 2908 3838 signiﬁcavit,
2955 3774 3073 3821 tum
3118 3765 3210 3821 ille
3251 3779 3376 3819 cum
3410 3781 3472 3820 se

1890 3856 1956 3912 ad
1987 3857 2140 3912 illum
2182 3857 2236 3912 in
2271 3857 2478 3914 virtute
2524 3858 2757 3914 missum
2803 3857 3063 3922 dixisset,
3096 3855 3364 3926 postridie
3401 3854 3486 3908 ad~

1889 3963 2016 4006 eum
2046 3951 2332 4021 profectus
2369 3958 2474 4006 est.
2507 3949 2698 4022 Itaque
2736 3949 2793 4005 in
2837 3950 3124 4020 procinctu
3158 3957 3220 4002 ut
3251 3961 3312 4002 se
3345 3947 3472 4016 ejus

1891 4057 2078 4099 coram
2112 4042 2289 4098 oculis
2321 4041 2564 4110 sisteret,
2613 4055 2734 4098 eam
2789 4041 2910 4098 sibi
2941 4040 3170 4113 eﬁigiem
3205 4039 3353 4095 velut
3391 4038 3472 4095 si-s

1893 4149 2060 4205 gnum
2092 4135 2147 4188 in
2179 4131 2362 4190 fronte
2383 4148 2596 4204 ponens
2622 4143 2788 4206 atque
2811 4132 3053 4202 erigens,
3091 4131 3146 4185 in
3177 4130 3324 4184 hunc
3349 4143 3471 4182 uto-

1894 4227 2025 4282 dum
2054 4224 2124 4281 ad
2149 4231 2429 4296 Augarum
2459 4225 2742 4296 ingressus
2771 4232 2877 4280 est.
2906 4220 3113 4278 Videas
3135 4220 3226 4276 ille
3255 4220 3474 4275 eminus

1893 4317 2226 4382 venientem,
2270 4316 2446 4372 lucem
2497 4313 2601 4371 sibi
2653 4328 2718 4369 ex
2767 4313 2889 4383 ejus
2943 4312 3080 4367 facie
3122 4310 3471 4374 emit-antem,

1895 4421 2060 4478 quam
2096 4406 2251 4460 nulla
2290 4407 2376 4462 vis
2425 4405 2710 4461 oculorum
2755 4402 2901 4458 ferre
2939 4408 3126 4470 posset
3162 4398 3475 4468 ejaculante

192 4497 380 4552 αὑτοῦ
455 4496 816 4570 ἐξαλλόμενον
867 4497 1044 4552 ἐδόκει
1102 4497 1257 4568 όρᾷν,
1303 4496 1333 4550 ὃ
1391 4497 1453 4549 τὸ
1502 4495 1784 4567 ἐπικείμε-

1899 4499 2017 4570 ipsa
2043 4497 2240 4569 elligie,
2273 4511 2496 4554 cernere
2520 4497 2674 4553 visus
2707 4501 2814 4552 est.
2854 4489 3256 4564 Eﬂ’ulgurantis
3286 4490 3475 4560 itaque

192 4605 289 4643 νον
370 4589 527 4656 ἀφίει
598 4587 872 4660 ὁμοίωμα.
906 4589 1071 4642 ’Ὅθεν
1117 4587 1196 4658 τῷ
1249 4587 1641 4658 ὑπερϐάλλοντι
1695 4586 1796 4657 τῆς

193 4677 644 4752 άστραπτούσης
675 4679 1016 4750 λαμπηδόνος
1062 4677 1457 4747 καταπλαγεὶς,
1483 4677 1576 4732 καὶ
1604 4676 1796 4747 ὥσπερ

189 4771 255 4823 ἐν
305 4769 466 4842 λήθῃ
509 4769 621 4822 τῶν
656 4771 787 4840 περὶ
811 4769 982 4823 αὑτὸν
1021 4768 1445 4839 συμπτωμάτων
1478 4767 1794 4838 γενόμενος,

191 4859 298 4915 καὶ
362 4857 472 4926 τῆς
523 4858 882 4928 πολυχρονίου
935 4859 1224 4928 παρέσεως
1271 4859 1396 4924 ,τῶν
1445 4855 1646 4927 μελῶν,
1694 4854 1796 4924 τῆς

191 4950 408 5020 κλίνης
458 4949 674 5021 ἀθρόως
741 4949 971 5022 ἀνέθορε
1020 4949 1134 5022 (9),
1189 4950 1405 5021 τρέχειν
1466 4946 1797 5013 ἐξεϐιάζετο.

189 5042 400 5099 Ταυτδ
426 5041 603 5105 πάθος
641 5060 736 5097 κα.
762 5042 900 5114 πρὸς
940 5041 1184 5113 ὑπαντὴν
1231 5042 1300 5096 τὰ
1333 5039 1642 5111 παρειμένα
1663 5038 1798 5110 μέλη

189 5135 412 5188 παθὼν
463 5134 669 5205 τρόπον
725 5134 914 5204 ετερον
943 5136 1053 5194 τοῖς
1092 5135 1152 5189 ἐν
1187 5132 1266 5205 τῷ
1311 5133 1428 5205 ὄρει
1474 5131 1670 5204 Θαϐὼρ
1698 5132 1799 5202 τὴν

189 5224 581 5295 άστράψασαν
609 5225 827 5298 μορφὴν
855 5225 1234 5296 θεασαμένοις.

270 5315 392 5371 ﬂ".
416 5315 616 5370 Λαϐὼν
647 5316 829 5370 τοίνυν
856 5317 967 5371 61:6
1013 5317 1105 5371 τοῦ
1136 5316 1437 5371 ἀποστόλου
1466 5315 1528 5370 :6
1561 5313 1798 5368 τοιοῦτον

189 5409 500 5478 ὁμοίωμα,
542 5407 640 5463 καὶ
670 5407 986 5479 σεϐασμίως
1014 5408 1149 5462 αὐτὸ
1181 5410 1249 5479 τῇ
1285 5407 1496 5478 κεφαλῇ
1532 5407 1798 5479 περιθεὶς,

191 5500 306 5555 καὶ
336 5501 461 5563 τοῖς
496 5498 728 5570 χείλεσι,
753 5502 848 5554 καὶ
879 5501 1001 5554 οὐδὲ
1021 5501 1070 5554 τ’
1097 5501 1231 5555 ἄλλα
1263 5501 1373 5561 τῶν
1410 5499 1505 5554 τοῦ
1548 5499 1802 5572 σώματος

214 5590 410 5662 ιερῶν
445 5590 721 5662 περήσας
772 5593 872 5661 τῆς
916 5591 1176 5662 τοιαύτης
1209 5591 1626 5664 προσψαύσεως,
1658 5591 1799 5662 ἔγνω

275 5795 376 5868 (9)
410 5793 575 5856 Forte
613 5798 767 5858 deest
799 5800 910 5854 ut.

1895 4589 2040 4646 lucis
2076 4586 2411 4659 importabili
2441 4586 2598 4642 radio
2633 4585 2904 4640 attonitus
2941 4597 3007 4637 ac
3038 4589 3288 4651 stupens,
3323 4592 3474 4634 mor-

1896 4679 2064 4748 hique
2091 4691 2322 4734 casuum
2355 4691 2420 4731 ac
2449 4675 2676 4732 diutina
2713 4674 3086 4731 membrorum
3120 4669 3476 4729 resolutionis

1899 4771 2046 4825 velut
2109 4769 2338 4832 oblitus,
2395 4775 2621 4840 repente
2669 4768 2814 4823 lecto
2872 4779 3164 4830 excussus,
3230 4763 3476 4820 resoluta

1901 4861 2145 4917 membra
2181 4860 2238 4914 in
2271 4873 2566 4915 occursum
2596 4858 2745 4928 cogit
2771 4857 3057 4915 festinare.
3085 4855 3291 4912 Eodem
3325 4853 3490 4911 scili-.

1900 4960 1986 5010 cet
2011 4953 2230 5017 aﬂ‘eetu,
2264 4950 2408 5006 haud
2440 4959 2623 5008 tamen
2649 4951 2842 5008 eadem
2871 4951 3087 5007 ratione
3115 4963 3180 5006 ac
3206 4949 3268 5016 ii,
3299 4949 3393 5020 qui
3420 4948 3478 5003 in

1898 5055 2082 5100 monte
2112 5043 2335 5100 Tltabor
2379 5044 2518 5101 lucis
2566 5042 2876 5116 fulgoribus
2909 5042 3209 5100 micantem
3242 5040 3491 5104 formata

1898 5150 2252 5206 conspexere.

1970 5320 2110 5378 XIII.
2149 5322 2388 5392 Accepta
2426 5322 2612 5394 itaque
2647 5322 2716 5378 ab
2752 5323 3006 5394 apostolo
3041 5313 3242 5394 eﬂlgie,
3283 5333 3350 5375 ac
3381 5333 3476 5374 ve-

1908 5413 2156 5470 nerantis
2181 5414 2366 5484 specie
2399 5414 2564 5486 capiti
2595 5414 2870 5485 imposita,
2903 5414 3190 5483 oculisque
3217 5419 3274 5466 et
3301 5410 3478 5463 mani-

1909 5503 2015 5559 bus
2037 5511 2094 5556 et
2132 5504 2314 5569 labiis,
2351 5517 2418 5558 ac
2451 5505 2704 5576 corporis
2748 5504 3009 5560 membris
3040 5502 3293 5573 reliquis,
3326 5499 3480 5555 nullo

1909 5594 2028 5662 eius
2084 5594 2328 5650 muneris
2379 5604 2625 5668 experte,
2677 5596 2940 5665 adhibita,
3001 5593 3182 5653 statim
3231 5592 3478 5648 membra
