4050 6428
475 303 583 371 435

1465 306 1976 366 CONSTANTINI
2028 307 2660 369 PORPHYHOGENI'I

3639 303 3750 374 436

477 413 662 467 omnia
693 410 944 466 roborari
976 410 1256 482 cognovit,
1283 424 1348 465 ac
1382 411 1612 466 meliore
1645 417 1790 466 statu
1822 411 2022 465 mutari
2048 428 2060 465 :

2185 415 2416 486 ταρευθὺ
2442 416 2508 469 τὰ
2529 417 2666 488 μέλη
2704 417 2882 471 πάντα
2915 417 3237 488 θαυμασίως
3258 418 3758 491 ἀναῤῥωννὺμενα,

477 502 733 557 mundari
770 502 980 570 Iepram
1015 517 1079 557 ac
1110 503 1330 569 cedere,
1363 505 1582 558 tametsi
1623 503 1744 573 ejus
1787 503 2062 572 quoddam

477 594 769 664 vestigium
821 607 886 648 ac
934 593 1217 650 residuum
1264 594 1467 649 mansit
1517 595 1571 649 in
1622 593 1823 650 fronte.
1862 594 2065 648 Doctus

477 685 647 754 igitur
687 685 757 739 ab
804 685 1055 755 apostolo
1107 686 1273 755 paulo
1327 686 1534 740 clarius
1581 686 1838 742 veritatis
1868 685 2066 741 doctri-

479 790 631 838 nam,
667 775 846 846 deque
879 774 1139 831 inauditis
1175 775 1380 831 Christi
1423 777 1728 842 miraculis,
1756 776 2068 846 divinisque

479 867 856 937 passionibus,
893 881 947 923 et
978 867 1282 938 sepultura,
1313 875 1367 923 et
1403 867 1814 924 resurrectione
1849 884 1878 922 a
1916 884 2066 922 mor-

482 962 614 1028 tuis,
672 971 835 1031 atque
887 962 937 1015 in
987 961 1162 1018 caelos
1209 961 1525 1030 rcceptione
1579 962 1893 1026 institutus;
1944 977 2068 1015 cum

478 1054 650 1108 Deum
695 1065 886 1108 verum
913 1053 1192 1108 Christum
1235 1053 1528 1109 confessus
1571 1065 1740 1121 esset,
1785 1055 1852 1109 de
1895 1052 2068 1108 forma

478 1147 649 1203 linteo
696 1155 959 1216 eXpressa
1005 1145 1434 1214 sciscitabatur;
1485 1147 1630 1218 quod
1690 1147 1950 1202 nimirum
2005 1163 2070 1202 ea

479 1238 799 1309 diligentius
849 1241 1124 1310 inspecta,
1158 1239 1324 1295 nullis
1367 1241 1602 1294 terrenis
1636 1238 1929 1294 conﬂatam
1979 1254 2071 1294 co-

478 1330 693 1386 loribus
711 1335 1070 1402 cognoverat,
1088 1331 1318 1402 ejusque
1340 1332 1599 1403 stupebat
1623 1333 1903 1396 virtutem,
1923 1331 2070 1402 quod

480 1423 562 1478 sic
589 1423 783 1493 grandi
822 1424 1093 1478 miraculo
1128 1439 1191 1480 ac
1240 1423 1483 1491 insolito,
1532 1425 1734 1480 lectulo
1767 1425 2072 1492 exsilierat,

479 1529 546 1571 ac
580 1515 847 1571 incolumi
877 1516 1118 1572 sanitate
1156 1515 1449 1588 gaudebat.
1483 1517 1564 1570 Ad
1601 1517 1717 1571 haec
1740 1514 2070 1583 Thaddaeus,

478 1608 676 1663 mortis
713 1607 968 1663 timorem
1010 1617 1066 1664 et
1101 1610 1388 1680 angustias
1419 1607 1722 1675 declarare,
1766 1625 1947 1679 exque
1977 1608 2074 1665 su-

2172 509 2266 561 καὶ.
2293 508 2392 580 τὴν
2423 513 2502 573 εἰς
2529 509 2591 562 τὸ
2614 511 2863 583 κρεῖττον
2900 509 3206 581 μεταϐολὴν
3241 509 3613 582 εἰσδεχόμενα.
3643 511 3761 565 Καὶ

2169 600 2270 670 τὴν
2300 599 2508 671 λέπραν
2550 601 3026 673 ἐκκαθαιρομένην
3077 602 3171 657 καὶ
3216 602 3658 670 ἀποφεύγουσαν,
3705 606 3760 658 εἰ

2172 692 2268 745 καὶ
2320 691 2486 746 ἔτιὲν
2519 692 2597 764 τῷ
2648 691 2886 764 μετώπῳ
2912 693 3166 764 λείψανόν
3207 711 3260 746 τι
3301 693 3507 761 ταύτης
3560 693 3760 764 μικρὸν

2171 781 2516 838 ὑπελείπετο.
2565 783 2846 853 Διδαχθεις
2899 783 2995 838 οὖν
3032 783 3126 838 τὸν
3169 785 3267 854 τῆς
3294 784 3554 852 ἀληθείας
3599 785 3763 852 λόγον

2170 874 2295 927 τότε
2322 875 2456 943 πρὸς
2490 874 2586 928 τοῦ
2627 875 2955 929 Ἀποστόλου
2978 876 3325 948 τρανότερον,
3360 877 3457 929 καὶ
3491 877 3619 945 περὶ
3648 877 3764 930 τῶν

2173 963 2492 1038 παραδόξων
2525 964 2620 1016 τοῦ
2673 965 2915 1034 Χριστοῦ
2965 966 3282 1036 θαυμάτων,
3322 966 3431 1018 τῶν
3473 965 3570 1018 καὶ
3599 966 3766 1020 θείων

2173 1057 2382 1119 παθῶν,
2416 1057 2513 1110 καὶ
2545 1057 2744 1126 ταφῆς,
2773 1058 2868 1111 καὶ
2901 1057 3000 1126 τῆς
3029 1057 3094 1110 ὲκ
3123 1057 3332 1127 νεκρῶν
3380 1057 3760 1122 ἀναστάσεως,

2174 1149 2270 1202 καὶ
2319 1149 2416 1218 τῆς
2461 1150 2542 1210 εἰς
2574 1149 2838 1218 οὐρανοὺς
2877 1149 3202 1219 ἀναλήμως
3225 1164 3240 1180 ο
3275 1150 3372 1200 καὶ
3415 1147 3766 1219 ὁμολογήσας

2173 1240 2350 1312 άληθῆ
2382 1241 2514 1294 Θεὸν
2541 1241 2632 1294 τὸν
2662 1240 2918 1310 Χριστὸν,
2950 1242 3079 1310 περὶ
3103 1240 3201 1310 τῆς
3230 1241 3290 1292 ὲν
3316 1238 3476 1310 ὀθόνῃ
3509 1237 3768 1292 ίκτυπώ-

2177 1349 2315 1395 σεως
2343 1332 2442 1400 τῆς
2473 1331 2688 1402 μορφῆς
2718 1330 3076 1394 ἐπυνθάνετο,
3107 1330 3339 1402 ἐπείπερ
3367 1330 3562 1401 αὐτὴν,
3598 1330 3766 1400 ἀκρι-

2176 1425 2438 1496 ϐέστερον
2486 1423 2739 1491 ἐπιστὰς,
2770 1423 3142 1491 ἐπεγίνωσκεν
3190 1423 3251 1474 οὑ
3313 1421 3404 1475 διὰ
3454 1421 3767 1492 χρωμάτων

2177 1517 2379 1571 ὑλικῶν
2408 1516 2508 1589 τὴν
2545 1516 2806 1571 σύστασιν
2828 1515 3081 1588 ἔχουσαν,
3106 1515 3199 1568 καὶ
3229 1515 3329 1585 τὴν
3359 1517 3419 1568 ὲν
3442 1516 3588 1586 αὐτῇ
3625 1530 3765 1567 κατ-

2177 1612 2476 1682 επλήττετο
2502 1609 2758 1680 δύναμιν,
2811 1611 2900 1678 ὑφ’
2935 1603 3003 1681 ἦς
3031 1607 3352 1680 παραδόξως
3378 1608 3639 1676 ἐξανέστη
3663 1607 3767 1677 τῆς

478 1700 708 1756 doribus
737 1700 892 1754 nullo
923 1700 1170 1754 colorum
1198 1701 1478 1771 pigmento
1501 1716 1818 1770 expressam
1841 1701 2070 1772 elligiem

2185 1708 2388 1776 κλίνης,
2414 1705 2507 1759 καὶ
2524 1704 2910 1775 συνηριθμεῖτο
2937 1705 3049 1766 τοῖς
3077 1703 3406 1771 ὑγιαίνουσι.
3428 1701 3570 1773 Πρὸς
3588 1700 3769 1754 ταῦτα

482 1795 683 1847 docere
717 1811 730 1846 :
765 1789 984 1847 Domini
1035 1793 1192 1863 jussu
1233 1792 1299 1846 ad
1343 1808 1468 1849 eum
1507 1794 1834 1857 accessisse,
1873 1803 1927 1851 et
1968 1797 2073 1852 alia

481 1900 826 1956 qumcunque
869 1885 984 1956 jam
1013 1887 1266 1956 superior
1297 1887 1544 1942 decurrit
1575 1887 1824 1943 historia.

559 2155 694 2210 XIV.
739 2158 1237 2229 Postquamjtgitnr
1277 2176 1340 2214 ex
1374 2160 1461 2214 his
1498 2161 1726 2229 pariter,
1769 2176 2071 2214 manuum-

483 2267 592 2319 que
632 2252 865 2320 apostoli
911 2253 962 2304 in
1015 2253 1235 2307 nomine
1279 2251 1408 2306 Jesu
1454 2251 1660 2307 Christi
1699 2251 2071 2322 impositione,

488 2344 742 2398 dolorum
777 2345 862 2400 vis
903 2361 1211 2415 sensusque
1251 2345 1561 2417 aufugerat,
1603 2346 1959 2416 membraque
1988 2362 2072 2402 re-

487 2434 668 2489 soluta
701 2436 850 2490 velut
896 2436 1366 2507 astringebantur,
1397 2448 1567 2508 atque
1610 2439 1724 2494 oris
1748 2437 2074 2494 deformitas

483 2525 876 2594 evanesccbat,
908 2539 1221 2598 cunctaque
1268 2528 1334 2583 ad
1387 2529 1679 2584 sanitatem
1729 2531 2028 2585 currebant
2057 2548 2070 2584 :
2099 2530 2130 2548 ”

485 2616 563 2671 rei
589 2625 755 2673 tanta:
787 2619 1116 2689 compendio
1142 2619 1383 2692 undique
1416 2622 1670 2690 Augarus
1702 2621 2072 2677 admiratione

483 2709 733 2767 deﬁxus:
769 2711 930 2778 Vere,
969 2712 1171 2782 inquit,
1205 2711 1333 2768 Jesu
1368 2711 1492 2766 Filii
1524 2711 1618 2768 Dei
1652 2713 1958 2783 discipulus
1989 2729 2071 2778 es.

483 2801 579 2872 qui
601 2801 834 2857 curabat
854 2803 1065 2874 absque
1101 2805 1522 2860 medicamentis
1550 2813 1606 2859 et
1633 2805 1840 2860 herbis.
1873 2805 1950 2859 Ac
1974 2821 2076 2876 ego

485 2902 639 2948 tanta
664 2895 743 2950 illi
774 2899 982 2953 amoris
1011 2897 1062 2950 vi
1090 2912 1150 2952 ac
1183 2897 1289 2952 ﬁde
1313 2897 1604 2952 devinctus
1638 2914 1782 2965 sum,
1815 2907 1874 2952 ut
1909 2899 1953 2954 si
1979 2913 2076 2968 per

487 2986 822 3042 eminentem
854 2987 1088 3042 Romani
1126 2988 1343 3057 imperii
1402 2997 1756 3058 potestatem,
1789 3005 1885 3059 per
1906 2993 2072 3061 quam

489 3077 728 3133 subditis
763 3077 919 3135 nefas
959 3079 1106 3134 bello
1138 3078 1373 3134 invicem
1401 3080 1693 3147 lacessere,
1728 3081 1929 3135 bellum
1959 3096 2077 3134 mo-

488 3186 619 3227 vere
648 3171 862 3236 liceret,
910 3172 966 3226 in
1005 3171 1227 3231 Iudaeos
1263 3173 1424 3240 forte,
1458 3176 1551 3246 qui
1584 3173 1819 3229 Domino
1857 3189 2078 3229 crucem

489 3275 819 3336 posuerunt,
852 3279 1006 3320 arma
1050 3267 1368 3333 morissem,
1417 3266 1663 3338 mihique
1715 3267 2080 3337 subegissem.

489 3356 649 3412 Nunc
687 3365 870 3412 autem
903 3358 1051 3428 quod
1096 3367 1152 3414 et
1198 3365 1430 3414 mortem
1471 3367 1665 3430 sponte
1710 3357 1952 3414 subiisse
1981 3357 2084 3414 do-

491 3463 643 3515 ceor,
672 3462 736 3504 ac
772 3457 958 3506 certus
997 3465 1122 3505 sum
1162 3449 1283 3508 fore
1332 3459 1414 3516 ut,
1453 3450 1562 3506 nisi
1609 3451 1898 3518 voluisset,
1941 3468 2086 3507 nun-

491 3555 657 3610 quam
711 3541 817 3596 sibi
869 3539 1125 3612 improha
1173 3543 1337 3597 turba
1381 3542 1704 3614 subjiceret,
1755 3543 1891 3598 nihil
1935 3544 2083 3598 ultra

491 3647 682 3702 quaero
704 3647 770 3688 ac
800 3632 1044 3704 disputo.
1072 3633 1262 3689 Solum
1289 3635 1480 3692 divino
1505 3635 1839 3706 baptismate
1862 3635 2083 3692 lustrari

491 3741 646 3798 rogo,
695 3741 760 3781 ae
801 3741 926 3782 cum
972 3734 1087 3782 tota
1130 3729 1340 3784 familia
1389 3727 1602 3784 Christi
1652 3728 2084 3786 necessitudinis

489 3818 616 3887 jura
641 3817 820 3884 obire,
844 3832 1044 3889 meque
1088 3819 1166 3874 illi
1213 3818 1486 3876 addicere.
1521 3819 1705 3878 Multis
1736 3822 1923 3891 itaque
1959 3829 2088 3877 ante

492 3908 726 3979 patratis
785 3908 1093 3974 miraculis,
1133 3910 1466 3982 cunctisque
1506 3912 1712 3980 quibus
1757 3911 2088 3968 laborabant

494 3997 920 4069 egritudinibus
950 3999 1186 4067 sanatis,
1221 3999 1279 4054 in
1313 4000 1538 4069 quibus,
1573 4000 1666 4070 qui
1696 4001 1943 4072 proxime
1974 4001 2089 4058 AI-

499 4103 688 4160 garum
741 4087 996 4145 claritate
1050 4105 1116 4144 ac
1166 4091 1413 4160 potentia
1464 4091 1734 4149 attinebat
1777 4093 1914 4165 (ιο),
1969 4093 2088 4166 ipse

496 4193 722 4252 quoque
752 4180 994 4253 podagra
1039 4195 1149 4252 qua
1188 4179 1497 4250 lab'orabat,
1544 4190 1794 4250 sanatus,
1840 4187 2088 4243 muneris

496 4286 682 4343 praeco
704 4279 865 4340 erat;
889 4287 1016 4328 cum
1037 4280 1292 4331 curasset
1312 4272 1521 4330 Christi
1551 4276 1859 4344 apostolus,
1886 4276 2088 4332 divinae

2178 1803 2206 1854 ὁ
2235 1798 2494 1861 Θαδδαῖος
2524 1797 2614 1850 τὸν
2650 1797 2844 1866 καιρὸν
2874 1796 2973 1865 τῆς
3008 1794 3248 1864 ἀγωνίας
3279 1793 3491 1864 ἐδήλου,
3522 1795 3617 1846 καὶ
3663 1794 3769 1864 τὴν

2177 1895 2242 1945 ἐκ
2289 1892 2399 1944 τῶν
2450 1889 2693 1960 ἱδρώτων
2736 1889 3158 1960 ἀχρωμάτιστον
3186 1887 3488 1958 μόρφωσιν.
3526 1887 3637 1939 Καὶ
3665 1885 3764 1956 τὴν

2177 1985 2276 2055 τῆς
2296 1982 2533 2053 ἀφίξεως
2582 1982 2718 2052 πρὸς
2767 1982 2929 2035 αὑτὸν
2983 1980 3190 2050 Κυρίου
3220 1979 3530 2049 εἰσήγησιν,
3568 1979 3659 2030 καὶ
3691 1978 3766 2030 τὰ

2179 2073 2313 2128 ἄλλα
2336 2075 2436 2127 ὅσα
2463 2074 2526 2127 τὸ
2555 2072 2769 2142 φθάσαν
2795 2073 2894 2142 τῆς
2927 2071 3170 2138 ἱστορίας
3204 2070 3496 2141 ἐδήλωσεν.

2251 2163 2349 2219 ιΔν.
2396 2165 2483 2228 Ὠς
2537 2161 2632 2219 οῦν
2686 2163 2798 2217 ἀπό
2835 2181 2894 2218 τε
2928 2163 3032 2234 τῆς
3063 2164 3122 2216 ὲν
3165 2161 3244 2232 τῷ
3296 2161 3528 2231 ὀνόματι
3586 2160 3774 2232 Ἰησοῦ

2177 2255 2418 2328 Χριστοῦ
2447 2255 2747 2319 ἐπιθέσεως
2769 2253 2878 2309 τῶν
2903 2255 3106 2328 χειρῶν
3138 2253 3238 2307 τοῦ
3261 2249 3524 2306 Θαδδαίου
3560 2251 3628 2306 τά
3670 2249 3771 2305 λυ-

2178 2345 2387 2402 ποῦντά
2437 2363 2497 2400 τε
2565 2345 2930 2410 ὑπεξίστατο,
2987 2346 3081 2398 καὶ
3127 2346 3198 2399 τά
3244 2347 3556 2416 παρειμένα
3602 2345 3772 2398 οἱονεὶ

2179 2439 2595 2507 συνεσφίγγετο,
2653 2437 2750 2493 καί
2800 2437 2834 2506 ἡ
2884 2436 3135 2506 ἀμορφία
3181 2435 3624 2501 διεσκεδάννυτο,
3671 2436 3771 2490 καὶ

2179 2531 2357 2584 πάντα
2385 2530 2522 2599 πρὸς
2562 2528 2752 2597 ὑγείαν
2777 2527 2988 2598 ἔτρεχε,
3019 2527 3098 2598 τῷ
3129 2528 3470 2599 πανταχόθεν
3499 2528 3702 2598 θάμϐει
3737 2529 3770 2581 ό

2177 2622 2428 2693 Ali-rapo;
2459 2621 2837 2691 συνεχόμενος,
2864 2619 2984 2672 Ἐπ’
3012 2619 3290 2689 ἀληθείας,
3317 2619 3685 2689 ἔφη,ιγνήσιος
3715 2613 3772 2670 εἴ

2180 2714 2429 2787 μαθητὴς
2477 2712 2652 2783 Ἰησοῦ
2671 2711 2768 2766 τοῦ
2794 2712 2928 2766 Υίοῦ
2954 2711 3048 2765 τοῦ
3081 2711 3240 2772 Θεοῦ.
3265 2710 3361 2764 τοῦ
3390 2710 3514 2782 δίχα
3539 2709 3770 2781 φαρμάο

2179 2823 2291 2860 κων
2324 2805 2418 2858 καὶ
2461 2803 2705 2873 βοτανῶν
2747 2801 3168 2874 θεραπεύοντος.
3202 2801 3313 2854 Καὶ
3353 2799 3466 2868 ἐγὼ
3514 2798 3773 2854 τοσοῦτον

2176 2901 2244 2969 τῇ
2283 2899 2413 2969 περὶ
2440 2897 2606 2950 αὑτὸν
2660 2897 2864 2968 στοργῇ
2889 2897 2983 2949 καὶ
3012 2895 3194 2948 πίστει
3246 2891 3588 2962 συνδέδεμαι,
3627 2890 3770 2944 ὥστε

2179 2993 2229 3045 εἰ
2265 2991 2344 3063 μὴ
2372 2990 2597 3046 ἐδεδίειν
2624 2991 2684 3044 τὸ
2722 2990 2990 3060 ὑπερέχον
3011 2988 3114 3056 τῆς
3144 2985 3253 3040 τῶν
3286 2984 3575 3056 Ῥωμαίων
3605 2983 3772 3038 δυνά-

2187 3101 2356 3155 μεως,
2387 3085 2440 3137 οἳ
2463 3084 2590 3146 τοὺς
2625 3083 2730 3137 ὑπδ
2757 3083 2897 3152 σφᾶς
2925 3081 3026 3134 οὑκ
3054 3079 3340 3151 ἀνέχονται
3370 3078 3494 3132 κατ’
3521 3076 3769 3148 ἀλλήλων

2183 3174 2522 3240 ὁπλίζεσθαι,
2547 3174 2691 3244 τάχα
2717 3173 2785 3228 ἂν
2820 3172 2961 3226 κατὰ
3019 3170 3130 3226 τῶν
3189 3168 3628 3241 παυρωσάντων
3677 3165 3770 3220 τὸν

2185 3265 2395 3333 Κύριον
2431 3261 2702 3316 Ἰουδαίων
2741 3260 2882 3315 ὅπλα
2916 3259 3166 3330 ἒκίνησα,
3200 3257 3294 3312 καὶ
3331 3255 3766 3327 παρεπησάμην

2185 3356 2402 3420 αὑτούς.
2439 3355 2552 3410 Νῦν
2580 3354 2639 3409 δὲ
2667 3354 2789 3408 ἐπεὶ
2827 3352 3014 3406 καὶτὸ
3049 3350 3221 3414 πάθος
3267 3348 3436 3404 αὑτοῦ
3483 3345 3771 3418 ἐδιδάχθην

2187 3447 2455 3511 ἑκούσιον,
2478 3445 2571 3498 καὶ
2602 3444 2906 3513 πέπεισμαι
2933 3441 3009 3505 ὡς
3034 3439 3134 3494 οὑκ
3167 3439 3255 3504 ἂν,
3294 3437 3370 3510 μὴ
3420 3437 3774 3508 βουληθέντος

2186 3532 2386 3601 αὑτοῦ,
2411 3532 2750 3603 κατίσχυσαν
2770 3531 2822 3583 ot
2871 3527 3188 3599 ἀγνώμονες
3228 3528 3349 3580 κατ’
3385 3523 3573 3588 αὑτοῦ,
3615 3525 3773 3578 οὐδὲν

2187 3624 2796 3699 προσπεριεργάζομαι.
2823 3622 3027 3689 Δέομαι
3059 3621 3116 3674 δὲ
3137 3620 3232 3675 καὶ
3258 3618 3354 3673 τοῦ
3387 3618 3535 3673 θείου
3571 3617 3771 3687 βαπτί-

2189 3735 2397 3792 σματος
2453 3717 2782 3788 ἀξιωθῆναι,
2825 3714 2924 3769 καὶ
2974 3711 3197 3767 πανοικὶ
3255 3708 3774 3783 προσοικειωθῆναι,

2189 3814 2286 3868 καὶ
2332 3809 2618 3867 ἀναθεῖναι
2664 3806 2746 3878 τῷ
2795 3803 3041 3875 Δεσπότῃ
3093 3799 3337 3872 Χριστῷ.
3377 3797 3558 3852 Πολλά
3592 3798 3779 3852 τοίνυν

2189 3903 2514 3967 ἐπιτελέσας
2539 3900 2795 3971 θαύματα
2821 3896 3090 3969 πρότερον
3117 3895 3146 3948 ό
3172 3891 3270 3946 τοῦ
3295 3890 3502 3962 Κυρίου
3533 3889 3778 3944 ἀπόστο·

2189 4000 2301 4063 λος,
2335 3997 2433 4052 καὶ
2463 3995 2673 4057 πάντας
2703 3989 2813 4046 ἀπὸ
2837 3991 2946 4044 τῶν
2977 3987 3150 4042 νόσων
3164 3983 3344 4039 αὑτῶν
3369 3983 3689 4052 ἰασάμενος,
3720 3981 3781 4034 ιν

2188 4081 2270 4151 οἷς
2298 4081 2369 4157 ἦν
2396 4083 2490 4138 καὶ
2512 4083 2542 4135 ό
2567 4079 2785 4153 πρῶτος
2826 4077 2926 4148 τὴν
2973 4075 3103 4147 περὶ
3151 4072 3316 4130 αὑτοῦ
3343 4073 3532 4143 φήμην
3563 4069 3642 4138 τῷ
3664 4070 3780 4122 Δὺη

2190 4179 2346 4250 γάρῳ
2382 4173 2715 4243 ἀνενεγκὼν,
2746 4171 2806 4226 ὃν
2837 4165 3166 4237 ποδαλγικοῦ
3190 4165 3518 4236 παθήματος
3545 4161 3780 4234 ἡλευθὲ·

2193 4285 2358 4343 ρωσε,
2387 4268 2710 4338 προσήγαγε
2724 4266 2792 4334 τῇ
2809 4261 2933 4332 θείᾳ
2967 4257 3333 4330 κολυμϐήθρᾳ
3368 4255 3460 4308 τὸν
3488 4251 3774 4343 Αὑγαρον.

495 4341 780 4437 Ᾰυεατυω
804 4366 1034 4437 piscinae
1056 4367 1300 4424 admovit
1328 4387 1343 4424 :
1380 4341 1751 4441 legitimisque
1784 4341 1936 4426 ineo
1957 4383 2079 4440 per-

2191 4341 2302 4419 Καὶ
2330 4361 2399 4416 τά
2422 4354 2886 4430 νενομισμέναὲπ’
2909 4351 3058 4423 αὑτῷ
3086 4347 3337 4413 τελέσας,
3359 4345 3654 4401 ἐϐάπτισεν
3674 4341 3783 4446 αὑο

500 4459 662 4526 actis,
695 4460 876 4530 ipsum
904 4474 970 4515 ac
997 4474 1228 4516 uxorem
1273 4460 1588 4533 liberosque
1613 4478 1736 4518 cum
1771 4470 1886 4518 tota
1927 4460 2090 4517 fami-

496 4553 572 4605 lia
601 4551 794 4619 tinxit;
836 4552 1084 4622 exiitque
1135 4567 1166 4608 e
1194 4551 1380 4608 divina
1420 4553 1523 4610 hac
1561 4553 1892 4626 expiationis
1932 4551 2082 4607 unda

500 4643 744 4700 mundus
800 4653 950 4701 totus
1005 4659 1068 4701 ac
1128 4659 1321 4713 sanus,
1385 4647 1537 4718 lepra
1592 4653 1818 4718 repente
1861 4645 2088 4711 abolita,

500 4737 681 4806 iisque
700 4736 834 4807 ipsis
860 4738 1052 4808 paucis
1080 4738 1347 4810 reliquiis,
1367 4739 1567 4809 quibus
1592 4739 1696 4794 viri
1721 4739 1870 4793 frons
1906 4736 2089 4793 inusta

500 4828 841 4898 perstiterat.
1162 4826 1165 4829 ’

574 5014 693 5072 XV.
736 5013 877 5072 Hinc
904 5016 1105 5071 factum
1142 5023 1202 5070 ut
1239 5016 1486 5088 regulus,
1517 5015 1614 5084 qui
1634 5013 1758 5084 ejus
1789 5010 2090 5068 Dominicat

504 5105 694 5177 etiigiei
729 5121 792 5160 ac
818 5105 1010 5162 formae
1041 5107 1219 5162 modis
1249 5106 1510 5161 omnibus
1545 5112 1834 5161 venerator
1875 5103 2087 5158 cultor-

502 5215 610 5270 que
643 5200 956 5264 exsisteret,
991 5201 1091 5254 hoc
1126 5213 1348 5270 quoque
1390 5199 1457 5253 ad
1497 5197 1660 5252 aliam
1702 5197 1824 5266 ejus
1858 5195 2088 5265 religio-

503 5309 628 5350 nem
656 5293 938 5363 adjiceret.
971 5292 1198 5362 Nempe,
1235 5291 1478 5360 antiquis
1504 5289 1724 5345 Edessae
1754 5287 1967 5342 civibus
2002 5286 2088 5340 dei

503 5385 794 5455 cujusdam
825 5383 1155 5440 Graecanica:
1181 5381 1594 5453 superstitionis
1630 5386 1832 5445 statua,
1859 5392 1960 5448 pro
1988 5392 2093 5448 pu-

503 5479 648 5534 blica
676 5477 828 5534 urbis
869 5485 1024 5547 porta
1065 5483 1248 5532 erecta
1293 5483 1435 5540 erat,
1480 5472 1571 5528 cui
1615 5484 1846 5527 necesse
1883 5469 2092 5525 cultum

2191 4456 2285 4511 τόν
2302 4472 2363 4509 τε
2381 4453 2477 4508 καὶ
2501 4453 2602 4524 τὴν
2634 4449 2871 4521 γυναῖκα
2889 4446 2985 4500 καὶ
2999 4443 3071 4498 τά
3100 4444 3286 4507 τέκνα,
3306 4440 3400 4495 καὶ
3417 4439 3629 4511 πάντας
3648 4436 3784 4496 τοὺς

2191 4549 2330 4620 ὲνξτῇ
2356 4546 2505 4617 οἰκίᾳ
2533 4541 2721 4599 αὑτοῦ.
2753 4541 2865 4596 Καὶ
2889 4535 3114 4609 ἐξῆλθεν
3136 4534 3248 4588 ἀπὸ
3281 4532 3375 4586 τοῦ
3402 4529 3552 4620 θείου
3579 4525 3782 4620 τούτου

2190 4615 2657 4706 της-’καθάρσεως
2702 4628 2918 4692 ὓδατος,
2978 4623 3220 4696 καθαρὸς
3269 4622 3392 4686 ὅλος
3443 4619 3539 4673 καὶ
3587 4615 3778 4706 ὑγιὴς,

2192 4703 2585 4796 ἀφανισθέντος
2616 4720 2831 4791 ἀθρόως
2863 4716 2960 4772 καὶ
2988 4714 3084 4769 τοῦ
3126 4709 3547 4780 ὑπολειφθέντος
3575 4703 3784 4776 μικροῦ

2193 4816 2449 4886 λειψάνου
2479 4813 2578 4884 τῆς
2604 4811 2816 4880 λέπρας
2842 4809 2900 4861 ἐν
2931 4806 3010 4877 τῷ
3043 4803 3282 4876 μετώπῳ
3306 4798 3494 4856 αὑτοῦ.

2266 5000 2369 5055 ιε’.
2408 4996 2689 5053 Ἐντεῦθεν
2723 4995 2942 5054 πάντως
2991 4988 3168 5059 τιμῶν
3225 4985 3321 5039 καὶ
3379 4983 3672 5054 σεϐόμενος
3721 4979 3787 5032 τὸ

2191 5096 2432 5152 τοιοῦτον
2467 5091 2722 5165 ὁμοίωμα
2767 5088 2867 5158 τῆς
2896 5084 2992 5139 τοῦ
3017 5082 3222 5154 Κυρίου
3245 5078 3491 5152 μορφῆς,·
3509 5075 3610 5130 καὶ
3627 5072 3791 5126 τοῦτο

2192 5191 2304 5254 τοῖς
2332 5188 2513 5250 ἄλλοις
2533 5188 2561 5240 ὁ
2589 5184 2873 5255 τοπάρχης
2901 5177 3268 5250 προσέθηκεν.
3289 5175 3384 5228 Ἐκ
3401 5170 3513 5225 τῶν
3538 5166 3790 5222 παλαιῶν

2203 5283 2302 5353 τῆς
2345 5280 2606 5349 Ἐδέσσης
2647 5273 2882 5330 πολιτῶν
2913 5288 2974 5324 τε
3008 5270 3104 5324 καὶ
3152 5265 3410 5322 οἰκιστῶν
3439 5261 3548 5316 τῶν
3590 5259 3780 5328 ἐπισή-

2207 5350 2324 5447 μῴν
2379 5374 2522 5436 τινὸς
2551 5370 2656 5445 [δὲ]
2703 5365 3035 5438 Ἑλληνικῶν
3056 5363 3196 5418 θεῶν
3253 5357 3478 5428 ἄγαλμα
3525 5352 3634 5447 πρὸ
3667 5350 3791 5447 Δτῆς

2203 5438 2471 5541 δημοσίας
2510 5438 2688 5532 πὺλης
2716 5461 2816 5532 τῆς
2861 5459 3070 5520 πόλεως
3118 5451 3464 5522 ἀνεστήλωτο
3487 5486 3502 5512 ,
3533 5438 3582 5514 ᾧ
3609 5444 3796 5500 πάντα

2021 5645 2254 5704 NOTAE.

579 5758 694 5826 (l0)
729 5758 935 5820 Potius,
976 5759 1064 5821 qui
1100 5757 1308 5820 primus
1340 5756 1537 5811 famam
1571 5753 1637 5808 dc
1674 5753 1766 5808 illo
1807 5751 1871 5806 ad
1910 5749 2184 5818 Angarum
2227 5742 2502 5797 attulerat.
