4050 6444
255 375 368 446 437

1286 378 1682 442 NARRATIO
1712 379 1810 438 DE
1851 373 2178 438 IMAGINE
2219 376 2630 438 EDESSENA.

3419 383 3525 443 438

248 496 344 547 τὸν
367 495 518 557 ἐντὸς
544 491 638 548 τοῦ
666 494 860 557 ἄστεος
883 495 1139 562 γενέσθαι
1171 495 1514 564 βουλόμενον,
1545 495 1845 563 ἀναγκαῖον

1955 493 2234 556 adhibere,
2260 494 2510 562 quisquis
2539 495 2758 548 demum
2789 493 2843 548 in
2880 495 3068 550 urbem
3101 496 3310 568 ingrcdi
3343 501 3522 568 vellet,

248 583 318 658 ἦν
351 587 754 657 προσκυνῆσαι,
787 586 882 639 καὶ
914 587 1307 656 νενομισμένας
1335 587 1486 649 τινὰς
1517 585 1679 656 εὐχὰς
1705 586 1842 636 ἁπο-

251 676 469 740 δοῦναι,
503 677 600 758 καί
625 676 802 739 οὕτως
843 674 1063 746 ἔχεσθαι
1099 678 1206 729 τῶν
1245 679 1304 730 ἐν
1346 680 1412 748 τῇ
1443 677 1596 730 πόλει
1627 676 1760 729 ὁδῶν
1783 693 1842 727 τε

250 771 347 826 καὶ
375 770 614 835 ἀγυιῶν.
651 767 827 822 Τοῦτο
857 765 953 823 οὖν
981 771 1102 824 τότε
1132 773 1162 824 6
1190 769 1438 840 Αῦγαρος
1462 767 1724 832 καθελὼν,
1753 767 1845 821 καὶ

249 863 552 932 ἀφανισμῷ
615 863 930 932 παραδοὺς,
969 866 1049 926 εἰς
1087 863 1180 917 τὸν
1202 863 1306 932 τῆς
1339 862 1549 915 ἐκείνου
1603 861 1844 922 στάσεως

249 957 435 1014 τόπον,
463 953 564 1024 τὴν
593 953 1026 1025 ἀχειροποίητον
1055 956 1259 1024 ταύτην
1299 953 1487 1007 εἰκόνα
1515 951 1610 1005 τοῦ
1639 952 1842 1020 Κυρίου

251 1047 411 1116 ἡμῶν
455 1045 635 1116 Ἰησοῦ
663 1045 902 1116 Χριστοῦ
930 1046 1023 1098 ἐπὶ
1067 1045 1277 1110 σανίδος
1311 1044 1593 1115 κολλήσας,
1625 1043 1717 1096 καὶ
1755 1043 1842 1094 διὰ

251 1136 342 1189 τοῦ
365 1135 468 1188 νῦν
513 1136 852 1204 φαινομένου
882 1137 1086 1206 χρυσοῦ
1119 1136 1490 1201 καλλωπίσας,
1525 1134 1840 1202 ἀνέστησεν,

256 1229 565 1299 ἐπιγράψας
593 1231 652 1281 ἐν
684 1229 764 1300 τῷ
792 1228 978 1300 χρυσῷ
999 1230 1168 1283 ταῦτα
1199 1230 1268 1284 τὰ
1298 1230 1539 1300 ῥήματαο
1567 1227 1784 1295 Χριστέ
1811 1229 1843 1279 ό

263 1321 420 1385 Θεὸς,
435 1322 571 1386 delc
599 1320 676 1373 σὲ
687 1318 948 1378 ἐλπίζων
959 1323 1070 1374 οὐκ
1088 1317 1490 1388 ἀποτυγχάνει
1506 1317 1670 1370 ποτέ.
1691 1315 1844 1370 Ἐθέ-

261 1411 414 1462 σπισὲ
440 1427 499 1462 τε
533 1410 716 1462 πάντα
748 1410 842 1463 τὸν
872 1410 962 1464 διὰ
1014 1410 1116 1480 τῆς
1167 1409 1344 1480 πύλης
1389 1408 1603 1480 ἐκείνης
1633 1409 1842 1478 διέρχε-

263 1505 384 1555 σθαι
429 1501 711 1571 μέλλοντα,
743 1501 868 1554 ἀντὶ
895 1501 992 1572 τῆς
1021 1501 1255 1564 παλαιᾶς
1288 1501 1503 1572 ἐκείνης
1527 1499 1726 1570 στήλης
1743 1499 1844 1568 τῆς

263 1594 544 1663 ἀχρήστου
585 1593 675 1646 καὶ
719 1593 1059 1661 ἀνωφελοῦς,
1092 1593 1152 1646 τὸ
1189 1594 1465 1662 προσῆκον
1520 1591 1705 1654 σέϐας.
1749 1592 1844 1643 καὶ

268 1686 373 1756 τὴν
404 1683 750 1755 ὀφειλομένην
784 1684 1158 1755 προσκύνησιν
1187 1687 1284 1739 καὶ
1323 1684 1424 1754 τὴν
1448 1683 1614 1754 τιμὴν
1643 1681 1840 1736 ἀπονέ-

1946 593 2201 656 certaque
2247 586 2544 640 simulacro
2592 595 2716 640 vota
2768 585 3017 652 reddere,
3072 602 3134 642 ac
3199 596 3312 643 tum
3356 591 3528 648 libero

1946 674 2094 729 aditu
2142 677 2294 731 urbis
2331 677 2480 731 vicos
2529 677 2850 747 plateasque
2905 692 3248 747 percurrere.
3297 680 3529 736 Sustulit

1947 770 2131 837 itaque
2156 785 2273 824 cam
2304 771 2558 840 Augarus
2604 786 2669 826 ac
2703 771 2964 835 abolevit,
3003 773 3169 842 inque
3215 773 3336 843 ejus
3382 777 3529 830 basis

1945 861 2065 915 loco
2114 861 2182 915 ad
2231 875 2471 917 asserem
2505 861 2719 932 glutino
2772 873 3114 932 compactam
3167 865 3376 920 hancce
3418 880 3526 919 non

1947 952 2312 1006 manufaetam
2350 951 2560 1006 Domini
2591 955 2764 1008 nostri
2801 953 2931 1008 Jesu
2975 953 3176 1008 Christi
3210 955 3523 1025 imaginem,

1947 1061 2054 1114 quo
2086 1060 2232 1099 nunc
2268 1061 2400 1099 auro
2429 1031 2728 1116 conspicua
2759 1053 2843 1100 est
2872 1047 3084 1117 egregie
3116 1055 3390 1112 ornatam,
3421 1058 3530 1102 sta-

1945 1136 2071 1197 tuit,
2113 1135 2198 1189 his
2240 1135 2315 1190 illi
2351 1150 2487 1190 auro
2538 1135 2821 1206 inscriptis
2857 1138 3078 1192 verbis:
3117 1137 3322 1192 Christe
3368 1139 3526 1203 Deus,

1944 1229 2034 1296 qui
2084 1228 2138 1281 in
2199 1235 2245 1282 te
2283 1239 2484 1297 sperat,
2531 1244 2802 1297 nunquam
2857 1239 2974 1284 uoto
3030 1229 3320 1298 frustratus
3373 1233 3527 1286 abit:

1949 1316 2265 1387 sanxitque,
2297 1325 2357 1371 ut
2381 1318 2639 1389 quisquis
2667 1332 2764 1388 per
2794 1332 2915 1374 eam
2945 1326 3159 1389 portam
3187 1322 3528 1378 transiturus

1945 1419 2111 1476 esset,
2137 1425 2236 1480 pro
2263 1409 2432 1465 veteri
2462 1410 2555 1464 illo
2596 1409 2802 1466 nullius
2843 1410 3017 1479 frugis
3049 1413 3344 1467 simulacro
3372 1429 3528 1483 pror-

1947 1514 2153 1569 susque
2182 1499 2390 1562 inutili,
2412 1501 2832 1555 convenientem
2861 1499 3070 1554 cultum
3095 1511 3258 1571 atque
3287 1502 3527 1558 debitam

1948 1591 2322 1646 adorationcm
2356 1590 2754 1661 honoremque,
2805 1593 3094 1662 multiplici
3148 1594 3310 1648 titulo
3356 1595 3531 1649 admi-

1947 1682 2132 1736 randae
2155 1681 2549 1735 miraculorum
2574 1680 2836 1737 ell'ectrici
2861 1682 3066 1736 Christi
3094 1683 3316 1753 imagini
3343 1685 3532 1739 redde-

286 1793 404 1845 μειν
439 1778 502 1845 τῇ
543 1776 979 1846 ¹ιιιολυθαυμάστῳ
1014 1774 1415 1849 θαυματουργῷ
1461 1774 1556 1827 τοῦ
1603 1772 1841 1844 Χριστοῦ

1953 1780 2052 1837 ret,
2078 1771 2267 1840 sicque
2296 1770 2557 1826 Edessam
2593 1771 2780 1826 urbem
2815 1773 3024 1828 amicus
3049 1773 3248 1844 hospes
3279 1776 3527 1829 intraret.

278 1831 586 1931 elatéw,"1ta1
618 1831 798 1930 οὕτως
836 1831 1044 1936 είς
1103 1831 1260 1920 πόλιν
1296 1831 1550 1934 δέδέσσης
1605 1831 1844 1933 εἰσέρχε-

1953 1861 2286 1932 Duravitque
2313 1862 2535 1932 pietatis
2560 1863 2662 1916 viri
2688 1873 3106 1919 monumentum
3140 1866 3244 1920 hoe
3276 1881 3340 1920 ac
3373 1882 3532 1922 sacra

269 1956 405 2010 σθαι.
436 1957 551 2011 Καὶ
600 1956 898 2028 διετηρήθη
931 1954 1173 2010 τοιοῦτον
1202 1955 1303 2025 τῆς
1334 1955 1425 2007 τοῦ
1459 1953 1648 2022 ἀνδρὸς
1691 1953 1844 2006 εύσεο

264 2047 409 2110 ϐείας
448 2041 565 2101 οἷον
597 2047 975 2118 προχάραγμα
1005 2047 1099 2099 καὶ
1125 2047 1418 2115 ἀνάθημα,
1455 2037 1733 2116 μέχριξτῆς
1787 2043 1845 2096 ἐν

265 2138 338 2209 τῷ
381 2137 479 2209 βίῳ
529 2138 827 2209 παροικίας
855 2137 1022 2190 αὑτοῦ
1067 2153 1130 2190 τε
1165 2136 1261 2190 τοῦ
1295 2135 1570 2206 Αὐγάρου,
1609 2135 1701 2187 καὶ
1748 2133 1845 2187 τοῦ

263 2229 444 2282 τούτου
477 2228 623 2294 υἱοῦ,
654 2228 712 2292 δς
741 2227 842 2297 τῆς
875 2227 1156 2298 βασιλείας
1189 2227 1280 2280 καὶ
1305 2227 1406 2296 τῆς
1436 2225 1719 2288 εὐσεϐείας
1743 2225 1844 2294 τῆς

255 2317 536 2392 πατρικῆς
580 2320 822 2390 κατέστη
855 2319 1122 2388 διάδοχος.
1165 2317 1302 2371 Ἀλλ’
1326 2317 1354 2369 6
1383 2316 1589 2370 τούτων
1626 2317 1738 2378 υἱός
1783 2325 1844 2368 τε

252 2413 344 2466 καὶ
372 2412 590 2476 οἰωνὸς,
624 2411 722 2479 τῆς
757 2411 855 2480 μὲν
910 2409 1176 2480 πατρῴας
1228 2408 1322 2461 καὶ
1361 2405 1638 2477 παππῴας
1673 2407 1845 2478 ἀρχῆς

250 2502 496 2573 διάδοχος
527 2504 775 2571 γέγονεν,
806 2504 868 2555 οὐ
902 2503 1010 2573 μὴν
1044 2503 1139 2555 καὶ
1171 2503 1272 2572 τῆς
1314 2500 1601 2563 εὐσεϐείας
1647 2501 1844 2570 κληρο-

249 2597 415 2667 νόμος
461 2596 724 2663 ἐγένετοσ
779 2595 896 2650 ἀλλ’
953 2595 1342 2660 ἀπελάκτισεν,
1370 2593 1445 2657 ὡς
1487 2595 1696 2656 εἰπεῖν,
1747 2592 1846 2662 τὴν

248 2687 575 2752 εὐσέϐειαν,
606 2688 703 2740 καὶ
738 2688 874 2757 πρὸς
919 2687 1045 2749 τοὺς
1091 2686 1375 2756 δαίμονας,
1410 2687 1504 2739 καὶ
1538 2687 1606 2739 τὰ
1651 2686 1848 2740 εἴδωλα

247 2779 617 2850 αὐτομόλησε.
652 2779 744 2832 Διὸ
775 2779 870 2832 καὶ
903 2779 1068 2831 οἱονεὶ
1095 2779 1155 2831 τὸ
1184 2778 1540 2847 ἀνταπόδομα
1567 2779 1680 2841 τοῖς
1724 2779 1844 2831 δαί-

255 2885 412 2941 μοσιν
435 2853 860 2935 ἀνταποδιδοὺς,
894 2864 1185 2940 ἐϐουλήθη,
1205 2869 1338 2923 ,ἐπεὶ
1367 2872 1398 2922 6
1431 2869 1655 2932 πάππος
1681 2869 1844 2922 αὑτοῦ

252 2963 346 3032 τὴν
365 2962 661 3032 είδωλικὴν
682 2963 902 3032 ἐκείνην
923 2961 1128 3032 στήλην
1152 2957 1450 3029 ἀφανισμῷ
1468 2959 1845 3028 παραδέδωκε,

254 3057 346 3126 τὴν
362 3055 540 3126 αὐτὴν
564 3053 868 3124 καταδίκην
894 3055 987 3108 καὶ
1019 3056 1088 3125 τῇ
1108 3052 1202 3106 τοῦ
1230 3051 1440 3123 Κυρίου
1471 3052 1639 3106 εἰκόνι
1669 3069 1846 3123 προσ-

1946 1952 2190 2015 devotio,
2253 1955 2517 2025 quamdiu
2575 1963 2686 2010 tum
2739 1955 2857 2026 ipse
2906 1957 3179 2027 Augarus,
3231 1965 3343 2011 tum
3389 1957 3533 2012 [ilius

1947 2045 2056 2098 vita
2093 2056 2379 2116 superstes
2414 2047 2550 2113 fuit;
2583 2049 2787 2118 quippe
2821 2049 2915 2118 qui
2946 2051 3159 2120 paterni
3193 2051 3343 2121 regni
3383 2051 3534 2120 pari-

1947 2148 2141 2208 terque
2176 2141 2396 2210 pietatis
2429 2154 2724 2196 successor
2750 2141 2982 2196 exstitit.
3013 2141 3217 2195 Horum
3254 2141 3531 2196 nihilomi-

1949 2245 2052 2284 nus
2084 2229 2231 2285 illius
2268 2246 2569 2301 neposque,
2622 2231 2723 2284 fuit
2771 2231 2818 2287 is
2862 2233 3082 2300 quidem
3128 2233 3300 2302 patris
3339 2233 3533 2302 avique

1948 2323 2292 2392 principatus
2327 2335 2642 2388 successor,
2674 2329 2728 2375 at
2765 2323 2900 2376 nihil
2933 2323 3126 2378 horum
3176 2325 3394 2392 pietatis
3425 2324 3535 2377 iue-

1950 2430 2058 2469 res.
2087 2413 2231 2480 Quin
2267 2415 2321 2468 in
2347 2415 2629 2483 pietatem,
2663 2419 2722 2466 ut
2752 2413 2832 2468 sic
2852 2413 3054 2480 dicam,
3090 2413 3333 2469 calcibus
3362 2415 3534 2469 insul-

1949 2507 2105 2570 tavit,
2139 2514 2302 2575 atque
2332 2505 2396 2559 ad
2428 2505 2706 2561 dannones
2734 2518 2797 2558 ac
2820 2504 3116 2558 simulacra
3141 2505 3390 2559 descivit.
3421 2503 3530 2558 Vc—

1953 2600 2032 2652 lut
2059 2599 2244 2668 itaque
2274 2597 2618 2652 daemonibus
2643 2598 2816 2666 vicem
2849 2595 3186 2659 redditurus,
3211 2596 3313 2649 hoc
3344 2610 3532 2650 secum

1951 2691 2168 2755 statuit,
2199 2697 2258 2744 ut
2296 2690 2442 2744 sicut
2489 2701 2624 2744 avus
2673 2688 3124 2758 superstitiosum
3177 2687 3531 2741 simulacrum

1951 2784 2085 2837 illud
2146 2783 2478 2848 aboleverat,
2523 2783 2604 2835 sic
2651 2782 2769 2850 ipse
2827 2779 3171 2834 Dominicam
3239 2779 3532 2848 imaginem

1950 2877 2128 2930 cidem
2168 2889 2322 2929 noxa:
2365 2873 2683 2943 subjiceret.
2726 2871 2882 2925 Haud
2922 2877 3102 2924 tamen
3134 2869 3215 2922 vir
3244 2869 3370 2923 dolo
3401 2884 3537 2924 con-

1952 2965 2151 3027 fertus.
2195 2965 2389 3034 praedae
2424 2977 2652 3032 compos
2697 2959 2925 3017 ell‘ectus
2974 2969 3078 3015 est.
3123 2957 3253 3015 Loci
3299 2973 3537 3029 namque

1950 3059 2268 3128 cpiscopus,
2303 3057 2381 3110 rei
2410 3055 2691 3125 praescius,
2719 3061 2980 3123 quantam
3011 3052 3164 3106 licuit
3197 3053 3313 3122 ipse
3339 3065 3528 3106 curam

258 3151 502 3217 αγαγετν.
561 3148 706 3201 Ἀλλ’
755 3148 856 3200 οὐκ
928 3147 1162 3217 ἐπέτυχε
1218 3145 1318 3214 τῆς
1372 3144 1543 3216 θήρας
1593 3147 1622 3198 6
1654 3145 1845 3209 δόλιος.

1954 3153 2228 3208 adhibuit.
2265 3148 2532 3218 Quodque
2573 3149 2727 3202 locus
2757 3148 2847 3202 ubi
2890 3147 3068 3216 imago
3107 3146 3374 3199 collocata
3395 3152 3532 3211 erat,

268 3241 323 3294 '0
349 3227 458 3310 γὰρ
510 3239 816 3302 ἐπίσκοπος
862 3238 957 3291 τοῦ
1019 3238 1183 3290 τόπου
1231 3235 1393 3290 τοῦτο
1433 3237 1726 3304 προγνοὺς,
1748 3236 1846 3308 τὴν

259 3332 613 3402 ἐνδεχομένην
640 3329 794 3383 ἔθετο
825 3328 1104 3399 πρόνοιαν,
1131 3327 1226 3381 καὶ
1250 3328 1372 3380 ἐπεὶ
1388 3330 1417 3382 6
1435 3329 1622 3396 τόπος,
1648 3329 1769 3381 καθ’
1785 3330 1845 3384 ὃν

261 3424 501 3478 ἀνέκειτο
531 3425 567 3494 ἡ
597 3421 1232 3491 εἰκὼν,κυλινδροειδοῦς
1262 3422 1624 3494 ἡμισφαιρίου
1657 3422 1846 3493 σχῆμα

259 3515 538 3578 διέσωσεν,
569 3513 836 3586 θρυαλίδα
866 3513 1089 3585 πρὸτῆς
1110 3513 1318 3578 εἰκόνος
1343 3513 1518 3583 ἅψας,
1554 3515 1648 3566 καὶ
1684 3515 1847 3585 κέρα-

264 3625 361 3677 μον
393 3608 629 3672 ἐπιθεὶς,
654 3603 775 3661 εἶτα
800 3605 1000 3672 ἔξωθεν
1020 3607 1218 3678 τιτάνῳ
1245 3607 1340 3660 καὶ
1376 3605 1616 3669 πλίνθοις
1649 3606 1844 3669 ὀπταῖς

261 3700 585 3771 ἀποφράξας
629 3701 692 3752 τὸ
741 3698 1017 3768 ἐμϐαδὸν,
1063 3700 1142 3762 εἰς
1185 3698 1390 3769 ὁμαλὸν
1434 3698 1757 3766 ἐπιφάνειαν
1786 3697 1846 3750 τὸ

266 3794 456 3862 τεῖχος
507 3790 800 3860 ἐπηύθυνε.
840 3790 948 3843 Kal.
990 3792 1049 3843 ἐν
1095 3788 1173 3859 τῷ
1217 3788 1292 3860 μὴ
1319 3788 1552 3858 ὁρᾶσθαι
1581 3787 1680 3858 τὴν
1713 3787 1844 3856 φθο-

271 3882 543 3954 νουμένην
555 3883 789 3955 μορφὴν,
819 3882 1030 3953 ἀπέστη
1063 3882 1160 3950 τῆς
1190 3879 1558 3952 ἐγχειρήσεως
1592 3880 1798 3942 ἐκεῖνος
1821 3879 1850 3932 6

268 3977 556 4049 δυσσεϐὴς.
590 3977 648 4031 Ὀ
685 3978 743 4031 δέ
774 3978 1016 4048 κέραμος
1042 3977 1132 4030 διὰ
1160 3974 1343 4041 τοῦτο,
1376 3969 1555 4046 οἴμαι,
1602 3973 1710 4046 πρὸ
1745 3972 1848 4042 τῆς

261 4069 472 4132 εἰκόνος
509 4067 738 4138 τεθῆναι
768 4067 904 4139 πρὸς
931 4065 1026 4121 τοῦ
1058 4065 1249 4138 ἱερέως
1277 4065 1548 4136 διῶριστο,
1570 4064 1647 4128 ὡς
1674 4065 1741 4118 ἂν
1773 4065 1848 4136 μή

265 4178 381 4214 τινα
429 4161 602 4230 σῆψιν
629 4163 695 4213 ἐκ
721 4159 818 4214 τοῦ
866 4159 977 4212 ἀπὶ»
1010 4159 1112 4230 τῆς
1138 4157 1434 4228 ὀἰκοδομῆς
1462 4152 1723 4228 εὐρῶτος,
1759 4159 1854 4212 καὶ

1951 3243 2184 3317 cylindri
2237 3243 2478 3313 speciem
2529 3241 2820 3295 referentis
2869 3237 3243 3308 hemisphaerii
3305 3235 3534 3307 ﬁguram

1952 3338 2260 3400 retinebat;
2289 3349 2523 3389 accensa
2551 3340 2678 3386 ante
2709 3331 3004 3401 imaginem
3042 3330 3292 3392 lucerna,
3324 3327 3538 3398 tegula-

1953 3444 2060 3498 que
2092 3427 2368 3494 imposita.
2402 3436 2468 3478 ac
2495 3429 2611 3476 tum
2646 3420 2856 3476 deforis
2892 3420 3046 3474 calce
3080 3415 3365 3487 coctisque
3400 3418 3538 3471 late-

1954 3519 2112 3574 ribus
2143 3518 2432 3572 obstructo
2470 3515 2578 3569 ioci
2619 3513 2854 3576 ambitu,
2885 3511 3156 3582 quidquid
3185 3509 3304 3578 eius
3334 3517 3453 3564 erat
3480 3508 3537 3562 in

1930 3609 2172 3692 [planam
2199 3605 2546 3677 sitpertioiem
2581 3603 2815 3672 redegit,
2839 3609 3139 3672 ereptaque
3159 3599 3340 3654 oculis
3363 3597 3538 3653 forma

1955 3699 2175 3757 invidias
2207 3699 2412 3762 habita,
2446 3711 2476 3750 ι
2506 3695 2744 3751 consilio
2773 3707 2839 3748 ac
2872 3691 3158 3746 molitione
3188 3691 3392 3758 impius
3433 3688 3536 3742 ho-

1956 3808 2048 3848 mo
2069 3791 2304 3848 absdtit.
2331 3788 2460 3845 Ideo
2485 3795 2696 3854 autem,
2729 3795 2790 3842 ut
2811 3783 3076 3848 arbitror,
3098 3787 3226 3836 ante
3249 3778 3538 3850 imaginem

1957 3893 2095 3940 testa
2123 3881 2397 3940 sacerdoti
2430 3881 2701 3938 collocata
2737 3888 2843 3945 est,
2883 3890 2955 3934 ne
2981 3891 3052 3932 ex
3091 3873 3201 3931 situ
3239 3870 3460 3928 aedilicii
3487 3879 3542 3927 et

1954 3977 2125 4035 calcis
2159 3978 2411 4040 humore,
2441 3974 2530 4030 cui
2563 3973 2836 4042 impressa
2873 3970 3058 4042 imago
3090 3968 3320 4024 linteum
3352 3971 3541 4034 putre-

1953 4069 2104 4126 dinis
2129 4067 2334 4139 aliquid
2368 4063 2752 4132 contraheret,
2795 4075 2861 4119 ac
2888 4075 2989 4133 per
3017 4060 3297 4131 longiores
3325 4065 3542 4126 tempo-

1963 4161 2041 4215 ris
2071 4175 2253 4216 moras
2275 4159 2538 4215 damnum
2566 4157 2863 4228 acciperet.

261 4260 359 4330 τῆς
388 4262 454 4313 ἐκ
484 4258 582 4312 τοῦ
611 4258 826 4312 τιτάνου
855 4255 1058 4319 νοτίδος
1088 4254 1407 4324 ἐγγενέσθαι
1439 4255 1496 4306 ἐν
1533 4253 1611 4325 τῷ
1653 4253 1909 4325 ὑποδοχεῑ
1937 4257 2039 4327 τῆς
2074 4258 2302 4321 εἰκόνος,
2335 4257 2429 4310 καὶ
2457 4255 2558 4326 τὴν
2579 4254 2646 4307 ἐκ
2705 4249 2804 4306 τοῦ
2861 4249 3057 4322 χρόνον
3099 4243 3309 4318 βλάϐην
3375 4259 3546 4316 προσ-

261 4352 501 4420 δέξηται.

333 4443 453 4512 tq'.
491 4444 688 4514 Ἐρῤει
725 4441 903 4496 τοίνυν
930 4443 959 4495 6
986 4441 1178 4513 χρόνος
1202 4439 1291 4494 διὰ
1323 4438 1490 4511 μέσου
1537 4440 1725 4504 πολὺς,
1766 4440 1849 4496 καὶ

2035 4435 2174 4490 XVI.
2213 4435 2446 4489 Multum
2493 4431 2714 4487 interim
2760 4429 3025 4498 temporis
3067 4435 3336 4479 annorum
3381 4423 3541 4496 longa

263 4538 360 4607 τῆς
386 4535 448 4599 ἐξ
471 4533 780 4604 ἀνθρώπων
805 4534 1027 4604 μνήμης
1055 4534 1310 4605 ἀπερρύη
1343 4532 1435 4586 καὶ
1467 4533 1498 4602 ἡ
1540 4531 1857 4604 ἀναστήλω-

270 4649 353 4694 σις
387 4631 494 4701 τῆς
526 4630 681 4702 ἱερᾶς
708 4629 914 4700 ταύτης
941 4629 1170 4694 εἰκόνος,
1206 4627 1302 4681 καὶ
1326 4628 1360 4697 ἡ
1394 4626 1725 4697 ἅπόκρυψις.
1769 4627 1860 4691 Ὠς

266 4720 362 4774 οῦν
401 4723 461 4774 ἐν
507 4722 621 4783 τοῖς
666 4720 885 4782 οἰκείοις
914 4720 1128 4790 καιροῖς
1156 4718 1406 4789 Χοσρόης
1431 4719 1459 4771 6
1482 4717 1592 4770 τῶν
1631 4718 1860 4788 Περσῶν

272 4810 531 4880 βασιλεὺς
580 4811 678 4874 τὰς
734 4813 834 4882 τῆς
875 4811 1058 4876 Ἀσίας
1103 4810 1290 4875 πόλεις
1321 4809 1565 4881 πορθῶν,
1601 4811 1695 4864 καὶ
1725 4811 1861 4880 πρὸς

269 4904 370 4974 τὴν
415 4902 686 4958 Ἔδεσσαν
735 4904 960 4973 ἔφθασε,
985 4905 1080 4959 καὶ
1134 4903 1241 4976 πρδ
1286 4903 1495 4973 ταύτης
1549 4902 1864 4974 πηξάμενος

273 4997 528 5068 χάρακα,
574 4998 755 5051 πᾶσαν
797 4999 1046 5068 μηχανὴν
1094 4996 1285 5062 ἐκίνει,
1319 4997 1414 5050 καὶ
1465 4997 1572 5049 πᾶν
1619 4994 1680 5048 τὸ
1723 4994 1862 5066 πρὸς

274 5087 477 5141 ἅλωσιν
512 5088 721 5152 πόλεως
743 5089 1051 5160 ἐπιτήδειον
1086 5089 1319 5160 ὄργανον
1368 5087 1685 5161 ἐξηρτύετο,
1744 5090 1864 5140 ἐτε-

276 5178 531 5232 κταίνετο
566 5180 626 5234 δὲ
658 5179 838 5234 πάντα
870 5180 938 5233 τά
968 5181 1102 5250 πρὸς
1134 5181 1358 5250 ἀφέσεις
1390 5179 1581 5250 βελῶν,
1609 5177 1866 5233 κατασεί-

276 5286 388 5334 σεις
433 5273 655 5341 τεῖχων,
690 5271 1040 5341 διατραύσεις
1085 5271 1200 5341 (Η)
1235 5270 1439 5326 πυλῶν.
1491 5271 1579 5323 Ἐν
1624 5267 1864 5338 τοσούτῳ

276 5360 506 5432 κινδύνῳ
552 5363 603 5414 oi
667 5361 980 5432 Ἐδεσσηνοὶ
1017 5361 1324 5430 γεγονότες,
1360 5360 1620 5413 ἐπενόουν
1655 5359 1754 5428 μὲν
1795 5357 1865 5411 τὰ

278 5449 476 5504 δυνατά
511 5451 608 5504 καὶ
637 5451 791 5504 αὐτοὶ
819 5453 957 5522 πρὸς
998 5453 1100 5522 τὴν
1161 5447 1616 5522 ἀντιπαράταξιν,
1645 5450 1863 5518 διεπρε-

282 5541 538 5595 σϐεύοντο
565 5543 624 5596 δὲ
661 5544 788 5614 περὶ
820 5542 1078 5615 βοηθείας
1109 5542 1366 5615 καὶπρὸς
1399 5542 1524 5605 τοὺς
1568 5540 1862 5611 Ῥωμαίων

1959 4529 2104 4586 serie
2140 4527 2393 4589 fluxerat,
2428 4538 2605 4595 exque
2654 4521 2920 4578 memoria
2969 4518 3253 4574 hominum
3298 4527 3353 4572 et
3395 4518 3544 4588 quod

1960 4631 2145 4677 erecta
2169 4632 2326 4675 saera
2360 4619 2476 4673 haec
2502 4617 2704 4687 imago,
2732 4623 2786 4669 et
2813 4611 2958 4683 quod
2989 4608 3290 4676 occultata,
3322 4607 3546 4665 eﬂuxe-

1963 4719 2069 4764 rat.
2102 4707 2204 4763 Ubi
2241 4707 2428 4775 itaque
2466 4704 2586 4760 suis
2629 4702 2908 4759 Chosroes
2935 4699 3235 4756 Persarum
3277 4711 3373 4753 rex
3407 4709 3545 4753 tem-

1963 4802 2212 4873 poribus,
2240 4799 2385 4854 Asite
2415 4798 2663 4854 civitates
2700 4793 2990 4864 diripiens,
3032 4788 3294 4865 Edessam
3325 4804 3547 4861 quoque

1965 4895 2216 4966 petierat,
2244 4893 2502 4962 valloque
2527 4890 2712 4961 posito
2749 4887 2956 4943 nullam
2993 4877 3111 4942 non
3145 4883 3403 4939 movebat
3429 4896 3548 4937 ma.-

1967 4988 2211 5053 ehinam,
2249 5001 2316 5042 ac
2347 4983 2618 5056 quidquid
2648 4979 3029 5052 expugnanda:
3069 4977 3282 5034 civitati
3323 4975 3548 5030 videba—

1969 5090 2081 5142 tur,
2126 5075 2424 5148 diligenter
2472 5074 2845 5138 instruxerat;
2898 5069 3238 5127 constructis
3282 5067 3550 5123 nimirum

1964 5169 2148 5224 omnis
2171 5167 2388 5240 generis
2411 5165 2724 5231 tormentis,
2748 5162 2951 5232 quibus
2973 5163 3079 5218 tela
3095 5160 3331 5231 iaceret,
3361 5169 3558 5211 muros

1969 5268 2240 5332 quateret,
2283 5266 2469 5331 portas
2520 5258 2873 5327 eﬂ'ringeret;
2915 5253 3205 5317 Edesseni,
3233 5253 3296 5306 in
3336 5256 3561 5303 tantum.

1970 5354 2194 5410 adducti
2221 5352 2555 5423 periculum,
2585 5349 2690 5419 ipsi
2722 5359 2946 5420 quoque
2980 5361 3091 5417 qua
3119 5355 3182 5400 se
3212 5343 3300 5397 via
3329 5349 3553 5395 tueren-

1971 5453 2062 5499 tur
2089 5443 2372 5514 aciemque
2399 5449 2773 5512 Opponerent,
2809 5440 2958 5497 serio
2989 5437 3258 5508 cogitare.
3287 5427 3442 5486 Missi
3472 5427 3552 5482 le-

1971 5535 2082 5606 gati
2125 5543 2179 5590 et
2229 5533 2296 5588 ad
2354 5533 2736 5590 Romanorum
2791 5533 2984 5598 duces,
3033 5541 3062 5580 a
3110 5523 3313 5594 quibus
3361 5515 3553 5575 sociali

1788 5709 1995 5768 ΝΟΤΕ
2010 5756 2014 5764 .

352 5812 400 5880 (ι
417 5813 464 5880 l)
492 5808 872 5881 διαθραύσεις.
