4050 6420
525 315 635 380 439

1519 318 2000 382 CONSTANTIN
2011 316 2755 390 ΙέΡΟΙιΡΗΥιιΟθΕΝιΤι

3666 335 3672 340 ’
3689 331 3799 395 440

528 450 753 489 munere
781 433 985 514 auxilia
1019 435 1400 506 impetrarent.
1430 437 1660 493 Romani
1687 449 1814 493 tunc
1835 439 2109 495 exercitus

2216 444 2578 514 στρατηγούς.
2623 445 2819 499 Ἡλίων
2840 445 2916 509 δέ,
2935 447 2964 500 ὁ
2995 447 3113 500 τότε
3138 447 3250 502 τῶν
3292 447 3614 518 Ῥωμαϊκῶν
3637 466 3805 519 στρα·

530 535 732 596 prtetor
774 507 930 581 llclio
958 538 1098 590 erat.
1132 528 1358 598 ipseque
1390 544 1419 582 a
1460 544 1540 593 se,
1579 529 1871 584 Persarum
1902 532 1951 585 vi
1993 532 2111 587 acie

529 619 812 682 laborans,
840 619 1137 675 auxiliares
1161 620 1349 688 copias
1377 619 1628 675 sullicere
1646 620 1870 677 Edessa:
1900 623 2114 679 civibus

528 725 637 764 non
661 709 896 772 valebat.
917 711 1132 765 animos
1161 720 1341 766 tamen
1371 711 1594 781 scriptis
1625 711 1824 769 litteris
1851 713 2107 778 addebat,

528 801 856 871 Dominiquc
885 801 1174 869 epistolam
1216 815 1282 855 ac
1325 815 1511 856 veram
1562 801 1616 856 in
1651 816 1713 856 ea
1755 805 2108 870 sententiam,

526 907 634 958 qua
669 891 962 946 incolumis
1007 889 1218 956 futura,
1253 891 1516 961 nullaque
1561 893 1800 949 hostium
1845 895 1897 950 vi
1937 910 2110 966 expu-

526 981 744 1049 gnanda
771 980 968 1036 civitas
995 990 1051 1037 et
1080 981 1323 1038 ferretur
1349 990 1403 1038 et
1444 984 1784 1051 crederetur,
1817 987 1871 1042 in
1903 1003 2110 1044 memo-

527 1074 666 1128 riam
702 1073 1018 1128 revocabat.
1053 1072 1225 1129 Porro
1259 1074 1444 1131 Persae
1484 1090 1611 1131 cum
1661 1079 1840 1148 palam
1892 1079 2110 1134 adorie-

524 1165 750 1228 bantur,
788 1171 904 1219 tum
938 1180 1006 1220 ex
1041 1166 1259 1222 insidiis
1291 1169 1633 1239 structisque
1670 1169 1942 1226 cuniculis
1975 1171 2109 1226 civi-

525 1265 692 1312 tatem
733 1255 1014 1313 tenebant.
1041 1255 1242 1313 Procul
1278 1259 1446 1331 igitur
1474 1268 1703 1330 occepta
1745 1262 1964 1326 scrobe,
2010 1277 2109 1332 per

523 1348 920 1405 subterraneos
953 1358 1174 1405 meatus
1201 1350 1310 1405 sibi
1350 1350 1404 1405 in
1448 1351 1637 1406 urbem
1676 1352 1884 1407 aditum
1926 1361 2108 1408 strue-

521 1440 677 1494 bant.
706 1439 956 1511 Cumque
992 1440 1105 1511 jam
1147 1441 1378 1512 perinde
1415 1457 1481 1498 ac
1524 1444 1748 1514 quidam
1795 1447 2107 1502 urinatores

525 1532 670 1587 intra
701 1547 892 1589 muros
924 1547 993 1589 ex
1024 1533 1301 1614 cuniculis
1325 1536 1749 1604 successissent,
1770 1537 2000 1608 contigit
2021 1540 2108 1593 in-

523 1623 697 1681 sidias
719 1623 901 1695 detegi
926 1640 1026 1696 per
1053 1625 1214 1681 talem
1237 1627 1611 1684 occasionem.
1634 1627 1906 1684 Nimirum
1937 1630 2026 1685 illa
2051 1630 2104 1685 in

524 1714 684 1771 urbis
708 1724 865 1786 parte
887 1715 1042 1771 faber
1069 1717 1293 1787 quidam
1319 1720 1550 1776 aerarius
1571 1720 1712 1775 intra
1743 1737 1932 1778 muros
1958 1723 2104 1780 aedes

523 1804 786 1870 habebat,
816 1805 976 1875 cuius
1001 1822 1130 1865 vasa
1159 1824 1309 1866 aenea
1339 1810 1395 1884 in
1419 1811 1582 1867 domo
1614 1813 1893 1880 sublimia,
1921 1814 2104 1873 Persis

527 1897 632 1952 sub
672 1906 817 1954 terra
865 1899 1233 1976 tundentibus:
1278 1917 1345 1958 ac
1396 1903 1678 1972 pulverem
1728 1907 2103 1977 egerentibus,

527 1989 770 2044 sonitum
804 1991 1132 2048 emiserunt.
1177 1993 1630 2080 Itaque.consilii
1683 1997 1894 2067 inopes,
1945 2007 2001 2052 et
2037 1999 2106 2053 ad

526 2091 832 2140 extremam
877 2086 1024 2142 cives
1065 2085 1508 2159 desperationem
1552 2090 1784 2158 redacti,
1825 2091 1894 2146 ad
1938 2093 2106 2148 Deum

525 2174 875 2248 confugiunt,
924 2177 1218 2250 ipsumque
1262 2181 1448 2252 cordis
1484 2181 1686 2252 dolore
1730 2197 1796 2238 ac
1849 2183 2108 2255 lacrymis

525 2267 849 2338 exquirunt.
877 2269 1047 2326 Porro
1070 2281 1236 2328 noctu
1267 2272 1466 2329 mulier
1495 2274 1744 2344 quaedam
1780 2283 1978 2331 ornato
2011 2275 2108 2330 ha-

527 2359 668 2427 bitu,
704 2361 968 2434 gravique
995 2377 1060 2418 ac
1103 2362 1352 2420 modesta
1393 2366 1600 2437 specie,
1626 2367 1982 2436 praestantior
2010 2367 2108 2422 de-

526 2453 695 2523 nique
723 2467 887 2524 quam
927 2462 987 2510 ut
1021 2455 1192 2511 homo
1222 2455 1521 2529 videretur,
1559 2457 1854 2528 episcOpo,
1899 2457 2111 2513 Eulalia

526 2546 659 2602 huic
685 2561 886 2604 nomen
931 2557 1086 2614 erat,
1111 2549 1373 2620 apparet,
1411 2558 1704 2621 monetque
1741 2559 1962 2621 arrepta
2000 2564 2108 2606 non

526 2638 846 2696 manul‘acta
879 2639 1084 2696 Christi
1127 2641 1388 2713 imagine,
1432 2655 1558 2698 cum
1595 2642 1714 2713 ipsa
1751 2642 2112 2713 supplicatio-

526 2746 653 2787 nem
678 2731 917 2800 habeat;
945 2731 1175 2803 foreque
1201 2733 1430 2789 omnino
1477 2741 1538 2790 ut
1570 2731 1835 2789 Dominus
1859 2740 2113 2804 portenta

527 2838 628 2879 sua
660 2837 725 2879 ac
759 2823 1025 2879 miracula
1049 2825 1324 2881 ostendat.
1355 2825 1557 2881 Aiebat
1579 2827 1898 2897 episcopus,
1928 2825 2114 2882 nesci-

528 2926 588 2967 re
622 2925 684 2967 se
721 2926 976 2982 prorsus,
1027 2927 1097 2968 an
1141 2913 1365 2968 omnino
1399 2913 1526 2970 talis
1559 2913 1744 2984 imago
1781 2913 1925 2985 apud
1963 2914 2115 2970 cives

529 3003 742 3060 aliosve
769 3003 914 3060 ullos
945 3013 1208 3062 exstaret.
1232 3003 1392 3061 Tunc
1423 3005 1492 3061 ad
1525 3005 1682 3060 illum
1711 3020 1833 3074 quae
1859 3004 2113 3060 muliebri

2213 533 2498 602 τευμάτων
2525 534 2847 606 ἡγούμενος,
2880 538 2974 590 καὶ
2999 538 3116 590 καθ’
3153 538 3343 592 ἑαυτὸν
3365 538 3470 591 ὑπὸ
3496 539 3606 592 τῶν
3638 540 3805 593 πολε-

2215 617 2356 686 μίων
2385 622 2752 690 πονούμενος,
2786 626 2900 687 τοῖς
2929 626 2989 677 ἐν
3024 625 3253 697 Ἐδέσσῃ
3285 629 3602 698 συμμαχίαν
3650 631 3800 699 πέμ-

2210 707 2309 776 ψαι
2347 710 2447 781 οὐχ
2493 706 2604 775 οἷός
2648 729 2709 766 τε
2750 709 2840 784 ἦν.
2868 713 2968 768 Διά
2999 717 3345 786 γραμμάτων
3369 717 3425 769 δὲ
3457 716 3801 788 διεθάρῤυνε,

2218 797 2318 867 τῆς
2345 798 2442 851 τοῦ
2474 800 2678 869 Κυρίου
2733 802 3169 874 ἀναμιμνήσκων
3221 803 3534 872 ἐπιπολῆς,
3568 805 3662 857 καὶ
3699 805 3804 872 τῆς

2211 890 2478 959 ἀψευδοῦς
2525 894 2584 946 ἐν
2618 893 2756 966 αὐτῇ
2802 896 3154 964 ἀποφάσεως,
3184 896 3253 949 δι’
3277 891 3344 968 ἧς
3371 895 3679 967 ἀπόρθητον
3705 915 3807 965 τη-

2215 980 2427 1052 ρεῖσθαι
2451 980 2730 1053 τὴνῗπόλιν
2775 984 2871 1038 καὶ
2917 984 3134 1054 λέγεται
3157 985 3252 1039 καὶ
3279 986 3620 1039 πιστεύεται.
3653 987 3719 1038 Ol.
3747 985 3807 1038 δὲ

2212 1073 2422 1144 Πέρσαι
2449 1075 2588 1146 μετὰ
2623 1075 2724 1146 τῆς
2752 1077 3027 1147 ἐμφανοῦς
3071 1078 3393 1142 ἐπιθέσεως,
3430 1078 3527 1131 καὶ
3557 1077 3624 1130 τά
3657 1079 3806 1146 ἀφα-

2210 1165 2317 1229 νῶς
2368 1165 2622 1221 ἐπενόουν
2661 1168 3126 1240 ἐπιϐουλεύματα.
3163 1169 3273 1223 Καὶ
3320 1167 3613 1240 πόρρωθεν
3645 1168 3808 1239 ὀρύτ-

2209 1273 2324 1311 τειν
2361 1257 2684 1328 ἀρξάμενοι,
2741 1259 2812 1314 δι’
2854 1260 3148 1330 ὑπονόμων
3203 1261 3352 1314 ἔνδον
3401 1259 3658 1329 γενέσθαι
3703 1261 3808 1331 τῆς

2209 1346 2420 1410 πόλεως
2472 1347 2847 1417 ἐτεχνάζοντο.
2895 1348 2992 1413 Ὠς
3037 1349 3096 1403 δέ
3137 1345 3278 1419 ἦσαν
3307 1343 3420 1402 οἷον
3452 1349 3678 1419 ῦφυδροι
3707 1366 3806 1402 κο-

2207 1437 2482 1510 λυμϐηταί⁸
2500 1439 2594 1493 τοῦ
2654 1441 2865 1512 τείχους
2916 1442 3066 1506 ἐντος
3111 1442 3217 1495 ὑπὸ
3255 1443 3378 1513 γῆν,
3434 1443 3498 1495 ἐκ
3544 1441 3806 1512 τοιαύτης

2211 1534 2392 1598 αἰτίας
2421 1537 2759 1604 καταφανεῖς
2790 1537 2904 1601 τοῖς
2933 1535 3199 1600 ἔνδονλτοῦ
3230 1537 3642 1605 τείχους........
3675 1532 3809 1602 χαλ-

2209 1627 2314 1678 κέα
2333 1627 2524 1689 οἰκεῖν,
2548 1619 2610 1680 οῦ
2643 1627 2712 1680 τά
2731 1626 2876 1680 κατά
2911 1626 3015 1696 τὴν
3041 1625 3220 1680 οἰκίαν
3255 1624 3604 1693 αἰωρούμενα
3631 1625 3805 1693 σκεύη

2209 1713 2390 1783 χαλκᾶ
2429 1705 2563 1783 ἦχον
2596 1714 2871 1777 ἀπετέλει,
2894 1713 3004 1766 τῶν
3035 1713 3266 1783 Περσῶν
3300 1712 3406 1766 ὑπὸ
3431 1713 3536 1782 γῆν
3571 1712 3806 1766 κοπτόν-

2205 1823 2316 1861 των
2350 1806 2445 1860 καὶ
2491 1805 2873 1877 ἐκφορούντων
2906 1805 3000 1860 τὸν
3045 1805 3196 1876 χοῦν.
3247 1806 3336 1858 Ἐν
3365 1803 3651 1875 ἀμηχανίᾳ
3683 1801 3804 1857 οὖν,

2208 1898 2304 1952 καὶ
2327 1900 2394 1970 τῇ
2427 1898 2628 1970 ἐσχάτῃ
2659 1896 2970 1966 ἀπογνώσει
2989 1898 3039 1950 οἰ
3060 1897 3159 1967 τῆς
3176 1896 3383 1960 πόλεως
3408 1913 3546 1948 κατα
3557 1895 3805 1959 στάντεςν

2211 1989 2350 2060 πρὸς
2379 1991 2475 2045 τὸν
2508 1991 2644 2044 Θεὸν
2686 1989 3123 2060 καταφεύγουσι,
3155 1989 3253 2043 καὶ
3283 1989 3401 2058 μετ’
3433 1987 3629 2057 ὀδύνης
3661 2003 3801 2056 καρ-

2208 2081 2328 2148 δίας
2353 2083 2448 2137 καὶ
2463 2081 2716 2152 δακρύων
2738 2082 3028 2152 ἐξεζήτουν
3054 2081 3240 2136 αὐτόν.
3257 2081 3514 2134 Φαίνεται
3527 2079 3706 2132 τοίνυν
3717 2076 3808 2132 διὰ

2210 2174 2406 2238 νυκτὸς
2427 2173 2506 2245 τῷ
2521 2175 2809 2245 ἐπισκόπῳ
2830 2173 3114 2245 (Εύλάλιος
3141 2172 3200 2228 δὲ
3231 2165 3388 2236 οὗτος
3423 2166 3515 2242 ἦν)
3551 2172 3688 2242 γυνή
3719 2187 3806 2234 τις

2211 2264 2478 2334 εὐσταλὴς
2513 2265 2607 2318 καὶ
2654 2263 2950 2334 σεϐασμία,
2969 2262 3234 2335 κρείττων
3268 2263 3301 2334 ἢ
3336 2263 3457 2318 κατ’
3493 2259 3804 2334 ἄνθρωπον,

2213 2356 2582 2428 ύποτιθεμένη
2615 2356 2894 2428 αὐτῷτὴν
2941 2353 3363 2427 ἀχειροποίητον
3401 2353 3588 2408 εἰκόνα
3615 2353 3805 2407 λαϐεῖν

2211 2449 2307 2504 τοῦ
2330 2449 2592 2523 Χριστοῦ,
2627 2449 3029 2510 καὶλιτανείαν
3059 2449 3176 2519 μετ’
3216 2447 3389 2514 αὐτῆς
3436 2447 3801 2524 ποιήσασθαι·

2213 2541 2437 2604 πάντως
2460 2541 2634 2605 δεῖξαι
2665 2541 2756 2594 τὸν
2782 2541 2984 2611 Κύριον
3013 2540 3084 2594 τά
3110 2539 3396 2610 θαυμάσια
3424 2538 3612 2610 αὑτοῦ.
3667 2539 3725 2592 '0
3745 2539 3804 2592 δέ

2215 2632 2515 2697 ἐπίσκοπος
2559 2633 2838 2697 παντελῶς
2887 2634 3105 2702 ἀγνοεῖν
3141 2633 3325 2701 ἔλεγεν
3358 2631 3410 2684 εἰ
3452 2630 3602 2684 ἐστιν
3629 2629 3802 2696 ὅλως,

2215 2725 2326 2778 εἴτε
2365 2723 2496 2795 παρ’
2547 2725 2754 2789 αὐτοῖς,
2781 2723 2890 2778 εἴτε
2933 2723 3065 2795 παρ’
3107 2723 3288 2788 ἄλλοις
3344 2723 3487 2776 τισὶν
3523 2723 3570 2801 ,ἡ
3615 2722 3802 2775 εἰκῶν.

2215 2817 2352 2870 Τότε
2387 2815 2537 2884 λέγει
2567 2816 2704 2886 πρὸς
2736 2816 2901 2869 αὐτὸν
2929 2817 2963 2885 ἡ
2991 2819 3048 2869 ἐν
3076 2815 3374 2888 γυναικείῳ
3398 2814 3698 2884 φαινομένη
3725 2814 3803 2884 τῷ

2217 2908 2480 2979 σχήματι,
2509 2908 2592 2961 ὅτι
2625 2907 2813 2962 ἐπάνω
2849 2907 2949 2978 τῆς
3001 2907 3177 2984 πύλης
3205 2907 3305 2978 τῆς
3353 2906 3561 2968 πόλεως
3615 2907 3675 2958 ἐν
3725 2905 3803 2976 τῷ

2216 3000 2368 3072 τόπῳ
2388 3000 2475 3054 διὰ
2512 2999 2664 3054 τόνδε
2711 3000 2804 3054 τὸν
2849 2999 3056 3071 τρόπον
3098 3001 3136 3070 ἠ
3159 2999 3390 3070 τοιαύτη
3418 2997 3804 3070 εἰκὼνμέκρυ-

531 3096 722 3152 habitu
755 3111 816 3153 se
847 3096 1206 3168 conspicuam
1239 3085 1471 3164 feCerat,
1505 3112 1672 3168 super
1701 3105 1916 3170 portam
1963 3095 2117 3154 urbis
2143 3118 2188 3181 ο
2222 3107 2382 3145 πται.
2453 3133 2456 3136 ~

529 3187 624 3243 tali
666 3187 788 3244 loco
827 3203 929 3260 per
973 3189 1140 3246 talem
1180 3189 1402 3247 modum
1449 3189 1743 3261 imaginem
1785 3189 2112 3246 absconsam

529 3279 791 3349 subjecit.
1250 3326 1252 3328 τ
1341 3306 1344 3309 ·

601 3372 766 3430 XVII.
805 3373 965 3433 Mane
999 3376 1168 3448 igitur
1192 3379 1516 3452 episcopus,
1546 3388 1737 3454 aperta
1768 3380 1984 3438 visione
2005 3378 2115 3434 frc-

527 3478 642 3537 tus,
666 3485 796 3527 cum
827 3473 1236 3544 supplicatione
1267 3477 1335 3532 ad
1368 3477 1549 3534 locum
1573 3477 1933 3540 conveniens.
1958 3491 2117 3532 scru-

527 3569 792 3635 talisque,
835 3565 1104 3636 integram
1147 3582 1212 3624 ac
1252 3568 1582 3626 incolumem
1613 3571 1856 3628 divinam
1886 3569 2118 3627 oil'endit

525 3655 850 3726 imaginem,
884 3643 1169 3715 lucernam
1210 3676 1432 3734 quoque
1473 3671 1555 3719 tot
1590 3671 1740 3720 retro
1771 3663 1934 3719 annis
1962 3662 2117 3717 inex-

527 3749 791 3806 stinctam
822 3767 837 3806 :
872 3750 1040 3823 inque
1075 3761 1218 3810 testa
1265 3763 1396 3811 ante
1431 3755 1716 3812 lucernam
1745 3754 1864 3826 eius
1891 3768 2119 3812 conser-

527 3840 727 3898 vanda
773 3858 948 3900 causa
982 3845 1260 3916 imposita,
1303 3847 1536 3903 alteram
1581 3848 1843 3921 imaginis
1895 3864 2118 3919 expres-

529 3948 650 3989 sam
683 3933 940 4005 cmgiem,
968 3951 1091 4004 quae
1121 3936 1242 4003 ipsa
1274 3937 1547 3994 hactenus
1575 3938 1794 3996 Edessa:
1821 3940 2118 3998 incolumis

528 4031 637 4080 est.
662 4022 895 4094 Sumpta
919 4023 1088 4095 igitur
1118 4025 1175 4081 in
1206 4039 1405 4082 manus
1435 4025 1623 4082 divina
1651 4027 1860 4086 Christi
1894 4029 1987 4085 Dei
2015 4030 2116 4088 ho-

529 4111 701 4168 minis
733 4111 933 4184 etligie,
960 4113 1334 4184 praeﬁdentior
1364 4117 1656 4190 episcopus
1684 4117 1751 4174 ad
1782 4119 1962 4177 locum
1991 4135 2116 4193 per-

529 4204 633 4278 git,
670 4205 766 4262 ubi
799 4205 986 4263 Persa:
1015 4222 1082 4264 ex
1115 4223 1376 4265 vasorum
1419 4225 1530 4266 aere
1564 4212 1880 4269 sonantium
1913 4213 2114 4269 tinnitu

529 4297 856 4354 cuniculum
897 4305 1180 4356 struentes
1226 4300 1554 4372 deprehensi
1605 4311 1764 4359 erant
1809 4319 1824 4358 :
1879 4318 2116 4376 cumque

2289 3373 2390 3431 tZ'.
2420 3375 2630 3452 Ἕωθεν
2660 3375 2755 3431 οῦν
2784 3377 2813 3430 δ
2837 3376 3138 3442 ἐπίσκοπος
3165 3375 3248 3449 τῷ
3265 3377 3604 3448 ἐναργεῖχτῆς
3626 3377 3802 3447 ὕψεως

2219 3468 2517 3534 πεποιθὼς,
2552 3468 2689 3540 μετά
2739 3469 2895 3540 λιτῆς
2943 3469 3084 3540 πρὸς
3114 3469 3205 3522 τὸν
3255 3469 3422 3521 τόπον
3475 3469 3669 3531 ἐλθὼν,
3710 3469 3803 3521 καὶ

2216 3561 2706 3633 διερευνησάμενος
2735 3555 2858 3632 εὗρε
2874 3560 2975 3633 τὴν
3005 3560 3156 3614 θείαν
3195 3561 3401 3631 ταύτην
3429 3561 3618 3614 εἰκόνα
3649 3561 3802 3614 ἀδια-

2216 3653 2481 3724 λώϐητον,
2517 3653 2619 3710 καὶῖ
2665 3653 2766 3724 τὴν
2818 3653 3113 3724 θρυαλλίδα
3165 3655 3225 3707 ἐν
3265 3657 3381 3717 τοῖς
3412 3652 3692 3717 τοσούτοις
3730 3653 3805 3721 μὴ

2216 3743 2649 3816 ἀποσϐεξσθεῖσαν
2686 3742 2854 3808 ἐτεσι.
2882 3743 2993 3796 Καὶ
3019 3745 3078 3798 ἐν
3105 3743 3185 3816 τῷ
3215 3745 3352 3816 πρὸς
3383 3744 3631 3812 φυλακὴν
3681 3747 3806 3798 ἐπιο

2217 3813 2426 3888 τεθέντι
2454 3832 2561 3904 πρὸ
2589 3833 2682 3886 τοῦ
2712 3833 2908 3904 λύχνου
2935 3813 3168 3905 κεράμῴ
3203 3813 3595 3887 ἐπεκτυπωθέν
3614 3833 3806 3905 ἕτερον

2217 3922 2474 3994 ὁμοίωμα
2506 3919 2602 3993 τοῦ
2646 3922 3012 3995 ὁμοιώματος,
3046 3923 3080 3976 ὃ
3119 3923 3215 3978 καὶ
3256 3924 3418 3993 μέχρι
3459 3922 3553 3977 τοῦ
3598 3922 3698 3977 νῦν
3746 3927 3805 3977 ἐν

2230 4013 2454 4085 Ἐδέσσῃ
2480 4014 2742 4085 τυγχάνει
2783 4014 3117 4093 σωζόμενον.
3160 4014 3358 4069 Λαϐὼν
3395 4011 3490 4070 οὖν
3520 4017 3664 4070 κατὰ
3690 4017 3799 4084 χεῖ-

2217 4121 2320 4180 ρας
2361 4106 2424 4184 τό
2473 4107 2617 4162 θεῖον
2662 4106 3210 4178 τοῦτο-θεανθρώπου
3251 4107 3491 4179 Χριστοῦ
3521 4109 3802 4162 ἀπεικόνι-

2217 4215 2355 4270 σμα,
2382 4198 2479 4253 καὶ
2506 4199 2603 4252 ἐπὶ
2623 4199 2934 4271 κρείττονος
2961 4199 3186 4264 ἐλπίδος
3223 4201 3536 4269 γενόμενος,
3555 4257 3560 4262 ,
3580 4201 3803 4272 ἔρχεται

2216 4292 2342 4346 κατ’
2389 4291 2599 4345 ἐκεῖνον
2635 4291 2729 4347 τδν
2757 4277 2949 4356 τόπον,
2989 4293 3114 4346 καθ’
3143 4292 3203 4346 δν
3229 4295 3278 4347 οἱ
3323 4293 3530 4364 Πέρσαι
3565 4293 3803 4365 ,διορύτ-

530 4389 746 4447 civeset
765 4389 870 4461 ipsi
889 4390 1040 4448 intus
1053 4391 1301 4462 aggressi
1319 4393 1374 4448 in
1393 4393 1532 4450 alios
1545 4393 1639 4449 alii
1655 4394 2036 4462 incurrissent,
2055 4395 2110 4452 in

2214 4399 2400 4447 τοντες
2446 4382 2555 4436 ἀπὸ
2591 4382 2688 4436 τοῦ
2741 4382 2852 4438 τῶν
2899 4384 3278 4455 χαλκωμάτων
3310 4386 3445 4456 ἦχου
3481 4385 3805 4456 κατάφωροι

529 4459 882 4553 ἱειιοιιιίρείε
911 4482 966 4538 in
999 4459 1190 4540 hostes
1222 4492 1471 4556 paratum
1526 4500 1594 4542 ex
1653 4486 1878 4544 lucerna
1927 4459 2110 4544 oleum

2218 4473 2650 4544 καθεστήκεσαν.
2678 4473 2789 4528 Καὶ
2820 4473 3118 4546 ἀρξάμενοι
3140 4473 3356 4528 ἔνδοθεν
3405 4475 3655 4547 ὀρύττειν
3691 4478 3804 4548 (l2)

531 4569 834 4637 stillantes,
853 4571 1020 4642 inque
1037 4574 1238 4629 Persas
1271 4573 1328 4629 in
1345 4573 1604 4631 cuniculo
1620 4584 1871 4646 repertos
1891 4577 2113 4633 mitten-

532 4668 641 4726 tes,
664 4675 860 4718 omnes
880 4664 1258 4733 perdiderunt.
1280 4664 1462 4736 lisque
1487 4666 1709 4723 demum
1734 4667 1952 4723 liberati
1976 4668 2113 4724 insi-

531 4751 643 4808 diis
661 4751 852 4808 eodem
890 4755 1172 4821 molimine
1201 4757 1368 4813 etiam
1412 4759 1698 4816 machinas
1723 4768 1878 4816 extra
1922 4775 2112 4818 muros

533 4845 741 4915 positas
771 4835 980 4915 adorsi,
1019 4849 1121 4905 has
1146 4865 1368 4922 quoque
1400 4859 1628 4922 repente
1653 4851 2108 4920 combusserunt,

531 4936 834 5008 pluresque
865 4937 922 4992 in
951 4938 1031 4994 eis
1064 4940 1333 4998 militares
1370 4941 1521 4998 viros
1560 4941 1928 4998 sustulerunt.
1961 4940 2112 4997 Jam-

532 5041 642 5098 que
669 5027 809 5084 adeo
837 5030 988 5085 aucti
1014 5031 1236 5100 ﬁducia,
1265 5031 1490 5089 crebros
1522 5032 1689 5088 etiam
1719 5046 1752 5086 e
1789 5033 1963 5089 muris
1987 5033 2117 5088 mit~

532 5125 708 5173 tentes
740 5117 973 5189 lapides,
1019 5135 1212 5176 eorum
1249 5119 1406 5190 jaclu
1451 5134 1515 5175 ac
1563 5119 1860 5184 rotatione,
1908 5119 2110 5191 impuri

528 5210 807 5268 exercitus
846 5211 974 5290 duci
1005 5212 1239 5283 aliisque
1279 5227 1388 5267 non
1433 5212 1628 5284 paucis
1667 5226 1858 5268 necem
1891 5211 2112 5268 consci-

528 5307 746 5356 verunt.
773 5299 964 5372 Neque
995 5302 1047 5357 id
1082 5301 1265 5366 modo,
1294 5302 1390 5358 sed
1423 5311 1478 5357 et
1505 5302 1852 5360 extrinsecus
1873 5318 1903 5357 a
1924 5303 2107 5360 Persis

526 5391 796 5449 adversus
845 5393 998 5450 cives
1041 5407 1332 5450 accensam
1383 5409 1593 5466 pyram,
1647 5409 1810 5466 quam
1856 5395 2105 5452 olearum

527 5482 936 5554 multarumque
978 5482 1231 5548 aliarum,
1273 5497 1413 5554 quas
1455 5484 1798 5544 immiserant
1841 5487 2100 5543 arborum

2220 4569 2329 4623 τῶν
2353 4569 2457 4640 τῆς
2493 4568 2723 4636 πόλεως,
2752 4568 2832 4635 ὡς
2884 4571 3054 4640 ἐγγὺς
3095 4571 3345 4644 ἀλλήλων
3389 4572 3662 4642 ἐγένοντο,
3695 4574 3804 4627 ἀπὸ

2219 4661 2320 4732 τῆς
2346 4661 2567 4733 λυχνίας
2579 4663 2796 4735 ἐκείνης
2818 4662 2996 4718 ἔλαιον
3019 4665 3434 4730 ἐπιστάξαντες,
3463 4667 3544 4731 εἰς
3566 4667 3803 4723 τδῖκατὰ

2219 4753 2328 4809 τῶν
2359 4753 2635 4824 πολεμίων
2661 4754 2846 4818 αὐτοῖς
2873 4755 3301 4826 εύτρεπισμένον
3349 4756 3483 4827 πῦρ,
3531 4759 3627 4811 καὶ
3659 4759 3803 4812 κατά

2218 4843 2327 4899 τῶν
2349 4845 2407 4898 ἐν
2441 4844 2522 4916 τῷ
2551 4845 2812 4918 ύπονόμφ
2839 4847 3068 4918 Περσῶν
3125 4846 3380 4918 ἀφέντες,
3431 4850 3642 4912 πάντας
3693 4850 3803 4902 άπ-

2221 4934 2451 4992 ώλεσαν.
2479 4937 2594 4990 Καὶ
2613 4938 2714 5009 τῆς
2736 4938 2987 4995 ἐντεῦθεν
3006 4941 3296 5009 ῥυσθέντες
3323 4941 3640 5011 ἐπιϐουλῆς,
3672 4940 3802 5011 πρὸς

2223 5027 2290 5084 τὰ
2320 5027 2477 5092 ἐκτὸς
2509 5027 2622 5083 ⁴τοῦ
2663 5029 2878 5104 τείχους
2910 5031 3163 5102 μηχανάς
3220 5032 3318 5102 τὴν
3361 5034 3548 5103 ὅμοιον
3605 5036 3802 5103 πεῖραν

2221 5119 2590 5191 προήνεγκαν,
2622 5121 2720 5176 καὶ
2765 5121 2971 5187 ταύτας
3023 5124 3237 5196 ἀθρόως
3295 5123 3658 5194 κατέφλεξαν.
3680 5125 3802 5195 κΚαί

2215 5209 2444 5274 πολλοὺς
2465 5211 2573 5265 τῶν
2607 5212 2666 5266 ἐν
2695 5202 2888 5278 αὐταῖς
2918 5214 3196 5285 πολεμίων
3223 5215 3532 5270 ἀνάλωσαν.
3568 5215 3710 5285 Ἤδη
3741 5215 3802 5267 δὲ

2212 5299 2744 5375 ἀνατεθαρῤηκότες,
2771 5305 2869 5359 καὶ
2927 5305 3094 5360 λίθων
3143 5305 3370 5377 ἀφέσεις
3417 5307 3631 5378 συχνῶν
3691 5307 3803 5361 ἀπὸ

2209 5393 2318 5447 τῶν
2347 5395 2544 5466 τειχῶν
2582 5396 2930 5468 ἐπεποίηντο,
2962 5392 3153 5469 ὑφ’,ὧν
3196 5399 3414 5454 καὶ’τὸν
3461 5401 3800 5470 στρατοπεδ-

2208 5484 2385 5559 ἀρχην
2436 5486 2532 5541 τοῦ
2578 5488 2779 5562 μιαροῦ
2824 5491 3234 5567 στρατεύματος
3257 5492 3456 5564 συνέϐη
3491 5493 3680 5546 πεσεῖν
3705 5491 3800 5546 καὶ

2018 5669 2250 5729 NOTAE.

605 5754 720 5825 (l2)
761 5733 937 5817 Locus
972 5760 1207 5819 fortasse
1236 5773 1348 5818 non
1380 5775 1569 5820 sanus.
