4050 6442
361 326 463 389 H3

1310 319 1818 383 CONSTANTINI
1860 317 2534 382 PORPHYROGENITI

3497 325 3608 388 444

359 444 455 509 lia,
483 441 550 496 ad
587 438 984 495 conventione‘s
1016 437 1221 506 adiecit
1260 438 1526 501 animum,
1560 451 1928 508 percussaque

2034 433 2134 502 τῆς
2167 436 2371 498 πόλεως
2427 439 2720 505 ἀπογνους,
2753 438 2845 492 καί
2878 439 2978 510 τὴν
3025 438 3276 511 βοήθειαν
3307 441 3429 494 ὅθεν
3457 441 3612 512 ἔσχον

358 534 513 604 pacis
541 531 772 596 ﬁndere,
806 530 859 585 in
891 541 1048 584 suam
1084 531 1356 601 regionem
1391 544 1644 585 reversus
1671 537 1775 583 est.

429 813 550 868 XX.
593 813 722 868 Erat
765 822 947 868 autem
997 815 1083 867 hie
1128 827 1348 883 quoque
1397 814 1542 868 haud
1594 815 1666 869 ita
1700 824 1827 886 post
1864 816 1934 872 ab

360 905 461 958 hac
488 920 643 959 sacra
686 905 922 974 imagine
971 903 1295 958 beneﬁcium
1345 914 1695 977 accepturus,
1746 908 1932 964 hostes

358 995 695 1060 demerente,
745 995 976 1064 ejusque
1035 998 1474 1051 necessariorum
1523 999 1772 1054 hostibus
1817 1001 1933 1055 exi-

360 1088 494 1141 tium
522 1095 770 1155 parante.
807 1084 974 1156 Regis
996 1087 1139 1141 enim
1166 1087 1274 1142 ﬁlia
1310 1101 1476 1158 quam
1508 1091 1686 1147 malus
1717 1091 1932 1147 daamon

358 1179 656 1240 invaserat,
693 1176 1006 1246 mentisque
1046 1185 1191 1233 statu
1222 1181 1314 1250 qui
1345 1195 1409 1235 ex
1444 1189 1640 1236 natura
1666 1189 1748 1237 est
1787 1183 1935 1249 deje-

357 1272 528 1331 cerat,
563 1264 874 1321 obsidentis
921 1267 1104 1321 amatu
1135 1268 1401 1323 daemonis
1431 1271 1691 1324 continue
1725 1271 1932 1326 clama-

357 1358 450 1412 bat
482 1375 498 1412 :
535 1357 640 1424 Qui
676 1357 728 1410 in
761 1355 940 1427 puella
972 1359 1311 1414 domicilium
1343 1359 1506 1415 habet
1537 1361 1786 1432 spiritus,
1823 1378 1931 1418 non

355 1461 732 1520 egressurum,
775 1449 882 1504 nisi
927 1449 1184 1519 imaginis
1214 1460 1324 1504 non
1373 1451 1701 1506 manufartae
1729 1451 1932 1508 Edessa

356 1543 591 1596 adventu
623 1551 685 1596 ac
717 1545 1033 1609 prresentia.
1067 1541 1289 1595 Audivit
1329 1557 1449 1606 rex,
1483 1557 1546 1597 ac
1590 1560 1775 1599 secum
1813 1545 1936 1600 ani--

356 1647 446 1686 mo
479 1641 743 1701 reputans
777 1647 898 1702 qua:
945 1633 999 1686 in
1047 1633 1335 1688 obsidione
1381 1642 1531 1703 gesta
1579 1635 1930 1703 acciderant;

357 1739 459 1777 nec
491 1723 637 1777 enim
678 1723 923 1798 inaudita
959 1732 1184 1792 repente
1215 1725 1617 1781 Edessenorum
1666 1727 1932 1782 fortitudo

355 1814 695 1883 audaciaque
724 1831 846 1869 eum
868 1799 1110 1868 i‘atuerat
1135 1831 1149 1879 ;
1193 1815 1347 1870 missi
1393 1818 1580 1870 statim
1607 1818 1671 1872 ad
1692 1818 1931 1875 civitatis
1962 1797 2008 1858 Β

355 1904 642 1973 praesidem
688 1905 1068 1974 Eulaliumque
1117 1907 1543 1976 metropolitam,
1579 1922 1642 1962 ae
1690 1908 1930 1964 civitatis

357 1994 537 2063 ipsum
571 2008 862 2049 commune
889 1995 1108 2060 litteris,
1134 1996 1372 2051 divinam
1405 1997 1474 2053 ad
1497 2013 1555 2054 se
1576 1998 1743 2055 citius
1773 2012 1929 2055 sum-

355 2099 554 2152 maque
589 2086 638 2138 vi
675 2087 966 2155 pollentem
1005 2088 1142 2141 mitti
1184 2089 1318 2158 petit
1352 2088 1666 2160 imaginem,
1705 2091 1931 2146 omnino

355 2189 574 2242 rogans,
603 2192 669 2231 ne
689 2192 876 2245 preces
902 2187 1073 2234 cassae
1095 2188 1243 2235 eant.
1270 2180 1353 2234 Illi
1376 2191 1583 2246 autem,
1611 2189 1725 2236 tum
1753 2182 1931 2254 gentis

358 2264 551 2320 inﬁdos
596 2279 776 2322 mores
812 2276 1099 2338 suspectos
1145 2269 1431 2336 habentes,
1483 2278 1597 2325 tum
1651 2273 1812 2326 veriti
1864 2288 1932 2329 ne

355 2353 646 2412 Persarum
678 2374 770 2414 res
801 2361 904 2416 hoc
934 2361 1244 2428 moliretur,
1280 2373 1338 2417 ut
1364 2363 1612 2433 ipsorum
1649 2366 1728 2422 eis
1761 2366 1932 2422 robur

286 2440 288 2443 ’
354 2462 420 2502 ac
447 2451 764 2517 praesidium
797 2451 1045 2510 auferret
1079 2473 1092 2508 :
1125 2454 1383 2526 serieque
1413 2455 1717 2527 cogitantes
1747 2473 1815 2513 ne
1847 2466 1931 2512 te-

355 2554 501 2593 mere
527 2541 847 2610 proderent,
880 2560 986 2613 qua
1015 2557 1104 2600 res
1132 2546 1242 2600 illis
1266 2547 1320 2600 in
1351 2554 1468 2601 tuto
1502 2548 1694 2617 positas
1722 2557 1930 2616 essent,

353 2648 419 2687 ac
452 2634 593 2688 unde
623 2634 886 2691 beneﬁcia
931 2637 1250 2701 aﬂlucreut;
1289 2653 1528 2708 cumque
1573 2642 1930 2699 nihilominus

351 2738 414 2778 ea
449 2725 740 2781 occasione
768 2743 956 2797 pacem
979 2729 1283 2804 dissolvere
1311 2732 1538 2796 nollent,
1567 2734 1744 2789 solers
1768 2743 1931 2804 atque

352 2818 557 2885 oppido
599 2819 734 2873 utile
783 2821 1075 2875 consilium
1131 2822 1340 2877 ineunt.
1374 2823 1451 2877 Ex
1505 2826 1686 2894 primo
1720 2827 1932 2882 scilicet

351 2909 674 2976 exemplari,
704 2909 865 2964 aliam
901 2911 1130 2965 omnino
1158 2913 1447 2982 aequalem,
1479 2925 1544 2969 ac
1584 2927 1748 2984 quam
1779 2916 1932 2972 licuit

352 2997 584 3050 similem
635 2997 900 3055 ducentes
948 3001 1260 3071 imaginem,
1308 3019 1374 3058 ex
1421 3017 1529 3059 non
1577 3005 1744 3076 picta,
1796 3008 1948 3081 artis,

2040 527 2249 596 μαθὼν,
2303 530 2440 599 πρὸς
2489 531 2851 600 συμὸιδὰσεις
2905 531 3172 603 ἐχώρησε,
3237 534 3330 588 καὶ
3382 537 3611 600 σπονδὰς

2037 618 2318 688 εἰρηνικὰς
2342 621 2732 691 ποιησάμενος,
2755 620 2891 692 πρὸς
2911 621 2980 675 τὰ
3007 623 3181 675 οἰκεῖα
3211 622 3612 694 ἀνθυπενόστη-

2039 725 2150 763 σεν.

2118 803 2201 858 Κ’.
2247 803 2481 872 Ἔμελλε
2525 805 2582 858 δέ
2636 805 2746 876 ἄρα
2799 804 2894 858 καὶ
2928 799 3083 868 οὗτος
3132 804 3234 857 οὑκ
3286 805 3365 869 εἰς
3397 806 3615 873 μακρὰν

2037 896 2360 966 εὐεργεσίας
2424 898 2603 967 τυχεῖν
2631 896 2741 950 ἀπὸ
2790 896 2892 966 τῆς
2942 897 3093 966 ἱερᾶς
3127 895 3332 966 ταύτης
3383 897 3613 963 εἰκόνος,

2036 991 2137 1058 τῆς
2159 987 2271 1041 τῶν
2307 989 2582 1058 πολεμίων
2606 987 2772 1043 αὑτοῦ
2808 990 3174 1060 εὐεργέτιδος,
3215 989 3446 1043 καὶτῶν
3485 993 3615 1044 ἑαυ-

2035 1079 2129 1132 τοῦ
2163 1079 2521 1150 ἁναιρέτίδος.
2555 1080 2628 1132 T6
2674 1081 2783 1150 γὰρ
2813 1080 3005 1133 τούτου
3040 1079 3334 1152 θυγάτριον
3370 1081 3473 1134 ὑπὸ
3499 1083 3615 1136 δαιο

2039 1170 2225 1242 μονίου
2291 1171 2603 1242 πνεύματος
2655 1171 2940 1239 συσχεθὲν,
2971 1171 3066 1225 καὶ
3117 1171 3218 1240 τῆς
3271 1171 3412 1225 κατὰ
3455 1171 3618 1241 φύσιν

2036 1262 2238 1317 ἐκστὰν
2269 1261 2680 1326 καταστάσεως,
2709 1262 2840 1315 ἐϐόα
2875 1263 3116 1332 συνεχῶς
3148 1263 3217 1316 δι’
3269 1262 3432 1317 αὐτοῦ
3465 1264 3614 1334 ἐνερ-

2036 1355 2335 1426 γούμενονο
2376 1355 2439 1408 Εἰ
2468 1355 2544 1426 μὴ
2577 1354 2638 1420 ἐξ
2686 1355 2945 1425 Ἐδέσσης
2971 1357 3006 1425 ἡ
3037 1355 3453 1425 ἀχειροποίητος
3487 1355 3618 1427 ἔλθῃ

2035 1447 2222 1515 εἰκὼν,
2279 1445 2531 1500 ἐντεῦθεν
2561 1446 2623 1500 τὸ
2651 1447 2861 1501 ένοικον
2889 1445 3080 1499 τούτου
3119 1445 3194 1517 μὴ
3250 1445 3613 1514 ἐξελεύσεται.

2037 1535 2217 1606 Ὅπερ
2240 1535 2477 1598 ἀκούσας
2503 1538 2531 1589 6
2557 1534 2830 1606 βασιλεὺς,
2858 1538 2953 1591 καὶ
2976 1535 3046 1588 τὰ
3069 1537 3160 1589 ἐπί
3181 1535 3279 1603 τῆς
3299 1535 3618 1606 πολιορκίας

2034 1632 2395 1704 λογισάμενος
2438 1631 2581 1702 (οὐδὲ
2607 1632 2714 1704 γὰρ
2738 1632 2847 1686 οὐδ’
2883 1630 3101 1702 αὐτδνή
3134 1631 3437 1703 παράδοξος
3467 1632 3619 1697 ἐξαί-

2037 1741 2175 1794 φνης
2212 1725 2384 1794 ἰσχὺς,
2411 1723 2506 1778 καὶ
2534 1724 2596 1777 τὸ
2622 1723 2824 1794 θάρσος
2848 1723 3063 1777 διέλαθε
3091 1723 3200 1777 τῶν
3231 1723 3612 1795 Ἐδεσσηνῶν),

2034 1816 2236 1886 γράφει
2266 1815 2608 1887 παραχρῆμα
2629 1814 2767 1886 πρός
2789 1832 2847 1868 τε
2871 1813 2961 1868 τὸν
2983 1813 3084 1885 τῆς
3115 1813 3322 1878 πόλεως
3349 1813 3619 1886 προεξάρ-

2037 1921 2220 1978 χοντα,
2279 1906 2374 1959 καὶ
2429 1906 2568 1978 πρὸς
2620 1910 2712 1959 τὸν
2744 1904 3151 1976 μητροπολίτην
3205 1905 3489 1967 Εὑλάλιον,
3523 1905 3616 1958 καὶ

2036 2001 2172 2071 πρὸς
2192 2000 2252 2052 τὸ
2274 1999 2452 2053 κοινὸν
2471 1997 2570 2066 τῆς
2595 1999 2823 2065 πόλεως,
2850 1997 3225 2068 ἀποσταλῆναι
3251 1996 3446 2050 θᾶττον
3467 1995 3615 2064 αὑτῷ

2033 2091 2094 2144 τὸ
2134 2091 2276 2144 θεῖον
2312 2089 2407 2145 καὶ
2435 2089 2734 2152 πανσθενές
2787 2087 3179 2158 ἀπεικόνισμα,
3232 2085 3619 2160 προσθεὶς-καὶ

2033 2181 2130 2254 τὴν
2157 2181 2356 2247 αἰτίαν,
2395 2181 2496 2253 τὴν
2524 2179 2625 2251 τῆς
2667 2178 2938 2251 θυγατρὸς
2989 2181 3295 2252 συμφοράν.
3331 2179 3441 2233 Καὶ
3481 2197 3617 2232 παν·

2033 2273 2194 2334 τοίως
2250 2269 2416 2337 ἀξιῶν
2453 2288 2513 2324 τε
2547 2271 2642 2324 καὶ
2699 2269 3039 2341 βιαζόμενος.
3087 2270 3162 2341 μὴ
3195 2271 3490 2340 ἀποτυχεῖν
3517 2270 3620 2339 τῆς

2022 2363 2321 2436 αἰτήσεως.
2377 2363 2440 2414 Oi
2469 2361 2527 2415 δὲ
2567 2361 2630 2414 τό
2658 2377 2719 2413 τε
2744 2359 2838 2414 τοῦ
2865 2361 3135 2430 Περσικοῦ
3171 2360 3332 2431 ἧθους
3388 2360 3620 2414 ἄπιστον

2022 2443 2414 2519 ὑπονοοῦντες,
2470 2453 2565 2507 καὶ
2595 2451 2995 2516 ὑποπτεύοντες
3026 2452 3163 2520 δόλῳ
3213 2451 3499 2522 βούλεσθαι
3523 2452 3619 2504 τὸν

2035 2547 2255 2618 Πέρσην
2285 2546 2385 2615 τὴν
2414 2543 2625 2598 ἑαυτῶν
2651 2541 2946 2612 ὑφελέσθαι
2985 2543 3172 2613 ἰσχὺν,
3226 2545 3318 2596 καὶ
3357 2541 3431 2613 μὴ
3482 2561 3618 2616 προ-

2034 2639 2191 2692 έσθαι
2220 2639 2320 2710 τὴν
2367 2637 2659 2708 προστάτιν
2715 2636 2810 2689 καί
2843 2635 3174 2705 εὐεργέτιδα
3205 2635 3614 2706 προνοοὺμενοι,

2033 2729 2172 2783 ἀλλὰ
2203 2729 2338 2800 μηδὲ
2389 2728 2489 2798 τὴν
2516 2727 2743 2797 εἰρήνην
2771 2725 2933 2779 λῦσαι
2980 2725 3078 2796 τῆς
3106 2725 3363 2795 τοιαύτης
3403 2727 3618 2795 προφά-

2037 2839 2176 2885 σεως
2213 2821 2399 2888 ἕνεκα,
2434 2819 2632 2892 βουλὴν
2678 2818 3025 2889 βουλεύονται
3057 2822 3308 2888 συνετὴν,
3340 2820 3430 2872 καὶ
3465 2819 3618 2872 λυσιο

2033 2914 2292 2968 τελοῦσαν
2340 2914 2546 2976 αὑτοῖς.
2607 2911 3074 2982 Μεταγράψαντες
3131 2911 3242 2982 γὰρ
3293 2911 3418 2980 ἴσην
3471 2911 3614 2965 κατὰ

2036 3008 2215 3063 πάντα
2262 3005 2358 3060 καὶ
2395 3005 2612 3076 ὁμοίαν,
2648 3003 2725 3067 ὡς
2773 3004 2923 3071 ἐνῆν,
2955 3001 3139 3056 εἰκόνα
3189 3003 3285 3072 τῆς
3325 3003 3615 3073 ἀγράπτου

350 3101 517 3154 opera
553 3087 778 3156 pictam,
814 3104 1028 3145 summa
1059 3093 1297 3163 quadam
1329 3097 1580 3165 possibili
1625 3097 1770 3155 illius
1807 3101 1928 3154 imi-

2035 3098 2306 3171 γραπτὴν,
2331 3099 2426 3152 καὶ
2455 3095 2594 3166 πρὸς
2621 3094 2682 3147 τὸ
2701 3095 2938 3165 ἐμφερὲς
2963 3091 3105 3147 κατὰ
3131 3093 3192 3146 τὸ
3216 3091 3441 3146 δυνατὸν
3463 3095 3617 3147 ἅπειο

353 3178 581 3240 tatioue,
615 3177 682 3233 ad
713 3193 891 3250 regem
919 3181 1013 3251 qui
1042 3195 1389 3254 papascerat,
1416 3188 1689 3258 ablegant.
1719 3189 1927 3264 Vixque

2035 3189 2322 3254 κάσαντες,
2351 3187 2490 3258 πρὸς
2519 3186 2610 3240 τὸν
2638 3185 3016 3254 αἰτησάμενον
3043 3183 3486 3238 ἀποστέλλουσιν.
3525 3186 3617 3250 Ὠς

351 3267 488 3321 adeo
514 3283 687 3324 sacrae
714 3273 949 3328 sarcina:
982 3273 1153 3344 bajuli
1183 3277 1476 3333 Persarum
1521 3279 1658 3339 ﬁnes
1690 3283 1931 3341 intrave-

352 3370 496 3422 rant,
524 3377 649 3417 cum
677 3365 860 3419 statim
905 3365 1118 3422 daemon
1169 3369 1363 3440 puellae
1405 3389 1500 3430 ore
1545 3374 1771 3444 clamat,
1804 3395 1927 3434 mox

352 3469 411 3508 se
439 3451 786 3512 adventantis
817 3458 1038 3525 virtute,
1071 3461 1346 3516 exiturum
1374 3478 1438 3519 ac
1465 3464 1704 3536 hospitio
1730 3468 1930 3539 migra-

350 3553 558 3607 turum,
586 3545 748 3602 modo
790 3549 966 3603 solum
1015 3552 1283 3606 accersita
1323 3553 1504 3622 imago
1540 3565 1925 3626 reverteretur,

349 3650 413 3689 ac
439 3651 611 3705 neque
635 3637 702 3692 ad
732 3640 960 3711 regiam,
995 3657 1172 3712 neque
1212 3644 1281 3699 ad
1325 3641 1619 3701 Persarum
1651 3651 1926 3705 civitatem

350 3731 655 3785 accederet.
685 3729 741 3785 ld
771 3733 984 3790 daemon
1026 3749 1056 3788 a
1097 3751 1223 3808 rege
1261 3752 1594 3809 magnopere
1633 3742 1931 3798 contende-

348 3819 440 3875 bat
478 3823 820 3894 supplexque
850 3826 1204 3897 eﬂlagitabat.
1234 3829 1530 3886 Pollicetur
1564 3849 1659 3888 rex
1694 3854 1707 3889 :
1744 3851 1928 3906 egres-

350 3929 521 3982 soque
545 3914 794 3971 daemone
827 3933 892 3972 ac
923 3919 1029 3972 filia
1056 3921 1282 3975 sanitati
1314 3923 1548 3990 reddita,
1581 3924 1740 3980 ﬁdem
1787 3927 1930 3983 Cho-

346 4019 502 4061 srocs
534 4007 865 4064 liberaturus
891 4024 1056 4079 quam
1083 4012 1456 4068 obstrinxerat
1483 4015 1742 4082 dmmoni,
1764 4028 1929 4090 atque

347 4097 681 4165 promissum
733 4109 1090 4166 servaturus,
1147 4103 1264 4158 sive
1309 4105 1472 4159 etiam
1524 4119 1743 4177 propter
1787 4111 1928 4168 mala

345 4203 513 4256 opera
544 4198 598 4245 et
629 4190 864 4261 impura,
893 4195 1162 4250 venientis
1193 4198 1493 4266 potentiam
1522 4201 1750 4265 veritus.
1784 4216 1844 4259 ut
1873 4206 1925 4261 iu

345 4279 538 4333 urbem
564 4281 709 4337 unde
739 4285 951 4340 exierat
983 4285 1160 4358 imago
1192 4287 1465 4345 referatur
1489 4291 1669 4362 jubet.
1695 4311 1760 4351 ac
1790 4313 1928 4368 pra:-

341 4381 491 4426 terea
529 4389 622 4431 eos
657 4376 748 4446 qui
785 4378 1069 4444 miserant,
1105 4383 1424 4440 muneribus
1454 4383 1658 4442 donat-

2030 3283 2088 3336 δέ
2131 3282 2284 3342 ἐντὸς
2336 3279 2444 3333 τῶν
2475 3278 2574 3349 τῆς
2613 3276 2876 3347 Περσίδος
2933 3275 3098 3346 ὁρίων
3145 3277 3398 3345 ἐγένοντο
3421 3278 3472 3330 οἱ
3515 3277 3618 3348 τὴν

2032 3377 2214 3430 εἰκόνα
2252 3371 2685 3445 διακομίζοντες,
2716 3369 2917 3432 ἐνθέως
2957 3370 3044 3423 διὰ
3071 3370 3170 3440 τῆς
3217 3368 3313 3422 τοῦ
3350 3369 3631 3440 βασιλέως

2032 3467 2302 3538 θυγατρὸς
2325 3467 2353 3520 6
2377 3465 2586 3535 δαίμων
2613 3459 2906 3534 ἀνέκραξε.
2933 3459 3127 3515 θᾶττον
3151 3459 3494 3530 ἐξέρχεσθαι,
3517 3462 3616 3514 καὶ

2030 3558 2336 3628 διαμείσειν
2372 3555 2470 3626 τὴν
2496 3555 2711 3624 οίκησιν
2739 3553 2838 3622 τῆς
2861 3551 2956 3605 τοῦ
2988 3551 3286 3622 ἐρχομένου
3329 3550 3614 3622 δυνάμεως

2031 3653 2214 3717 ἕνεκα,
2249 3648 2408 3718 μόνον
2440 3647 2576 3700 εἰτὸ
2615 3644 2956 3715 μετακληθὲν
2981 3644 3366 3716 ἁποστραφείη
3408 3645 3612 3714 ὁμοίω·-

2035 3761 2132 3815 μα,
2187 3743 2282 3796 καὶ
2314 3741 2389 3811 μὴ
2421 3741 2532 3802 τοῖς
2580 3737 2896 3809 βασιλείοις,
2943 3736 3080 3807 μηδὲ
3103 3739 3169 3807 τῇ
3203 3736 3356 3790 πόλει
3385 3735 3615 3807 Περσῶν

2033 3833 2428 3905 προσπελάσει.
2463 3832 2573 3886 Καὶ
2605 3829 2742 3899 πρὸς
2793 3827 2952 3881 τοῦτο
3009 3821 3182 3880 πολλὰ
3217 3825 3310 3880 τοῦ
3348 3827 3615 3897 βασιλέως

2031 3930 2201 3983 ἐδεῖτο
2231 3928 2325 3998 καὶ
2356 3923 2733 3979 καθικέτευεν.
2793 3921 3197 3990 ’Υποσχομένου
3233 3919 3290 3973 δὲ
3322 3920 3611 3990 βασιλέως,

2030 4018 2338 4086 ἐξελθόντος
2372 4016 2479 4070 ἀπὸ
2532 4013 2631 4084 τῆς
2689 4011 2857 4081 κόρης
2903 4008 3000 4063 τοῦ
3050 4007 3328 4078 δαίμονος,
3393 4009 3488 4062 καὶ
3553 4011 3616 4061 ἐν

2032 4111 2207 4178 ὑγειεῖ
2229 4105 2562 4163 καταστάσει
2594 4102 2883 4172 γεγονυίας
2905 4102 3006 4171 τῆς
3033 4101 3301 4169 βασιλείου
3339 4101 3549 4164 παιδὸς,
3585 4105 3616 4154 ό

2030 4202 2298 4274 Χοσρόης,
2329 4201 2439 4252 εἴτε
2468 4197 2566 4270 τὴν
2586 4197 2680 4250 τοῦ
2705 4193 3078 4268 αἰτησαμένου
3109 4192 3364 4262 δαίμονος
3386 4193 3613 4255 ἀξίωσιν

2031 4293 2344 4367 ἐκπληρῶν,
2393 4291 2490 4345 καὶ
2540 4290 2640 4360 τὴν
2693 4288 2988 4357 ὑπόσχεσιν
3047 4283 3321 4354 ἐμπεδῶν,
3370 4285 3479 4336 εἴτε
3512 4283 3614 4351 τὴν

2030 4388 2124 4444 τοῦ
2155 4383 2451 4458 ἐρχομένου
2491 4380 2724 4450 δύναμιν
2755 4377 2966 4440 δεδιὼς,
2994 4376 3084 4430 διὰ
3107 4377 3168 4430 τὸ
3206 4373 3412 4446 φαῦλον
3442 4374 3612 4429 αὐτοῦ

339 4459 448 4514 τῶν
503 4463 679 4534 ἔργων
737 4469 832 4521 καὶ
874 4469 1141 4540 μυσαρὸν,
1178 4471 1509 4538 ἀποστείλας
1559 4475 1900 4550 ὑποστρέψαι
1941 4481 2078 4555 πρὸς
2122 4478 2243 4549 τὴν,
2284 4473 2376 4540 ἀφ’
2409 4466 2477 4541 ἧς
2509 4468 2720 4540 ἐξῆλθε,
2772 4467 2928 4520 πόλιν
2948 4464 3046 4537 τὴν
3103 4466 3362 4537 τοιαύτην
3429 4467 3613 4520 εἰκόνα

340 4555 616 4612 ἐκέλευσε.
655 4560 765 4613 Καὶ
795 4561 944 4633 δῶρα
966 4565 1222 4635 προσθεὶς
1249 4567 1382 4637 παρ’
1412 4569 1604 4624 ἑαυτοῦ
1636 4573 1774 4644 πρὸς
1799 4576 1921 4640 τοὺς
1956 4575 2162 4643 ταύτην
2197 4565 2614 4637 ἐκπέμψαντας.

408 4647 551 4703 XXI.
595 4649 763 4706 Erant
805 4667 937 4724 ergo
985 4658 1128 4726 apud
1180 4658 1488 4718 Edessenos
1532 4668 1786 4734 pretiosae
1836 4667 1916 4722 hac

2097 4666 2228 4718 KA'.
2257 4657 2366 4714 Ἦν
2399 4657 2492 4712 οὖν
2515 4657 2669 4727 παρὰ
2699 4657 2810 4721 τοῖς
2873 4657 3214 4726 Ἐδεσσηνοΐς
3238 4656 3266 4707 6
3313 4651 3610 4722 πολύτιμος

341 4737 607 4807 reliquiae,
649 4739 1009 4798 inexhaustus
1047 4745 1379 4815 thesaurus,
1429 4753 1609 4825 imago
1659 4757 1750 4810 illa
1804 4760 1916 4827 pri-

340 4827 512 4882 maria
551 4829 811 4900 nullaque
840 4832 1068 4901 picturae
1099 4842 1218 4893 arte
1250 4839 1449 4905 cﬂieta,
1475 4843 1660 4914 jugem
1691 4847 1802 4901 illic
1830 4865 1917 4903 ve-

341 4921 676 4976 nerationem
711 4923 942 4991 habens,
975 4943 1216 5001 suosque
1250 4933 1496 4990 vicissim
1529 4936 1758 4992 clientes
1798 4956 1916 4994 ser-

341 5027 474 5066 vans
504 5029 566 5067 ac
595 5024 775 5070 tuens.
804 5014 1102 5089 Postquam
1139 5031 1320 5078 autem
1353 5025 1420 5079 ad
1453 5036 1740 5098 augustam
1777 5031 1915 5084 hanc

341 5104 525 5161 urbeu.
586 5109 784 5176 aptima
836 5127 1070 5183 qumque
1117 5130 1182 5169 ac
1231 5117 1597 5187 pulcherrima
1638 5121 1917 5178 conﬂuxe-

341 5205 481 5263 rant,
513 5197 815 5272 divinaeque
862 5205 1160 5261 voluntatis
1201 5219 1341 5271 erat,
1385 5220 1444 5265 ut
1476 5223 1530 5266 et
1565 5213 1666 5268 hoc
1697 5229 1913 5270 sacrum

340 5287 536 5358 pignus
571 5306 693 5346 cum
741 5296 970 5367 reliquis
1018 5300 1138 5366 ejus
1169 5303 1452 5369 praeclaris
1485 5311 1826 5363 ornamentis
1862 5310 1914 5362 in

339 5391 402 5431 ea
435 5383 856 5453 reconderetur;
903 5389 997 5458 qui
1034 5390 1250 5459 imperii
1300 5393 1528 5448 Rmuaui
1561 5399 1773 5452 clavum
1814 5401 1917 5452 llu-

340 5485 531 5525 tuauus
560 5481 770 5531 teneret
807 5493 871 5532 ac
915 5495 1098 5535 rerum
1139 5499 1351 5538 summa
1393 5489 1678 5556 potiretur,
1711 5491 1764 5545 iu
1797 5507 1916 5545 eam

340 5573 453 5612 rem
487 5560 754 5618 incumbit
788 5581 850 5621 ac
883 5577 1046 5623 naval
1077 5585 1320 5642 operam,
1349 5576 1464 5629 suis
1505 5584 1563 5629 ut
1601 5577 1752 5633 curis
1793 5580 1923 5632 urbs

345 5662 568 5719 augusta
604 5654 877 5713 felicitatis
904 5663 1144 5728 cumulo,
1188 5665 1240 5719 id
1285 5682 1503 5736 quoque
1551 5669 1920 5724 uaucisratur.

349 5739 560 5811 Swpius
594 5746 736 5802 enim
775 5749 898 5808 aliis
930 5754 1162 5827 aliisque
1192 5759 1532 5829 temporibus
1567 5760 1748 5816 missis
1785 5777 1916 5816 nune

2017 4758 2173 4820 ὄλϐος
2203 4748 2382 4819 οὗτος,
2411 4753 2440 4804 6
2471 4750 2744 4812 ἀκένωτος
2784 4749 3082 4819 θησαυρὸς,
3133 4750 3166 4818 ὴ
3200 4745 3364 4799 εἰκὼν
3394 4747 3427 4814 ἡ
3457 4761 3612 4814 πρω-

2016 4849 2252 4910 τότυπὸς
2272 4863 2332 4899 τε
2359 4844 2452 4897 καὶ
2480 4843 2750 4914 ἄγραφος,
2792 4839 3080 4910 τιμωμένη
3111 4837 3200 4891 ἀεὶ
3239 4836 3376 4906 πρὸς
3406 4836 3610 4897 αὐτῶν,

2017 4941 2110 4995 καί
2139 4935 2582 5009 ἀντιφρουροῦσα
2615 4932 2836 4996 αὐτούς.
2879 4933 3036 4986 Ἐπεὶ
3057 4931 3113 4984 δὲ
3137 4931 3274 4998 πρὸς
3312 4929 3415 4998 τὴν
3455 4928 3612 4998 βασι-

2015 5031 2282 5085 λεύουσαν
2314 5028 2520 5097 ταύτην
2553 5024 2668 5078 τῶν
2696 5023 2908 5077 πόλεων
2947 5022 3015 5075 τὰ
3043 5020 3389 5091 πανταχόθεν
3414 5021 3609 5089 συνερο

2021 5124 2224 5195 ρύηκεν
2244 5115 2577 5187 ἀγαθώτατά
2605 5132 2664 5167 τε
2689 5114 2782 5167 καὶ
2813 5113 3077 5166 κάλλιστα
3094 5128 3108 5142 ο
3141 5107 3208 5182 ἦν
3233 5111 3292 5164 δὲ
3333 5109 3442 5178 ἄρα
3466 5109 3611 5164 θεῖόν

2018 5231 2078 5266 τε
2115 5211 2365 5283 βούλημα
2404 5209 2504 5262 καὶ
2553 5207 2652 5275 τὴν
2693 5204 2846 5275 ἰερὰν
2896 5203 3103 5273 ταύτην
3137 5202 3325 5255 εἰκόνα
3375 5200 3612 5254 ἐνταῦθα

2023 5303 2162 5374 μετὰ
2190 5301 2299 5357 τῶν
2332 5299 2510 5354 me»:
2567 5294 3114 5367 ἀποθησαυρισθῆναι
3156 5293 3338 5346 καλῶν
3372 5308 3386 5322 ο
3437 5294 3468 5344 6
3511 5291 3612 5354 τίς

2031 5395 2322 5465 Ῥωμαίων
2374 5389 2646 5460 κυριεύων
2700 5387 2877 5458 ἀρχῆς
2923 5385 3229 5456 Ῥωμανδς,
3285 5383 3612 5452 σπούδασμα

2025 5488 2258 5538 ποιεῖται
2290 5484 2355 5536 δι’
2383 5481 2578 5536 ἑαυτοῦ
2610 5479 2816 5546 ταύτης
2846 5479 3284 5546 κατευμοιρῆσαι
3315 5475 3409 5528 καὶ
3439 5489 3612 5526 κατα-

2026 5575 2328 5645 πλουτῆσαι
2353 5574 2450 5644 τὴν
2480 5571 2890 5643 βασιλεύουσαν.
2919 5571 3026 5624 Καὶ
3050 5568 3116 5639 δὴ
3141 5568 3284 5622 κατὰ
3319 5567 3610 5635 διαφόρους

2027 5669 2254 5738 καιροὺς
2312 5665 2639 5726 ἀποστείλας
2695 5664 2833 5734 πρδς
2872 5661 3162 5729 Ἔδεσσαν,
3194 5663 3374 5732 ᾐτεῖτο
3402 5658 3612 5727 ταύτην

2030 5759 2180 5828 αὑτῴ
2210 5760 2348 5830 μετὰ
2372 5760 2466 5830 τῆς
2499 5756 2848 5829 αὑτογράφου
2873 5755 2966 5810 τοῦ
2991 5755 3198 5827 Κυρίου
3223 5749 3610 5823 ἐκπεμφθῆναι
