4050 6420
325 332 434 395 445

1296 327 1692 388 ΝΑΒΠᾹΤΙΟ
1733 327 1830 388 DE
1875 327 2204 389 IMAGINE
2239 327 2654 391 EDESSENA.

3480 333 3587 400 M6

325 445 637 515 ἐπιστολῆς,
657 444 754 498 καὶ
779 443 1107 498 ἀντιδιδόναι
1142 440 1566 514 καθυπισχνεῖτο
1606 443 1792 506 αὐτοῖς
1825 444 1906 506 εἰς

2014 443 2121 504 liis.
2155 444 2359 501 Edessa
2396 443 2718 500 mittendam
2752 458 2859 498 una
2889 457 3014 497 cum
3043 445 3273 514 epistola
3297 451 3458 517 quam
3486 465 3588 506 sua

321 534 708 605 ἀντάλλαγμα,
733 532 1090 606 Σαρακηνοὸς
1114 550 1173 587 τε
1199 533 1363 604 μέχρι
1389 534 1586 605 διπλῆς
1610 534 1908 587 ἑκατοντά-

318 629 413 692 δος
440 627 534 681 τὸν
564 625 824 697 ἀριθμὸν,
856 625 952 680 καὶ
979 625 1222 697 ἀργύρου
1247 626 1526 696 ἐπισήμου
1549 625 1792 698 χιλιάδας
1813 625 1909 680 δύο

319 722 462 793 πρὸς
489 720 715 792 μυριάδι
738 719 860 792 μιᾷ.
888 721 950 774 Οἰ
973 720 1030 773 δέ
1058 717 1159 790 τῆς
1199 719 1477 790 Ἐδέσσης,
1507 721 1581 791 μὴ
1605 719 1908 773 λυσιτελεῖν

319 814 506 874 αὐτοῖς
560 811 751 880 ιλεγον
796 810 898 882 τὴν
927 811 1146 882 φύλακα
1195 813 1287 866 καί
1314 815 1551 884 φρουρὸν
1573 813 1671 882 τῆς
1702 811 1909 875 οἰκείας

317 901 534 965 πόλεως
559 900 828 971 ἀργυρίου
853 902 952 956 καὶ
977 900 1190 972 θνητῶν
1221 902 1529 971 ἀνθρώπων
1547 895 1905 968 ἀλλάξασθαι.

390 1179 526 1237 KB’.
563 1179 656 1244 Ὦς
681 1179 742 1234 δέ
760 1177 790 1234 ὁ
814 1179 912 1252 μὲν
947 1179 1224 1235 ἐπείκειτο
1252 1179 1364 1250 (15)
1397 1179 1494 1234 καὶ
1516 1179 1673 1244 αὖθις
1705 1181 1905 1247 αὐτῶν,

320 1273 367 1326 οἰ
394 1272 452 1325 δέ
479 1269 752 1333 πολλάκις
769 1269 872 1340 τὴν
901 1268 1090 1340 δέησιν
1119 1266 1527 1341 παρεκρούοντο
1546 1282 1560 1297 ·
1589 1267 1744 1331 τέλος
1767 1264 1910 1321 κατὰ

321 1361 415 1416 τοῦ
477 1359 954 1429 ἐξακισχιλιοστοῦ
1019 1353 1475 1431 τετρακοσιοστοῦ
1539 1357 1906 1429 πεντηκοστοῦ

325 1452 583 1522 δευτέρου
635 1451 736 1521 τῆς
769 1448 866 1503 τοῦ
923 1450 1130 1520 κόσμου
1193 1450 1462 1518 γενέσεως
1515 1450 1691 1514 ἔτους,
1739 1449 1768 1502 ὀ
1812 1447 1912 1518 τῆς

345 1542 598 1611 Ἐδέσσης
668 1540 998 1594 ἀπέστειλεν
1079 1537 1345 1613 ἀμηρᾶς,
1420 1539 1588 1606 ἀξιῶν
1647 1539 1912 1613 ἐγγράφῳ

342 1633 602 1704 ἀσφαλείᾳ
633 1633 719 1686 διὰ
753 1633 1052 1703 σφραγῖδος
1075 1636 1286 1705 χρυσῆς
1310 1635 1542 1704 ἐχούσης
1577 1633 1639 1686 τὸ
1662 1632 1904 1704 βέϐαιον,

346 1725 431 1779 τὸν
478 1724 697 1794 βασιλέα
740 1724 1226 1795 κατεγγυήσασθαι
1253 1764 1268 1788 ,
1328 1717 1422 1777 τοῦ
1474 1724 1549 1793 μὴ
1617 1723 1910 1792 πολεμίους

2010 535 2278 590 Dominus
2333 545 2494 589 manu
2547 534 2980 604 conscripserat,
3031 550 3244 590 sacram
3295 537 3590 610 imaginem

2012 639 2320 702 rogaverat,
2349 646 2414 686 ac
2455 630 2700 685 vicissim
2744 627 3010 684 ducentos
3041 628 3368 698 Saracenos,
3399 647 3594 702 argen-

2011 721 2163 793 tique
2203 721 2402 793 signati
2441 721 2735 777 duodecim
2779 720 2952 776 millia
2994 719 3441 778 commutationis
3470 723 3596 793 jure

2010 812 2266 868 daturum
2313 827 2370 866 se
2419 811 2701 882 pollicitus
2734 820 2875 866 erat.
2915 810 3070 866 Haud
3103 821 3287 868 tamen
3329 807 3595 870 Edesseni

2009 917 2073 958 ex
2101 903 2217 958 suis
2239 903 2550 958 rationibus
2579 917 2702 959 esse
2727 902 3005 965 dicebant,
3036 903 3184 973 quod
3214 919 3327 960 sua:
3355 903 3598 960 civitatis

2010 993 2293 1049 custodem
2323 1009 2388 1050 ac
2413 994 2878 1050 conservatricem
2904 995 3157 1065 pecunia,
3179 1011 3243 1050 ac
3269 991 3597 1051 mortalibus

2010 1085 2286 1155 Capitibus
2319 1091 2749 1141 commutarent.
3605 1073 3609 1076 ’

2080 1173 2250 1230 XXII.
2294 1173 2563 1246 Repetitae
2599 1177 2803 1247 saepius
2826 1191 3044 1246 preces,
3083 1173 3286 1247 saepius
3317 1177 3596 1246 repulsam

2010 1279 2188 1338 passae
2223 1287 2236 1322 :
2264 1269 2439 1324 donec
2473 1269 2691 1324 tandem
2717 1283 2745 1322 a
2778 1269 2967 1324 mundi
2997 1268 3221 1324 conditu
3260 1267 3443 1325 sexies
3473 1270 3598 1324 mil-

2011 1359 2207 1414 lesimo
2272 1359 2821 1430 quadringentesimo
2884 1359 3348 1430 quinquagesimo
3400 1374 3599 1414 secun-

2011 1449 2082 1503 do
2107 1448 2241 1520 (il),
2281 1451 2469 1508 missis
2512 1466 2727 1508 ameras
2759 1451 3072 1507 Edessenus
3106 1451 3338 1514 nuntiis,
3373 1461 3430 1504 ut
3460 1450 3600 1504 scri-

2012 1547 2102 1607 pta
2161 1541 2424 1597 cautione
2479 1556 2650 1596 aureo
2707 1542 2992 1611 signaculo
3040 1539 3255 1596 ﬁrmata
3303 1542 3600 1610 imperator

2013 1625 2361 1700 lidejuberet,
2412 1629 2534 1687 fore
2580 1633 2796 1688 scilicet
2827 1641 2886 1687 ut
2925 1633 3188 1702 deinceps
3232 1631 3461 1687 hostiles
3491 1629 3602 1683 Ro-

2016 1735 2306 1778 manorum
2339 1724 2511 1795 copia:
2540 1725 2708 1780 hasce
2735 1727 2973 1794 quatuor
3014 1725 3269 1779 civitates
3304 1739 3411 1778 non
3441 1724 3597 1777 inva-

340 1817 656 1890 ἐπέρχεσθαι
680 1816 746 1871 τά
765 1816 876 1872 τῶν
905 1814 1194 1884 Ῥωμαίων
1217 1816 1604 1888 στρατεύματα
1633 1814 1774 1869 κατά
1797 1813 1907 1867 τῶν

2014 1811 2240 1867 tierent:
2275 1811 2524 1879 Roehan,
2560 1827 2726 1884 quam
2759 1827 2863 1869 vox
2909 1814 3143 1868 barbara
3193 1813 3456 1869 Edessam
3506 1827 3602 1866 vo-

332 1913 612 1978 τεσσάρων
639 1910 844 1965 τούτων
867 1909 1096 1976 πόλεων,
1131 1911 1274 1982 φημί
1300 1909 1387 1982 δὴ,
1408 1907 1500 1964 τοῦ
1530 1907 1744 1981 Ῥοχᾶν,
1767 1911 1906 1982 ὅπερ

327 2003 421 2075 τὴν
458 2001 728 2058 Ἔδεσσαν
770 2004 803 2074 ἡ
843 2002 1118 2074 βάρϐαρος
1145 2003 1402 2072 ὀνομάζει
1445 2003 1596 2072 φωνή
1624 2019 1638 2034 ο
1668 2001 1762 2056 τοῦ
1794 2003 1912 2057 Xa—

330 2098 446 2170 ρᾶν,
482 2095 580 2149 τοῦ
608 2095 912 2168 Σαράτους,
948 2096 1043 2149 καὶ
1072 2093 1181 2148 τῶν
1219 2094 1574 2163 Σαμοσάτων.
1608 2089 1759 2165 Μηδέ
1787 2093 1906 2166 ληῖο

326 2187 516 2254 ζεσθαι
541 2187 672 2250 τοὺς
697 2185 906 2240 τούτων
927 2185 1152 2256 ἀγροὺς,
1186 2184 1219 2255 ἢ
1250 2186 1378 2249 τοὺς
1413 2187 1472 2238 ἐν
1504 2185 1689 2249 αὐτοῖς
1716 2203 1903 2240 κατοι-

321 2277 557 2342 κοῦντας
589 2275 1083 2348 ἀνδραποδίζεσθαι
1112 2293 1126 2305 ·
1182 2276 1520 2344 ἀπολυθῆναι
1550 2275 1606 2329 δὲ
1643 2277 1793 2347 αὐτῷ
1812 2279 1908 2331 καὶ

317 2370 451 2432 τοὺς
497 2368 809 2432 διακοσίους
845 2369 956 2422 ἀπὸ
1013 2367 1124 2422 τῶν
1182 2367 1472 2438 ὁμοφύλων
1531 2370 1904 2438 Σαρακηνοὺς,

320 2464 469 2533 μετά
500 2466 601 2534 τῆς
630 2464 1132 2536 προϋπεσχημένης
1159 2463 1253 2518 τοῦ
1284 2465 1551 2537 ἀργυρίου
1586 2466 1905 2537 ποσότητος,

317 2555 421 2609 καί
450 2555 851 2609 ἀνταποδοῦναι
893 2556 1055 2610 αὑτὸν
1087 2557 1188 2628 τὴν
1230 2557 1666 2631 ἐπιζητουμένην
1697 2559 1907 2628 εἰκόνα,

317 2644 419 2697 καὶ
449 2642 551 2714 τὴν
585 2643 882 2713 ἐπιστολὴν
914 2641 1010 2698 τοῦ
1045 2644 1308 2717 Χριστοῦ.

393 2735 528 2790 ΚΡ.»
556 2735 618 2789 '0
642 2735 698 2790 δέ
725 2735 982 2804 βασιλεὺς
1009 2739 1076 2808 τῇ
1103 2736 1288 2806 ἐφέσει
1336 2738 1432 2792 τοῦ
1460 2739 1704 2794 τοιούτου
1739 2738 1906 2795 καλοῦ

315 2826 464 2896 πρὸς
514 2826 695 2881 πάντα
728 2826 960 2893 ὑπείξας
989 2829 1057 2882 τὰ
1104 2829 1559 2902 προϐαλλόμενα,
1611 2832 1910 2903 Ἀὁράμιον

313 2921 416 2973 τὸν
443 2919 668 2990 θεοφιλῆ
699 2919 794 2973 τοῦ
823 2919 1142 2990 Σαμοσάτου
1177 2921 1500 2988 ἐπίσκοπον,
1522 2922 1757 2976 ἐνταῦθα
1785 2925 1909 2977 κατ’

315 3014 504 3067 ἐκεῖνο
533 3010 734 3082 καιροῦ
787 3012 1244 3084 ἐπιχωριάζοντα,
1272 3015 1362 3067 ἐπὶ
1401 3018 1466 3085 τῇ
1507 3015 1772 3086 ἀναλήψει
1807 3017 1909 3085 τῆς

319 3100 476 3165 θείας
498 3098 735 3167 εἰκόνος,
759 3099 857 3154 καὶ
890 3101 987 3170 τῆς
1022 3101 1315 3172 ἐπιστολῆς
1360 3103 1600 3173 Χριστοῦ
1650 3105 1743 3157 τοῦ
1769 3103 1906 3160 Θεοῦ

319 3191 486 3264 ἡμῶν
512 3187 890 3260 ἐξαπέστειλε.
915 3185 1143 3247 Σκοπῶν
1171 3193 1228 3247 δὲ
1255 3195 1351 3248 καὶ
1371 3197 1398 3248 ὁ
1424 3196 1753 3260 ἀποστείλας
1769 3238 1785 3264 ,
1814 3199 1912 3251 καὶ

318 3284 351 3336 ὸ
377 3279 804 3352 διακονούμενος
825 3277 902 3352 μὴ
931 3282 1310 3354 κατασοφισθῇ
1343 3283 1475 3354 περί
1497 3284 1597 3354 τὴν
1629 3284 1908 3349 ἀπόδοσιν,

323 3372 417 3428 παὶ
457 3373 585 3428 ἀντὶ
631 3372 731 3444 τῆς
757 3372 1010 3442 ἀγράφου
1065 3374 1160 3427 καὶ
1188 3374 1448 3444 ἀληθοῦς,
1496 3377 1911 3445 μεταγραφείσα

324 3464 442 3519 τότε
479 3464 570 3520 διά
601 3465 702 3537 τὴν
755 3465 1034 3538 Περσικὴν
1073 3467 1398 3539 περίστασιν
1439 3467 1616 3540 τούτῳ
1662 3467 1910 3539 ἐπιδοθῇ,

326 3557 645 3629 ἀμφοτέρας
693 3558 904 3622 ταύτας
953 3558 1094 3629 μετά
1135 3560 1229 3612 καὶ
1256 3559 1453 3630 ἐτέρας
1477 3559 1578 3629 τῆς
1612 3562 1670 3612 ἐν
1701 3561 1766 3631 τῇ
1803 3559 1912 3612 τῶν

327 3651 712 3722 Νεστοριανῶν
768 3649 1070 3722 Ἐκκλησία
1101 3650 1440 3720 τιμωμένης,
1481 3650 1651 3703 πάλαι
1679 3653 1774 3704 καὶ
1811 3652 1910 3704 αὺ-

336 3745 457 3816 τῆς,
484 3745 556 3808 ὣς
587 3745 790 3810 ἔοικεν,
845 3743 955 3798 ἀπὸ
1011 3744 1111 3814 τῆς
1145 3744 1504 3816 πρωτοτύπου
1541 3744 1908 3816 μεταληφθεί-

345 3852 462 3906 σης,
484 3834 836 3907 ἐπιζητήσας,
861 3836 996 3906 πρὸς
1021 3835 1288 3890 πίστωσιν
1307 3836 1520 3891 ἕλαόεν.
1546 3835 1612 3890 Λῖ
1633 3836 1726 3890 καὶ
1753 3832 1912 3901 αὖθις

333 3925 800 3997 ἀνταπεδόθησαν,
852 3925 1020 3998 μόνης
1069 3927 1508 3998 ἐγκρατηθείσης
1561 3927 1665 3998 τῆς
1714 3930 1912 3998 κυρίας

327 4018 424 4072 καὶ
450 4015 716 4088 ἀληθοῦς.

391 4197 521 4250 KA'.
555 4193 730 4247 Τοῦτο
767 4193 869 4264 μὲν
889 4190 1140 4264 ὕστερον.
1162 4195 1274 4248 Καὶ
1302 4195 1424 4248 τότε
1453 4195 1510 4248 δὲ
1540 4196 1726 4260 στάσις
1758 4197 1910 4268 παρά

320 4286 432 4340 τῶν
457 4287 519 4340 ἀν
553 4284 780 4356 Ἐδὲσσῃ
818 4285 1031 4339 πιστῶν
1063 4285 1390 4357 διηγείρετο,
1416 4288 1512 4341 καὶ
1541 4286 1772 4359 θόρυϐος
1809 4289 1912 4359 τὴν

319 4378 482 4433 πόλιν
506 4379 730 4448 κατεῖχε
761 4377 976 4446 συχνὸς,
1007 4376 1083 4449 μὴ
1114 4377 1411 4449 μεθιέντων
1440 4379 1808 4450 ἀφαιρεθῆναι
1841 4382 1911 4436 τὰ

2013 1911 2135 1971 eat;
2165 1902 2420 1970 Charam,
2466 1901 2682 1970 Sarate,
2723 1913 2780 1962 et
2818 1905 3149 1961 Samosata:
3191 1921 3368 1976 neque
3407 1918 3598 1960 eorum

2014 2011 2175 2066 agros
2201 1997 2521 2068 diriperent,
2549 2009 2647 2054 aut
2680 2010 2746 2055 ex
2773 1998 2972 2054 incolis
3005 1997 3253 2068 captivos
3283 1993 3597 2067 abigerent;

2014 2088 2282 2145 ducentos
2313 2103 2531 2160 quoque
2563 2089 2872 2147 Saracenos
2911 2105 2977 2146 ex
3020 2087 3426 2145 contribulibus
3466 2087 3601 2142 libe-

2015 2193 2107 2234 ros
2140 2180 2292 2234 abire
2319 2180 2550 2247 sineret,
2598 2194 2663 2235 ac
2704 2195 2868 2249 quam
2897 2187 3023 2235 ante
3061 2175 3409 2249 promiserat,
3437 2187 3602 2245 pecu-

2016 2273 2120 2328 nia:
2149 2273 2257 2326 vim
2284 2273 2654 2343 dependeret:
2681 2272 2805 2327 llaec
2831 2272 2878 2328 si
2908 2277 3326 2342 praestarentur,
3357 2266 3602 2322 redditu-

2015 2377 2136 2418 rum
2176 2381 2234 2421 se
2277 2381 2438 2438 quam
2481 2365 2763 2438 ﬂagitabat
2800 2363 3098 2435 imaginem
3139 2377 3204 2418 ac
3243 2359 3445 2418 Christi
3483 2357 3610 2429 e‘pio'

2017 2457 2241 2513 stolam.

2088 2736 2281 2794 XXIII.
2326 2738 2395 2792 At
2424 2737 2724 2807 imperator
2755 2734 2876 2805 ejus
2908 2731 3039 2788 buui
3071 2727 3347 2787 desiderio
3373 2729 3441 2786 ad
3476 2727 3609 2786 om-‘

2018 2833 2106 2887 nia
2144 2833 2256 2885 haec
2289 2826 2569 2902 preposita
2597 2827 2793 2894 facilis,
2819 2833 2984 2897 atque
3013 2839 3076 2880 ea
3111 2839 3235 2894 qua:
3267 2823 3599 2893 petebantur

2018 2919 2272 2974 munifice
2294 2919 2563 2985 tribuens,
2582 2916 3062 2988 religiosissimum
3092 2914 3364 2970 Samosati
3383 2915 3600 2984 episco-

2019 3025 2144 3082 pum
2187 3012 2503 3065 Ahramium
2549 3018 2682 3064 tunc
2721 3007 2987 3077 temporis
3033 3005 3282 3078 Byzantii
3321 3012 3600 3076 agentem,

2018 3105 2083 3157 ad
2111 3104 2352 3158 divinam
2381 3102 2700 3174 imaginem,
2736 3100 3056 3170 Christique
3081 3099 3175 3155 Dei
3202 3099 3379 3155 nostri
3405 3098 3605 3169 episto-

2013 3197 2116 3250 lam
2171 3195 2536 3265 recipiendam
2596 3195 2762 3249 misit.
2823 3191 3037 3248 Cavens
3091 3201 3274 3247 autem
3323 3199 3438 3246 tum
3503 3187 3601 3261 qui

2014 3288 2262 3354 miserat,
2288 3294 2403 3340 tum
2435 3285 2523 3355 qui
2559 3285 2870 3340 ministerio
2900 3285 3330 3355 defungebatur,
3374 3298 3442 3338 ne
3469 3282 3600 3352 quid

2016 3378 2224 3434 fraudis
2267 3390 2428 3434 sacro
2469 3377 2700 3448 pignore
2738 3374 3123 3447 consignando
3167 3375 3481 3446 obreperet,
3537 3389 3602 3428 ac

2013 3482 2115 3542 pro
2153 3469 2392 3540 imagine
2423 3483 2528 3523 non
2562 3466 2879 3522 manufacta
2905 3481 3163 3537 veraque,
3197 3483 3260 3522 ea
3289 3463 3602 3522 traderetur

2013 3575 2136 3631 quae
2167 3561 2238 3616 ob
2271 3561 2619 3629 ingruentem
2649 3556 2932 3613 Persicam
2969 3559 3362 3613 necessitatem
3397 3573 3464 3611 ex
3504 3556 3597 3610 illa

2013 3662 2147 3707 tunc
2195 3651 2359 3706 ducta
2413 3649 2626 3718 fuerat;
2669 3650 2858 3704 ambas
2907 3650 3008 3704 has
3043 3663 3258 3702 necnon
3296 3659 3349 3702 et
3381 3648 3598 3702 tertiam

2015 3743 2200 3808 aliam,
2245 3757 2368 3813 qua:
2397 3741 2451 3795 in
2486 3741 2728 3796 Ecclesia
2779 3739 3234 3795 Nestorianorum
3285 3738 3595 3804 colebatur,

2015 3834 2277 3905 quaeipsa
2319 3841 2558 3903 quoque,
2597 3840 2656 3886 ut
2700 3839 2784 3888 est
2815 3831 3137 3892 verisimile,
3179 3845 3245 3885 ex
3295 3829 3470 3900 primo
3505 3830 3600 3884 illo

2013 3925 2176 3980 ducta
2209 3925 2507 3996 exemplari
2537 3922 2738 3989 fuerat,
2774 3938 2900 3978 cum
2926 3922 3237 3994 quaesiisset
3267 3922 3503 3992 accepit,
3528 3921 3598 3976 ad

1965 4017 1975 4032 ‘
2016 4019 2176 4073 fidem
2226 4017 2305 4072 rei
2357 4017 2738 4081 astruendam,
2785 4031 2908 4088 quae
2942 4031 3138 4071 rursus
3187 4014 3412 4070 redditae
3445 4025 3596 4079 sunt,

2014 4122 2076 4163 ea
2109 4107 2287 4161 solum
2325 4114 2559 4172 retenta,
2593 4121 2715 4177 qua:
2751 4106 2973 4178 propria
3009 4120 3251 4175 veraque
3281 4112 3421 4160 erat.

2087 4197 2278 4252 XXIV.
2313 4197 2420 4254 Sed
2449 4197 2562 4254 haec
2595 4200 2812 4269 quidem
2848 4207 3053 4270 postea.
3081 4197 3238 4252 Tunc
3259 4205 3438 4253 autem
3468 4197 3552 4252 lid.
3575 4227 3602 4239 -

2015 4291 2145 4345 lium
2202 4289 2420 4346 Edessa:
2480 4293 2719 4346 excitata
2773 4291 2994 4357 seditio,
3055 4289 3421 4359 frequensque
3482 4300 3601 4345 erat

2016 4383 2255 4438 civitatis
2279 4384 2603 4448 commotio,
2633 4399 2756 4437 cum
2785 4383 2888 4438 sibi
2915 4381 3320 4454 pretiosissima
3350 4381 3598 4451 pignora,

317 4469 639 4540 τιμιώτατα
689 4468 798 4522 τῶν
842 4469 1203 4538 παράὐτοῖς,
1250 4469 1347 4523 καὶ
1398 4471 1499 4541 τῆς
1530 4472 1902 4544 ἐνεγκαμένης

2014 4483 2068 4530 et
2106 4476 2306 4544 quibus
2352 4475 2542 4545 patria).
2592 4475 2744 4531 Salus
2798 4473 3202 4530 constabat‘ae
3248 4473 3598 4530 incolumitas

317 4558 507 4615 αὐτῶν
532 4557 897 4630 φυλακτήρια,
913 4557 1020 4622 ἕως
1041 4559 1070 4612 ὁ
1093 4557 1202 4612 τῶν
1230 4560 1565 4630 Σαρακηνῶν
1591 4560 1908 4632 ἀφηγούμε-

2008 4567 2210 4624 auferri
2260 4584 2368 4622 non
2404 4567 2614 4622 ferrent
2645 4567 2858 4623 :donee
2885 4566 3289 4624 Saracenorum
3319 4569 3429 4624 dux
3453 4567 3594 4623 alios

317 4668 436 4717 νος,
491 4650 621 4713 τοὺς
660 4650 1022 4719 μὲνπείσας,
1058 4651 1184 4715 τοὺς
1225 4650 1281 4704 δὲ
1309 4650 1660 4723 βιασάμενος,
1691 4655 1820 4717 τοὺς
1849 4653 1908 4707 δὲ

2014 4658 2368 4716 suasionibus
2400 4656 2703 4721 adducens,
2738 4657 2875 4713 alios
2909 4659 2960 4712 vi
2995 4673 3220 4728 cogens,
3255 4668 3422 4730 atque
3453 4657 3595 4713 alios

317 4743 419 4796 καὶ
450 4740 709 4804 ἀπειλαῖς
743 4742 959 4812 σφαγῆς
995 4739 1362 4810 δεδιξάμενος,
1395 4743 1708 4814 ἐπιδοθῆναι
1738 4746 1908 4817 αὐτὴν

2014 4751 2159 4805 necis
2192 4761 2336 4804 metu
2367 4749 2722 4819 subigens,ut
2745 4750 2850 4806 sibi
2881 4749 2972 4803 illa
2996 4750 3349 4806 traderentur
3382 4751 3587 4806 eﬂecit.

317 4829 732 4904 κατεπράξατο.
763 4831 1015 4902 Βροντῶν
1043 4833 1101 4886 δὲ
1127 4831 1222 4887 καὶ
1256 4833 1556 4904 ἀστραπῶν
1595 4835 1714 4905 μεθ’
1751 4835 1907 4889 ὑετοῦ

2014 4844 2142 4900 Cum
2175 4852 2358 4897 autem
2408 4845 2654 4897 tonitrua
2700 4852 2754 4898 et
2797 4843 3011 4916 fulgura
3039 4860 3164 4899 cum
3198 4845 3456 4900 imbrium
3494 4845 3599 4900 im-

319 4923 663 4994 λαδροτάτου
693 4923 836 4977 κατά
883 4941 1007 4978 τινα
1046 4924 1242 4996 τέχνην
1269 4923 1301 4996 ἢ
1337 4925 1594 4992 πρόνοιαν
1624 4927 1910 4996 αἰφνιδίως

321 5015 785 5088 καταρῤαγεισῶν
815 5018 876 5070 ἐν
901 5015 978 5088 τῷ
1006 5017 1224 5087 μέλλειν
1254 5018 1573 5089 ἑξέρχεσθαι
1595 5021 1697 5090 τῆς
1731 5020 1910 5076 Ἐδέσ-

323 5122 424 5176 σης
444 5107 547 5178 τὴν
577 5107 765 5162 εἰκόνα
789 5109 884 5161 καὶ
911 5110 1012 5181 τὴν
1037 5109 1331 5178 ἐπιστολὴν
1373 5111 1468 5164 τοῦ
1497 5111 1762 5183 Χριστοῦ,
1801 5111 1907 5166 πά-

320 5198 407 5250 λιν
435 5199 486 5250 οἰ
514 5201 610 5252 καὶ
634 5201 902 5272 πρότερον
928 5203 1280 5272 ἀντεχόμενοι
1302 5204 1508 5257 τούτων
1536 5205 1905 5270 ἀνεκινοῦντο,

322 5286 420 5340 καὶ
447 5287 511 5341 τὸ
538 5286 684 5342 θεῖον
728 5289 1191 5360 ἐπισημαίνεσθαι
1225 5293 1326 5363 τὴν
1358 5292 1473 5364 (15)
1524 5295 1638 5357 τοῖς
1673 5313 1908 5364 πραττο-

325 5379 510 5447 μένοις
540 5377 903 5448 διεδεδαίουν,
930 5384 1008 5454 μὴ
1030 5386 1172 5438 κατὰ
1195 5385 1348 5439 θείαν
1371 5385 1624 5456 βούλησιν
1659 5387 1908 5456 γίνεσθαι

322 5469 422 5538 τὴν
455 5471 712 5527 ἐντεῦθεν
767 5474 877 5530 τῶν
925 5477 1246 5542 ἁγιωτάτων
1284 5477 1491 5532 τούτων
1555 5481 1904 5550 μετάστασιν.

2021 4951 2209 4990 mensa
2248 4937 2324 5000 vi,
2357 4935 2594 5006 quadam
2628 4935 2744 4990 sive
2786 4945 2904 4990 arte
2961 4937 3078 4992 sive
3125 4937 3466 5007 providentia
3509 4952 3601 4991 re-

2019 5034 2180 5094 pente
2229 5027 2565 5096 erupissent,
2619 5041 2730 5094 quo
2775 5026 2897 5095 ipso
2941 5035 3218 5082 momento
3259 5025 3599 5096 exportanda

2019 5117 2222 5174 Edessa
2255 5127 2400 5174 esset
2427 5134 2580 5173 sacra
2605 5117 2784 5188 imago
2815 5127 2870 5172 et
2898 5117 3102 5174 Christi
3130 5120 3602 5188 epistola,rursus

2017 5225 2205 5265 eorum
2238 5219 2354 5265 orta
2391 5210 2690 5265 commotio
2717 5209 2808 5280 qui
2852 5210 3005 5281 prius
3049 5209 3412 5273 obsistebant,
3448 5210 3598 5274 ejus-

2019 5318 2126 5371 que
2165 5302 2240 5356 rei
2285 5312 2542 5370 portento
2583 5303 2801 5356 aiebant
2833 5299 3148 5371 significare
3181 5297 3415 5357 Numen,
3453 5295 3599 5349 haud

2016 5394 2216 5448 divina:
2269 5394 2569 5449 voluntatis
2599 5409 2742 5457 esse,
2782 5393 2927 5463 quod
2970 5390 3318 5448 sanctissima
3351 5387 3464 5440 lucc
3510 5389 3588 5455 pi-

2019 5501 2191 5555 gnora
2245 5485 2372 5541 inde
2423 5485 2878 5556 commigrahant.
2932 5480 3130 5545 Verum
3191 5479 3593 5533 Saracenorum

1863 5595 2101 5652 NOT/E.

394 5677 441 5745 (i
453 5678 509 5745 5)
554 5679 717 5735 Forte
762 5680 1038 5735 ἐπέκειτο.

394 5747 509 5812 (Ml
535 5747 769 5805 Calculo
793 5759 1010 5814 nostro.
1035 5752 1238 5810 Christi
1275 5755 1400 5810 954.

2087 5689 2197 5759 (15)
2222 5691 2318 5762 τὴν
2342 5691 2556 5749 videtur
2586 5689 2909 5748 redundare.
