4050 6444
388 301 492 364 ΗΊ

1369 305 1879 371 CONSTANTINI
1917 308 2477 371 PORPHYROGEN
2490 308 2592 370 [TI

3538 307 3644 372 MS

389 414 552 476 duce,
599 424 769 481 penes
810 424 972 480 quem
1005 425 1166 468 omne
1200 413 1488 470 arbitrium
1532 427 1673 485 erat,
1711 423 1966 476 standum

2089 422 2249 475 Ἀλλά
2268 422 2362 476 τοῦ
2395 423 2505 476 τῶν
2533 422 2870 494 Σαρακηνῶν
2902 420 3236 492 στρατηγοῦ,
3268 421 3358 492 ὑφ’
3387 416 3432 491 ᾧ
3454 423 3514 476 τὸ
3539 427 3646 476 πᾶν

390 520 519 561 esse
562 505 854 560 conventis
906 514 1206 572 statuente,
1258 523 1325 564 ac
1367 511 1633 581 explenda
1670 515 1966 583 promissa,

389 597 673 668 egreditur
750 614 783 655 e
851 599 1077 655 civitate
1161 599 1362 670 elligies
1428 604 1829 674 pretiosissima
1905 621 1971 663 ac

391 689 600 746 Christi
621 705 787 746 manu
814 691 1018 764 scripta
1043 691 1224 748 brevis
1253 693 1508 763 epistola,
1542 693 1760 766 hucque
1789 705 1972 753 trans-

393 778 670 838 feruntur.

465 964 634 1021 XXV.
691 965 933 1033 Denique
978 965 1085 1020 iter
1128 965 1510 1033 conﬁcientes,
1554 969 1622 1024 ad
1683 968 1976 1041 Euphratis

393 1073 549 1113 oram
566 1073 738 1114 sacra:
756 1059 987 1113 sarcinae
1010 1064 1260 1114 vectores
1276 1060 1611 1116 advenerant
1632 1078 1647 1128 ;
1672 1076 1977 1132 rursusque

396 1151 550 1204 nullo
583 1147 830 1216 priorum
873 1147 1059 1202 minor
1107 1148 1380 1205 excitatus
1421 1151 1714 1217 tumultus,
1755 1154 1977 1208 concla-

394 1241 674 1296 mantibus
720 1239 1036 1305 Edessenis,
1075 1241 1184 1297 nisi
1223 1241 1452 1297 coalitus
1494 1241 1710 1314 signum
1756 1242 1975 1315 aliquod

393 1332 741 1397 exhibeatur,
769 1331 1038 1404 quidquid
1075 1332 1319 1398 accidat,
1350 1349 1460 1388 non
1491 1334 1823 1390 dimissuros
1851 1336 1976 1406 qui-

395 1424 500 1480 bus
530 1439 720 1479 eorum
769 1432 887 1479 tuta
927 1425 1079 1481 salus
1110 1415 1260 1481 esset
1291 1433 1346 1480 et
1380 1425 1753 1485 incolumitas.
1802 1427 1976 1482 Datur

396 1513 584 1583 itaque
605 1513 685 1570 eis
715 1513 956 1581 signum,
991 1515 1084 1584 qui
1116 1514 1364 1571 inlideles
1390 1523 1579 1571 essent
1603 1526 1657 1572 et
1683 1525 1975 1573 tentarent.

394 1605 565 1664 Navis
624 1606 771 1662 enim
822 1623 948 1663 cum
995 1623 1104 1678 qua
1153 1607 1518 1664 constitutum
1571 1616 1633 1662 ut
1680 1610 1976 1679 Ephratem

2070 515 2170 586 τῆς
2196 515 2445 582 ἐξουσίας
2469 517 2742 582 ἀνέκειτο,
2767 515 3028 587 ἐμμένειν
3053 518 3168 577 τοῖς
3199 515 3648 586 ὡμολογημένοις

2072 604 2358 675 κρίναντος
2393 605 2525 671 δεῖν,
2555 605 2652 659 καὶ
2681 604 2994 677 ἐκπληροῦν
3029 606 3127 676 τὴν
3162 605 3475 674 ὑπόσχεσιν,
3502 605 3651 676 ἐξῄει

2072 696 2172 765 τῆς
2203 697 2413 758 πόλεως
2434 695 2495 748 τὸ
2529 697 2967 768 τιμαλφέστατον
3023 696 3414 766 ἀπεικόνισμα,
3461 697 3555 749 καὶ
3588 697 3653 750 τὺ

2072 772 2496 860 Χριστόγραφον
2529 789 2857 856 ἐπιστόλιον,
2894 791 2990 844 καὶ
3039 789 3178 860 πρὸς
3204 790 3274 843 τά
3309 789 3543 844 ἐνταῦθα
3567 790 3651 844 δι-

2074 878 2385 949 εκομίζετο.
3145 873 3147 876 ἐ

2146 967 2276 1022 KE’.
2302 970 2414 1023 Kal.
2449 969 2515 1041 δὴ
2537 971 2637 1042 τὴν
2666 971 2784 1026 όδδν
2821 971 3132 1036 διανύοντες
3161 972 3212 1026 οἱ
3258 969 3434 1025 ταῦτα
3459 972 3660 1042 ἐπιφε-

2077 1057 2319 1129 ρόμενοι,
2359 1061 2452 1114 τὸν
2485 1063 2777 1133 Εὐφράτην
2805 1063 3130 1130 κατέλαϐον,
3159 1065 3255 1118 καὶ
3305 1063 3469 1118 πάλιν
3490 1064 3658 1135 θόρυ-

2077 1149 2170 1214 σος
2198 1151 2430 1221 μηδενὸς
2475 1153 2586 1207 τῶν
2617 1154 2900 1225 προτέρων
2945 1155 3186 1210 ἐλάττων
3213 1155 3512 1227 ἐγείρεται,
3547 1155 3661 1209 τῶν

2077 1243 2174 1314 τῆς
2215 1243 2473 1315 Ἐδέσσης
2509 1244 2801 1316 λεγόντων,
2827 1246 2903 1311 ώς
2934 1249 2982 1302 εί
3015 1249 3091 1319 μή
3117 1265 3171 1301 τι
3217 1250 3446 1318 σημεῖον
3469 1247 3660 1300 θεόθεν

2077 1335 2286 1407 δειχθῇ,
2343 1336 2453 1390 οὐδ’
2507 1337 2576 1392 ἂν
2633 1339 2686 1392 εῐ
2735 1356 2788 1391 τι
2825 1338 3072 1408 γένηται,
3126 1339 3417 1410 προῖσοντο
3443 1339 3554 1410 (16)
3589 1338 3661 1392 τά

2079 1426 2375 1481 συνεκτικὰ
2405 1427 2506 1499 τῆς
2535 1429 2839 1498 ἀσφαλείας
2864 1428 3066 1483 αὐτῶν.
3097 1429 3317 1486 Δέδοται
3345 1430 3527 1484 τοίνυν
3561 1447 3662 1500 ση-

2081 1519 2232 1588 μεῖον
2273 1517 2458 1581 αὐτοῖς
2507 1518 2761 1583 ἀπίστοις
2813 1514 2954 1584 οῦσηι,
2980 1521 3076 1574 καὶ
3110 1518 3549 1592 ἐκπειράζουσιν.
3592 1521 3660 1575 ἸΙ

2077 1609 2187 1679 γάρ
2216 1609 2370 1676 ναῦς,
2399 1610 2521 1681 μεθ’
2543 1605 2612 1684 ἧς
2639 1611 2731 1665 τὸν
2750 1612 3044 1683 Εὐφράτην
3064 1611 3444 1681 περαιωθῆναι
3476 1613 3662 1677 αὐτοῖς

395 1701 720 1766 transirent,
753 1698 884 1754 dum
929 1699 1108 1755 adhuc
1153 1701 1221 1756 ad
1270 1707 1456 1771 partes
1505 1699 1679 1772 Syria:
1707 1701 1763 1756 in
1797 1702 1980 1756 littore

2086 1698 2398 1772 προῦκειτο,
2459 1701 2541 1755 έτι
2593 1703 2732 1773 πρὸς
2784 1704 2852 1756 τά
2895 1701 2997 1773 τῆς
3057 1703 3259 1772 Συρίας
3315 1703 3659 1774 όρμιζομένη

397 1799 592 1858 staret,
628 1791 720 1847 ubi
754 1791 930 1847 solum
965 1791 1202 1862 ingressi
1236 1793 1290 1847 in
1319 1809 1438 1848 eam
1467 1793 1709 1865 episcopi
1738 1793 1976 1849 divinam

2086 1792 2246 1861 μέρη,
2270 1791 2344 1855 ὡς
2390 1791 2550 1863 μόνον
2601 1792 2852 1864 εἰσῆλθον
2881 1795 2940 1846 ἐν
2966 1794 3105 1864 αὐτῇ
3138 1794 3190 1847 οἱ
3229 1794 3520 1848 ἐπίσκοποι
3550 1795 3653 1866 τὴν

398 1881 712 1940 deferentes
755 1859 1050 1956 imaginem
1085 1899 1150 1940 ac
1174 1859 1638 1955 epistolamgcum
1659 1859 1854 1942 adhuc
1888 1902 1979 1943 se-

2086 1859 2232 1934 θείαν
2261 1859 2448 1936 εἰκόνα
2474 1882 2568 1936 καὶ
2594 1883 2694 1954 τὴν
2713 1859 3026 1954 *ἐπιστολὴν
3065 1859 3535 1956 ἐπικομιζόμενοι,
3576 1859 3658 1938 ἔτι

399 1976 637 2033 ditiosos
676 1984 976 2047 tempestas
1003 1966 1300 2044 detineret,
1333 1987 1556 2050 repente
1587 1980 1738 2034 nullo
1772 1979 1979 2048 remige

2086 1971 2172 2027 τοῦ
2200 1973 2366 2028 σάλου
2386 1975 2518 2040 τοὺς
2548 1974 2858 2040 στασιώτας
2886 1977 3234 2048 κατέχοντος,
3261 1977 3524 2049 ἐξαίφνης
3552 1995 3659 2049 χω-

400 2062 499 2146 aut
532 2067 927 2140 gubernatore,
978 2084 1077 2125 seu
1123 2070 1288 2125 etiam
1334 2057 1700 2138 trahenlefad
1751 2072 1976 2128 alteram

2086 2067 2167 2136 ρἰς
2192 2065 2416 2136 ἐρετῶν,
2443 2067 2614 2138 χωρὶς
2638 2067 2733 2122 τοῦ
2761 2067 3133 2139 κυϐερνῶντος
3167 2067 3199 2140 ῆ
3224 2068 3496 2134 ἕλκοντος,
3525 2068 3662 2139 πρὸς

399 2161 599 2231 ripam,
618 2160 805 2218 divina
833 2162 1100 2218 duntaxat
1121 2163 1402 2218 voluntate
1423 2164 1816 2234 gurbernante,
1848 2177 1977 2235 pro-

401 2253 548 2311 tecta
591 2263 677 2312 est
724 2255 1065 2328 appulitque.
1118 2255 1252 2323 Quae
1303 2272 1392 2314 res
1426 2266 1699 2330 quotquot
1751 2258 1982 2314 aderant

401 2353 458 2418 et
479 2345 756 2410 viderant,
803 2355 1028 2418 stupore
1065 2347 1312 2419 implevit
1359 2355 1416 2404 et
1462 2349 1845 2414 admiratione,
1904 2348 1982 2404 fc-

402 2437 591 2510 citque
613 2449 676 2494 ut
705 2447 905 2511 sponte
935 2440 1203 2496 mittenda
1231 2455 1391 2497 sacra
1421 2442 1650 2514 pignora
1689 2442 1980 2513 permitte-

401 2519 547 2586 rent.

470 2619 664 2676 XXVI.
694 2621 835 2679 Hinc
872 2622 1164 2680 Samosata
1201 2623 1527 2695 perveniunt
1565 2623 1662 2695 qni
1717 2622 1817 2694 pire
1859 2638 1980 2678 sar-

401 2714 541 2771 cina
563 2714 797 2772 ministri
818 2723 997 2771 erant.
1035 2714 1205 2771 Erant
1236 2725 1420 2772 autem
1455 2716 1871 2774 Samosatorum
1904 2724 1985 2771 at-

401 2795 514 2876 que
563 2804 786 2862 Edessae
807 2806 1122 2878 episcopus,
1151 2807 1383 2878 ejusque
1411 2807 1855 2878 presbyterorum
1880 2806 1984 2877 pri-

404 2889 554 2962 mus,
605 2897 811 2967 aliique
854 2897 1081 2968 quidam
1130 2898 1377 2969 religiosi
1422 2898 1747 2964 Christiani,
1805 2899 1984 2968 iisque

403 2971 592 3042 comes
630 3001 734 3041 una
766 2986 958 3042 aderat
995 2987 1210 3043 Amerae
1247 2988 1502 3045 minister
1541 2998 1910 3061 cognomento
1948 3007 1984 3043 a

405 3071 603 3131 Roma.
663 3075 740 3132 Ibi
779 3077 899 3132 dies
943 3078 1155 3149 aliquot
1197 3093 1322 3134 cum
1379 3079 1642 3150 egissent,
1685 3080 1871 3135 multis
1917 3080 1984 3135 ad

2077 2158 2179 2230 τὴν
2211 2159 2509 2231 ἀντιπέραν
2541 2161 2750 2232 κατῆρε
2779 2163 2904 2231 γῆν,
2935 2163 3083 2233 μόνῳ
3113 2163 3190 2232 τῷ
3220 2163 3351 2234 θείῳ
3383 2163 3665 2234 κυϐερνω-

2083 2249 2223 2322 μένη
2256 2251 2578 2322 βουλήματι.
2614 2255 2680 2307 Ὃ
2703 2253 2769 2324 δὴ
2788 2254 2916 2318 τοὺς
2952 2255 3359 2326 προστυχόντας
3389 2255 3482 2308 καὶ
3517 2256 3660 2308 ἰδόν-

2078 2359 2179 2407 τας
2201 2343 2468 2410 ἅπαντας,
2496 2344 2743 2414 θάμϐους
2763 2345 3054 2415 ἐπλήρωσε
3085 2346 3180 2399 καὶ
3207 2345 3545 2416 ἐκπλήξεως,
3567 2346 3670 2399 καὶ

2083 2434 2308 2499 ἑκόντας
2335 2436 2739 2506 παραχωρῆσαι
2765 2435 2865 2507 τὴν
2891 2435 3168 2508 ἔκπεμψιν
3194 2435 3432 2490 ἔπεισεν.

2153 2611 2300 2679 KC’.
2342 2609 2625 2666 Ἐντεῦθεν
2655 2612 3140 2685 καταλαμϐάνουσι
3167 2613 3240 2668 τά
3283 2613 3578 2686 Σαμόσατα
3611 2616 3665 2668 οι

2082 2702 2191 2757 τῶν
2221 2705 2539 2775 φερομένων
2569 2697 2830 2760 διάκονοι.
2880 2701 3064 2760 ’Ἦσαν
3109 2707 3188 2772 δέ,
3220 2707 3250 2760 ό
3272 2707 3380 2762 τῶν
3415 2708 3666 2787 Σαμοσά-

2083 2813 2192 2850 των
2221 2796 2316 2850 καὶ
2344 2796 2442 2865 τῆς
2477 2789 2732 2868 Ἐδέσσης
2759 2799 3071 2870 ἀρχιερεὺς,
3104 2799 3196 2853 καὶ⁵
3216 2801 3244 2854 ό
3273 2800 3463 2854 τούτου
3505 2819 3662 2872 πρω-

2083 2888 2536 2961 τοπρεσϐύτερος,
2582 2888 2677 2943 καὶ
2708 2890 2887 2960 ἕτεροί
2916 2908 3062 2956 τινες
3112 2891 3222 2946 τῶν
3251 2892 3663 2964 εύλαϐεστέρων

2086 2980 2448 3052 Χριστιανῶν,
2480 2975 2562 3045 οἷς
2607 2981 2702 3034 καὶ
2729 2982 2756 3034 ό
2783 2979 2878 3034 τοῦ
2909 2982 3100 3054 ἀμηρᾶ
3149 2982 3431 3055 ὑπηρέτης
3472 2985 3667 3053 συνῆν,

2085 3071 2144 3135 ὃς
2167 3071 2274 3125 ἀπὸ
2315 3070 2532 3145 Ῥώμης
2562 3073 3008 3144 κατωνομάζετο.
3073 3074 3342 3128 Ἐνταῦθα
3395 3072 3478 3126 ἐτι
3507 3074 3667 3134 τινὰς

405 3181 564 3223 sacra
599 3167 828 3240 pignora
862 3170 1147 3226 miraculis
1179 3170 1365 3238 editis,
1393 3172 1497 3228 iter
1550 3182 1978 3244 prosequuntur.

2087 3162 2300 3233 ἡμέρας
2327 3163 2868 3236 χρονοτριϐήσαντες,
2899 3153 3114 3245 πολλῶν
3152 3166 3334 3219 ἐκεῖσε
3366 3165 3666 3236 θαυμάτων

407 3258 624 3314 Rursus
654 3259 708 3313 in
737 3258 1027 3330 procinctu
1058 3259 1280 3316 itineris
1319 3275 1416 3332 per
1443 3275 1658 3317 sacram
1691 3263 1983 3334 imaginem

405 3363 473 3404 ac
506 3349 710 3406 Christi
754 3350 1044 3421 epistolam
1091 3351 1378 3408 innumera
1413 3360 1629 3422 patrata
1667 3353 1930 3408 miracula
1965 3370 1980 3410 :

405 3441 536 3497 caeci
571 3458 639 3497 ex
676 3442 982 3513 improviso
1035 3444 1189 3501 visus
1240 3443 1503 3501 facultate
1546 3445 1758 3512 donati,
1802 3447 1983 3503 claudi

407 3532 527 3586 sani
555 3539 721 3603 atque
748 3533 1012 3589 membris
1034 3534 1267 3604 integris
1295 3533 1490 3590 redditi
1515 3552 1530 3602 ;
1551 3536 1818 3591 saliebant
1844 3552 1984 3606 quos

405 3620 535 3676 olim
582 3623 808 3679 morbus
845 3622 986 3680 lecto
1017 3624 1282 3690 allixerat,
1317 3640 1382 3680 ac
1411 3641 1648 3696 quorum
1685 3636 1845 3682 erant
1873 3642 1985 3681 ma-

405 3728 510 3769 nus
535 3713 724 3778 aridae,
761 3727 954 3787 vegeto
988 3716 1188 3772 robore
1218 3717 1462 3772 exibant.
1501 3715 1566 3770 Et
1595 3727 1654 3773 ut
1691 3720 1861 3775 semel
1903 3719 1985 3774 di-

406 3821 553 3872 cam,
597 3807 826 3863 morbus
860 3809 1042 3864 omnis
1073 3815 1128 3864 et
1157 3809 1392 3879 languor
1434 3809 1726 3880 rogabatur
1755 3826 1770 3863 :
1798 3825 1862 3866 ac
1890 3811 1983 3881 qui

405 3896 526 3951 salii
554 3904 869 3962 evaserant,
899 3896 1068 3954 Deum
1103 3899 1510 3970 gloriﬁcabant,
1543 3910 1706 3970 atque
1735 3901 1856 3972 ejus
1882 3903 1985 3958 mi-

406 3987 600 4042 rabilia
623 3987 946 4043 laudabant.

477 4075 693 4134 XXVII.
727 4068 848 4133 Jam
887 4093 1028 4150 pene
1060 4077 1312 4136 confecta
1350 4080 1460 4148 via,
1503 4081 1570 4136 ad
1612 4091 1817 4138 sanctae
1863 4079 1985 4139 Dci—

407 4181 554 4237 para:
581 4170 979 4225 monasterium
1013 4170 1264 4236 veniunt,
1292 4173 1436 4242 quod
1467 4173 1685 4230 Eusebii
1713 4173 1860 4230 aedes
1889 4186 1984 4229 vo-

408 4264 560 4322 cant,
609 4271 675 4313 ac
711 4257 766 4313 in
794 4256 1060 4315 Themate
1105 4259 1270 4315 situm
1302 4271 1409 4327 est,
1447 4262 1593 4332 quod
1645 4259 1983 4334 Optimatum

409 4348 703 4418 appellant.
732 4349 791 4404 ln
821 4349 944 4418 ejns
971 4352 1288 4408 monasterii
1320 4349 1523 4425 templo
1564 4355 1654 4426 pie
1703 4355 1986 4425 religiose-

410 4456 520 4510 que
543 4440 790 4512 deposita
825 4456 992 4512 capsa
1035 4450 1142 4508 est,
1173 4458 1296 4514 quae
1333 4445 1708 4516 prodigiorum
1747 4444 1987 4502 effectri-

2085 3254 2407 3323 γεγονότων,
2435 3255 2642 3326 είχοντο
2672 3257 2770 3327 τῆς
2801 3255 2943 3332 ὀδοῦ.
2977 3258 3087 3312 Kal.
3113 3257 3275 3313 πάλιν
3296 3258 3500 3322 ἄπειρα
3533 3256 3696 3318 θαύ-⁹

2089 3360 2236 3413 ματα
2269 3343 2503 3397 ἐτελεῖτο
2525 3345 2584 3397 ἐν
2612 3347 2678 3415 τῇ
2705 3344 2810 3417 ὁδῷ
2846 3347 2952 3400 ὑπὸ
3001 3351 3100 3418 τῆς
3142 3349 3294 3419 ἱερᾶς
3323 3348 3531 3418 εἰκόνος
3569 3348 3668 3402 καὶ

2085 3436 2184 3505 τῆς
2209 3436 2498 3507 ἐπιστολῆς
2529 3437 2624 3490 τοῦ
2657 3438 2917 3508 Χριστοῦ.
2955 3436 3308 3512 Τυφλοὶγάρ
3335 3442 3669 3510 ἀπροόπτως

2085 3523 2401 3592 ἀνέϐλεπον,
2434 3529 2529 3581 καὶ
2563 3528 2728 3598 χωλοὶ
2773 3530 3079 3585 ἐδείκνυντο
3110 3532 3311 3602 ἄρτιοι.
3355 3529 3667 3606 ’Κλινῇρεις

2085 3631 2144 3668 τε
2175 3615 2520 3688 πολυχρόνιοι
2547 3619 2768 3690 ἦλαντο,
2795 3622 2893 3674 καὶ
2910 3624 2960 3675 oi
2984 3620 3155 3694 ξηρὰς
3182 3622 3397 3693 ἔχοντες
3433 3625 3530 3689 τάς
3553 3627 3669 3694 χεῖ-

2089 3723 2186 3777 ρας
2233 3709 2507 3778 ὑγιοῦντο.
2545 3713 2656 3766 Καὶ
2686 3713 2962 3767 συνελόντι
2989 3714 3175 3784 φάναι,
3208 3717 3358 3770 πᾶσα
3389 3709 3541 3780 νόσος
3571 3715 3670 3770 καὶ

2090 3796 2332 3866 μαλακία
2375 3800 2791 3871 ἐδραπετεύετο,
2859 3803 2951 3856 καὶ
3009 3803 3260 3870 ἐδόξαζον
3319 3805 3670 3875 ὑγιαζόμενοι

2085 3887 2177 3942 τὸν
2206 3889 2361 3958 Θεὸν,
2397 3892 2490 3947 καὶ
2515 3893 2786 3966 ἀνύμνουν
2814 3894 2981 3949 αὑτοῦ
3014 3896 3082 3950 τὰ
3112 3895 3416 3966 θαυμάσια.
3504 3967 3506 3970 ν

2163 4079 2288 4134 KZ'.
2326 4078 2463 4150 Ἤδη
2485 4074 2579 4134 οὖν
2603 4081 2665 4135 τὸ
2692 4081 2828 4135 πολὺ
2861 4081 2961 4154 τῆς
2985 4082 3106 4136 ὀδοῦ
3136 4082 3506 4148 διανύσαντες,
3527 4055 3690 4155 φθάέ

2086 4185 2268 4221 νουσιν
2289 4169 2370 4232 είς
2397 4169 2496 4240 τὴν
2523 4171 2623 4240 τῆς
2660 4170 2849 4240 Ἀγίας
2876 4173 3142 4228 Θεοτόκου
3175 4175 3364 4246 μονὴν,
3396 4178 3430 4248 ἡ
3461 4177 3668 4243 caeo-

2089 4259 2270 4314 σεϐίου
2301 4263 2753 4332 κατονομάζεται,
2777 4266 2836 4320 ἐν
2865 4264 2944 4336 τῷ
2974 4266 3082 4320 τῶν
3122 4267 3472 4337 Ὀπτιμάτων
3511 4271 3672 4339 λεγο-
3699 4310 3703 4314 -

2091 4349 2236 4420 μένῳ
2280 4351 2656 4420 τυγχάνουσαν
2695 4353 2915 4422 θέματι.
2963 4353 3051 4407 Ἐν
3080 4354 3157 4424 τῷ
3197 4355 3310 4425 ναῷ
3335 4355 3392 4410 δὲ
3420 4356 3668 4411 τοιούτου

2089 4459 2380 4514 φροντιστη
2389 4445 2505 4513 ρίου
2527 4444 2883 4515 ἀγιοπρεπῶς
2906 4447 2938 4515 ἡ
2968 4444 3068 4517 τὴν
3087 4442 3454 4516 τερατουργὸν
3478 4448 3669 4520 είκόνα

409 4543 528 4583 cem
582 4529 873 4601 imaginem
923 4535 1273 4602 contegebat,
1328 4533 1598 4604 multique
1643 4535 1857 4589 sincere
1915 4549 1982 4589 ex

2091 4531 2411 4604 κρύπτουσα
2444 4533 2584 4602 θήκη
2623 4533 3022 4587 ἐναποτίθεται.
3077 4534 3184 4586 Kal.
3212 4535 3398 4588 πολλοὶ
3433 4537 3671 4605 προσελ-

410 4620 599 4676 animo
629 4621 956 4677 accedentes
1000 4624 1210 4680 morbis
1244 4615 1444 4680 curati.
1475 4624 1596 4692 Quo
1626 4626 1790 4682 etiam
1835 4626 1984 4681 venit
2013 4703 2017 4706 .

409 4703 636 4780 quidam
667 4710 928 4769 obsessus
973 4727 1002 4767 a
1050 4713 1316 4783 (Immone,
1361 4729 1470 4784 quo
1513 4722 1573 4770 ut
1607 4730 1816 4786 organo
1853 4731 1987 4772 usus

410 4803 642 4874 spiritus
680 4821 938 4876 nequam,
981 4806 1035 4861 in
1073 4807 1290 4864 laudem
1334 4807 1591 4879 imaginis
1629 4823 1694 4861 ac
1738 4807 1989 4877 epistola:

408 4894 568 4966 plura
600 4897 1068 4969 proloquebatur;
1105 4900 1305 4970 quippe
1329 4914 1454 4953 cum
1486 4898 1734 4968 ejusdem
1768 4901 1988 4970 generis

407 4988 537 5044 olim
569 4989 797 5059 Spiritus
825 4989 1059 5045 Domino
1093 4991 1337 5046 dicerent
1371 5007 1385 5045 :
1421 4988 1632 5045 Scimus
1663 4999 1710 5042 te
1742 4990 1859 5059 quis
1887 4990 1982 5052 sis,

411 5092 623 5135 sanctus
654 5079 846 5137 Israel.
878 5081 980 5138 llic
1007 5091 1285 5152 postremo
1316 5081 1452 5136 illud
1477 5081 1737 5136 vaticinio
1768 5080 1939 5134 edidit
1966 5097 1983 5136 :

409 5171 618 5242 Recipe,
640 5173 984 5229 Constantini
1006 5175 1152 5241 urbs,
1190 5175 1489 5229 claritatem
1509 5183 1558 5228 et
1578 5174 1871 5240 ,lwtitiam;
1897 5182 1984 5226 at-

407 5282 508 5337 que
524 5275 602 5332 tu,
621 5265 967 5322 Constantine
981 5264 1504 5338 Porphyrogenneta,
1519 5275 1663 5319 mum
1680 5265 1979 5334 imperium.

408 5354 532 5421 Quo
561 5357 730 5423 dicto,
771 5357 938 5412 homo
985 5366 1211 5412 curatus
1253 5367 1360 5422 est,
1396 5372 1459 5412 ac
1489 5357 1674 5411 statim
1721 5355 1985 5410 daemonis

412 5450 702 5507 vexatione
732 5449 972 5508 solutus.
1018 5446 1225 5505 Horum
1276 5457 1457 5503 autem
1501 5446 1792 5503 verborum
1828 5445 1985 5501 multi

2092 4617 2278 4680 θόντες
2310 4617 2371 4682 ἐξ
2403 4617 2734 4689 εἰλικρινοῦς
2751 4619 3042 4686 διαθέσεως
3067 4661 3085 4686 ,
3130 4621 3238 4675 ἀπὸ
3291 4622 3399 4676 τῶν
3449 4624 3669 4677 οἰκείων

2089 4710 2262 4764 νόσων
2291 4709 2543 4777 ἱάθησαν.
2582 4711 2752 4764 Ἔνθα
2775 4712 2868 4765 καί
2897 4729 2984 4776 τις
3015 4712 3322 4784 προσῆλθεν
3347 4713 3451 4766 ὑπὸ
3480 4713 3672 4783 δαίμο·

2091 4818 2180 4865 νος
2223 4801 2627 4873 ἐνοχλούμενος,
2681 4797 2725 4871 ᾧ
2752 4803 3005 4874 καθάπερ
3061 4804 3278 4875 ὀργάνῳ
3325 4804 3386 4858 τὺ
3435 4805 3672 4875 πονηρὸν

2091 4891 2483 4963 ἀποχρώμενον
2536 4893 2776 4964 πνεῦμα,
2841 4895 2938 4948 καὶ
2971 4895 3147 4948 πολλὰ
3194 4896 3304 4947 τῶν
3335 4895 3415 4958 εἰς
3443 4895 3672 4948 ἔπαινον

2093 4983 2334 5054 ἡκόντων
2388 4984 2491 5053 τῆς
2548 4984 2756 5047 εἰκόνος
2809 4987 3028 5056 καὶτῆς
3065 4971 3356 5057 ἐπιστολῆς
3400 4986 3467 5038 δι’
3504 4987 3671 5040 αὐτοῦ

2091 5073 2389 5144 ἐκφωνοῦν.
2463 5075 2615 5128 Ἐπεὶ
2647 5076 2740 5129 καὶ
2791 5077 2986 5131 πάλαιο
3024 5077 3281 5146 Οῖδαμέν
3319 5094 3394 5132 σε
3429 5079 3518 5145 τίς
3549 5079 3661 5145 εἷς,

2091 5165 2258 5234 ἅγιος
2281 5167 2387 5222 τοῦ
2433 5167 2704 5237 Ἰσραὴλ,
2735 5169 2870 5239 πρὸς
2897 5168 2988 5223 τὸν
3021 5169 3224 5240 Κύριον
3267 5169 3544 5239 ἔλεγον,οἱ
3572 5171 3672 5238 τῆς

2092 5255 2284 5326 ὁμοίας
2315 5258 2534 5327 μερίδος
2569 5257 2755 5335 αὐτῷ.)
2779 5260 2966 5325 Τέλος,
2993 5260 3121 5312 τάδε
3165 5260 3332 5313 οἱονεὶ
3362 5260 3669 5329 ἀπεφοίϐα-

2093 5349 2220 5415 ξεν,
2293 5350 2604 5416 ’Λπόλαϐε,
2659 5351 2854 5420 λέγων,
2896 5353 2934 5421 ἠ
3000 5353 3665 5421 Κωνσταντινούπολις,

2093 5442 2282 5508 δόξαν
2309 5442 2406 5498 καὶ
2433 5442 2646 5514 χαράν·
2677 5442 2896 5512 καὶσὺ,
2930 5443 3344 5500 Κωνσταντῒνε
3367 5447 3674 5519 Πορφυρο-

1924 5636 2154 5696 NOTJE.

489 5730 603 5802 (lb')
643 5729 805 5789 Forte
838 5731 1170 5806 προϊσονται,
1196 5731 1282 5788 vel
1313 5729 1670 5791 προείσονται.
