4050 6450
328 402 439 463 ΗΘ

1278 391 1672 454 ΝἈΗΒΑΤΙΟ
1711 391 1810 452 DE
1857 389 2186 450 [MAGINE
2221 389 2632 450 EDESSi;-m.

3479 387 3590 454 450

331 513 602 582 Tim-ms,
620 505 737 573 τὴν
748 503 1076 570 ,ϐασιλείαν
1095 515 1233 559 σου.
1254 503 1364 559 Καὶ
1384 503 1591 557 τούτων
1614 503 1908 576 ῥηθέντων,

2019 508 2186 555 testes
2213 500 2506 555 exsistunt.
2533 498 2669 554 Nam
2701 512 2826 554 cum
2860 495 3157 569 imperator
3193 499 3400 570 primos
3421 503 3592 572 quos-

332 601 457 670 ίάθη
496 601 525 653 ό
553 599 863 669 ἄνθρωπος,
916 597 1011 650 καὶ
1037 595 1286 664 ἀπελύθη
1317 597 1660 664 παραχρῆμα
1687 595 1788 664 τῆς
1813 594 1907 647 τοῦ

327 691 586 760 δαίμονος
621 689 941 751 ἐπιθέσεως.
978 687 1196 740 Τούτων
1221 685 1278 738 δὲ
1309 685 1496 738 πολλοὶ
1530 685 1909 755 καθεστήκασι

330 784 615 852 μάρτυρες
639 780 750 832 τῶν
771 777 1052 850 ῥημάτων.
1084 777 1193 830 Τοῦ
1223 777 1332 846 γὰρ
1354 775 1618 846 βασιλέως
1645 777 1724 838 είς
1745 777 1912 845 τιμὴν

328 873 425 924 καὶ
451 870 760 939 ὑπάντησιν
780 867 878 921 τοῦ
910 866 1248 938 ποθουμένου
1275 867 1403 929 τοὺς
1443 865 1692 935 πρώτους
1723 868 1823 936 τῆς
1851 867 1913 920 ἐν

325 963 472 1016 τέλει
498 960 699 1032 βουλῆς
737 959 1183 1023 ἀποστείλαντος,
1217 961 1312 1012 καὶ
1343 958 1556 1021 τούτοις
1582 958 1692 1013 τῶν
1723 959 1787 1012 ἐκ
1811 958 1912 1030 τῆς

326 1055 638 1126 δορυφόρου
688 1052 898 1119 τάξεως
954 1051 1381 1117 συνεξελθόντων
1440 1049 1672 1117 πολλῶν,
1712 1051 1913 1121 συνέϐη

331 1143 675 1213 μαγιστρους
705 1142 800 1195 καὶ
825 1140 1148 1211 πατρικίους
1175 1140 1313 1210 μετὰ
1361 1140 1471 1194 τῶν
1498 1139 1914 1211 ὑποϐεϐηκυιῶν

328 1235 539 1300 τάξεων
573 1231 717 1289 εἶναι
762 1235 890 1297 τοὺς
920 1234 1193 1297 άκουστάς
1220 1251 1282 1287 τε
1310 1234 1406 1287 καὶ
1439 1234 1744 1305 μάρτυρας.
1803 1233 1916 1288 Kal.

330 1326 454 1378 ἐπεὶ
483 1326 552 1379 τὰ
606 1324 844 1396 ρηθέντα
892 1325 989 1396 τὴν
1009 1324 1232 1378 ἑκϐασιν
1257 1326 1451 1379 θᾶττον
1481 1325 1751 1393 ἐδέξαντο,
1778 1327 1916 1379 ἁπο-

334 1413 501 1485 ρῆσαι
555 1414 711 1481 ἄξιον
757 1414 925 1469 πόθεν
964 1417 998 1485 ὴ
1030 1415 1346 1486 πρόγνωσις
1379 1415 1461 1487 τῷ
1497 1415 1713 1486 δαίμονι
1744 1431 1916 1485 προσ-

334 1509 570 1574 εγένετο.
603 1507 681 1559 οὐ
712 1507 825 1576 γὰρ
853 1506 1001 1576 ἔχειν
1039 1506 1392 1560 πιστεύονται
1425 1506 1634 1577 ταύτην
1679 1507 1914 1573 οἴκοθεν,

2013 606 2123 661 que
2154 589 2269 645 fere
2300 598 2530 644 senatus
2574 604 2639 644 ac
2687 589 3047 658 magistratus
3081 587 3136 642 in
3167 588 3464 646 desiderati
3511 594 3593 662 pi-

2012 683 2200 752 gnoris
2241 695 2538 736 occursum
2589 680 2862 750 obsequio
2909 680 3174 747 misisset,
3213 695 3430 752 unaque
3465 698 3594 739 cum

2013 775 2126 829 illis
2156 774 2478 844 stipantium
2521 775 2686 829 turba
2722 773 2917 842 ingens
2947 771 3230 840 exivisset,
3268 777 3501 848 contigit
3530 787 3592 832 ut

2015 868 2258 941 Magistri
2281 877 2338 926 et
2369 868 2620 934 Patricii,
2647 884 2711 924 ac
2733 868 2826 940 qui
2857 868 3139 926 inferioris
3166 871 3378 926 ordinis
3411 881 3594 932 erant.

2014 961 2271 1017 audirent
2303 976 2366 1016 ac
2397 969 2570 1017 testes
2618 967 2826 1017 essent.
2875 959 3124 1030 Cumque
3152 961 3420 1017 vaticinio
3448 961 3597 1018 dicta

2015 1054 2168 1110 brevi
2195 1061 2318 1125 post
2346 1061 2602 1110 eventum
2627 1053 2824 1109 sortita
2854 1053 3130 1123 Sint,'jure
3151 1054 3350 1109 merito
3375 1054 3601 1110 dubita-

2017 1149 2063 1202 ri
2091 1147 2286 1217 possit,
2312 1146 2585 1202 undenam
2613 1144 2970 1217 praescientia
2993 1144 3225 1199 ὁσιωοηί
3247 1148 3601 1202 accessisset.

2017 1239 2134 1294 Non
2163 1238 2308 1293 enim
2340 1253 2370 1292 a
2405 1251 2466 1292 se
2495 1235 2808 1292 creduntur
2839 1235 2928 1290 illa
2959 1235 3196 1306 praediti,
3224 1236 3316 1306 qui
3349 1251 3379 1291 a
3408 1236 3596 1292 divina

2017 1329 2271 1384 claritate
2294 1329 2533 1398 prolapsi
2569 1336 2721 1390 sunt,
2748 1342 2812 1381 ac
2840 1341 2941 1396 pro
2972 1327 3094 1382 luce
3115 1327 3360 1382 tenebrae
3392 1326 3598 1384 etl‘ecti.

2018 1420 2154 1475 Nam
2188 1420 2367 1491 palam
2391 1420 2537 1474 sicut
2560 1418 2745 1472 divina
2772 1419 2948 1472 virtus
2975 1417 3194 1471 Balaam
3217 1417 3296 1473 rei
3322 1426 3437 1472 tum
3468 1433 3601 1489 pra:-

2018 1511 2268 1567 dicandaa
2309 1509 2625 1566 ministrum
2659 1508 2934 1574 adhibuit,
2977 1509 3231 1579 aliasque
3261 1508 3399 1563 alios
3427 1523 3492 1563 ea
3540 1523 3604 1563 re

339 1599 443 1668 τῆς
489 1598 637 1662 θείας
689 1597 852 1668 δόξης
904 1599 1399 1671 άπολισθήσαντες,
1441 1600 1538 1653 καὶ
1577 1599 1767 1661 σκότος
1793 1599 1917 1654 ἀντὶ

349 1688 544 1757 φωτὸς
573 1691 1034 1760 χρηματίσαντες.
1099 1692 1171 1744 Ἢ
1212 1691 1396 1760 δῆλον,
1450 1692 1530 1745 δτι
1561 1692 1814 1762 καθάπερ
1839 1689 1918 1763 τῷ

2019 1615 2164 1670 saepe
2197 1598 2477 1669 indignos,
2506 1613 2736 1668 prorsus
2767 1598 3005 1669 sapienti
3032 1597 3273 1668 quodam
3300 1598 3604 1669 solertiquc

2020 1693 2296 1750 consilio:
2339 1691 2413 1746 ita
2460 1705 2607 1745 nunc
2639 1704 2860 1760 quoque
2891 1689 2946 1744 in
2983 1690 3167 1744 divina
3197 1690 3280 1745 vis
3325 1690 3604 1745 exsistens

352 1777 568 1850 Βαλαὰμ
624 1782 658 1850 ή
723 1779 845 1833 θεία
898 1781 1130 1851 δύναμις
1182 1782 1382 1852 ἐχρῆτο
1413 1781 1646 1852 διακόνῳ
1670 1782 1764 1836 τοῦ
1792 1783 1915 1836 τότε

2021 1784 2217 1854 elllgie,
2247 1783 2494 1838 daemone
2516 1798 2618 1839 usa
2647 1789 2756 1847 est,
2787 1791 2844 1837 et
2875 1782 2999 1837 ideo
3031 1796 3128 1851 per
3153 1795 3278 1836 eum
3300 1795 3420 1850 quae
3450 1781 3604 1836 brevi

343 1869 848 1941 προαγορεύματος,
878 1872 972 1926 καὶ
1000 1871 1188 1926 ἄλλοτε
1218 1871 1400 1936 ἄλλοις
1423 1874 1526 1926 οὐκ
1555 1872 1727 1938 ἀξίοις
1780 1873 1913 1928 πολ-

2023 1883 2148 1945 post
2189 1881 2348 1930 erant
2387 1881 2652 1929 eventura
2699 1880 2828 1928 ante
2873 1871 3268 1928 manifestavit.
3321 1870 3429 1926 Sed
3476 1885 3605 1935 cum

335 1959 495 2024 iam;
513 1959 610 2014 τοῦ
648 1963 994 2032 πράγματος,
1032 1962 1155 2016 κατ’
1186 1963 1502 2034 οἰκονομίαν
1547 1965 1766 2028 πάντως
1792 1965 1915 2019 τινὰ

2025 1965 2129 2018 hoc
2159 1963 2380 2017 interim
2409 1962 2714 2026 evenisset,
2755 1961 2877 2031 ejus
2921 1961 3244 2017 meminisse
3286 1960 3431 2015 haud
3465 1959 3608 2016 forte

332 2052 501 2123 σοφὴν
555 2054 654 2107 καὶ
686 2053 998 2124 εὐμήχανον
1019 2071 1032 2085 ο
1087 2054 1231 2109 οὕτω
1261 2057 1355 2109 καὶ
1386 2055 1480 2111 νῦν
1508 2058 1541 2129 ή
1569 2059 1628 2111 ἐν
1669 2058 1747 2130 τῷ
1785 2057 1915 2129 θείῳ

2026 2055 2426 2126 importunum.
2463 2053 2542 2109 Ad
2569 2068 2632 2108 ea
2661 2068 2795 2108 vero
2833 2066 3153 2123 pergamus,
3181 2067 3304 2122 quae
3329 2051 3607 2108 narranda

332 2145 753 2216 ἁπεικονίσματι
780 2147 1031 2216 δύναμις,
1064 2148 1142 2219 τῷ
1161 2149 1378 2220 δαίμονι
1403 2151 1778 2222 ἀπεχρήσατο.
1806 2151 1916 2204 Καὶ
2026 2155 2358 2218 sequuntur.

330 2233 413 2286 διὰ
438 2234 605 2288 τοῦτο
626 2235 696 2288 τά
736 2237 857 2307 μετ’
908 2237 1090 2306 ὀλίγον
1117 2239 1466 2310 ἐκϐησόμενα
1515 2242 1913 2312 προεδήλωσεν.
1967 2239 2130 2294 Ἀλλὰ
2155 2237 2348 2292 τούτου
2381 2237 2480 2308 μὲν
2503 2236 2677 2300 οὕτως
2699 2235 3010 2308 συμϐάντος
3069 2237 3300 2309 μεταξὺ,
3363 2237 3604 2311 μνησθῇ.

326 2344 414 2381 ναι
451 2330 585 2392 ἴσως
610 2329 711 2382 ούκ
731 2329 980 2398 ἄκαιρον.
1015 2331 1140 2384 Ἐπὶ
1165 2331 1222 2384 δὲ
1246 2330 1317 2384 τά
1339 2332 1573 2403 ἐχόμενα
1597 2334 1694 2403 τῆς
1715 2332 2020 2403 διηγήσεως
2051 2326 2406 2401 βαδιούμεθα.

398 2423 536 2476 KH'.
568 2423 650 2493 Τῇ
692 2425 927 2498 πέμπτῃ
949 2426 1048 2479 καὶ
1075 2425 1278 2498 δεκάτῃ
1297 2427 1393 2481 τοῦ
1415 2427 1727 2498 Αὐγούστου
1748 2429 1916 2500 μηνὸς

329 2511 584 2580 συνήθως
629 2513 742 2566 τῶν
799 2514 1066 2584 βασιλέων
1127 2517 1227 2587 τὴν
1258 2517 1453 2588 ἑορτὴν
1512 2519 1756 2586 ἀγόντων
1813 2521 1916 2588 τῆς

329 2602 725 2670 μεταστάσεως
743 2604 844 2674 τῆς
878 2605 1267 2677 Ἀειπαρθὲνου
1291 2609 1386 2660 καὶ
1402 2609 1748 2682 Θεομήτορος
1766 2611 1825 2662 ἐν
1837 2608 1915 2678 τῷ

330 2693 632 2763 πανσέπτῳ
665 2695 869 2765 ταύτης
921 2697 1063 2752 κατὰ
1096 2698 1428 2770 Βλαχὲρναις
1467 2699 1602 2770 ναῷ,
1640 2701 1768 2770 περὶ
1805 2699 1915 2753 δεί-

328 2782 432 2852 λης
461 2785 627 2854 όψίας
673 2787 974 2842 κατέλαϐον
1029 2791 1208 2842 ἐκεῖσε
1239 2794 1288 2843 ot
1330 2791 1440 2845 τῶν
1485 2792 1682 2861 τιμίων
1713 2795 1920 2846 τούτων

326 2875 595 2942 διάκονοι,
628 2880 724 2932 καὶ
771 2880 1012 2951 ἁπετέθη
1065 2882 1123 2934 ἐν
1153 2880 1233 2952 τῷ
1266 2880 1502 2953 ὑπερῴῳ
1528 2883 1803 2954 εὐκτηρίῳ
1825 2882 1920 2937 τοῦ

327 2969 580 3023 τοιούτου
616 2971 787 3036 λθείου
843 2973 974 3028 ναοῦ
1022 2975 1056 3044 ή
1082 2974 1228 3028 ἐνδον
1257 2974 1459 3044 ἔχουσα
1487 2973 1588 3046 τήν
1616 2976 1804 3030 εἰκόνα
1825 2976 1922 3029 καὶ

327 3060 432 3130 τήν
472 3063 772 3134 ἐπιστολὴν
806 3059 1088 3129 κιϐωτός(
1112 3065 1223 3119 Kal.
1270 3065 1658 3136 προσελθόντες
1687 3069 1737 3120 oi
1769 3067 1922 3138 βασι-

2095 2423 2337 2480 XXVIII.
2368 2421 2791 2488 Quintadecima
2830 2421 2919 2478 die
2955 2422 3190 2494 Augusti
3217 2427 3446 2493 mensis,
3475 2441 3602 2482 cum

2022 2531 2088 2571 ex
2123 2531 2276 2570 more
2303 2515 2502 2569 festum
2532 2513 2881 2584 migrationis
2908 2527 3127 2584 semper
3157 2515 3390 2586 virginis
3420 2531 3483 2571 ac
3515 2517 3608 2571 Dei

2021 2609 2215 2664 matris
2239 2607 2424 2662 Mariae
2460 2607 2515 2662 in
2546 2610 2666 2677 ejus
2693 2607 2994 2664 venerabili
3028 2608 3234 2678 templo
3260 2607 3407 2678 quod
3431 2615 3518 2663 est
3549 2610 3607 2663 in

2023 2699 2366 2765 Blacberuis,
2411 2697 2842 2769 imperatoribus
2879 2699 3125 2755 solemne
3157 2708 3457 2772 ageretur:
3494 2701 3608 2756 alto

2022 2792 2352 2862 crepusculo
2374 2807 2659 2847 sacrorum
2692 2791 2982 2861 pignorum
3011 2792 3251 2847 ministri
3277 2791 3414 2848 illuc
3441 2793 3608 2848 adve-

2022 2895 2244 2948 nerunt,
2280 2892 2445 2953 atque
2471 2884 2525 2938 in
2555 2883 2803 2953 ejusdem
2838 2884 3034 2955 templi
3079 2884 3368 2960 superiore
3407 2883 3608 2939 Orato-

2022 2977 2126 3040 rio,
2157 2991 2340 3053 arcam
2367 2978 2420 3031 in
2445 2992 2552 3046 qua
2583 2977 2825 3046 reposita
2852 2976 3032 3048 imago
3067 2989 3133 3031 ac
3153 2976 3406 3046 epistola,
3436 2977 3610 3031 collo-

2022 3075 2241 3121 carunt.
2269 3067 2719 3138 Accedentesque
2746 3068 3108 3139 imperatores
3137 3082 3258 3123 eam
3293 3075 3609 3124 reverenter

327 3148 465 3213 λείς,
490 3149 699 3213 ἔξωθεν
719 3152 924 3223 ταύτην
956 3153 1271 3224 σεϐασμίως
1319 3155 1642 3224 ἠσπάσαντο
1675 3174 1915 3227 προσκυ-

2025 3172 2055 3211 a
2081 3157 2215 3212 foris
2239 3157 2346 3212 lixo
2377 3159 2540 3214 oculo
2567 3159 2891 3214 adoravere.
2927 3158 3134 3214 Deinde
3155 3159 3459 3215 honoriﬁce
3493 3159 3609 3214 fre-

325 3242 623 3310 νήσαντες.
651 3240 788 3299 Εἶτα
818 3245 955 3316 μετὰ
983 3245 1152 3316 τιμῆς
1179 3247 1276 3299 καὶ
1299 3246 1628 3318 δορυφορίας
1657 3249 1752 3302 καὶ
1771 3249 1913 3321 λαμ-

327 3333 519 3386 πάδων
549 3336 765 3405 συχνῶν
800 3337 939 3408 πρὸς
991 3338 1091 3410 τὴν
1121 3338 1394 3408 βασίλειον
1439 3339 1659 3410 τρίηριν
1707 3340 1915 3412 ταύτην

328 3423 774 3496 διακομίσαντες,
843 3431 942 3484 σὺν
997 3431 1139 3503 αὐτῇ
1189 3431 1490 3485 κατέλαϐον
1537 3432 1606 3486 τὰ
1645 3433 1912 3504 βασίλεια.

333 3514 444 3568 Kal.
502 3518 560 3569 ἐν
605 3517 686 3588 τῷ
711 3519 842 3590 θείῳ
873 3521 1054 3575 ἐκεῖσε
1104 3521 1240 3593 ναῷ,
1297 3521 1356 3586 δς
1391 3523 1568 3594 Φάρος
1603 3523 1917 3594 ὠνόμασται

328 3607 487 3681 (ἴσως
518 3609 609 3665 διὰ
639 3611 704 3664 τὺ
734 3605 846 3665 οἷον
905 3613 1119 3684 ἱμάτιον
1158 3615 1414 3686 λαμπρὸν
1463 3616 1912 3672 κεκαλλωπίσθαι

333 3700 471 3753 αὐτὸ
491 3701 787 3772 περιττῶς)
828 3703 1033 3776 ταύτην
1056 3705 1342 3760 ἀπέθεντο.
1373 3705 1453 3777 Τῇ
1486 3708 1779 3780 ίκνουμένῃ
1803 3708 1913 3763 τῶν

342 3791 584 3859 ἡμερῶν,
608 3795 732 3864 ἥτις
774 3795 1139 3869 ἑκκαιδεκάτῃ
1167 3797 1263 3852 τοῦ
1287 3799 1456 3870 μηνὸς
1479 3794 1567 3870 ἦν,
1589 3802 1710 3871 μετ’
1730 3800 1913 3864 αίδοῦς

346 3879 438 3931 καὶ
461 3880 743 3948 εὐλαϐείας
783 3885 948 3940 πάλιν
981 3887 1072 3942 τδν
1103 3889 1399 3959 ἀσπασμὸν,
1423 3890 1519 3944 καὶ
1548 3892 1648 3962 τὴν
1673 3892 1916 3960 προσκύ-

341 3984 494 4038 νησιν
536 3973 925 4044 ποιησάμενοι,
993 3977 1090 4030 καὶ
1117 3977 1376 4044 λαϐόντες
1415 3981 1588 4054 αὐτὴν
1617 3985 1828 4040 ἐκεῖθεν
1864 3987 1917 4040 οἵ

329 4076 389 4113 τε
445 4063 616 4133 ίερεῖς
653 4067 752 4118 καὶ
801 4067 852 4118 oi
905 4067 1192 4133 νεάζοντες
1239 4069 1483 4138 βασιλεῖς
1524 4075 1575 4142 (ό
1602 4075 1711 4145 γὰρ
1733 4076 1914 4147 γέρων

325 4155 584 4226 οίκουρὸς
608 4159 678 4210 δι’
713 4159 1000 4213 ἀσθένειαν
1045 4163 1462 4234 κατελείπετο),
1497 4167 1636 4237 μετὰ
1680 4168 1914 4240 ψαλμῶν

325 4248 421 4301 καὶ
443 4246 657 4318 ὕμνων,
697 4251 791 4304 καὶ
840 4251 1099 4322 δαψιλοῦς
1129 4254 1226 4308 τοῦ
1262 4255 1462 4323 φωτὸς,
1518 4258 1609 4312 διὰ
1639 4260 1741 4330 τῆς
1779 4263 1915 4334 πρὸς

323 4339 613 4396 θάλασσαν
647 4343 878 4397 καθόδου
915 4346 996 4407 είς
1045 4346 1148 4418 τήν
1199 4347 1470 4418 βασίλειον
1511 4352 1730 4424 τρίηριν
1759 4350 1914 4418 αὖθις

322 4431 660 4502 ἐνθέμενοι,
717 4436 819 4506 τῆς
879 4437 1088 4502 πόλεως
1149 4441 1208 4493 ἐν
1237 4439 1356 4512 χρῷ
1409 4443 1596 4512 σχεδὸν
1631 4444 1732 4516 τὴν
1776 4449 1918 4517 εἰρε-

2022 3251 2323 3322 qnentique
2346 3251 2635 3322 obsequio,
2659 3266 2724 3306 ac
2749 3252 3022 3306 luminum
3053 3251 3355 3322 gestatione
3382 3251 3448 3306 ad
3473 3266 3614 3322 pra!-

2023 3342 2223 3396 toriam
2252 3342 2368 3413 (£8)
2400 3342 2739 3409 detulerunt,
2773 3357 2949 3412 eaque
2987 3341 3042 3397 in
3076 3342 3284 3413 regiam
3315 3352 3607 3409 venerunt,

2022 3440 2188 3500 atque
2234 3432 2289 3486 in
2338 3432 2528 3486 divino
2563 3431 2767 3501 templo
2813 3433 2957 3502 quod
3000 3431 3114 3486 illic
3135 3441 3243 3498 est,
3286 3447 3351 3487 ac
3387 3430 3607 3487 Pharus

2021 3523 2330 3593 appellatur
2357 3521 2673 3594 (propterea
2704 3522 2844 3578 forte
2871 3524 3016 3594 quod
3045 3524 3191 3579 sicut
3216 3523 3386 3579 vestis
3415 3523 3607 3594 splen-

2021 3614 2149 3670 dida
2192 3615 2246 3669 id
2278 3616 2350 3670 sit
2383 3615 2601 3686 egregie
2637 3615 2929 3685 ornatum)
2972 3616 3148 3683 ipsam
3189 3623 3601 3683 exposuerunt.

2019 3706 2319 3776 Alteroque
2343 3706 2528 3761 statim
2559 3705 2668 3772 die,
2689 3706 2895 3761 mensis
2924 3706 3137 3760 scilicet
3176 3713 3334 3761 sexto
3363 3705 3607 3771 decimo,

2023 3801 2110 3870 pie
2155 3800 2353 3854 iterum
2401 3813 2466 3852 ac
2512 3807 2830 3854 reverenter
2865 3797 3054 3854 oscula
3103 3797 3360 3864 libantes,
3404 3797 3608 3851 adora-

2023 3892 2174 3946 tione
2210 3888 2509 3959 perfuncti,
2565 3897 2733 3958 atque
2771 3888 2901 3943 inde
2962 3887 3238 3952 tollentes,
3287 3885 3609 3942 sacerdotes

2022 3981 2228 4052 pariter
2258 3989 2422 4050 atque
2457 3979 2713 4048 juniores
2756 3978 3168 4049 imperatores;
3215 3977 3404 4032 senior
3431 3977 3606 4041 enim.

2021 4075 2170 4143 quod
2200 4088 2326 4128 eum
2371 4072 2518 4128 vires
2558 4071 2877 4138 deﬁcerent,
2920 4072 3069 4128 domi
3114 4071 3342 4126 relictus
3379 4068 3605 4136 fuerat;

2022 4179 2146 4219 cum
2193 4165 2421 4234 psalmis
2459 4170 2514 4219 et
2559 4164 2797 4220 canticis
2837 4179 2902 4220 ac
2939 4163 3165 4234 copioso
3224 4161 3455 4226 lumine,
3509 4175 3608 4231 per

2023 4254 2352 4309 descensum
2388 4254 2457 4308 ad
2501 4269 2673 4317 mare,
2709 4267 2772 4308 ea
2812 4267 3008 4307 rursus
3043 4251 3097 4305 in
3132 4251 3387 4320 praetoria
3425 4251 3608 4320 impo-

2024 4345 2160 4410 sita,
2192 4345 2258 4398 ad
2301 4345 2476 4414 ipsam
2507 4343 2748 4399 civitatis
2779 4334 2934 4396 oram
2976 4341 3219 4397 citimam
3258 4339 3604 4408 navigantes,

2023 4451 2135 4506 quo
2163 4437 2379 4491 scilicet
2409 4435 2579 4490 maris
2610 4434 2733 4502 ipso
2773 4433 2971 4487 itinere
3002 4431 3121 4485 urbi
3163 4427 3602 4484 incolumitatem

324 4521 455 4576 σιαν
490 4523 608 4594 (l7)
663 4526 1003 4598 ποιούμενοι,
1061 4531 1149 4584 ἵνα
1176 4533 1376 4602 τρόπον
1401 4535 1523 4587 τινὰ
1576 4534 1821 4610 διασώσῃ
1853 4542 1915 4592 τὸ

2023 4535 2331 4599 praestaret,
2364 4535 2521 4581 extra
2554 4526 2674 4592 ejus
2710 4538 2957 4588 murum,
2991 4522 3086 4592 qui
3122 4527 3209 4576 est
3240 4520 3308 4575 ad
3341 4520 3603 4575 occiden-

319 4613 467 4666 ἄστυ
523 4614 616 4668 διὰ
644 4616 754 4687 τῆς
775 4619 835 4671 ἐν
869 4617 1113 4694 θαλάσσῃ
1146 4623 1374 4695 πορείας
1402 4623 1594 4694 αὐτῆς,
1635 4627 1792 4692 ἐκτὸς
1824 4630 1920 4684 τοῦ

320 4707 471 4788 πρὸς
507 4707 661 4763 δύσιν
715 4710 933 4783 τείχους
983 4713 1082 4786 τῆς
1125 4713 1336 4779 πόλεως
1394 4717 1919 4788 προσωρμίσθησαν,

320 4798 463 4851 ἔνθα
490 4800 591 4863 τῆς
619 4798 762 4865 νεὼς
815 4803 1101 4872 ἐκϐάντες,
1134 4803 1570 4877 πεζοποροῦντες
1595 4807 1732 4861 οἵτε
1766 4807 1922 4879 βασι-

319 4887 464 4956 λεῖς,
488 4890 586 4943 καὶ
617 4891 820 4955 πάντες
851 4893 902 4946 oi
921 4893 1021 4963 τῆς
1042 4893 1334 4964 γερουσίας
1374 4893 1590 4965 βουλῆς,
1621 4895 1716 4949 καὶ
1755 4899 1783 4950 ό
1813 4898 1922 4952 τῶν

322 4978 498 5046 ίερῶν
555 4978 851 5052 κατάρχων
896 4983 1036 5052 μετὰ
1087 4982 1414 5049 παντὸςτοῦ
1466 4985 1568 5055 τῆς
1621 4985 1916 5057 ἐκκλησίας

320 5070 731 5142 πληρώματος.
761 5076 829 5146 τῇ
871 5075 1229 5147 προσηκούσῃ
1283 5076 1604 5148 δορυφορίᾳ,
1633 5078 1708 5142 ὡς
1749 5078 1918 5150 ἄλλην

321 5163 591 5231 κιϐωτὸν,
625 5165 827 5236 μᾶλλον
854 5167 912 5220 δέ
946 5168 1041 5221 καὶ
1075 5168 1217 5237 ὑπὲρ
1261 5169 1488 5240 ταύτην,
1517 5171 1578 5224 τὸ
1606 5171 1714 5225 τῶν
1741 5173 1914 5241 ἁγιω-

318 5257 509 5312 τάτων
539 5259 638 5312 καὶ
669 5257 868 5330 τιμίων
902 5259 1140 5330 φρουρὸν
1171 5259 1363 5328 σκεῦος
1387 5260 1772 5332 παρέπεμπον.
1805 5262 1916 5316 Καὶ

320 5350 398 5404 τὰ
425 5351 586 5414 ἐκτὸς
620 5349 715 5405 τοῦ
764 5352 976 5422 τείχους
1011 5353 1172 5424 μέχρι
1202 5352 1302 5422 τῆς
1339 5353 1569 5422 Χρυσῆς
1611 5351 1914 5416 διελθόντες

320 5441 522 5512 πύλης,
553 5437 675 5496 εἶτα
699 5442 910 5497 ἐκεῖθεν
939 5442 1090 5505 ἐντὸς
1115 5443 1400 5530 γεγονόξες
1418 5441 1513 5495 τοῦ
1537 5442 1749 5506 ἄστεος,
1771 5443 1910 5510 μετὰ

327 5535 629 5606 μετεώρων
657 5534 997 5606 ψαλμῳειῶν,
1019 5534 1113 5588 καὶ
1142 5533 1328 5611 ὓμνων
1359 5533 1453 5588 καὶ
1470 5531 1624 5602 ᾠδῶν
1657 5548 1906 5604 πνευμα-

2023 4631 2130 4676 tem
2174 4619 2529 4691 appulerunt.
2569 4616 2692 4683 Quo
2737 4617 2857 4671 loco
2903 4630 3041 4670 nave
3087 4613 3332 4683 egressi.
3367 4612 3602 4681 pedibus

2020 4721 2135 4767 tum
2181 4712 2284 4781 ipsi
2321 4709 2705 4779 imperatores,
2750 4715 2864 4760 tum
2909 4713 3136 4761 senatus
3193 4703 3375 4757 omnis
3437 4708 3604 4771 atque

2021 4817 2307 4873 sacrorum
2366 4801 2626 4862 antistes,
2667 4799 2961 4867 omnisque
2998 4796 3248 4851 ecclesia:
3296 4803 3495 4859 curtus,
3535 4807 3604 4847 eo

2021 4908 2135 4963 quo
2163 4907 2260 4962 par
2294 4899 2414 4946 erat
2453 4889 2716 4944 comitatu
2746 4885 3049 4956 prosecuti,
3101 4892 3362 4951 tanquam
3417 4893 3601 4934 arcam

2021 4985 2208 5051 aliam,
2255 4999 2350 5040 seu
2386 4983 2570 5054 potius
2610 4995 2725 5035 rem
2752 4993 2880 5033 arca
2925 4976 3293 5046 superiorem,
3329 4987 3427 5028 vas
3464 4970 3599 5026 illud

2019 5091 2130 5147 quo
2167 5074 2520 5130 sanctissima
2549 5087 2614 5128 ac
2645 5069 2978 5126 venerabilia
3012 5066 3296 5122 recondita
3343 5065 3596 5134 pignora,

2019 5166 2386 5223 deducebant.
2433 5161 2785 5232 Emensaque
2822 5169 2976 5215 extra
3026 5172 3214 5212 muros
3257 5156 3325 5211 ad
3361 5155 3598 5210 Aurean't

2021 5271 2199 5326 usque
2235 5265 2450 5325 portam
2490 5252 2709 5314 itinere,
2745 5261 2972 5321 tumque
3005 5249 3131 5304 inde
3164 5249 3218 5302 in
3244 5245 3440 5302 urbem
3467 5246 3600 5300 sub-

2018 5355 2237 5412 euntes,
2275 5347 2387 5401 alto
2420 5345 2756 5416 psalmorum
2794 5351 2850 5399 et
2879 5343 3220 5400 canticorum
3263 5338 3598 5406 laudumque

2020 5439 2348 5510 spiritalium
2381 5452 2519 5493 sono
2547 5445 2714 5508 atque
2737 5436 3000 5507 tripudio,
3038 5432 3361 5501 inﬁnitaque
3388 5429 3599 5498 lampa-

2016 5530 2146 5586 dunt
2172 5529 2400 5594 lumine,
2423 5529 2600 5600 plebis
2623 5529 2892 5586 universa:
2915 5539 3187 5581 concursu
3206 5522 3595 5578 deductioueru

1844 5714 2048 5772 NOTA£
2059 5755 2073 5770 .

395 5812 506 5883 (17)
540 5813 783 5885 ἐρεσίαν.

2091 5811 2202 5883 (18)
2235 5809 2557 5866 Triretnem.
