4050 6438
394 362 506 424 455

1412 351 1922 414 CONSTANTINI
1957 343 2629 411 PORPHYROGENITI

3519 337 3650 405 156

393 485 543 528 tione
571 467 946 525 frust‘rabitur.
975 464 1184 536 Quippe
1214 463 1355 519 Deus
1378 474 1482 531 est,
1515 466 1606 534 qui
1644 465 1794 533 prius
1825 473 1974 517 utra-

2087 462 2335 518 ὁπωσοῦν
2364 461 2755 534 πραττομένων
2804 457 3258 528 διαψευσθήσεται
3313 455 3656 519 ἀντιδόσεως.

388 578 500 632 que
544 558 880 615 denuntiavit
927 575 944 612 :
989 557 1145 626 cujus
1193 557 1480 610 verborum
1529 559 1609 609 vis
1639 571 1703 609 ac
1730 564 1972 623 potestas

394 668 522 707 cum
569 649 921 704 mutationem
968 647 1169 702 nullam
1194 647 1462 710 admittat,
1499 655 1556 700 et
1588 647 1830 714 cujusvis
1851 659 1974 715 ope-

398 747 596 800 rationi
635 745 825 798 merita
859 743 1080 811 praemia
1123 740 1465 805 remetiatur,
1502 742 1801 794 secundum
1841 740 1971 794 illud

399 836 678 905 Evangelii
718 835 944 895 dictum,
998 847 1103 885 non
1149 830 1428 884 transibit.
1484 831 1752 896 Quoniam
1806 831 1973 898 igitur

397 925 631 994 imperio
675 923 822 991 regio
869 934 968 990 pro
1006 920 1232 988 benigna
1278 918 1550 974 voluntate
1588 935 1688 974 sua
1733 920 1886 975 nobis
1917 919 1971 974 in

399 1034 591 1072 manus
607 1018 827 1080 tradito,
858 1014 1088 1084 idipsum
1117 1014 1419 1082 conjuncta:
1437 1030 1560 1069 cum
1580 1017 1777 1073 timore
1803 1017 1972 1071 dilec-

394 1112 560 1166 tionis
589 1123 716 1178 erga
748 1122 809 1162 se
843 1117 1041 1162 nostra:
1064 1107 1448 1162 documentum
1471 1123 1594 1162 esse
1622 1108 1816 1172 voluit,
1845 1109 1971 1162 dum

397 1200 690 1255 secundum
735 1199 976 1263 Petrum,
1017 1199 1226 1268 apicem
1264 1198 1632 1268 apostolorum
1673 1215 1970 1262 summum,

396 1291 770 1346 fidelissimum
808 1303 1024 1359 gregem
1057 1304 1216 1342 suum
1264 1303 1488 1356 pascere
1527 1305 1624 1344 nos
1652 1290 1854 1359 jussit:
1891 1289 1972 1342 ui-

397 1386 468 1439 llil
497 1386 548 1438 ei
578 1385 729 1453 prius
770 1394 863 1437 aut
908 1381 1084 1451 majus
1113 1397 1268 1449 aequa
1297 1379 1552 1450 justaque
1581 1380 1975 1449 gubernatione

393 1477 755 1540 subditorum,
797 1475 864 1528 ab
907 1474 1023 1542 ipso
1071 1473 1226 1527 llOblS
1276 1473 1698 1528 commissormn
1732 1473 1971 1526 vicissim

399 1564 589 1619 referri
621 1577 780 1634 posse
810 1563 1192 1631 agnoscimus;
1230 1571 1288 1616 ut
1328 1562 1451 1616 inde
1480 1577 1651 1616 nexus
1681 1562 1857 1615 omnis
1889 1564 1971 1614 in-

400 1653 629 1723 iustitia:
654 1652 917 1712 solvatur,
938 1660 992 1705 et
1017 1650 1370 1706 violentornm
1401 1660 1774 1705 contractuum
1796 1649 1972 1703 tendi-

399 1745 533 1800 cnlze
557 1745 963 1814 dirumpantur,
992 1753 1047 1797 et
1072 1743 1305 1813 impetus
1328 1741 1757 1811 delinquentium
1790 1753 1972 1794 retun-

2092 555 2226 617 Θεὸς
2255 555 2439 624 γὰρ,ό
2495 551 3081 623 προαπηγγειλάμενος
3132 551 3201 602 τὰ
3238 548 3542 617 ἀμφότερα,
3595 543 3659 602 οὗ

2077 646 2186 698 τῶν
2217 645 2391 712 λόγων
2412 644 2692 713 ήδύναμις
2722 642 3036 710 κεκτημένη
3062 640 3124 694 τὸ
3175 638 3528 709 ἀμετάθετον,
3563 643 3660 690 καὶ

2079 740 2145 807 τῇ
2187 736 2418 790 ἑκάστου
2466 736 2699 807 ἐργασία
2737 732 3140 804 ἀντιμετροῦσα
3201 731 3272 786 τά
3330 731 3477 796 ἀξια,
3513 732 3656 785 κατά

2080 829 2143 882 τὸ
2199 828 2574 897 εὐαγγελικῶς
2606 828 2915 898 εἰρημένον,
2947 827 3008 880 οὐ
3050 824 3468 896 παρελεύσεται.
3506 823 3661 877 Ἐπεὶ

2079 916 2174 971 οῦν
2198 917 2257 971 τὸ
2286 918 2486 987 κράτος
2507 918 2607 986 τῆς
2643 917 2919 987 βασιλείας
2941 916 3074 986 ἡμῖν
3099 915 3434 985 ἐγχειρίσας,
3457 914 3534 974 ὼς
3557 913 3660 982 ηὐ-

2078 1011 2300 1083 δόκησε,
2332 1013 2532 1081 δεῖγμα
2563 1009 2721 1064 τοῦτο
2750 1011 2848 1080 τῆς
2881 1011 2939 1063 ἐν
2976 1009 3125 1080 φόϐῳ
3175 1008 3312 1080 πρὸς
3343 1007 3503 1061 αὐτὸν
3529 1009 3662 1076 ἀγα-

2080 1101 2300 1172 πήσεως
2333 1099 2492 1170 ἡμῶν
2539 1101 2871 1170 ἐποιήσατο,
2918 1099 3056 1152 κατὰ
3098 1096 3305 1167 Πέτρον
3351 1097 3452 1168 τὴν
3503 1115 3664 1166 κορυ-

2081 1192 2384 1260 φαιοτάτην
2405 1189 2514 1244 τῶν
2529 1191 2840 1244 ἀποστόλων
2865 1191 3159 1260 ἀκρότητα,
3188 1188 3495 1257 ποιμαίνειν
3513 1189 3662 1258 ἡμᾶς

2081 1283 2346 1346 κελεύσας
2385 1283 2445 1336 τὸ
2467 1283 2792 1336 πιστότατον
2828 1281 3098 1352 ποίμνιον,
3142 1280 3293 1334 οὐδὲν
3333 1279 3482 1350 αὐτῷ
3519 1282 3660 1352 πρό-

2079 1392 2236 1444 τερον
2267 1375 2299 1445 ἢ
2332 1375 2514 1443 μεῖζον
2541 1375 2639 1444 τῆς
2675 1375 2734 1427 ἐν
2765 1373 2990 1443 κρίματι
3049 1373 3143 1426 καὶ
3193 1371 3506 1442 δικαιοσύνῃ
3549 1372 3660 1424 τῶν

2081 1468 2174 1520 ὐπ’
2210 1465 2376 1519 αὐτοῦ
2405 1464 2947 1520 καταπιστευθέντων
2978 1466 3111 1535 ἡμῖν
3157 1463 3533 1535 κυϐερνήσεως
3577 1465 3661 1526 είς

2083 1556 2353 1611 ἀντίδοσιν
2386 1552 2526 1621 εἶναι
2560 1555 2921 1626 γινώσκομεν,
2949 1555 3023 1619 ὡς
3053 1555 3302 1610 ἐντεῦθεν
3336 1555 3518 1627 πάσης
3547 1555 3661 1610 ἀδι-

2080 1649 2206 1711 κίας
2231 1646 2458 1700 λύεσθαι
2484 1647 2802 1713 σύνδεσμον,
2844 1647 2939 1700 καὶ
2970 1646 3161 1716 βιαίων
3190 1647 3661 1718 συναλλαγμάτων

2084 1740 2452 1810 πραγγαλιάς
2479 1739 2812 1805 διαλύεσθαι,
2841 1740 2932 1792 καὶ
2948 1739 3048 1802 τάς
3068 1737 3178 1793 τῶν
3201 1738 3664 1810 πλημμελούντων

400 1837 584 1898 datur,
621 1843 784 1902 atque
825 1835 898 1888 ita
970 1833 1216 1888 victoriis
1253 1834 1518 1888 adversus
1548 1833 1732 1887 hostes
1761 1832 1829 1885 ab
1856 1846 1971 1884 om-

2087 1833 2254 1902 5ρμάς
2295 1832 2718 1893 ἀνακόπτεσθαι.
2756 1834 2850 1885 καὶ
2895 1829 3070 1894 οὕτως
3101 1836 3222 1894 ταῖς
3277 1829 3395 1884 κατ’
3451 1829 3663 1901 ἐχθρῶν

402 1930 680 1996 nipoteute
727 1943 888 1980 manu
917 1927 1086 1995 ipsius
1120 1926 1299 1980 multo
1324 1925 1615 1993 pretiosius
1644 1934 1696 1978 ct
1719 1924 1977 1978 honorifi-

401 2019 637 2084 centius,
673 2031 838 2085 quam
876 2017 1182 2070 diademate
1211 2017 1366 2070 nobis
1401 2015 1787 2086 circumposito
1817 2030 1976 2070 coro-

404 2123 612 2167 nemur,
655 2116 709 2162 et
758 2107 1042 2175 imperium
1088 2107 1246 2162 nobis
1293 2108 1605 2175 pacificum,
1667 2110 1854 2176 reique
1883 2124 1979 2178 pu-

403 2197 555 2251 blica:
581 2196 980 2252 administratio
1015 2197 1165 2250 firma
1199 2205 1254 2252 et
1279 2197 1488 2252 stabilis
1515 2197 1796 2253 efficiatur.

474 2399 629 2454 Unde
657 2399 806 2454 curis
835 2398 1100 2466 ejusmodi
1136 2396 1411 2467 occupati,
1436 2406 1492 2453 et
1511 2400 1580 2453 ad
1611 2398 1976 2454 inventionem

402 2499 681 2559 gratorum
716 2489 845 2555 Deo,
880 2489 1215 2558 publicaeque
1254 2487 1332 2544 rei
1373 2489 1791 2544 conducibiliutn
1827 2506 1978 2544 men-

406 2595 512 2637 tem
557 2583 860 2639 insomnem
891 2593 1300 2652 componentes,
1335 2590 1388 2638 et
1411 2580 1676 2652 justitiam
1706 2584 1979 2637 terrestri-

405 2676 505 2728 bus
531 2673 800 2728 universis
828 2682 1245 2742 anteponentes,
1277 2672 1439 2727 veluti
1467 2673 1770 2728 coalestium
1801 2676 1982 2728 conci-

407 2764 693 2828 liatricem,
726 2771 781 2817 et
824 2763 968 2818 illius
1016 2763 1238 2828 virtute,
1267 2764 1360 2832 qui
1407 2778 1502 2832 per
1541 2764 1712 2833 ipsam
1757 2765 1978 2829 colitur,

404 2857 581 2924 gladio
605 2855 796 2924 quovis
819 2856 1081 2911 adversus
1111 2854 1296 2909 hostes
1323 2856 1656 2921 acutiorem;
1686 2872 1808 2910 cum
1836 2856 1981 2926 leges

406 2947 475 2998 ab
521 2945 938 3014 imperatoribus
978 2954 1106 3001 ante
1154 2959 1252 3000 nos
1301 2962 1464 3016 regno
1501 2948 1688 3016 politis
1738 2948 1895 3015 latas,
1928 2950 1979 3003 in

411 3038 591 3092 inultis
616 3037 769 3092 libris
791 3038 1098 3106 descriptas
1123 3037 1410 3104 sciremus,
1439 3049 1495 3093 et
1526 3039 1802 3108 aliquibus
1834 3040 1983 3095 ittlclo

2080 1925 2257 1988 νίκαις
2285 1925 2390 1978 ὐπὸ
2433 1924 2534 1993 τῆς
2575 1923 2741 1978 αὐτοῦ
2791 1921 3202 1993 παντοδυνάμου
3231 1921 3414 1992 χειρὸς
3457 1938 3655 1990 στεφαο

2094 2016 2317 2068 νοῦσθαι
2369 2017 2537 2085 ἡμᾶς,
2561 2015 2654 2068 τοῦ
2687 2013 3067 2085 περικειμένου
3089 2012 3413 2083 διαδήματος
3439 2012 3661 2066 πολυτε-

2080 2105 2334 2175 λέστερόν
2372 2123 2431 2159 τε
2460 2109 2554 2159 καὶ
2582 2105 2928 2177 τιμιώτερον,
2960 2104 3230 2175 εἰρηναῖόν
3261 2121 3322 2157 τε
3354 2105 3488 2174 ἡμῖν
3521 2105 3662 2158 ἀπο-

2082 2196 2448 2251 καθίστασθαι
2501 2197 2600 2268 τὴν
2647 2195 2948 2268 βασιλείαν,
2979 2194 3076 2250 καὶ
3116 2194 3374 2260 εὐσταθὲς
3425 2195 3486 2249 τὸ
3513 2193 3667 2248 πολί-

2080 2305 2280 2360 τευμα.

2157 2379 2322 2432 Ὅθεν
2349 2381 2468 2442 ταῖς
2513 2377 2790 2442 τοιαύταις
2843 2377 3135 2450 μερίμναις
3189 2375 3663 2448 ἐνασχολούμενοι,

2083 2470 2176 2524 καὶ
2206 2472 2342 2540 πρὸς
2371 2471 2472 2542 τὴν
2514 2471 2624 2524 τῶν
2657 2471 3001 2541 ἀρεσκόντων
3029 2469 3170 2540 Θεῷ,
3219 2473 3315 2524 καὶ
3363 2469 3443 2541 τῷ
3495 2470 3666 2540 κοινῷ

2084 2562 2475 2631 συμφερόντων
2513 2562 2756 2633 εὕρεσιν,
2792 2562 3094 2634 ἀκοίμητον
3117 2563 3210 2617 τὸν
3233 2563 3360 2616 νοῦν
3386 2563 3666 2633 καταστή-

2087 2675 2300 2723 σαντες,
2330 2660 2433 2731 τήν
2478 2676 2535 2712 τε
2573 2659 2922 2730 δ;καιοσύνην
2980 2659 3200 2713 πάντων
3235 2658 3347 2712 τῶν
3403 2658 3665 2727 ἐπιγείων

2085 2751 2539 2821 προτιμήσαντες,
2595 2750 2672 2813 ὡς
2720 2750 2978 2821 πρόξενον
3024 2751 3134 2805 τῶν
3164 2750 3434 2820 οὐρανίων
3483 2750 3667 2820 ὑπάρ-

2083 2860 2303 2910 χουσαν,
2355 2843 2449 2895 καὶ
2499 2842 2818 2914 τομωτέραν
2862 2841 3065 2907 παντὸς
3117 2842 3304 2911 ξίφους
3341 2844 3408 2912 τῇ
3453 2840 3550 2895 τοῦ
3577 2841 3667 2895 ἐπ’

2083 2935 2222 3004 αὐτῇ
2275 2934 2715 3006 θεραπευομένου
2762 2934 3010 3004 δυνάμει,
3041 2935 3184 2988 κατὰ
3221 2932 3332 2987 τῶν
3388 2933 3668 3004 πολεμίων

2081 3025 2476 3095 τυγχάνουσαν,
2495 3026 2554 3078 ἐν
2579 3025 2800 3088 πολλαῖς
2823 3025 3024 3096 βίϐλοις
3039 3025 3107 3078 τά
3133 3024 3238 3078 ὐπὸ
3265 3025 3373 3078 τῶν
3396 3024 3669 3095 προϐεϐα-

407 3128 550 3182 lectu
592 3127 860 3183 difficilem
910 3142 1034 3184 esse
1077 3145 1323 3195 sensum,
1373 3130 1464 3200 qui
1515 3132 1595 3186 eis
1637 3132 1965 3186 continetur.

2087 3117 2412 3170 σιλευκότων
2439 3115 2911 3187 νενομοθετημένα
2939 3115 3250 3188 γεγράφθαι
3281 3113 3665 3196 γινώσκοντες,

407 3219 532 3272 aliis
562 3235 790 3289 prorsus
814 3220 1077 3291 ignotum.
1111 3235 1176 3276 ac
1204 3221 1508 3292 praesertim
1539 3221 1665 3286 illis,
1695 3225 1785 3293 qui
1821 3232 1971 3277 extra

407 3313 733 3366 custoditam
767 3313 906 3368 hanc
929 3312 1185 3368 divinitus
1211 3321 1267 3368 et
1297 3314 1499 3383 regiam
1524 3314 1710 3369 urbem
1737 3323 1976 3369 nostram

407 3401 690 3456 constituti
719 3411 867 3466 sunt,
900 3417 1182 3458 nossemus
1209 3418 1224 3454 :
1256 3404 1517 3458 arcessito
1542 3401 1748 3467 Niceta,
1781 3404 1980 3473 glorio-

409 3491 629 3544 sissimo
667 3489 919 3556 patricio,
952 3501 1008 3545 et
1038 3500 1307 3560 qumstore
1337 3501 1546 3559 nostro,
1584 3493 1825 3562 itemque
1870 3494 1985 3563 glu-

410 3579 726 3635 riosissimis
759 3580 1005 3649 patriciis
1041 3582 1266 3648 nostris,
1295 3580 1478 3636 Niceta
1521 3591 1576 3636 et
1602 3579 1832 3646 Marino,
1859 3598 1983 3637 cum

409 3671 820 3739 gloriosissimis
855 3672 1168 3728 consulibus
1199 3687 1262 3727 ac
1294 3674 1742 3744 rescriptoribus,
1771 3684 1827 3730 et
1859 3675 1988 3729 reli-

409 3761 532 3828 quis
563 3760 655 3815 Dei
687 3761 882 3816 tlmore
909 3762 1174 3831 praeditis,
1205 3777 1396 3817 omnes
1422 3778 1610 3817 eorum
1647 3763 1815 3818 libros
1843 3765 1986 3832 apud

411 3867 510 3905 nos
536 3851 714 3922 colligi
736 3852 999 3918 jn~simus
1020 3869 1035 3919 ;
1057 3862 1112 3906 et
1127 3854 1383 3908 omnibus
1405 3869 1530 3908 cum
1545 3855 1843 3909 attentione
1867 3855 1988 3908 dili—

411 3944 556 4012 genti
591 3943 939 4008 examinatis,
968 3954 1077 3998 tam
1120 3960 1215 4013 per
1251 3959 1338 4009 ea,
1383 3961 1508 4015 qum
1544 3947 1596 4001 in
1628 3947 1733 4002 illis
1761 3946 1890 4017 ipsis
1922 3947 1986 4001 li-

410 4033 528 4088 bris
557 4041 682 4102 apte
733 4035 910 4102 posita
965 4034 1408 4098 continebantur,
1455 4052 1615 4105 quam
1648 4054 1743 4108 per
1775 4041 1985 4096 saucita

415 4138 606 4177 recens
635 4139 663 4175 a
693 4123 872 4186 nobis,
892 4126 1194 4179 sententias
1214 4135 1266 4179 et
1292 4125 1497 4196 judicia
1526 4129 1591 4182 de
1617 4128 1986 4198 frequentibus

415 4213 646 4280 negotiis
691 4223 748 4267 et
804 4214 1198 4280 contractibus,
1249 4225 1303 4270 et
1349 4218 1736 4274 convenientes
1773 4219 1988 4276 delictis

413 4301 790 4356 criminalibus
828 4317 1019 4372 ptenas
1053 4304 1105 4357 in
1137 4303 1240 4358 hoc
1286 4304 1426 4361 libro
1457 4315 1568 4360 tum
1620 4309 1983 4375 manifestius,

415 4399 528 4444 tum
574 4391 746 4460 magis
797 4392 1004 4446 minute
1032 4393 1200 4462 repeti
1244 4394 1445 4454 debere
1486 4411 1780 4467 congruum
1831 4400 1988 4453 duxi-

2089 3208 2182 3260 καὶ
2209 3209 2321 3270 τοῖς
2354 3207 2452 3276 μὲν
2483 3207 2912 3276 δυσδιάγνωστον
2935 3208 3026 3262 τὸν
3073 3208 3134 3260 ἐν
3180 3206 3367 3269 αὐτοῖς
3411 3207 3668 3276 περιεχό-

2092 3315 2252 3368 μενον
2283 3298 2430 3363 νοῦν,
2474 3301 2582 3361 τοῖς
2605 3299 2779 3353 δὲκαὶ
2817 3297 3100 3362 παντελῶς
3127 3297 3516 3364 ἀδιάγνωστον,
3567 3299 3670 3352 καὶ

2091 3389 2326 3458 μάλιστα
2355 3390 2467 3450 τοῖς
2493 3388 2598 3452 ἐξω
2622 3388 2720 3458 τῆς
2746 3387 3111 3457 θεοφυλάκτου
3141 3386 3344 3458 ταύτης
3368 3387 3465 3441 καὶ
3504 3385 3668 3457 βασι-

2089 3479 2232 3542 λίδος
2263 3478 2420 3548 ἡμῶν
2452 3479 2681 3541 πόλεως,
2719 3479 2942 3543 εἰδότες,
2966 3479 3324 3549 τυγχάνοντα,
3364 3477 3671 3549 μετακαλε-
3723 3467 3732 3482 ³

2093 3571 2315 3639 σάμενοι
2371 3571 2616 3640 Νικήταν
2670 3569 2762 3624 τὸν
2825 3570 3170 3636 ἐνδοξότατον
3221 3571 3507 3642 πατρίκιον
3567 3569 3669 3624 καὶ

2093 3661 2432 3732 κοιαίστωρα
2486 3661 2666 3731 ἡμῶν,
2719 3660 2846 3724 τούς
2871 3678 2933 3714 τε
2970 3661 3346 3726 ἐνδοξοτάτους
3373 3659 3531 3731 ἡμῶν
3563 3678 3670 3713 παν

2092 3752 2357 3824 τρικίους,
2416 3753 2664 3824 Νικήταν
2704 3755 2800 3808 καὶ
2827 3755 3091 3826 Μαρϊνον,
3126 3756 3252 3818 τοὺς
3290 3753 3670 3819 ἐνδοξοτάτους

2092 3841 2330 3905 ὑπάτους
2357 3843 2452 3896 καὶ
2486 3844 2862 3914 ἀντιγραφεῖς,
2892 3845 2990 3898 καὶ
3029 3844 3247 3909 λοιποὺς
3283 3845 3375 3900 τὸν
3401 3844 3496 3898 τοῦ
3524 3843 3669 3898 Θεοῦ

2092 3931 2256 4000 φόϐον
2277 3931 2521 4003 ἔχοντας,
2537 3934 2717 3998 πάσας
2731 3934 2830 3998 τὰς
2840 3934 3019 3990 αὐτῶν
3044 3934 3258 4005 βίϐλους
3281 3936 3669 4007 συναθροισθῆ·

2090 4040 2179 4076 ναι
2249 4023 2753 4096 παρεκελεύσαμεν,
2809 4024 2903 4079 καὶ
2973 4025 3154 4081 πάντα
3220 4027 3338 4097 μετ’
3370 4026 3665 4098 ἐπιμελοῦς

2091 4116 2428 4185 ἐπισχέσεως
2459 4117 2873 4188 ἀνακρίναντες,
2913 4117 3000 4172 διά
3026 4135 3086 4171 τε
3113 4118 3220 4171 τῶν
3251 4120 3309 4172 ἐν
3333 4121 3459 4182 ταῖς
3473 4121 3668 4182 αὐταῖς

2089 4208 2294 4280 βίϐλοις
2317 4207 2554 4273 εὐθέτως
2584 4210 2996 4280 ἐμφερομένων,
3025 4211 3114 4265 διά
3131 4229 3191 4265 τε
3209 4211 3315 4266 τῶν
3343 4211 3476 4283 παρ’
3504 4211 3670 4283 ἡμῶν

2087 4302 2298 4372 νεαρῶς
2339 4301 2761 4367 θεσπισοέντων,
2793 4305 2885 4357 ἐπὶ
2921 4304 3129 4374 συχνῶν
3161 4305 3270 4360 τῶν
3322 4305 3670 4376 πραγμάτων

2089 4392 2207 4464 [ἐπὶ
2240 4393 2616 4463 συχναζόντων
2641 4394 3009 4466 πραγμάτων]
3052 4397 3146 4450 καὶ
3200 4397 3672 4468 συναλλαγμάτων

417 4493 566 4544 ntus;
597 4489 654 4532 ut
683 4480 958 4536 intellectu
990 4480 1236 4538 faciliore
1269 4485 1350 4540 vis
1379 4486 1644 4556 ejusmodi
1669 4490 1880 4560 piarum
1906 4491 1981 4545 le-

2093 4484 2188 4546 τάς
2226 4484 2455 4555 κρίσεις,
2492 4487 2586 4539 καὶ
2627 4487 2728 4550 τάς
2763 4487 3129 4558 καταλλήλους
3158 4487 3267 4541 τῶν
3305 4489 3673 4560 ἐγκλημάτων

416 4585 540 4639 gum
573 4571 777 4640 percipi
813 4573 1004 4640 possit,
1049 4584 1103 4627 et
1143 4575 1258 4643 ipsa
1303 4579 1514 4648 negotia
1547 4581 1738 4648 majori
1773 4583 1985 4652 perspi-

416 4662 622 4716 cuitate
665 4662 873 4728 decidi,
927 4679 992 4718 ac
1027 4664 1172 4733 jusla
1217 4672 1566 4724 exsecutione
1610 4671 1988 4740 delinquentes

417 4753 625 4821 puniri,
658 4755 859 4823 quique
889 4756 1156 4822 proclives
1185 4760 1248 4810 ad
1279 4761 1610 4825 peccandum
1641 4771 1846 4826 essent,
1877 4771 1984 4816 tam

419 4844 686 4909 coerceri,
719 4861 881 4913 quam
913 4848 1132 4918 corrigi.
1168 4847 1268 4915 Qui
1298 4864 1424 4904 vero
1453 4852 1519 4903 ad
1563 4851 1873 4908 tractandas
1910 4852 1988 4909 le-

421 4936 644 5005 gitimas
690 4951 975 4992 causarum
1021 4940 1368 5008 cognitiones
1415 4940 1652 4994 ordinati
1698 4953 1848 5008 sunt,
1896 4957 1991 4998 eos

423 5041 706 5082 monemus
761 5036 814 5082 et
873 5029 1177 5092 hortamur.
1225 5039 1283 5083 nt
1331 5029 1400 5083 ab
1445 5031 1696 5086 omnibus
1742 5032 1992 5088 humanis

421 5116 712 5174 affectibus
757 5119 1091 5184 abstineant,
1123 5129 1178 5174 et
1207 5136 1273 5175 ex
1308 5120 1520 5176 sincera
1544 5137 1786 5192 sanaque
1815 5133 1994 5180 ruente

418 5207 620 5275 judicia
650 5222 792 5263 verte
816 5209 1043 5278 justitia:
1070 5209 1367 5278 proferant,
1407 5225 1472 5264 ac
1506 5225 1680 5278 neque
1705 5227 1990 5282 pauperem

424 5310 799 5367 contemnant,
845 5316 1019 5370 neque
1047 5311 1317 5369 potentem
1352 5303 1553 5372 injuste
1583 5304 1789 5374 aliquid
1823 5320 1993 5376 agen-

426 5398 533 5443 tem
588 5391 902 5459 relinquant
942 5390 1406 5460 irreprehensum,
1434 5407 1533 5446 nec
1563 5395 1614 5447 in
1663 5395 1898 5468 speciem
1931 5411 1996 5450 ac

424 5481 607 5534 verbis
648 5483 949 5550 niminpere
987 5481 1249 5547 justitiam
1285 5493 1340 5536 ct
1381 5486 1692 5552 aequitatem
1724 5485 1998 5540 admiren-

430 5578 542 5630 tnr,
586 5583 777 5638 reapse
810 5585 937 5622 vero
966 5570 1312 5639 injustitiam,
1341 5583 1397 5626 et
1432 5573 1550 5639 plus
1579 5575 1809 5628 habendi
1847 5578 1996 5646 cupi-

429 5660 652 5713 ditatem
705 5661 1020 5731 praeferant,
1075 5662 1241 5716 veluti
1295 5663 1626 5719 fructuosam
1685 5669 1826 5721 :sed
1870 5682 1996 5722 cum

2088 4575 2280 4637 ποινὰς
2333 4575 2389 4627 ἐν
2421 4576 2546 4646 τῇδε
2569 4579 2631 4646 τῇ
2685 4576 2851 4648 βίϐλῳ
2889 4578 3300 4650 ’φανερωτέρως
3345 4597 3405 4633 τε
3447 4581 3538 4634 καὶ
3574 4582 3673 4634 λε-

2087 4665 2369 4735 πτοτέρως
2413 4667 2787 4738 ἀναληφθῆναι
2849 4669 3106 4741 ἁρμόδιον
3135 4671 3480 4742 ἡγησάμεθα,
3529 4675 3673 4745 πρὸς

2090 4756 2422 4810 εὐσύνοπτον
2450 4757 2551 4827 τῆς
2577 4758 2687 4811 τῶν
2722 4759 2979 4814 τοιούτων
3013 4760 3257 4815 εὐσεϐῶν
3286 4763 3468 4834 νόμων
3501 4765 3670 4819 δυνά-

2095 4864 2244 4917 μεως
2277 4847 2507 4918 εἴδησιν,
2531 4849 2626 4903 καὶ
2650 4847 2749 4920 τὴν
2777 4851 2834 4902 ἐν
2857 4851 3137 4924 εὐκρινείιτ⁸
3166 4851 3276 4906 τῶν
3325 4855 3670 4926 πραγμάτων

2091 4935 2409 5003 εὐλύτωσιν,
2466 4937 2562 4990 καὶ
2608 4937 2707 5009 τὴν
2763 4939 2978 4993 δικαίαν
3040 4942 3150 4997 τῶν
3202 4943 3672 5014 πλημμελούντων

2092 5029 2458 5095 ἐπεξέλευσιν,
2489 5029 2584 5083 καὶ
2603 5030 2702 5102 τὴν
2730 5029 2840 5083 τῶν
2878 5030 3194 5102 ἐπιῤῥεπῶς
3225 5035 3362 5106 πρὸς
3393 5036 3453 5089 τὸ
3483 5036 3673 5108 πλημ-

2097 5118 2279 5188 μελεῖν
2304 5117 2664 5188 διακειμένων
2695 5119 2995 5191 ἀναστολὴν
3033 5124 3126 5176 καὶ
3162 5123 3467 5194 διόρθωσιν.
3531 5128 3674 5192 Τοὺς

2092 5211 2150 5264 δὲ
2191 5210 2435 5280 μετιέναι
2479 5212 2846 5282 τεταγμένους
2893 5213 2962 5267 τὰ
3027 5214 3252 5287 νόμιμα,
3299 5218 3519 5274 πάντων
3561 5222 3676 5276 τῶν

2095 5303 2453 5372 ἀνθρωπίνων
2471 5304 2660 5358 παθῶν
2676 5303 3052 5376 παραινοῦμεν
3073 5301 3191 5377 ἅμα
3219 5308 3312 5362 καὶ
3339 5313 3674 5381 παρεγγυῶ-

2099 5411 2198 5464 μεν
2224 5395 2547 5464 ἀπέχεσθαι,
2584 5397 2677 5449 καὶ
2721 5395 2831 5450 ἀπὸ
2865 5397 3054 5466 ὑγιοῦς
3087 5399 3330 5464 διανοίας
3372 5404 3676 5475 προφέρειν

2095 5487 2198 5556 τῆς
2221 5485 2454 5556 ἀληθοῦς
2483 5485 2829 5557 δικαιοσύνης
2856 5486 2926 5540 τὰ
2963 5486 3230 5559 κρίματα,
3259 5491 3354 5546 καὶ
3382 5493 3523 5564 μήτε
3574 5495 3674 5548 πέ-

2097 5595 2256 5648 νητος
2306 5580 2700 5648 καταφρονεῖν,
2735 5579 2872 5649 μήτε
2921 5579 3188 5651 δυνάστην
3236 5583 3522 5640 ἀδικοῦντα
3577 5588 3677 5656 ἐᾷν

2099 5667 2506 5738 ἀνεξέλεγκτον,
2531 5671 2668 5742 μήτε
2694 5671 2804 5742 μὴν
2845 5673 3088 5743 σχήματι
3115 5675 3216 5744 μὲν
3255 5677 3347 5730 καὶ
3399 5677 3542 5749 λόγῳ
3571 5679 3678 5750 τὴν

431 5753 570 5812 apud
596 5765 692 5808 eos
713 5766 878 5808 causa
917 5754 1146 5810 duorum
1179 5756 1378 5826 agitur,
1408 5771 1635 5827 quorum
1667 5759 1804 5814 alter
1828 5760 1981 5830 copiis

2101 5761 2449 5833 δικαιοσύνην
2486 5762 2932 5835 ὐπερθαυμάζειν
2971 5765 3064 5821 καὶ
3100 5767 3198 5841 τὴν
3229 5767 3476 5842 ἰσότηταο
3521 5770 3675 5842 ἔργῳ

2021 5845 2079 5853 -α,
