4050 6454
258 379 361 446 4δῖ

1515 377 1908 436 DELECTUS
1953 377 2248 438 LEGUM.

3415 381 3526 445 458

244 491 297 544 δὲ
319 489 414 544 τὸν
437 484 626 542 ἄδικον
675 485 770 539 κει)⁵
810 482 1189 538 πλεονεκτικὸν
1219 485 1512 556 προτιμᾷν,
1535 485 1610 549 ὡς
1648 485 1848 554 ὠφέλι-

1965 487 2215 553 ibundat,
2263 487 2400 542 alter
2442 489 2620 543 minus
2667 487 2853 556 habet,
2901 490 2967 544 ad
3006 489 3266 559 aequalem
3301 506 3428 563 erga
3473 509 3536 550 se

245 598 373 654 μον·
403 579 541 634 ἀλλὰ
567 579 664 634 δύο
703 580 1042 651 κρινομένων
1057 578 1186 649 παρ’
1215 577 1421 644 αὐτοῖς,
1447 577 1540 632 τοῦ
1567 595 1628 632 τε
1655 579 1849 631 πλεονο

241 671 560 736 εκτοῦντος,
625 670 724 723 καὶ
752 669 843 723 τοῦ
879 669 941 722 τδ
982 669 1201 723 ἔλαττον
1230 669 1466 739 ἔχοντος,
1496 671 1576 732 είς
1623 670 1684 722 τὸ
1714 670 1851 738 πρὸς

239 766 513 837 ἀλλήλους
538 764 655 816 ἴσον
683 763 885 826 αὐτοὺς
911 761 1186 828 ἵστασθαι,
1218 762 1314 815 καὶ
1349 762 1605 816 τοσοῦτον
1631 762 1851 831 ἀφελεῖν

239 859 337 912 τοῦ
404 858 796 928 ὑπερέχοντος,
855 856 979 908 ὅσον
1033 854 1424 925 ἐλαττούμενον
1460 856 1665 926 εὑρωσι
1696 871 1847 926 τηνι-

241 951 429 1006 καῦτα
484 953 579 1002 τὸν
617 947 997 1017 ἀδικούμενον.
1050 949 1112 1001 Οί
1147 949 1255 1019 γὰρ
1304 949 1404 1017 τ’ὴν
1433 947 1607 1017 ἀληθῆ
1639 948 1850 1002 δικαιο-

243 1042 418 1110 σύνην
460 1043 587 1103 ταῖς
639 1039 852 1118 ἑαυτῶν
925 1039 1126 1109 ψυχαῖς
1184 1039 1728 1110 προεναποκειμὲνην
1776 1040 1850 1110 μὴ

243 1137 487 1205 ἔχοντες,
536 1132 658 1185 ἀλλ’
705 1131 739 1202 ἦ
808 1132 1056 1201 χρήμασι
1114 1130 1525 1201 διεφθαρμένοι,
1588 1131 1853 1205 ἢὲχθραν

248 1227 630 1298 ἀμυνόμενοι,
705 1223 738 1295 ἢ
795 1222 1118 1276 δυναστείαν
1188 1223 1600 1295 δυσωπούμενοι
1676 1226 1852 1295 κρῖμα

1954 587 2154 635 statum
2205 595 2301 634 eos
2343 580 2614 649 redigant,
2657 590 2714 638 et
2767 592 2978 638 tantum
3019 587 3366 640 eminentiori
3414 587 3534 642 adi-

1955 678 2127 735 mant,
2161 679 2371 738 quanto
2401 670 2716 727 inferiorem
2761 681 2890 728 tunc
2930 674 3244 729 invenerint
3273 689 3420 740 eum,
3450 678 3538 731 cui

1957 760 2016 814 ﬁt
2049 761 2275 831 injuria.
2310 763 2412 830 Qui
2434 764 2582 818 enim
2605 764 2879 832 justitiam
2904 780 3087 820 veram
3117 766 3171 820 in
3197 768 3396 823 animis
3425 769 3540 823 suis

1950 853 2063 922 jam
2090 864 2216 909 ante
2245 855 2405 909 sitam
2438 871 2546 911 non
2571 857 2796 924 habent,
2826 858 2921 912 sed
2967 857 3052 912 vel
3080 859 3326 928 pecuniis
3353 874 3543 915 corru-

1956 944 2032 1013 pti
2063 954 2212 1009 sunt,
2248 945 2331 999 vel
2357 947 2672 1004 inimicitias
2699 947 3064 1014 ulciscuntur,
3093 950 3176 1005 vel
3200 951 3540 1020 potentiores

1959 1047 2219 1091 verentur
2240 1051 2303 1092 ac
2330 1037 2726 1106 reformidant;
2753 1040 2989 1110 dirigere
3011 1041 3214 1108 judicia
3235 1055 3538 1112 nequeunt.

1958 1141 2147 1183 verum
2181 1129 2311 1183 illud
2347 1131 2414 1185 de
2445 1145 2505 1184 se
2526 1132 2753 1187 verbum
2780 1146 2902 1188 esse
2926 1132 3267 1189 Psalmorum
3297 1140 3542 1193 auctoris

1958 1221 2311 1276 ostendentes
2342 1238 2356 1275 :
2394 1239 2417 1273 ι
2471 1221 2754 1292 Siquidem
2793 1241 2920 1281 vere
2957 1227 3225 1296 justitiam
3262 1231 3540 1300 profertis,

252 1317 620 1374 κατευθύνειν
677 1316 738 1368 οὐ
795 1315 1093 1382 δύνανται,
1150 1315 1458 1379 δεικνύντες
1509 1315 1594 1385 ἐφ’
1641 1317 1855 1380 ἑαυτοῖς

1965 1312 2182 1378 iudicia,
2233 1323 2382 1369 recta
2429 1315 2696 1384 judicate,
2723 1316 2815 1372 lilii
2870 1319 3183 1375 mortalium
3211 1322 3250 1375 ί.
3293 1322 3430 1378 Nam
3483 1325 3538 1380 in

249 1413 337 1466 τὲιν
366 1409 683 1480 Ψαλμῳδὸν
732 1407 1086 1480 ἀληθεύοντα·
1118 1426 1136 1459 ι
1161 1408 1226 1462 Ei
1258 1407 1473 1478 ἀληθῶς
1504 1407 1612 1478 ἄρα
1644 1408 1855 1461 δικαιο-

253 1504 422 1574 σύνην
476 1502 713 1566 λαλεῖτε,
773 1500 1000 1564 εὐθείας
1030 1499 1256 1569 κρίνατε
1303 1499 1404 1563 τὰς
1465 1499 1698 1570 κρίσεις,
1749 1500 1855 1552 υἱοὶ

262 1597 375 1649 τῶν
411 1593 735 1666 ἀνθρώπων.
767 1591 880 1645 Καὶ
914 1591 1025 1662 γὰρ
1059 1593 1118 1646 ἐν
1163 1591 1360 1662 καρδία
1418 1590 1650 1662 ἀνομίας
1689 1592 1857 1663 ὲργά-

267 1685 438 1752 (sub;
469 1686 538 1742 ,ιν
577 1687 642 1755 τῇ
695 1686 792 1754 γῇ,
828 1683 1046 1737 ἀδικίαν
1105 1685 1162 1738 αἱ
1210 1686 1391 1754 χεῖρες
1422 1681 1576 1753 ὑμῶν
1615 1683 1858 1754 συμπλέ-

273 1796 482 1834 κουσιν.
517 1795 566 1832 ιι
597 1776 817 1847 Ὠσπερ
852 1777 948 1830 καὶ
993 1779 1023 1830 ὁ
1066 1777 1322 1848 Σολομῶν
1354 1779 1382 1830 ό
1421 1778 1585 1847 σοφὸς
1629 1777 1690 1830 τὸ
1728 1777 1857 1848 περὶ

269 1871 362 1942 τὴν
421 1869 604 1941 κρίσιν
659 1869 850 1924 ἄνισον
907 1872 975 1940 τῇ
1031 1870 1140 1924 τῶν
1209 1869 1466 1942 σταθμῶν
1516 1869 1858 1944 προσηγορίᾳ

265 1959 682 2036 παρωμοιακὼς
729 1959 1159 2033 [παροιμιακῶς]
1234 1961 1608 2032 αἰνιττόμενος
1657 1961 1852 2032 ἔφησεο

265 2073 283 2108 ι
306 2053 560 2126 Σταθμὸν
588 2053 736 2124 μέγα
761 2053 856 2107 καὶ
891 2053 1109 2123 μικρὸν,
1134 2052 1395 2122 βδελυκτά
1414 2055 1565 2124 παρά
1592 2055 1816 2124 Κυρίου.
1833 2073 1852 2105 ι

262 2144 561 2200 Καὶ-ταῦτα
583 2145 698 2207 τοῖς
715 2143 896 2196 νοοῦσι
925 2143 1022 2210 μὲν
1040 2143 1344 2209 τὸδίκαιον,
1367 2146 1778 2216 παρατρέπουσι
1799 2144 1858 2196 δὲ

258 2239 354 2308 τὴν
371 2235 668 2307 ἀλήθειαν,
692 2235 1099 2306 παραινετικῶς
1128 2236 1246 2305 ἆμα
1276 2237 1371 2289 καὶ
1391 2237 1860 2309 προμαρτυρικῶς

256 2329 387 2400 παρ’
415 2328 581 2398 ἡμῶν
627 2327 1000 2381 διατέτακται.
1042 2321 1138 2390 Οἷς
1179 2326 1236 2379 δὲ
1257 2327 1436 2392 τοῦτο,
1507 2328 1595 2381 διὰ
1623 2328 1682 2383 τὸ
1731 2333 1859 2399 περὶ

251 2422 350 2492 τὴν
376 2421 648 2492 φρόνησιν
672 2417 940 2486 ὲλλειπὲς,
985 2419 1220 2490 ὑπάρχει
1243 2420 1599 2490 δυσθήρατον,
1631 2420 1724 2473 καὶ
1750 2421 1856 2473 δια·

251 2517 441 2584 νεῖμαι
464 2515 525 2567 τὸ
559 2514 677 2566 ἴσον
707 2513 945 2582 ἑκάστῳ,
971 2513 1250 2576 παντελῶς
1281 2513 1516 2583 ὑπάρχει
1543 2512 1854 2581 ἀνέφικτον,

251 2599 402 2660 οὗτοι
426 2606 569 2659 κατά
591 2603 650 2658 τὸ
669 2603 775 2656 ὑπὸ
795 2603 974 2673 Ἰησοῦ
997 2602 1092 2656 τοῦ
1126 2604 1301 2672 Σιράχ
1344 2603 1660 2672 λεγόμενον,
1720 2603 1859 2672 μήτε

254 2699 410 2770 παρὰ
433 2696 644 2768 Κυρίου
698 2695 1029 2767 ήγεμονείαν
1082 2695 1442 2765 ζητείτωσαν,
1515 2696 1652 2764 μήτε
1707 2695 1860 2764 παρὰ

257 2787 530 2858 βασιλέως
557 2783 830 2854 καθέδραν
850 2783 1008 2853 δόξης
1038 2783 1388 2848 αἰτείτωσαν,
1429 2783 1567 2854 μήτε
1610 2783 1858 2850 γίνεσθαι

256 2881 444 2952 κριταὶ
500 2879 962 2950 προαιρείτωσαν,
1017 2876 1234 2940 ἀδικίας
1291 2875 1544 2945 οὐδαμῶς
1616 2876 1859 2945 ἐξαιρεῖν

262 2972 563 3043 ἰσχύοντες.
639 2969 703 3022 Οί
764 2967 822 3020 δὲ
853 2965 944 3020 νοῦ
976 2966 1070 3020 καὶ
1130 2966 1448 3036 φρονήσεως
1495 2966 1733 3036 μέτοχοι,
1766 2967 1860 3020 καὶ

263 3060 619 3130 δικαιοσύνης
679 3057 916 3129 ἀληθοῦς
973 3058 1219 3128 ἐναργῶς
1277 3059 1669 3128 ἐπιστήμονες,
1724 3057 1860 3129 ὀρθά

1959 1407 2122 1460 corde
2156 1417 2340 1462 vestro
2380 1408 2563 1478 iniqua
2591 1410 2838 1465 facinora
2872 1415 3146 1482 peragetis
3185 1415 3237 1468 in
3271 1418 3452 1477 terris.
3486 1429 3543 1472 et

1961 1512 2156 1552 manus
2193 1510 2388 1554 vestrae
2420 1501 2743 1568 injustitiam
2778 1513 3021 1560 nectunt.
3061 1525 3079 1557 ›
3119 1507 3212 1562 Sic
3243 1517 3297 1562 ct
3324 1510 3541 1579 sapiens

1961 1588 2050 1646 ille
2102 1589 2321 1647 Salonio
2362 1592 2790 1664 inaiqualitateni
2835 1597 3209 1666 injudicando
3238 1603 3538 1670 ponderum

1961 1681 2420 1752 appellationibus
2465 1689 2872 1756 comparando,
2921 1705 3017 1758 per
3063 1692 3295 1761 aenigma
3346 1696 3482 1750 dixit
3521 1712 3538 1748 :

1967 1791 1984 1823 ι
2020 1772 2239 1828 Ροηιίυε
2265 1774 2464 1831 ibidem
2491 1791 2745 1847 magnum
2773 1789 2828 1834 et
2855 1781 3056 1846 minus,
3085 1784 3225 1852 apud
3256 1784 3540 1840 Dominum

1962 1867 2349 1922 abominabilia
2397 1879 2525 1924 sunt
2569 1873 2612 1924 ³.
2667 1889 2687 1923 ι
2737 1871 2805 1926 Ει
2845 1872 2963 1930 haec
3007 1874 3278 1942 justitiam
3323 1879 3541 1948 quidem

1961 1958 2415 2031 intelligentibus,
2453 1964 2551 2020 sed
2601 1969 3045 2035 pervertentibus
3081 1971 3390 2050 veritatem,
3427 1982 3539 2027 tum

1964 2053 2216 2107 monendi
2241 2068 2427 2122 causa,
2462 2063 2576 2110 tum
2615 2059 2978 2126 pretestandi,
3007 2076 3037 2113 a
3079 2063 3238 2118 nobis
3276 2077 3544 2134 praecepta

1962 2146 2108 2192 sunt.
2140 2140 2212 2192 At
2246 2142 2444 2210 quibus
2475 2143 2599 2211 hoc,
2647 2157 2870 2217 propter
2911 2148 3280 2221 intelligentia:
3312 2156 3548 2223 pruden-

1965 2230 2170 2301 tiaique
2197 2234 2498 2304 defectum,
2530 2239 2751 2295 inventu
2790 2251 2847 2297 et
2877 2247 3244 2315 pervestigatu
3276 2259 3359 2302 est
3393 2248 3546 2304 ditii-

1962 2327 2085 2390 cile,
2143 2330 2347 2399 quique
2402 2345 2628 2400 prorsus
2685 2333 2817 2390 illud
2863 2339 3076 2406 assequi
3131 2352 3436 2411 nequeunt,
3487 2357 3545 2400 ut

1905 2489 1911 2495 ἰ
1962 2420 2188 2488 aequalia
2211 2422 2442 2491 singulis
2480 2423 2751 2491 tribuant;
2791 2427 2863 2482 illi
2899 2433 3198 2487 secundum
3231 2435 3305 2500 id,
3330 2440 3475 2505 quod
3514 2456 3544 2491 a

1963 2511 2248 2569 Siracltide
2276 2513 2403 2570 Jesu
2435 2517 2714 2585 profertur
2742 2520 2785 2588 ⁵,
2823 2535 2923 2576 nec
2954 2536 2986 2576 ιι
3012 2524 3239 2580 Domino
3270 2529 3546 2599 principa-

1966 2615 2075 2660 tum
2109 2608 2408 2677 rcquirant,
2446 2621 2547 2666 nec
2575 2626 2603 2665 a
2641 2626 2768 2682 rege
2798 2613 2991 2669 solium
3029 2617 3213 2687 gloria:
3243 2623 3542 2689 postulent,

1965 2715 2066 2753 nec
2107 2701 2322 2767 judices
2359 2703 2476 2757 lieri
2512 2713 2820 2772 exspetant,
2870 2719 2993 2761 cum
3039 2710 3235 2766 tollere
3269 2713 3334 2767 de
3367 2715 3544 2770 medio

1963 2791 2207 2848 facinora
2243 2795 2442 2863 injusta
2475 2812 2818 2868 nequaquam
2847 2802 3077 2870 possint.
3107 2804 3208 2870 Qui
3235 2819 3364 2861 vero
3400 2821 3548 2862 men-

1965 2886 2034 2939 tis
2067 2901 2130 2939 ac
2157 2888 2462 2956 prudentia:
2493 2892 2807 2962 participes,
2838 2901 2890 2948 et
2923 2895 3127 2964 liquido
3153 2913 3294 2953 vera:
3320 2899 3546 2968 iustitia:

1962 2977 2120 3046 periti
2157 2986 2316 3046 sunt;
2352 2980 2386 3034 ii
2413 2989 2564 3036 recta
2599 2983 2943 3042 considerent
2976 2987 3029 3040 in
3055 2987 3301 3058 judiciis,
3333 2999 3387 3048 et
3420 2994 3546 3048 abs-

1963 3082 2071 3137 que
2099 3069 2412 3126 animorum
2456 3071 2651 3129 aliectu
2697 3075 2895 3147 cuique
2938 3093 3040 3149 pro
3095 3081 3308 3137 meritis
3348 3098 3546 3140 convev

262 3155 387 3225 περὶ
409 3155 513 3218 τάς
535 3153 752 3224 κρίσεις
781 3150 1155 3221 βλεπέτωσαν,
1201 3151 1295 3202 καὶ
1347 3149 1572 3213 ἀπαθῶς
1625 3151 1693 3203 τά
1738 3151 1857 3202 κατ’

1965 3158 2172 3214 nientia
2213 3162 2479 3217 tribuant.
2527 3163 2663 3218 Nam
2717 3165 2796 3220 sic
2844 3168 3006 3221 etiam
3057 3169 3318 3226 Dominus
3361 3183 3550 3227 noster

262 3249 414 3314 ἀξίαν
455 3247 678 3315 ἑκάστῳ
735 3243 1072 3314 νεμέτωσαν.
1113 3238 1271 3294 Οὕτω
1315 3239 1424 3312 γὰρ
1453 3242 1545 3294 καὶ
1575 3243 1603 3293 ὀ
1659 3241 1860 3312 Κύριος

261 3343 418 3412 1ἡμῶν
453 3337 671 3410 Ἰησοῦς
730 3335 988 3407 Χριστὸς,
1037 3336 1071 3405 ἡ
1130 3333 1226 3388 τοῦ
1294 3333 1429 3386 θεοῦ
1481 3333 1711 3403 δύναμις
1770 3334 1866 3386 καὶ

267 3435 444 3502 σοφία,
493 3430 910 3500 περισσοτέρως
939 3427 1124 3490 αὐτοῖς
1152 3426 1250 3498 τὴν
1281 3425 1483 3493 γνῶσιν
1522 3425 1618 3478 τοῦ
1653 3425 1862 3509 δικαίου

264 3527 576 3598 χαρίζεται,
659 3523 753 3576 καὶ
802 3519 1176 3591 ἀνακαλύπτει
1225 3519 1336 3571 τῶν
1383 3518 1726 3590 πραγμάτων
1796 3517 1865 3570 τά

265 3618 656 3687 δυσεξεύρητα⁶
715 3613 775 3678 ὃς
827 3615 924 3667 καὶ
972 3614 1062 3666 τὸν
1118 3612 1444 3684 Σολομῶντα
1485 3612 1864 3682 ἐκζητήσαντα

268 3711 328 3764 τὸ
361 3711 570 3764 δίκαιον
597 3707 827 3778 ἀληθείᾳ
861 3707 1104 3774 ὲσόφισε,
1130 3707 1224 3759 καὶ
1241 3708 1338 3776 τὴν
1365 3705 1492 3773 περὶ
1527 3704 1622 3757 τοῦ
1645 3705 1862 3758 παιδίου

277 3804 458 3874 κρίσιν
481 3803 648 3872 ὀρθῶς
675 3803 771 3855 καὶ⁵
837 3800 1142 3863 εὐθυϐόλως
1201 3803 1320 3864 ταῖς
1359 3799 1605 3868 γυναιξὶν
1655 3801 1868 3867 ἐξενεγ-

285 3903 400 3956 κεῖν
430 3900 752 3970 ἐχαρίσατο.
806 3898 1027 3970 Ἐπειδὴ
1058 3899 1168 3968 γὰρ
1215 3893 1609 3968 ἀμάρτυραῆν
1629 3897 1697 3949 τά
1735 3899 1868 3967 παρ’

272 3999 545 4069 ἑκατέρας
592 3997 886 4066 λεγόμενα,
926 3997 1018 4048 ἐπὶ
1041 3994 1141 4065 τὴν
1169 3993 1330 4063 φύσιν
1380 3996 1629 4064 χωρῆσαι
1661 3992 1866 4046 τούτων

264 4090 550 4154 ἐκέλευσε,
584 4090 681 4142 καὶ
706 4087 775 4140 δι’
803 4086 974 4158 αὐτῆς
996 4087 1182 4157 εὑρεῖν
1225 4086 1287 4138 τὸ
1317 4084 1686 4155 ἀγνοούμενον
1724 4101 1866 4152 παρ-

271 4183 595 4237 εσκεύασεν·
620 4183 711 4234 ὅτε
749 4180 850 4252 μὲν
889 4181 923 4251 ἡ
951 4179 1210 4248 ἀλλοτρία
1235 4178 1460 4241 ἀπαθῶς
1501 4178 1562 4230 τὸ
1599 4179 1728 4250 περὶ
1769 4179 1868 4248 τῆς

268 4273 610 4345 ἀναιρέσεως
638 4271 734 4326 τοῦ
773 4271 961 4334 παιδὸς
989 4269 1318 4334 κατεδέξατο
1344 4270 1696 4339 πρόσταγμα·
1745 4271 1774 4340 ἡ
1809 4269 1865 4321 δὲ

265 4365 487 4436 άληθῶς
518 4365 708 4435 μήτηρ
757 4363 876 4416 οὐδὲ
917 4362 1017 4434 τὴν
1053 4363 1224 4433 ἀκοὴν
1280 4362 1537 4431 ὑποσχεῖν
1568 4361 1646 4431 τῷ
1696 4378 1870 4432 προσ-

265 4457 537 4528 τάγματι,
577 4455 668 4509 διά
715 4454 818 4525 τὴν
847 4455 1084 4525 φυσικὴν
1135 4453 1546 4522 φιλοστοργίαν,
1578 4452 1864 4524 ἠνέσχετο.

1964 3252 2124 3309 Jesus
2159 3253 2430 3322 Christus,
2464 3256 2556 3311 Dei
2586 3257 2764 3315 virtus
2801 3270 2856 3314 et
2893 3261 3186 3330 sapientia,
3232 3264 3404 3321 multo
3430 3281 3549 3319 ma-

1960 3345 2080 3414 jore
2102 3362 2224 3402 cum
2254 3349 2585 3404 abundantia
2617 3352 2760 3423 juris
2785 3363 2839 3406 et
2883 3355 3022 3424 ecqui
3069 3357 3436 3422 cognitionem
3468 3360 3549 3416 eis

1965 3437 2216 3508 largitur,
2253 3449 2307 3494 et
2354 3455 2444 3495 res
2494 3441 2716 3497 inventu
2761 3443 3006 3501 diﬂiciles
3055 3449 3301 3514 revelat;
3349 3452 3439 3520 qui
3494 3463 3550 3507 et

1967 3525 2489 3592 Salomonem,-cum
2525 3530 2792 3598 justitiam
2827 3536 3216 3603 requisivisset,
3251 3541 3548 3608 sapientem

1968 3636 2153 3676 revera
2184 3621 2344 3688 fecit;
2377 3633 2432 3678 et
2468 3625 2700 3694 gratiam
2739 3628 3049 3693 concessit,
3088 3608 3369 3698 utjiidicio
3401 3643 3550 3688 recte

1968 3715 2034 3768 ad
2061 3729 2285 3783 scapum
2316 3716 2568 3770 tendente
2602 3719 2932 3788 sententiam
2967 3720 3035 3775 de
3071 3736 3239 3790 puero
3264 3725 3550 3779 muliercu-

1969 3808 2033 3862 lis
2079 3809 2367 3878 prolerrct.
2403 3809 2558 3875 Quod
2607 3811 2748 3864 enim
2795 3815 3123 3870 testimoniis
3166 3831 3229 3870 ca
3279 3829 3549 3881 carerent,

1967 3917 2088 3972 qua:
2112 3902 2180 3957 ab
2214 3912 2444 3972 utraque
2464 3904 2817 3972 dicebantur;
2848 3907 2914 3961 ad
2945 3907 3116 3976 ipsam
3145 3919 3394 3964 naturam
3425 3926 3548 3966 eum

1969 3994 2220 4065 progredi
2247 3993 2426 4061 jussit.
2459 4004 2513 4049 ct
2540 3996 2616 4049 uti
2652 4011 2751 4066 per
2788 3998 2930 4052 hanc
2980 3998 3249 4055 inveniret
3293 4001 3367 4066 id,
3407 4004 3549 4070 quod

1971 4088 2343 4158 ignorabatur,
2377 4087 2558 4143 eﬂecit
2590 4103 2600 4137 :
2634 4103 2744 4158 quo
2780 4091 2997 4159 quidem
3039 4101 3284 4162 tempore
3332 4097 3550 4159 mulier,

1971 4179 2036 4233 ad
2087 4193 2251 4247 quam
2305 4195 2442 4248 puer
2490 4193 2593 4233 non
2645 4181 2986 4249 pertinebat,
3049 4183 3555 4240 immisericorditer

1972 4273 2193 4328 admisit
2239 4271 2543 4328 Salom0nis
2592 4274 2658 4329 (le
2702 4277 2946 4329 necando
2990 4291 3159 4345 puero
3207 4279 3548 4341 mandatum;

1972 4376 2028 4421 at
2080 4381 2202 4435 quae
2244 4381 2432 4421 revera
2479 4377 2653 4423 mater
2697 4377 2834 4434 erat,
2872 4385 2937 4424 ne
2975 4371 3191 4437 quidem
3239 4372 3548 4425 mandatum

1974 4451 2079 4510 lioc
2125 4457 2335 4520 audire,
2383 4467 2604 4526 propter
2634 4472 2873 4512 amorem
2926 4458 3230 4513 naturalem
3273 4459 3550 4514 sustinuit.

331 4547 528 4603 Ταῦτα
549 4547 868 4611 νοείτωσαν,
898 4545 1074 4600 ταῦτα
1120 4545 1516 4616 φρονείτωσαν,
1552 4545 1611 4597 ἐν
1649 4543 1861 4607 τούτοις

2042 4545 2169 4602 Ιίωρ
2207 4547 2574 4611 considerent,
2609 4548 2724 4602 [nec
2753 4547 2805 4602 in
2840 4548 3038 4603 animis
3065 4551 3178 4603 suis
3209 4549 3467 4615 sentiant,
3501 4550 3552 4604 in

269 4639 792 4714 ἀναστραφήτωσαν
839 4638 1063 4710 οίπαρά
1113 4637 1214 4707 τῆς
1251 4636 1530 4706 ἡμετέρας
1586 4634 1870 4699 εὐσεϐείας

270 4733 482 4802 κρίνειν
515 4731 846 4802 τεταγμένοι
888 4730 956 4784 τὰ
977 4731 1308 4801 πράγματα,
1349 4729 1442 4782 καὶ
1475 4728 1583 4783 τῶν
1629 4729 1872 4782 εὐσεϐῶν

269 4825 429 4896 ἡμῶν
499 4824 686 4894 νόμων
753 4822 1224 4894 ὲγκεχειρισμένοι
1266 4821 1336 4876 τὰ
1376 4821 1560 4876 δίκαια
1611 4821 1871 4892 σταθμία.

284 4917 371 4970 Ἐν
418 4915 637 4977 τούτοις
682 4916 794 4984 γὰρ
849 4915 942 4968 τὸν
1016 4917 1082 4967 τὰ
1134 4915 1392 4984 σκῆπτρα
1464 4913 1564 4982 τῆς
1601 4912 1876 4981 βασιλείας

273 5011 401 5079 ἡμῖν
449 5009 842 5080 ἐγχειρίσαντα
893 5009 1026 5063 Θεὸν
1069 5008 1407 5079 ’θεραπεύειν
1459 5005 1860 5076 σπουδάζομεν.

284 5101 372 5155 Ἐν
401 5101 622 5163 τούτοις
647 5102 758 5163 τοῖς
783 5099 992 5163 ὅπλοις,
1027 5085 1094 5171 τῇ
1121 5099 1349 5170 δυνάμει
1379 5097 1567 5164 αὐτοῦ,
1597 5097 1867 5160 εὐσθενῶς

274 5193 700 5247 ἀντιτάσσεσθαι
725 5195 839 5256 τοῖς
874 5192 1157 5262 πολεμίοις
1181 5191 1507 5261 βουλόμεθα·
1551 5193 1610 5243 ἐν
1659 5189 1871 5253 τούτοις

273 5287 348 5358 τῷ
375 5285 605 5358 Χριστῷ
632 5286 958 5356 σημειωτὸν,
995 5285 1090 5339 καὶ
1117 5284 1268 5356 παρά
1299 5283 1398 5354 τῆς
1426 5283 1592 5336 αὐτοῦ
1622 5282 1871 5348 ἐξουσίας

271 5379 722 5449 ὑποτεταγμένον
750 5381 817 5449 τῇ
845 5377 1094 5449 ἡμετέρᾳ
1120 5378 1389 5448 πραότητι
1412 5375 1663 5444 ποίμνιον
1684 5373 1869 5439 αὔξειν

279 5474 362 5526 ἐπ’
390 5471 643 5541 ἀγαθοῖς,
668 5473 762 5524 καὶ
793 5471 1128 5542 προκόπτειν
1157 5467 1509 5537 πιστεύομεν.
1545 5467 1636 5520 Ἐν
1659 5468 1870 5530 τούτοις

283 5565 752 5620 ἀποκαθίστασθαι
782 5567 912 5633 ἡμῖν
936 5564 1034 5633 τὴν
1069 5563 1303 5633 ἀρχαίαν
1349 5560 1442 5613 τοῦ
1475 5557 1872 5628 πολιτεύματος

281 5660 641 5721 δικαιοδοσίαν
664 5658 978 5727 ἐλπίζομεν,
994 5655 1086 5709 τοῦ
1103 5657 1311 5726 Κυρίου
1331 5653 1425 5707 καὶ
1443 5652 1694 5726 Σωτῆρος
1713 5651 1871 5720 ἡμῶν

353 5840 376 5876 ³
408 5840 555 5899 Psal.
589 5855 722 5904 Lvn,
753 5839 886 5894 2—4.
962 5839 981 5868 '
1012 5835 1172 5890 Prov.
1216 5850 1306 5901 xx,
1338 5833 1428 5888 2'5.

579 5936 853 5997 ΡΑτιιοι..
886 5936 1005 5995 Gn.
1030 5929 1243 5992 CXIII.

603 6061 635 6092 ο

1510 5834 1529 5865 ³
1562 5833 1733 5888 Eccli.
1766 5847 1866 5898 vn,
1908 5829 1962 5889 6.

1973 4640 2058 4694 his
2079 4649 2365 4694 versentur
2393 4639 2454 4703 ii,
2481 4640 2624 4710 quia
2659 4640 2859 4710 pietate
2884 4651 3070 4694 nostra
3096 4640 3379 4695 constituti
3403 4652 3552 4704 sunt,

1974 4739 2032 4783 ut
2064 4729 2186 4784 lites
2216 4738 2266 4784 et
2316 4731 2722 4785 controversias
2753 4739 3087 4801 cognoscant
3110 4747 3172 4786 ac
3200 4731 3468 4802 judicent,
3503 4743 3557 4787 et

1974 4824 2170 4892 quibus
2194 4822 2598 4891 ponderajusta
2633 4823 3012 4892 rcligiosarum
3039 4823 3214 4892 legum
3246 4835 3555 4878 uestrarum

1978 4916 2174 4971 tradita
2213 4923 2339 4968 sunt
2373 4923 2426 4968 et
2447 4915 2853 4968 commendata.
2887 4914 2944 4967 lu
2987 4915 3070 4968 liis
3111 4915 3256 4968 enim
3300 4913 3467 4968 Deum
3505 4917 3560 4968 iI-
3591 4903 3593 4906 i

1976 5008 2106 5072 lum,
2144 5006 2235 5075 qui
2291 5007 2440 5074 regni
2487 5013 2700 5074 sceptra
2755 5005 2913 5058 nobis
2966 5004 3020 5058 in
3051 5021 3269 5058 manum
3312 4992 3597 5065 tradiditf

1976 5099 2120 5152 omni
2153 5097 2332 5152 studio
2381 5097 2559 5152 colere
2601 5097 2843 5150 nitimur.
2895 5095 2987 5150 His
3032 5098 3221 5161 armis,
3257 5098 3427 5167 ipsius
3465 5098 3561 5150 ad-

1970 5190 2072 5257 juti
2123 5189 2322 5243 virtute
2375 5203 2439 5243 ac
2473 5188 2701 5253 viribus,
2757 5185 2971 5240 fortiter
3017 5187 3264 5243 hostibus
3301 5187 3559 5241 resistere

1976 5283 2246 5336 volumus.
2277 5280 2382 5336 Per
2431 5280 2544 5335 brcc
2584 5280 2854 5349 signatum
2902 5279 3142 5344 Christo,
3178 5288 3231 5333 et
3266 5291 3362 5346 per
3391 5276 3562 5344 ipsius

1980 5382 2316 5442 pOtestatem-
2335 5372 2641 5441 subjectum
2678 5370 3080 5426 mansuetudini
3114 5378 3314 5424 nostra:
3341 5379 3556 5435 gregem

1982 5466 2034 5519 in
2082 5465 2238 5518 bonis
2283 5478 2498 5518 sumere
2545 5464 2963 5526 incrementum,
2995 5477 3060 5515 ac
3087 5457 3351 5528 prolicere
3383 5454 3561 5509 credi-

1984 5571 2125 5610 mus.
2162 5553 2258 5610 His
2294 5556 2345 5609 iu
2373 5555 2640 5626 integrum
2673 5553 2964 5609 restituere
3002 5551 3159 5605 nobis
3197 5548 3476 5615 antiquam
3505 5548 3560 5601 in

1984 5648 2418 5704 administranda
2473 5645 2750 5716 republica
2792 5643 3230 5716 iurisdictionem
3276 5654 3435 5710 posse
3463 5654 3564 5695 nos

3079 5905 3151 5971 15
