4050 6416
512 362 627 427 ιιι

1530 350 2066 416 ΕΟΝΞΤΑΝΤΙΝΙ
2107 339 2788 413 PORPHYROGENITI

3678 351 3796 422 460

514 490 825 546 speramus,
860 487 985 529 cum
1030 469 1285 529 dominus
1316 476 1374 524 et
1418 467 1682 524 Servator
1724 476 1913 521 noster
1936 464 2102 520 Iesus

2226 464 2396 535 Ἰησοῦ
2453 463 2692 535 Χριστοῦ
2745 462 3047 536 εἰρηκότος.
3093 481 3112 515 ι
3146 461 3467 536 Μὴκρίνετε
3503 467 3627 520 κατ’
3656 466 3807 536 ὅφιν,

517 569 771 625 Christus
805 565 1008 622 dixerit
1039 581 1053 619 :
1090 580 1113 615 ι
1144 559 1617 631 Nejudicaveritis
1644 560 1943 613 secundum
1980 570 2103 626 spe-

515 663 657 716 ciem
688 669 998 721 externam,
1036 638 1135 710 sed
1169 653 1437 722 judicium
1467 654 1673 719 justum
1709 659 1962 704 exercete
1994 648 2038 703 ⁸.
2077 666 2096 700 ι

515 755 599 809 Ab
642 751 790 807 omni
826 747 1140 818 captatione
1171 756 1453 799 munerum
1484 742 1771 804 abstineri,
1807 740 2017 809 justum
2050 746 2106 794 et

517 859 733 915 aequum
769 850 875 904 est,
907 853 1031 894 cum
1060 836 1322 903 scriptum
1352 833 1425 888 sit
1459 845 1477 886 :
1503 832 1597 888 Vae
1631 831 1759 897 illis,
1790 832 1883 902 qui
1914 845 2106 886 mune-

516 950 640 991 rum
668 948 831 988 causa
872 928 1178 999 justilicant
1221 925 1471 993 impium,
1521 932 1577 981 et
1617 924 1902 978 humilium
1958 925 2102 976 viam

518 1025 875 1085 declinantes,
901 1019 1107 1089 justam
1135 1015 1264 1085 justi
1300 1029 1524 1070 causam
1554 1014 1621 1069 ab
1652 1027 1720 1070 eo
1752 1013 1970 1068 tollunt.
1995 1012 2103 1066 llo-

517 1130 638 1171 rum
670 1112 821 1168 radix
850 1111 1026 1165 instar
1056 1106 1298 1179 pulveris
1326 1106 1452 1174 erit,
1474 1115 1531 1162 et
1554 1105 1662 1162 dios
1687 1121 1877 1161 eorum
1902 1104 2106 1160 cineris

518 1208 694 1262 instar
740 1206 1000 1261 ascendet
1026 1211 1341 1273 propterea,
1373 1202 1516 1271 quod
1551 1199 1769 1256 Domini
1799 1200 1973 1270 legem
2002 1198 2105 1254 im-

518 1298 669 1370 plere
716 1313 822 1353 non
868 1296 1140 1374 voluerint
1169 1296 1217 1349 ⁸.
1246 1311 1277 1346 ν»
1308 1323 1379 1334 -
1407 1311 1428 1345 ι
1484 1291 1703 1348 Munera
1744 1302 1800 1347 et
1850 1296 1990 1347 dona
2021 1304 2110 1346 sa-

518 1393 761 1464 pientum
788 1389 975 1444 oculos
998 1397 1279 1443 excaecant
1300 1386 1342 1440 ⁶.
1382 1404 1402 1437 ι
1440 1383 1556 1452 Qua
1589 1392 1811 1455 propter
1841 1382 2107 1451 ejusmodi

518 1490 676 1550 turpe
708 1480 918 1534 lucrum
954 1492 1213 1534 coercere
1238 1476 1494 1546 protinus
1525 1478 1829 1543 studentes,
1858 1490 1926 1530 ex
1950 1488 2108 1531 sacro

516 1575 634 1630 ﬁsci
670 1572 843 1628 nostri
875 1569 1112 1641 ,sacculo
1141 1569 1436 1625 statuimus
1482 1567 1890 1641 gloriosissimo
1932 1580 2110 1638 quaes-

520 1667 646 1729 tori,
695 1664 1121 1734 rescriptoribus
1166 1663 1284 1718 sive
1337 1662 1716 1728 dictatoribus,
1751 1669 1806 1715 et
1852 1659 2108 1714 omnibus

516 1773 716 1829 operas
752 1758 806 1810 in
835 1752 1348 1823 causisjudiciariis
1382 1752 1712 1807 navantibus
1745 1750 1946 1806 salaria
1975 1764 2108 1821 pra:-

519 1852 699 1907 henda
731 1863 855 1904 esse
886 1849 940 1902 in
972 1848 1115 1902 hunc
1160 1846 1359 1912 ﬁnem;
1393 1853 1453 1900 ut
1485 1859 1514 1899 a
1553 1843 1698 1900 nulla
1731 1842 2108 1912 cujuscunque

521 1941 742 2012 generis
773 1954 1029 2016 persona,
1080 1938 1149 1994 de
1182 1938 1341 2006 cujus
1370 1936 1511 2008 apud
1540 1949 1636 1992 eos
1677 1948 1864 2000 causa,
1903 1948 2107 2004 cogno-

520 2034 716 2099 scitur,
763 2032 1058 2102 quidquam
1107 2043 1335 2101 prorsus
1378 2028 1681 2099 accipiant;
1731 2041 1822 2093 ne,
1882 2025 2029 2096 quod
2077 2039 2108 2080 a

519 2125 785 2195 propheta
812 2123 1033 2186 dicitur,
1052 2122 1220 2177 etiam
1246 2121 1300 2175 in
1324 2120 1481 2178 nobis
1505 2106 1795 2190 impleatur
1821 2133 1836 2173 :
1865 2117 2108 2189 Argento

514 2217 605 2286 jus
638 2215 918 2271 venditum
946 2214 1072 2270 est"
1100 2250 1118 2268 .
1150 2232 1170 2266 ι
1201 2231 1215 2268 :
1245 2221 1302 2269 et
1329 2228 1397 2268 ne
1431 2212 1561 2267 hinc
1581 2210 1821 2266 divinam
1852 2209 2109 2281 indigna-

521 2309 724 2364 tionem
757 2309 1123 2375 incurramus,
1155 2304 1324 2361 veluti
1346 2304 1728 2360 mandatorum
1759 2303 1934 2373 ipsius
1960 2311 2108 2358 tran-

510 2416 802 2473 gressores
829 2399 988 2457 facti.
1672 2416 1677 2421 θ

944 2533 1317 2597 TITULUS
1353 2532 1678 2594 PRIMUS.

994 2649 1075 2706 De
1104 2649 1304 2720 legibus
1334 2658 1384 2704 et
1409 2649 1646 2720 justitia.

587 2762 640 2818 l.
677 2760 760 2834 (L.
783 2777 807 2817 ι
832 2767 889 2817 et
933 2774 999 2824 tt,
1046 2755 1104 2813 θ’.
1136 2755 1214 2812 De
1248 2756 1498 2828 legibus.)
1541 2754 1655 2810 Lex
1697 2764 1784 2811 est
1819 2767 2110 2810 commune

514 2858 868 2921 praeceptum,
906 2847 1150 2902 virorum
1198 2843 1550 2915 prudentium
1596 2843 1962 2900 consultum:
2015 2846 2113 2900 de-

517 2938 773 2993 lictorum
807 2950 929 3007 quae
973 2942 1191 3005 sponte,
1237 2932 1324 2987 vel
1342 2932 1657 3003 ignorantia
1708 2936 2111 2992 contrahuntur

518 3031 812 3097 coercitio,
866 3026 1175 3085 communis
1207 3025 1521 3095 reipublicae
1561 3027 1808 3098 sponsio,
1843 3039 2108 3098 praeterea

519 3123 798 3179 inventum
825 3121 948 3178 Dei.

586 3214 643 3268 2.
677 3213 765 3284 (L.
798 3228 882 3281 ιιι,
915 3213 973 3278 ‘5,
1007 3211 1063 3279 4,
1095 3212 1152 3281 5,
1181 3220 1239 3269 et
1272 3212 1354 3285 6.)
1378 3210 1553 3283 Leges
1579 3210 1844 3267 censtitui
1870 3220 2114 3282 oportet,

516 3324 583 3393 es
621 3308 687 3363 iis
707 3322 827 3377 quae
856 3314 919 3360 ut
943 3305 1261 3377 plurimum,
1290 3320 1399 3361 non
1423 3319 1545 3375 quae
1573 3319 1803 3375 perraro
1833 3306 2114 3375 accidunt,

517 3413 694 3467 neque
722 3411 791 3452 ex
825 3394 912 3452 his
940 3410 1062 3466 quae
1090 3395 1145 3450 in
1187 3409 1295 3450 uno
1327 3394 1511 3464 aliquo
1541 3409 1674 3451 casu
1707 3396 1960 3452 accidere
1987 3412 2117 3467 pos-

2134 1804 2183 1864 Β

2207 556 2346 610 ἀλλὰ
2390 557 2492 628 τὴν
2539 557 2756 611 δικαίαν
2803 556 2987 627 κρίσιν
3039 555 3284 627 κρίνατε.
3329 575 3350 609 ι
3412 557 3605 629 Πάσης
3635 559 3813 629 δωρο-

2206 647 2408 719 ληψίας
2445 648 2764 720 ἀπέχεσθαι,
2795 649 3025 704 δίκαιον.
3073 649 3397 719 Γέγραπται
3426 651 3557 722 γάρ·
3607 669 3628 703 ι
3664 653 3810 708 Οὐαὶ

2208 742 2258 794 oi
2294 741 2631 805 δικαιοῦντες
2668 741 2760 795 τὸν
2788 741 2960 811 ἀσεϐῆ
2995 742 3160 795 ἕνεκα
3197 741 3405 813 δώρων,
3432 743 3526 796 καὶ
3552 744 3674 798 ὁδὸν
3709 762 3813 799 τα-

2208 834 2410 888 πεινῶν
2431 833 2795 898 ἐκκλίνοντες,
2824 835 2887 887 eo
2918 834 3131 888 δίκαιον
3186 834 3280 887 τοῦ
3313 834 3527 888 δικαίου
3557 834 3813 906 αἴροντες

2207 924 2304 979 ἀπ’
2327 923 2515 981 αὑτοῦ,
2560 917 2662 977 Ὧν
2701 927 2734 997 ἡ
2769 925 2894 995 ῥίζα
2927 925 3005 990 ὡς
3041 923 3172 997 χοῦς
3196 925 3372 992 ἔσται,
3414 926 3511 980 καὶ
3554 928 3615 981 τὸ
3647 927 3811 993 ἄνθος
3840 956 3848 964 -

2209 1009 2394 1064 αὐτῶν
2431 1010 2509 1075 ὡς
2532 1012 2812 1082 κονιορτὸς
2870 1013 3229 1085 ἀναδήσεται,
3267 1013 3384 1079 ἀνθ’
3415 1008 3492 1070 ὧν
3517 1016 3608 1070 τὸν
3638 998 3824 1087 νόμον⁰

2210 1102 2417 1173 Κυρίου
2468 1102 2713 1175 πληροῦν
2784 1104 2885 1158 οὐκ
2928 1104 3218 1176 ὲθέλησαν.
3257 1124 3278 1158 ι
3319 1137 3392 1149 -
3425 1124 3445 1158 ι
3483 1107 3645 1162 Ξένια
3714 1112 3811 1163 καὶ

2208 1194 2359 1266 δῶρα
2387 1194 2715 1265 ἐκτυφλοῦσι
2743 1197 2925 1266 σοφῶν
2962 1197 3299 1269 ὀφθαλμούς.
3325 1216 3346 1250 ι
3383 1200 3549 1255 Ὅθεν
3575 1200 3678 1272 τὴν
3709 1203 3813 1272 τῆς

2208 1287 2467 1358 τοιαύτης
2505 1288 2958 1359 αἰσχροκερδείας
2984 1290 3285 1362 ἀναστολὴν
3329 1292 3612 1357 παντελῶς
3650 1296 3815 1366 ποιή·

2212 1378 2409 1434 σασθαι
2450 1380 2863 1446 σπουδάζοντες,
2905 1382 2970 1436 ἑκ
3003 1381 3098 1436 τοῦ
3148 1381 3410 1447 εὐσεϐοῦς
3474 1384 3638 1455 ἡμῶν
3669 1402 3811 1441 σακο

2212 1467 2426 1523 κελλίου
2478 1469 2765 1541 ὡρίσαμεν
2824 1470 2903 1542 τῷ
2947 1487 3010 1524 τε
3061 1469 3395 1543 ἐνδοξοτάτῳ
3463 1474 3809 1548 κοιαίστωρι,

2208 1562 2327 1625 τοῖς
2377 1560 2803 1632 ἀντιγραφεῦσι,
2839 1561 2935 1615 καὶ
2991 1564 3128 1617 πᾶσι
3178 1565 3293 1626 τοῖς
3334 1564 3429 1617 ἐπὶ
3477 1564 3813 1631 δικαστικοῖς

2210 1652 2533 1723 κεφαλαίοις
2581 1653 3050 1725 καθυπουργοῦσι,
3103 1663 3232 1718 τοὺς
3271 1655 3499 1726 μισθοὺς
3527 1659 3816 1729 παρασχμ

2213 1745 2359 1812 σθαι,
2391 1744 2531 1816 πρὸς
2566 1745 2630 1800 τὺ
2658 1747 2718 1814 ἐξ
2770 1746 3086 1819 οἱουδήποτε
3111 1748 3433 1817 προσώπου,
3467 1751 3599 1819 παρ’
3622 1752 3815 1814 αὐτοῖς

2212 1836 2570 1907 κρινομένου,
2625 1835 2792 1907 μηδὲν
2853 1837 3053 1901 αὐτοὺς
3095 1836 3397 1908 λαμὸάνειν
3446 1839 3510 1891 τὸ
3560 1838 3805 1893 σύνολον·

2212 1928 2302 1981 ἵνα
2342 1928 2418 1999 μὴ
2477 1927 2541 1980 τὸ
2615 1927 2722 1982 ὑπὸ
2774 1926 2869 1981 τοῦ
2897 1929 3177 2000 προφήτου
3228 1929 3543 1999 λεγόμενον,
3601 1947 3692 1985 και
3722 1932 3806 1994 εἰς

2210 2022 2361 2092 ἡμᾶς
2420 2020 2866 2094 πληρωθήσεται*
2938 2041 2958 2075 ι
3000 2022 3260 2077 ’Δπέδοτο
3316 2023 3568 2096 ἀργυρίῳ
3616 2023 3678 2078 τὸ
3725 2025 3807 2078 δίο

2210 2126 2389 2175 καιον,
2424 2128 2445 2162 ι
2507 2112 2601 2164 καὶ
2664 2111 2934 2182 μέλλομεν
2990 2110 3245 2167 ἐντεῦθεν
3301 2112 3455 2177 θείας
3509 2115 3810 2185 τυγχάνειν

2211 2201 2666 2274 ἀγανακτήσεως,
2722 2203 2801 2268 ὡς
2858 2203 2970 2259 τῶν
3001 2202 3230 2260 ἐντολῶν
3262 2203 3431 2259 αὐτοῦ
3488 2204 3815 2278 παρασάται

2211 2294 2522 2367 γενόμενοι.

2714 2523 2969 2579 ΤῙΤΛΟΣ
3021 2523 3313 2582 ΠΡΩΤΟΣ.

2533 2637 2676 2709 Περὶ
2720 2640 2910 2710 νόμου
2943 2639 3041 2694 καὶ
3074 2638 3490 2713 δικαιοσύνης.

2285 2753 2356 2800 α’.
2397 2745 2582 2817 Νόμος
2638 2747 2758 2801 ἐστὶ
2812 2747 2995 2802 κοινὸν
3048 2747 3458 2819 παράγγελμα,
3530 2753 3820 2824 φρονίμων

2212 2839 2422 2910 ἀνδρῶν
2460 2838 2659 2909 δόγμα,
2703 2839 2969 2893 ἑκουσίων
3000 2842 3097 2895 καὶ
3148 2840 3426 2896 ἀκουσίων
3476 2843 3820 2917 ἁμαρτημά-

2213 2946 2323 2984 των
2349 2931 2677 3003 ὲπιστροφὴ,
2712 2929 2923 2995 πόλεως
2966 2933 3208 3005 συνθήκη
3238 2933 3413 3005 κοινὴ,
3468 2934 3588 2989 ἔστι
3626 2935 3685 2990 δὲ
3716 2943 3818 2993 καὶ

2217 3022 2359 3077 θεῖον
2391 3022 2451 3077 εὖ
2459 3041 2528 3096 ρη
2536 3040 2633 3095 μα.

2292 3216 2359 3287 β’.
2400 3218 2543 3282 Τοὺς
2601 3218 2799 3291 νόμους
2853 3219 2962 3273 άπδ
3014 3219 3126 3274 τῶν
3164 3220 3244 3284 ὡς
3297 3220 3396 3275 ἐπὶ
3443 3220 3502 3276 τὸ
3559 3170 3823 3281 πλεῖστον

2218 3308 2652 3379 συμϐαινόντων,
2707 3311 2769 3365 οὐ
2813 3310 2921 3383 μὴν
2940 3311 3052 3365 τῶν
3082 3311 3327 3377 σπανίως
3354 3312 3673 3383 είσάγεσθαι
3710 3315 3822 3388 δεῖ,

2214 3400 2335 3455 οὐδὲ
2368 3401 2477 3455 ἀπὸ
2525 3402 2634 3457 τῶν
2676 3402 2992 3471 δυναμένων
3038 3403 3098 3458 ἐν
3142 3403 3225 3457 ἐνὶ
3273 3403 3549 3477 συμϐῆναι
3585 3405 3818 3478 θέματι·

516 3497 664 3543 sunt.
699 3487 1034 3544 Praetereunt
1062 3488 1211 3544 enim
1243 3487 1611 3559 legislatores,
1646 3491 1799 3569 quod.
1821 3492 1994 3548 semel
2021 3502 2105 3548 aut

2226 3496 2499 3568 παρορῶσι
2532 3495 2641 3568 γὰρ
2691 3496 2742 3549 οἱ
2773 3496 3061 3567 νομοθέται
3103 3495 3196 3551 τὸν
3244 3495 3455 3571 ἆπαξῆ
3492 3498 3597 3563 δίς.

513 3580 600 3637 bis
627 3576 1101 3635 tantum’exsistit.

585 3672 642 3727 5.
674 3669 761 3743 (L.
792 3673 915 3739 vn.)
963 3671 1124 3744 Legis
1167 3673 1341 3732 virtus
1383 3687 1470 3733 est
1496 3693 1520 3733 ι
1562 3677 1858 3747 imperare,
1900 3688 2110 3747 vetare,

517 3763 860 3837 permittere,
887 3764 1105 3835 punire.

587 3855 645 3910 ι.
678 3854 762 3926 (L.
790 3855 1089 3929 vnt.)-Jura
1116 3875 1222 3917 non
1252 3861 1323 3917 de
1351 3859 1512 3917 rebus
1537 3860 1789 3931 singulis,
1815 3860 1910 3917 sed
1944 3874 2111 3931 gene-

515 3944 708 4001 raliter
739 3948 1168 4008 constituuntur.

589 4035 647 4092 5.
680 4034 766 4107 (L.
799 4052 855 4103 x,
895 4038 957 4107 [Ῑ.
992 4036 1069 4094 De
1100 4040 1285 4111 iuuit.
1322 4049 1375 4096 et
1408 4040 1553 4112 jur.)
1586 4040 1806 4098 iustitia
1847 4050 1934 4099 est
1975 4058 2108 4100 con-

517 4136 673 4183 stans
719 4137 775 4184 et
820 4140 1084 4200 perpetua
1128 4132 1401 4201 voluntas,
1432 4133 1525 4204 jus
1571 4148 1732 4192 suum
1768 4135 1969 4207 cuique
2010 4136 2108 4193 tri-

517 4222 715 4280 buens.
1136 4250 1149 4257 τ

585 4317 641 4373 6.
676 4316 765 4391 (L.
802 4319 948 4393 ead.)
979 4319 1213 4401 Iustitiae
1260 4325 1487 4395 propria
1533 4331 1661 4381 sunt
1690 4324 1808 4382 haec
1837 4340 1852 4378 :
1879 4326 2107 4383 honeste

517 4406 721 4475 vivere,
746 4408 838 4480 jus
873 4426 1033 4477 suum
1065 4413 1570 4484 cuique'tribuere.
2070 4414 2075 4419 ’

2282 3672 2583 3746 γ’.Ἀρετὴ
2625 3673 2829 3745 νόμου,
2893 3672 2952 3728 τὺ
3007 3673 3278 3743 κελεύειν,
3315 3674 3377 3729 τὸ
3431 3675 3704 3744 κωλύειν,
3755 3678 3821 3733 τὸ

2215 3769 2560 3840 ἐπιτρέπειν,
2593 3769 2657 3823 τὸ
2687 3768 3073 3841 τιμωρεῖσθαι.
3726 3758 3729 3759 ν

2280 3858 2345 3914 δ’.
2387 3861 2463 3914 Οὐ
2511 3860 2643 3932 «cepi.
2667 3860 2777 3914 τῶν
2811 3858 3150 3927 καθέκαστα,
3181 3857 3320 3914 ἀλλὰ
3339 3858 3536 3924 κοινῶς
3563 3859 3615 3911 oi
3644 3860 3807 3930 νόμοι

2209 3950 2564 4006 διατίθενται.
3158 4004 3163 4007 .

2280 4041 2343 4097 ε’.
2387 4041 2713 4113 Δικαιοσύνη
2747 4041 2887 4108 ἐστὶ,
2923 4040 3172 4112 σταθηιρδι
3206 4041 3299 4096 καὶ
3329 4039 3588 4113 διηνεκὴς
3610 4040 3808 4112 βούλη-

2212 4149 2318 4200 σις,
2359 4132 2576 4188 ἑκάστω
2610 4132 2672 4187 τὸ
2710 4131 2845 4187 ίδιον
2882 4132 3239 4204 άπονέμουσα
3278 4132 3512 4187 δίκαιον.

2281 4324 2358 4390 ς’.
2402 4324 2538 4379 Ἴδια
2571 4322 2956 4395 δικαιοσύνης,
2990 4322 3053 4378 τὸ
3081 4322 3324 4394 κοσμίως
3355 4319 3478 4395 ζῇν,
3534 4322 3631 4378 καί⁵
3682 4326 3819 4382 ἑκά.

2211 4435 2323 4490 στῳ
2349 4417 2413 4471 τὸ
2454 4416 2586 4470 ῐδιον
2608 4415 2907 4486 ἀπονέμειν
2939 4415 3169 4470 δίκαιον.

586 4498 641 4555 7.
681 4498 767 4571 (L.
806 4501 955 4574 ead.)
986 4501 1425 4575 Jurisprudentia
1471 4518 1553 4563 est
1597 4507 1903 4564 divinarum
1940 4514 2104 4580 atque

2289 4510 2360 4575 ζ’.
2404 4510 2579 4580 Σοφία
2622 4508 2994 4581 δικαιοσύνης,
3050 4508 3115 4564 τὸ
3158 4509 3357 4567 εἰδέναι
3411 4510 3481 4567 τὰ
3529 4510 3653 4565 θεία
3721 4512 3819 4566 καὶ

514 4591 877 4647 humanarum
907 4606 1111 4662 rerum,
1142 4594 1273 4665 justi
1302 4605 1470 4669 atque
1493 4596 1683 4669 injuSti
1712 4598 1967 4655 scientia.

1063 4811 1431 4873 TITULUS
1467 4815 1541 4870 ll.

1117 4909 1195 4964 De
1227 4910 1483 4981 principe.

585 5008 637 5080 l.
686 5020 949 5093 Princeps
996 5032 1101 5091 est,
1135 5022 1380 5094 legitima
1424 5024 1775 5096 praefectura,
1811 5041 2104 5084 commune

2209 4599 2281 4654 τὰ
2312 4598 2635 4672 ἀνθρώπινα
2682 4599 3008 4670 πράγματα,
3055 4600 3152 4656 καὶ
3194 4599 3256 4655 τδ
3299 4601 3511 4656 δίκαιον
3568 4600 3670 4655 καὶ
3751 4602 3813 4655 τὸ

2211 4688 2421 4744 ἄδικον.

2816 4829 3069 4885 ΤΙΤΛΟΣ
3115 4831 3194 4885 B'.

2769 4921 2911 4991 Περὶ
2938 4922 3270 4991 βασιλέως.

2284 5028 2355 5085 α’.
2395 5030 2663 5095 Βασιλεύς
2725 5031 2897 5098 ἐστιν,
2960 5031 3186 5104 ἔννομος
3240 5034 3561 5102 ἐπιστασία,
3628 5036 3818 5092 κοινὸν

507 5116 709 5169 bonum
734 5114 977 5169 omnium
1006 5113 1371 5181 subditorum,
1403 5130 1580 5187 neque
1604 5132 1671 5173 ex
1701 5120 1827 5175 odio
1850 5120 2100 5189 puniens,

2226 5123 2416 5191 ίιγαθδν
2445 5124 2582 5179 πᾶσι
2608 5126 2721 5188 τοῖς
2759 5125 3046 5197 ὑπηκόοις,
3081 5128 3220 5199 μήτε
3260 5128 3406 5184 κατὰ
3445 5129 3817 5188 ἀντιπάθειαν

509 5219 687 5275 neque
731 5219 800 5261 ex
838 5202 1128 5261 aiio-ctione
1176 5206 1530 5263 benefaciens
1561 5229 1575 5264 :
1614 5210 1710 5265 sed
1745 5211 1894 5265 velut
1915 5227 2104 5282 aequus

2226 5217 2471 5289 τιμωρῶν
2501 5217 2886 5292 [κακοποιῶν],
2913 5221 3053 5294 μήτε
3079 5221 3221 5277 κατὰ
3251 5222 3633 5295 προσπάθειαν
3664 5225 3815 5295 ἀγα-

505 5296 729 5365 quidam
776 5296 1095 5353 certaminis
1142 5296 1350 5353 arbiter
1377 5313 1473 5354 sua
1502 5301 1701 5371 cuique
1746 5303 1970 5373 prarmia
2005 5305 2100 5359 tri-t

2226 5308 2480 5375 lorcou‘bv,
2523 5311 2643 5366 ἀλλ’
2682 5311 2946 5381 ἀνάλογός
3001 5329 3089 5377 τις
3144 5312 3523 5386 ἀγωνοθέτης,
3586 5315 3684 5370 καὶ
3740 5318 3816 5371 τά

506 5388 699 5444 bnens.

2226 5400 2439 5472 ιραϐεῖα
2478 5402 2537 5469 ἐξ
2572 5404 2689 5458 [σου
2729 5404 3126 5475 παρεχόμενος.

2277 5493 2341 5565 β’.
2382 5494 2593 5559 Σκοπὸς
2633 5496 2711 5567 τῷ
2757 5496 2991 5567 βασιλεῖ,
3042 5497 3153 5554 τῶν
3192 5515 3252 5553 τε
3297 5499 3471 5555 ὄντων
3502 5500 3596 5553 καὶ
3636 5500 3815 5572 ὑπαρ-

2200 5585 2407 5656 χόντων
2465 5584 2770 5656 δυνάμεων,
2827 5587 2896 5641 δι’
2941 5587 3282 5661 ἀγαθότητος
3327 5591 3361 5660 ἡ
3421 5590 3640 5662 φυλακὴ
3706 5591 3813 5644 καὶ

2200 5670 2492 5748 ἀσφάλεια.
2558 5678 2652 5731 καὶ
2704 5677 2815 5734 τῶν
2875 5680 3644 5754 ἀπολωλότωνηδϋὰγρύπνου
3678 5684 3814 5736 ἑπι-

456 5564 459 5567 _
570 5483 627 5538 2.
672 5482 883 5555 Scopus
922 5482 1154 5555 principi
1207 5485 1520 5555 propositus
1572 5494 1682 5554 est,
1735 5487 1898 5557 vires,
1956 5505 2095 5561 quas

510 5574 691 5642 habet,
717 5577 1009 5634 clementia
1042 5577 1180 5633 tueri
1216 5587 1272 5634 et
1309 5593 1663 5647 conservare,
1708 5584 1950 5652 perditas
2014 5586 2095 5640 in-

506 5666 719 5723 defessa
748 5683 880 5724 cura
916 5683 1262 5739 recuperare,
1295 5684 1389 5726 eas
1432 5687 1569 5765 quas
1614 5689 1721 5729 non
1768 5675 1929 5732 habet
1965 5693 2095 5746 pru-

573 5798 597 5832 δ
626 5797 789 5856 Joan.
822 5817 927 5873 vn,
949 5803 1036 5863 24.
1118 5806 1139 5839 ⁸
1164 5790 1269 5864 lsa.
1298 5825 1352 5879 ν,
1389 5812 1478 5878 23,
1507 5812 1598 5868 Ἡ.
1673 5814 1695 5845 ⁸
1722 5815 1891 5872 Eccli.
1933 5833 2022 5885 xx,
2066 5820 2105 5878 51

2233 5820 2556 5887 'lsa.xx1v,
2581 5820 2635 5875 5.
