4050 6416
320 363 422 427 461

1598 362 1881 421 DELECT
1889 362 1985 420 US
2026 361 2311 421 LEGUM.

3463 356 3569 417 462

311 477 552 550 μελείας,
588 475 622 545 ἡ
671 472 939 544 ἀνάληψις
994 472 1088 526 καὶ
1123 473 1230 526 τῶν
1255 475 1503 528 ἀπόντων
1556 473 1644 546 διὰ
1708 472 1892 539 σοφίας

2007 472 2185 525 dentia
2228 474 2498 541 justisque
2548 470 2789 526 victoriis
2833 480 2886 524 et
2938 468 3370 539 expeditionibus
3420 483 3568 538 qua:-

309 573 394 624 ιιαὶ
436 569 668 622 δικαίων
739 565 1022 634 τροπαίων
1077 565 1173 618 καὶ
1235 564 1635 634 ἑπιτηδεύσεων
1685 566 1718 634 ἠ
1759 565 1892 617 ἀνά-

303 676 489 729 κτησις
524 656 1001 730 [ἐπιτηδευμάτων
1035 657 1069 724 ἡ
1103 656 1435 727 ἐπίκτησιςί.

370 751 439 818 γ’.
490 750 660 811 Τέλος
686 746 768 817 τῷ
805 745 1035 816 βασιλεῖ,
1069 746 1130 800 τὸ
1162 747 1492 818 εὐεργετεῖν,
1547 745 1626 798 διὸ
1676 747 1769 798 καὶ
1801 747 1894 798 εὑ-

302 845 528 916 εργέτης
562 842 809 908 λέγεται,
858 838 952 892 καὶ
983 838 1147 910 ἡνίκα
1193 838 1296 908 τῆς
1347 838 1670 908 εὐεργεσίας
1710 837 1895 903 ἑξατο-

306 938 458 1006 δήσῃ,
506 933 660 985 δοκεῖ
709 928 1054 999 κιδδηλεύειν
1115 928 1255 982 κατὰ
1301 927 1427 990 τοὺς
1480 925 1764 989 παλαιοὺς,
1803 925 1894 978 τὸν

303 1024 586 1095 βασιλικὸν
621 1021 972 1093 χαρακτῆρα.

361 1203 424 1256 δ’.
481 1201 806 1254 Ὑπόκειται
835 1199 1073 1253 ἐκδικεῖν
1108 1199 1200 1252 καὶ
1239 1198 1518 1270 διατηρεῖν
1549 1199 1577 1250 ὁ
1609 1197 1889 1268 βασιλεὺς,

303 1295 515 1365 πρῶτον
540 1295 664 1361 μὲν,
695 1293 874 1346 πάντα
892 1292 962 1344 τά
989 1294 1046 1345 ἑν
1067 1294 1132 1362 τῇ
1151 1292 1272 1361 θείᾳ
1291 1292 1480 1362 Γραφῇ
1511 1290 1888 1364 γεγραμμένα,

302 1387 385 1438 ἐπὶ
432 1384 585 1448 τάδε,
639 1382 739 1436 καὶ
787 1381 856 1434 τά
903 1381 1056 1450 παρὰ
1104 1379 1213 1433 τῶν
1251 1381 1390 1433 ἑπτὰ
1445 1380 1616 1447 άγίων
1659 1378 1892 1431 συνόδων

303 1475 752 1546 δογματισθέντα,
787 1473 867 1526 ἑτι
900 1472 958 1526 δὲ
991 1473 1084 1526 καὶ
1129 1473 1258 1535 τοὺς
1291 1469 1735 1540 ὲγκεκρυμένους
1775 1467 1892 1538 [ἐγ-

309 1565 613 1638 κειμένους]
657 1567 1005 1634 Ῥωμαῖκοὺς
1039 1564 1256 1634 νόμους.
1857 1627 1861 1630 _

389 1659 450 1712 ε’.
504 1657 931 1728 Ἐπισημότατος
977 1659 1034 1709 ἑν
1071 1655 1352 1727 ὀρθοδοξία
1383 1655 1480 1708 καὶ
1533 1653 1784 1723 εὐσεϐείᾳ
1834 1653 1890 1705 ό-

321 1754 482 1820 -ρείλει
519 1745 656 1803 εἶναι
680 1751 710 1800 ὁ
739 1747 1014 1818 βασιλεὺς,
1051 1747 1143 1800 καὶ
1173 1749 1232 1800 ἑν
1254 1747 1400 1817 ζήλῳ
1425 1745 1885 1815 θείῳδιαδὸητος,

313 1845 364 1896 ἔν
390 1860 445 1895 τε
482 1843 596 1904 τοῖς
627 1840 770 1909 ὑπὲρ
814 1838 917 1908 τῆς
964 1838 1193 1910 Τριάδος
1227 1838 1694 1908 δογματισθεῖσιν,
1736 1837 1792 1890 ἔν
1835 1855 1894 1891 τε

308 1935 408 1996 τοῖς
432 1932 575 2000 ὑπὲρ
590 1930 692 1998 τῆς
718 1928 1027 1998 οίκονομίας
1043 1928 1402 2000 λαμπρότατα
1428 1930 1519 1981 καὶ
1552 1929 1898 1998 ἀσφαλέσταο

305 2041 364 2077 τα
392 2022 482 2075 διὰ
528 2023 630 2091 τὴν
682 2019 827 2073 κατά
854 2020 955 2091 τὴν
1003 2021 1180 2087 σάρκα
1225 2021 1538 2090 οἰκονομίαν
1566 2021 1660 2074 τοῦ
1691 2019 1898 2091 Κυρίου

308 2116 453 2186 ἡμῶν
494 2113 676 2184 Ἰησοῦ
705 2113 939 2185 Χριστοῦ
963 2113 1278 2184 ὁρισθεῖσιν,
1315 2113 1460 2166 τοῦτ’
1483 2114 1598 2165 ἑστι
1623 2114 1682 2166 τὸ
1705 2113 1899 2183 ὀμοού-

302 2224 412 2260 σιον
441 2207 545 2276 τῆς
575 2204 1011 2276 τρισυποστάτου
1030 2203 1303 2274 θεότητος,
1331 2204 1574 2274 ἄτμητον
1601 2204 1696 2256 καί¹
1717 2205 1886 2256 ἀσυν-

300 2299 518 2369 αίρετον
545 2295 845 2368 δ;ατηρῶν,
879 2298 982 2349 καὶ·
1027 2295 1125 2365 τὴν
1179 2297 1238 2348 ὲν
1293 2296 1370 2364 τῷ
1424 2295 1508 2348 ἑνὶ
1535 2293 1755 2364 Χριστῷ
1787 2294 1896 2347 τῶν

301 2391 390 2445 δύο
415 2390 638 2460 φύσεων
669 2387 794 2442 καθ’
827 2388 1126 2441 ὑπόστασιν
1169 2385 1390 2452 ἕνωσιν,
1429 2386 1694 2450 ὡσαύτως
1723 2385 1893 2454 ἀσύγ-

301 2500 463 2554 χυτον
497 2482 596 2534 καὶ
631 2479 965 2548 ἀδιαίρετον,
994 2477 1200 2530 τέλειον
1235 2477 1368 2530 Θεὸν
1423 2478 1517 2535 καὶ
1559 2476 1766 2529 τέλειον
1800 2460 1899 2531 ὀίν-ι

305 2575 525 2645 θρωπον
577 2573 760 2635 αὑτὸν,
793 2570 891 2624 καὶ
913 2571 982 2625 τά
1020 2568 1235 2632 τούτοις
1267 2569 1532 2639 ἑπόμενα,
1561 2562 1672 2622 οἷον
1704 2567 1893 2638 ἀπαθῆ

305 2667 400 2719 καὶ
431 2664 704 2736 παθητὸν,
751 2663 1029 2733 ἄφθαρτον
1075 2663 1170 2716 καὶ
1212 2660 1474 2733 φθαρτὸν,
1525 2661 1756 2730 ἀόρατον
1801 2661 1892 2713 καὶ

312 2759 530 2828 ὁρατὸν,
569 2759 753 2827 ἀναφῆ
787 2756 883 2809 καὶ
920 2753 1549 2825 ›άπτὸν,ἀπερίγραπτον
1601 2753 1696 2806 καὶ
1733 2770 1892 2823 περι-

306 2854 576 2922 γραπτδν,
629 2851 727 2904 καὶ
763 2849 826 2902 τὸ
861 2849 1038 2902 διττὸν
1078 2847 1187 2901 τῶν
1221 2847 1513 2917 θελήσεων
1543 2845 1769 2899 καὶτῶν
1809 2848 1894 2899 ἑν·-

307 2945 554 3016 εργειῶν,
587 2943 760 3014 χωρὶς
786 2941 1160 3011 ἐναντιότητος
1199 2938 1317 3011 [καὶ
1355 2939 1416 2992 τὸ
1468 2938 1752 3009 άγραπτον
1799 2938 1892 2991 καὶ

309 3040 364 3090 τὸ
397 3037 695 3109 γραπτόνῙ.

374 3216 454 3280 ς.
495 3210 580 3263 Τά
613 3211 728 3276 τοῖς
757 3212 1011 3275 παλαιοῖς
1037 3208 1501 3280 νομοθετηθέντα,
1544 3207 1636 3262 τὸν
1669 3207 1892 3278 βασιλέα

305 3306 382 3360 δεῖ
406 3303 758 3377 ἑρμηνεύειν,
791 3303 886 3356 καὶ
916 3303 982 3356 ὲκ
1016 3301 1125 3356 τῶν
1148 3299 1352 3371 ὁμοίων
1373 3300 1613 3372 τέμνειν,
1663 3299 1729 3352 τὰ
1764 3299 1892 3368 περὶ

310 3394 382 3453 ὧν
404 3400 463 3452 οὐ
508 3400 688 3451 κεῖται
713 3396 898 3466 νόμος.

385 3577 453 3642 ζ’.
507 3577 597 3628 Ἑν
626 3577 694 3646 τῇ
735 3573 846 3627 τῶν
887 3573 1067 3642 νόμων
1097 3570 1366 3643 ἑρμηνείᾳ
1391 3571 1474 3624 δεῖ
1519 3568 1613 3622 καὶ
1655 3569 1722 3637 τῇ
1765 3583 1894 3619 συν-

316 3670 473 3739 ηθείᾳ
500 3669 790 3739 προσέχειν
834 3666 931 3736 τῆς
973 3665 1202 3748 πόλεως,
1231 3663 1322 3720 τὸν
1375 3660 1618 3732 δὲπαρά
1662 3658 1892 3719 κανόνας

322 3761 688 3830 εἰσαγόμενον,
717 3760 780 3812 οὐ
822 3758 905 3812 δεῖ
933 3756 1237 3826 λαμϐάνειν
1270 3754 1644 3826 παράδειγμα.

386 3941 452 4010 η’.
489 3939 811 4008 Φιλαγάοως
865 3939 948 3991 δεῖ
1003 3937 1130 4000 τοὺς
1168 3935 1368 4006 νόμους
1419 3933 1744 4004 ἑρμηνεύειν
1801 3931 1893 3998 τὸν

313 4033 552 4103 βασιλέα·
581 4035 639 4085 ἑν
660 4033 768 4102 γὰρ
794 4034 908 4094 τοῖς
935 4029 1281 4100 ἀμφιὸὀλοις,
1308 4027 1398 4080 τὸν
1424 4017 1717 4096 φιλόκαλον
1746 4023 1893 4094 [φιλ-

313 4124 617 4198 άνθρωπον]
648 4125 944 4194 ἑρμηνείαν
969 4119 1328 4193 προσιέμεθα.

375 4307 442 4362 θ’.
483 4306 563 4361 Οὐ
618 4306 702 4360 δεῖ
757 4303 1069 4375 μεταποιεῖν
1137 4301 1204 4353 τὰ
1276 4297 1544 4369 πρόδηλον
1598 4293 1892 4366 ἑρμηνείαν

307 4400 518 4469 ἔχοντα.

1999 576 2140 618 rere.

2064 739 2119 790 3.
2154 733 2306 792 Finis
2324 719 2922 809 principi'propositus
2952 744 3037 789 est
3068 733 3321 788 omnibus
3357 735 3574 789 benefa-

1997 837 2124 881 cere
2169 834 2501 899 quapropter
2549 837 2604 878 et
2653 824 3020 879 bettel'actoris
3071 825 3291 879 nomine
3322 834 3571 879 ornatur.

1997 915 2073 968 Ita
2100 925 2157 969 ut
2185 932 2227 970 st
2261 917 2477 984 quando
2503 917 2568 970 de
2596 915 2955 970 beneﬁcentia
2984 917 3256 985 quippiam
3282 917 3574 984 remiserit,

1997 1025 2062 1064 ex
2094 1011 2443 1080 antiquorum
2485 1010 2784 1074 sententia,
2815 1009 3111 1064 adulterari
3149 1010 3397 1065 videatur
3427 1011 3574 1080 prin-

1998 1101 2134 1170 cipis
2165 1111 2294 1155 nota
2325 1102 2704 1155 etcharacter.

2067 1194 2118 1248 4.
2152 1190 2426 1262 Principis
2455 1191 2687 1248 cilicium
2723 1201 2804 1248 est
2832 1193 3095 1262 iudicare,
3127 1203 3180 1248 et
3211 1207 3433 1249 servare
3462 1197 3575 1265 pri-

1995 1301 2140 1340 mum
2170 1301 2507 1356 quacunque
2527 1285 2724 1342 divinis
2743 1285 3042 1354 Scripturis
3067 1287 3387 1357 consignata
3419 1301 3570 1355 sunt,

1997 1383 2190 1437 deinde
2222 1391 2275 1436 et
2312 1382 2403 1436 illa
2435 1397 2556 1452 quae
2587 1399 2615 1436 a
2650 1393 2859 1452 septem
2887 1383 3091 1436 sanctis
3119 1383 3342 1454 synodis
3373 1387 3574 1438 consti-

1997 1482 2112 1526 tuta
2143 1480 2288 1538 sunt,
2318 1481 2582 1542 praeterea
2610 1481 2668 1528 et
2700 1475 2905 1543 positas
2934 1488 2966 1528 a
3001 1473 3262 1530 Romanis
3295 1474 3466 1545 leges.

2067 1651 2118 1707 5.
2148 1651 2458 1720 Principem
2502 1666 2664 1721 qnam
2693 1651 3138 1708 manifestissime
3190 1653 3444 1708 convenit
3491 1669 3575 1708 re-

1999 1755 2146 1800 ctam
2165 1746 2229 1799 «ιθ
2254 1745 2363 1800 Deo
2389 1746 2700 1815 opinionem
2729 1755 2781 1800 et
2806 1747 3058 1816 pietatem
3086 1745 3395 1814 defendere,
3419 1759 3480 1800 ut
3509 1749 3574 1800 ah

2003 1837 2256 1890 omnibus
2285 1845 2506 1906 propter
2537 1838 2712 1891 zelum
2758 1845 2814 1890 et
2860 1837 3203 1893 aﬂ‘eetionem
3248 1853 3373 1906 erga
3407 1838 3573 1892 Deum

2003 1927 2328 1994 praedicetur
2357 1943 2370 1979 :
2407 1936 2516 1980 tam
2551 1927 2603 1980 in
2637 1927 2702 1983 iis
2732 1941 2854 1997 quite
2878 1927 2944 1982 de
2976 1925 3019 1980 T
3040 1927 3260 1982 rinitate
3283 1927 3577 1983 constituta

2003 2027 2150 2080 sunt,
2172 2017 2403 2083 quamiu
2424 2018 2492 2071 iis
2519 2033 2639 2086 quas
2673 2017 2736 2072 de
2761 2018 3134 2072 incarnatione
3172 2018 3382 2074 Domini
3405 2021 3575 2073 nostri

1999 2100 2126 2155 .Icsu
2155 2101 2357 2157 Christi
2384 2117 2548 2172 quam
2578 2105 2889 2160 certissime
2919 2105 3136 2160 deﬁnita
3166 2116 3312 2173 sunt,
3342 2107 3446 2162 hoc
3468 2121 3575 2171 esu,

2000 2193 2068 2248 de
2097 2208 2202 2247 una
2253 2195 2488 2249 essentia
2534 2195 2883 2252 subsistentis
2926 2197 2980 2251 iu
3038 2197 3210 2254 tribus
3252 2198 3574 2260 divinitatis.

2001 2284 2348 2340 insecabilem
2384 2295 2439 2340 et
2470 2286 2754 2341 indivisam
2787 2301 2907 2342 eam
2943 2288 3268 2358 proﬁtendo,
3301 2301 3358 2354 et
3385 2292 3438 2346 in
3471 2309 3578 2346 uno

1998 2378 2218 2434 Christo
2253 2380 2480 2434 duarum
2511 2389 2830 2436 naturarum
2875 2383 3132 2440 unionem
3180 2385 3574 2456 Itypostaticam

1997 2467 2254 2521 similiter
2297 2467 2639 2523 inconfusam
2685 2479 2740 2524 et
2785 2470 3192 2536 indivisibilem,
3238 2473 3488 2528 eumdem
3523 2483 3578 2527 et

1998 2574 2182 2614 verum
2221 2561 2387 2614 Deum
2423 2569 2478 2615 et
2529 2575 2716 2616 verum
2769 2560 3070 2628 hominem,
3115 2572 3172 2619 et
3221 2579 3576 2634 quaecumque

1997 2650 2080 2704 his
2107 2651 2498 2719 consequentia
2519 2659 2668 2716 sunt,
2693 2648 2838 2707 velut
2864 2655 3215 2724 impatibilem
3247 2663 3302 2710 et
3334 2659 3572 2725 passioni

1995 2743 2320 2810 subjectum,
2348 2744 2810 2813 incorruptibilem
2832 2753 2887 2800 et
2911 2746 3244 2817 corruptioni
3260 2749 3573 2814 obnoxium,

1995 2836 2320 2891 invisibilem
2365 2844 2422 2891 et
2463 2835 2761 2902 visibilem,
2796 2837 3151 2894 intactibilem
3187 2848 3244 2895 et
3285 2841 3448 2896 tactui
3481 2854 3576 2896 ex-

1995 2927 2253 2996 positum,
2283 2927 2816 2996 incircumscriptum
2837 2936 2891 2984 et
2912 2927 3388 3000 circumscriptum
3411 2946 3426 2985 :
3447 2931 3574 2986 item

1995 3017 2302 3074 voluntates
2350 3017 2732 3088 potentiasque
2783 3018 3028 3088 duplices
3080 3021 3221 3074 citra
3271 3022 3578 3078 contrarie-

1997 3118 2181 3165 tatem.

2071 3200 2122 3254 6.
2167 3201 2259 3271 (Ι).
2291 3217 2366 3264 tx,
2394 3217 2468 3268 ιι,
2501 3211 2556 3258 et
2604 3216 2700 3256 χιι.
2737 3201 2797 3256 C.
2850 3203 2913 3257 de
2951 3201 3132 3274 legib.)
3169 3202 3299 3269 Quae
3327 3205 3394 3258 ab
3428 3207 3575 3258 anti-

2000 3292 2122 3361 quis
2157 3293 2450 3347 constituta
2506 3303 2634 3348 sunt
2661 3293 2960 3364 principem
3014 3295 3364 3364 interpretari
3397 3297 3574 3363 decet,

2002 3386 2060 3456 (ι.
2090 3402 2188 3450 xu,
2215 3385 2277 3452 [Ῑ.
2309 3385 2451 3455 eod.)
2490 3397 2548 3440 et
2577 3388 2643 3440 de
2676 3387 2760 3440 his
2787 3401 2906 3454 qua:
2940 3386 3148 3455 legibus
3185 3389 3573 3460 comprehensa

2002 3493 2109 3530 non
2137 3485 2285 3542 sunt,
2319 3492 2384 3531 ex
2414 3477 2684 3532 similibus
2708 3477 2981 3546 judicare.

2073 3569 2124 3622 7.
2169 3569 2253 3639 (L.
2297 3568 2531 3638 xxxvii.)
2580 3570 2638 3622 In
2687 3570 2894 3637 legibus
2947 3571 3367 3640 interpretandis
3402 3577 3575 3644 insiti-

2001 3661 2192 3716 cienda
2221 3670 2305 3716 est.
2335 3661 2680 3715 consuetudo
2707 3662 2971 3726 civitatis,
2997 3662 3064 3731 .(l.
3102 3666 3236 3733 xit.)
3272 3668 3413 3734 quod
3446 3683 3574 3721 vero

2001 3765 2188 3808 contra
2238 3754 2504 3808 rationem
2552 3753 2694 3823 juris
2728 3753 3008 3810 inductum
3052 3766 3159 3824 est,
3205 3773 3308 3812 non
3341 3759 3574 3815 trahitur

2003 3847 2069 3900 ad
2107 3845 2433 3915 exemplum.

1999 3969 2018 3987 .
2073 3940 2124 3995 8.
2154 3939 2239 4009 (L.
2266 3955 2396 3994 xvnt
2425 3948 2480 3994 et
2512 3956 2587 3997 ιιι.
2623 3940 2685 3994 C.
2716 3941 2858 4012 eod.)
2889 3942 3180 4012 Benignius
3213 3945 3572 4016 interpretan-

2003 4034 2085 4089 da:
2110 4043 2238 4088 sunt
2280 4033 2427 4102 leges
2456 4049 2484 4088 a
2520 4034 2788 4102 principe,
2821 4034 2880 4104 (ι.
2923 4050 3034 4100 xw,
3071 4052 3118 4090 ο.
3157 4037 3230 4092 De
3252 4038 3569 4106 ﬁdeicomm.

2003 4127 2176 4180 liberi.
2221 4126 2261 4182 ι.
2294 4141 2410 4189 ιιι,
2447 4135 2501 4181 et
2533 4141 2758 4192 cuvttt,
2793 4127 2853 4196 θ’.
2883 4127 2960 4180 De
3005 4145 3110 4197 reg.
3133 4129 3274 4199 jar.)
3317 4132 3368 4186 in
3403 4134 3568 4186 ambi-

2003 4219 2123 4288 guis
2155 4219 2300 4272 enim
2352 4218 2649 4272 humanior
2693 4219 3076 4288 interpretatio
3115 4221 3428 4290 accipienda
3466 4237 3572 4279 est,

2073 4312 2128 4366 9.
2176 4311 2396 4365 Minime
2438 4321 2568 4365 sunt
2597 4313 2875 4376 mutanda,
2911 4326 3030 4380 quae
3067 4313 3571 4380 interpretationem

2002 4411 2204 4456 certam
2234 4401 2458 4454 habent.

377 4497 429 4543 ι’.
472 4487 614 4557 Περὶ
653 4479 730 4539 ὧν
755 4484 1030 4554 ἔγγραφος
1077 4481 1140 4536 οὐ
1169 4481 1345 4534 κεῖται
1400 4479 1582 4550 νόμος,
1635 4495 1890 4546 παραφυ-

2072 4492 2160 4547 10.
2193 4488 2278 4561 (L.
2331 4504 2489 4544 xxm.
2539 4489 2600 4558 θ’.
2655 4488 2738 4542 Do
2781 4489 2934 4558 legib.
2973 4489 3012 4542 Ι.
3045 4490 3243 4561 xxxii.)
3278 4491 3352 4546 De
3377 4493 3571 4562 quibus

310 4579 525 4633 λάττειν
555 4580 639 4632 δεῖ
701 4577 763 4630 τὸ
795 4577 913 4640 ἔθος
951 4576 1048 4630 καὶ
1093 4573 1190 4644 τὴν
1228 4571 1539 4644 συνήθειανο
1597 4573 1646 4623 εί
1677 4570 1732 4622 δὲ
1801 4572 1893 4622 καὶ

307 4672 465 4724 τοῦτο
521 4671 788 4733 ἐκλείπει,
856 4665 1174 4721 ἀκολουθεῖν
1214 4665 1293 4719 δεῖ
1345 4665 1458 4726 τοῖς
1512 4662 1894 4732 παραπλήσιον

310 4759 492 4830 ἔχουσι
554 4759 632 4829 τῷ
690 4758 1032 4828 ζητουμένῳ·
1085 4755 1150 4808 ἂν
1201 4754 1256 4833 δὲ
1290 4753 1426 4824 μηδὲ
1474 4753 1633 4805 τοῦτο
1671 4747 1726 4823 ᾗ,
1786 4751 1895 4804 τῶν

313 4853 696 4923 συνετωτέρων
736 4851 851 4922 ἅμα
896 4851 987 4903 καὶ
1033 4848 1297 4902 πλειόνων
1343 4848 1376 4916 ὴ
1418 4843 1618 4913 γνώμη
1675 4842 1893 4914 κρατεί-

312 4960 387 4996 τω
417 4958 432 4974 ·
477 4943 742 5012 συγγενὲς
781 4942 888 5012 γὰρ
926 4939 1085 4993 τοῦτο
1114 4941 1184 5010 τῇ
1215 4937 1375 5006 φύσει
1404 4934 1500 4988 τοῦ
1531 4933 1718 5004 νόμου.

382 5223 470 5272 ια’.
516 5216 732 5284 Ὥσπερ
762 5214 796 5284 ἡ
829 5211 976 5274 θέσις
1006 5208 1101 5264 τοῦ
1133 5207 1323 5278 νόμου,
1368 5205 1400 5274 ἦ
1441 5203 1716 5275 ἔγγραφὸς
1746 5204 1894 5257 ἐστιν

313 5307 344 5377 ἦ
379 5307 654 5378 ἄγραφος,
686 5301 830 5356 οὕτω
867 5300 962 5355 καὶ
995 5301 1028 5366 ἡ
1069 5298 1356 5366 ἀναίρεσις
1395 5292 1584 5359 αὑτοῦ,
1616 5293 1648 5362 ἢ
1701 5293 1767 5344 δι’
1797 5293 1892 5358 ἑγ-

318 5398 523 5468 γράφου
555 5395 769 5462 γίνεται
806 5393 997 5462 νόμου,
1051 5390 1084 5460 ἢ
1128 5387 1194 5441 δι’
1223 5387 1494 5456 ἀγράφου,
1547 5384 1691 5436 τοῦτ’
1748 5382 1897 5436 ἔστιν

312 5491 395 5543 διά
426 5493 528 5561 τῆς
554 5486 878 5560 ἀχρηστίας.
939 5482 1236 5553 Ἀχρηστία
1289 5477 1346 5530 δέ
1381 5478 1518 5540 ἑστι,
1558 5475 1656 5542 οὐχ
1708 5471 1894 5534 ἁπλῶς

313 5582 368 5634 τὸ
397 5583 473 5653 μὴ
513 5576 916 5651 χρήσασθαιτῷ
945 5575 1114 5644 νόμιμ’
1149 5572 1283 5626 ἀλλὰ
1308 5569 1388 5634 τὸ,
1429 5564 1620 5637 καιροῦ
1673 5564 1897 5617 καλοῦν-

311 5690 396 5738 τος
451 5673 546 5726 τὸν
577 5670 816 5742 δημόσια
844 5667 1121 5738 κρίνοντα,
1173 5661 1348 5731 τούτῳ
1386 5659 1485 5729 μὲν
1515 5656 1773 5718 πολλάκις
1816 5655 1895 5725 τῷ

311 5766 458 5836 νόμῳ
489 5764 564 5835 μὴ
588 5760 900 5834 χρήσασθαι
948 5759 1043 5812 καὶ
1071 5755 1248 5827 χρόνῳ
1281 5752 1547 5824 παριδεῖν⁹
1605 5749 1798 5819 ἑτέραν
1839 5747 1912 5843 δὲ,

311 5855 489 5926 ψῆφον
518 5855 641 5910 ἀντὶ
675 5851 868 5905 τούτου
899 5848 1224 5918 ἐξενεγκεῖν.

2000 4583 2202 4650 scripta
2242 4581 2360 4648 lege
2386 4578 2523 4634 nihil
2561 4587 2784 4633 cautum
2817 4588 2921 4644 est,
2961 4579 3011 4633 id
3043 4579 3305 4634 custodiri
3337 4593 3570 4650 oportet,

1997 4673 2142 4741 quod
2193 4671 2436 4726 moribus
2483 4678 2538 4723 et
2583 4669 2975 4725 consuetudine
3029 4670 3398 4727 introductum
3447 4687 3558 4740 est,

1995 4764 2140 4833 quod
2172 4764 2216 4818 si
2244 4772 2297 4816 et
2327 4763 2430 4817 hoc
2453 4760 2735 4826 defecerit,
2774 4763 3058 4830 sequenda
3093 4772 3221 4817 sunt
3255 4778 3318 4817 ea
3347 4780 3466 4834 qua:
3494 4770 3569 4820 rei

1995 4855 2051 4909 in
2087 4855 2438 4923 quaestionem
2468 4853 2711 4906 deductae
2736 4853 2978 4920 proxima
3006 4863 3133 4907 sunt
3155 4863 3209 4907 et
3235 4869 3574 4924 consequen-

2000 4948 2072 5002 tia
2107 4965 2120 5000 :
2159 4930 2204 5002 si
2241 4961 2368 5002 vero
2398 4961 2464 5000 ne
2500 4946 2552 4999 id
2591 4945 2808 5014 quidem
2854 4945 3181 5011 inveniatur,
3226 4947 3458 5014 plurium
3504 4952 3573 5003 si-

1998 5039 2109 5093 mul
2144 5049 2200 5092 et
2231 5037 2538 5092 doctiorum
2589 5036 2861 5090 sententia
2901 5036 3167 5103 obtineat,
3209 5037 3262 5091 id
3298 5038 3442 5092 enim
3479 5054 3572 5091 na-

1999 5141 2132 5186 tura;
2163 5131 2298 5200 legis
2327 5127 2904 5185 convenientissimum
2939 5137 3043 5183 est.

2071 5226 2158 5280 11.
2190 5222 2658 5290 Quemadmodum
2704 5219 2839 5289 legis
2869 5220 3185 5276 constitutio
3230 5231 3322 5274 aut
3364 5222 3570 5288 scripto

1995 5326 2212 5374 constat
2239 5323 2332 5368 aut
2368 5329 2476 5368 non
2511 5312 2749 5382 scripto;
2779 5312 2859 5367 sic
2891 5313 3132 5378 ejusdem
3166 5311 3444 5378 abmgatio
3477 5324 3571 5366 aut

1998 5412 2204 5478 scripto
2236 5405 2531 5469 inducitur,
2577 5412 2669 5458 aut
2714 5417 2823 5458 non
2859 5403 3086 5472 scripto,
3121 5401 3221 5456 hoc
3246 5409 3349 5464 est,
3380 5402 3558 5454 desue-

1999 5499 2202 5552 tudine.
2258 5493 2563 5550 Desuetudo
2607 5501 2785 5547 autem
2817 5503 2901 5546 est
2948 5506 3052 5546 non
3101 5489 3421 5558 simpliciter
3453 5490 3568 5557 lege

1999 5605 2104 5644 non
2137 5589 2250 5653 uti;
2286 5601 2477 5641 verum
2514 5599 2637 5639 eum
2671 5584 2762 5653 qui
2798 5581 3163 5652 jurisdictioni
3199 5590 3414 5648 praeest,
3477 5584 3566 5636 ubi

2001 5691 2216 5750 tempus
2238 5678 2426 5748 exigit,
2457 5692 2521 5732 ea
2552 5677 2670 5744 lege
2691 5689 2796 5729 non
2831 5674 2930 5739 uti,
2962 5683 3016 5728 et
3036 5673 3243 5727 sensim
3274 5673 3565 5742 negligere,

1998 5781 2052 5827 et
2079 5770 2407 5826 contrariam
2441 5767 2566 5822 huic
2593 5764 2917 5821 sententiam
2955 5762 3104 5819 ferri.
