4050 6436
445 346 554 411 £63

517 460 608 514 1'2.
659 455 748 527 (L.
797 449 1012 524 xxxiv.)
1045 449 1200 506 Tunc
1239 448 1445 504 utimur
1481 447 1872 502 consuetudine
1905 449 2038 500 civi-
2071 453 2115 510 Α

449 552 580 606 tatis
613 559 706 603 aut
745 545 1064 618 provinciae,
1105 557 1228 596 cunt
1280 543 1334 594 in
1373 539 1576 608 judicio
1617 553 1783 593 causa
1819 540 2033 608 cognita

449 644 769 699 conﬁrmata
801 639 895 702 sit,
926 651 1047 707 quae
1072 644 1251 689 autem
1283 632 1443 701 longa
1469 630 1867 712 consuetudine
1892 644 2036 683 con;-

448 738 677 807 probata
724 739 873 797 sunt,
905 745 969 784 ac
1004 742 1102 797 per
1140 725 1341 780 multos
1371 737 1544 778 annos
1573 723 1890 786 observata,
1925 736 2033 777 non

448 832 628 884 minus
652 839 812 896 quam
837 837 899 877 ea
927 835 1046 890 quae
1075 818 1283 886 scripta
1323 823 1456 869 sunt
1483 813 1607 884 jura
1639 822 1953 868 servantur.

973 948 1352 1008 TlTULUS
1403 946 1512 1002 Ill.

1018 1064 1096 1119 De
1121 1063 1458 1134 patriarcha.

516 1185 569 1240 l.
601 1177 924 1235 Patriarcha
955 1185 1038 1230 est
1081 1173 1289 1229 Christi
1322 1173 1445 1228 viva
1477 1180 1532 1228 et
1563 1172 1804 1228 animata
1831 1170 2034 1244 eﬂigies

446 1276 630 1333 verbis
656 1271 912 1329 omnibus
944 1267 1217 1338 laetisque
1237 1267 1552 1338 exprimens
1579 1265 1887 1323 veritatem.

513 1463 568 1516 9..
595 1459 805 1530 Scopus
825 1454 1150 1528 patriarchae
1170 1451 1481 1524 propositus
1503 1459 1588 1508 est
1612 1467 1625 1505 :
1656 1449 1888 1520 primum
1914 1449 2036 1519 qui-

447 1557 567 1610 dem
601 1552 804 1623 pietate
845 1559 902 1604 et
939 1547 1064 1603 vitae
1104 1544 1376 1618 gravitate
1431 1552 1617 1600 tenere
1664 1557 1800 1612 quos
1845 1558 1877 1597 a
1925 1543 2036 1597 Deo

449 1645 678 1700 tuendos
716 1640 980 1710 suscepit,
1031 1638 1228 1694 deinde
1278 1644 1334 1693 et
1374 1651 1568 1692 omnes
1613 1637 1898 1692 hereticos
1936 1650 2037 1706 pro

446 1719 594 1791 virili
646 1734 713 1789 ad
762 1739 970 1787 rectam
992 1724 1316 1798 opinionem
1365 1737 1421 1782 et
1469 1728 1728 1783 Ecclesiae
1775 1728 2037 1784 unionem

1481 335 1874 397 CONSTANT
1887 335 1995 396 [Nl
2038 334 2294 396 PORPH
2303 335 2606 396 YROGEN
2618 335 2726 396 lTI

3617 344 3728 399 4b"!

2216 447 2304 518 ιβ’.
2346 450 2480 502 Τότε
2535 447 2795 520 χρώμεθα
2843 448 2910 518 τῇ
2943 445 3207 518 συνηθείᾳ
3244 444 3386 509 τινός
3435 445 3645 510 πόλεως
3696 449 3730 521 ἢ

2141 541 2433 612 ἐπαρχίας,
2474 542 2563 594 ὅτε
2613 538 3093 612 ἀμφισϐητηθεῖσα
3141 541 3196 593 ἐν
3243 538 3577 611 δικαστηρίῳ
3631 541 3725 609 βε-

2142 635 2375 705 ϐαιωθῇ,
2417 634 2487 688 τὰ
2533 634 2590 688 δὲ
2624 636 2814 705 μακρᾷ
2870 632 3134 704 συνηθείᾳ
3178 631 3602 702 δοκιμασθέντα,
3636 635 3736 686 καὶ

2140 724 2238 776 ἐπὶ
2264 724 2477 788 πολλοῖς
2499 725 2765 789 ἐνιαυτοῖς
2802 725 3145 794 φυλαχθέντα
3187 721 3607 794 [βεδαιωθέντα]
3631 725 3732 793 οὐχ

2139 811 2304 889 ἧττον
2329 816 2440 870 τῶν
2490 817 2784 887 ἐγγράφων
2815 815 3098 886 κρατοῦσι.

2746 949 2999 1005 ΤΙΤΛΟΣ
3032 952 3105 1006 Γ’.

2657 1063 2796 1133 Περὶ
2828 1062 3215 1133 πατριάρχου.

2213 1184 2288 1233 α’.
2329 1176 2691 1250 Πατριάρχης
2748 1177 2893 1230 ἐστὶν
2946 1175 3114 1230 εἰκὼν
3159 1175 3311 1242 ζῶσα
3347 1177 3587 1249 Χριστοῦ
3641 1179 3742 1232 καὶ

2141 1267 2388 1341 ἔμψυχος
2418 1269 2491 1322 δι’
2519 1268 2699 1339 έργων
2729 1268 2826 1322 καὶ
2854 1269 3027 1337 λόγων
3077 1269 3135 1322 ἐν
3174 1269 3360 1340 ἑαυτῇ
3395 1269 3739 1341 χαρακτηρί-

2141 1359 2307 1424 ζουσα
2339 1359 2436 1431 τὴν
2459 1358 2738 1430 ἀλήθειαν.

2211 1449 2280 1522 β’.
2322 1451 2532 1515 Σκοπὸς
2582 1451 2658 1521 τῷ
2701 1450 3018 1523 πατριάρχῃ
3081 1451 3296 1523 πρῶτον
3334 1451 3455 1522 μὲν,
3514 1451 3610 1516 οὓς
3673 1453 3741 1506 ἐκ

2139 1543 2274 1597 Θεοῦ
2314 1543 2644 1614 παρέλαϐεν,
2673 1543 2934 1613 εὐσεϐείᾳ.
2975 1544 3068 1596 καὶ
3101 1544 3394 1615 σεμνότητι
3449 1544 3566 1614 βίου
3621 1544 3744 1597 δια-

2142 1635 2397 1706 φυλάξαι,
2422 1637 2614 1690 ἕπειτα
2640 1637 2697 1690 δὲ
2727 1638 2823 1690 καὶ
2847 1637 3052 1699 πάντας
3089 1638 3216 1700 τοὺς
3249 1638 3563 1708 αίρετικοὺς
3592 1637 3740 1690 κατὰ

2141 1728 2234 1782 τὸν
2267 1730 2492 1784 δυνατὸν
2550 1729 2721 1801 αὐτῷ,
2780 1730 2919 1802 πρὸς
2973 1729 3072 1801 τὴν
3115 1728 3424 1801 ὀρθοδοξίαν
3485 1729 3581 1782 καὶ
3639 1729 3741 1800 τὴν

446 1834 790 1882 convertere.
825 1819 1080 1876 Haeretici
1114 1827 1295 1874 autem
1328 1827 1385 1873 et
1423 1833 1492 1873 ex
1522 1820 1733 1890 legibus
1762 1829 1816 1874 et
1843 1835 1912 1875 ex
1941 1834 2026 1876 ca-

2143 1821 2336 1875 ἓνωσιν
2367 1822 2465 1890 τῆς
2506 1822 2835 1894 Ἐκκλησίας
2859 1822 3212 1892 ἐπιστρέψαι,
3243 1822 3514 1891 αἱρετικώ⁸
3536 1822 3592 1874 δὲ
3623 1823 3739 1884 τοῖς

447 1917 685 1972 nonibus
709 1915 782 1969 ita
807 1920 1093 1976 vocantur,
1119 1919 1173 1966 ct
1196 1910 1270 1965 illi
1297 1911 1390 1982 qui
1414 1926 1444 1966 a
1466 1911 1750 1968 catholicae
1780 1911 2036 1968 Ecclesia:

447 2007 832 2064 communione
890 2004 1104 2060 exclusi
1143 2012 1291 2069 sunt,
1343 2011 1398 2058 et
1447 2010 1712 2074 praeterea
1763 2004 2031 2067 inﬁdeles,

443 2102 591 2172 quod
618 2101 708 2156 ille
738 2097 1029 2152 manifesta
1070 2107 1129 2151 et
1173 2095 1322 2150 clara
1370 2095 1495 2150 vitae
1530 2097 1824 2152 sanctitate
1858 2097 1912 2151 in
1948 2097 2033 2152 sui

443 2194 866 2251 admirationem
899 2198 1250 2258 convertens,
1282 2189 1548 2245 accendet
1589 2189 1658 2245 ad
1692 2190 1814 2246 lidei
1845 2191 2041 2246 itnitam

442 2293 669 2346 tionem.

515 2381 570 2435 5.
603 2377 754 2434 Finis
793 2375 1121 2448 patriarchae
1152 2373 1470 2447 propositus
1505 2381 1610 2441 est,
1643 2371 1794 2428 salus
1823 2371 2032 2426 anima-

440 2488 586 2540 rum,
609 2487 715 2541 quo
734 2470 835 2542 ipsi
858 2469 1207 2526 concreditur
1231 2486 1244 2522 :
1267 2477 1324 2522 et
1348 2468 1534 2522 vivere
1546 2465 1765 2537 quidem
1783 2465 2026 2532 Christo,

438 2563 684 2634 cruciligi
726 2571 911 2618 autem
947 2563 1171 2618 mundo.

514 2655 569 2710 4.
613 2654 844 2723 Propria
896 2652 1232 2723 patriarcha:
1281 2661 1430 2719 sunt,
1482 2651 1734 2706 idoneum
1783 2663 1905 2706 esse
1959 2647 2029 2705 ad

440 2748 770 2812 docendum,
807 2745 1072 2816 aequalem
1109 2761 1170 2801 se
1194 2746 1452 2800 omnibus
1485 2743 1731 2814 praebere
1767 2752 1825 2798 et
1867 2742 2028 2798 altio-

442 2841 519 2894 ris
561 2846 629 2893 et
676 2837 986 2892 humilioris
1028 2837 1272 2892 {ortunzc
1325 2836 1674 2901 hominibus;
1727 2844 1782 2890 et
1836 2836 2026 2890 mitem

445 2931 666 3000 quidem
695 2928 826 2985 esse
847 2930 899 2984 in
913 2927 1238 2998 iudicando,
1272 2918 1709 2983 iuobedientilius
1726 2941 1855 2982 vero
1873 2941 2026 2995 aspe-

441 3041 585 3090 rum,
617 3031 882 3093 praeterea
910 3037 1008 3092 pro
1041 3021 1272 3076 veritate
1301 3029 1358 3074 et
1393 3034 1676 3075 sacrorum
1710 3019 2023 3088 dogmatum

440 3117 759 3174 delensione
785 3130 971 3171 coram
1005 3115 1341 3185 principibus
1365 3114 1534 3184 loqui,
1567 3127 1742 3184 neque
1773 3128 2024 3170 verecun-

441 3209 581 3266 dari.

515 3302 569 3358 5.
604 3301 735 3370 Quae
763 3301 832 3357 ab
861 3300 1100 3371 antiquis
1141 3299 1437 3357 constituta
1482 3307 1632 3366 sunt,
1667 3310 1720 3355 et
1763 3314 1792 3354 a
1824 3298 2028 3355 sanctis

438 3395 694 3452 Patribus
723 3393 969 3459 deﬁnita,
1014 3403 1068 3447 et
1129 3406 1161 3447 a
1222 3393 1428 3448 sanctis
1487 3392 1706 3462 synodis
1759 3395 2023 3462 exposita,

440 3485 615 3541 solum
670 3484 1036 3554 patriarcham
1083 3483 1431 3551 interpretari
1479 3481 1655 3539 decet.

511 3667 566 3721 6.
600 3665 733 3734 Quae
773 3667 842 3722 ab
878 3664 1121 3736 antiquis
1164 3663 1439 3731 Patribus,
1488 3664 1544 3720 in
1575 3665 1816 3735 synodis,
1848 3673 1940 3720 aut
1973 3665 2026 3720 in

438 3760 755 3830 provinciis,
806 3759 1119 3829 specialiter
1166 3758 1249 3813 vel
1307 3757 1688 3813 universaliter
1743 3758 1887 3813 facta
1941 3757 2024 3814 vel

437 3852 732 3908 constituta
760 3861 908 3919 sunt,
939 3850 1309 3920 patriarcham
1341 3849 1640 3920 dijudicare
1670 3853 1846 3906 decet.

510 4031 566 4085 7.
595 4030 950 4099 Antiquiores
970 4043 1209 4085 canones
1231 4028 1397 4084 etiam
1423 4029 1489 4083 ad
1518 4029 1856 4098 posteriores
1883 4029 2023 4086 trahi

439 4124 663 4188 solent;
703 4122 954 4177 similiter
985 4125 1268 4191 etpriores
1312 4122 1551 4178 actiones
1602 4123 1668 4178 ad
1699 4124 2024 4193 posteriores

441 4217 736 4270 trahuntur
766 4213 1144 4285 obtinentque,
1185 4213 1245 4269 in
1293 4213 1558 4271 similibus
1595 4214 1843 4271 videlicet
1882 4229 2024 4286 per-

437 4309 587 4365 sonis
613 4319 668 4363 ct
699 4307 879 4363 rebus.

2139 1913 2329 1982 νόμοις
2361 1912 2599 1976 καὶτοῖς
2631 1913 2823 1968 κανόσι
2859 1911 3173 1976 καλοῦνται,
3211 1913 3307 1964 καὶ
3361 1913 3410 1964 οί
3459 1914 3525 1980 τῇ
3597 1911 3733 1964 καο-

2140 2005 2299 2074 ολικῇ
2337 2005 2412 2074 μὴ
2473 2004 2857 2068 κοινωνοῦντες
2903 2004 3223 2075 Ἐκκλησία,
3274 2003 3355 2056 ἔτι
3399 2005 3577 2057 δὲκαὶ
3609 2005 3735 2069 τοὺς

2137 2100 2400 2164 ἀπίστους
2429 2099 2517 2153 διὰ
2545 2100 2643 2171 τῆς
2671 2098 2931 2172 λαμπρᾶς
2961 2099 3053 2152 καὶ
3091 2099 3574 2169 περιφανεστάτης
3628 2097 3734 2150 καὶ

2136 2192 2452 2263 θαυμασίας
2517 2192 2685 2247 αὑτοῦ
2753 2192 3006 2264 πράξεως
3073 2190 3416 2262 ἐκπλήττων,
3484 2189 3739 2261 μιμητὰς

2134 2286 2356 2355 ποιῆσαι
2386 2288 2487 2356 τῆς
2525 2285 2781 2349 πίστεως.

2207 2383 2275 2444 γ’.
2321 2377 2486 2440 Τέλος
2513 2377 2592 2448 τῷ
2624 2376 2962 2450 πατριάρχῃ,
3005 2378 3038 2448 ἡ
3077 2378 3184 2433 τῶν
3210 2378 3733 2448 καταπεπιστευμέ-

2131 2486 2238 2522 νων
2262 2469 2411 2540 αὐτῷ
2451 2469 2640 2541 ψυχῶν
2685 2471 2957 2542 σωτηρία,
3011 2471 3105 2524 καὶ
3133 2471 3194 2525 τὸ
3224 2471 3323 2543 ζῇν
3357 2472 3457 2542 μὲν
3482 2472 3738 2542 Χριστῷ,

2129 2560 2511 2632 ἐσταυρῶσθαι
2546 2562 2602 2615 δὲ
2630 2561 2708 2632 τῷ
2745 2563 2956 2633 κόσμῳ.

2200 2651 2262 2728 δ’.
2308 2651 2443 2707 Ἰδια
2513 2655 2885 2726 πατριάρχου,
2951 2654 3014 2708 τὸ
3087 2651 3227 2710 εἶναι
3279 2656 3613 2720 διδακτικὸν,
3669 2655 3736 2709 τδ

2129 2744 2267 2815 πρὸς
2318 2745 2526 2807 πάντας
2555 2745 2795 2818 ὑψηλούς
2845 2762 2905 2800 τε
2966 2747 3062 2800 καὶ
3097 2750 3386 2812 ταπεινοὺς
3418 2751 3732 2818 άστενοχωο

2131 2836 2310 2907 ρήτως
2345 2833 2693 2900 ἐξισοῦσθαι·
2742 2838 2839 2892 καὶ
2870 2840 3044 2906 πρᾶον
3086 2839 3186 2909 μὲν
3229 2835 3370 2894 εἷναι
3407 2841 3464 2893 ἐν
3520 2839 3730 2893 δικαιο-

2130 2925 2286 2997 σύνῃ,
2325 2925 2646 2995 ἐλεγκτικὸν
2689 2926 2747 2980 δὲ
2812 2927 2950 2997 πρὸς
3000 2928 3129 2991 τοὺς
3161 2927 3542 2993 ἀπειθοῦντας·
3587 2931 3730 3001 ὑπὲρ

2127 3014 2183 3067 δὲ
2214 3015 2313 3084 τῆς
2345 3014 2605 3086 ἀληθείας
2657 3015 2752 3069 καὶ
2783 3014 2883 3085 τῆς
2944 3018 3330 3088 συντηρήσεως
3365 3017 3458 3071 τοῦ
3514 3019 3728 3072 δικαίου

2128 3108 2222 3161 καὶ
2250 3107 2350 3177 τῆς
2384 3106 2689 3174 εὐσεϐείας,
2725 3106 2906 3161 λαλεῖν
2941 3106 3171 3166 ἐνώπιον
3200 3108 3490 3180 βασιλέων,
3513 3114 3607 3165 καὶ
3645 3113 3724 3182 μὴ

2131 3199 2502 3270 αἰσχύνεσθαι.
3211 3205 3220 3212 ’

2201 3297 2263 3344 ε’.
2299 3291 2381 3358 Τᾲ
2434 3292 2587 3362 παρά
2656 3291 2766 3346 τῶν
2844 3293 3092 3348 παλαιῶν
3162 3296 3574 3366 κανονισθέντα,
3617 3299 3722 3352 καὶ

2132 3383 2285 3453 παρὰ
2313 3383 2421 3436 τῶν
2455 3383 2633 3453 ἁγίων
2662 3384 2896 3456 Πάτρων
2927 3385 3239 3456 ὁρισθέντα,
3275 3387 3370 3442 καὶ
3413 3389 3569 3458 παρὰ
3609 3388 3724 3442 τῶν

2136 3477 2306 3547 ἁγίων
2344 3478 2576 3532 συνόδων
2607 3478 2899 3534 ἐκτεθέντα
2928 3479 3020 3537 τὸν
3053 3481 3400 3552 πατριάρχην
3442 3483 3604 3553 μόνον
3645 3484 3729 3537 δεῖ
3819 3512 3826 3516 -

2132 3567 2480 3640 ἑρμηνεύειν.

2203 3659 2279 3725 ς’.
2317 3661 2400 3714 Τὰ
2429 3660 2581 3730 παρὰ
2625 3661 2735 3718 τῶν
2774 3662 3023 3734 ἀρχαίων
3056 3663 3318 3735 Πατέρων
3343 3664 3401 3716 ἐν
3452 3664 3724 3730 συνόδοις,

2129 3752 2162 3821 ἢ
2194 3754 2253 3805 ἐν
2301 3752 2623 3824 ἐπαρχίαις,
2677 3753 2896 3816 εἰδικῶς
2946 3753 3043 3807 καὶ
3067 3754 3370 3818 καθολικῶς
3401 3755 3722 3824 πραχθέντα

2132 3845 2225 3898 καὶ
2259 3846 2687 3917 οίκονομηθέντα
2729 3847 2820 3900 τὸν
2852 3846 3202 3918 πατριάρχην
3247 3847 3328 3900 δεῖ
3372 3847 3585 3918 Gut-cqu
3621 3849 3722 3902 καὶ

2127 3935 2446 4008 διακρίνειν.

2201 4029 2266 4095 ξ’.
2306 4034 2370 4084 Oi
2414 4034 2840 4104 προγενέστεροι
2885 4033 3133 4101 κανόνες,
3163 4035 3256 4088 καὶ
3289 4034 3523 4106 εἰςῆτοὶις
3553 4051 3713 4104 μετα-

2126 4126 2485 4196 γενεστέρους
2531 4126 2802 4191 ἕλκονται,
2840 4125 3104 4189 ὡσαύτως
3153 4126 3210 4180 δὲ
3254 4127 3349 4181 καὶ
3391 4129 3450 4180 αί
3507 4143 3716 4196 προγε⁴

2127 4217 2378 4289 νέστεραι
2406 4218 2658 4289 πράξεις,
2696 4222 2790 4272 καὶ
2821 4207 3146 4289 οἰκονομίαι,
3186 4219 3279 4272 καὶ
3328 4221 3409 4282 εἰς
3453 4219 3583 4283 τοὺς
3611 4235 3716 4288 με·
3775 4207 3808 4232 ”

2027 4336 2038 4362 ι
2125 4311 2558 4390 ταγενεστέρους
2612 4313 2888 4378 ἕλκονται,
2945 4314 3041 4366 καὶ
3096 4312 3422 4385 κρατοῦσιν,
3457 4315 3550 4367 ἐπὶ
3604 4314 3718 4368 τῶν

2125 4402 2327 4472 ὁμοίων
2357 4403 2602 4473 δηλονότι
2636 4405 2947 4474 προσώπων
2967 4422 3025 4457 τε
3050 4405 3142 4458 καὶ
3176 4406 3541 4477 πραγμάτων.

511 4484 567 4538 8.
607 4483 743 4539 Cum
794 4483 1106 4554 respublica
1138 4500 1202 4540 ex
1239 4485 1484 4555 partibus
1526 4487 1640 4543 suis
1670 4496 1725 4542 et
1760 4487 2018 4544 membris

2197 4499 2270 4564 η’.
2301 4493 2412 4562 Τῆς
2445 4493 2722 4558 πολιτείας
2757 4499 2822 4549 ἐκ
2855 4495 3040 4567 μερῶν
3071 4497 3165 4550 καὶ⁸
3199 4497 3404 4568 μορίων
3430 4497 3716 4566 ἀναλόγως

435 4575 788 4644 proportione
837 4577 1070 4644 quadam
1130 4577 1197 4631 ad
1251 4577 1526 4634 hominem
1591 4581 1884 4634 constituta
1920 4580 2010 4645 sit,

431 4669 684 4723 niaximac
715 4665 836 4736 ejus
884 4677 946 4722 et
994 4668 1262 4736 imprimis
1304 4669 1626 4724 necessaria:
1669 4680 1854 4738 partes
1887 4681 2016 4725 sunt

431 4761 688 4832 princeps
743 4767 798 4814 et
826 4759 1134 4829 patriarcha
1176 4775 1190 4813 :
1226 4769 1557 4830 quapropter
1581 4769 1638 4814 et
1671 4761 2012 4815 subditorum

429 4852 587 4922 quies
632 4861 708 4906 et-
732 4849 983 4918 l‘elicitas,
1021 4860 1130 4906 tam
1179 4852 1434 4908 animalis
1481 4867 1646 4922 quam
1691 4851 2009 4922 corporalis,

429 4944 682 5000 consistit
736 4944 790 4999 in
849 4944 1214 5000 consensione
1275 4954 1330 5000 et
1383 4945 1675 5001 concordia
1703 4927 1856 5015 regni
1887 4959 2008 5000 cum

429 5049 645 5091 summo
674 5033 1013 5103 pontiﬁcatu.

501 5127 555 5181 9.
601 5125 770 5180 Sedes
798 5125 1426 5196 Constantinopolitana,
1456 5141 1618 5196 quam
1665 5128 1810 5197 regia
1853 5141 2011 5183 exor-

422 5234 540 5286 nat,
589 5205 918 5292 synodorﬁm
979 5219 1256 5290 sulfragiis
1309 5222 1720 5292 praerogativam
1778 5221 2007 5289 obtinet,

423 5291 627 5385 quibus
673 5315 872 5368 divinae
921 5314 1069 5384 leges
1113 5311 1476 5381 sulfragantes
1519 5291 1922 5368 controversias
1953 5314 2007 5368 in

422 5409 546 5462 aliis
571 5408 792 5464 sedibus
829 5417 1003 5462 motas
1029 5405 1096 5460 ad
1141 5404 1298 5475 hujus
1330 5407 1604 5462 notionem
1641 5407 1832 5463 referri
1862 5422 2004 5478 prae-

420 5501 650 5573 cipiunt.

493 5675 581 5730 10.
630 5677 883 5734 Omnium
934 5682 1292 5752 metropolion
1336 5692 1389 5738 et
1417 5684 1850 5754 episcopatuum,
1885 5699 2001 5740 mo-

423 5769 896 5841 nasteriorumqtte
918 5783 971 5828 et
1001 5777 1352 5831 ecclesiarum
1386 5793 1517 5832 cura
1553 5788 1604 5833 et
1639 5779 1900 5848 judicium
1934 5782 2000 5833 ad

2118 4586 2197 4655 τῷ
2210 4584 2483 4657 ἀνθρώπῳ
2510 4588 2928 4661 συνισταμένης,
2951 4590 3018 4643 τὰ
3037 4589 3272 4661 μέγιστα
3299 4591 3392 4644 καὶ
3409 4590 3683 4658 ἀναγκαιό
3697 4620 3711 4630 -

2118 4691 2257 4730 τατα
2320 4676 2486 4748 μέρη,
2520 4677 2776 4749 βασιλεύς
2807 4681 2923 4735 ἐστι
2969 4681 3061 4734 καὶ
3093 4682 3471 4753 πατριάρχης
3503 4681 3584 4734 διὸ
3615 4681 3712 4734 καὶ

2116 4769 2154 4836 ἡ
2189 4767 2332 4822 κατὰ
2364 4769 2542 4839 ψυχὴν
2577 4772 2672 4824 καὶ
2702 4771 2864 4842 σῶμα
2897 4772 3008 4826 τῶν
3046 4773 3306 4845 ὑπηκόων
3351 4775 3565 4846 εἰρήνη,
3612 4776 3709 4827 καὶ

2117 4860 2433 4930 εὐδαιμονία
2463 4860 2747 4931 βασιλείας
2793 4863 2913 4918 ἐστὶ
2963 4865 3056 4919 καὶ
3089 4866 3490 4938 ἀρχιεροσύνης
3516 4869 3575 4921 ἐν
3604 4869 3706 4921 πᾶ-

2119 4967 2201 5006 σιν
2224 4951 2574 5025 ὁμοφροσύνη
2606 4955 2702 5009 καὶ
2733 4959 3047 5027 συμφωνία.

2187 5133 2251 5188 θ’.
2299 5136 2357 5190 Ὁ
2387 5138 3025 5204 Κωνσταντινουπόλεως
3060 5140 3270 5213 θρόνος.
3303 5144 3556 5218 βασιλείᾳ
3581 5145 3707 5199 ἐπ’.-

2115 5230 2437 5300 κοσμηθεὶς,
2470 5235 2592 5297 ταῖς
2630 5233 2938 5297 συνοδικαῖς
2959 5233 3163 5306 ψήφοιτ
3197 5236 3416 5307 πρῶτος
3436 5239 3705 5312 ἀνῃρέθη,

2113 5315 2204 5384 αἷς
2249 5324 2344 5375 καὶ
2384 5324 2434 5376 οἱ
2463 5324 2594 5377 θεῖοι
2655 5324 3191 5390 κατακολουθοῦντες
3237 5329 3414 5398 νόμοι,
3464 5331 3561 5383 καὶ
3602 5331 3706 5395 τὰς

2113 5414 2219 5468 ὑπὸ
2249 5417 2374 5478 τοὺς
2407 5417 2627 5487 ἐτέρους
2653 5418 2879 5488 θρόνους
2902 5418 3703 5493 γινομέναςηἀμφισϐητήσεις,

2111 5506 2218 5560 ὑπὸ
2256 5509 2356 5578 τὴν
2383 5510 2618 5575 ἐκείνου,
2653 5511 3057 5584 προστάττουσι
3092 5513 3390 5582 διάγνωσιν
3428 5517 3706 5587 ἀναφέρε-

2111 5599 2235 5653 σθαι
2270 5602 2367 5654 καὶ
2408 5602 2613 5671 κρίσιν.

2183 5700 2235 5746 ι’.
2265 5693 2462 5747 Πασῶν
2504 5694 2612 5747 τῶν
2650 5695 3042 5766 μητροπόλεων
3074 5698 3170 5751 καὶ
3203 5698 3576 5751 ἐπισκοπείων
3604 5715 3703 5768 μο-

2109 5783 2419 5853 ναστηρίων
2465 5800 2523 5836 τε
2560 5785 2655 5836 καὶ
2701 5786 3030 5855 ἐκκλησιῶν,
3065 5790 3098 5857 ἡ
3140 5787 3365 5854 πρόνοια
3396 5788 3702 5857 καὶφρον-
