4050 6430
281 333 399 396 465

1558 307 1952 404 DELECTUS
1991 343 2280 404 LEGUM.

3451 349 3563 412 406
3619 351 3644 376 ‘

280 450 394 512 τὶς,
420 447 500 500 ἔτι
531 446 590 500 δὲ
631 445 725 500 καὶ
758 447 945 520 κρίσις
995 451 1089 504 καὶ
1117 450 1441 523 κατάχρεως
1474 453 1567 506 καὶ
1598 454 1870 519 ἀθὼωσις,

1981 455 2258 523 preprium
2293 456 2665 526 patriarcham
2699 465 2930 527 spectat;
2955 458 3562 534 Constantinopolitano

277 540 361 610 τῷ
387 539 574 609 οἰκείῳ
625 541 946 615 πατριάρχῃ
977 543 1282 610 ἀνάκειται,
1317 547 1393 615 τῷ
1425 545 1484 598 δὲ
1521 548 1873 600 Κωνσταντι-

276 631 590 694 νουπξλεως
631 632 908 704 προέδρῳ,
937 633 1114 699 ἔξεστι
1146 637 1236 689 καὶ
1269 637 1327 692 ἐν
1368 639 1491 702 ταῖς
1538 638 1647 691 τῶν
1696 637 1872 692 ἄλλων

276 723 488 795 θρόνων
532 723 795 794 ἐνορίαις,
838 727 898 778 ἐν
940 720 1029 790 οἷς
1077 727 1177 781 οὐκ
1225 727 1341 781 ἔστι
1410 729 1870 800 προκαθιέρωσις,

275 813 408 866 ναοῦ
444 815 832 885 σταυροπήγια
862 815 1086 882 διδόναι,
1122 818 1183 871 οὐ
1217 817 1326 890 μὴν
1359 818 1496 874 ἀλλά
1547 821 1641 873 καὶ
1673 819 1771 883 τὰς
1815 821 1874 873 ἐν

275 908 391 968 τοῖς
417 905 604 967 ἄλλοις
641 905 858 976 θρόνοις
915 909 1219 980 γενομένας
1267 911 1731 982 ἀμφισϐητήσεις,
1761 914 1874 966 ἐπι-

277 999 467 1068 τηρεῖν
500 997 600 1050 καὶ
649 996 1022 1070 διορθοῦσθαι,
1053 1001 1148 1056 καὶ
1201 1003 1379 1075 πέρας
1423 1003 1724 1058 ἐπιτιθέναι
1753 1006 1872 1068 ταῖς

279 1091 523 1161 κρίσεσι.

349 1189 444 1238 ια’.
473 1183 600 1238 Τῶν
625 1183 878 1255 ψυχικῶν
937 1187 1192 1244 ἁπάντων
1244 1191 1277 1262 ἡ
1324 1190 1572 1262 πρόνοια,
1630 1191 1709 1262 τῷ
1765 1209 1876 1247 πα-

284 1276 517 1347 τριάρχῃ
566 1276 879 1346 ἀνάκειται,
913 1279 1250 1353 ἀναφέρεται
1290 1282 1348 1336 δὲ
1398 1284 1495 1337 κα)¹
1543 1284 1621 1348 είς
1649 1284 1874 1356 ἐτέρους

285 1361 361 1430 οἷς
417 1368 483 1420 ἂν
539 1370 756 1434 ἐκεῖνος
791 1371 1166 1443 ἀναφέρεσθαι
1199 1374 1492 1447 δοκιμάσῃ,
1523 1376 1787 1440 ὡσαύτως
1817 1378 1874 1432 δὲ

288 1459 383 1512 καὶ
416 1460 710 1528 μετανοίας
731 1462 826 1516 καὶ
857 1463 1216 1536 ἐπιστροφῆς,
1239 1467 1346 1520 ἀπό
1373 1484 1432 1520 τε
1457 1469 1873 1539 ἁμαρτημάτων

292 1551 389 1602 κατ.
423 1549 701 1619 αἱρέσεων,
731 1552 893 1617 αὐτὸς
923 1555 1018 1608 καὶ
1047 1553 1207 1623 μόνος
1235 1557 1562 1612 καθίσταται
1593 1560 1874 1632 διαιτητής

300 1657 361 1692 τε
392 1641 483 1691 καὶ
500 1639 742 1711 γνώμων,
772 1645 867 1696 καὶ
884 1641 980 1708 οὓς
1002 1643 1069 1698 ἂν
1094 1646 1258 1711 αὐτὸς
1286 1649 1466 1721 ὁρίσῃ·
1492 1650 1586 1704 καὶ
1611 1651 1755 1704 κατά
1774 1652 1873 1715 τὰς

313 1736 652 1805 μητροπόλεις
682 1737 740 1789 δὲ
773 1739 868 1791 καὶ
923 1741 1250 1809 ὲπισκοπὰς,
1277 1749 1391 1810 τοῖς
1445 1748 1873 1819 μητροπολίταις

306 1845 357 1880 τε
401 1827 492 1881 καὶ
540 1830 865 1895 ἐπισκόποις
927 1833 960 1904 ἡ
1009 1835 1150 1906 αὐτὴ
1209 1838 1539 1908 φυλάττεται
1587 1841 1741 1909 τάξις
1777 1842 1873 1896 καὶ

294 1919 521 1984 ἐξουσία.

891 2022 1142 2076 ἸἹΤΛΟΣ
1181 2023 1251 2078 Δ’.

565 2115 710 2184 Περὶ
736 2114 964 2181 τάξεως
985 2115 1255 2186 ἐπάρχου
1295 2119 1554 2187 πόλεως.

350 2213 414 2260 α’.
469 2205 531 2259 ’0
564 2206 669 2276 τῆς
692 2207 902 2271 πόλεως
922 2207 1164 2279 ἔπαρχος
1193 2207 1373 2263 πάντα
1405 2211 1562 2280 ζητεῖ
1582 2211 1651 2265 τὰ
1671 2213 1869 2284 ἐγκλή-

285 2312 448 2366 ματα,
490 2297 589 2352 καὶ
619 2298 694 2351 τὰ
717 2299 775 2352 ἐν
801 2300 868 2369 τῇ
901 2297 1053 2352 πόλει
1082 2299 1345 2371 γινόμενα
1377 2302 1664 2373 ἀκροᾶται.

346 2476 413 2546 β’.
463 2477 525 2530 '0
559 2478 663 2548 τῆς
712 2477 924 2542 πόλεως
973 2478 1234 2552 ἔπαρχος,
1271 2482 1380 2535 τῶν
1413 2487 1870 2556 προσφευγόντων

279 2569 482 2622 δούλων
511 2569 610 2622 καὶ
638 2569 749 2622 τῶν
782 2570 1054 2640 λεγόντων
1073 2573 1322 2645 ἀργυρίῳ
1349 2576 1462 2647 ἰδίῳ
1491 2578 1870 2650 ἀγορασθῆναι

279 2661 364 2712 ἐπὶ
402 2661 493 2730 τῷ
543 2661 982 2733 ἐλευθερωθῆναι
1033 2665 1234 2729 αὐτοὺς
1275 2668 1562 2737 ἀκροᾶται,
1617 2670 1711 2723 καὶ
1762 2672 1871 2725 τῶν

279 2757 590 2826 πατρῶνων
681 2757 922 2827 μάλιστα
982 2757 1091 2811 τῶν
1145 2759 1392 2830 ἀπόρων,
1463 2761 1871 2833 ἐπιζητούντων

278 2847 674 2919 ἀποτραφῆναι
703 2849 859 2921 παρὰ
891 2849 1002 2904 τῶν
1029 2851 1436 2924 ἀπελευθέρων.

341 2949 414 3009 γ’.
469 2940 533 2994 '0
581 2941 686 3012 τῆς
735 2942 947 3007 πόλεως
1004 2943 1263 3016 ἔπαρχος,
1318 2945 1416 2998 καὶ
1478 2945 1735 3018 ἐξορίζει,
1774 2950 1869 3003 καὶ

280 3034 611 3108 περιορίζει,
665 3034 761 3088 τοῦ
807 3035 1072 3106 βασιλέως
1120 3037 1221 3108 τὴν
1271 3041 1434 3110 νῆσον
1472 3038 1504 3110 ἢ
1559 3040 1746 3106 ἀπλῶς
1778 3043 1870 3097 τὸν

278 3127 436 3182 τόπον
475 3128 776 3199 ὁρίζοντος.

339 3221 401 3275 δ’.
451 3221 517 3274 ὐ
555 3223 657 3290 τῆς
701 3220 910 3285 πόλεως
967 3220 1230 3294 ἔπαρχος,
1261 3221 1418 3296 ζητεί
1455 3224 1548 3278 καὶ
1599 3224 1666 3280 τά
1725 3226 1879 3292 ἐντὸς

283 3313 477 3367 ἑκατὸν
514 3312 715 3383 μιλίων
745 3313 846 3385 τῆς
886 3314 1094 3379 πόλεως
1123 3315 1618 3387 πλημμελούμενα,
1669 3319 1729 3372 οὐ
1768 3319 1878 3391 μὴν

282 3406 342 3460 τὶι
370 3405 742 3478 πορρωτέρω.

347 3506 409 3554 ε’.
460 3501 623 3569 Παρά
653 3497 732 3570 τῷ
765 3499 866 3570 τῆς
901 3499 1110 3564 πόλεως
1140 3500 1369 3572 ἐπάρχῳ
1413 3501 1879 3572 παραπέμπονται

285 3594 376 3644 καὶ
430 3593 483 3646 οί
535 3591 727 3655 κακῶς
777 3590 1054 3663 γινόμενοι
1115 3592 1436 3666 κηδεμόνες,
1474 3593 1570 3647 καὶ
1629 3592 1877 3665 μείζονος

287 3683 694 3750 ὑπεξελεύσεως
721 3682 1040 3755 χρῄζοντες,
1072 3686 1168 3740 καὶ
1190 3687 1238 3740 οἱ
1269 3685 1566 3749 δεδωκότες
1589 3686 1876 3757 χρήματα,

297 3778 386 3828 ἐπὶ
441 3777 500 3830 τὸ
539 3779 909 3847 ἐπιτροπᾶσαι
944 3778 977 3848 ἢ
1010 3778 1272 3842 λαϐόντες
1328 3779 1409 3842 εἰς
1461 3777 1523 3831 τὸ
1565 3779 1875 3849 ἐμποδίσαι,

301 3868 542 3934 γενέσθαι
569 3869 918 3940 ἐπιτηδείους
951 3871 1046 3924 καὶ
1079 3871 1128 3923 οἱ
1162 3869 1420 3940 ἐπίτηδες
1464 3870 1706 3941 ὴττόνως
1735 3872 1877 3925 ἀπο-

292 3961 628 4034 γραψάμενοι
655 3963 725 4016 τὰ
748 3963 852 4018 τοῦ
882 3963 1005 4018 νέου
1032 3963 1360 4034 πράγματα,
1391 3962 1424 4034 ἢ
1451 3963 1704 4034 φανερῶς
1737 3964 1878 4019 κατά

283 4056 432 4111 δόλον
463 4058 889 4128 ἐκποιὴσαντες.

348 4154 428 4213 ς’.
475 4147 537 4200 '0
575 4151 676 4218 τῆς
758 4147 966 4211 πόλεως
1019 4147 1263 4218 ἔπαρχος
1318 4147 1594 4218 φροντίζει
1651 4147 1745 4202 τοῦ
1801 4148 1876 4219 μὴ

281 4240 592 4310 προστῆναι
619 4239 714 4292 ἐπὶ
761 4238 991 4311 πορνείᾳ
1026 4237 1285 4310 δημοσίᾳ,
1324 4238 1633 4308 ἀνδράποδα
1659 4237 1754 4292 καὶ
1779 4239 1876 4292 τοῦ

285 4333 500 4396 πιστῶς
562 4331 954 4386 συναλλάσσειν
1010 4333 1142 4397 τοὺς
1186 4331 1546 4403 τραπεζίτας,
1606 4331 1701 4387 καὶ
1771 4333 1878 4386 ἀπ-

278 4423 504 4493 έχεσθαι
535 4423 648 4476 τῶν
670 4421 1092 4493 κεκωλυμένων.

343 4515 412 4581 ζ’.
462 4514 526 4568 '0
558 4513 660 4584 τῆς
711 4513 920 4577 πόλεως
957 4512 1200 4584 ἔπαρχος
1230 4513 1556 4586 σωφρονίζει
1608 4515 1703 4569 καὶ
1748 4515 1876 4580 τοὺς

276 4607 687 4678 ἀπελευθέρους
722 4605 1299 4678 καταφρονοῦντας,ἢ
1360 4605 1689 4678 ὑϐρίζοντας
1745 4606 1876 4671 τοὺς

278 4697 600 4772 πατρὼνας,
632 4699 666 4770 ἢ
719 4697 822 4762 τὰς
883 4695 1153 4768 γαμετὰς,
1188 4697 1222 4769 ἢ
1254 4697 1391 4762 τοὺς
1433 4699 1633 4763 παῖδας
1668 4699 1872 4764 αὐτῶν,

276 4793 526 4846 ἀπειλῶν
556 4791 654 4845 καὶ⁵
695 4791 995 4861 μαστίζων,
1023 4789 1056 4861 ἢ
1093 4790 1272 4855 ἄλλως
1305 4790 1442 4862 πρὸς
1463 4791 1526 4845 τὸ
1565 4791 1876 4863 ἁμάρτημα

277 4884 542 4951 ἐπεξιὼν’
581 4884 632 4936 εί
682 4884 739 4936 δὲ
786 4884 1276 4954 συκοφαντήσωσιν
1325 4883 1549 4951 αὐτοὺς,
1578 4883 1612 4954 ἢ
1646 4886 1759 4947 τοῖς
1780 4886 1873 4956 ἐχ-

162 5023 172 5040 ,
279 4979 432 5048 θροῖς
463 4976 650 5031 αὐτῶν
681 4975 1093 5046 συμπνεύσωσι,
1130 4976 1464 5047 τυπτόμενοι
1492 4975 1587 5030 καὶ
1613 4977 1874 5048 κουρευό-

283 5090 437 5139 μενοι
495 5070 594 5125 καὶ
636 5068 1108 5141 ἀναδουλούμενοι,
1155 5069 1496 5125 ἀποδίδονται
1543 5072 1658 5134 τοῖς
1708 5087 1872 5124 συκοσ

281 5165 630 5236 φαντηθεῖσι.

349 5252 421 5322 η’.
467 5252 531 5305 '0
581 5252 683 5321 τῆς
735 5251 945 5317 πόλεως
991 5253 1252 5325 ἔπαρχος,
1318 5252 1594 5324 φροντίζει
1645 5256 1741 5308 καὶ
1775 5254 1870 5308 τοῦ

281 5342 518 5420 δικαίοις
550 5345 832 5414 τιμήμασι
863 5344 924 5398 τὺ
955 5345 1125 5415 κρέας
1153 5344 1565 5416 πιπράσκεσθαι
1590 5359 1606 5377 °
1653 5346 1746 5400 καὶ
1771 5346 1872 5417 τῆς

282 5441 507 5509 εἰρήνης
561 5441 660 5493 καὶ
712 5442 814 5510 τῆς
875 5441 986 5495 τῶν
1031 5441 1285 5522 θεωριῶν
1333 5441 1726 5505 καταστάσεως
1776 5444 1871 5496 καὶ

282 5531 396 5601 ἔχει
420 5534 763 5603 στρατιώτας
787 5535 882 5588 ἐπὶ
903 5537 971 5604 τῇ
1004 5535 1220 5606 εἰρήνῃ,
1239 5533 1334 5588 καὶ
1358 5535 1454 5588 ἐπὶ
1479 5535 1540 5589 τὸ
1569 5535 1869 5607 ἀναφέρειν

285 5624 456 5694 αὐτῷ,
486 5627 553 5680 τὰ
587 5626 868 5698 πανταχοῦ
900 5627 1216 5698 κινούμενα.

360 5799 429 5854 θ’.
476 5799 532 5855 Ὀ
573 5802 668 5869 τῆς
701 5804 905 5868 πόλεως
943 5802 1181 5871 ἔπαρχος
1229 5803 1453 5858 δύναται
1499 5802 1866 5873 ἀπαγορεύειν

1980 563 2111 603 vero
2145 549 2268 604 licet
2312 551 2476 603 etiam
2520 551 2573 604 in
2627 552 2856 607 aliarum
2910 554 3118 608 sedium
3152 555 3464 624 territoriis,
3504 561 3556 612 in

1979 643 2177 712 quibus
2224 645 2342 698 haec
2375 647 2733 716 praerogativa
2764 662 2875 702 non
2915 655 3020 715 est,
3052 651 3300 704 crucium
3335 651 3565 709 ﬁxioncs

1980 734 2034 788 in
2064 733 2275 804 templis
2304 735 2603 790 concedere
2634 755 2646 790 :
2684 751 2858 806 neque
2886 737 2986 792 hoc
3011 740 3210 804 solum,
3244 741 3337 795 sed
3361 751 3416 795 et
3441 757 3566 796 con-

1977 830 2272 886 troversias
2324 831 2378 886 in
2416 830 2539 886 aliis
2583 831 2801 887 sedibus
2831 839 3049 887 exortae
3078 832 3333 890 dirimere
3386 848 3451 888 ac
3480 835 3564 889 di-

1972 921 2219 994 judicare
2249 933 2448 993 potest.

2047 1191 2134 1245 ll.
2161 1188 2246 1267 ¹Δί]
2278 1189 2649 1260 patriarcbam
2690 1199 2902 1262 spectat
2930 1205 3063 1248 cura
3090 1191 3333 1246 omnium
3378 1205 3561 1246 rerum

1977 1282 2044 1337 ad
2080 1282 2276 1337 animae
2317 1284 2545 1339 salutem
2597 1283 3010 1353 pertinentium,
3073 1284 3404 1340 transfertur
3433 1299 3563 1338 vero
3671 1339 3678 1345 ,

1976 1381 2032 1429 et
2081 1375 2148 1428 ad
2198 1374 2332 1430 alios
2381 1375 2576 1445 quibus
2633 1377 2748 1447 ipse
2801 1377 3187 1432 mandaverit:
3223 1375 3477 1432 similiter
3507 1387 3565 1432 et

1975 1467 2332 1536 pmnitentite,
2354 1476 2408 1523 et
2428 1469 2802 1524 conversionis
2824 1485 2854 1524 a
2888 1469 3128 1540 peccatis
3157 1477 3212 1524 et
3239 1468 3559 1524 ltaeresibus.

1978 1555 2099 1626 Ipse
2127 1568 2305 1612 autem
2353 1562 2502 1613 solus
2537 1559 2886 1614 constituitur
2928 1559 3261 1626 disceptator
3289 1565 3344 1612 et
3372 1556 3560 1626 judex,
3659 1594 3662 1596 η

1981 1661 2092 1704 tum
2122 1659 2178 1706 et
2208 1652 2242 1705 ii
2279 1651 2476 1721 quibus
2521 1650 2641 1721 ipse
2678 1652 3060 1706 mandaverit:
3098 1651 3192 1707 sed
3223 1659 3276 1704 et
3311 1665 3408 1720 per
3443 1662 3562 1703 me-

1981 1740 2216 1808 tropoles
2259 1750 2313 1794 et
2367 1740 2732 1811 episcOpalus,
2780 1740 3142 1811 metropolitis
3195 1749 3250 1795 et
3293 1738 3564 1810 episcopis

1901 1803 1950 1865 Β
1979 1803 2172 1886 eadem
2204 1803 2448 1900 potestas
2479 1841 2530 1890 et
2554 1803 2918 1903 praerogativa
2949 1803 3233 1887 servatan

2555 2012 2884 2070 TITULUS
2901 2012 2967 2068 IV

2405 2101 2483 2157 De
2506 2104 2672 2172 ofﬁcio
2708 2103 2944 2173 prwfecti
2970 2103 3136 2158 urbis.

2052 2198 2102 2251 l‘.
2135 2195 2218 2268 (L.
2248 2212 2283 2259 ι,
2314 2197 2368 2250 in
2397 2213 2479 2264 pr.
2520 2197 2582 2266 ff.
2619 2197 2699 2252 De
2729 2199 3112 2268 o/ﬁc.pmfect.
3147 2196 3289 2270 urb.)
3329 2195 3563 2252 Prtefec.

1980 2297 2066 2344 tus
2101 2288 2219 2342 urbi
2251 2289 2434 2344 omnia
2462 2288 2684 2345 omnino
2707 2289 2939 2344 crimina
2981 2289 3232 2358 inquirit,
3259 2297 3314 2344 et
3347 2289 3413 2344 de
3442 2303 3565 2344 om-

1980 2382 2138 2437 nibus
2167 2395 2288 2451 qua‘.
2311 2383 2453 2438 intra
2486 2383 2676 2438 urbem
2712 2383 3097 2448 admittuntur,
3148 2384 3460 2452 cognoscit.

2050 2473 2105 2526 2.
2133 2472 2432 2530 Praefectus
2461 2474 2604 2541 urbi,
2640 2489 2849 2540 servos,
2880 2477 2972 2546 qui
3005 2475 3073 2531 ad
3121 2486 3336 2532 statuas
3366 2476 3563 2531 conlus-

1980 2566 2184 2637 gerint,
2232 2567 2432 2638 quique
2458 2582 2516 2622 se
2548 2582 2644 2623 sua
2691 2568 3175 2638 pecunia-emptos
3224 2568 3462 2623 dixerint
3503 2579 3562 2624 ut

1982 2658 2459 2726 manumittantur,
2515 2659 2722 2725 audiet,
2767 2657 2868 2715 sed
2905 2666 2962 2716 et
3012 2668 3292 2730 patronos,
3323 2659 3564 2716 maxime

1979 2749 2026 2806 si
2062 2759 2285 2820 egentes
2307 2750 2436 2820 sint,
2467 2749 2882 2822 desiderentque
2911 2763 2942 2806 a
2972 2749 3306 2808 libertisali.

2048 2942 2102 2996 5.
2135 2941 2222 3013 (L.
2252 2940 2402 3011 ead.)
2431 2939 2730 2998 Praefectus
2767 2940 2887 2997 urbi
2909 2948 2965 2998 et
2988 2939 3265 3011 relegandi
3290 2946 3346 2996 et
3369 2939 3565 3011 depor-

1980 3035 2126 3090 tandi
2161 3035 2215 3090 in
2261 3033 2495 3090 insulam
2535 3035 2622 3092 vel
2665 3037 2916 3106 quemvis
2963 3035 3166 3104 locum,
3192 3049 3355 3107 quem
3394 3035 3564 3105 impe-

1902 3143 1948 3206 ρ
1981 3133 2133 3182 rator
2160 3126 2475 3197 assignavit,
2511 3125 2785 3206 licentiam
2813 3124 2994 3182 liabet.

2053 3223 2108 3277 4.
2153 3221 2239 3294 (L.
2278 3225 2398 3278 ead.
2446 3221 2474 3294 §
2525 3205 2603 3293 ἦ.)
2651 3223 2946 3279 Praefectus
2994 3221 3116 3278 urbi
3167 3222 3447 3292 cognoscit
3496 3222 3565 3278 de

1979 3313 2237 3369 omnibus
2256 3329 2377 3384 qua:
2401 3314 2541 3370 intra
2575 3315 2936 3370 centesimum
2991 3314 3283 3370 miliarium
3323 3313 3561 3371 admissa

1979 3415 2128 3474 sunt,
2164 3421 2269 3462 non
2296 3405 2364 3461 de
2393 3405 2458 3462 iis
2480 3420 2602 3476 qua:
2628 3405 2896 3463 ulterius.

2049 3501 2103 3557 ὅ.
2138 3499 2189 3572 (§
2211 3499 2292 3570 2.)
2318 3497 2398 3554 Ad
2429 3497 2741 3568 praefectum
2773 3499 2923 3555 urbis
2955 3499 3119 3555 etiam
3147 3500 3350 3555 remitti
3384 3499 3564 3556 solent

1979 3590 2018 3646 ii
2075 3589 2168 3659 qui
2216 3589 2371 3644 male.
2411 3588 2634 3643 tutelam
2685 3587 3158 3654 administrarunt,
3209 3599 3264 3643 et
3313 3590 3564 3656 graviore

1980 3679 2456 3737 animadversione
2522 3679 2792 3748 indigent;
2863 3679 3064 3750 quique
3125 3687 3351 3736 tutelam
3416 3679 3563 3736 datis

1979 3772 2219 3830 nummis
2250 3781 2606 3842 occuparunt,
2636 3780 2728 3826 aut
2751 3773 2992 3843 acceptis
3013 3786 3236 3842 operam
3269 3771 3561 3838 dederunt,

1979 3873 2040 3918 ut
2067 3877 2177 3919 non
2203 3864 2430 3918 idoneus
2455 3871 2608 3919 tutor
2632 3863 2794 3916 alicui
2816 3863 3060 3928 daretur,
3083 3861 3286 3932 quique
3311 3850 3563 3918 conet‘tlto

1981 3953 2128 4007 circa
2175 3951 2444 4007 edendum
2489 3950 2882 4020 patrimonium
2927 3950 3288 4019 quantitatem
3343 3952 3564 4006 minue—

1979 4056 2126 4114 runt,
2156 4047 2241 4102 vel
2275 4045 2513 4100 evidenti
2542 4044 2736 4100 fraude
2763 4044 2951 4115 pupilli
2980 4046 3119 4101 bona
3152 4045 3486 4102 alienarunt.

2053 4138 2106 4194 6.
2149 4137 2203 4210 (§
2228 4137 2308 4208 5.)
2344 4137 2640 4193 Praefectus
2669 4136 2791 4193 urbi
2843 4151 3042 4194 curare
3077 4135 3236 4194 debet
3269 4147 3328 4194 ut
3357 4139 3567 4196 manci-

1980 4234 2068 4304 pia
2095 4241 2312 4289 tueatur
2336 4244 2404 4286 ne
2443 4231 2865 4302 prostituantur,
2902 4238 3168 4302 praeterea
3209 4241 3266 4287 ut
3297 4247 3567 4288 nnmmu~

1981 4323 2103 4378 larii
2134 4322 2304 4394 probe
2330 4336 2391 4376 se
2431 4329 2624 4390 gerant
2665 4321 2814 4378 circa
2864 4335 3026 4377 omne
3069 4321 3346 4392 negotium
3378 4337 3561 4391 suum,

1981 4425 2036 4472 et
2061 4422 2369 4483 temperent
2392 4413 2461 4468 ab
2487 4413 2573 4468 bis
2606 4427 2730 4482 quae
2765 4415 2896 4468 sunt
2917 4412 3209 4482 prohibita.

1905 4501 1952 4557 D
2017 4506 2107 4578 ΙιΙ7.
2144 4505 2198 4578 (ς
2227 4505 2307 4576 4.)
2341 4504 2641 4561 Praefectus
2683 4503 2806 4561 urbi
2838 4505 3108 4577 castigare
3136 4505 3277 4561 solet
3300 4504 3464 4562 etiam
3493 4506 3559 4561 lt-

1978 4603 2182 4668 bertos,
2216 4606 2630 4656 contemnentes
2661 4608 2756 4654 aut
2779 4596 3108 4653 contumelia
3136 4597 3437 4663 allicientes
3462 4613 3560 4668 pa-

1977 4702 2164 4750 tronos
2203 4693 2288 4748 vel
2326 4705 2526 4748 uxores
2570 4691 2770 4747 liberos
2817 4705 2884 4746 ve
2915 4704 3130 4757 eorum,
3171 4693 3561 4747 comminando

1977 4783 2187 4840 scilicet
2213 4789 2310 4837 aut
2332 4779 2558 4852 ﬂagellis
2579 4780 2856 4846 caedendo,
2881 4788 2975 4834 aut
2996 4780 3155 4836 aliter
3175 4796 3272 4850 pro
3296 4781 3558 4852 qualitate

1977 4877 2155 4933 delicti
2185 4890 2308 4930 eum
2357 4873 2660 4944 puniendo;
2693 4873 2738 4928 si
2781 4887 2911 4929 vero
2939 4882 2994 4927 et
3037 4873 3334 4928 detulerint
3386 4875 3556 4944 ipsos,

1976 4969 2061 5026 vel
2105 4983 2228 5025 cum
2281 4965 2518 5022 inimicis
2564 4981 2754 5021 eorum
2804 4965 3260 5035 conspiraverint,
3321 4965 3559 5022 fustibus

1975 5055 2227 5126 castigati
2275 5063 2332 5111 et
2372 5063 2616 5120 tonsura,
2656 5053 2821 5122 inque
2849 5054 3172 5110 servitutem
3223 5054 3558 5111 iterum-re-

1974 5148 2144 5211 dacti,
2180 5146 2451 5203 deduntur
2475 5145 2544 5201 iis
2569 5160 2710 5215 quos
2736 5144 3072 5202 detulerunt.

2043 5241 2096 5296 8.
2127 5240 2189 5313 (ἓ
2212 5241 2248 5297 5
2272 5249 2328 5296 et
2355 5239 2436 5310 6.)
2465 5238 2763 5296 Praefectus
2803 5241 2923 5296 urbi
2985 5256 3182 5297 curare
3216 5243 3380 5308 solet,
3415 5251 3473 5299 ut
3502 5253 3557 5298 et

1971 5349 2104 5392 caro
2131 5336 2312 5389 omnis
2339 5332 2489 5403 justo
2521 5333 2698 5403 pretio
2739 5333 3024 5388 vendatur.
3065 5333 3160 5388 sed
3187 5345 3242 5388 et
3275 5335 3431 5403 quies
3454 5351 3553 5406 po-
3601 5407 3606 5412 ε

1971 5426 2242 5498 pularium
2272 5434 2327 5480 et
2353 5424 2638 5493 disciplina
2665 5425 3093 5494 spectaculorum
3121 5423 3190 5478 ad
3221 5425 3393 5495 ipsum
3421 5441 3549 5496 per-

1972 5522 2153 5576 tinet:
2185 5528 2238 5574 et
2268 5518 2470 5574 habere
2498 5516 2660 5572 debet
2699 5516 2992 5584 dispositos
3036 5515 3234 5570 milites
3274 5518 3342 5571 ad
3389 5517 3552 5574 tuen-

1972 5615 2095 5669 dam
2133 5611 2393 5682 quietem,
2425 5618 2480 5666 et
2524 5608 2592 5664 ad
2640 5606 3005 5664 referendum
3033 5607 3137 5662 sibi
3187 5610 3315 5678 quid
3349 5609 3550 5681 ubique

1971 5714 2204 5777 agatur;

1971 5869 1974 5872 ἢ
2046 5801 2096 5854 9.
2132 5799 2178 5869 λδ
2209 5797 2284 5868 7.)
2319 5795 2612 5852 Praefectus
2639 5792 2756 5850 urbi
2805 5798 2982 5865 potest
3014 5790 3173 5849 alicui
3207 5794 3336 5850 urbe
3374 5794 3548 5851 inter-
