4050 6430
381 329 412 361 τ
459 307 564 368 467

1509 310 2022 372 CONSTANTINI
2066 312 2748 377 PORPHYROGENITI

3649 323 3759 388 468

459 423 665 484 dicere.
710 427 764 474 et
808 425 964 490 parte
1008 417 1188 489 aliqua
1243 416 1414 484 urbis,
1471 429 1527 476 et
1573 420 1953 491 negociatione
1998 432 2046 476 ct

2160 425 2264 478 τινί
2316 425 2416 496 τῆς
2472 426 2708 492 πόλεως,
2750 426 2846 480 καὶ
2877 426 3078 500 μέρους
3124 426 3298 498 αὐτῆς
3351 429 3445 482 καὶ
3495 447 3760 503 πραγμα·

461 512 814 583 spectaculis,
848 521 904 567 et
951 512 1420 587 advocationibus,
1469 521 1522 567 ct
1561 512 1700 578 foro,
1732 523 1786 568 ct
1823 514 1889 568 ad
1919 525 2053 568 tem-

458 621 558 675 pus
606 613 664 659 et
707 604 761 658 in
811 613 1163 673 perpetuum;
1213 613 1268 659 et
1318 604 1362 659 si
1418 605 1541 673 quis
1602 619 1760 674 quem
1810 606 2049 675 releget,

467 695 749 749 continere
778 694 951 763 ipsum
973 693 1154 758 debet,
1178 703 1230 747 et
1252 693 1574 750 submovere
1600 695 1764 749 etiam
1787 710 1814 748 a
1842 698 2052 765 provin-

460 803 544 842 (la
579 801 697 843 sua.

466 872 468 874 ’
531 876 620 950 10.
662 875 745 946 (L.
799 877 879 946 x.)
915 877 1068 946 Apud
1115 876 1430 946 praefectum
1481 860 1631 934 urbis
1681 879 1735 934 in
1783 881 2049 950 pecunia-

460 969 561 1024 riis
590 949 771 1024 causis
793 977 847 1024 et
877 970 1175 1039 argentarii
1222 970 1574 1038 conveniunt,
1608 971 1691 1026 vel
1715 973 2048 1029 conveniun-

459 1071 567 1115 tur.
1505 1070 1509 1072 ’

527 1152 616 1205 ll.
643 1149 730 1222 (L.
760 1152 869 1221 ut.)
896 1151 1196 1208 Praefectus
1221 1153 1340 1209 urbi
1369 1154 1420 1209 in
1445 1155 1582 1210 urbe
1602 1153 1777 1224 major
1797 1155 2050 1210 omnibus

455 1253 539 1299 cst
573 1255 694 1315 post
721 1245 1062 1316 principem;
1090 1261 1347 1318 egressus
1370 1258 1551 1303 autem
1581 1248 1842 1304 terminos
1878 1249 2048 1314 urbis,

457 1338 600 1406 quod
628 1338 694 1392 ad
719 1337 1098 1408 praefecturam
1131 1341 1347 1406 attinet,
1374 1350 1698 1411 potestatem
1727 1356 1835 1396 non
1864 1341 2046 1406 habet,

458 1430 561 1485 nisi
586 1431 734 1502 quod
761 1432 935 1503 possit
957 1433 1152 1505 jubere
1179 1435 1445 1490 indicare.

997 1589 1384 1648 TITULUS
1445 1589 1509 1644 V.

1058 1709 1137 1765 De
1169 1721 1450 1782 quwstore.

529 1825 582 1879 l.
616 1824 868 1892 Quaestor
909 1831 1238 1895 potestatem
1275 1823 1442 1880 habet
1479 1824 1531 1880 in
1576 1838 1696 1889 eos,
1732 1824 1824 1896 qui
1858 1825 1912 1880 in
1945 1823 2050 1880 bac

2157 517 2307 580 τείας
2359 517 2454 570 καὶ
2491 516 2641 585 Θέας,
2679 518 2776 573 καὶ
2819 517 3247 591 ἐπιτηδεύσεως,
3279 520 3372 573 καὶ
3426 525 3754 594 συνηγορίας

2157 609 2349 678 φόρου,
2409 611 2502 664 καὶ
2572 612 2951 684 προσκαίρως,
3007 610 3102 664 καὶ
3155 611 3446 682 διηνεκῶς,
3498 614 3594 668 καὶ
3659 617 3756 668 ἐὰν

2158 700 2379 773 ὲξορίσῃ
2417 701 2499 766 τίς
2532 719 2678 768 τινα,
2737 703 2947 774 εἴργειν
3002 702 3170 757 αὐτὸν
3220 703 3451 773 ὀφείλει,
3504 706 3600 760 καὶ
3655 708 3757 778 τῆς

2159 793 2298 856 ἰδίας
2325 795 2586 864 πατρίδος
2614 794 2689 866 μὴ
2717 796 2960 867 ἐξιστᾷν.

2231 885 2282 941 ι’.
2322 887 2485 958 Παρὰ
2516 887 2595 958 τῷ
2625 889 2855 960 ἐπάρχῳ
2886 891 3008 960 [τῆς
3055 889 3289 954 πόλεως,
3318 891 3368 944 οἱ
3395 891 3758 962 ἀργυροπρά·

2155 996 2268 1046 ται,
2307 978 2402 1033 καὶ
2423 981 2786 1050 χρηματικῶς
2819 981 3082 1050 ἐνάγουσι
3114 981 3212 1036 καὶ⁵
3243 981 3560 1051 ἐνὰγονται.

2227 1155 2316 1211 ια’.
2354 1155 2413 1210 Ὀ
2455 1157 2556 1228 τῆς
2601 1157 2812 1222 πόλεως
2867 1159 3110 1231 ἔπαρχος
3153 1159 3214 1213 ἐν
3254 1161 3323 1230 τῇ
3361 1158 3515 1212 πόλει
3552 1159 3761 1228 μείζων

2155 1251 2377 1304 πάντων
2427 1251 2547 1305 ἐστὶ
2599 1253 2741 1322 μετὰ
2778 1254 2870 1308 τὸν
2931 1254 3180 1325 βασιλέα,
3226 1254 3460 1322 ἐξελθὼν
3515 1254 3574 1308 δὲ
3627 1255 3758 1318 τοὺς

2152 1343 2316 1414 ὅρους
2349 1345 2448 1414 τῆς
2483 1344 2715 1411 πόλεως,
2741 1345 2866 1399 ὅσον
2906 1363 2970 1415 γε
3001 1347 3096 1400 ἐπὶ
3129 1349 3195 1418 τῇ
3227 1347 3570 1417 ἐπαρχότητι
3591 1346 3752 1411 ἐξου-

2155 1435 2280 1489 σίαν
2311 1435 2412 1489 οὐκ
2443 1436 2580 1506 ἔχει,
2622 1436 2772 1508 πλὴν
2799 1437 2895 1491 τοῦ
2936 1436 3186 1494 κελεύειν
3225 1438 3320 1492 καὶ
3354 1437 3625 1502 δικάζειν.

2761 1590 3009 1644 ΤῙΤΛΟΣ
3047 1591 3124 1646 E'.

2579 1701 2720 1772 Περὶ
2755 1702 2862 1758 τοῦ
2902 1705 3312 1772 κοιαίστωρος.

2227 1816 2295 1874 α’.
2352 1819 2410 1873 ’0
2443 1816 2744 1889 κοιαίστωρ
2779 1816 3030 1883 ἐξουσίαν
3070 1818 3187 1889 ἔχει
3234 1820 3363 1882 τοὺς
3397 1819 3492 1872 ἐπὶ
3521 1820 3620 1889 τῆς
3653 1836 3754 1890 με-

463 1933 658 1988 magna
689 1919 827 1973 urbe
864 1927 1179 1984 versantur,
1221 1931 1288 1972 ex
1332 1932 1656 1988 quacunque
1688 1920 1928 1990 regione,
1958 1926 2046 1972 aut

2160 1914 2326 1983 γάλης
2359 1910 2568 1982 ταύτης
2603 1909 3010 1981 ἐπιδημοῦντας
3052 1911 3265 1974 πόλεως
3296 1911 3354 1977 ἐξ
3407 1910 3528 1974 οἵας
3550 1911 3739 1980 δηποτ-

457 2009 829 2079 cujuscunque
875 2023 1040 2065 sexus
1078 2009 1211 2076 sint,
1247 2008 1363 2064 sive
1385 2009 1569 2065 clerici
1621 2009 1737 2066 sive
1770 2008 2044 2076 monachi,

456 2101 575 2154 sive
608 2100 877 2167 ascetriae,
921 2099 1042 2156 sive
1086 2115 1152 2155 ex
1195 2099 1319 2154 aliis
1362 2099 1587 2154 urbibus
1620 2114 1902 2164 convenae,
1955 2107 2049 2153 aut

456 2193 836 2262 cujuscunque
857 2192 1092 2262 denique
1119 2191 1352 2248 fortunae
1377 2200 1472 2246 aut
1497 2191 1780 2263 dignitatis
1804 2190 2002 2246 fuerint
2029 2205 2042 2242 :

458 2285 737 2354 mquirere
783 2284 928 2339 enim
970 2285 1132 2340 debet
1183 2285 1418 2350 curiose,
1471 2288 1714 2355 quinam,
1752 2283 1920 2347 unde,
1953 2291 2049 2338 aut

459 2391 562 2442 quo
583 2383 846 2445 praetextu
869 2375 1150 2442 venerint;
1180 2384 1234 2431 et
1260 2376 1681 2446 circumspicere
1717 2377 1763 2431 si
1780 2375 1887 2445 'qui
1914 2375 2048 2445 ipsis

459 2468 711 2538 :..ijuriam
744 2467 987 2534 faciant;
1023 2475 1136 2522 tum
1167 2467 1331 2522 etiam
1357 2467 1645 2536 providere
1673 2477 1919 2539 utquam
1955 2481 2048 2522 ce-

459 2562 675 2616 .crrime
725 2562 984 2631 expediat
1021 2561 1142 2617 illos
1185 2561 1616 2628 diﬂicultatibus,
1661 2573 1883 2631 propter
1913 2574 2047 2630 quas

457 2657 544 2710 uic
573 2662 1008 2721 commorantur,
1041 2663 1101 2708 ut
1137 2655 1310 2724 primo
1337 2668 1556 2724 quoque
1589 2663 1831 2724 tempore
1859 2653 2047 2708 remit-

457 2757 646 2799 tantur
673 2759 740 2801 eo
771 2747 917 2802 unde
947 2753 1238 2812 venerunt,
1269 2745 1514 2802 fruentes
1537 2745 1605 2802 iis
1631 2760 1752 2815 qua:
1793 2745 1923 2814 ipsis
1953 2744 2046 2801 dc-

453 2839 668 2894 bentur.

523 2930 580 2983 2.
610 2929 860 2995 Quaestor
893 2930 1171 2998 agricolas
1201 2929 1514 3000 vectigales.
1537 2929 1628 3000 qui
1664 2929 1914 2986 dominos
1946 2931 2044 2986 ba-

459 3019 588 3076 bcnt
629 3027 686 3074 et
716 3019 783 3073 ab
810 3019 878 3073 iis
917 3018 1233 3074 desiderant
1271 3019 1373 3075 sibi
1403 3019 1584 3074 debita
1623 3021 1904 3084 exhibent,
1953 3036 2046 3077 eos

459 3112 547 3166 ubi
585 3111 639 3166 in
670 3113 809 3167 hanc
846 3112 1059 3182 regiam
1093 3112 1284 3167 urbem
1309 3111 1562 3168 venerint
1589 3113 1730 3168 tueri
1762 3121 1960 3183 potest,
1989 3127 2044 3169 et

2160 3108 2408 3178 πκόντων,
2461 3106 2686 3170 τούτους

458 3200 712 3257 dominos
755 3209 956 3273 cogere
995 3210 1058 3257 ut
1084 3217 1247 3271 quam
1289 3202 1524 3271 primum
1557 3202 1691 3272 ipsis
1739 3203 1951 3259 solvant
1979 3219 2042 3260 ea

457 3302 681 3363 propter
709 3309 832 3365 quae
876 3303 1168 3360 venerunt,
1209 3304 1268 3348 ut
1323 3294 1414 3350 ubi
1457 3296 1544 3362 jus
1573 3311 1731 3351 suum
1763 3296 2043 3352 consecuti

460 3384 684 3450 fuerint,
725 3384 1073 3440 remittantur
1111 3401 1123 3437 :
1158 3385 1203 3441 si
1239 3400 1368 3441 vero
1401 3387 1453 3440 in
1484 3385 1632 3442 litem
1655 3403 1778 3442 cum
1810 3389 2044 3444 dominis

459 3475 777 3542 inciderint,
816 3475 1032 3545 ipsique
1085 3477 1516 3533 controversiam
1553 3489 1826 3544 moveant,
1872 3480 2046 3551 siqui-

461 3570 584 3622 dem
615 3567 768 3622 multi
791 3569 1022 3634 fuerint,
1049 3569 1336 3625 confestim
1365 3585 1461 3626 eos
1489 3570 1556 3627 ad
1603 3587 1764 3642 agros
1802 3587 1930 3628 suos
1959 3587 2045 3629 re-

459 3660 680 3716 mittere
711 3662 898 3726 debet,
945 3647 1159 3718 duobus
1209 3672 1304 3718 aut
1337 3662 1512 3719 tribus
1539 3665 1743 3721 relictis
1773 3667 1866 3734 qui
1894 3681 2046 3722 com-

459 3765 678 3808 munem
709 3751 857 3808 litem
890 3753 991 3809 soli
1031 3763 1453 3824 persequantur.
1505 3756 1611 3813 Sed
1662 3767 1716 3812 et
1745 3757 1815 3811 ita
1849 3773 2044 3813 curare

457 3839 673 3894 debebit
693 3849 933 3908 quaestor
962 3849 1021 3896 ιιι
1043 3842 1217 3911 primo
1246 3858 1461 3912 quoque
1492 3853 1736 3915 tempore
1770 3847 1897 3902 finis
1937 3847 2043 3902 im-

459 3937 716 3998 ponatur,
746 3932 1021 4002 praecipue
1049 3947 1173 3988 cum
1205 3935 1460 4004 agricolae
1487 3937 1619 4002 sint,
1651 3951 1884 4007 quorum
1914 3954 2046 4008 prae-

459 4021 638 4078 sentia
669 4022 720 4076 in
749 4022 853 4078 hac
882 4022 1020 4078 urbe
1047 4038 1406 4094 supervacua,
1434 4037 1490 4082 et
1515 4029 1684 4083 otium
1713 4029 1780 4083 ab
1809 4029 2045 4100 agricul-

462 4122 584 4167 tura
619 4123 673 4169 et
699 4115 828 4184 ipsis
856 4125 912 4171 et
945 4117 1179 4173 dominis
1210 4119 1451 4188 ipsorum
1483 4121 1811 4178 detrimento
1842 4135 1946 4182 est.

528 4389 582 4443 ’5.
617 4388 870 4455 Quaestor
920 4389 1265 4459 peregrinam
1309 4390 1710 4448 multitudinem
1759 4408 1879 4464 quae
1921 4397 2044 4460 qui-

2150 2006 2246 2060 οὖν
2289 2004 2474 2076 χώρας
2499 2003 2597 2074 ἤτε
2638 2001 2862 2072 ἄνδρας,
2897 2003 2931 2075 ἢ
2963 2003 3253 2070 γυναῖκας,
3279 2003 3313 2071 ἢ
3347 2001 3667 2072 κληρικοὺς,
3705 2001 3742 2072 ἢ

2153 2097 2449 2169 μοναχοὺς,
2498 2095 2531 2165 ἦ
2580 2094 2890 2166 ἀσκητρίας
2949 2092 3050 2165 [αι.
3113 2093 3414 2165 damnate],
3474 2095 3588 2147 εἴτε
3638 2094 3752 2146 τῶν

2150 2190 2472 2256 ὲξωπόλεων
2516 2187 2874 2258 συνηγόρους,
2902 2186 2936 2254 ἦ
2961 2185 3058 2240 καὶ
3093 2185 3262 2257 ἄλλης
3307 2184 3528 2241 οἰασοῦν
3575 2186 3756 2256 τύχης

2149 2299 2208 2335 τε
2250 2280 2346 2335 καὶ
2377 2279 2557 2347 ἀξίας,
2591 2279 2687 2334 καὶ
2712 2276 3182 2349 περιεργάζεσθαι
3225 2275 3373 2342 τίνες
3403 2296 3464 2332 τε
3495 2277 3607 2332 εἶεν
3654 2279 3755 2332 καὶ

2149 2372 2318 2426 πόθεν
2361 2373 2552 2443 ἥκοιεν
2597 2370 2696 2424 καὶ
2739 2371 2832 2423 ἐπὶ
2873 2369 3005 2440 ποία
3038 2370 3340 2441 προφάσει,
3392 2372 3488 2424 καὶ
3521 2373 3755 2425 σκοπεῖν

2149 2465 2296 2527 τίνες
2323 2463 2524 2526 αὐτοὺς
2553 2460 2829 2525 ἀδικοῦσι,
2865 2461 2960 2514 και⁹
3004 2460 3392 2532 ἐπιμελεῖσθαι
3438 2461 3532 2516 τοῦ
3567 2464 3752 2516 συντό-

2150 2573 2268 2627 μως
2298 2555 2496 2617 αὐτοὺς
2528 2553 2894 2608 ἀπαλλάττειν
2925 2551 3035 2605 τῶν
3061 2551 3340 2606 δυσκόλων
3379 2553 3446 2606 δι’
3487 2554 3632 2623 ἅπερ
3660 2554 3752 2606 ὲν-

2148 2647 2340 2703 ταυθοί
2379 2647 2816 2717 παραγεγόνασι,
2852 2645 2950 2698 καὶ
2975 2644 3058 2697 δτι
3102 2644 3340 2716 τάχιστα
3371 2644 3586 2708 τούτοις
3622 2645 3750 2700 ὅθεν

2148 2739 2379 2810 ἥκουσιν
2434 2737 2767 2809 ἐκπέμπειν,
2802 2735 2916 2792 τῶν
2957 2737 3352 2808 προσηκόντων
3398 2737 3749 2793 ἀπολαύσαν-

2147 2848 2258 2894 τες.

2223 2921 2288 2992 β’.
2343 2922 2402 2977 ’0
2437 2923 2756 2994 κοιαίστωρ,
2801 2922 2930 2987 τοὺς
2987 2921 3278 2987 τελοῦντας
3309 2921 3598 2992 γεωργοὺς
3641 2921 3749 2975 ὑπὸ

2147 3015 2543 3081 δεσπότας,καὶ
2572 3015 2859 3086 δεομένους
2883 3015 2993 3068 τῶν
3030 3015 3214 3078 αὐτοῖς
3251 3013 3312 3080 ἐξ
3344 3013 3528 3068 αὐτῶν
3557 3029 3749 3084 προσ-

2790 3109 2870 3170 είς
2907 3105 3114 3177 ταύτην
3156 3105 3608 3178 παραγεγονότας
3639 3104 3745 3175 τὴν

2150 3191 2612 3270 βασιλίδαπὸλιν,
2647 3199 2973 3252 ἐπισκοπεῖν
2998 3199 3249 3266 δύναται,
3280 3197 3377 3251 καὶ
3404 3196 3746 3266 ἀναγκάζειν

2147 3289 2274 3356 τοὺς
2312 3289 2710 3362 κεκτημένους,
2762 3289 2960 3344 Θᾶττον
3007 3292 3196 3352 αὐτοῖς
3226 3289 3525 3346 ἀποδοῦναι
3558 3289 3628 3343 τὰ
3659 3291 3750 3360 ἐφ’

2147 3377 2227 3444 οἷς
2277 3381 2559 3451 ἀφίκοντο,
2614 3381 2712 3434 καὶ
2760 3381 3072 3452 ἐκπέμπειν
3105 3381 3308 3436 αὐτίκα
3341 3382 3606 3452 τυχόντας
3632 3381 3748 3434 τῶν

2147 3472 2374 3527 δικαίων
2395 3490 2408 3504 ’
2442 3475 2491 3527 εί
2523 3473 2601 3540 δέ,
2628 3473 2704 3537 ὡς
2738 3473 2906 3539 εἰκὸς,
2941 3475 3024 3536 εἰς
3049 3474 3366 3528 ἐναντίωσιν
3397 3473 3508 3528 τῶν
3536 3491 3748 3543 κεκτη-

2151 3567 2330 3637 μένων
2357 3567 2780 3638 παραγένοιντο,
2809 3567 2906 3623 καὶ
2939 3566 3075 3638 πρὸς
3101 3566 3299 3631 αὐτοὺς
3327 3567 3537 3637 λέγοιεν
3565 3565 3747 3630 δίκας,

2149 3659 2353 3731 πλῆθος
2381 3659 2437 3713 δὲ
2458 3659 2652 3729 εἴησαν
2683 3661 2811 3724 τοὺς
2846 3660 2948 3731 μὲν
3001 3659 3235 3723 πολλοὺς
3261 3659 3617 3729 ἀποπέμπειν
3646 3674 3746 3710 παι

2153 3751 2415 3822 ραχρῆμα
2444 3754 2524 3816 εἰς
2561 3752 2661 3824 τὴν
2693 3751 2878 3823 χώραν
2912 3751 3024 3806 δύω
3053 3753 3086 3825 ἢ
3116 3751 3285 3824 τριῶν
3329 3750 3746 3820 καταλιμπανοο

2152 3845 2354 3913 μένων,
2377 3845 2537 3916 οἵπερ
2573 3846 2670 3900 καὶ
2697 3848 2798 3918 τὴν
2824 3846 2933 3901 τῶν
2961 3845 3237 3900 συνδίκων
3261 3845 3418 3917 δίκην
3444 3843 3745 3914 ἀγωνιοῦν-

2147 3957 2264 4006 ται,
2316 3940 2411 3993 καὶ
2461 3938 2636 4003 οὕτως
2681 3940 2848 3994 αὑτὸν
2891 3940 3318 4012 ἐπιμεληθῆναι,
3368 3940 3446 4003 ὡς
3497 3938 3736 4009 τάχιστα

2149 4030 2372 4100 τέμνειν
2420 4029 2522 4093 τὰς
2553 4017 2866 4097 ὑποθέσεις,
2897 4031 2984 4085 ἴνα
3015 4031 3094 4103 μὴ
3127 4034 3306 4104 μῆκος
3357 4032 3543 4097 αὐτοῖς
3593 4031 3734 4100 ἐγγί-

2151 4139 2295 4176 νοιτο
2347 4123 2566 4192 χρόνου,
2616 4123 2711 4176 καὶ
2765 4122 3005 4194 μάλιστα
3063 4125 3332 4194 γεωργοῖς
3385 4118 3559 4189 οὖσιν,
3593 4123 3626 4192 ἡ
3659 4124 3744 4174 ὲν-

2150 4214 2327 4269 ταῦθα
2359 4214 2632 4285 παρουσία
2682 4215 2934 4286 περιττὴ,
2973 4215 3070 4268 καὶ
3125 4217 3159 4285 ὴ
3209 4217 3274 4268 ἐκ
3322 4215 3422 4286 τῆς
3471 4215 3747 4285 γεωργίας

2153 4309 2343 4380 σχολὴ,
2376 4307 2574 4378 βλάϐος
2597 4307 2782 4373 αὐτοῖς
2812 4325 2869 4361 τε
2902 4308 2999 4362 καὶ
3025 4309 3139 4372 τοῖς
3185 4308 3547 4379 κεκτημένοις
3577 4308 3746 4359 ποιεῖ.

2224 4407 2294 4468 γ’.
2339 4400 2398 4453 '0
2436 4399 2733 4466 κοιαίστωρ
2759 4401 2822 4452 τὸ
2855 4399 3158 4472 ἐπιδημοῦν
3191 4399 3418 4471 πλῆθος,
3453 4401 3502 4452 εἰ
3545 4397 3623 4469 μὴ
3651 4415 3746 4466 γε-

459 4481 581 4536 tlem
615 4483 818 4538 rustica
865 4498 972 4539 non
1010 4483 1104 4547 sit,
1150 4484 1197 4537 si
1245 4499 1371 4538 cum
1411 4485 1533 4540 aliis
1569 4486 1692 4542 lites
1727 4500 2041 4556 exerceant,

2160 4466 2393 4566 ωργικδν
2423 4493 2532 4563 εἵη,
2565 4491 2704 4557 ἀλλά
2737 4478 2902 4563 τυχὸν
2931 4466 3077 4557 ms;
3107 4466 3309 4564 ἕτεροι,
3361 4494 3395 4568 ἢ
3444 4466 3746 4560 δικασόμε-

459 4571 550 4625 diu
597 4571 801 4628 morari
850 4573 906 4628 in
954 4572 1056 4628 bac
1105 4572 1239 4628 urbe
1288 4587 1358 4629 ne
1402 4574 1714 4644 permittat;
1749 4579 1844 4633 sed
1877 4593 2041 4649 quam

461 4663 701 4720 maximo
728 4663 1056 4734 compendio
1083 4665 1304 4735 poterit,
1335 4671 1748 4725 controversias
1783 4669 1958 4735 finiat,
1988 4681 2045 4728 et

461 4769 606 4822 ipsos
623 4755 893 4824 expeditis
920 4757 1153 4826 negotiis
1178 4757 1418 4815 remittat
1440 4762 1507 4816 ad
1523 4762 1774 4832 praprias
1797 4763 2046 4832 regiones

459 4855 554 4901 aut
581 4847 742 4903 urbes
767 4847 1036 4904 colendas.
1128 4835 1132 4838 ’

527 5025 584 5078 4.
615 5024 864 5090 Quaestor
900 5029 946 5083 si
992 5031 1191 5100 sapius
1223 5032 1598 5104 interpellatus
1643 5038 1913 5093 invenerit
1942 5039 2044 5093 do-

459 5115 638 5171 minos
692 5117 1011 5180 colonorum
1044 5124 1125 5178 uti
1175 5125 1550 5196 dilationibus,
1591 5145 1768 5200 neque
1811 5131 1950 5188 velle
1989 5141 2048 5186 ut

460 5218 672 5266 mature
716 5210 930 5280 judicio
992 5213 1315 5282 liberentur,
1373 5218 1487 5289 ipse
1540 5219 1740 5277 sistens
1796 5222 2047 5278 dominos

459 5317 642 5355 t-oratlt
678 5304 1028 5371 petitoribus,
1073 5309 1296 5378 gravius
1334 5325 1428 5366 eos
1459 5313 1704 5378 mulctet,
1743 5322 1796 5369 et
1826 5315 2044 5371 confes-

458 5389 554 5443 titn
581 5390 842 5462 disponat
875 5397 944 5452 de
986 5398 1054 5454 iis
1083 5409 1307 5470 propter
1334 5417 1454 5470 quae
1488 5405 1669 5461 coloni
1707 5407 1792 5462 hic
1823 5423 2040 5462 moran-

461 5490 566 5549 tur,
611 5487 966 5557 remittatque
1006 5505 1458 5562 unumquemque
1492 5495 1546 5549 in
1596 5497 1830 5568 patriam
1865 5514 2043 5568 suam,

459 5573 542 5628 vel
575 5575 628 5630 in
660 5593 779 5634 eam
819 5581 1093 5652 regionem
1126 5587 1269 5643 unde
1301 5600 1588 5656 venerunt,
1617 5592 1833 5648 sublato
1860 5595 1914 5650 in
1942 5595 2044 5651 hoc

464 5670 682 5736 negotio
711 5673 860 5726 omni
892 5675 1180 5748 privilegio
1210 5688 1264 5734 et
1294 5679 1398 5734 fori
1431 5685 1862 5755 praescriptione.

2147 4604 2231 4641 νοι
2273 4587 2415 4658 πρὸς
2465 4586 2711 4657 ἐτέρους,
2745 4588 2844 4642 καὶ
2873 4587 3112 4644 ἐνταῦθα
3137 4587 3460 4660 χρονίζοιεν,
3491 4587 3568 4658 μὴ
3599 4586 3744 4640 ἐνδι-

2148 4678 2306 4744 δότω,
2343 4677 2480 4732 ἀλλά
2509 4679 2658 4751 πάσῃ
2697 4679 2968 4753 συντομία
3017 4681 3242 4746 αὐτοὺς,
3298 4679 3409 4734 τῶν
3461 4678 3745 4751 ἀμφισϐη-

2147 4772 2430 4842 τουμένων
2455 4772 2867 4839 ἀπαλλαττέτω,
2899 4774 2994 4829 καὶ
3019 4774 3130 4830 τῶν
3155 4775 3325 4830 δικῶν
3347 4773 3744 4845 ἐλευθερουμέ·

2150 4883 2277 4930 νους
2323 4867 2682 4938 ἐκπεμπέτω,
2717 4868 2859 4924 ὥστε
2905 4869 3102 4934 αὐτοὺς
3149 4869 3252 4933 τὰς
3299 4869 3508 4934 οἰκείας
3554 4868 3745 4941 χώρας

2151 4959 2248 5012 καὶ
2270 4959 2460 5024 ,πόλεις
2492 4961 2684 5016 οἰκεῖν.

2220 5047 2282 5106 δ’.
2332 5049 2390 5104 '0
2426 5052 2727 5123 κοιαίστωρ
2759 5053 2808 5106 εἰ
2845 5052 3109 5116 πολλάκις
3141 5052 3444 5124 ἐνοχλήσας
3475 5052 3603 5116 τοὺς
3633 5051 3745 5104 τῶν

2151 5140 2414 5210 γεωργῶν
2479 5142 2704 5213 κυρίους
2764 5142 3240 5215 ἀναϐαλλομένους
3283 5143 3458 5214 εὖροι,
3517 5145 3612 5197 καὶ
3667 5143 3745 5214 μὴ

2152 5232 2350 5286 θᾶττον
2382 5233 2584 5296 αὐτοὺς
2624 5234 2724 5304 τῆς
2751 5234 3113 5306 προσεδρείας
3146 5234 3455 5301 ἀπαλλάξαι
3485 5235 3744 5298 θέλοντας

2151 5321 2316 5386 αὐτὸς
2343 5340 2417 5374 πα
2427 5322 2630 5393 ριστῶν
2657 5323 2783 5386 τοὺς
2826 5323 3100 5388 δεσπότας
3128 5322 3468 5378 κατενώπιον
3495 5323 3605 5376 τῶν
3628 5322 3740 5374 δεο-

2155 5413 2354 5482 μένων,
2395 5416 2708 5484 ἐπιτιμᾶται
2741 5415 3121 5489 σφοδρότερον,
3177 5417 3272 5471 καὶ
3317 5417 3375 5472 ἐν
3421 5417 3576 5488 τάχει
3624 5415 3742 5468 δια-

2149 5502 2347 5558 τιθέτω
2397 5506 2485 5572 ἐφ’
2517 5501 2598 5569 οἷς
2648 5508 2697 5560 οἱ
2759 5509 3002 5578 γεωργοὶ
3051 5509 3432 5580 ἐπεδήμησαν,
3462 5509 3557 5562 καὶ
3605 5506 3744 5576 πρὸς

2148 5596 2250 5659 τὰς
2297 5596 2506 5660 οἰκείας
2540 5598 2810 5669 πατρίδας
2879 5601 3238 5673 ἐκπεμπέτω,
3288 5602 3321 5672 ἢ
3374 5601 3512 5663 ὅλως
3555 5598 3616 5663 ἐξ
3665 5591 3745 5653 ὧν

2150 5692 2347 5760 ἥκουσι
2391 5689 2577 5744 τόπων
2629 5689 2814 5763 πάσης
2855 5692 3214 5766 ἀνῃρημένης
3251 5693 3389 5765 πρὸς
3415 5691 3574 5746 τοῦτο
3605 5706 3744 5761 προ-

2154 5782 2342 5846 νομίας
2374 5800 2430 5836 τε
2463 5786 2558 5836 καὶ
2591 5783 2760 5851 φόρου
2790 5788 3188 5859 παραγραφῆς.
