4050 6462
327 306 435 372 (69

1589 307 1982 369 DELECTUS
2020 310 2307 372 LEG‘UM;

3481 308 3594 375 470

396 412 456 470 ε’.
503 409 564 466 Ὀ
594 410 900 482 κοιαίστωρ
941 413 993 468 εί
1021 412 1141 484 βίου
1183 414 1460 486 πρόφασίν
1490 431 1655 482 τινες,
1684 416 1718 486 ἢ
1750 416 1907 486 δίκης

2084 419 2137 474 5.
2176 419 2261 491 (L.
2298 436 2336 484 ι,
2367 435 2415 477 c.
2447 420 2524 476 De
2547 418 2708 476 valid.
2736 417 3081 490 mendicant.)
3107 418 3354 484 Quaestor
3375 421 3420 475 si
3453 436 3591 491 quos

326 504 504 561 αἰτίαν
547 500 653 556 οὐκ
703 500 950 571 ἔχοντες,
977 504 1073 558 ἐπὶ
1105 502 1312 574 ταύτης
1354 504 1463 558 eiei.
1494 506 1597 574 τῆς
1631 505 1911 575 ἡμετέρας

325 599 556 664 πόλεως,
585 597 665 660 ὼς
698 595 892 668 διαζῇν
939 597 1004 650 ἐκ
1037 595 1130 651 τοῦ
1185 599 1480 668 μεταιτεῖν,
1537 597 1715 654 ὁποῖοί
1768 598 1913 664 τινές

322 695 484 756 εἰσιν,
511 688 907 754 ἐποπτεύεται,
933 689 1031 742 καὶ
1061 691 1110 742 εί
1135 688 1374 761 ἔρρωται
1411 689 1596 754 αὐτοῖς
1623 689 1692 743 τὰ
1723 689 1912 761 σώμα-

323 806 393 841 τα
445 785 546 840 καὶ
591 783 815 838 δυνατοὶ
845 784 1092 856 διαρκεῖν
1135 787 1275 856 πρὸς
1327 786 1487 840 πόνον
1535 787 1695 854 εἰσὶν,
1728 789 1776 840 εί
1813 787 1913 858 μὲν

325 878 535 932 οἰκέται
589 872 729 940 εἶεν,
780 875 1203 948 γνωριζομένων
1226 876 1337 932 τῶν
1385 879 1664 933 δεσποτῶν
1694 879 1918 943 τούτους

326 969 420 1020 καὶ
441 967 682 1029 ἄκοντας
705 967 818 1030 τοῖς
848 966 1209 1036 κεκτημένοις
1229 968 1592 1040 ἐκπεμπέτω,
1620 970 1670 1022 εί
1695 969 1751 1022 δὲ
1773 969 1920 1024 ἐλεύ·

331 1059 483 1129 θεροι
535 1058 736 1127 τύχην,
794 1058 1020 1122 τούτους
1059 1060 1396 1130 ἐκπεμπέτω
1444 1063 1524 1125 είς
1580 1061 1678 1124 τὰς
1730 1059 1790 1124 ἐξ
1841 1055 1919 1114 ὧν

330 1154 466 1204 εἰσιν
497 1150 797 1221 ἐπαρχίας,
824 1150 874 1202 εί
913 1149 972 1203 δὲ
1022 1150 1341 1220 αὐτόχθονες
1397 1145 1528 1215 εἷεν,
1580 1152 1920 1224 παραδιδότω

332 1241 526 1294 θᾶττον
575 1242 780 1304 αὐτοὺς
827 1243 943 1305 τοῖς
991 1258 1052 1295 τε
1098 1242 1208 1296 τῶν
1243 1241 1421 1314 ἔργων
1473 1241 1584 1296 τῶν
1642 1242 1921 1314 δημοσίων

334 1334 626 1404 τεχνίταις,
672 1335 752 1396 είς
783 1333 1111 1406 ὑπουργίαν,
1139 1336 1252 1398 τοῖς
1283 1351 1344 1387 τε
1376 1335 1718 1406 προεστῶσιν
1755 1335 1922 1405 ἀρτο-

337 1425 559 1480 ποιικῶν
586 1426 992 1496 ἐργαστηρίων,
1022 1425 1056 1495 ἢ
1084 1427 1196 1489 τοῖς
1237 1427 1362 1490 τοὺς
1383 1426 1590 1498 κήπους
1616 1425 1924 1498 ἐργαζομέ-

342 1536 473 1581 νοις,
499 1517 536 1588 ἢ
564 1517 660 1570 καὶ
711 1516 878 1580 ἄλλας
923 1516 1111 1580 ἁπλῶς
1163 1516 1453 1589 διαφόρους
1475 1517 1670 1588 τέχνας
1705 1517 1800 1572 καὶ
1829 1519 1923 1592 ἐρ-

352 1612 568 1681 γασίας,
593 1612 731 1684 πρὸς
763 1611 931 1675 ἃςᾶν
965 1613 1287 1683 ἐπιτηδείως
1318 1613 1549 1678 ἕκαστος
1575 1614 1674 1686 ἔχῃ
1722 1614 1935 1669 διακείέ

367 1719 514 1775 μενον
536 1701 594 1757 τὸ
641 1703 828 1774 σῶμα,
862 1704 978 1775 ἅμα
1010 1705 1107 1775 μὲν
1137 1705 1569 1776 ἀποτρέφεσθαι,
1603 1706 1720 1778 ἅμα
1748 1707 1805 1760 δέ
1833 1707 1926 1761 τὸν

359 1792 519 1864 ἀργὸν
552 1793 645 1848 καὶ
675 1794 906 1848 ἔκλυτον
944 1797 1024 1860 είς
1065 1796 1158 1850 τὸν
1204 1797 1428 1868 ἐνεργὸν
1457 1797 1552 1852 καὶ
1585 1798 1796 1868 ἀμείνω
1831 1816 1927 1869 με·

349 1881 627 1938 ταϐάλλειν
673 1883 820 1954 βίον’
849 1885 899 1937 εί
927 1885 984 1938 δὲ
1041 1886 1116 1956 μή
1171 1903 1318 1950 τινες
1372 1885 1676 1959 βουληθῶσι
1757 1905 1927 1960 προσ-

355 1971 596 2044 εδρεύειν
631 1977 753 2037 ταῖς
802 1977 1088 2047 ἐργασίαις
1122 1972 1209 2041 αἷς
1251 1965 1656 2049 παρεδόθησαν,
1706 1979 1928 2043 τούτους

346 2063 699 2118 ὰπελαυνέτω
736 2067 836 2135 τῆς
877 2067 1151 2137 βασιλίδος
1191 2067 1420 2130 πόλεως.
1474 2068 1786 2140 Φειδόμενοι
1819 2068 1930 2140 γὰρ

346 2155 524 2209 αὐτῶν
543 2156 723 2210 ταῦτα
748 2158 1177 2228 νομοθετοῦμεν,
1210 2160 1360 2222 ὅπως
1392 2157 1459 2212 ἂν
1498 2160 1573 2230 μὴ
1598 2163 1698 2231 τῆς
1726 2160 1928 2232 ἀργίας

342 2246 541 2310 αὐτοὺς
585 2247 667 2310 είς
718 2248 956 2314 ἀτόπους
1007 2250 1235 2323 πράξεις
1280 2249 1653 2322 συνωθούσης,
1709 2252 1927 2324 ἀνάγκη

342 2336 448 2390 τῶν
481 2337 668 2407 νόμων
695 2340 777 2403 εἰς
803 2341 996 2403 ποινὰς
1041 2341 1403 2412 ἁρπαζόντων
1434 2346 1544 2405 τοῖς
1575 2343 1805 2414 ἄρχουσι
1829 2342 1930 2406 τὰς

340 2426 499 2491 δίκας
530 2429 813 2500 ὑποσχεῖν,
840 2432 936 2485 καὶ
975 2433 1394 2503 παραδίδοσθαι,
1422 2434 1602 2488 καίτοι
1632 2435 1727 2488 καὶ
1759 2436 1932 2504 χωρὶς

342 2519 538 2573 τούτου
584 2520 646 2574 τὸ
691 2523 940 2594 παρορᾷν
984 2523 1052 2577 τά
1100 2526 1208 2578 τῶν
1241 2525 1485 2580 ἀσθενῶν
1518 2527 1644 2588 τοὺς
1681 2525 1932 2598 ἐρρωμέο

341 2627 468 2674 νους
500 2613 834 2682 κατεσθίειν,
868 2615 1203 2686 δυναμένους
1251 2617 1380 2681 ἴσως
1414 2618 1503 2672 διὰ
1539 2619 1638 2688 τῆς
1670 2621 1931 2690 ἐργασίας

343 2703 438 2756 καὶ
466 2703 652 2768 ἄλλοις
680 2706 965 2776 ἐπαρκεῖν,
1003 2708 1120 2772 πῶς
1148 2709 1249 2762 οὐκ
1278 2710 1647 2782 ἀπρονόητον;

410 2801 496 2859 ςθ.
540 2795 602 2846 '0
634 2796 934 2867 κοιαίστωρ
983 2798 1107 2861 τοὺς
1157 2798 1570 2870 βεϐλαμμένους
1597 2801 1656 2853 τὸ
1688 2801 1866 2871 σῶμα,
1897 2801 1930 2870 ἢ

343 2880 444 2970 τέις
483 2879 892 2952 βεϐλαμμένας,
923 2884 956 2956 ἢ
987 2888 1055 2956 τῇ
1087 2887 1252 2959 πολιᾷ
1299 2887 1507 2960 βαρεῖς,
1542 2887 1766 2952 τούτους
1834 2891 1934 2943 ἀν-

343 2972 677 3043 ενοχλήτους
699 2974 862 3040 ἐάτω,
883 2977 971 3030 ἐπὶ
987 2977 1191 3050 ταύτης
1227 2979 1328 3050 τῆς
1359 2980 1626 3050 βασιλίδος
1655 2983 1751 3035 καὶ
1804 2983 1933 3052 φιλ-

2013 511 2067 566 in
2116 513 2218 568 hac
2252 509 2386 568 urbe
2430 521 2615 572 nostra
2660 511 2949 575 invenerit,
2978 511 3072 580 qui
3118 526 3293 581 neque
3322 525 3590 582 qumstum

2015 617 2121 672 quo
2163 619 2222 659 se
2259 612 2570 659 sustentent
2600 603 2874 667 habeant,
2926 616 3105 670 neque
3143 601 3255 657 litis
3302 617 3464 658 causa
3503 603 3594 657 hic

2015 705 2444 761 commoreutur,
2479 696 2554 749 ita
2585 703 2644 748 ut
2685 695 2861 749 victos
2895 694 3030 762 ipsis
3057 693 3413 749 mendicando
3441 709 3593 762 qua:-

2016 792 2217 844 rendus
2265 790 2357 855 sil,
2402 789 2812 858 qualescunque
2853 787 3063 843 fuerint
3109 787 3386 853 excutiat;
3445 795 3502 841 et
3546 786 3592 840 si

2017 889 2245 944 corpore
2287 877 2466 930 valido
2501 885 2556 931 et
2603 876 2900 932 suﬁiciente
2944 875 3226 932 laboribus
3271 876 3492 938 fuerint,
3546 876 3623 930 si.

2019 967 2232 1036 quidem
2268 969 2413 1023 servi
2449 969 2560 1023 sint
2589 967 2889 1023 scientibus
2919 967 3175 1030 dominis,
3207 971 3372 1022 etiam
3399 967 3598 1024 invitos

2020 1060 2250 1114 dominis
2266 1061 2379 1115 suis
2394 1061 2672 1128 remittat;
2699 1063 2743 1116 si
2775 1069 2956 1116 autem
2976 1060 3224 1126 liberi,in
3253 1075 3382 1115 suas
3403 1075 3598 1130 quem-

2023 1167 2129 1223 que
2178 1154 2426 1224 regioues
2485 1156 2760 1221 remittat;
2811 1154 2858 1210 si
2908 1168 3038 1209 vero
3069 1153 3336 1223 indigenae
3370 1153 3596 1218 fuerint,

2023 1247 2306 1303 confestim
2338 1247 2487 1318 ipsos
2519 1248 2695 1302 tradat
2733 1247 3071 1318 publicorum
3115 1260 3342 1316 operum
3374 1245 3601 1300 artiﬁci-

2021 1339 2122 1395 bus
2170 1338 2240 1394 ad
2288 1353 2484 1407 operas
2521 1340 2890 1408 praestandus,
2940 1337 3059 1393 sive
3096 1337 3309 1407 pistrini
3360 1335 3598 1407 prmfecti

2025 1429 2151 1495 sint,
2171 1430 2284 1484 sive
2304 1430 2354 1483 in
2374 1430 2548 1485 hortis
2564 1428 3157 1492 excolendislaborent,
3173 1431 3286 1483 sive
3303 1426 3600 1496 cujuscun-

2027 1533 2133 1588 que
2163 1520 2396 1588 denique
2422 1521 2622 1590 opiﬁcii
2652 1522 2720 1576 ad
2745 1520 2890 1590 quod
2917 1520 3160 1590 corporis
3173 1534 3372 1574 eorum
3399 1517 3605 1573 consti-

2028 1611 2164 1664 tutio
2197 1607 2466 1664 videbitur
2507 1609 2734 1676 idonea;
2781 1609 2942 1678 idque
2974 1623 3040 1664 eo
3079 1609 3206 1675 ﬁne,
3241 1616 3351 1663 tum
3399 1615 3460 1661 ut
3494 1606 3604 1662 illic

2027 1696 2263 1763 alantur,
2299 1706 2409 1752 tum
2437 1707 2495 1753 ut
2521 1700 2750 1754 inertem
2774 1708 2829 1755 et
2857 1699 3176 1754 dissolutam
3209 1700 3397 1762 vitam,
3434 1713 3604 1752 occu-

2029 1801 2156 1861 pata
2182 1800 2234 1845 et
2280 1791 2506 1847 meliore
2547 1799 2899 1847 cummutent.
2941 1791 2998 1846 Si
3033 1806 3164 1848 vero
3202 1791 3441 1861 quipiam
3471 1789 3611 1854 siut,-

2028 1883 2119 1952 qui
2151 1883 2442 1952 assignatis
2469 1882 2572 1937 sibi
2612 1881 2844 1952 opiﬁciis
2875 1882 3050 1938 nolint
3096 1882 3381 1952 applicari,
3417 1895 3510 1936 eos
3538 1895 3630 1935 ex.

2029 1975 2132 2030 hac
2161 1976 2306 2045 regia
2345 1973 2479 2029 urbe
2517 1972 2773 2044 expellat.
2803 1973 2930 2030 Haec
2967 1973 3113 2029 enim
3142 1988 3208 2029 eo
3239 1973 3347 2029 ﬁne
3386 1990 3414 2026 a
3451 1971 3605 2028 nobis

2027 2065 2366 2132 sanciuntur,
2394 2063 2706 2135 utipsorum
2724 2064 2885 2120 saluti
2901 2065 3254 2121 consulamus
3278 2080 3292 2117 :
3321 2080 3444 2119 nam
3477 2079 3623 2119 cum.

2029 2160 2196 2214 otium
2215 2167 2271 2214 et
2296 2159 2489 2214 inertia
2517 2159 2585 2213 ad
2602 2157 2804 2227 quaevis
2829 2157 3070 2213 facinora
3095 2157 3267 2213 soleat
3297 2156 3597 2227 impellere,

2031 2266 2256 2306 necesse
2283 2251 2388 2307 illis
2413 2260 2557 2308 esset
2583 2251 2793 2322 legibus
2815 2253 2884 2306 ad
2911 2250 3233 2322 supplicium
3263 2247 3606 2304 trahentibus

2032 2343 2311 2422 graviores
2338 2357 2530 2412 poenas
2560 2343 2810 2399 sull‘erre.
2837 2341 2946 2398 Sed
2973 2351 3029 2398 et
3055 2341 3158 2397 alia
3190 2341 3399 2396 ratione
3421 2338 3607 2394 feren-

2033 2435 2158 2489 dum
2193 2449 2296 2491 non
2327 2435 2564 2500 videtur,
2591 2445 2649 2491 ut
2681 2449 2742 2490 ea
2775 2449 2898 2505 quae
2931 2433 3167 2492 inﬁrmis
3198 2433 3481 2498 debentur,
3512 2445 3608 2483 va-

2032 2526 2207 2582 lentes
2251 2527 2501 2581 homines
2555 2533 2902 2591 consumant,
2955 2523 3049 2595 qui
3106 2539 3367 2579 manuum
3421 2522 3617 2580 labore

2034 2618 2200 2672 etiam
2228 2617 2349 2674 aliis
2385 2617 2617 2674 fortasse
2647 2618 2893 2674 suﬁicere
2915 2617 3150 2688 possint.

2106 2789 2162 2846 6.
2195 2790 2441 2857 Quaestor
2479 2789 2783 2845 molestiam
2833 2803 2939 2844 non
2989 2785 3250 2843 exhibeat
3286 2785 3375 2849 iis,
3423 2783 3524 2852 qui
3555 2784 3606 2837 in

2035 2896 2262 2953 corpore
2293 2882 2521 2936 inutilati
2554 2881 2884 2935 mutilataave
2931 2869 3059 2935 sunt
3089 2895 3104 2932 :
3135 2877 3271 2932 iisve
3326 2876 3420 2947 qui
3456 2874 3611 2929 senio

2038 2995 2232 3051 graves
2264 2979 2318 3034 iu
2352 2979 2451 3033 huc
2479 2978 2647 3048 regia,
2679 2985 2732 3032 et
2775 2976 3008 3030 humana
3041 2989 3168 3044 erga
3200 2987 3391 3029 omnes
3425 2972 3562 3026 urbe
3596 2988 3607 3022 :

342 3061 665 3133 ανθρώπου,
701 3065 908 3129 πόλεως
935 3069 1088 3137 παρά
1135 3067 1244 3122 τῶν
1299 3070 1546 3124 εὐσεϐεῖν
1589 3071 1931 3142 βουλομένων

2039 3070 2134 3124 sed
2167 3071 2359 3124 nutriri
2398 3083 2492 3124 eos
2524 3070 2802 3139 permittat
2850 3067 2918 3122 ab
2949 3068 3014 3121 iis
3047 3065 3136 3135 qui
3170 3064 3388 3133 pietatis
3419 3063 3611 3118 ofﬁciis

343 3153 789 3223 ἀποτρέψεσθαι,
819 3157 923 3221 ἕως
971 3157 1037 3212 ἂν
1089 3159 1427 3229 βούλωνταιο
1458 3162 1507 3214 εί
1557 3161 1601 3214 δ’
1633 3162 1935 3232 ἀποδημεῖν

348 3248 619 3317 αἱροῖντο,
655 3249 916 3319 ἐρωτάτω
940 3253 1160 3318 αὐτοὺς,
1189 3254 1333 3318 τίνος
1364 3253 1730 3326 παρεγένοντο
1751 3254 1933 3326 χάριν,

345 3339 442 3391 καὶ
481 3338 892 3410 πυνθανόμενος
926 3343 996 3396 τά
1044 3344 1231 3398 είκότα
1275 3345 1363 3398 ἐπ’
1393 3346 1578 3410 αὐτοῖς
1627 3346 1934 3417 πραττέτω,

347 3431 492 3484 ὥστε
528 3433 605 3504 μὴ
638 3433 942 3498 πονοῦντας
973 3437 1209 3491 ἐνταῦθα
1239 3437 1590 3503 καθέζεσθαι.
1624 3439 1687 3492 El
1709 3439 1767 3492 δέ
1792 3456 1936 3503 τινες

347 3523 458 3576 τῶν
491 3526 822 3596 εἰρημένων,
865 3529 898 3598 ἢ
932 3529 1041 3582 τῶν
1069 3529 1154 3583 ἐπ’
1190 3529 1360 3600 αὐτῆς
1388 3529 1680 3584 οίκούντων
1710 3531 1808 3602 τῆς
1835 3531 1936 3584 πό-

351 3614 512 3680 λεως,
546 3617 580 3688 ἢ
613 3619 706 3672 καὶ
731 3618 841 3674 τῶν
873 3619 1074 3686 ἔξωθεν
1119 3621 1603 3692 παραγενομένων,
1639 3622 1938 3692 μέμφοιντό

355 3723 497 3760 τισιν
533 3708 609 3772 ὡς
650 3709 787 3781 παρ’
825 3710 1006 3766 αὐτῶν
1033 3711 1125 3765 ἐπί
1161 3729 1274 3766 τισι
1308 3710 1705 3782 ζημιωθέντας,
1734 3713 1941 3781 ἀγαγέ-

366 3801 588 3864 τωητοὺς
617 3801 969 3867 αίτιαθέντας
1007 3806 1087 3868 είς
1125 3804 1356 3876 ζήτησιν
1389 3803 1615 3874 ἀκριϐῆ,
1643 3804 1832 3870 ὁποίας
1871 3805 1940 3860 ἂν

366 3885 476 3940 εἷεν
496 3890 648 3957 ἀξίας
677 3910 738 3946 τε
769 3894 862 3948 καὶ
897 3897 1179 3967 στρατιᾶς,
1211 3897 1307 3950 καὶ
1337 3895 1428 3966 ὑφ’
1448 3896 1568 3952 οἵαν
1615 3891 1707 3950 οὖν
1735 3897 1938 3951 τελοῖεν

359 3982 560 4052 ἀρχὴν,
617 3984 714 4037 καί⁵
771 3986 1004 4055 μάλιστα
1050 3988 1100 4041 εί
1140 3990 1272 4060 περὶ
1303 3988 1419 4052 τάς.
1446 3988 1745 4059 λεγομένας
1810 4006 1938 4044 συν·-

353 4073 552 4144 ηθείας
598 4074 758 4146 ἔσχον
776 4077 874 4147 τὴν
907 4077 1107 4146 αἰτίαν,
1133 4079 1168 4150 ἡ
1201 4097 1351 4144 τινας
1393 4079 1560 4144 ἄλλας
1610 4081 1939 4151 ἀρχοντικάς

351 4166 687 4238 προφάσεις,
724 4168 783 4222 ἐν
827 4163 910 4233 οἷς
938 4170 1033 4224 καὶ
1063 4170 1174 4225 τῶν
1213 4172 1499 4243 ἡμετέρων
1531 4171 1715 4242 νόμων
1750 4189 1939 4226 συντε-

349 4257 678 4330 τολμημένη
726 4259 1030 4333 καθορᾶται
1091 4263 1125 4332 ἠ
1200 4261 1538 4334 παράϐασις,
1586 4263 1682 4317 καὶ
1730 4263 1940 4328 τούτοις

354 4351 795 4423 συλλαμϐανέτω
822 4355 942 4424 μὲν,
982 4354 1121 4426 μετά
1160 4354 1218 4408 δὲ
1255 4354 1383 4419 τοὺς
1417 4355 1748 4419 ἀδεκάστους
1786 4356 1942 4425 ἐλέγ-

2042 3162 2191 3232 fungi
2229 3163 2434 3226 volunt,
2467 3161 2643 3218 donec
2674 3160 2772 3229 ipsi
2802 3161 3071 3214 voluerint
3105 3176 3118 3212 :
3150 3158 3196 3212 si
3227 3171 3354 3212 vero
3387 3171 3453 3210 ex
3483 3156 3614 3209 urbe

2042 3254 2320 3309 discedere
2359 3254 2570 3319 malint,
2605 3253 2905 3322 interroget
2940 3251 3086 3321 ipsos
3111 3248 3267 3319 cujus
3308 3249 3482 3319 gratia
3520 3261 3614 3300 ve-

2042 3346 2247 3411 nerint,
2292 3360 2467 3414 eoque
2512 3344 2729 3416 cognito
2771 3343 2939 3399 faciat
2985 3344 3036 3397 in
3086 3342 3326 3413 ipsorum
3383 3355 3614 3410 persona

2043 3435 2188 3504 quod
2219 3450 2430 3515 aequum
2467 3435 2594 3500 erit,
2641 3449 2712 3489 ne
2756 3434 2810 3488 in
2841 3433 3021 3502 inopia
3064 3443 3118 3488 et
3160 3432 3345 3488 labore
3371 3432 3615 3486 viventes

2044 3527 2133 3581 hic
2169 3535 2468 3580 morentur.
2517 3524 2574 3580 Si
2629 3540 2758 3580 vero
2804 3526 3072 3595 quispiam
3119 3539 3186 3578 ex
3230 3523 3502 3593 praedictis
3535 3521 3616 3574 vel

2044 3616 2327 3684 inquilinis
2353 3615 2436 3669 vel
2463 3615 2679 3669 aliunde
2707 3614 3072 3678 venientibus,
3104 3612 3481 3667 accusaverim
3512 3609 3614 3663 ali-

2044 3722 2204 3778 quos,
2231 3721 2260 3760 a
2285 3707 2479 3776 quibus
2505 3721 2564 3761 se
2597 3705 2796 3776 injuria
2827 3703 3049 3759 affectos
3072 3703 3328 3766 dixerint,
3365 3701 3614 3771 diligenti

2044 3800 2329 3869 quaestioni
2357 3798 2609 3867 subjiciet
2635 3804 2921 3852 accusatos
2949 3793 3319 3864 cujuscunque
3341 3791 3617 3864 dignitatis

2047 3900 2141 3946 aut
2192 3889 2398 3944 militize
2453 3888 2674 3955 fuerint,
2709 3896 2764 3944 et
2813 3887 3048 3942 maxime
3101 3886 3148 3940 si
3207 3895 3404 3954 pneter
3442 3885 3616 3938 dictas

2046 3983 2462 4041 consuetudines
2504 3983 2707 4053 aliquid
2745 3981 3140 4045 commiserint,
3193 3987 3288 4033 aut
3333 3978 3442 4032 alia.
3468 3978 3616 4046 prin-

2047 4078 2240 4146 cipalia
2281 4077 2486 4143 edicta,
2536 4076 2588 4130 in
2626 4074 2824 4144 quibus
2871 4075 3039 4130 etiam
3085 4073 3262 4143 legum
3307 4078 3614 4126 nostrarum

2048 4168 2335 4237 despectus
2385 4165 2753 4236 cognoscitur,
2808 4171 2865 4220 et
2919 4162 3069 4232 leges
3121 4161 3342 4231 quidem
3401 4170 3632 4215 nostras

2047 4270 2282 4327 tueatur,
2307 4270 2362 4316 et
2380 4270 2502 4331 post
2523 4263 2864 4328 iucorruptas
2883 4255 3234 4327 probationes
3259 4267 3470 4324 poenas,
3497 4267 3618 4320 qua:

2045 4353 2226 4425 legum
2267 4364 2573 4409 nostrarum
2608 4347 3026 4407 comminatione
3066 4347 3445 4409 continentur,
3479 4341 3620 4397 inﬂi-

350 4460 508 4512 χους,
545 4443 646 4508 τὰς
675 4445 1052 4518 ἠπειλημένας
1104 4447 1246 4501 κατά
1296 4448 1422 4511 τοὺς
1475 4447 1785 4519 ἡμετέρους
1853 4449 1933 4503 νό-

2051 4459 2161 4519 gat,
2210 4447 2426 4502 nemine
2469 4443 2892 4514 competentium
2937 4439 3226 4510 praesidum
3260 4437 3494 4490 audente
3538 4436 3621 4489 bis

354 4552 497 4604 μους
547 4538 927 4609 είσπραττέτω
977 4539 1168 4604 ποινὰς
1217 4539 1436 4602 οὐδενὸς
1481 4538 1593 4592 τῶν
1624 4539 1949 4611 προσφόρων

352 4629 545 4692 αὐτοῖς
608 4631 926 4701 ἀρχόντων,
1003 4630 1405 4686 ἀντιποιεῖσθαι
1483 4631 1689 4686 τούτων
1739 4630 1954 4705 [ὑπερ-

355 4718 618 4784 ασπίζειν
681 4721 890 4794 αὐτῶν]
937 4721 1261 4794 δυναμένου,
1310 4721 1406 4777 καὶ
1442 4724 1556 4786 τοῖς
1600 4721 1951 4794 ἠδικημένοις

353 4810 792 4868 ἁποκαθιστάτω
833 4815 896 4870 τὺ
932 4815 1209 4888 ἀδίκημα·
1239 4817 1290 4869 εί
1321 4816 1380 4870 δέ
1408 4832 1494 4880 τις
1521 4818 1633 4880 τοῖς
1661 4816 1949 4886 ἠδικηκόσι

355 4903 458 4955 καὶ
497 4903 635 4976 ἄλλῃ
680 4906 854 4979 ζημίᾳ
894 4906 1047 4979 παρά
1083 4906 1192 4962 τῶν
1243 4907 1430 4974 νόμων
1486 4907 1840 4978 ἐπιϐέϐληται
1871 4911 1951 4971 είς

355 4995 420 5046 τὸ
447 4995 713 5066 δημόσιον
763 4999 986 5070 ἀρχεῖον
1014 4999 1406 5054 ἀποϐλέπουσα
1440 4998 1578 5070 μετά
1606 4998 1706 5071 τὴν
1737 5000 1952 5054 ἀποκα-

2047 4540 2450 4597 contravenire.
2483 4537 2545 4592 Et
2575 4537 2789 4607 quidem
2822 4534 2887 4589 iis
2921 4535 3011 4604 qui
3040 4531 3236 4602 iniuria
3267 4528 3444 4584 πλῆθοιί
3473 4539 3618 4592 sunt,

2048 4636 2370 4691 restituatur
2397 4634 2538 4703 quod
2566 4645 2752 4686 eorum
2776 4629 3007 4684 interest
3042 4643 3059 4681 :
3089 4624 3135 4679 si
3168 4639 3295 4679 vero
3324 4622 3434 4678 reis
3457 4623 3619 4677 etiam

2049 4728 2152 4784 alia
2201 4739 2361 4796 plena
2406 4739 2438 4778 a
2491 4723 2701 4792 legibus
2759 4720 3032 4789 inlligatur
3073 4732 3194 4788 quae
3224 4719 3292 4771 ad
3344 4711 3619 4786 publicum

2049 4826 2279 4890 spectet,
2323 4825 2446 4888 post
2489 4814 2908 4893 restitutionem_
2934 4811 3179 4868 criminis
3221 4811 3285 4865 ad
3327 4808 3622 4880 principale

2058 4912 2344 4981 imperium
2377 4911 2444 4964 de
2474 4908 2608 4978 ipsis
2643 4905 2933 4968 referatur,
2966 4915 3023 4959 et
3045 4912 3243 4973 quanta
3285 4903 3514 4973 principi
3545 4901 3623 4956 vi-

2059 5001 2276 5057 debitur
2300 4997 2617 5068 pecuniaria
2651 4993 2819 5049 multa
2871 4992 2924 5047 in
2960 4991 3105 5060 ipsos
3133 4989 3516 5045 constituatur.

356 5085 626 5142 τάστασιν
669 5090 764 5144 τοῦ
812 5091 1171 5164 ἀδικήματος,
1207 5093 1288 5155 είς
1327 5091 1429 5162 τὴν
1465 5091 1734 5163 βασίλειον
1800 5094 1977 5164 ἀρχὴν
2015 5093 2145 5165 περὶ
2208 5090 2386 5146 αὐτῶν
2419 5086 2757 5159 ἁναφερέτω,
2790 5085 2884 5140 καί⁵
2927 5082 3058 5138 ἔνθα
3108 5082 3175 5137 ἂν
3224 5081 3388 5136 αὐτὸν
3437 5077 3624 5150 συνίδῃ

357 5183 702 5241 ἀνατιθέσθω
730 5187 792 5241 τὸ
827 5189 1170 5261 χρηματικδν
1192 5175 1488 5260 ἐπιτίμιον.

432 5273 501 5338 ζ’.
543 5273 602 5328 '0
651 5277 972 5350 κοιαίστωρ,
1005 5277 1187 5332 πάντα
1264 5277 1367 5332 ὅσα
1419 5277 1626 5348 μέμψιν
1683 5276 1950 5349 λαμϐάνει

363 5370 813 5439 παραποιήσεως,
840 5370 1072 5440 ἡτοιτῆς
1091 5368 1434 5440 καλουμένης
1465 5367 1944 5440 πλαστογραφίας,

366 5462 424 5512 ἐν
455 5461 551 5530 οἵῳ
590 5461 791 5533 δήποτε
818 5461 1060 5531 τάγματι
1090 5461 1262 5514 ταῦτα
1296 5458 1656 5531 ἀναζητείτω,
1691 5460 1785 5513 καὶ
1823 5461 1953 5524 τοὺς

368 5553 460 5604 ἐπὶ
499 5539 716 5617 τούτοις
746 5553 1327 5626 προσαγγελλομένους
1358 5553 1652 5623 κατεχέτω,
1685 5553 1778 5606 καὶ
1799 5552 1950 5622 ἐλεγ-

371 5647 636 5714 χομένους
669 5646 1006 5717 τιμωρείτω.
1061 5647 1173 5700 Καὶ
1227 5646 1338 5716 γὰρ
1391 5647 1486 5699 καὶ
1536 5647 1635 5717 τῆς
1695 5645 1951 5716 τοιαύτης

378 5739 692 5809 ἀκροάσεως
754 5740 969 5810 δίδομεν
996 5739 1242 5802 ἐξουσίαν
1272 5739 1440 5808 αύτῷ.

2129 5277 2183 5331 7.
2221 5273 2471 5340 Quaestor
2511 5268 2694 5326 omnia
2744 5265 2998 5332 crimina,
3043 5280 3164 5336 quae
3215 5260 3625 5318 adulterationis

2058 5376 2152 5423 aut
2185 5365 2306 5421 falsi
2339 5365 2613 5427 dicuntur,
2650 5360 2912 5424 excutiat,
2949 5353 3478 5426 compreltendatque
3506 5366 3619 5415 eos,

2057 5461 2148 5530 qui
2179 5459 2304 5514 talia
2342 5456 2681 5512 commisisse
2722 5453 3062 5516 deferuntur,
3090 5457 3144 5502 et
3171 5446 3218 5502 si
3248 5445 3464 5517 quidem
3495 5459 3626 5500 con-

2057 5551 2186 5606 victi
2236 5548 2462 5613 fuerint,
2496 5545 2705 5616 puuiat.
2747 5543 2948 5598 Damus
2973 5538 3119 5596 enim
3151 5535 3226 5594 illi
3267 5535 3430 5592 etiam
3469 5532 3626 5601 hujus

2057 5641 2345 5698 audientiae
2371 5647 2728 5710 potestatem-
