4050 6490
418 336 525 394 471

415 543 483 589 ut
521 534 705 589 omnia
746 537 898 603 puris
933 538 1185 593 manibus
1235 538 1425 605 faciat,
1467 539 1860 608 ministrosque
1910 540 2008 593 ha-

425 624 572 689 beat,
588 640 695 680 non
731 627 974 682 avaritiae
994 637 1087 682 aut
1111 630 1283 699 turpis
1302 630 1437 685 lucri
1465 629 1738 686 studiosos
1758 647 1772 683 :
1789 639 2009 701 oportet

423 717 568 773 enim
617 726 670 773 et
719 718 891 787 ipsum
936 722 1146 776 sincere
1193 735 1257 776 ac
1302 720 1473 776 libere
1512 721 1803 791 imperare,
1852 732 1908 778 et
1959 723 2005 778 si

422 808 556 877 quid
585 824 614 862 a
651 810 916 866 ministris
946 812 1058 866 suis
1080 812 1426 867 commissum
1460 813 1722 880 inveniat,
1754 814 1808 869 id
1829 815 2002 880 ipsum

420 901 640 970 punire,
672 910 729 956 ut
757 902 995 972 ipsorum
1029 901 1277 972 exemplo
1306 903 1560 959 ostendat
1590 906 1761 960 animi
1794 907 1875 961 sui
1910 905 2005 960 llr-‘-

424 992 671 1049 mitatetn
701 1002 755 1049 et
781 994 1230 1052 moderationem.

430 1208 435 1215 -
491 1177 545 1234 9.
600 1177 864 1244 Quaestori
918 1177 1197 1234 licentiam
1249 1179 1462 1245 damus,
1518 1181 1684 1236 etiam
1739 1180 2002 1251 praesides

419 1268 825 1340 provinciarum
858 1270 925 1325 ad
960 1285 1064 1325 nos
1112 1270 1356 1339 deferre;
1404 1272 1689 1342 ipsumque
1727 1273 1870 1328 domi
1905 1287 2000 1327 eu-

418 1374 543 1415 rare
586 1376 706 1430 qua:
738 1376 877 1431 opus
924 1372 1108 1429 erunt,
1164 1376 1234 1418 ne
1282 1362 1659 1418 infirmitatem
1712 1372 1807 1417 aut
1853 1363 1999 1419 aliud

418 1451 638 1522 aliquod
668 1452 1115 1524 impedimentum
1143 1464 1403 1513 causatus
1431 1454 1637 1527 judicio
1669 1465 1857 1511 nostro
1885 1456 1992 1511 mi-

417 1557 522 1598 nor
553 1544 657 1599 sibi
684 1544 787 1614 ipsi
818 1544 1087 1600 videatur.

492 1635 584 1691 10.
631 1635 898 1703 Qumstori
929 1636 1210 1693 licentiam
1247 1639 1465 1706 damus,
1499 1638 1729 1709 publicis
1759 1638 2000 1710 epistolis

415 1730 496 1785 ttti
545 1730 611 1785 atl
661 1729 923 1800 praesides
965 1731 1409 1801 provinciarum,
1443 1742 1502 1787 ut
1541 1733 1633 1802 qui
1671 1733 1739 1788 ab
1775 1732 1893 1802 ipso
1943 1732 1996 1787 in

416 1820 633 1875 illorum
677 1821 992 1887 provincias
1028 1822 1179 1878 missi
1226 1832 1373 1889 sunt,
1417 1838 1612 1879 secure
1646 1822 1758 1878 illic
1804 1823 2000 1890 degere
2031 1805 2073 1860 Β

416 1907 649 1977 possint,
685 1917 741 1963 et
786 1910 831 1964 si
875 1925 985 1980 quo
1019 1908 1196 1982 legum
1243 1912 1448 1967 auxilio
1497 1913 1814 1984 indigeant,
1852 1927 1920 1969 ne
1949 1914 2000 1968 id

418 1999 553 2069 ipsis
608 1999 943 2071 denegetur,
996 2011 1165 2073 utque
1213 2004 1541 2074 provideant
1592 2005 1882 2075 inprimis,
1934 2020 2003 2061 ne

418 2090 618 2149 iterato
674 2093 778 2164 ipsi
828 2095 1080 2150 molestia
1130 2095 1494 2163 exhibeatur;
1529 2098 1573 2151 si
1619 2097 1763 2151 enim
1810 2111 2002 2151 rursus

419 2187 472 2240 in
499 2186 603 2241 hac
634 2185 916 2256 splendida
950 2195 1004 2241 et
1035 2185 1179 2243 felici
1223 2187 1356 2242 urbe
1383 2188 1801 2256 deprehenderit
1823 2203 2000 2259 quos-

416 2279 563 2349 piam
598 2278 802 2335 frustra
838 2279 1134 2348 latitantes,
1170 2280 1254 2336 his
1281 2282 1525 2337 remissis
1556 2281 1751 2337 iterum
1783 2282 1840 2338 in
1873 2296 2001 2353 pro-

420 2370 568 2439 prias
594 2371 846 2441 regiones
887 2380 941 2425 et
967 2378 1367 2441 competentem
1408 2371 1796 2435 coercitionem
1822 2372 1999 2443 impo-

419 2475 531 2530 nat,
573 2473 631 2521 et
678 2479 799 2520 cum
850 2464 1089 2537 graviori
1142 2478 1305 2536 poena
1353 2463 1612 2521 dimissos
1659 2479 1850 2522 rursus
1899 2478 1999 2521 ex-

415 2557 601 2631 pellat.

995 2781 1301 2839 TITULUS
1341 2781 1431 2838 Vl.

840 2896 919 2952 De
946 2870 1265 2966 prtesidibus
1297 2898 1354 2949 in
1384 2911 1588 2966 genere.

490 3009 549 3063 1.
574 3007 659 3080 (L.
696 3023 736 3073 ι,
768 3007 831 3077 π.
859 3005 936 3061 De
967 3007 1098 3077 ofﬁc.
1130 3005 1642 3077 prirsid.)Pra:sidis
1680 3017 1879 3061 nomen
1912 3017 2005 3082 ge-

417 3099 606 3156 nerale
638 3109 742 3165 est,
780 3108 834 3153 et
865 3097 1141 3169 signiﬁcat
1165 3106 1220 3152 et
1250 3097 1524 3153 exercitus
1555 3098 1770 3160 ducem,
1803 3104 1858 3152 et
1885 3110 2004 3167 pro-

415 3190 716 3255 consulem,
754 3199 809 3246 et
852 3203 1044 3245 omnes
1086 3190 1396 3259 provincias
1440 3199 1708 3261 regentes,
1762 3189 1886 3243 licet
1916 3203 2001 3243 se-

418 3291 641 3336 natores
674 3280 783 3336 sint
832 3296 846 3334 :
883 3265 1226 3352 proconsulis
1269 3295 1400 3337 vero
1432 3279 1725 3349 appellatio
1751 3278 2001 3351 specialis

418 3381 525 3427 est.

490 3463 545 3518 2.
581 3461 666 3534 (L.
712 3461 824 3533 ιιι.)
857 3462 1068 3521 Prmses
1114 3462 1167 3518 in
1203 3479 1300 3541 sua
1337 3471 1545 3520 tantum
1585 3462 1866 3534 provincia
1899 3463 2001 3517 im-

415 3556 628 3625 perium
662 3557 844 3623 habet,
876 3571 1005 3613 nam
1035 3565 1191 3613 extra
1217 3556 1362 3612 illam
1391 3558 1770 3629 privatus‘est.

489 3649 545 3704 3.
579 3647 664 3719 (L.
698 3646 798 3719 ιν.)
839 3648 1053 3705 Ρτιεεεε
1085 3650 1138 3704 in
1169 3650 1451 3720 provincia
1497 3664 1596 3706 sua
1628 3649 1805 3722 majus
1829 3649 1995 3721 impe-

418 3742 559 3798 rium
590 3742 753 3798 habet
783 3743 1041 3799 omnibus
1067 3752 1191 3814 post
1216 3742 1541 3813 principem.

487 3832 542 3887 4.
577 3829 663 3904 (L.
690 3831 769 3904 v.)
798 3832 1012 3889 Praeses
1043 3840 1274 3888 tutorem
1314 3832 1668 3903 autjudicem
1709 3832 1999 3904 specialem

416 3923 583 3981 alicui
612 3924 730 3994 ipse
755 3938 815 3980 se
838 3925 973 3980 dare
1007 3939 1115 3979 non
1146 3932 1347 3995 potest.

491 4015 548 4071 5.
580 4015 667 4087 (L.
699 4032 774 4084 vt,
823 4018 879 4071 in
896 4015 1081 4088 prim.)
1112 4016 1329 4073 Praeses
1360 4018 1651 4088 prohibeat
1698 4017 1916 4074 illicitas
1947 4028 2004 4074 et

418 4105 694 4162 violentas
721 4105 1041 4161 exactiones
1063 4115 1117 4161 et
1140 4115 1384 4162 extortas
1411 4114 1558 4161 metu
1583 4105 1669 4162 vel
1697 4106 1815 4163 sine
1840 4107 2002 4177 pretii

418 4198 802 4257 numeratione
843 4198 1206 4265 venditiones,
1253 4198 1494 4269 itemque
1530 4198 1716 4268 iniqua
1765 4199 1916 4255 lucra
1949 4208 2005 4256 et

424 4292 619 4350 damna
663 4310 678 4348 :
719 4291 972 4362 inprimis
995 4306 1127 4348 vero
1155 4301 1417 4362 sequatur
1442 4292 1764 4362 veritatem;
1797 4292 2003 4350 veritas

417 4386 565 4442 enim
601 4387 761 4442 rebus
792 4399 891 4457 per
929 4398 1172 4442 errorem
1216 4393 1309 4440 aut
1343 4394 1545 4441 metum
1574 4385 1745 4457 gestis
1777 4400 1883 4442 non
1920 4386 2004 4440 vi-

422 4482 608 4538 tiatur.
2026 4546 2029 4549 _

490 4570 544 4629 6.
581 4570 666 4645 (L.
697 4570 817 4627 ead.
848 4566 976 4642 §3.)
1010 4569 1220 4626 Prasses
1247 4570 1526 4626 examinet
1551 4585 1617 4627 ea
1651 4583 1773 4640 quas
1806 4583 1840 4626 ιι
1869 4566 2005 4625 mili-

421 4663 631 4719 taribus
654 4661 788 4721 viris
811 4671 1003 4717 contra
1025 4660 1162 4716 alios
1185 4660 1425 4716 admissa
1449 4669 1597 4725 sunt,
1620 4668 1675 4717 et
1694 4660 1796 4715 sub
1820 4659 2004 4730 specie

421 4756 748 4813 tributorum
782 4754 1004 4809 illicitas
1028 4753 1342 4809 exactiones
1366 4738 1482 4808 lie-ri
1511 4753 1820 4823 prohibeat,
1852 4750 1901 4823 (ς
1923 4751 2001 4822 5.)

422 4860 559 4903 neve
605 4846 795 4915 inopes
846 4843 945 4899 sub
980 4851 1243 4913 praetextu
1277 4843 1545 4899 adventus
1587 4842 1892 4898 ofﬁciorum
1922 4839 2004 4896 vel

422 4937 660 4994 militum
705 4936 922 5008 injuriis
972 4934 1278 4990 adiciantur
1324 4933 1652 5004 providebit,
1698 4930 1753 5006 (δ
1813 4931 1893 5002 ι.)
1950 4939 2006 4986 et

422 5031 604 5089 licitas
629 5030 847 5101 quidem
891 5029 1288 5100 negotiationes
1317 5036 1660 5099 promoveat,
1689 5024 2005 5096 prohibitas

423 5137 555 5179 vero
581 5120 827 5178 exerceri
852 5127 1018 5175 vetet.

494 5217 550 5273 7..
588 5210 675 5287 (L.
706 5231 743 5275 χ
772 5222 828 5270 et
852 5212 959 5284 ιι.)
1002 5210 1079 5266 De
1108 5211 1523 5281 quibuscunque
1554 5208 1735 5265 causis
1765 5206 2004 5289 prouecti
2034 5200 2039 5203 ’

423 5306 518 5381 qui
566 5306 623 5362 in
655 5306 790 5361 urbe
838 5312 967 5361 sunt
1001 5307 1365 5373 cognoscunt,
1394 5302 1463 5357 de
1501 5300 1694 5356 iisdem
1727 5307 1784 5354 et
1804 5314 2008 5370 prmses

424 5400 725 5473 cognoscit.
756 5398 1039 5453 Pertinent
1066 5394 1213 5449 enim
1240 5392 1423 5448 omnia
1453 5391 1520 5449 ad
1548 5391 1780 5447 ofﬁcium
1816 5391 2004 5461 ipsius.

492 5492 548 5549 8.
578 5491 663 5565 (L.
698 5507 821 5557 xm,
847 5491 903 5545 in
928 5486 1114 5558 prim.)
1142 5486 1348 5541 Prmses
1387 5483 1684 5555 provinciae
1711 5498 1822 5540 sua:
1850 5483 2007 5552 quie-

424 5592 532 5639 tem
579 5589 839 5655 procuret
880 5577 1252 5650 conquirendo
1298 5575 1631 5647 sacrilegos,
1682 5575 2004 5646 plagiarios,

430 5675 598 5742 fures,
652 5681 1132 5743 reccptatoresque
1165 5684 1377 5732 eorum,
1423 5675 1478 5724 et
1529 5682 1629 5739 pro
1675 5677 1733 5722 ut
1775 5669 2007 5739 quisque

429 5761 748 5841 deliquerit,
767 5763 823 5819 in
845 5778 969 5819 cum
1010 5760 1431 5817 animadvertat.

1450 335 1963 400 CONSTANTINI
2006 332 2463 395 PORPHYBOG
2477 334 2688 395 ENITI

368 492 377 505 .
494 442 545 498 8.
577 440 826 507 Quaestor
857 438 1206 516 et'prmcipue
1231 455 1287 503 et
1314 457 1574 518 perpetuo
1604 463 1793 504 curam
1829 456 2003 518 gerat,
2034 455 2089 515 Α

2031 4492 2080 4553 D

2182 444 2254 515 η’.
2301 445 2361 499 'O
2399 446 2718 514 κοιαίστωρ,
2772 444 3031 515 μέγιστον
3066 444 3286 500 πάντων
3326 445 3421 499 καί
3450 446 3704 519 διηνεκὲς

2113 537 2297 608 ἐχέτω·
2316 537 2474 591 τοῦτο
2532 537 2884 609 σπούδασμα,
2916 535 2979 589 τὺ
3032 536 3307 608 καθαραῖς
3354 539 3477 602 ταῖς
3507 540 3701 610 χερσὶν

2111 625 2328 679 ἅπαντα
2361 625 2643 697 πράττειν,
2687 625 2783 680 καὶ
2831 626 2960 688 τοὺς
2981 623 3393 695 ὐπουργοῦντας
3420 628 3587 698 ἔχειν,
3621 629 3697 700 μὴ

2112 718 2424 787 ῥυπῶντας,
2469 719 2605 789 μηδὲ
2644 717 2871 790 αἰσχροῦ
2922 718 3216 789 λήμματος
3261 718 3544 784 ἐλάττους,
3581 720 3699 775 ἀλλ’

2110 809 2273 863 αὐτόν
2327 826 2389 863 τε
2419 809 2676 881 καθαρῶς
2723 811 2818 864 καί
2869 810 3173 882 ἐλευθέρως
3221 811 3433 882 ἄρχειν,
3466 813 3561 865 καὶ
3589 812 3697 865 είτι

2106 899 2318 955 τοιοῦτο
2346 901 2498 973 παρὰ
2526 902 2638 956 τῶν
2661 902 3127 974 ὑπηρετουμένων
3150 902 3325 973 εὖροι,
3351 903 3509 957 τοῦτο
3532 904 3699 958 κολά-

2104 993 2242 1060 ζειν,
2276 994 2372 1048 καὶ
2420 991 2481 1059 ἐξ
2524 994 2705 1048 αὐτῶν
2754 994 2971 1066 πρῶτον
3008 994 3288 1049 δεικνύναι
3341 995 3442 1066 τὴν
3499 997 3696 1052 ἑαυτοῦ

2108 1086 2449 1159 στερῤότητά
2480 1104 2541 1140 τε
2575 1086 2712 1158 ὁμοῦ
2752 1087 2848 1141 καὶ
2878 1087 3259 1162 σωφροσύνην.
3695 1070 3745 1170 ί,

2178 1174 2244 1233 θ’.
2280 1177 2372 1249 Τῷ
2402 1178 2723 1250 κοιαίστωρι
2762 1177 2979 1249 δίδομεν
3013 1178 3350 1249 παρρησίαν,
3379 1179 3475 1234 καὶ
3498 1180 3697 1249 ἄρχον-

2104 1285 2204 1334 τας
2253 1269 2492 1340 ἐνοχλεῖν
2528 1271 2624 1324 καὶ
2675 1273 2758 1335 εἰς
2785 1273 2955 1342 ἡμᾶς
2994 1271 3313 1342 ἀναφέρειν,
3357 1271 3455 1326 καὶ
3483 1272 3699 1327 οἴκοθεν

2105 1359 2370 1432 πράττειν
2397 1359 2468 1415 τὰ
2488 1362 2860 1434 προσήκοντα,
2883 1362 2969 1416 ἵνα
2997 1363 3072 1434 μή
3104 1378 3165 1416 τε
3194 1362 3504 1427 ἀσθένειαν,
3554 1363 3697 1434 μήτε

2102 1450 2234 1506 ἄλλο
2264 1469 2317 1504 τι
2348 1452 2633 1518 παντελῶς
2660 1452 3006 1526 αἰτιώμενος,
3038 1454 3141 1526 τῆς
3191 1454 3470 1526 ἡμετέρας
3515 1456 3697 1527 ἑαυτῷ

1986 1558 1989 1561 ·
2104 1545 2342 1616 κρίσεως
2397 1546 2638 1601 ἐλάττων
2668 1547 2884 1618 φανείη.

2180 1640 2230 1688 ι’.
2261 1633 2354 1705 Τῷ
2394 1636 2717 1708 κοιαίστωρι
2763 1637 2950 1693 ἄδειαν
2984 1638 3223 1709 δίδομεν,
3248 1622 3542 1712 δημοσίαις
3570 1640 3695 1694 ἑπι-

2107 1723 2323 1788 στολαῖς
2355 1725 2617 1797 χρῆσθαι,
2652 1726 2793 1798 πρὸς
2822 1729 2952 1792 τοὺς
2977 1728 3087 1783 τῶν
3122 1730 3407 1801 ἐπαρχιῶν
3456 1732 3697 1802 ἡγουμέ-

2102 1833 2248 1884 νους,
2279 1816 2420 1871 ὥστε
2448 1818 2579 1884 τοὺς
2613 1820 3070 1891 ἐκπεμπομένους
3108 1822 3241 1893 παρ’
3269 1821 3444 1876 αὐτοῦ
3487 1824 3571 1886 εἰς
3595 1824 3695 1881 τὰς

2104 1908 2285 1961 αὐτῶν
2338 1907 2544 1980 χώρας,
2594 1911 2971 1982 ἀπραγμόνως
3013 1912 3196 1965 ἐκεῖσε
3239 1911 3463 1978 διάξειν,
3512 1913 3605 1967 καὶ
3639 1914 3695 1967 εἰ

2102 2015 2252 2062 τινος
2288 1999 2499 2054 δέονται
2529 1999 2783 2072 βοηθείας
2813 2003 3068 2074 νομικῆς,
3101 2004 3178 2076 μὴ
3219 2005 3528 2077 στερεῖσθαι
3559 2005 3687 2059 ταύ-

2102 2107 2223 2162 της,
2259 2094 2510 2164 προνοεῖν
2532 2094 2589 2147 δὲ
2627 2094 2861 2165 μάλιστα
2886 2095 3029 2149 ὥστε
3054 2096 3190 2166 μηδὲ
3220 2098 3349 2169 περὶ
3373 2098 3484 2151 τῶν
3514 2096 3693 2152 αὐτῶν

2102 2182 2185 2247 δίς
2236 2183 2596 2254 ἐνοχλεῖσθαι,
2646 2186 2742 2239 καὶ
2790 2187 3062 2260 δευτέρων
3118 2188 3269 2259 αὐτῷ
3345 2191 3695 2262 πραγμάτων

2104 2275 2370 2345 παρέχειν
2410 2278 2697 2349 ἀφορμάςο
2722 2281 2771 2333 εἰ
2802 2279 2912 2351 γὰρ
2940 2280 3103 2335 πάλιν
3124 2281 3217 2335 ἐπὶ
3244 2279 3343 2351 τῆς
3375 2280 3696 2351 εὐδαίμονος

2102 2366 2312 2439 ταύτης
2358 2367 2513 2422 λάϐοι
2561 2370 2771 2434 πόλεως
2815 2370 3237 2441 ἐμφωλεύοντας
3302 2372 3504 2444 μάτην,
3568 2373 3695 2437 τοὺς

2103 2455 2547 2526 ἀπαλλαγέντας,
2578 2459 2674 2513 καὶ
2705 2460 2797 2514 ἐπὶ
2822 2461 2921 2532 τὴν
2958 2461 3175 2518 οἰκείαν
3220 2462 3408 2535 χώραν
3441 2462 3696 2534 ἀποπεμ-

2105 2546 2361 2616 φθέντας,
2411 2548 2623 2614 τούτοις
2678 2550 2775 2603 καὶ
2809 2552 3191 2622 σωφρονισμὸν
3223 2553 3515 2610 ἐπιτιθέτω
3562 2554 3696 2627 πριο

2105 2656 2296 2706 ποντα,
2337 2640 2432 2695 καὶ
2471 2639 2834 2713 σφοδρότερον
2860 2637 3020 2707 αὖθις
3053 2643 3408 2713 ἐκπεμπέτω.

2706 2781 2751 2835 Τ
2754 2779 2957 2835 ΙΤΛΟΣ
2996 2780 3090 2848 ς’.

2520 2893 2663 2962 Περί
2696 2893 2907 2961 ἁπλῶς
2943 2893 3275 2964 ἀρχόντων.

2179 3003 2248 3062 α’.
2276 3004 2350 3058 Τὸ
2378 3005 2473 3059 τοῦ
2516 3006 2776 3077 ἄρχοντος
2822 3006 3017 3079 δνομα,
3050 3007 3266 3077 γενικόν
3295 3008 3433 3074 ἐστι,
3468 3009 3562 3063 καὶ
3594 2994 3694 3081 ση-

2111 3097 2293 3168 μαίνει
2355 3099 2451 3152 καὶ
2507 3100 2838 3170 στρατηγὸν,
2881 3100 2977 3154 καὶ
3007 3099 3339 3164 ἀνθύπατον,
3362 3101 3457 3155 καί⁸
3482 3101 3696 3165 πάντας

2107 3190 2236 3252 τοὺς
2266 3189 2551 3262 ἐπαρχιῶν
2579 3190 2857 3261 διοικητάς
2879 3208 2892 3221 ·
2927 3192 2978 3244 εἰ
3019 3192 3116 3246 καὶ
3147 3192 3508 3264 συγκλητικοὶ
3533 3187 3693 3259 ὦσιν,
3734 3260 3739 3265 γ

2110 3280 2171 3334 τὸ
2191 3281 2249 3335 δὲ
2285 3282 2456 3354 ὄνομα
2489 3280 2585 3336 τοῦ
2612 3281 2949 3349 ἀνθυπάτου,
2981 3282 3184 3338 εἰδικόν
3216 3285 3386 3339 ἐστιν.

2176 3458 2242 3529 β’.
2292 3458 2350 3513 '0
2380 3459 2586 3532 ἄρχων,
2622 3460 2763 3515 κατὰ
2796 3460 2968 3532 μόνην
2990 3461 3090 3532 τὴν
3120 3461 3260 3516 ἰδίαν
3285 3460 3559 3533 ἐπαρχίαν
3592 3463 3695 3534 τὴν

2103 3549 2353 3616 ἐξουσίαν
2384 3550 2528 3621 ἔχει,
2562 3550 2667 3616 ἔξω
2699 3552 2809 3623 γὰρ
2842 3550 3069 3624 ταύτης,
3100 3552 3316 3625 ἰδιώτης
3345 3554 3513 3609 ἐστίν.

2174 3647 2245 3710 γ’.
2291 3642 2349 3695 Ὀ
2394 3642 2579 3713 ἄρχων
2643 3646 2702 3697 ὲν
2751 3645 2819 3714 τῇ
2877 3644 3143 3716 ἐπαρχίᾳ,
3205 3646 3380 3716 μείζω
3433 3644 3694 3703 ἁπάντων

2103 3731 2357 3797 ἐξουσίαν
2388 3732 2503 3804 ἔχει
2537 3733 2676 3805 μετὰ
2703 3733 2795 3787 τὸν
2826 3733 3075 3804 βασιλέα.

2175 3822 2239 3877 δ’.
2284 3823 2345 3876 '0
2374 3824 2560 3894 ἄρχων
2589 3822 2888 3895 ἐπίτροπον
2944 3823 2979 3895 ἢ
3027 3824 3293 3897 δικαστήν
3338 3843 3445 3881 τινι
3491 3825 3696 3885 εἰδικὸν

2105 3915 2295 3970 ἑαυτὸν
2322 3916 2385 3969 οὐ
2414 3915 2658 3971 δίδωσιν.
3186 3912 3200 3933 ’

2088 4030 2091 4033 ·
2176 4005 2238 4062 ε’.
2279 4008 2342 4061 '0
2393 4007 2580 4080 ἄρχων
2620 4007 2879 4063 κωλυέτω
2911 4007 3011 4073 τὰς
3037 4009 3333 4081 ἀθεμίτους
3360 4011 3452 4065 καὶ
3509 4010 3689 4083 βιαίας

2106 4097 2451 4172 εἰσπράξεις,
2508 4100 2605 4154 καὶ
2657 4101 2761 4164 τάς
2803 4101 2947 4155 κατὰ
2985 4100 3152 4172 φόϐον
3198 4102 3231 4174 ἢ
3282 4104 3453 4175 χωρὶς
3512 4106 3692 4175 τιμῶν

2106 4195 2359 4267 πράσεις,
2390 4195 2485 4248 καί
2521 4194 2592 4248 τὰ
2622 4193 2784 4248 ἄδικα
2823 4194 2992 4266 κέρδη
3035 4197 3136 4250 καὶ·
3169 4197 3504 4267 ζημιώματα
3536 4211 3554 4227 ⁶
3589 4199 3694 4268 τὴν

2105 4288 2369 4359 ἀλήθειαν
2400 4286 2458 4341 δὲ
2484 4286 2790 4342 σκοπείτω·
2816 4286 2879 4342 τὸ
2911 4286 3021 4359 γὰρ
3056 4288 3257 4361 ἀληθὲς
3296 4291 3362 4343 ἐκ
3404 4291 3516 4345 τῶν
3548 4292 3698 4346 κατὰ

2106 4382 2315 4453 πλάνην
2343 4380 2377 4452 ἢ
2404 4380 2527 4452 βίαν
2558 4380 2869 4453 γενομένων
2901 4382 2965 4436 οὐ
2997 4381 3315 4455 βλάπτεται.

2174 4573 2247 4631 ς’.
2299 4567 2360 4620 '0
2387 4565 2571 4639 ἄρχων
2601 4567 2888 4622 ἐκδικείτω
2906 4567 2978 4623 τὰ
3011 4568 3166 4641 παρὰ
3184 4569 3295 4625 τῶν
3318 4569 3698 4643 στρατευομέ-

2072 4672 2213 4715 ’νων
2248 4657 2392 4714 κατά
2441 4675 2607 4714 τινων
2654 4659 3153 4732 πλημμελούμενα,
3200 4661 3296 4715 καί,
3332 4661 3590 4716 κωλυέτω
3632 4663 3700 4714 ὲν

2105 4753 2457 4824 προσχήματι
2491 4752 2793 4824 δημοσίων,
2849 4752 3170 4824 εἰσπράξεις
3216 4752 3511 4824 ἀθεμίτους
3558 4755 3701 4821 γίνεο

2106 4844 2253 4910 σθαι,
2292 4845 2327 4916 ἢ
2358 4842 2448 4898 διὰ
2478 4845 2781 4916 παρουσίαν
2811 4843 3054 4915 ὀφφικίω
3067 4862 3116 4912 ν,
3142 4844 3176 4916 ἢ
3200 4846 3551 4915 στρατιωτῶν
3581 4846 3699 4899 ἁδι-

2104 4934 2321 4989 κεῖσθαι
2357 4934 2486 4999 τοὺς
2525 4936 2790 5007 πένητας,
2830 4936 3179 5007 ὲπιτρεπέτω
3226 4934 3284 4989 δὲ
3322 4935 3426 5000 τὰς
3464 4934 3700 5006 θεμιτὰς

2106 5023 2429 5096 ὲμπορείας,
2459 5023 2556 5078 καὶ
2577 5024 2836 5079 κωλυέτω
2865 5025 2962 5088 τὰς
2996 5024 3479 5096 άπηγορευμὲνας.

2181 5202 2248 5269 ζ’.
2291 5203 2349 5259 '0
2381 5205 2586 5277 ἄρχων,
2628 5205 2729 5259 ὅσα
2758 5204 3214 5274 διαγινώσκουσιν
3260 5205 3311 5257 οἰ
3341 5203 3399 5257 ὲν
3428 5205 3494 5274 τῇ
3542 5203 3699 5258 πόλει

2109 5297 2390 5369 ἄρχοντες,
2417 5298 2513 5352 καὶ
2570 5297 2735 5362 αὐτὸς
2798 5297 3165 5367 διαγινώσκει.
3236 5297 3539 5367 Ἀνήκουσι
3586 5297 3700 5367 γάρ

2110 5390 2289 5446 πάντα
2322 5389 2460 5461 πρὸς
2489 5391 2551 5443 τὸ
2582 5389 2839 5460 ὀφφίκιον
2862 5390 3054 5446 αὐτοῦ.

2178 5480 2250 5553 η’.
2269 5483 2327 5537 '0
2360 5481 2545 5553 ἄρχων
2576 5481 2912 5553 φροντιζέτω
2944 5482 3044 5553 τῆς
3078 5483 3327 5554 εἰρήνης,
3350 5472 3533 5553 ζητῶν
3568 5479 3695 5542 τοὺ..

2113 5576 2428 5649 ἰεροσύλους
2492 5574 2586 5629 καί
2649 5572 3082 5644 ἀνδραποδιστὰς
3155 5575 3253 5627 καὶ
3306 5571 3553 5633 κλέπτας
3604 5570 3700 5624 καὶ

2111 5670 2529 5741 ἀποδοχεῖς,καὶ
2558 5668 2694 5739 πρὸς
2724 5667 2785 5721 τδ
2810 5666 3191 5738 πλημμέλημα
3218 5662 3696 5729 ἐπεξιὼφαύτούς.
