4050 6420
200 330 304 396 473

1487 337 1885 422 οειςιῑρτυε
1925 342 2212 405 LEGUM.

3346 355 3454 420 474

261 447 323 500 θ’.
367 444 425 498 '0
445 442 639 534 ἄρχων
657 445 798 510 τοὺς·
811 449 1174 520 μαινομένους
1203 450 1263 505 ἐν
1292 451 1485 521 εἱρκτῇ
1521 451 1761 520 βαλλέτω

1943 457 1998 513 9.
2029 457 2118 528 (L.
2147 458 2268 513 ead.
2301 459 2328 532 §
2366 458 2445 530 l.)
2489 457 2699 516 Praises
2729 460 2988 528 furiosos,
3021 462 3065 516 si
3107 457 3224 519 non
3259 469 3472 534 possint

201 534 290 607 [aL
319 532 752 609 άσφαλιζέσθωῙ,
791 537 842 589 εί
889 537 966 610 μὴ
995 537 1085 592 διὰ
1131 539 1242 594 τῶν
1291 540 1570 610 συγγενῶν
1602 542 1777 611 φυλα-

196 625 374 696 χθῆναι
421 624 680 679 δύνανται
710 627 743 697 ἢ
774 629 1078 699 δεσμείτω·
1111 632 1163 685 εί
1219 632 1276 685 δέ
1313 632 1650 701 φονεύσωσι,
1697 632 1780 686 δεῖ

196 717 363 784 ζητεῖν
401 715 478 784 μή
511 731 648 767 ποτε
682 719 1163 789 προσεποιήσαντο
1195 721 1510 791 μαίνεσθαι,
1549 723 1582 790 ἢ
1619 723 1676 774 ἐν
1699 723 1778 791 τῷ

194 804 355 874 καιρῷ
385 804 489 874 τῆς
526 806 856 876 ἀναλήψεως
885 810 978 862 καὶ
1009 815 1328 881 φρονήσεως
1353 811 1654 880 ἐφόνευσαν
1683 813 1778 865 καὶ

193 897 568 967 τιμωροῦνται.
610 900 704 952 Δεῖ
730 899 787 952 δὲ
813 902 910 954 καὶ
942 902 1069 966 τοὺς
1102 904 1353 973 φύλακας
1381 904 1563 958 αὐτῶν
1593 904 1768 976 όᾳθυρ

201 993 414 1063 μοῦντας
447 992 770 1058 ἐπεξιέναιο
802 997 864 1048 οὐ
896 995 1003 1068 γάρ
1033 998 1195 1067 μόνον
1237 999 1326 1053 διὰ
1365 1001 1421 1054 τὸ
1452 1001 1526 1071 μὴ
1574 1000 1775 1063 αὐτοὺς

199 1086 439 1156 βλαϐῆναι
464 1085 868 1158 φυλάττουσινς
899 1089 1036 1144 ἀλλὰ
1083 1091 1175 1145 καὶ
1227 1092 1314 1146 δια
1363 1093 1425 1145 τὸ
1458 1093 1532 1164 μὴ
1567 1093 1773 1164 βλάψαι

200 1180 386 1244 άλλονς.

263 1498 308 1517 ..
343 1465 399 1517 '0
449 1465 635 1534 ἄρχων
674 1465 749 1535 μὴ
804 1464 965 1532 ἐξίτω
1015 1466 1115 1536 τῆς
1158 1469 1453 1540 ἐπαρχίας,
1486 1471 1534 1524 εί
1588 1473 1663 1543 μὴ
1699 1473 1766 1527 δι’

207 1558 370 1628 εὐχὴν,
401 1558 490 1612 καὶ
517 1559 636 1610 τότε
662 1557 1168 1632 διανυκτερευέτω.

279 1733 368 1786 ια’.
411 1731 464 1784 ’0
488 1733 666 1803 ἄρχων
693 1734 929 1807 εὐχερὴς
978 1735 1119 1789 ἔστω
1146 1741 1260 1802 τοῖς
1290 1739 1632 1809 προσιοῦσιν,
1675 1743 1770 1796 καὶ

1883 562 1981 616 per
2042 552 2393 613 necessarios
2459 551 2770 618 contineri,
2839 566 3063 608 carcere
3111 556 3472 626 continendos

1883 649 2057 707 curet,
2105 649 2201 696 aut
2231 641 2427 696 vinclis
2454 657 2548 698 eos
2587 643 2836 700 cohibeat
2885 660 2899 697 :
2945 645 2991 701 si
3035 659 3166 700 vero
3195 646 3468 704 hominem

1881 731 2207 798 occiderint,
2257 733 2643 788 excutiendum
2681 737 2808 800 erit,
2854 744 3038 790 utrum
3087 737 3344 793 simulato
3381 739 3470 792 fu-

1883 834 2008 875 rore
2040 819 2255 876 facinus
2283 821 2627 888 admiserint,
2658 838 2726 876 an
2759 839 2889 879 vero
2911 825 3218 881 intervallis
3249 828 3473 896 quibus-

1880 913 2003 966 dam
2052 927 2216 969 sensu
2262 915 2479 970 saniore
2518 915 2570 970 id
2621 915 2873 983 fecerim,
2919 917 2975 971 in
3009 917 3113 972 hoc
3144 919 3290 972 enim
3339 934 3468 973 casn

1879 1003 2146 1074 supplicio
2165 1003 2428 1060 aiﬁcieudi
2453 1016 2634 1060 erunt.
2655 1008 2884 1076 Oportet
2904 1016 3086 1062 autem
3105 1016 3162 1063 et
3187 1011 3467 1072 custodes,

1879 1097 1924 1152 si
1989 1097 2354 1168 negligentius
2394 1112 2488 1152 eos
2541 1098 2836 1152 habuerint
2889 1099 3176 1165 castigare.
3220 1097 3470 1168 Namque

1879 1204 1988 1245 non
2044 1189 2108 1242 ad
2161 1190 2264 1244 hoc
2323 1190 2498 1245 solum
2538 1191 2792 1245 custodes
2841 1191 3192 1254 adhibentur,
3243 1190 3468 1260 nequid

1880 1281 2072 1337 furiosi
2100 1282 2464 1350 perniciosius
2493 1281 2598 1352 ipsi
2623 1283 2674 1336 in
2699 1296 2758 1337 se
2781 1281 3098 1349 moliantur,
3128 1281 3225 1338 sed
3247 1296 3318 1338 ne
3343 1281 3466 1336 aliis

1877 1388 2096 1444 quoque
2126 1385 2377 1430 noceant.

1952 1467 2040 1522 lt).
2083 1465 2167 1538 (L.
2217 1466 2410 1536 xxxv.)
2460 1466 2672 1522 Prreses
2720 1467 3182 1538 provincim.suae
3211 1469 3347 1524 lines
3395 1485 3464 1524 ne

1879 1563 2131 1626 excedat,
2183 1561 2286 1614 nisi
2324 1562 2430 1616 voti
2482 1561 2728 1616 solvendi
2761 1575 2924 1616 causa
2960 1579 2978 1615 :
3008 1561 3135 1616 dum
3188 1569 3364 1617 tamen
3394 1575 3465 1616 ne

1879 1649 2158 1705 abnoctet.

1953 1742 2042 1806 ll,
2070 1741 2154 1813 (L.
2182 1741 2361 1812 xvm.)
2393 1742 2603 1798 Praeses
2637 1743 2691 1797 in
2719 1744 2968 1799 adeundo
2995 1743 3212 1812 quidem
3243 1741 3460 1798 facilem

216 1824 646 1894 ἀκαταφρόνητος,
681 1828 774 1880 καὶ
815 1829 891 1899 μὴ
957 1828 1018 1894 ἐξ
1069 1831 1186 1885 [acu
1242 1835 1761 1906 συναναστρεφέσθω

1875 1849 1936 1890 se
1987 1835 2250 1904 praebeat,
2308 1835 2404 1890 sed
2453 1837 2729 1892 contemni
2786 1851 2894 1891 non
2945 1837 3181 1906 patiatur
3222 1853 3236 1890 :
3285 1848 3465 1904 neque

209 1919 302 1978 τοῖς
333 1917 671 1988 ἀρχομένοις,
705 1921 802 1975 καὶ
837 1920 914 1992 μὴ
964 1921 1207 1994 δηλούτω
1247 1927 1316 1996 τῇ
1370 1925 1491 1995 ὄψει
1542 1925 1766 2000 ἐλεῶνῆ

201 2007 544 2078 ὀργιζόμενος.

774 2218 1024 2273 ΤΙΤΛΟΣ
1066 2220 1141 2274 Z'.

193 2328 437 2404 Περλτοῦ
477 2327 928 2404 ζῳρὶςμδόσεῳν
947 2333 1240 2404 ’γίνεσθαι
1269 2335 1414 2402 τοὺς
1442 2334 1763 2402 ἄρχοντας,

249 2401 335 2472 καὶ
379 2398 624 2472 μηδένα
655 2400 725 2472 ἐν
745 2398 984 2470 ,μηδενί⁷
1007 2403 1106 2457 διὰ
1158 2398 1490 2472 χρημάτων⁷
1512 2398 1762 2472 κρίνειν),

249 2471 284 2538 ἦ
307 2468 460 2550 τοὺς
489 2468 955 2538 ὑποπίπτοντας
983 2474 1110 2540 τοῖς
1143 2468 1490 2544 ἐξοκζίήμασι
1524 2468 1764 2547 (ruma);

241 2558 378 2608 ρειν.
1471 2581 1476 2608 ;

246 2661 304 2710 α’.
333 2658 394 2709 Οἱ
428 2657 700 2730 ἄρχοντες
729 2658 859 2722 τοὺς
912 2658 973 2724 ἐξ
1005 2659 1117 2711 οἵου
1148 2658 1352 2730 δήποτε
1383 2661 1760 2733 δικαστηρίου,

188 2750 270 2802 οὐκ
293 2751 606 2820 ὀφείλουσιν
659 2753 969 2822 συγχωρεῖν
1022 2751 1326 2822 λαμϐάνειν
1371 2753 1494 2807 καθ’
1523 2755 1634 2808 οῖον
1664 2754 1762 2826 δή-

190 2859 298 2896 ποτε
323 2845 554 2912 τρόπον,
602 2843 714 2897 οὐδ’
749 2844 808 2896 ἐν
854 2844 1080 2915 ὀνόματι
1117 2845 1412 2916 συνηθείας
1443 2845 1761 2917 δωροδοκεῖ-
1800 2835 1804 2839 ’

189 2937 290 2990 σθαι
343 2937 605 3008 λήμμασι
650 2936 1016 3005 γινώσκοντες
1049 2953 1064 2969 ο
1095 2937 1172 3000 ὡς
1212 2940 1260 2991 εί
1315 2938 1474 2992 τοῦτο
1523 2937 1764 3010 meum-

192 3044 331 3095 σειαν,
352 3032 548 3084 πᾶσαν
579 3029 790 3100 ζημίαν
825 3028 1077 3084 ἐντεῦθεν
1099 3033 1212 3095 τοῖς
1245 3032 1540 3102 ἡμετέροις
1572 3032 1762 3085 ὑποτε-

192 3122 311 3176 λέσιν
358 3123 730 3193 ἐπαγομένην
770 3122 926 3176 αὐτοὶ
963 3123 1377 3193 καταθήσουσιν
1415 3124 1674 3194 διδόαμεν
1703 3125 1760 3178 δὲ

1873 1929 2070 1999 aequali
2125 1928 2544 1984 conversatione
2592 1943 2714 1984 cum
2762 1927 3189 1998 provincialibus
3232 1934 3464 1992 utatur,

1873 2035 2052 2091 neque
2099 2021 2251 2077 vultu
2302 2020 2738 2076 misericordiam
2787 2029 2881 2075 aut
2955 2017 3460 2075 excandescentiam

1874 2113 2090 2183 prodat.

2438 2225 2743 2282 TITULUS
2789 2225 2898 2281 VH.

1872 2339 1956 2394 Ne
1982 2339 2418 2412 prmitiesdonis
2447 2341 2722 2412 corrumpi
2762 2356 2816 2412 se
2857 2341 3157 2412 patiantur,
3190 2358 3288 2396 neu
3315 2344 3463 2412 quis-

1940 2426 2107 2481 quam
2133 2409 2195 2481 ob
2220 2408 2581 2481 judicandum
2615 2408 2894 2481 pecuniam
2934 2411 3185 2481 accipiat,
3225 2408 3336 2466 neu"
3361 2413 3462 2467 sibi

1937 2496 2053 2534 eam
2076 2479 2197 2532 dari
2224 2480 2523 2547 patiatura
2555 2480 2679 2533 reis.

1941 2660 1995 2713 l.
2044 2656 2314 2714 Prasides
2346 2671 2451 2713 non
2493 2657 2694 2714 debent
2719 2650 3080 2728 permittere.
3113 2666 3173 2712 ut
3219 2672 3284 2712 ex
3324 2671 3462 2728 quo-

1867 2765 2083 2820 cunque
2120 2748 2330 2820 judicio
2352 2749 2564 2819 iudices
2591 2749 2852 2819 pecunias
2897 2749 3156 2818 capiant,
3189 2765 3260 2804 ne
3285 2749 3331 2803 si
3361 2751 3462 2804 sub

1872 2843 2288 2900 consuetudinis
2317 2843 2536 2913 quidem
2565 2849 2828 2911 praetextu
2859 2827 3241 2912 largitionibus
3263 2857 3322 2898 se
3345 2857 3463 2896 cor-

1866 2936 2041 3005 rumpi
2078 2935 2223 3005 passi
2251 2935 2380 3000 sint,
2418 2934 2544 2989 utsi
2576 2936 2680 2989 hoc
2711 2933 3074 3002 neglexerint,
3127 2943 3462 3004 cognoscant

1865 3028 1968 3084 sibi
1998 3027 2260 3084 mulctam
2303 3043 2423 3097 quae
2453 3027 2690 3084 subditis
2714 3029 3227 3097 nostrisjconstituta
3254 3035 3338 3082 est.
3365 3028 3461 3080 de-

1868 3122 2216 3192 ponendam;
2262 3122 2545 3192 inquirant
2575 3129 2754 3176 autem
2781 3121 2833 3177 in
2868 3122 3062 3177 horum
3108 3121 3365 3184 crimina,
3405 3127 3462 3174 et

190 3214 340 3278 αὺτοῖς
365 3215 583 3277 ἄδειαν,
623 3215 720 3268 καὶ
739 3217 786 3268 εί
820 3214 1035 3286 εὖροιέν
1063 3231 1216 3280 τινας
1243 3215 1331 3268 διὰ
1361 3215 1459 3288 τὴν
1486 3217 1586 3287 τῆς
1610 3216 1761 3280 ἀξίας

1872 3225 2007 3281 quos
2036 3211 2304 3267 obnoxios
2353 3212 2527 3282 culpas
2572 3213 2884 3268 invenerint
2933 3213 3150 3284 cingulo
3179 3213 3455 3284 spolient:

188 3301 216 3369 ἦ
254 3302 342 3370 τῆς
386 3301 579 3372 ζώνης
629 3304 906 3374 ὑπεροχὴν
949 3305 1076 3368 τοὺς
1124 3305 1426 3376 ὑμετέρους
1481 3307 1761 3372 ὑποτελεῖς

1870 3305 1920 3358 in
1946 3304 2244 3374 provinciis
2276 3305 2422 3360 enim
2445 3307 2624 3360 vicem
2657 3307 2904 3360 nostram
2927 3306 3180 3359 obtinere
3201 3304 3460 3375 praesides

189 3392 511 3460 ἀδικοῦντας,
543 3394 825 3459 ἐξετάζειν
883 3395 952 3450 τά
1016 3395 1224 3450 τούτων
1279 3397 1620 3469 ἀδικήματα,
1668 3399 1761 3453 καὶ

1870 3399 2152 3464 volumus;
2191 3406 2245 3453 et
2273 3406 2334 3451 ut
2369 3397 2518 3466 ipsos
2552 3397 2622 3451 ab
2648 3397 2798 3452 omni
2832 3396 2974 3466 turpi
3001 3395 3156 3451 lucro
3185 3409 3455 3454 arcemus.

185 3483 294 3546 τοὺς
347 3487 403 3538 ἐν
462 3486 672 3548 αἰτίαις
737 3486 1191 3558 εὑρισκομένους,
1247 3489 1607 3559 ἀφαιρεῖσθαι
1664 3490 1761 3562 τῆς

1870 3492 1945 3546 sic
1999 3502 2054 3546 et
2096 3490 2218 3545 illos
2251 3489 2344 3558 qui
2395 3479 2804 3558 incorrupte'in
2859 3488 3105 3557 imperiis
3146 3497 3456 3551 versantur,

184 3574 359 3646 ζώνης.
406 3577 520 3630 Καὶ
551 3577 663 3648 γὰρ
717 3578 819 3648 τὴν
850 3578 1132 3650 ἡμετέραν
1157 3578 1310 3644 τάξιν
1339 3581 1399 3632 ἐν
1425 3583 1544 3644 ταῖς
1578 3582 1758 3652 ἐπαρσ

1870 3582 2014 3639 omni
2057 3583 2268 3637 honore
2297 3588 2352 3634 et
2386 3578 3038 3661 reverentiaaﬂiciendos
3083 3577 3452 3633 decernimus.

182 3666 312 3735 χίαις
341 3671 456 3732 τοῖς
479 3669 712 3740 ἄρχουσι
745 3671 1062 3742 παρέχομεν
1085 3671 1270 3743 ἔχειν’
1304 3674 1398 3726 καὶ
1437 3672 1627 3746 ὥσπερ
1670 3675 1871 3740 αὐτοὺς
1942 3673 2146 3736 παντὸς
2197 3671 2386 3726 ἀδίκου
2457 3670 2687 3741 κέρδους
2739 3670 3026 3741 εἴργομεν,
3098 3669 3244 3723 οὕτω
3283 3668 3460 3722 καθα-

186 3760 286 3828 ρῶς
329 3763 451 3823 ταῖς
479 3763 671 3832 ἀρχαῖς
706 3764 1086 3834 κεχρημένους
1116 3765 1301 3837 πάσης
1328 3766 1498 3837 τιμῆς
1527 3769 1634 3836 καὶ
1663 3768 1849 3831 αίδοῦς
1881 3768 1976 3821 καὶ
2013 3767 2344 3837 σεμνότητος
2364 3763 2669 3818 ἀπολαύειν
2691 3763 3049 3832 θεσπίζομεν.

257 3856 322 3925 β’.
360 3857 500 3922 Τοὺς
531 3859 804 3932 ἄρχοντας
851 3858 1184 3930 θεσπίςομεν
1225 3860 1497 3930 παρόντος
1525 3859 1621 3914 τοῦ
1655 3861 1757 3931 τῆς

1932 3863 1990 3915 2.
2039 3860 2301 3916 anemus
2337 3867 2394 3913 ut
2426 3857 2720 3928 praesides,
2756 3865 3025 3926 praesente
3069 3855 3222 3912 urbis
3252 3864 3454 3913 nostrae

185 3949 379 4015 πόλεως
429 3952 701 4030 ἐπάρχου,
727 3953 826 4007 καὶ
869 3953 962 4006 τοῦ
993 3953 1340 4018 ἐνδοξοτάτου
1372 3953 1614 4025 κόμητος
1644 3954 1757 4006 τῶν

1870 3953 2144 4023 praefecto,
2183 3962 2237 4006 et
2279 3951 2676 4022 gloriosissimo
2721 3950 2921 4004 comite
2969 3949 3275 4004 divinarum
3327 3964 3454 4005 nos-

180 4044 324 4098 θείων
351 4045 515 4117 ἡμῶν
559 4046 807 4100 εἰσοδίων
836 4046 932 4100 τοῦ
983 4063 1044 4099 τε
1083 4044 1438 4110 ἐνδοξοτάτου
1474 4045 1759 4099 κοιαίστω-

1870 4056 2071 4100 Irarum
2106 4043 2480 4113 largitionum,
2525 4052 2580 4099 et
2627 4041 3026 4114 gloriosissimo
3067 4050 3342 4112 quaastore
3374 4043 3458 4098 di-

189 4153 264 4202 ρος
313 4137 405 4192 τοῦ
451 4137 602 4192 θείου
649 4137 810 4209 ἡμῶν
852 4137 1143 4204 παλατίου,
1173 4136 1268 4190 τοῦ
1299 4154 1360 4189 τε
1412 4135 1756 4203 ἐνδοξοτάτου

1870 4137 1971 4192 vini
2019 4141 2193 4192 nostri
2230 4137 2441 4207 palatii,
2477 4144 2533 4193 et
2580 4135 2978 4207 gloriosissimo
3008 4136 3209 4192 comite
3245 4135 3456 4190 divina-

185 4227 392 4300 κόμητος
418 4232 535 4285 τῶν
571 4229 891 4299 ἁπανταχοῦ
920 4229 1084 4284 θείων
1126 4228 1286 4299 ἡμῶν
1317 4227 1534 4282 είδικῶν
1558 4245 1572 4261 ο
1606 4243 1756 4297 παρ-

1870 4245 1985 4284 rum
2017 4229 2338 4299 ubicunque
2379 4229 2500 4300 sint}
2525 4237 2836 4285 nostrarum
2876 4243 3058 4284 rerum
3089 4217 3452 4299 privatarum,

179 4321 309 4386 όντος
349 4325 406 4378 δὲ
473 4323 700 4377 καὶτοῦ
737 4321 879 4375 κατὰ
921 4321 1116 4394 καιρὸν
1161 4319 1754 4391 μεγαλοπρεπεστάτου

1870 4331 2134 4392 praesente
2161 4323 2331 4378 etiam
2359 4321 2413 4376 in
2440 4329 2686 4389 tempore
2721 4319 3263 4390 magnificentissimo
3293 4322 3454 4376 char-

177 4415 566 4489 χιιρτουλαρίου
591 4417 702 4469 τῶν
738 4415 899 4470 θείων
927 4417 960 4486 ἡ
972 4415 1087 4485 μῶν
1135 4413 1432 4477 κοιτώνων,
1471 4412 1756 4483 ίδιόχειρον

1870 4410 2065 4466 tulario
2109 4411 2278 4465 divini
2335 4411 2509 4467 nostri
2554 4410 2816 4475 cubiculi,
2871 4424 3038 4464 manu
3084 4424 3182 4465 sua
3210 4409 3453 4464 subscri-

179 4481 251 4578 ἦ
281 4481 461 4564 ποιεῖν
515 4509 684 4580 μηδὲν
734 4481 1036 4572 παντελίέις,
1093 4506 1229 4577 μηδέ
1270 4523 1380 4560 τινι
1420 4481 1746 4577 παρασχεῖν,

1870 4512 2008 4568 iant,
2037 4501 2172 4557 nihil
2203 4517 2262 4558 se
2289 4503 2544 4574 cuiquam
2577 4503 2873 4558 donaturos
2910 4515 3096 4573 neque
3143 4502 3452 4572 promissu-

177 4604 296 4672 μήτε
319 4603 668 4674 ὑποσχέσθαι
693 4601 900 4667 δοῦναι,
929 4602 1068 4673 μήτε
1103 4601 1444 4671 προστασίαν
1491 4597 1752 4668 ἐπαγγεί-

173 4693 370 4760 λασθαι,
413 4695 562 4765 μήτε
595 4695 661 4746 ἐκ
689 4693 788 4762 τῆς
817 4693 1088 4763 ἐπαρχίας
1119 4690 1453 4761 ὁμολογῆσαι
1488 4688 1757 4756 στέλλειν,

173 4786 293 4857 μήτε
323 4789 448 4850 τοῖς
481 4784 854 4852 ἐνδοξοτάτοις
891 4785 1180 4856 ὑπάρχοις,
1241 4784 1380 4855 μήτε
1414 4785 1529 4846 τοῖς
1567 4781 1752 4846 ἄλλοις

174 4881 264 4940 τοῖς
289 4879 390 4941 τὰς
419 4875 603 4948 ἀρχὰς
629 4876 833 4946 έχουσι,
869 4876 1010 4947 μήτε
1037 4879 1150 4939 τοῖς
1180 4875 1308 4945 περὶ
1340 4875 1542 4939 αὐτοὺς
1602 4875 1747 4928 καθ-

167 4969 373 5036 ιττῶσι,
403 4971 549 5042 μήτε
567 4969 740 5039 ἑτέρῳ
754 4969 879 5022 τινίο
899 4967 1015 5022 ἀλλ’
1035 4967 1224 5039 ὥσπερ
1239 4967 1472 5040 ἄμισθον
1482 4965 1750 5037 λαμϐάνει

169 5062 256 5130 τὴν
293 5065 496 5135 ἀρχὴν,
539 5062 961 5134 προσλαμϐάνει
1005 5079 1065 5114 τε
1128 5061 1281 5132 παρὰ
1335 5060 1429 5114 τοῦ
1485 5059 1748 5132 δημοσίου

175 5154 258 5217 τὰς
291 5159 540 5227 σιτήσεις
574 5154 800 5226 (ταύτας
844 5153 953 5225 γάρ
995 5154 1166 5224 μόνας
1202 5151 1504 5224 λαμϐάνειν
1561 5151 1750 5206 τοῦτον

171 5244 448 5320 ὶφίεμεν)·
500 5247 677 5311 οὓτως
745 5247 916 5318 αὐτὴν
967 5245 1238 5316 καθαραῖς
1288 5245 1526 5315 φυλάξαι
1582 5245 1747 5315 χερσὶ

175 5336 275 5409 Θεῷ
313 5357 376 5394 τε
425 5341 522 5394 καὶ
566 5341 700 5412 ἡμῖν
733 5340 860 5402 τοὺς
887 5339 1028 5409 ὑπὲρ
1060 5337 1232 5408 αὐτῆς
1261 5337 1531 5406 ὑφέξοντα
1557 5335 1751 5405 λόγους

176 5430 386 5500 δφείλει.
430 5435 702 5486 ’ῐστωσαν
759 5427 854 5486 οὖν
903 5432 1104 5494 οἵτινες
1159 5431 1499 5504 θαρρήσειαν
1562 5429 1749 5484 λαϐεῖν

178 5536 214 5573 τι
243 5526 375 5594 παρ’
416 5524 596 5577 αὐτῶν
625 5524 705 5588 είς
732 5523 833 5588 τὰς
877 5523 1179 5596 εἰρημένας
1230 5522 1406 5595 ἀρχὰς
1440 5521 1752 5594 παριόντων

173 5614 484 5686 περαιτέρω
508 5615 619 5670 τῶν
650 5616 928 5687 προφάσει
965 5614 1265 5684 συνηθειιῖω
1304 5614 1437 5685 παρ’
1471 5616 1606 5684 ἡμῖν
1652 5614 1751 5666 αὐ-

169 5705 271 5768 τοῖς
299 5706 652 5776 ὡρισμένων,
674 5708 748 5772 ὡς
789 5709 892 5760 οὐκ
917 5709 976 5759 ἐν
1017 5708 1234 5778 μικροῖς
1263 5709 1296 5778 ἡ
1324 5706 1482 5778 ποινὴ
1519 5706 1747 5777 γενήσε-

173 5810 255 5850 ται
281 5797 528 5862 τούτοιςο
561 5799 679 5856 ἀλλ’
729 5802 777 5855 οἱ
828 5801 929 5868 μὲν
972 5800 1220 5866 μέγιστοι
1261 5799 1519 5868 ἄρχοντες
1558 5800 1605 5854 οἱ
1651 5798 1748 5852 λα-

1857 4609 1968 4662 ros,
2001 4610 2183 4665 neque
2204 4595 2570 4666 patrocinium
2599 4594 3046 4662 denuntiaturos,
3081 4609 3259 4664 neque
3278 4608 3448 4665 spon-

1855 4703 2014 4743 suros
2063 4696 2124 4742 ut
2166 4698 2320 4744 extra
2377 4687 2716 4759 provinciam
2769 4687 2991 4743 mittant
3034 4687 3311 4758 quippiam
3365 4689 3449 4744 vel

1855 4781 1975 4837 aliis
2023 4781 2394 4861 praesidibus,
2444 4780 2530 4836 vel
2581 4780 2649 4836 iis
2706 4795 2843 4850 quos
2911 4779 3056 4834 circa
3104 4794 3164 4835 se
3207 4781 3447 4847 habent,

1855 4875 1940 4930 vel
1976 4875 2229 4945 cuiquam
2274 4875 2366 4929 alii
2431 4891 2445 4928 :
2490 4874 2585 4930 sed
2642 4881 2700 4929 ut
2734 4872 3024 4944 imperium
3084 4874 3254 4944 gratis
3286 4888 3448 4930 acce-

1855 4976 2054 5038 perunt
2119 4975 2175 5022 et
2255 4965 2530 5037 gratuitas
2587 4979 2651 5019 ex
2714 4964 2945 5035 publico,
2987 4963 3446 5022 frumentationes

1855 5059 2001 5128 (has
2070 5057 2217 5112 cnim
2293 5056 2440 5112 solas
2508 5055 2644 5127 ipsis
2715 5053 2976 5122 accipere
3027 5055 3444 5125 permittimus)

1854 5152 1926 5205 ita
1953 5150 2006 5207 id
2038 5149 2212 5220 ipsum
2237 5150 2389 5220 puris
2417 5148 2672 5204 manibus
2701 5147 3110 5215 administrare,
3159 5157 3215 5203 et
3259 5162 3442 5202 coram

1854 5243 2004 5309 Deo,
2051 5250 2109 5298 et
2158 5257 2344 5298 coram
2387 5241 2586 5312 nobis),
2637 5240 2838 5312 quibus
2899 5240 3170 5296 rationem
3219 5239 3443 5295 reddere

1856 5345 2111 5400 tenetur,
2172 5335 2462 5392 debebunt.
2540 5334 2732 5390 Sciant
2801 5343 2984 5390 autem
3056 5346 3249 5388 omnes
3323 5330 3443 5400 qui-

1853 5441 2071 5497 cunque
2109 5427 2314 5498 aliquid
2357 5443 2388 5482 a
2450 5427 2613 5483 dictis
2668 5427 3075 5498 provinciarum
3120 5423 3447 5494 praesidibus

1853 5520 2100 5590 accipere
2137 5519 2438 5587 audebunt,
2487 5519 2630 5575 ultra
2657 5517 3117 5575 consuetudinem
3165 5520 3437 5581 receptam

1852 5621 1908 5668 et
1930 5627 1959 5666 a
2001 5611 2158 5667 nobis
2189 5611 2493 5678 definitam,
2527 5626 2634 5666 non
2667 5611 2919 5680 exiguam
2968 5605 3076 5660 illis
3106 5617 3322 5674 poenam
3355 5599 3438 5653 fn-

1856 5713 2051 5767 turam,
2087 5703 2181 5757 sed
2218 5703 2455 5772 majores
2483 5703 2702 5773 quidem
2748 5697 3009 5769 praesides
3038 5696 3126 5765 qui
3159 5693 3228 5749 ab
3251 5692 3441 5764 ρεαιεί-

1854 5795 2010 5853 dibus
2050 5793 2251 5864 aliquid
2283 5793 2531 5864 accipere
2557 5791 2678 5849 ausi
2702 5787 2928 5856 fuerint,
2953 5795 3045 5843 aut
3076 5784 3128 5840 id
3157 5783 3278 5840 ﬁeri
3302 5796 3434 5838 con-
