4050 6424
561 321 670 386 475

1585 317 2102 380 CONSTANTINI
2143 316 2832 378 PORPHYROGENITI

3740 315 3854 382 476

560 433 835 489 cesserint
863 431 1011 487 intra
1048 443 1200 486 suam
1221 429 1687 502 iurisdictionem,
1716 443 1894 500 neque
1923 429 2149 484 manda-

2268 427 2441 502 Ξεῖντι
2481 425 2864 499 θαρρήσαντες
2907 424 3062 497 παρά
3113 423 3224 478 τῶν
3273 424 3355 490 εἰς
3402 426 3502 490 τὰς
3546 427 3855 500 εἰρημένας

565 535 677 578 tum
729 531 976 580 nostrum
1012 523 1234 579 reveriti
1280 525 1412 588 sint,
1445 537 1550 577 non
1579 521 1753 576 solum
1788 519 2150 597 quadruplum

562 631 754 672 eorum
789 632 911 685 quas
963 624 1293 684 acceperunt
1336 615 1586 679 reddent,
1613 613 1704 668 sed
1738 623 1791 668 et
1822 613 2155 683 indignatio-

565 724 687 764 nem
719 720 959 764 nostram
995 707 1277 771 subibunt,
1325 715 1379 761 et
1410 707 1700 775 imperium
1733 706 2017 760 amittendi
2056 719 2153 775 pe-

566 801 795 855 riculum
830 802 1057 855 adibunt
1102 815 1117 852 :
1167 799 1326 868 eique
1361 813 1500 868 quos
1551 798 1762 853 circum
1812 813 1872 854 se
1925 798 2150 866 habent,

564 893 767 962 quique
802 892 935 961 ipsis
962 898 1184 960 parent,
1213 892 1258 946 si
1308 891 1438 960 quid
1482 890 1712 959 amplius
1752 901 1952 961 praeter
1977 889 2096 946 inec
2121 906 2152 946 a

565 983 726 1038 nobis
767 996 1030 1037 concessa
1080 981 1328 1051 accipere
1370 991 1678 1048 conentur,
1729 993 1784 1038 et
1809 983 1910 1052 ipsi
1958 983 2152 1039 iisdem

563 1075 742 1143 poenis
776 1073 1161 1141 subjacebunt,
1207 1083 1262 1129 et
1305 1083 1570 1144 praeterea
1619 1076 1985 1146 quadruplum
2027 1077 2153 1132 red-

560 1166 710 1234 dent,
739 1168 1100 1232 excidentque
1129 1177 1186 1222 et
1215 1168 1522 1224 substantia
1552 1184 1650 1224 sua
1682 1179 1738 1224 et
1760 1170 1980 1238 cingulo
2013 1185 2154 1240 spo-

559 1257 862 1325 liabuntur,
889 1266 1091 1330 praeter
1111 1259 1216 1316 alia
1238 1261 1505 1333 supplicia
1539 1276 1660 1332 qua:
1689 1262 2010 1318 criminibus
2030 1262 2152 1319 istis

561 1348 846 1406 debentur.

631 1623 686 1680 5.
723 1623 990 1683 Ρι-ιεείἀθε
1036 1627 1128 1697 qui
1170 1629 1342 1698 gratis
1373 1631 1442 1684 ad
1494 1628 1726 1700 imperia
1763 1639 2151 1701 pervenerunt,

554 1714 815 1784 iubemus
868 1719 1102 1786 primum
1147 1720 1368 1789 quidem
1400 1735 1618 1788 curare,
1657 1732 1713 1776 ut
1747 1722 1977 1792 publica:
2007 1723 2150 1778 utili-

563 1808 660 1863 mu
709 1809 998 1880 diligenter
1049 1811 1355 1882 invigilent,
1408 1823 1464 1869 et
1497 1815 1879 1872 inobedientes
1923 1817 2149 1888 quidem
2184 1795 2232 1858 Β

561 1908 616 1952 ct
667 1898 1018 1958 refractarios
1056 1904 1205 1958 omni
1247 1907 1542 1962 severitate
1581 1921 1891 1975 coerceant,
1943 1911 2076 1965 nihil
2121 1927 2152 1966 a

559 1989 770 2060 justitia
814 1991 1184 2061 deflectentes,
1229 2010 1404 2066 neque
1436 1997 1490 2052 in
1541 1997 1647 2054 ullo
1692 2000 1906 2069 negotio
1942 1999 2150 2056 lucrum

563 2091 898 2151 spectantes,
953 2099 1161 2156 eosque
1215 2089 1310 2158 qui
1365 2090 1532 2160 probe
1568 2105 1628 2146 se
1668 2093 1941 2163 gesserint
1975 2095 2153 2164 patrio

562 2184 714 2226 more
749 2181 1066 2230 tractantes.
1979 2203 1986 2212 “

631 2353 684 2408 4.
722 2353 986 2414 Jubemus
1021 2369 1085 2415 ut
1130 2362 1389 2432 praesides
1433 2367 1683 2423 subditos
1713 2381 1927 2427 nostros
1957 2371 2027 2427 ab
2065 2372 2151 2428 in-

553 2447 714 2514 juriis
771 2459 826 2505 et
881 2455 1232 2511 contumeliis
1279 2459 1536 2516 omnibus
1590 2461 1926 2530 defendant,
1985 2481 2154 2535 seque

557 2555 746 2610 :equos
771 2542 820 2596 in
850 2543 1082 2612 publicis
1113 2548 1478 2606 seditionibus
1505 2553 1804 2623 praebeant,
1837 2567 2155 2614 coercentes

560 2634 782 2700 delicta,
815 2647 870 2691 et
899 2638 1150 2698 innoxios
1198 2645 1421 2714 quidem
1452 2649 1678 2703 omnino
1701 2650 1770 2704 ab
1824 2651 2022 2718 injuria
2057 2653 2154 2708 de-

562 2723 880 2812 fendentes,
930 2731 1194 2788 obnoxios
1230 2748 1360 2790 vero
1402 2737 1595 2806 culpae,
1645 2738 1940 2797 allicientes
1983 2757 2153 2812 poena

562 2811 770 2883 legibus
801 2819 1022 2875 tradita.
1052 2820 1253 2891 Sicque
1311 2826 1544 2883 subditis
1577 2828 1870 2898 imperent,
1902 2811 2158 2900 quemad-

565 2909 785 2963 modum
831 2921 1082 2980 parentes
1133 2915 1324 2975 liberis
1370 2921 1524 2989 suis;
1570 2930 1630 2976 ut
1659 2922 1870 2980 scilicet
1904 2926 2156 2984 innoxios

564 2999 808 3070 diligant,
841 3004 1054 3074 culpam
1077 3009 1430 3066 commeritos
1475 3026 1768 3071 coerceant
1794 3020 2154 3089 puniantque,

565 3105 784 3147 omnem
815 3095 1090 3200 iustitiam
1124 3099 1299 3167 ipsis,
1327 3112 1383 3156 et
1410 3103 1464 3158 in
1500 3104 1736 3174 publicis
1759 3115 1814 3160 et
1846 3108 1897 3162 in
1929 3109 2155 3177 privatis
2183 3141 2228 3200 ρ

567 3185 938 3242 contractibus
981 3200 1370 3248 conservantes
1424 3210 1442 3249 :
1493 3211 1672 3266 neque
1718 3197 1820 3267 ipsi
1866 3199 2043 3255 solum
2103 3201 2155 3255 id

568 3273 795 3342 faciant,
823 3278 919 3334 sed
950 3291 1006 3336 et
1033 3282 1194 3338 talem
1217 3285 1321 3340 sibi
1353 3301 1686 3346 assessorem
1708 3302 1763 3347 et
1783 3293 2155 3348 consiliarium

565 3368 852 3440 eligentes,
879 3372 1126 3444 aliosque
1152 3377 1249 3446 qui
1283 3379 1492 3434 circum
1527 3381 1676 3452 ipsos
1711 3395 1859 3454 sunt,
1893 3396 1952 3440 ut
1981 3401 2048 3441 ne
2077 3387 2161 3441 vi-

569 3459 803 3515 deantur
849 3461 948 3530 ipsi
1000 3464 1220 3534 quidem
1272 3463 1409 3522 citra
1447 3469 1663 3540 culpam
1711 3487 1851 3539 esse,
1903 3487 1998 3542 per
2024 3472 2164 3528 alios

567 3556 749 3602 autem
799 3564 992 3620 rapere
1033 3561 1089 3607 et
1140 3552 1342 3644 furar'b
1371 3559 1513 3626 quod
1546 3561 1718 3615 multo
1747 3562 1912 3615 etiam
1951 3561 2163 3631 turpius

565 3646 667 3694 est.
708 3639 764 3694 Si
792 3643 916 3711 quis
943 3653 1134 3699 contra
1183 3639 1539 3716 haeeTecerit,
1564 3660 1618 3706 et
1662 3653 1929 3710 bonorum
1991 3654 2162 3708 conli-

567 3733 894 3801 scationem,
922 3744 976 3790 et
1025 3739 1280 3794 exsilium
1301 3742 1538 3810 patietur
1567 3761 1582 3800 :
1616 3745 1864 3814 cupimus
1896 3746 2039 3801 enim
2065 3761 2162 3815 pu-

565 3838 658 3879 ras
675 3840 797 3880 esse
819 3828 1112 3896 praesidum
1133 3847 1350 3900 manus,
1372 3843 1431 3890 ut
1455 3835 1738 3893 indemnes
1758 3838 2008 3895 subditos
2026 3854 2160 3895 con-

567 3930 870 3972 servemus.

2255 519 2433 592 ἀρχὰς
2478 519 2809 590 παριόντων,
2847 518 2883 590 ἢ
2924 516 3342 589 συγχωροῦντες
3370 520 3438 590 τῇ
3477 519 3656 592 οἰκείᾳ
3699 521 3862 589 τάξει

2256 612 2500 667 τοιοῦτόν
2535 629 2586 665 τι
2612 612 2880 683 πράττειν
2908 611 3006 666 καλ⁸
3047 610 3462 684 πῳσαγγελθέν
3491 613 3554 666 ού
3583 614 3864 686 θεραπεύ-

2257 723 2431 770 οντες,
2461 705 2521 758 ού
2563 707 2716 777 μόνοι
2755 705 3157 778 τετραπλάσιον
3203 703 3553 760 ἀποδώσουσι
3579 709 3688 760 πᾶν
3726 709 3863 762 ὅσον

2255 797 2565 869 εἰλήφασιν,
2596 797 2738 852 ἀλλά
2770 798 2868 851 καὶ
2900 798 3150 869 μεγάλην
3198 797 3582 868 ἀγανάκτησιν
3609 798 3864 871 ὑποστή-

2259 907 2463 955 σονται,
2487 891 2586 944 καὶ
2639 889 2732 944 τὸν
2759 890 2854 944 ἐπὶ
2883 893 2950 960 τῇ
2981 891 3125 961 ἀρχῇ
3158 889 3404 944 κίνδυνον
3443 889 3866 962 εὑλαϐηθήσον-

2255 999 2381 1036 ταν
2412 982 2507 1036 καί
2543 1000 2606 1054 γε
2643 983 2712 1052 [Ῑ.
2751 983 2805 1036 εἰ
2838 999 2904 1050 γε
2934 980 3009 1053 οἰ]
3059 982 3198 1052 ἀμφ’
3228 981 3431 1046 αὐτοὺς
3477 981 3657 1049 ὄντες,
3685 983 3782 1036 καὶ
3824 985 3862 1054 ἡ

2257 1076 2560 1148 πειθομένη
2586 1075 2738 1141 τάξις
2760 1075 2946 1141 αὐτοῖς
2976 1075 3138 1130 πλέον
3173 1094 3229 1130 τι
3263 1075 3376 1130 τῶν
3392 1077 3526 1146 παρ’
3548 1077 3684 1147 ἡμῖν
3705 1093 3814 1145 συγ
3835 1107 3860 1121 -

2257 1171 2689 1242 κεχωρημένων,
2750 1170 3168 1241 ἐπιχειρήσαιεν
3195 1168 3408 1237 λαϐεῖν,
3449 1169 3605 1224 αύτοί
3630 1186 3689 1224 τε
3721 1171 3868 1223 ὑπο-

2256 1262 2536 1316 κείσονται
2573 1262 2690 1324 τοῖς
2725 1258 3156 1331 ἐζημιωμένοις,
3186 1260 3283 1314 καὶ
3310 1261 3392 1324 εἰς
3429 1259 3493 1313 τὸ
3540 1260 3866 1332 τετραπλά-

2259 1369 2373 1409 σιον
2423 1356 2839 1412 ἀποδώσουσινο
2883 1356 3249 1412 ἐκπεσοῦνται
3296 1357 3356 1412 δὲ
3402 1358 3498 1412 καὶ
3555 1358 3749 1422 ούσίας
3787 1357 3862 1430 [Ῑ.

2257 1446 2440 1519 ἀξίας]
2475 1449 2572 1503 καὶ
2611 1447 2792 1520 ζώνης
2823 1449 2963 1521 πρὸς
3016 1448 3096 1521 τῷ
3129 1450 3225 1504 καὶ
3263 1448 3564 1522 τιμωρίαις
3615 1449 3868 1506 ὑποϐάλ-

2256 1538 2444 1593 λεσθαι
2479 1539 2823 1611 πρεπούσαις
2846 1542 2959 1605 τοῖς
2988 1539 3482 1612 πλημμελήμασιν.

2329 1639 2400 1700 γ’.
2427 1631 2569 1696 Τοὺς
2618 1633 2890 1705 ἄρχοντας
2936 1634 3065 1698 τοὺς
3101 1633 3353 1704 ἀμίσθως
3388 1631 3864 1704 παραλαμϐάνον·

2264 1740 2368 1788 τας
2398 1723 2500 1787 τὰς
2531 1723 2730 1795 ἀρχὰς,
2761 1723 3063 1795 κελεύομεν
3089 1723 3310 1796 πρῶτον
3335 1722 3663 1793 σπούδασμα
3686 1723 3861 1794 ἔχειν,

2257 1818 2370 1880 τοῖς
2415 1815 2698 1888 δημοσίοις
2736 1815 3035 1886 ἀγρύπνως
3082 1814 3396 1887 προσέχειν,
3431 1815 3527 1869 καὶ
3577 1817 3705 1879 τοὺς
3753 1815 3863 1886 μὲν

2258 1907 2718 1980 ἀγνωμονοῦντας
2760 1909 2856 1962 καὶ
2883 1907 3228 1980 ἀμελοῦντας
3268 1909 3328 1962 ἐν
3364 1909 3478 1970 τοῖς
3509 1907 3856 1976 ἀναγκαίοις,

2260 1999 2404 2071 μετά
2455 1999 2641 2070 πάσης
2684 2001 3040 2070 εἰσπράττειν
3089 2001 3191 2071 τῆς
3242 1999 3635 2068 σφοδρότητος,
3685 1999 3854 2071 μηδὲν

2257 2091 2892 2162 ὑποκατακλινομένους,
2932 2091 3070 2162 μηδέ
3115 2090 3259 2158 ὑπὲρ
3290 2088 3456 2143 αὐτοῦ
3491 2089 3685 2142 τούτου
3725 2091 3861 2160 κέρ-

2257 2183 2347 2248 δος
2391 2201 2446 2238 τι
2502 2185 2856 2238 παντάπασιν
2903 2183 3249 2250 ἐννοοῦντας,
3277 2182 3395 2246 τοῖς
3441 2180 3497 2235 δὲ
3541 2180 3863 2254 εὐγνώμοσι

2260 2275 2545 2350 πατρικῶς
2579 2275 3021 2348 προσφερεσθαι.

2333 2363 2398 2418 δ’.
2452 2364 2593 2428 Τοὺς
2652 2363 2925 2433 ἄρχοντας
2985 2360 3309 2432 κελεύομεν,
3370 2362 3496 2426 τοὺς
3549 2361 3867 2433 ἡμετέρους

2259 2456 2562 2527 ὑπηκόους,
2613 2455 2910 2526 φυλάττειν
2989 2453 3332 2524 πανταχόθεν
3385 2453 3865 2525 ἀνεπηρεάστους,

2257 2549 2366 2602 οὐδ’
2398 2546 2577 2602 ὁτιοῦν
2620 2547 2754 2616 παρ’
2790 2545 3007 2611 οὐδενὸς
3042 2545 3227 2600 αὑτῶν
3267 2544 3697 2617 κομιζομένους,
3746 2544 3859 2598 ἴσοι

2256 2641 2316 2695 δὲ
2362 2643 2420 2696 ἐν
2465 2642 2590 2703 ταῖς
2639 2637 2916 2711 δημώδεσι
2977 2642 3236 2694 στάσεσιν
3267 2637 3514 2694 ἔστωσαν
3547 2637 3867 2703 ἐπεξιόντες

2257 2736 2375 2798 τοῖς
2407 2735 2835 2805 ἁμαρτήμασιν,
2871 2733 3124 2796 καὶτοὺς
3171 2733 3272 2803 μὲν
3325 2731 3678 2798 ἀνευθύνους,
3721 2748 3868 2786 παν-

2259 2827 2490 2898 ταχόθεν
2532 2825 2891 2895 φυλάττοιντο
2931 2825 3234 2896 καθαροὺς,
3268 2826 3382 2890 τοῖς
3410 2823 3470 2878 δὲ
3505 2823 3861 2889 ὑπευθύνοις,

2259 2919 2598 2984 ἐπιτιθέντες
2622 2919 2721 2990 τὴν
2753 2919 2898 2975 κατὰ
2933 2919 3134 2990 νόμους
3166 2918 3383 2991 ποινὴν,
3416 2921 3515 2973 καὶ
3547 2918 3728 2983 οὑτως
3756 2919 3863 2990 ἀρ·

2259 3028 2451 3080 χοντες
2483 3009 2595 3064 τῶν
2635 3011 2918 3082 ὑπηκόων,
2947 3010 3099 3065 ώσὰν
3141 3011 3384 3082 πατέρες
3421 3010 3558 3065 υἱῶν
3587 3009 3864 3078 ἔστωσαν,

2261 3101 2587 3170 ἀγαπῶντες
2621 3102 2722 3173 μὲν
2752 3102 2974 3170 αὑτοὺς,
3009 3101 3344 3168 ἀνευθύνους
3382 3102 3568 3166 ὄντας,
3613 3101 3865 3156 ὑπευθύ-

2262 3212 2388 3258 νους
2437 3194 2494 3248 δὲ
2543 3195 2928 3266 φαινομένους,
2979 3195 3410 3266 σωφρονίζοντές
3442 3212 3504 3249 τε
3548 3195 3646 3250 καὶ
3685 3212 3867 3266 τιμω-

2263 3286 2537 3358 ρούμενοι,
2586 3287 2680 3340 καὶ
2716 3287 2903 3340 πᾶσαν
2946 3285 3327 3356 δικαιοσύνην,
3363 3285 3421 3340 εν
3450 3303 3511 3338 τε
3533 3287 3650 3350 τοῖς
3685 3286 3864 3356 δημο-

2264 3377 2423 3441 σίοις,
2453 3375 2511 3429 έν
2573 3393 2633 3430 τε
2686 3378 2800 3439 τοῖς
2836 3375 2989 3439 ἰδίοις
3015 3375 3390 3446 συμϐολαίοις,
3435 3375 3620 3438 αὐτοῖς
3673 3374 3867 3446 διατη-

2265 3466 2508 3538 ροῦντες,
2550 3468 2648 3521 καὶ
2706 3469 2808 3522 οὑκ
2862 3467 3021 3522 αὐτοὶ
3080 3467 3234 3539 μόνοι
3282 3467 3446 3522 τοῦτο
3497 3467 3865 3539 πράττοντες,

2264 3558 2406 3613 ἀλλά
2440 3561 2538 3613 καὶ
2567 3558 2658 3613 τὸν
2686 3559 2775 3613 ἀεὶ
2811 3559 3252 3632 παρεδρεύοντα,
3281 3559 3524 3615 τοιοῦτον
3553 3560 3870 3630 λαμϐάνον-

2266 3668 2381 3717 τες,
2420 3653 2672 3716 καὶτοὺς
2708 3653 2838 3720 περὶ
2869 3651 3068 3716 αὑτοὺς
3112 3653 3385 3718 ἅπαντας,
3438 3651 3513 3714 ὡς
3561 3651 3638 3722 μὴ
3682 3649 3868 3706 δοκεῖν

2267 3743 2512 3822 ἐκείνους
2543 3743 2660 3814 δῆθ’
2687 3742 3020 3808 ἀνευθύνους
3051 3741 3216 3810 εἰναι,
3243 3743 3312 3798 δι’
3359 3743 3563 3822 ἑτέρων
3583 3741 3641 3796 δὲ
3671 3741 3868 3814 πλημ-

2273 3837 2455 3908 μελεῖν
2494 3855 2554 3890 τε
2596 3837 2693 3891 καὶ
2740 3837 3019 3904 κλέπτειν,
3050 3837 3189 3906 ὅπερ
3229 3835 3311 3890 ἐτι
3345 3836 3550 3907 μᾶλλον
3577 3836 3869 3907 αἰσχρότε-

2272 3931 2368 4002 ρόν
2399 3932 2571 3986 ἐστιν.
2610 3931 2674 3984 Εἰ
2725 3929 2782 3984 δέ
2810 3947 2899 3994 τις
2921 3929 3074 4001 παρά
3099 3929 3274 3984 ταῦτα
3311 3927 3593 4001 πράξειεν,
3623 3928 3755 3981 ἵστω
3780 3930 3865 3981 ὃτι

567 4014 663 4066 καὶ
698 4015 966 4084 δήμευσιν
1020 4019 1116 4072 καὶ
1167 4019 1384 4092 ἐξορίαν
1463 4023 1858 4097 ὑποστήσεται,
1921 4027 2016 4082 καὶ
2065 4027 2165 4100 τὴν
2207 4027 2288 4091 εἰς
2345 4027 2406 4082 τὸ
2439 4027 2602 4100 σῶμα
2626 4027 2862 4098 βάσανόν
2893 4045 2954 4082 τε
3011 4027 3106 4082 καὶ
3135 4028 3445 4100 τιμωρίανο
3473 4026 3716 4098 καθαρὰς
3749 4025 3860 4096 γὰρ

567 4111 912 4183 ἀπαιτοῦμεν
935 4109 1076 4167 εἶναι
1104 4118 1216 4168 τῶν
1239 4117 1521 4188 ἀρχόντων
1548 4121 1649 4184 τάς
1667 4124 1879 4194 χεῖρας,
1905 4122 1993 4178 ἵνα
2023 4125 2151 4188 τοὺς
2189 4121 2524 4195 ἀρχομένους
2560 4123 2830 4194 ἀζημίους
2860 4123 3213 4193 φυλάξωμεν·

637 4203 691 4259 5.
724 4204 990 4262 Jubemus
1039 4210 1498 4280 provincialibus,
1556 4214 1660 4270 hoc
1693 4224 1801 4280 est,
1845 4217 1940 4272 Dei
1975 4234 2164 4273 aman-

570 4295 783 4352 tissimo
810 4298 1090 4371 episcopo,
1127 4300 1360 4374 aliisque
1391 4305 1485 4375 qui
1516 4305 1568 4361 in
1602 4321 1667 4361 ea
1704 4309 1928 4379 regione
1955 4310 2160 4379 primas

566 4387 834 4455 obtinent,
866 4391 939 4446 si.
959 4407 1164 4462 praeses
1196 4395 1434 4464 regionis
1459 4398 1739 4468 quidpiam
1774 4415 1902 4471 erga
1933 4403 2155 4472 provin-

2344 4221 2408 4270 ε’.
2444 4214 2764 4286 Κελεύομεν
2793 4216 2909 4279 τοῖς
2957 4213 3357 4286 ἐπαρχιώταις,
3421 4213 3568 4268 τοῦτ’
3601 4213 3742 4280 ἔστι,
3791 4215 3872 4286 τῷ

2271 4306 2675 4378 θεοφιλεστάτῳ
2706 4307 3016 4378 ἐπισκόπῳ,
3056 4306 3288 4370 καὶτοῖς
3322 4307 3380 4359 ἐν
3413 4309 3481 4376 τῇ
3518 4305 3675 4379 χώρᾳ
3712 4325 3872 4378 πρω-

2266 4397 2542 4466 τεύουσιν,
2590 4399 2702 4452 εἴτε
2733 4397 2800 4471 [Ῑ.
2840 4397 2970 4469 εἴτι]
3009 4399 3152 4453 κατά
3186 4399 3285 4470 τῆς
3335 4399 3610 4470 ἐπαρχίας
3655 4399 3870 4468 ἄδικον,

567 4483 708 4535 ciam
757 4482 957 4552 injuste
992 4485 1206 4553 fecerit,
1255 4489 1412 4546 nobis
1449 4492 1794 4562 supplicare,
1849 4495 2160 4565 factamque

2268 4493 2293 4546 ὑ
2331 4494 2433 4564 τῆς
2461 4494 2649 4565 χώρας
2681 4493 2866 4566 ἄρχων
2891 4492 3288 4567 διαπράξηται,
3321 4493 3535 4566 δεήσεις
3567 4496 3870 4564 ποιεῖσθαι,

576 4575 1030 4643 supplicationem
1060 4580 1128 4634 ad
1169 4596 1270 4638 nos
1305 4585 1693 4652 transmittere,
1728 4587 1781 4642 in
1823 4603 1928 4657 qua
1962 4589 2156 4644 delicta

569 4667 823 4735 praesidis
854 4670 1263 4729 contineantur.
1293 4674 1402 4732 Nos
1430 4678 1575 4732 enim
1613 4679 1736 4735 istis
1770 4680 2005 4750 cognitis
2037 4685 2162 4736 mit-

568 4768 746 4815 temus
794 4761 1028 4833 aliquem
1073 4767 1164 4834 qui
1201 4767 1392 4827 inista
1423 4770 1686 4841 iuquirat,
1713 4782 1776 4827 ut
1823 4774 1874 4828 in
1911 4789 2015 4845 qua
2060 4790 2161 4830 re-

570 4851 733 4922 gione
761 4855 1059 4918 commisit,
1094 4857 1166 4913 ibi
1198 4869 1254 4914 et
1279 4875 1470 4930 poenas
1501 4865 1781 4921 commissi
1816 4865 1902 4920 sui
1936 4865 2068 4929 luat.
2104 4877 2162 4922 ut

569 4943 660 4998 alii
693 4946 796 5000 hoc
823 4948 1073 5019 exemplo
1104 4954 1528 5010 commonefacti
1563 4957 1762 5012 similia
1807 4964 2016 5014 tentare
2053 4976 2158 5015 nou

574 5037 832 5094 audeant.

640 5217 694 5275 6.
723 5219 991 5278 Jubemus
1021 5232 1078 5279 ut
1113 5225 1372 5295 praesides
1403 5230 1808 5298 provinciarum
1839 5235 2160 5293 omnimodo

569 5322 694 5379 post
745 5313 1055 5382 depositum
1125 5317 1410 5386 imperium
1467 5322 1859 5394 quinquaginta
1892 5325 2050 5396 adies
2110 5329 2161 5381 in

479 5468 482 5470 γ
574 5406 876 5472 provinciis
919 5421 1353 5477 commoremur,
1384 5423 1444 5468 ut
1475 5430 1734 5472 accusare
1761 5417 1910 5488 ipsos
1937 5419 2166 5476 volemi-

573 5495 674 5586 bus
719 5501 1105 5566 respondeant.
1153 5505 1214 5571 (Ι.
1272 5523 1310 5569 r,
1340 5521 1368 5558 ε
1429 5503 1495 5559 Ut
1543 5524 1684 5562 omn.
1727 5509 1899 5578 judic.
1933 5513 2164 5586 tom.c.)

576 5585 733 5651 Quod
785 5589 830 5643 si
882 5606 1011 5647 vero
1053 5596 1347 5666 contigerit
1384 5599 1691 5670 quempiam
1750 5617 1815 5656 ex
1862 5603 1992 5672 ipsis
2040 5585 2166 5661 ante

579 5682 882 5749 completos
907 5687 1301 5758 quinquaginta
1324 5690 1440 5747 dies
1476 5693 1543 5748 dc
1573 5693 1849 5762 provincia
1879 5699 2164 5764 excedere,

580 5769 839 5840 iubemus
870 5792 1060 5836 omnes
1087 5781 1152 5837 ab
1179 5782 1293 5852 ipso
1337 5783 1591 5841 damnum
1639 5801 1846 5856 passos,
1875 5788 2167 5845 convenire

2261 4585 2360 4638 καὶ
2420 4587 2502 4650 εἰς
2535 4587 2686 4656 ἡμᾶς
2725 4585 3103 4657 ἀναπέμπειν,
3135 4586 3551 4651 καταλέγοντας
3601 4587 3699 4642 τοῦ
3759 4589 3864 4660 τὴν

2264 4677 2439 4750 ἀρχὴν
2469 4677 2686 4748 ἔχοντος
2713 4678 2782 4733 τὰ
2815 4677 3297 4750 πλημμελήματα.
3343 4679 3539 4750 Ἦμεῖς
3579 4681 3690 4751 γὰρ
3722 4680 3863 4736 ταῦ·-

2266 4788 2336 4824 τα
2369 4768 2734 4840 μανθάνοντες
2785 4769 3082 4840 στελοῦμεν
3139 4769 3234 4823 τὸν
3288 4767 3465 4823 ταῦτα
3508 4768 3850 4833 ἐξετάσοντα

2264 4864 2350 4934 ἐφ’
2379 4857 2484 4932 ᾧτε
2525 4863 2691 4918 αὑτὸν
2740 4861 2870 4917 ἔνθα
2920 4862 3018 4916 καὶ
3056 4862 3340 4932 ⁴ήδίκησεν,
3395 4863 3576 4916 ἐκεῖσε
3624 4861 3722 4916 καὶ
3769 4863 3874 4925 τὰς

2266 4957 2459 5020 ποινὰς
2491 4957 2751 5027 ὑποσχεῖν
2780 4954 2872 5009 τοῦ
2921 4955 3419 5028 πλημμελήματος,
3457 4954 3537 5018 ὡς
3571 4954 3707 5025 μηδὲ
3742 4955 3898 5008 ἔτει·-

2271 5045 2364 5114 ρόν
2399 5061 2523 5098 τινα
2555 5043 2769 5098 τοιοῦτο
2803 5042 3014 5114 πρᾶξαι
3054 5043 3332 5116 θαρρῆσαι
3381 5044 3521 5116 πρὸς
3573 5044 3636 5098 τὸ
3686 5046 3879 5116 παρά-

2267 5139 2386 5208 δειγ
2395 5156 2472 5208 μα
2503 5139 2794 5210 βλέποντα.

2341 5231 2416 5297 ς’.
2458 5231 2773 5300 Κελεύομεν
2797 5231 2924 5294 τοὺς
2953 5230 3062 5285 τῶν
3092 5230 3396 5303 ἐπαρχιῶν·
3415 5230 3708 5302 ἄρχοντας,
3734 5232 3877 5285 πᾶσι

2268 5323 2493 5395 τρόποις
2534 5323 2674 5393 μετὰ
2709 5322 2770 5376 τὸ
2793 5321 3103 5377 ἀποθέσθαι
3147 5322 3246 5394 τὴν
3298 5322 3476 5396 ἀρχὴν
3523 5323 3878 5393 πεντήκοντα

2269 5416 2484 5487 ἡμέρας
2534 5418 2592 5470 ἐν
2616 5418 2738 5480 ταῖς
2781 5416 3074 5487 ἐπαρχίαις
3121 5416 3442 5488 διατρίϐειν,
3487 5417 3582 5470 καὶ
3623 5418 3739 5479 τοῖς
3788 5418 3881 5469 ἐν-

2277 5505 2435 5578 άγειν
2469 5510 2653 5572 αὐτοῖς
2673 5509 3044 5580 βουλομένοις,
3076 5510 3494 5580 ἀποκρίνεσθαι.
3542 5511 3604 5563 Εἰ
3638 5509 3696 5562 δὲ
3727 5527 3877 5578 συμ-

2274 5601 2450 5656 ϐαίνει
2480 5604 2603 5656 τινὰ
2632 5603 2692 5666 ἐξ
2721 5602 2905 5657 αὑτῶν
2945 5603 3053 5675 πρὸ
3079 5603 3174 5658 τοῦ
3210 5605 3502 5676 πληρῶσαι
3530 5603 3630 5665 τὰς
3663 5603 3871 5671 πεντή-

2275 5711 2442 5748 κοντα
2482 5693 2721 5766 ἠμέρας,
2769 5695 3097 5749 καταλιπεῖν
3144 5695 3246 5768 τήν
3291 5695 3499 5766 χώραν,
3561 5692 3876 5763 κελεύομεν

2275 5790 2484 5856 πάντας
2515 5793 2640 5857 τοὺς
2667 5791 2797 5864 παρ’
2823 5792 2990 5848 αὑτοῦ
3024 5793 3231 5866 ζημίας
3257 5793 3410 5857 τινάς
3435 5790 3872 5862 ὑπομείναντας,
