  <div class='ocr_page' id='page_1' title='image "/cluster/home/n/w/nwhite01/storage/ocr_20150623/113:no.2/coo.31924054870179/250.png"; bbox 0 0 4050 6418; ppageno 0'>
   <div class='ocr_carea' id='block_1_1' title="bbox 261 335 2218 413">
    <p class='ocr_par' dir='ltr' id='par_1_1' title="bbox 261 335 2218 413">
     <span class='ocr_line' id='line_1_1' title="bbox 261 335 2218 413; baseline 0.007 -14"><span class='ocrx_word' id='word_1_1' title='bbox 261 335 336 399; x_wconf 78' lang='grc' dir='ltr'><strong>’Π</strong></span> <span class='ocrx_word' id='word_1_2' title='bbox 1503 345 1890 409; x_wconf 84' lang='lat' dir='ltr'><strong>DELECTUS</strong></span> <span class='ocrx_word' id='word_1_3' title='bbox 1931 350 2218 413; x_wconf 87' lang='lat' dir='ltr'><strong>LEGUM.</strong></span> 
     </span>
    </p>
   </div>
   <div class='ocr_carea' id='block_1_2' title="bbox 3378 358 3490 422">
    <p class='ocr_par' dir='ltr' id='par_1_2' title="bbox 3378 358 3490 422">
     <span class='ocr_line' id='line_1_2' title="bbox 3378 358 3490 422; baseline 0 -1"><span class='ocrx_word' id='word_1_4' title='bbox 3378 358 3490 422; x_wconf 63' lang='grc'><strong>6⁸18</strong></span> 
     </span>
    </p>
   </div>
   <div class='ocr_carea' id='block_1_3' title="bbox 223 440 1812 537">
    <p class='ocr_par' dir='ltr' id='par_1_3' title="bbox 223 440 1812 521">
     <span class='ocr_line' id='line_1_3' title="bbox 223 440 1812 521; baseline 0.01 -28"><span class='ocrx_word' id='word_1_5' title='bbox 223 440 465 494; x_wconf 76' lang='grc' dir='ltr'><strong>συνιέναι</strong></span> <span class='ocrx_word' id='word_1_6' title='bbox 495 440 654 510; x_wconf 85' lang='grc' dir='ltr'><strong>παρά</strong></span> <span class='ocrx_word' id='word_1_7' title='bbox 703 442 782 513; x_wconf 84' lang='grc' dir='ltr'>τῷ</span> <span class='ocrx_word' id='word_1_8' title='bbox 830 443 1110 514; x_wconf 77' lang='grc' dir='ltr'>ὁσιωτάτῳ</span> <span class='ocrx_word' id='word_1_9' title='bbox 1154 447 1252 518; x_wconf 85' lang='grc' dir='ltr'>τῆς</span> <span class='ocrx_word' id='word_1_10' title='bbox 1281 453 1669 521; x_wconf 81' lang='grc' dir='ltr'><strong>μητροπόλεως</strong></span> <span class='ocrx_word' id='word_1_11' title='bbox 1699 456 1812 508; x_wconf 85' lang='grc' dir='ltr'>ἐπι-</span> 
     </span>
    </p>
   </div>
   <div class='ocr_carea' id='block_1_4' title="bbox 1916 440 3503 537">
    <p class='ocr_par' dir='ltr' id='par_1_4' title="bbox 1923 461 3503 537">
     <span class='ocr_line' id='line_1_4' title="bbox 1923 461 3503 537; baseline 0.01 -26"><span class='ocrx_word' id='word_1_12' title='bbox 1923 462 2062 528; x_wconf 86' lang='lat' dir='ltr'><strong>apud</strong></span> <span class='ocrx_word' id='word_1_13' title='bbox 2103 461 2512 517; x_wconf 69' lang='lat' dir='ltr'><strong>sanctiSsimum</strong></span> <span class='ocrx_word' id='word_1_14' title='bbox 2551 463 2912 534; x_wconf 87' lang='lat' dir='ltr'><strong>mctropoleos</strong></span> <span class='ocrx_word' id='word_1_15' title='bbox 2937 463 3179 534; x_wconf 82' lang='lat' dir='ltr'><strong>ejusdem</strong></span> <span class='ocrx_word' id='word_1_16' title='bbox 3208 469 3503 537; x_wconf 77' lang='lat' dir='ltr'><strong>provinciae</strong></span> 
     </span>
    </p>
   </div>
   <div class='ocr_carea' id='block_1_5' title="bbox 223 530 1816 613">
    <p class='ocr_par' dir='ltr' id='par_1_5' title="bbox 223 530 1816 613">
     <span class='ocr_line' id='line_1_5' title="bbox 223 530 1816 613; baseline 0.01 -29"><span class='ocrx_word' id='word_1_17' title='bbox 223 533 413 601; x_wconf 82' lang='grc' dir='ltr'>σκόπῳ</span> <span class='ocrx_word' id='word_1_18' title='bbox 444 530 549 600; x_wconf 76' lang='grc' dir='ltr'>τῆς</span> <span class='ocrx_word' id='word_1_19' title='bbox 603 530 781 604; x_wconf 78' lang='grc' dir='ltr'>αὐτῆς</span> <span class='ocrx_word' id='word_1_20' title='bbox 837 536 1123 608; x_wconf 89' lang='grc' dir='ltr'>ἐπαρχίας,</span> <span class='ocrx_word' id='word_1_21' title='bbox 1160 541 1252 592; x_wconf 71' lang='grc' dir='ltr'>καὶ</span> <span class='ocrx_word' id='word_1_22' title='bbox 1288 543 1380 594; x_wconf 68' lang='grc' dir='ltr'>ἐπὶ</span> <span class='ocrx_word' id='word_1_23' title='bbox 1405 543 1658 613; x_wconf 81' lang='grc' dir='ltr'>πράξεως</span> <span class='ocrx_word' id='word_1_24' title='bbox 1684 547 1816 600; x_wconf 82' lang='grc' dir='ltr'>ὑπο-</span> 
     </span>
    </p>
   </div>
   <div class='ocr_carea' id='block_1_6' title="bbox 221 623 1814 704">
    <p class='ocr_par' dir='ltr' id='par_1_6' title="bbox 221 623 1814 704">
     <span class='ocr_line' id='line_1_6' title="bbox 221 623 1814 704; baseline 0.008 -28"><span class='ocrx_word' id='word_1_25' title='bbox 221 625 550 693; x_wconf 81' lang='grc' dir='ltr'><strong>μνημάτων,</strong></span> <span class='ocrx_word' id='word_1_26' title='bbox 569 623 672 676; x_wconf 76' lang='grc' dir='ltr'>ἒνα</span> <span class='ocrx_word' id='word_1_27' title='bbox 702 625 934 680; x_wconf 68' lang='grc' dir='ltr'>ἕκαστον</span> <span class='ocrx_word' id='word_1_28' title='bbox 965 628 1144 681; x_wconf 85' lang='grc' dir='ltr'>αὐτῶν</span> <span class='ocrx_word' id='word_1_29' title='bbox 1175 631 1484 701; x_wconf 79' lang='grc' dir='ltr'>ἁπτόμενον</span> <span class='ocrx_word' id='word_1_30' title='bbox 1508 635 1617 688; x_wconf 88' lang='grc' dir='ltr'><strong>τῶν</strong></span> <span class='ocrx_word' id='word_1_31' title='bbox 1643 637 1814 704; x_wconf 73' lang='grc' dir='ltr'>ἁγίων</span> 
     </span>
    </p>
   </div>
   <div class='ocr_carea' id='block_1_7' title="bbox 223 714 1815 799">
    <p class='ocr_par' dir='ltr' id='par_1_7' title="bbox 223 714 1815 799">
     <span class='ocr_line' id='line_1_7' title="bbox 223 714 1815 799; baseline 0.008 -30"><span class='ocrx_word' id='word_1_32' title='bbox 223 714 602 784; x_wconf 81' lang='grc' dir='ltr'>Εὑαγγελίων,</span> <span class='ocrx_word' id='word_1_33' title='bbox 627 716 900 788; x_wconf 75' lang='grc' dir='ltr'>φανεροῦν</span> <span class='ocrx_word' id='word_1_34' title='bbox 922 717 1023 784; x_wconf 81' lang='grc' dir='ltr'>τὰς</span> <span class='ocrx_word' id='word_1_35' title='bbox 1056 721 1388 793; x_wconf 82' lang='grc' dir='ltr'>ἐπαχθείσας</span> <span class='ocrx_word' id='word_1_36' title='bbox 1415 727 1564 796; x_wconf 84' lang='grc' dir='ltr'><strong>αὑτῷ</strong></span> <span class='ocrx_word' id='word_1_37' title='bbox 1591 728 1815 799; x_wconf 81' lang='grc' dir='ltr'>ζημίας,</span> 
     </span>
    </p>
   </div>
   <div class='ocr_carea' id='block_1_8' title="bbox 215 806 1819 882">
    <p class='ocr_par' dir='ltr' id='par_1_8' title="bbox 215 806 1819 882">
     <span class='ocr_line' id='line_1_8' title="bbox 215 806 1819 882; baseline 0.009 -22"><span class='ocrx_word' id='word_1_38' title='bbox 215 806 308 860; x_wconf 78' lang='grc' dir='ltr'>καὶ</span> <span class='ocrx_word' id='word_1_39' title='bbox 335 807 406 860; x_wconf 83' lang='grc' dir='ltr'><strong>ἐκ</strong></span> <span class='ocrx_word' id='word_1_40' title='bbox 439 806 545 876; x_wconf 82' lang='grc' dir='ltr'><strong>τῆς</strong></span> <span class='ocrx_word' id='word_1_41' title='bbox 575 806 798 861; x_wconf 83' lang='grc' dir='ltr'>ἐκείνου</span> <span class='ocrx_word' id='word_1_42' title='bbox 842 811 1163 882; x_wconf 79' lang='grc' dir='ltr'><strong>περιουσίας</strong></span> <span class='ocrx_word' id='word_1_43' title='bbox 1217 816 1338 868; x_wconf 84' lang='grc' dir='ltr'>καθ’</span> <span class='ocrx_word' id='word_1_44' title='bbox 1363 812 1420 870; x_wconf 70' lang='grc' dir='ltr'><strong>οὗ</strong></span> <span class='ocrx_word' id='word_1_45' title='bbox 1475 819 1542 871; x_wconf 78' lang='grc' dir='ltr'><strong>τὰ</strong></span> <span class='ocrx_word' id='word_1_46' title='bbox 1593 821 1819 875; x_wconf 78' lang='grc' dir='ltr'>τοιαῦτα</span> 
     </span>
    </p>
   </div>
   <div class='ocr_carea' id='block_1_9' title="bbox 218 896 1816 976">
    <p class='ocr_par' dir='ltr' id='par_1_9' title="bbox 218 896 1816 976">
     <span class='ocr_line' id='line_1_9' title="bbox 218 896 1816 976; baseline 0.008 -25"><span class='ocrx_word' id='word_1_47' title='bbox 218 896 460 968; x_wconf 73' lang='grc' dir='ltr'>συνέστη</span> <span class='ocrx_word' id='word_1_48' title='bbox 494 897 896 969; x_wconf 77' lang='grc' dir='ltr'>ὑπομνήματα,</span> <span class='ocrx_word' id='word_1_49' title='bbox 931 903 1112 957; x_wconf 81' lang='grc' dir='ltr'>πᾶσαν</span> <span class='ocrx_word' id='word_1_50' title='bbox 1156 903 1361 974; x_wconf 76' lang='grc' dir='ltr'>ζημίαν</span> <span class='ocrx_word' id='word_1_51' title='bbox 1402 909 1513 970; x_wconf 85' lang='grc' dir='ltr'>τοῖς</span> <span class='ocrx_word' id='word_1_52' title='bbox 1542 908 1816 976; x_wconf 77' lang='grc' dir='ltr'>βλαϐεῖσιν</span> 
     </span>
    </p>
   </div>
   <div class='ocr_carea' id='block_1_10' title="bbox 217 985 1816 1069">
    <p class='ocr_par' dir='ltr' id='par_1_10' title="bbox 217 985 1816 1069">
     <span class='ocr_line' id='line_1_10' title="bbox 217 985 1816 1069; baseline 0.008 -29"><span class='ocrx_word' id='word_1_53' title='bbox 217 985 738 1042; x_wconf 62' lang='grc' dir='ltr'><strong>ἀνιόιιειθίστασθαι⁹</strong></span> <span class='ocrx_word' id='word_1_54' title='bbox 770 991 821 1043; x_wconf 85' lang='grc' dir='ltr'><strong>εί</strong></span> <span class='ocrx_word' id='word_1_55' title='bbox 854 991 911 1044; x_wconf 87' lang='grc' dir='ltr'><strong>δέ</strong></span> <span class='ocrx_word' id='word_1_56' title='bbox 940 1009 1025 1056; x_wconf 88' lang='grc' dir='ltr'><strong>τις</strong></span> <span class='ocrx_word' id='word_1_57' title='bbox 1064 993 1170 1047; x_wconf 89' lang='grc' dir='ltr'><strong>τῶν</strong></span> <span class='ocrx_word' id='word_1_58' title='bbox 1203 996 1482 1066; x_wconf 84' lang='grc' dir='ltr'>ἀρχόντων</span> <span class='ocrx_word' id='word_1_59' title='bbox 1502 999 1609 1051; x_wconf 90' lang='grc' dir='ltr'><strong>τῶν</strong></span> <span class='ocrx_word' id='word_1_60' title='bbox 1640 1003 1816 1069; x_wconf 77' lang='grc' dir='ltr'>ἐπαρι-</span> 
     </span>
    </p>
   </div>
   <div class='ocr_carea' id='block_1_11' title="bbox 217 1077 1806 1163">
    <p class='ocr_par' dir='ltr' id='par_1_11' title="bbox 217 1077 1806 1163">
     <span class='ocr_line' id='line_1_11' title="bbox 217 1077 1806 1163; baseline 0.008 -32"><span class='ocrx_word' id='word_1_61' title='bbox 217 1077 346 1150; x_wconf 81' lang='grc' dir='ltr'>χιῶν</span> <span class='ocrx_word' id='word_1_62' title='bbox 377 1077 766 1150; x_wconf 69' lang='grc' dir='ltr'><strong>μετακληθείη</strong></span> <span class='ocrx_word' id='word_1_63' title='bbox 789 1082 871 1145; x_wconf 87' lang='grc' dir='ltr'><strong>είς</strong></span> <span class='ocrx_word' id='word_1_64' title='bbox 901 1082 1068 1154; x_wconf 80' lang='grc' dir='ltr'>ἀλλην</span> <span class='ocrx_word' id='word_1_65' title='bbox 1093 1085 1288 1158; x_wconf 82' lang='grc' dir='ltr'>ἀρχὴν,</span> <span class='ocrx_word' id='word_1_66' title='bbox 1320 1087 1352 1158; x_wconf 82' lang='grc' dir='ltr'>ἢ</span> <span class='ocrx_word' id='word_1_67' title='bbox 1378 1089 1567 1157; x_wconf 82' lang='grc' dir='ltr'>χρείαν</span> <span class='ocrx_word' id='word_1_68' title='bbox 1603 1089 1666 1159; x_wconf 79' lang='grc' dir='ltr'><strong>[Ῑ.</strong></span> <span class='ocrx_word' id='word_1_69' title='bbox 1700 1090 1806 1163; x_wconf 63' lang='grc' dir='ltr'><strong>χώς</strong></span> 
     </span>
    </p>
   </div>
   <div class='ocr_carea' id='block_1_12' title="bbox 226 1167 1812 1249">
    <p class='ocr_par' dir='ltr' id='par_1_12' title="bbox 226 1167 1812 1249">
     <span class='ocr_line' id='line_1_12' title="bbox 226 1167 1812 1249; baseline 0.009 -29"><span class='ocrx_word' id='word_1_70' title='bbox 226 1167 363 1242; x_wconf 70' lang='lat' dir='ltr'><strong>pzv],</strong></span> <span class='ocrx_word' id='word_1_71' title='bbox 399 1167 712 1240; x_wconf 79' lang='grc' dir='ltr'>κελεύομεν</span> <span class='ocrx_word' id='word_1_72' title='bbox 746 1171 911 1226; x_wconf 75' lang='grc' dir='ltr'>αὐτὸν</span> <span class='ocrx_word' id='word_1_73' title='bbox 981 1173 1212 1243; x_wconf 87' lang='grc' dir='ltr'>νόμιμον</span> <span class='ocrx_word' id='word_1_74' title='bbox 1268 1179 1485 1232; x_wconf 85' lang='grc' dir='ltr'>ἐντολέα</span> <span class='ocrx_word' id='word_1_75' title='bbox 1511 1181 1812 1249; x_wconf 74' lang='grc' dir='ltr'>προϐαλλὸ-</span> 
     </span>
    </p>
   </div>
   <div class='ocr_carea' id='block_1_13' title="bbox 231 1261 1817 1340">
    <p class='ocr_par' dir='ltr' id='par_1_13' title="bbox 231 1261 1817 1340">
     <span class='ocr_line' id='line_1_13' title="bbox 231 1261 1817 1340; baseline 0.008 -27"><span class='ocrx_word' id='word_1_76' title='bbox 231 1277 382 1330; x_wconf 81' lang='grc' dir='ltr'>μενον</span> <span class='ocrx_word' id='word_1_77' title='bbox 409 1262 532 1324; x_wconf 80' lang='grc' dir='ltr'>τοῖς</span> <span class='ocrx_word' id='word_1_78' title='bbox 573 1261 679 1326; x_wconf 81' lang='grc' dir='ltr'><strong>τάς</strong></span> <span class='ocrx_word' id='word_1_79' title='bbox 711 1262 995 1332; x_wconf 78' lang='grc' dir='ltr'>ἐναγωγάς</span> <span class='ocrx_word' id='word_1_80' title='bbox 1039 1266 1180 1336; x_wconf 78' lang='grc' dir='ltr'>ὑπὲρ</span> <span class='ocrx_word' id='word_1_81' title='bbox 1220 1266 1444 1339; x_wconf 80' lang='grc' dir='ltr'>ζημιῶν</span> <span class='ocrx_word' id='word_1_82' title='bbox 1478 1270 1817 1340; x_wconf 83' lang='grc' dir='ltr'>προτιθεῖσιν</span> 
     </span>
    </p>
   </div>
   <div class='ocr_carea' id='block_1_14' title="bbox 226 1350 1817 1434">
    <p class='ocr_par' dir='ltr' id='par_1_14' title="bbox 226 1350 1817 1434">
     <span class='ocr_line' id='line_1_14' title="bbox 226 1350 1817 1434; baseline 0.008 -30"><span class='ocrx_word' id='word_1_83' title='bbox 226 1350 644 1424; x_wconf 76' lang='grc' dir='ltr'>ἀποκρίνεσθαι,</span> <span class='ocrx_word' id='word_1_84' title='bbox 675 1353 815 1424; x_wconf 85' lang='grc' dir='ltr'>ὅπερ</span> <span class='ocrx_word' id='word_1_85' title='bbox 849 1357 899 1408; x_wconf 79' lang='grc' dir='ltr'><strong>εί</strong></span> <span class='ocrx_word' id='word_1_86' title='bbox 935 1356 1010 1426; x_wconf 82' lang='grc' dir='ltr'>μὴ</span> <span class='ocrx_word' id='word_1_87' title='bbox 1045 1357 1266 1429; x_wconf 87' lang='grc' dir='ltr'>πράξοι,</span> <span class='ocrx_word' id='word_1_88' title='bbox 1315 1360 1641 1434; x_wconf 80' lang='grc' dir='ltr'>θεσπίζομεν</span> <span class='ocrx_word' id='word_1_89' title='bbox 1681 1365 1817 1416; x_wconf 85' lang='grc' dir='ltr'>ὑπο-</span> 
     </span>
    </p>
   </div>
   <div class='ocr_carea' id='block_1_15' title="bbox 231 1443 1818 1522">
    <p class='ocr_par' dir='ltr' id='par_1_15' title="bbox 231 1443 1818 1522">
     <span class='ocr_line' id='line_1_15' title="bbox 231 1443 1818 1522; baseline 0.007 -28"><span class='ocrx_word' id='word_1_90' title='bbox 231 1443 494 1514; x_wconf 74' lang='grc' dir='ltr'>μνήματα</span> <span class='ocrx_word' id='word_1_91' title='bbox 520 1443 681 1515; x_wconf 82' lang='grc' dir='ltr'><strong>παρά</strong></span> <span class='ocrx_word' id='word_1_92' title='bbox 706 1443 785 1514; x_wconf 87' lang='grc' dir='ltr'>τῷ</span> <span class='ocrx_word' id='word_1_93' title='bbox 818 1444 1102 1517; x_wconf 81' lang='grc' dir='ltr'>δσιωτάτῳ</span> <span class='ocrx_word' id='word_1_94' title='bbox 1131 1449 1435 1522; x_wconf 84' lang='grc' dir='ltr'>ὲπισκόπῳ,</span> <span class='ocrx_word' id='word_1_95' title='bbox 1472 1453 1655 1516; x_wconf 83' lang='grc' dir='ltr'>καθὼς</span> <span class='ocrx_word' id='word_1_96' title='bbox 1676 1454 1818 1505; x_wconf 86' lang='grc' dir='ltr'>ἀνω-</span> 
     </span>
    </p>
   </div>
   <div class='ocr_carea' id='block_1_16' title="bbox 228 1534 1815 1614">
    <p class='ocr_par' dir='ltr' id='par_1_16' title="bbox 228 1534 1815 1614">
     <span class='ocr_line' id='line_1_16' title="bbox 228 1534 1815 1614; baseline 0.007 -28"><span class='ocrx_word' id='word_1_97' title='bbox 228 1535 375 1604; x_wconf 83' lang='grc' dir='ltr'>τέρω</span> <span class='ocrx_word' id='word_1_98' title='bbox 407 1534 648 1610; x_wconf 81' lang='grc' dir='ltr'>εῖρηται,</span> <span class='ocrx_word' id='word_1_99' title='bbox 680 1536 1044 1606; x_wconf 86' lang='grc' dir='ltr'>πράττεσθαι,</span> <span class='ocrx_word' id='word_1_100' title='bbox 1076 1540 1170 1593; x_wconf 77' lang='grc' dir='ltr'>καὶ</span> <span class='ocrx_word' id='word_1_101' title='bbox 1224 1545 1338 1605; x_wconf 85' lang='grc' dir='ltr'>τοῖς</span> <span class='ocrx_word' id='word_1_102' title='bbox 1393 1543 1534 1614; x_wconf 83' lang='grc' dir='ltr'>ὑπὲρ</span> <span class='ocrx_word' id='word_1_103' title='bbox 1572 1545 1680 1597; x_wconf 91' lang='grc' dir='ltr'><strong>τῶν</strong></span> <span class='ocrx_word' id='word_1_104' title='bbox 1717 1544 1815 1613; x_wconf 79' lang='grc' dir='ltr'><strong>ζη-</strong></span> 
     </span>
    </p>
   </div>
   <div class='ocr_carea' id='block_1_17' title="bbox 236 1625 1818 1706">
    <p class='ocr_par' dir='ltr' id='par_1_17' title="bbox 236 1625 1818 1706">
     <span class='ocr_line' id='line_1_17' title="bbox 236 1625 1818 1706; baseline 0.006 -28"><span class='ocrx_word' id='word_1_105' title='bbox 236 1625 382 1694; x_wconf 78' lang='grc' dir='ltr'>μιῶν</span> <span class='ocrx_word' id='word_1_106' title='bbox 417 1625 532 1680; x_wconf 76' lang='grc' dir='ltr'><strong>τῶν</strong></span> <span class='ocrx_word' id='word_1_107' title='bbox 579 1627 920 1697; x_wconf 74' lang='grc' dir='ltr'>ἐπαχθεισῶν</span> <span class='ocrx_word' id='word_1_108' title='bbox 975 1630 1161 1694; x_wconf 82' lang='grc' dir='ltr'>αὐτοῖς</span> <span class='ocrx_word' id='word_1_109' title='bbox 1215 1632 1447 1702; x_wconf 79' lang='grc' dir='ltr'>ὀμόσασι</span> <span class='ocrx_word' id='word_1_110' title='bbox 1509 1636 1652 1690; x_wconf 80' lang='grc' dir='ltr'>κατὰ</span> <span class='ocrx_word' id='word_1_111' title='bbox 1718 1636 1818 1706; x_wconf 83' lang='grc' dir='ltr'>τὴν</span> 
     </span>
    </p>
   </div>
   <div class='ocr_carea' id='block_1_18' title="bbox 248 1715 1815 1793">
    <p class='ocr_par' dir='ltr' id='par_1_18' title="bbox 248 1715 1815 1793">
     <span class='ocr_line' id='line_1_18' title="bbox 248 1715 1815 1793; baseline 0.006 -26"><span class='ocrx_word' id='word_1_112' title='bbox 248 1715 356 1770; x_wconf 79' lang='grc' dir='ltr'><strong>τῶν</strong></span> <span class='ocrx_word' id='word_1_113' title='bbox 381 1716 777 1788; x_wconf 71' lang='grc' dir='ltr'>πεπραγμένων</span> <span class='ocrx_word' id='word_1_114' title='bbox 825 1717 1074 1790; x_wconf 81' lang='grc' dir='ltr'>δύναμιν,</span> <span class='ocrx_word' id='word_1_115' title='bbox 1109 1723 1292 1775; x_wconf 84' lang='grc' dir='ltr'>πᾶσαν</span> <span class='ocrx_word' id='word_1_116' title='bbox 1323 1723 1527 1793; x_wconf 79' lang='grc' dir='ltr'>ζημίαν</span> <span class='ocrx_word' id='word_1_117' title='bbox 1567 1725 1815 1780; x_wconf 81' lang='grc' dir='ltr'>ἀποδίδο-</span> 
     </span>
    </p>
   </div>
   <div class='ocr_carea' id='block_1_19' title="bbox 1921 553 3503 632">
    <p class='ocr_par' dir='ltr' id='par_1_19' title="bbox 1921 553 3503 632">
     <span class='ocr_line' id='line_1_19' title="bbox 1921 553 3503 632; baseline 0.008 -26"><span class='ocrx_word' id='word_1_118' title='bbox 1921 553 2260 623; x_wconf 71' lang='lat' dir='ltr'><strong>episcopum,</strong></span> <span class='ocrx_word' id='word_1_119' title='bbox 2287 563 2342 609; x_wconf 89' lang='lat' dir='ltr'><strong>et</strong></span> <span class='ocrx_word' id='word_1_120' title='bbox 2375 555 2428 608; x_wconf 89' lang='lat' dir='ltr'><strong>in</strong></span> <span class='ocrx_word' id='word_1_121' title='bbox 2468 557 2544 610; x_wconf 86' lang='lat' dir='ltr'><strong>rei</strong></span> <span class='ocrx_word' id='word_1_122' title='bbox 2593 557 2908 612; x_wconf 81' lang='lat' dir='ltr'><strong>memoriam</strong></span> <span class='ocrx_word' id='word_1_123' title='bbox 2951 574 3390 632; x_wconf 85' lang='lat' dir='ltr'><strong>unumquemque</strong></span> <span class='ocrx_word' id='word_1_124' title='bbox 3415 578 3503 620; x_wconf 82' lang='lat' dir='ltr'><strong>ec-</strong></span> 
     </span>
    </p>
   </div>
   <div class='ocr_carea' id='block_1_20' title="bbox 1917 647 3500 720">
    <p class='ocr_par' dir='ltr' id='par_1_20' title="bbox 1917 647 3500 720">
     <span class='ocr_line' id='line_1_20' title="bbox 1917 647 3500 720; baseline 0.006 -21"><span class='ocrx_word' id='word_1_125' title='bbox 1917 660 2037 700; x_wconf 93' lang='lat' dir='ltr'><strong>rum</strong></span> <span class='ocrx_word' id='word_1_126' title='bbox 2088 647 2244 701; x_wconf 88' lang='lat' dir='ltr'><strong>tactis</strong></span> <span class='ocrx_word' id='word_1_127' title='bbox 2287 647 2459 702; x_wconf 89' lang='lat' dir='ltr'><strong>sacris</strong></span> <span class='ocrx_word' id='word_1_128' title='bbox 2524 648 2850 718; x_wconf 82' lang='lat' dir='ltr'><strong>Evangeliis,</strong></span> <span class='ocrx_word' id='word_1_129' title='bbox 2908 649 3054 704; x_wconf 91' lang='lat' dir='ltr'><strong>illata</strong></span> <span class='ocrx_word' id='word_1_130' title='bbox 3123 651 3255 720; x_wconf 82' lang='lat' dir='ltr'><strong>ipsis</strong></span> <span class='ocrx_word' id='word_1_131' title='bbox 3302 655 3500 710; x_wconf 78' lang='lat' dir='ltr'><strong>damna</strong></span> 
     </span>
    </p>
   </div>
   <div class='ocr_carea' id='block_1_21' title="bbox 1919 737 3501 811">
    <p class='ocr_par' dir='ltr' id='par_1_21' title="bbox 1919 737 3501 811">
     <span class='ocr_line' id='line_1_21' title="bbox 1919 737 3501 811; baseline 0.007 -22"><span class='ocrx_word' id='word_1_132' title='bbox 1919 737 2300 806; x_wconf 74' lang='lat' dir='ltr'><strong>manifestare,</strong></span> <span class='ocrx_word' id='word_1_133' title='bbox 2349 749 2402 794; x_wconf 89' lang='lat' dir='ltr'><strong>et</strong></span> <span class='ocrx_word' id='word_1_134' title='bbox 2445 754 2512 795; x_wconf 81' lang='lat' dir='ltr'><strong>ex</strong></span> <span class='ocrx_word' id='word_1_135' title='bbox 2546 739 2664 808; x_wconf 84' lang='lat' dir='ltr'><strong>ejus</strong></span> <span class='ocrx_word' id='word_1_136' title='bbox 2707 749 2976 810; x_wconf 72' lang='lat' dir='ltr'><strong>potestate</strong></span> <span class='ocrx_word' id='word_1_137' title='bbox 3017 746 3158 811; x_wconf 88' lang='lat' dir='ltr'><strong>apud</strong></span> <span class='ocrx_word' id='word_1_138' title='bbox 3196 759 3355 811; x_wconf 86' lang='lat' dir='ltr'><strong>quem</strong></span> <span class='ocrx_word' id='word_1_139' title='bbox 3397 746 3501 800; x_wconf 85' lang='lat' dir='ltr'><strong>ista</strong></span> 
     </span>
    </p>
   </div>
   <div class='ocr_carea' id='block_1_22' title="bbox 1921 829 3503 903">
    <p class='ocr_par' dir='ltr' id='par_1_22' title="bbox 1921 829 3503 903">
     <span class='ocr_line' id='line_1_22' title="bbox 1921 829 3503 903; baseline 0.006 -20"><span class='ocrx_word' id='word_1_140' title='bbox 1921 829 2076 895; x_wconf 81' lang='lat' dir='ltr'><strong>ﬁunt,</strong></span> <span class='ocrx_word' id='word_1_141' title='bbox 2106 845 2268 886; x_wconf 91' lang='lat' dir='ltr'><strong>omne</strong></span> <span class='ocrx_word' id='word_1_142' title='bbox 2299 831 2556 887; x_wconf 87' lang='lat' dir='ltr'><strong>damnum</strong></span> <span class='ocrx_word' id='word_1_143' title='bbox 2591 832 2697 887; x_wconf 89' lang='lat' dir='ltr'><strong>illis</strong></span> <span class='ocrx_word' id='word_1_144' title='bbox 2726 834 2816 903; x_wconf 90' lang='lat' dir='ltr'><strong>qui</strong></span> <span class='ocrx_word' id='word_1_145' title='bbox 2858 834 2972 888; x_wconf 68' lang='lat' dir='ltr'><strong>laesi</strong></span> <span class='ocrx_word' id='word_1_146' title='bbox 3006 845 3132 890; x_wconf 86' lang='lat' dir='ltr'><strong>sunt</strong></span> <span class='ocrx_word' id='word_1_147' title='bbox 3162 837 3392 891; x_wconf 82' lang='lat' dir='ltr'><strong>restitui.</strong></span> <span class='ocrx_word' id='word_1_148' title='bbox 3443 838 3503 892; x_wconf 88' lang='lat' dir='ltr'><strong>Si</strong></span> 
     </span>
    </p>
   </div>
   <div class='ocr_carea' id='block_1_23' title="bbox 1919 923 3505 998">
    <p class='ocr_par' dir='ltr' id='par_1_23' title="bbox 1919 923 3505 998">
     <span class='ocr_line' id='line_1_23' title="bbox 1919 923 3505 998; baseline 0.004 -22"><span class='ocrx_word' id='word_1_149' title='bbox 1919 923 2043 990; x_wconf 90' lang='lat' dir='ltr'><strong>quis</strong></span> <span class='ocrx_word' id='word_1_150' title='bbox 2070 938 2198 979; x_wconf 87' lang='lat' dir='ltr'><strong>vero</strong></span> <span class='ocrx_word' id='word_1_151' title='bbox 2221 924 2511 994; x_wconf 70' lang='lat' dir='ltr'><strong>praesidum</strong></span> <span class='ocrx_word' id='word_1_152' title='bbox 2542 926 2946 994; x_wconf 82' lang='lat' dir='ltr'><strong>provinciarum</strong></span> <span class='ocrx_word' id='word_1_153' title='bbox 2966 927 3019 980; x_wconf 89' lang='lat' dir='ltr'><strong>in</strong></span> <span class='ocrx_word' id='word_1_154' title='bbox 3039 927 3199 980; x_wconf 91' lang='lat' dir='ltr'><strong>aliam</strong></span> <span class='ocrx_word' id='word_1_155' title='bbox 3215 928 3505 998; x_wconf 68' lang='lat' dir='ltr'><strong>praefectu-</strong></span> 
     </span>
    </p>
   </div>
   <div class='ocr_carea' id='block_1_24' title="bbox 1919 1011 3500 1085">
    <p class='ocr_par' dir='ltr' id='par_1_24' title="bbox 1919 1011 3500 1085">
     <span class='ocr_line' id='line_1_24' title="bbox 1919 1011 3500 1085; baseline 0.004 -20"><span class='ocrx_word' id='word_1_156' title='bbox 1919 1027 2032 1066; x_wconf 89' lang='lat' dir='ltr'><strong>ram</strong></span> <span class='ocrx_word' id='word_1_157' title='bbox 2096 1022 2190 1067; x_wconf 88' lang='lat' dir='ltr'><strong>aut</strong></span> <span class='ocrx_word' id='word_1_158' title='bbox 2218 1013 2394 1068; x_wconf 91' lang='lat' dir='ltr'><strong>locum</strong></span> <span class='ocrx_word' id='word_1_159' title='bbox 2430 1024 2672 1082; x_wconf 83' lang='lat' dir='ltr'><strong>vocetur,</strong></span> <span class='ocrx_word' id='word_1_160' title='bbox 2701 1015 2957 1084; x_wconf 86' lang='lat' dir='ltr'><strong>jnhemus</strong></span> <span class='ocrx_word' id='word_1_161' title='bbox 2990 1025 3166 1084; x_wconf 88' lang='lat' dir='ltr'><strong>utper</strong></span> <span class='ocrx_word' id='word_1_162' title='bbox 3194 1011 3500 1085; x_wconf 86' lang='lat' dir='ltr'><strong>legitimum</strong></span> 
     </span>
    </p>
   </div>
   <div class='ocr_carea' id='block_1_25' title="bbox 1919 1105 3494 1175">
    <p class='ocr_par' dir='ltr' id='par_1_25' title="bbox 1919 1105 3494 1175">
     <span class='ocr_line' id='line_1_25' title="bbox 1919 1105 3494 1175; baseline 0.005 -21"><span class='ocrx_word' id='word_1_163' title='bbox 1919 1112 2326 1170; x_wconf 88' lang='lat' dir='ltr'><strong>procuratorem</strong></span> <span class='ocrx_word' id='word_1_164' title='bbox 2357 1105 2682 1173; x_wconf 87' lang='lat' dir='ltr'><strong>respondeat</strong></span> <span class='ocrx_word' id='word_1_165' title='bbox 2708 1105 2838 1172; x_wconf 84' lang='lat' dir='ltr'><strong>illis,</strong></span> <span class='ocrx_word' id='word_1_166' title='bbox 2867 1107 2962 1175; x_wconf 87' lang='lat' dir='ltr'><strong>qui</strong></span> <span class='ocrx_word' id='word_1_167' title='bbox 2985 1106 3165 1160; x_wconf 91' lang='lat' dir='ltr'><strong>damni</strong></span> <span class='ocrx_word' id='word_1_168' title='bbox 3185 1105 3295 1160; x_wconf 89' lang='lat' dir='ltr'><strong>dati</strong></span> <span class='ocrx_word' id='word_1_169' title='bbox 3319 1109 3494 1162; x_wconf 85' lang='lat' dir='ltr'><strong>actio-</strong></span> 
     </span>
    </p>
   </div>
   <div class='ocr_carea' id='block_1_26' title="bbox 1918 1193 3503 1265">
    <p class='ocr_par' dir='ltr' id='par_1_26' title="bbox 1918 1193 3503 1265">
     <span class='ocr_line' id='line_1_26' title="bbox 1918 1193 3503 1265; baseline 0.003 -19"><span class='ocrx_word' id='word_1_170' title='bbox 1918 1205 2041 1246; x_wconf 89' lang='lat' dir='ltr'><strong>nem</strong></span> <span class='ocrx_word' id='word_1_171' title='bbox 2069 1193 2166 1260; x_wconf 91' lang='lat' dir='ltr'><strong>ipsi</strong></span> <span class='ocrx_word' id='word_1_172' title='bbox 2193 1194 2490 1260; x_wconf 81' lang='lat' dir='ltr'><strong>intentant;</strong></span> <span class='ocrx_word' id='word_1_173' title='bbox 2521 1195 2664 1265; x_wconf 88' lang='lat' dir='ltr'><strong>quod</strong></span> <span class='ocrx_word' id='word_1_174' title='bbox 2683 1196 2788 1252; x_wconf 88' lang='lat' dir='ltr'><strong>nisi</strong></span> <span class='ocrx_word' id='word_1_175' title='bbox 2814 1195 3007 1252; x_wconf 88' lang='lat' dir='ltr'><strong>fecerit</strong></span> <span class='ocrx_word' id='word_1_176' title='bbox 3027 1235 3044 1261; x_wconf 93' lang='lat'><strong>,</strong></span> <span class='ocrx_word' id='word_1_177' title='bbox 3070 1197 3417 1253; x_wconf 85' lang='lat' dir='ltr'><strong>decernimus</strong></span> <span class='ocrx_word' id='word_1_178' title='bbox 3441 1205 3503 1250; x_wconf 88' lang='lat' dir='ltr'><strong>ut</strong></span> 
     </span>
    </p>
   </div>
   <div class='ocr_carea' id='block_1_27' title="bbox 1921 1285 3500 1358">
    <p class='ocr_par' dir='ltr' id='par_1_27' title="bbox 1921 1285 3500 1358">
     <span class='ocr_line' id='line_1_27' title="bbox 1921 1285 3500 1358; baseline 0.003 -20"><span class='ocrx_word' id='word_1_179' title='bbox 1921 1285 2396 1355; x_wconf 84' lang='lat' dir='ltr'><strong>(quemadmodum</strong></span> <span class='ocrx_word' id='word_1_180' title='bbox 2432 1302 2597 1357; x_wconf 89' lang='lat' dir='ltr'><strong>supra</strong></span> <span class='ocrx_word' id='word_1_181' title='bbox 2641 1287 2847 1343; x_wconf 88' lang='lat' dir='ltr'><strong>dictum</strong></span> <span class='ocrx_word' id='word_1_182' title='bbox 2894 1289 3000 1358; x_wconf 85' lang='lat' dir='ltr'><strong>est)</strong></span> <span class='ocrx_word' id='word_1_183' title='bbox 3036 1289 3176 1358; x_wconf 91' lang='lat' dir='ltr'><strong>apud</strong></span> <span class='ocrx_word' id='word_1_184' title='bbox 3206 1289 3500 1346; x_wconf 81' lang='lat' dir='ltr'><strong>sanctissi-</strong></span> 
     </span>
    </p>
   </div>
   <div class='ocr_carea' id='block_1_28' title="bbox 1894 1376 3499 1446">
    <p class='ocr_par' dir='ltr' id='par_1_28' title="bbox 1894 1376 3499 1446">
     <span class='ocr_line' id='line_1_28' title="bbox 1894 1376 3499 1446; baseline 0.005 -18"><span class='ocrx_word' id='word_1_185' title='bbox 1894 1392 2065 1430; x_wconf 59' lang='lat' dir='ltr'><strong>,mum</strong></span> <span class='ocrx_word' id='word_1_186' title='bbox 2098 1376 2412 1446; x_wconf 87' lang='lat' dir='ltr'><strong>episcopum</strong></span> <span class='ocrx_word' id='word_1_187' title='bbox 2437 1378 2770 1432; x_wconf 84' lang='lat' dir='ltr'><strong>memorialia</strong></span> <span class='ocrx_word' id='word_1_188' title='bbox 2813 1387 2933 1433; x_wconf 89' lang='lat' dir='ltr'><strong>acta</strong></span> <span class='ocrx_word' id='word_1_189' title='bbox 2975 1378 3352 1446; x_wconf 82' lang='lat' dir='ltr'><strong>conﬁciantur,</strong></span> <span class='ocrx_word' id='word_1_190' title='bbox 3401 1379 3499 1436; x_wconf 88' lang='lat' dir='ltr'><strong>iis-</strong></span> 
     </span>
    </p>
   </div>
   <div class='ocr_carea' id='block_1_29' title="bbox 1919 1465 3497 1537">
    <p class='ocr_par' dir='ltr' id='par_1_29' title="bbox 1919 1465 3497 1537">
     <span class='ocr_line' id='line_1_29' title="bbox 1919 1465 3497 1537; baseline 0.004 -20"><span class='ocrx_word' id='word_1_191' title='bbox 1919 1481 2046 1535; x_wconf 88' lang='lat' dir='ltr'><strong>que,</strong></span> <span class='ocrx_word' id='word_1_192' title='bbox 2091 1465 2184 1535; x_wconf 87' lang='lat' dir='ltr'><strong>qui</strong></span> <span class='ocrx_word' id='word_1_193' title='bbox 2228 1467 2294 1521; x_wconf 87' lang='lat' dir='ltr'><strong>de</strong></span> <span class='ocrx_word' id='word_1_194' title='bbox 2336 1466 2535 1521; x_wconf 90' lang='lat' dir='ltr'><strong>damno</strong></span> <span class='ocrx_word' id='word_1_195' title='bbox 2577 1465 2708 1536; x_wconf 89' lang='lat' dir='ltr'><strong>ipsis</strong></span> <span class='ocrx_word' id='word_1_196' title='bbox 2763 1467 2912 1522; x_wconf 89' lang='lat' dir='ltr'><strong>illato</strong></span> <span class='ocrx_word' id='word_1_197' title='bbox 2949 1467 3276 1537; x_wconf 73' lang='lat' dir='ltr'><strong>iuraverint,</strong></span> <span class='ocrx_word' id='word_1_198' title='bbox 3317 1467 3497 1524; x_wconf 86' lang='lat' dir='ltr'><strong>ablata</strong></span> 
     </span>
    </p>
   </div>
   <div class='ocr_carea' id='block_1_30' title="bbox 1920 1557 3495 1629">
    <p class='ocr_par' dir='ltr' id='par_1_30' title="bbox 1920 1557 3495 1629">
     <span class='ocr_line' id='line_1_30' title="bbox 1920 1557 3495 1629; baseline 0.003 -20"><span class='ocrx_word' id='word_1_199' title='bbox 1920 1557 2155 1621; x_wconf 86' lang='lat' dir='ltr'><strong>restitui,</strong></span> <span class='ocrx_word' id='word_1_200' title='bbox 2192 1557 2334 1610; x_wconf 84' lang='lat' dir='ltr'><strong>nulla</strong></span> <span class='ocrx_word' id='word_1_201' title='bbox 2367 1557 2616 1612; x_wconf 79' lang='lat' dir='ltr'><strong>videlicet</strong></span> <span class='ocrx_word' id='word_1_202' title='bbox 2648 1558 2883 1613; x_wconf 89' lang='lat' dir='ltr'><strong>admissa</strong></span> <span class='ocrx_word' id='word_1_203' title='bbox 2913 1559 3171 1628; x_wconf 88' lang='lat' dir='ltr'><strong>temporis</strong></span> <span class='ocrx_word' id='word_1_204' title='bbox 3241 1559 3495 1629; x_wconf 67' lang='lat' dir='ltr'><strong>praescri-</strong></span> 
     </span>
    </p>
   </div>
   <div class='ocr_carea' id='block_1_31' title="bbox 1917 1648 3498 1720">
    <p class='ocr_par' dir='ltr' id='par_1_31' title="bbox 1917 1648 3498 1720">
     <span class='ocr_line' id='line_1_31' title="bbox 1917 1648 3498 1720; baseline 0.004 -20"><span class='ocrx_word' id='word_1_205' title='bbox 1917 1648 2105 1716; x_wconf 81' lang='lat' dir='ltr'><strong>ptione</strong></span> <span class='ocrx_word' id='word_1_206' title='bbox 2136 1649 2203 1702; x_wconf 89' lang='lat' dir='ltr'><strong>ad</strong></span> <span class='ocrx_word' id='word_1_207' title='bbox 2232 1649 2520 1704; x_wconf 89' lang='lat' dir='ltr'><strong>criminum</strong></span> <span class='ocrx_word' id='word_1_208' title='bbox 2557 1649 3102 1716; x_wconf 84' lang='lat' dir='ltr'><strong>animadversionem,</strong></span> <span class='ocrx_word' id='word_1_209' title='bbox 3124 1665 3363 1720; x_wconf 88' lang='lat' dir='ltr'><strong>eousque</strong></span> <span class='ocrx_word' id='word_1_210' title='bbox 3389 1651 3498 1706; x_wconf 86' lang='lat' dir='ltr'><strong>sci-</strong></span> 
     </span>
    </p>
   </div>
   <div class='ocr_carea' id='block_1_32' title="bbox 1919 1737 3494 1823">
    <p class='ocr_par' dir='ltr' id='par_1_32' title="bbox 1919 1737 3494 1823">
     <span class='ocr_line' id='line_1_32' title="bbox 1919 1737 3494 1823; baseline 0.004 -31"><span class='ocrx_word' id='word_1_211' title='bbox 1919 1737 2042 1794; x_wconf 83' lang='lat' dir='ltr'><strong>licet</strong></span> <span class='ocrx_word' id='word_1_212' title='bbox 2102 1740 2227 1794; x_wconf 90' lang='lat' dir='ltr'><strong>dum</strong></span> <span class='ocrx_word' id='word_1_213' title='bbox 2285 1742 2500 1810; x_wconf 83' lang='lat' dir='ltr'><strong>praesidi</strong></span> <span class='ocrx_word' id='word_1_214' title='bbox 2560 1743 2890 1812; x_wconf 89' lang='lat' dir='ltr'><strong>permissum</strong></span> <span class='ocrx_word' id='word_1_215' title='bbox 2942 1741 3136 1823; x_wconf 17' lang='lat' dir='ltr'><strong>fuerit“</strong></span> <span class='ocrx_word' id='word_1_216' title='bbox 3158 1743 3494 1814; x_wconf 89' lang='lat' dir='ltr'><strong>provinciam</strong></span> 
     </span>
    </p>
   </div>
   <div class='ocr_carea' id='block_1_33' title="bbox 248 1806 1812 1890">
    <p class='ocr_par' dir='ltr' id='par_1_33' title="bbox 248 1806 1812 1888">
     <span class='ocr_line' id='line_1_33' title="bbox 248 1806 1812 1888; baseline 0.006 -28"><span class='ocrx_word' id='word_1_217' title='bbox 248 1806 386 1874; x_wconf 82' lang='grc' dir='ltr'>σθαι,</span> <span class='ocrx_word' id='word_1_218' title='bbox 423 1806 582 1879; x_wconf 66' lang='grc' dir='ltr'>δῆλον</span> <span class='ocrx_word' id='word_1_219' title='bbox 630 1807 717 1862; x_wconf 81' lang='grc' dir='ltr'>ὅτι</span> <span class='ocrx_word' id='word_1_220' title='bbox 775 1809 1004 1881; x_wconf 83' lang='grc' dir='ltr'>μηδενὸς</span> <span class='ocrx_word' id='word_1_221' title='bbox 1050 1813 1244 1882; x_wconf 86' lang='grc' dir='ltr'>χρόνου</span> <span class='ocrx_word' id='word_1_222' title='bbox 1282 1813 1571 1884; x_wconf 81' lang='grc' dir='ltr'>δυναμένοι</span> <span class='ocrx_word' id='word_1_223' title='bbox 1631 1835 1812 1888; x_wconf 82' lang='grc' dir='ltr'>παρα-</span> 
     </span>
    </p>
   </div>
   <div class='ocr_carea' id='block_1_34' title="bbox 1916 1806 2505 1890">
    <p class='ocr_par' dir='ltr' id='par_1_34' title="bbox 1918 1833 2505 1890">
     <span class='ocr_line' id='line_1_34' title="bbox 1918 1833 2505 1890; baseline 0.005 -5"><span class='ocrx_word' id='word_1_224' title='bbox 1918 1847 2072 1886; x_wconf 88' lang='lat' dir='ltr'><strong>suam</strong></span> <span class='ocrx_word' id='word_1_225' title='bbox 2099 1833 2505 1890; x_wconf 87' lang='lat' dir='ltr'><strong>administrare.</strong></span> 
     </span>
    </p>
   </div>
   <div class='ocr_carea' id='block_1_35' title="bbox 240 1897 1814 1977">
    <p class='ocr_par' dir='ltr' id='par_1_35' title="bbox 240 1897 1814 1977">
     <span class='ocr_line' id='line_1_35' title="bbox 240 1897 1814 1977; baseline 0.008 -26"><span class='ocrx_word' id='word_1_226' title='bbox 240 1897 564 1969; x_wconf 75' lang='grc' dir='ltr'>γράφεσθαι,</span> <span class='ocrx_word' id='word_1_227' title='bbox 596 1899 709 1956; x_wconf 84' lang='grc' dir='ltr'><strong>τῶν</strong></span> <span class='ocrx_word' id='word_1_228' title='bbox 729 1901 1088 1972; x_wconf 80' lang='grc' dir='ltr'><strong>ἀδικημάτων</strong></span> <span class='ocrx_word' id='word_1_229' title='bbox 1124 1902 1221 1974; x_wconf 80' lang='grc' dir='ltr'>τὴν</span> <span class='ocrx_word' id='word_1_230' title='bbox 1255 1903 1543 1976; x_wconf 76' lang='grc' dir='ltr'>εἴσπραξιν</span> <span class='ocrx_word' id='word_1_231' title='bbox 1575 1908 1659 1977; x_wconf 76' lang='grc' dir='ltr'>ἐφ’</span> <span class='ocrx_word' id='word_1_232' title='bbox 1693 1911 1814 1962; x_wconf 78' lang='grc' dir='ltr'>ὅσον</span> 
     </span>
    </p>
   </div>
   <div class='ocr_carea' id='block_1_36' title="bbox 227 1988 1550 2070">
    <p class='ocr_par' dir='ltr' id='par_1_36' title="bbox 227 1988 1550 2070">
     <span class='ocr_line' id='line_1_36' title="bbox 227 1988 1550 2070; baseline 0.007 -28"><span class='ocrx_word' id='word_1_233' title='bbox 227 1990 254 2042; x_wconf 82' lang='grc' dir='ltr'><strong>ό</strong></span> <span class='ocrx_word' id='word_1_234' title='bbox 278 1988 466 2060; x_wconf 70' lang='grc' dir='ltr'>ἄρχων</span> <span class='ocrx_word' id='word_1_235' title='bbox 487 1989 591 2062; x_wconf 73' lang='grc' dir='ltr'>τὴν</span> <span class='ocrx_word' id='word_1_236' title='bbox 615 1991 790 2064; x_wconf 77' lang='grc' dir='ltr'>ἀρχὴν</span> <span class='ocrx_word' id='word_1_237' title='bbox 823 1993 1031 2049; x_wconf 80' lang='grc' dir='ltr'>διέπειν</span> <span class='ocrx_word' id='word_1_238' title='bbox 1066 1997 1550 2070; x_wconf 76' lang='grc' dir='ltr'>παρακεχώρηται.</span> 
     </span>
    </p>
   </div>
   <div class='ocr_carea' id='block_1_37' title="bbox 294 2083 1816 2161">
    <p class='ocr_par' dir='ltr' id='par_1_37' title="bbox 294 2083 1816 2161">
     <span class='ocr_line' id='line_1_37' title="bbox 294 2083 1816 2161; baseline 0.003 -21"><span class='ocrx_word' id='word_1_239' title='bbox 294 2084 362 2150; x_wconf 79' lang='grc' dir='ltr'><strong>ζ’.</strong></span> <span class='ocrx_word' id='word_1_240' title='bbox 391 2083 717 2158; x_wconf 72' lang='grc' dir='ltr'>Κελεύομεν</span> <span class='ocrx_word' id='word_1_241' title='bbox 749 2086 959 2151; x_wconf 82' lang='grc' dir='ltr'>πάντας</span> <span class='ocrx_word' id='word_1_242' title='bbox 991 2090 1119 2152; x_wconf 76' lang='grc' dir='ltr'>τοὺς</span> <span class='ocrx_word' id='word_1_243' title='bbox 1175 2090 1464 2159; x_wconf 81' lang='grc' dir='ltr'>ἄρχοντας,</span> <span class='ocrx_word' id='word_1_244' title='bbox 1513 2090 1670 2144; x_wconf 83' lang='grc' dir='ltr'>τοῦτο</span> <span class='ocrx_word' id='word_1_245' title='bbox 1718 2093 1816 2161; x_wconf 82' lang='grc' dir='ltr'>μὲν</span> 
     </span>
    </p>
   </div>
   <div class='ocr_carea' id='block_1_38' title="bbox 231 2176 1815 2250">
    <p class='ocr_par' dir='ltr' id='par_1_38' title="bbox 231 2176 1815 2250">
     <span class='ocr_line' id='line_1_38' title="bbox 231 2176 1815 2250; baseline 0.003 -20"><span class='ocrx_word' id='word_1_246' title='bbox 231 2176 680 2250; x_wconf 73' lang='grc' dir='ltr'>στρατιωτικοὺς,</span> <span class='ocrx_word' id='word_1_247' title='bbox 719 2177 876 2233; x_wconf 81' lang='grc' dir='ltr'>τοῦτο</span> <span class='ocrx_word' id='word_1_248' title='bbox 911 2179 969 2232; x_wconf 84' lang='grc' dir='ltr'>δὲ</span> <span class='ocrx_word' id='word_1_249' title='bbox 1013 2181 1108 2234; x_wconf 76' lang='grc' dir='ltr'>καὶ</span> <span class='ocrx_word' id='word_1_250' title='bbox 1160 2181 1473 2243; x_wconf 72' lang='grc' dir='ltr'>πολιτικοὺς</span> <span class='ocrx_word' id='word_1_251' title='bbox 1507 2182 1572 2234; x_wconf 82' lang='grc' dir='ltr'><strong>δι’</strong></span> <span class='ocrx_word' id='word_1_252' title='bbox 1607 2182 1815 2235; x_wconf 79' lang='grc' dir='ltr'>ἑαυτῶν</span> 
     </span>
    </p>
   </div>
   <div class='ocr_carea' id='block_1_39' title="bbox 223 2268 1809 2344">
    <p class='ocr_par' dir='ltr' id='par_1_39' title="bbox 223 2268 1809 2344">
     <span class='ocr_line' id='line_1_39' title="bbox 223 2268 1809 2344; baseline 0.003 -23"><span class='ocrx_word' id='word_1_253' title='bbox 223 2268 538 2342; x_wconf 78' lang='grc' dir='ltr'>ἀναζητεῖν,</span> <span class='ocrx_word' id='word_1_254' title='bbox 592 2270 717 2332; x_wconf 80' lang='grc' dir='ltr'>τοὺς</span> <span class='ocrx_word' id='word_1_255' title='bbox 769 2269 1029 2344; x_wconf 74' lang='grc' dir='ltr'>λῃστείας</span> <span class='ocrx_word' id='word_1_256' title='bbox 1079 2271 1112 2340; x_wconf 82' lang='grc' dir='ltr'>ἢ</span> <span class='ocrx_word' id='word_1_257' title='bbox 1154 2271 1274 2342; x_wconf 83' lang='grc' dir='ltr'>βίας</span> <span class='ocrx_word' id='word_1_258' title='bbox 1308 2272 1339 2342; x_wconf 80' lang='grc' dir='ltr'>ἢ</span> <span class='ocrx_word' id='word_1_259' title='bbox 1373 2273 1630 2342; x_wconf 81' lang='grc' dir='ltr'>ἁρπαγὰς</span> <span class='ocrx_word' id='word_1_260' title='bbox 1667 2290 1809 2344; x_wconf 77' lang='grc' dir='ltr'>πρα-</span> 
     </span>
    </p>
   </div>
   <div class='ocr_carea' id='block_1_40' title="bbox 224 2360 1814 2443">
    <p class='ocr_par' dir='ltr' id='par_1_40' title="bbox 224 2360 1814 2443">
     <span class='ocr_line' id='line_1_40' title="bbox 224 2360 1814 2443; baseline 0.001 -28"><span class='ocrx_word' id='word_1_261' title='bbox 224 2361 465 2430; x_wconf 75' lang='grc' dir='ltr'>γμάτων</span> <span class='ocrx_word' id='word_1_262' title='bbox 491 2362 529 2434; x_wconf 75' lang='grc' dir='ltr'>ἢ</span> <span class='ocrx_word' id='word_1_263' title='bbox 564 2363 844 2430; x_wconf 84' lang='grc' dir='ltr'>γυναικῶν</span> <span class='ocrx_word' id='word_1_264' title='bbox 870 2363 903 2434; x_wconf 84' lang='grc' dir='ltr'>ἢ</span> <span class='ocrx_word' id='word_1_265' title='bbox 928 2362 1069 2443; x_wconf 28' lang='grc' dir='ltr'>’ἄλλα</span> <span class='ocrx_word' id='word_1_266' title='bbox 1098 2360 1185 2417; x_wconf 77' lang='grc' dir='ltr'>οἷα</span> <span class='ocrx_word' id='word_1_267' title='bbox 1221 2364 1418 2434; x_wconf 82' lang='grc' dir='ltr'>δήποτε</span> <span class='ocrx_word' id='word_1_268' title='bbox 1465 2365 1636 2433; x_wconf 84' lang='grc' dir='ltr'>ἀτοπή</span> <span class='ocrx_word' id='word_1_269' title='bbox 1648 2383 1814 2435; x_wconf 81' lang='grc' dir='ltr'>ματα,</span> 
     </span>
    </p>
   </div>
   <div class='ocr_carea' id='block_1_41' title="bbox 223 2450 1816 2523">
    <p class='ocr_par' dir='ltr' id='par_1_41' title="bbox 223 2450 1816 2523">
     <span class='ocr_line' id='line_1_41' title="bbox 223 2450 1816 2523; baseline 0.001 -19"><span class='ocrx_word' id='word_1_270' title='bbox 223 2453 278 2504; x_wconf 81' lang='grc' dir='ltr'><strong>ἐν</strong></span> <span class='ocrx_word' id='word_1_271' title='bbox 305 2453 438 2514; x_wconf 74' lang='grc' dir='ltr'>ταῖς</span> <span class='ocrx_word' id='word_1_272' title='bbox 479 2451 798 2523; x_wconf 64' lang='grc' dir='ltr'>’ἐπαρχίαις</span> <span class='ocrx_word' id='word_1_273' title='bbox 850 2450 1332 2522; x_wconf 79' lang='grc' dir='ltr'>πλημμελοῦντας,</span> <span class='ocrx_word' id='word_1_274' title='bbox 1390 2453 1484 2505; x_wconf 71' lang='grc' dir='ltr'>καὶ</span> <span class='ocrx_word' id='word_1_275' title='bbox 1542 2454 1816 2523; x_wconf 74' lang='grc' dir='ltr'>τιμωρίας</span> 
     </span>
    </p>
   </div>
   <div class='ocr_carea' id='block_1_42' title="bbox 220 2541 1815 2615">
    <p class='ocr_par' dir='ltr' id='par_1_42' title="bbox 220 2541 1815 2615">
     <span class='ocr_line' id='line_1_42' title="bbox 220 2541 1815 2615; baseline 0 -19"><span class='ocrx_word' id='word_1_276' title='bbox 220 2541 408 2606; x_wconf 58' lang='lat' dir='ltr'><strong>adeat;</strong></span> <span class='ocrx_word' id='word_1_277' title='bbox 454 2544 728 2615; x_wconf 87' lang='grc' dir='ltr'>νομίμους</span> <span class='ocrx_word' id='word_1_278' title='bbox 780 2543 1032 2612; x_wconf 85' lang='grc' dir='ltr'>ἐπάγειν,</span> <span class='ocrx_word' id='word_1_279' title='bbox 1077 2544 1171 2597; x_wconf 68' lang='grc' dir='ltr'>καὶ</span> <span class='ocrx_word' id='word_1_280' title='bbox 1217 2545 1350 2612; x_wconf 80' lang='grc' dir='ltr'>μηδὲ</span> <span class='ocrx_word' id='word_1_281' title='bbox 1419 2545 1559 2614; x_wconf 81' lang='grc' dir='ltr'>ὑπὲρ</span> <span class='ocrx_word' id='word_1_282' title='bbox 1614 2545 1815 2597; x_wconf 65' lang='grc' dir='ltr'>τούτων</span> 
     </span>
    </p>
   </div>
   <div class='ocr_carea' id='block_1_43' title="bbox 220 2633 1814 2704">
    <p class='ocr_par' dir='ltr' id='par_1_43' title="bbox 220 2633 1814 2704">
     <span class='ocr_line' id='line_1_43' title="bbox 220 2633 1814 2704; baseline 0.001 -18"><span class='ocrx_word' id='word_1_283' title='bbox 220 2633 332 2688; x_wconf 83' lang='grc' dir='ltr'><strong>τῶν</strong></span> <span class='ocrx_word' id='word_1_284' title='bbox 373 2633 580 2689; x_wconf 68' lang='grc' dir='ltr'>αἰτιῶν</span> <span class='ocrx_word' id='word_1_285' title='bbox 620 2633 944 2704; x_wconf 77' lang='grc' dir='ltr'>κομίζεσθαί</span> <span class='ocrx_word' id='word_1_286' title='bbox 992 2651 1047 2686; x_wconf 86' lang='grc' dir='ltr'><strong>τι</strong></span> <span class='ocrx_word' id='word_1_287' title='bbox 1077 2633 1377 2700; x_wconf 85' lang='grc' dir='ltr'>συνηθειῶν</span> <span class='ocrx_word' id='word_1_288' title='bbox 1406 2634 1814 2703; x_wconf 81' lang='grc' dir='ltr'>ὀνόματι,ῶστε</span> 
     </span>
    </p>
   </div>
   <div class='ocr_carea' id='block_1_44' title="bbox 219 2724 1815 2797">
    <p class='ocr_par' dir='ltr' id='par_1_44' title="bbox 219 2724 1815 2797">
     <span class='ocr_line' id='line_1_44' title="bbox 219 2724 1815 2797; baseline -0.001 -17"><span class='ocrx_word' id='word_1_289' title='bbox 219 2724 592 2796; x_wconf 76' lang='grc' dir='ltr'>πανταχόθεν,</span> <span class='ocrx_word' id='word_1_290' title='bbox 621 2725 733 2779; x_wconf 84' lang='grc' dir='ltr'><strong>τῶν</strong></span> <span class='ocrx_word' id='word_1_291' title='bbox 762 2726 1050 2797; x_wconf 80' lang='grc' dir='ltr'>ἡμετέρων</span> <span class='ocrx_word' id='word_1_292' title='bbox 1096 2726 1376 2787; x_wconf 78' lang='grc' dir='ltr'>ὑποτελεῖς</span> <span class='ocrx_word' id='word_1_293' title='bbox 1422 2725 1682 2788; x_wconf 77' lang='grc' dir='ltr'>ἀ6λα6εῖς</span> <span class='ocrx_word' id='word_1_294' title='bbox 1714 2744 1815 2795; x_wconf 77' lang='grc' dir='ltr'><strong>φυ-</strong></span> 
     </span>
    </p>
   </div>
   <div class='ocr_carea' id='block_1_45' title="bbox 218 2815 1816 2888">
    <p class='ocr_par' dir='ltr' id='par_1_45' title="bbox 218 2815 1816 2888">
     <span class='ocr_line' id='line_1_45' title="bbox 218 2815 1816 2888; baseline -0.003 -14"><span class='ocrx_word' id='word_1_295' title='bbox 218 2817 557 2874; x_wconf 68' lang='grc' dir='ltr'>λάττεσθαι·</span> <span class='ocrx_word' id='word_1_296' title='bbox 583 2819 634 2872; x_wconf 85' lang='grc' dir='ltr'>εἰ</span> <span class='ocrx_word' id='word_1_297' title='bbox 663 2818 719 2872; x_wconf 81' lang='grc' dir='ltr'><strong>δέ</strong></span> <span class='ocrx_word' id='word_1_298' title='bbox 752 2834 839 2880; x_wconf 86' lang='grc' dir='ltr'><strong>τις</strong></span> <span class='ocrx_word' id='word_1_299' title='bbox 868 2817 978 2872; x_wconf 88' lang='grc' dir='ltr'><strong>τῶν</strong></span> <span class='ocrx_word' id='word_1_300' title='bbox 1009 2818 1290 2887; x_wconf 84' lang='grc' dir='ltr'>ἀρχόντων</span> <span class='ocrx_word' id='word_1_301' title='bbox 1322 2815 1494 2870; x_wconf 84' lang='grc' dir='ltr'>ταῦτα</span> <span class='ocrx_word' id='word_1_302' title='bbox 1531 2817 1604 2887; x_wconf 84' lang='grc' dir='ltr'>μὴ</span> <span class='ocrx_word' id='word_1_303' title='bbox 1639 2836 1816 2888; x_wconf 82' lang='grc' dir='ltr'>παρα-</span> 
     </span>
    </p>
   </div>
   <div class='ocr_carea' id='block_1_46' title="bbox 220 2908 1816 2982">
    <p class='ocr_par' dir='ltr' id='par_1_46' title="bbox 220 2908 1816 2982">
     <span class='ocr_line' id='line_1_46' title="bbox 220 2908 1816 2982; baseline -0.018 5"><span class='ocrx_word' id='word_1_304' title='bbox 220 2909 463 2982; x_wconf 47' lang='lat' dir='ltr'><strong>“uel:</strong></span> <span class='ocrx_word' id='word_1_305' title='bbox 495 2909 817 2980; x_wconf 82' lang='grc' dir='ltr'>γινωσκέτω</span> <span class='ocrx_word' id='word_1_306' title='bbox 845 2908 922 2980; x_wconf 69' lang='grc' dir='ltr'><strong>μὴ</strong></span> <span class='ocrx_word' id='word_1_307' title='bbox 959 2908 1121 2979; x_wconf 85' lang='grc' dir='ltr'>μόνον</span> <span class='ocrx_word' id='word_1_308' title='bbox 1147 2909 1248 2977; x_wconf 79' lang='grc' dir='ltr'>τῆς</span> <span class='ocrx_word' id='word_1_309' title='bbox 1283 2910 1816 2980; x_wconf 78' lang='grc' dir='ltr'>καταπιστευθείσης</span> 
     </span>
    </p>
   </div>
   <div class='ocr_carea' id='block_1_47' title="bbox 220 2997 1812 3072">
    <p class='ocr_par' dir='ltr' id='par_1_47' title="bbox 220 2997 1812 3072">
     <span class='ocr_line' id='line_1_47' title="bbox 220 2997 1812 3072; baseline -0.001 -18"><span class='ocrx_word' id='word_1_310' title='bbox 220 2998 370 3071; x_wconf 70' lang='grc' dir='ltr'>αὐτῷ</span> <span class='ocrx_word' id='word_1_311' title='bbox 418 2999 604 3070; x_wconf 74' lang='grc' dir='ltr'>ἀρχῆς</span> <span class='ocrx_word' id='word_1_312' title='bbox 650 2999 1010 3070; x_wconf 84' lang='grc' dir='ltr'>γυμνοῦσθαι,</span> <span class='ocrx_word' id='word_1_313' title='bbox 1051 2998 1190 3052; x_wconf 90' lang='grc' dir='ltr'><strong>ἀλλά</strong></span> <span class='ocrx_word' id='word_1_314' title='bbox 1251 2997 1348 3051; x_wconf 74' lang='grc' dir='ltr'><strong>καὶ</strong></span> <span class='ocrx_word' id='word_1_315' title='bbox 1400 2998 1532 3053; x_wconf 88' lang='grc' dir='ltr'>δέκα</span> <span class='ocrx_word' id='word_1_316' title='bbox 1587 3001 1812 3072; x_wconf 86' lang='grc' dir='ltr'>χρυσίου</span> 
     </span>
    </p>
   </div>
   <div class='ocr_carea' id='block_1_48' title="bbox 222 3089 1033 3162">
    <p class='ocr_par' dir='ltr' id='par_1_48' title="bbox 222 3089 1033 3162">
     <span class='ocr_line' id='line_1_48' title="bbox 222 3089 1033 3162; baseline 0.002 -18"><span class='ocrx_word' id='word_1_317' title='bbox 222 3089 436 3162; x_wconf 62' lang='grc' dir='ltr'>ληρῶν</span> <span class='ocrx_word' id='word_1_318' title='bbox 461 3090 661 3162; x_wconf 77' lang='grc' dir='ltr'>ποινὴν</span> <span class='ocrx_word' id='word_1_319' title='bbox 682 3090 1033 3146; x_wconf 72' lang='grc' dir='ltr'>καταϐαλεῖν.</span> 
     </span>
    </p>
   </div>
   <div class='ocr_carea' id='block_1_49' title="bbox 287 3183 1804 3256">
    <p class='ocr_par' dir='ltr' id='par_1_49' title="bbox 287 3183 1804 3256">
     <span class='ocr_line' id='line_1_49' title="bbox 287 3183 1804 3256; baseline -0.001 -17"><span class='ocrx_word' id='word_1_320' title='bbox 287 3187 360 3254; x_wconf 72' lang='grc' dir='ltr'><strong>η’.</strong></span> <span class='ocrx_word' id='word_1_321' title='bbox 387 3183 714 3255; x_wconf 74' lang='grc' dir='ltr'>Κελεύομεν</span> <span class='ocrx_word' id='word_1_322' title='bbox 747 3183 955 3255; x_wconf 82' lang='grc' dir='ltr'>μηδένα</span> <span class='ocrx_word' id='word_1_323' title='bbox 981 3184 1092 3237; x_wconf 88' lang='grc' dir='ltr'><strong>τῶν</strong></span> <span class='ocrx_word' id='word_1_324' title='bbox 1123 3185 1400 3256; x_wconf 77' lang='grc' dir='ltr'>ἀρχόντων</span> <span class='ocrx_word' id='word_1_325' title='bbox 1453 3185 1650 3251; x_wconf 82' lang='grc' dir='ltr'>ἐξεῖναι</span> <span class='ocrx_word' id='word_1_326' title='bbox 1693 3203 1804 3254; x_wconf 87' lang='grc' dir='ltr'>χω-</span> 
     </span>
    </p>
   </div>
   <div class='ocr_carea' id='block_1_50' title="bbox 223 3273 1807 3346">
    <p class='ocr_par' dir='ltr' id='par_1_50' title="bbox 223 3273 1807 3346">
     <span class='ocr_line' id='line_1_50' title="bbox 223 3273 1807 3346; baseline -0.002 -16"><span class='ocrx_word' id='word_1_327' title='bbox 223 3273 310 3345; x_wconf 74' lang='grc' dir='ltr'>ρὶς</span> <span class='ocrx_word' id='word_1_328' title='bbox 337 3275 658 3344; x_wconf 73' lang='grc' dir='ltr'>ἀναγκαίας</span> <span class='ocrx_word' id='word_1_329' title='bbox 702 3275 912 3346; x_wconf 84' lang='grc' dir='ltr'>χρείας,</span> <span class='ocrx_word' id='word_1_330' title='bbox 950 3275 1264 3345; x_wconf 84' lang='grc' dir='ltr'>ἀποδημίας</span> <span class='ocrx_word' id='word_1_331' title='bbox 1296 3276 1591 3340; x_wconf 78' lang='grc' dir='ltr'>ποιεῖσθαι,</span> <span class='ocrx_word' id='word_1_332' title='bbox 1627 3276 1661 3346; x_wconf 83' lang='grc' dir='ltr'><strong>ἦ</strong></span> <span class='ocrx_word' id='word_1_333' title='bbox 1707 3276 1807 3338; x_wconf 87' lang='grc' dir='ltr'><strong>τάς</strong></span> 
     </span>
    </p>
   </div>
   <div class='ocr_carea' id='block_1_51' title="bbox 224 3367 1808 3440">
    <p class='ocr_par' dir='ltr' id='par_1_51' title="bbox 224 3367 1808 3440">
     <span class='ocr_line' id='line_1_51' title="bbox 224 3367 1808 3440; baseline -0.001 -20"><span class='ocrx_word' id='word_1_334' title='bbox 224 3367 527 3440; x_wconf 63' lang='grc' dir='ltr'>λεγομένας</span> <span class='ocrx_word' id='word_1_335' title='bbox 552 3367 729 3438; x_wconf 85' lang='grc' dir='ltr'>γύρας</span> <span class='ocrx_word' id='word_1_336' title='bbox 751 3383 764 3398; x_wconf 89' lang='grc'><strong>·</strong></span> <span class='ocrx_word' id='word_1_337' title='bbox 795 3370 846 3420; x_wconf 83' lang='lat' dir='ltr'><strong>sl</strong></span> <span class='ocrx_word' id='word_1_338' title='bbox 875 3367 934 3420; x_wconf 79' lang='grc' dir='ltr'><strong>δέ</strong></span> <span class='ocrx_word' id='word_1_339' title='bbox 964 3385 1046 3430; x_wconf 91' lang='grc' dir='ltr'><strong>τις</strong></span> <span class='ocrx_word' id='word_1_340' title='bbox 1087 3367 1302 3437; x_wconf 81' lang='grc' dir='ltr'>ἀνάγκη</span> <span class='ocrx_word' id='word_1_341' title='bbox 1333 3367 1552 3419; x_wconf 83' lang='grc' dir='ltr'>καλέσει</span> <span class='ocrx_word' id='word_1_342' title='bbox 1602 3367 1808 3419; x_wconf 78' lang='grc' dir='ltr'>τοιοῦτό</span> 
     </span>
    </p>
   </div>
   <div class='ocr_carea' id='block_1_52' title="bbox 221 3459 1808 3530">
    <p class='ocr_par' dir='ltr' id='par_1_52' title="bbox 221 3459 1808 3530">
     <span class='ocr_line' id='line_1_52' title="bbox 221 3459 1808 3530; baseline -0.002 -16"><span class='ocrx_word' id='word_1_343' title='bbox 221 3459 584 3529; x_wconf 72' lang='grc' dir='ltr'>τιτινέσθαι,</span> <span class='ocrx_word' id='word_1_344' title='bbox 616 3459 1007 3530; x_wconf 86' lang='grc' dir='ltr'>δαπανήμασιν</span> <span class='ocrx_word' id='word_1_345' title='bbox 1056 3460 1279 3523; x_wconf 76' lang='grc' dir='ltr'>οἰκείοις</span> <span class='ocrx_word' id='word_1_346' title='bbox 1341 3459 1498 3511; x_wconf 76' lang='grc' dir='ltr'>τοῦτο</span> <span class='ocrx_word' id='word_1_347' title='bbox 1561 3459 1808 3511; x_wconf 84' lang='grc' dir='ltr'>ποιείτω-</span> 
     </span>
    </p>
   </div>
   <div class='ocr_carea' id='block_1_53' title="bbox 224 3551 1804 3621">
    <p class='ocr_par' dir='ltr' id='par_1_53' title="bbox 224 3551 1804 3621">
     <span class='ocr_line' id='line_1_53' title="bbox 224 3551 1804 3621; baseline -0.003 -17"><span class='ocrx_word' id='word_1_348' title='bbox 224 3567 348 3614; x_wconf 76' lang='grc' dir='ltr'>σαν,</span> <span class='ocrx_word' id='word_1_349' title='bbox 403 3551 463 3606; x_wconf 81' lang='grc' dir='ltr'><strong>οῖ</strong></span> <span class='ocrx_word' id='word_1_350' title='bbox 495 3567 559 3604; x_wconf 81' lang='grc' dir='ltr'><strong>τε</strong></span> <span class='ocrx_word' id='word_1_351' title='bbox 613 3551 898 3621; x_wconf 79' lang='grc' dir='ltr'>ἄρχοντες,</span> <span class='ocrx_word' id='word_1_352' title='bbox 939 3551 1034 3603; x_wconf 75' lang='grc' dir='ltr'>καὶ</span> <span class='ocrx_word' id='word_1_353' title='bbox 1083 3551 1132 3603; x_wconf 84' lang='grc' dir='ltr'>οἱ</span> <span class='ocrx_word' id='word_1_354' title='bbox 1178 3551 1551 3621; x_wconf 83' lang='grc' dir='ltr'>προσήκοντες</span> <span class='ocrx_word' id='word_1_355' title='bbox 1602 3551 1804 3614; x_wconf 83' lang='grc' dir='ltr'>αὐτοῖς,</span> 
     </span>
    </p>
   </div>
   <div class='ocr_carea' id='block_1_54' title="bbox 230 3641 1801 3714">
    <p class='ocr_par' dir='ltr' id='par_1_54' title="bbox 230 3641 1801 3714">
     <span class='ocr_line' id='line_1_54' title="bbox 230 3641 1801 3714; baseline 0 -19"><span class='ocrx_word' id='word_1_356' title='bbox 230 3643 328 3695; x_wconf 79' lang='grc' dir='ltr'>καὶ</span> <span class='ocrx_word' id='word_1_357' title='bbox 351 3643 392 3713; x_wconf 71' lang='grc' dir='ltr'><strong>ἡ</strong></span> <span class='ocrx_word' id='word_1_358' title='bbox 414 3641 718 3712; x_wconf 75' lang='grc' dir='ltr'>πειθομένη</span> <span class='ocrx_word' id='word_1_359' title='bbox 744 3642 929 3704; x_wconf 81' lang='grc' dir='ltr'>αὐτοῖς</span> <span class='ocrx_word' id='word_1_360' title='bbox 955 3641 1127 3708; x_wconf 83' lang='grc' dir='ltr'>τάξις,</span> <span class='ocrx_word' id='word_1_361' title='bbox 1157 3645 1294 3714; x_wconf 82' lang='grc' dir='ltr'>μήτε</span> <span class='ocrx_word' id='word_1_362' title='bbox 1355 3644 1412 3697; x_wconf 81' lang='grc' dir='ltr'>δὲ</span> <span class='ocrx_word' id='word_1_363' title='bbox 1455 3644 1801 3714; x_wconf 83' lang='grc' dir='ltr'>ἀγγαρείαις,</span> 
     </span>
    </p>
   </div>
   <div class='ocr_carea' id='block_1_55' title="bbox 229 3731 1806 3806">
    <p class='ocr_par' dir='ltr' id='par_1_55' title="bbox 229 3731 1806 3806">
     <span class='ocr_line' id='line_1_55' title="bbox 229 3731 1806 3806; baseline 0 -20"><span class='ocrx_word' id='word_1_364' title='bbox 229 3733 268 3802; x_wconf 74' lang='grc' dir='ltr'>ἢ</span> <span class='ocrx_word' id='word_1_365' title='bbox 294 3731 780 3802; x_wconf 65' lang='grc' dir='ltr'>τοῖςωωμένοις</span> <span class='ocrx_word' id='word_1_366' title='bbox 803 3733 1224 3803; x_wconf 83' lang='grc' dir='ltr'>ἐπιδημητικοῖς</span> <span class='ocrx_word' id='word_1_367' title='bbox 1245 3735 1278 3802; x_wconf 84' lang='grc' dir='ltr'>ἢ</span> <span class='ocrx_word' id='word_1_368' title='bbox 1312 3735 1474 3805; x_wconf 80' lang='grc' dir='ltr'>ἑτέρᾳ</span> <span class='ocrx_word' id='word_1_369' title='bbox 1499 3735 1584 3805; x_wconf 75' lang='grc' dir='ltr'><strong>οἵᾳ</strong></span> <span class='ocrx_word' id='word_1_370' title='bbox 1607 3735 1806 3806; x_wconf 76' lang='grc' dir='ltr'>δήποτε</span> 
     </span>
    </p>
   </div>
   <div class='ocr_carea' id='block_1_56' title="bbox 236 3819 1806 3895">
    <p class='ocr_par' dir='ltr' id='par_1_56' title="bbox 236 3819 1806 3895">
     <span class='ocr_line' id='line_1_56' title="bbox 236 3819 1806 3895; baseline 0.006 -25"><span class='ocrx_word' id='word_1_371' title='bbox 236 3821 440 3892; x_wconf 74' lang='grc' dir='ltr'>ζημίᾳ,</span> <span class='ocrx_word' id='word_1_372' title='bbox 481 3819 731 3894; x_wconf 75' lang='grc' dir='ltr'>βαρύνειν</span> <span class='ocrx_word' id='word_1_373' title='bbox 779 3824 908 3886; x_wconf 81' lang='grc' dir='ltr'>τοὺς</span> <span class='ocrx_word' id='word_1_374' title='bbox 958 3826 1262 3895; x_wconf 76' lang='grc' dir='ltr'>ἡμετέρους</span> <span class='ocrx_word' id='word_1_375' title='bbox 1308 3827 1610 3888; x_wconf 80' lang='grc' dir='ltr'>ὑποτελεῖς,</span> <span class='ocrx_word' id='word_1_376' title='bbox 1671 3827 1806 3895; x_wconf 81' lang='grc' dir='ltr'>μήτε</span> 
     </span>
    </p>
   </div>
   <div class='ocr_carea' id='block_1_57' title="bbox 236 3913 1807 3987">
    <p class='ocr_par' dir='ltr' id='par_1_57' title="bbox 236 3913 1807 3987">
     <span class='ocr_line' id='line_1_57' title="bbox 236 3913 1807 3987; baseline 0.001 -21"><span class='ocrx_word' id='word_1_377' title='bbox 236 3914 292 3966; x_wconf 83' lang='grc' dir='ltr'><strong>εέ</strong></span> <span class='ocrx_word' id='word_1_378' title='bbox 369 3913 650 3984; x_wconf 79' lang='grc' dir='ltr'>συνηθείας</span> <span class='ocrx_word' id='word_1_379' title='bbox 699 3916 991 3986; x_wconf 76' lang='grc' dir='ltr'>ὀνομάζειν</span> <span class='ocrx_word' id='word_1_380' title='bbox 1046 3917 1078 3986; x_wconf 86' lang='grc' dir='ltr'>ἢ</span> <span class='ocrx_word' id='word_1_381' title='bbox 1153 3917 1358 3987; x_wconf 84' lang='grc' dir='ltr'>ζητεῖν,</span> <span class='ocrx_word' id='word_1_382' title='bbox 1418 3916 1599 3986; x_wconf 82' lang='grc' dir='ltr'>ἆσπερ</span> <span class='ocrx_word' id='word_1_383' title='bbox 1646 3917 1807 3985; x_wconf 88' lang='grc' dir='ltr'>τυχόν</span> 
     </span>
    </p>
   </div>
   <div class='ocr_carea' id='block_1_58' title="bbox 229 4007 1807 4080">
    <p class='ocr_par' dir='ltr' id='par_1_58' title="bbox 229 4007 1807 4080">
     <span class='ocr_line' id='line_1_58' title="bbox 229 4007 1807 4080; baseline -0.001 -20"><span class='ocrx_word' id='word_1_384' title='bbox 229 4007 501 4071; x_wconf 67' lang='grc' dir='ltr'>τινκτῶν</span> <span class='ocrx_word' id='word_1_385' title='bbox 527 4009 1032 4080; x_wconf 83' lang='grc' dir='ltr'>προηγησαμένων,</span> <span class='ocrx_word' id='word_1_386' title='bbox 1064 4010 1142 4073; x_wconf 86' lang='grc' dir='ltr'><strong>είς</strong></span> <span class='ocrx_word' id='word_1_387' title='bbox 1197 4012 1400 4063; x_wconf 75' lang='grc' dir='ltr'>οἰκεῖον</span> <span class='ocrx_word' id='word_1_388' title='bbox 1454 4010 1660 4077; x_wconf 82' lang='grc' dir='ltr'>κέρδος,</span> <span class='ocrx_word' id='word_1_389' title='bbox 1695 4009 1807 4060; x_wconf 82' lang='grc' dir='ltr'>ἁδί-</span> 
     </span>
    </p>
   </div>
   <div class='ocr_carea' id='block_1_59' title="bbox 230 4100 1808 4172">
    <p class='ocr_par' dir='ltr' id='par_1_59' title="bbox 230 4100 1808 4172">
     <span class='ocr_line' id='line_1_59' title="bbox 230 4100 1808 4172; baseline -0.003 -17"><span class='ocrx_word' id='word_1_390' title='bbox 230 4117 338 4164; x_wconf 77' lang='grc' dir='ltr'><strong>κως</strong></span> <span class='ocrx_word' id='word_1_391' title='bbox 387 4100 730 4171; x_wconf 59' lang='grc' dir='ltr'>ἐπενόησαν</span> <span class='ocrx_word' id='word_1_392' title='bbox 771 4101 841 4154; x_wconf 82' lang='grc' dir='ltr'>τὰ</span> <span class='ocrx_word' id='word_1_393' title='bbox 885 4101 994 4172; x_wconf 83' lang='grc' dir='ltr'>γὰρ</span> <span class='ocrx_word' id='word_1_394' title='bbox 1040 4101 1224 4164; x_wconf 82' lang='grc' dir='ltr'>κακῶς</span> <span class='ocrx_word' id='word_1_395' title='bbox 1269 4101 1653 4171; x_wconf 68' lang='grc' dir='ltr'>ἐπινοοῦμενα,</span> <span class='ocrx_word' id='word_1_396' title='bbox 1690 4100 1808 4152; x_wconf 78' lang='grc' dir='ltr'>οὐδὲ</span> 
     </span>
    </p>
   </div>
   <div class='ocr_carea' id='block_1_60' title="bbox 237 4191 1566 4263">
    <p class='ocr_par' dir='ltr' id='par_1_60' title="bbox 237 4191 1566 4263">
     <span class='ocr_line' id='line_1_60' title="bbox 237 4191 1566 4263; baseline 0.005 -21"><span class='ocrx_word' id='word_1_397' title='bbox 237 4192 296 4246; x_wconf 76' lang='grc' dir='ltr'><strong>ἐκ</strong></span> <span class='ocrx_word' id='word_1_398' title='bbox 322 4193 547 4263; x_wconf 79' lang='grc' dir='ltr'>μακρᾶς</span> <span class='ocrx_word' id='word_1_399' title='bbox 575 4191 868 4262; x_wconf 88' lang='grc' dir='ltr'>συνηθείας</span> <span class='ocrx_word' id='word_1_400' title='bbox 903 4191 1215 4262; x_wconf 85' lang='grc' dir='ltr'>βοηθεῖσθαι</span> <span class='ocrx_word' id='word_1_401' title='bbox 1244 4192 1566 4262; x_wconf 84' lang='grc' dir='ltr'>βουλόμεθα.</span> 
     </span>
    </p>
   </div>
   <div class='ocr_carea' id='block_1_61' title="bbox 830 4307 1202 4363">
    <p class='ocr_par' dir='ltr' id='par_1_61' title="bbox 830 4307 1202 4363">
     <span class='ocr_line' id='line_1_61' title="bbox 830 4307 1202 4363; baseline 0.008 -3"><span class='ocrx_word' id='word_1_402' title='bbox 830 4307 1078 4360; x_wconf 82' lang='grc' dir='ltr'><strong>ΤΙΤΛΟΣ</strong></span> <span class='ocrx_word' id='word_1_403' title='bbox 1120 4309 1202 4363; x_wconf 84' lang='grc' dir='ltr'><strong>Η’.</strong></span> 
     </span>
    </p>
   </div>
   <div class='ocr_carea' id='block_1_62' title="bbox 227 4398 1810 4469">
    <p class='ocr_par' dir='ltr' id='par_1_62' title="bbox 227 4398 1810 4469">
     <span class='ocr_line' id='line_1_62' title="bbox 227 4398 1810 4469; baseline 0 -17"><span class='ocrx_word' id='word_1_404' title='bbox 227 4399 364 4468; x_wconf 72' lang='grc' dir='ltr'>Περὶ</span> <span class='ocrx_word' id='word_1_405' title='bbox 413 4398 771 4453; x_wconf 75' lang='grc' dir='ltr'>ἐπισκόπων</span> <span class='ocrx_word' id='word_1_406' title='bbox 800 4399 902 4451; x_wconf 75' lang='grc' dir='ltr'><strong>καί</strong></span> <span class='ocrx_word' id='word_1_407' title='bbox 952 4399 1332 4467; x_wconf 81' lang='grc' dir='ltr'>χειροτονιῶν</span> <span class='ocrx_word' id='word_1_408' title='bbox 1369 4401 1468 4454; x_wconf 79' lang='grc' dir='ltr'>καὶ</span> <span class='ocrx_word' id='word_1_409' title='bbox 1497 4399 1810 4469; x_wconf 74' lang='grc' dir='ltr'>προϐολῶν</span> 
     </span>
    </p>
   </div>
   <div class='ocr_carea' id='block_1_63' title="bbox 581 4469 1450 4537">
    <p class='ocr_par' dir='ltr' id='par_1_63' title="bbox 581 4469 1450 4537">
     <span class='ocr_line' id='line_1_63' title="bbox 581 4469 1450 4537; baseline 0.003 -14"><span class='ocrx_word' id='word_1_410' title='bbox 581 4469 1104 4537; x_wconf 72' lang='grc' dir='ltr'>ἑκκλησιαστικῶν</span> <span class='ocrx_word' id='word_1_411' title='bbox 1125 4472 1450 4526; x_wconf 77' lang='grc' dir='ltr'>παντοίων.</span> 
     </span>
    </p>
   </div>
   <div class='ocr_carea' id='block_1_64' title="bbox 294 4561 1816 4634">
    <p class='ocr_par' dir='ltr' id='par_1_64' title="bbox 294 4561 1816 4634">
     <span class='ocr_line' id='line_1_64' title="bbox 294 4561 1816 4634; baseline 0 -18"><span class='ocrx_word' id='word_1_412' title='bbox 294 4568 366 4617; x_wconf 84' lang='grc' dir='ltr'><strong>α’.</strong></span> <span class='ocrx_word' id='word_1_413' title='bbox 413 4562 751 4626; x_wconf 84' lang='grc' dir='ltr'>Ἐπίσκοπός</span> <span class='ocrx_word' id='word_1_414' title='bbox 785 4563 934 4616; x_wconf 84' lang='grc' dir='ltr'>ἐστιν</span> <span class='ocrx_word' id='word_1_415' title='bbox 975 4561 1071 4615; x_wconf 78' lang='grc' dir='ltr'>καὶ</span> <span class='ocrx_word' id='word_1_416' title='bbox 1106 4562 1446 4634; x_wconf 77' lang='grc' dir='ltr'>ἐπιτηρητὴς</span> <span class='ocrx_word' id='word_1_417' title='bbox 1496 4563 1592 4618; x_wconf 77' lang='grc' dir='ltr'>καὶ</span> <span class='ocrx_word' id='word_1_418' title='bbox 1619 4563 1816 4632; x_wconf 86' lang='grc' dir='ltr'>ἐπιμε-</span> 
     </span>
    </p>
   </div>
   <div class='ocr_carea' id='block_1_65' title="bbox 229 4651 1815 4726">
    <p class='ocr_par' dir='ltr' id='par_1_65' title="bbox 229 4651 1815 4726">
     <span class='ocr_line' id='line_1_65' title="bbox 229 4651 1815 4726; baseline 0.002 -22"><span class='ocrx_word' id='word_1_419' title='bbox 229 4653 396 4724; x_wconf 78' lang='grc' dir='ltr'>λητὴς</span> <span class='ocrx_word' id='word_1_420' title='bbox 428 4653 627 4708; x_wconf 88' lang='grc' dir='ltr'>πασῶν</span> <span class='ocrx_word' id='word_1_421' title='bbox 661 4653 771 4707; x_wconf 89' lang='grc' dir='ltr'><strong>τῶν</strong></span> <span class='ocrx_word' id='word_1_422' title='bbox 815 4651 1333 4726; x_wconf 78' lang='grc' dir='ltr'>ἐκκλησιαζομένων</span> <span class='ocrx_word' id='word_1_423' title='bbox 1367 4654 1575 4724; x_wconf 78' lang='grc' dir='ltr'>ψυχῶν,</span> <span class='ocrx_word' id='word_1_424' title='bbox 1607 4654 1714 4709; x_wconf 89' lang='grc' dir='ltr'><strong>τῶν</strong></span> <span class='ocrx_word' id='word_1_425' title='bbox 1754 4655 1815 4707; x_wconf 81' lang='grc' dir='ltr'><strong>ἐν</strong></span> 
     </span>
    </p>
   </div>
   <div class='ocr_carea' id='block_1_66' title="bbox 229 4744 1813 4818">
    <p class='ocr_par' dir='ltr' id='par_1_66' title="bbox 229 4744 1813 4818">
     <span class='ocr_line' id='line_1_66' title="bbox 229 4744 1813 4818; baseline -0.002 -18"><span class='ocrx_word' id='word_1_426' title='bbox 229 4749 292 4817; x_wconf 79' lang='grc' dir='ltr'><strong>τῇ</strong></span> <span class='ocrx_word' id='word_1_427' title='bbox 315 4747 484 4800; x_wconf 78' lang='grc' dir='ltr'>αὑτοῦ</span> <span class='ocrx_word' id='word_1_428' title='bbox 516 4745 758 4816; x_wconf 80' lang='grc' dir='ltr'>ἐπαρχίᾳ</span> <span class='ocrx_word' id='word_1_429' title='bbox 782 4744 1010 4815; x_wconf 89' lang='grc' dir='ltr'>δύναμιν</span> <span class='ocrx_word' id='word_1_430' title='bbox 1041 4745 1178 4816; x_wconf 80' lang='grc' dir='ltr'>ἔχων</span> <span class='ocrx_word' id='word_1_431' title='bbox 1196 4746 1491 4818; x_wconf 84' lang='grc' dir='ltr'>τελετικὴν</span> <span class='ocrx_word' id='word_1_432' title='bbox 1523 4787 1538 4813; x_wconf 92' lang='grc'><strong>,</strong></span> <span class='ocrx_word' id='word_1_433' title='bbox 1572 4745 1813 4817; x_wconf 76' lang='grc' dir='ltr'>πρεσϐυ-</span> 
     </span>
    </p>
   </div>
   <div class='ocr_carea' id='block_1_67' title="bbox 228 4837 1810 4908">
    <p class='ocr_par' dir='ltr' id='par_1_67' title="bbox 228 4837 1810 4908">
     <span class='ocr_line' id='line_1_67' title="bbox 228 4837 1810 4908; baseline 0.001 -19"><span class='ocrx_word' id='word_1_434' title='bbox 228 4840 388 4908; x_wconf 83' lang='grc' dir='ltr'>τέρου</span> <span class='ocrx_word' id='word_1_435' title='bbox 425 4839 523 4892; x_wconf 74' lang='grc' dir='ltr'>καὶ</span> <span class='ocrx_word' id='word_1_436' title='bbox 553 4837 827 4904; x_wconf 84' lang='grc' dir='ltr'>διακόνου,</span> <span class='ocrx_word' id='word_1_437' title='bbox 875 4839 970 4892; x_wconf 76' lang='grc' dir='ltr'>καὶ</span> <span class='ocrx_word' id='word_1_438' title='bbox 1015 4838 1391 4906; x_wconf 83' lang='grc' dir='ltr'>ἀναγνώστου,</span> <span class='ocrx_word' id='word_1_439' title='bbox 1438 4838 1534 4892; x_wconf 72' lang='grc' dir='ltr'>καὶ</span> <span class='ocrx_word' id='word_1_440' title='bbox 1568 4838 1810 4907; x_wconf 80' lang='grc' dir='ltr'>ψάλτου,</span> 
     </span>
    </p>
   </div>
   <div class='ocr_carea' id='block_1_68' title="bbox 232 4929 622 5001">
    <p class='ocr_par' dir='ltr' id='par_1_68' title="bbox 232 4929 622 5001">
     <span class='ocr_line' id='line_1_68' title="bbox 232 4929 622 5001; baseline 0 -19"><span class='ocrx_word' id='word_1_441' title='bbox 232 4931 323 4983; x_wconf 69' lang='grc' dir='ltr'>καὶ</span> <span class='ocrx_word' id='word_1_442' title='bbox 355 4929 622 5001; x_wconf 61' lang='grc' dir='ltr'>μοκδαχοῦ.</span> 
     </span>
    </p>
   </div>
   <div class='ocr_carea' id='block_1_69' title="bbox 299 5021 1805 5093">
    <p class='ocr_par' dir='ltr' id='par_1_69' title="bbox 299 5021 1805 5093">
     <span class='ocr_line' id='line_1_69' title="bbox 299 5021 1805 5093; baseline -0.001 -16"><span class='ocrx_word' id='word_1_443' title='bbox 299 5021 366 5092; x_wconf 80' lang='grc' dir='ltr'><strong>β’.</strong></span> <span class='ocrx_word' id='word_1_444' title='bbox 395 5023 562 5076; x_wconf 82' lang='grc' dir='ltr'>Ἶδιον</span> <span class='ocrx_word' id='word_1_445' title='bbox 590 5022 919 5087; x_wconf 84' lang='grc' dir='ltr'>ἐπισκόπου,</span> <span class='ocrx_word' id='word_1_446' title='bbox 963 5025 1078 5086; x_wconf 86' lang='grc' dir='ltr'>τοῖς</span> <span class='ocrx_word' id='word_1_447' title='bbox 1126 5023 1224 5093; x_wconf 87' lang='grc' dir='ltr'><strong>μέν</strong></span> <span class='ocrx_word' id='word_1_448' title='bbox 1253 5025 1531 5087; x_wconf 84' lang='grc' dir='ltr'>ταπεινοῖς</span> <span class='ocrx_word' id='word_1_449' title='bbox 1569 5039 1805 5090; x_wconf 79' lang='grc' dir='ltr'>συγκατ-</span> 
     </span>
    </p>
   </div>
   <div class='ocr_carea' id='block_1_70' title="bbox 235 5112 1814 5185">
    <p class='ocr_par' dir='ltr' id='par_1_70' title="bbox 235 5112 1814 5185">
     <span class='ocr_line' id='line_1_70' title="bbox 235 5112 1814 5185; baseline 0 -20"><span class='ocrx_word' id='word_1_450' title='bbox 235 5113 512 5183; x_wconf 79' lang='grc' dir='ltr'>ἑρχεσθαι,</span> <span class='ocrx_word' id='word_1_451' title='bbox 574 5116 943 5184; x_wconf 80' lang='grc' dir='ltr'>καταφρονεῖν</span> <span class='ocrx_word' id='word_1_452' title='bbox 1004 5113 1061 5167; x_wconf 84' lang='grc' dir='ltr'>δὲ</span> <span class='ocrx_word' id='word_1_453' title='bbox 1105 5112 1216 5166; x_wconf 92' lang='grc' dir='ltr'><strong>τῶν</strong></span> <span class='ocrx_word' id='word_1_454' title='bbox 1273 5112 1678 5185; x_wconf 71' lang='grc' dir='ltr'>ἐπαιρομένων,</span> <span class='ocrx_word' id='word_1_455' title='bbox 1717 5112 1814 5165; x_wconf 76' lang='grc' dir='ltr'>καὶ</span> 
     </span>
    </p>
   </div>
   <div class='ocr_carea' id='block_1_71' title="bbox 235 5203 1812 5277">
    <p class='ocr_par' dir='ltr' id='par_1_71' title="bbox 235 5203 1812 5277">
     <span class='ocr_line' id='line_1_71' title="bbox 235 5203 1812 5277; baseline -0.001 -19"><span class='ocrx_word' id='word_1_456' title='bbox 235 5208 364 5277; x_wconf 73' lang='grc' dir='ltr'>πρὸς</span> <span class='ocrx_word' id='word_1_457' title='bbox 394 5208 732 5261; x_wconf 83' lang='grc' dir='ltr'>ταπείνωσιν</span> <span class='ocrx_word' id='word_1_458' title='bbox 763 5206 910 5277; x_wconf 78' lang='grc' dir='ltr'><strong>ἔργῳ</strong></span> <span class='ocrx_word' id='word_1_459' title='bbox 955 5207 1050 5260; x_wconf 76' lang='grc' dir='ltr'>καὶ</span> <span class='ocrx_word' id='word_1_460' title='bbox 1084 5205 1230 5274; x_wconf 77' lang='grc' dir='ltr'>λόγῳ</span> <span class='ocrx_word' id='word_1_461' title='bbox 1278 5206 1387 5259; x_wconf 89' lang='grc' dir='ltr'><strong>τῶν</strong></span> <span class='ocrx_word' id='word_1_462' title='bbox 1442 5203 1812 5276; x_wconf 80' lang='grc' dir='ltr'>ὑπερηφάνων</span> 
     </span>
    </p>
   </div>
   <div class='ocr_carea' id='block_1_72' title="bbox 231 5296 1812 5371">
    <p class='ocr_par' dir='ltr' id='par_1_72' title="bbox 231 5296 1812 5371">
     <span class='ocr_line' id='line_1_72' title="bbox 231 5296 1812 5371; baseline -0.001 -21"><span class='ocrx_word' id='word_1_463' title='bbox 231 5301 286 5351; x_wconf 62' lang='grc' dir='ltr'><strong>τδ</strong></span> <span class='ocrx_word' id='word_1_464' title='bbox 317 5302 579 5371; x_wconf 76' lang='grc' dir='ltr'>φρόνημα</span> <span class='ocrx_word' id='word_1_465' title='bbox 617 5298 928 5364; x_wconf 82' lang='grc' dir='ltr'>καθέλκειν,</span> <span class='ocrx_word' id='word_1_466' title='bbox 970 5299 1063 5352; x_wconf 83' lang='grc' dir='ltr'><strong>καὶ</strong></span> <span class='ocrx_word' id='word_1_467' title='bbox 1091 5297 1537 5370; x_wconf 84' lang='grc' dir='ltr'>προκινδυνεύειν</span> <span class='ocrx_word' id='word_1_468' title='bbox 1564 5296 1658 5350; x_wconf 83' lang='grc' dir='ltr'>τοῦ</span> <span class='ocrx_word' id='word_1_469' title='bbox 1691 5313 1812 5349; x_wconf 84' lang='grc' dir='ltr'>ποι·-</span> 
     </span>
    </p>
   </div>
   <div class='ocr_carea' id='block_1_73' title="bbox 236 5387 1811 5463">
    <p class='ocr_par' dir='ltr' id='par_1_73' title="bbox 236 5387 1811 5463">
     <span class='ocr_line' id='line_1_73' title="bbox 236 5387 1811 5463; baseline 0.001 -21"><span class='ocrx_word' id='word_1_470' title='bbox 236 5392 411 5461; x_wconf 80' lang='grc' dir='ltr'>μνίου,</span> <span class='ocrx_word' id='word_1_471' title='bbox 440 5394 538 5445; x_wconf 80' lang='grc' dir='ltr'><strong>καί</strong></span> <span class='ocrx_word' id='word_1_472' title='bbox 571 5389 670 5463; x_wconf 81' lang='grc' dir='ltr'>τὴν</span> <span class='ocrx_word' id='word_1_473' title='bbox 721 5390 933 5446; x_wconf 79' lang='grc' dir='ltr'>ἐκείνου</span> <span class='ocrx_word' id='word_1_474' title='bbox 965 5390 1350 5463; x_wconf 84' lang='grc' dir='ltr'>στενοχωρίαν,</span> <span class='ocrx_word' id='word_1_475' title='bbox 1379 5389 1586 5444; x_wconf 83' lang='grc' dir='ltr'>οἰκείαν</span> <span class='ocrx_word' id='word_1_476' title='bbox 1615 5387 1811 5459; x_wconf 81' lang='grc' dir='ltr'>ὀδύνην</span> 
     </span>
    </p>
   </div>
   <div class='ocr_carea' id='block_1_74' title="bbox 233 5483 526 5539">
    <p class='ocr_par' dir='ltr' id='par_1_74' title="bbox 233 5483 526 5539">
     <span class='ocr_line' id='line_1_74' title="bbox 233 5483 526 5539; baseline 0.003 -2"><span class='ocrx_word' id='word_1_477' title='bbox 233 5483 526 5539; x_wconf 80' lang='grc' dir='ltr'>ποιεῖσθαι.</span> 
     </span>
    </p>
   </div>
   <div class='ocr_carea' id='block_1_75' title="bbox 299 5571 1812 5648">
    <p class='ocr_par' dir='ltr' id='par_1_75' title="bbox 299 5571 1812 5648">
     <span class='ocr_line' id='line_1_75' title="bbox 299 5571 1812 5648; baseline 0 -18"><span class='ocrx_word' id='word_1_478' title='bbox 299 5571 373 5644; x_wconf 80' lang='grc' dir='ltr'><strong>γ’.</strong></span> <span class='ocrx_word' id='word_1_479' title='bbox 411 5574 729 5645; x_wconf 81' lang='grc' dir='ltr'>Κελεύομεν</span> <span class='ocrx_word' id='word_1_480' title='bbox 784 5577 831 5628; x_wconf 80' lang='grc' dir='ltr'>εἰ</span> <span class='ocrx_word' id='word_1_481' title='bbox 894 5575 1078 5646; x_wconf 82' lang='grc' dir='ltr'>μέλλει</span> <span class='ocrx_word' id='word_1_482' title='bbox 1141 5575 1441 5640; x_wconf 84' lang='grc' dir='ltr'>ἐπίσκοπος</span> <span class='ocrx_word' id='word_1_483' title='bbox 1486 5577 1812 5648; x_wconf 79' lang='grc' dir='ltr'>χειροτονεῖ-</span> 
     </span>
    </p>
   </div>
   <div class='ocr_carea' id='block_1_76' title="bbox 241 5665 1809 5740">
    <p class='ocr_par' dir='ltr' id='par_1_76' title="bbox 241 5665 1809 5740">
     <span class='ocr_line' id='line_1_76' title="bbox 241 5665 1809 5740; baseline 0.003 -23"><span class='ocrx_word' id='word_1_484' title='bbox 241 5665 384 5729; x_wconf 81' lang='grc' dir='ltr'>σθαι,</span> <span class='ocrx_word' id='word_1_485' title='bbox 411 5667 834 5739; x_wconf 82' lang='grc' dir='ltr'>συνεληλυθέναι</span> <span class='ocrx_word' id='word_1_486' title='bbox 863 5669 991 5732; x_wconf 87' lang='grc' dir='ltr'>τοὺς</span> <span class='ocrx_word' id='word_1_487' title='bbox 1022 5667 1339 5740; x_wconf 80' lang='grc' dir='ltr'>κληρικοὺς,</span> <span class='ocrx_word' id='word_1_488' title='bbox 1375 5669 1467 5723; x_wconf 74' lang='grc' dir='ltr'>καὶ</span> <span class='ocrx_word' id='word_1_489' title='bbox 1494 5671 1621 5732; x_wconf 83' lang='grc' dir='ltr'>τοὺς</span> <span class='ocrx_word' id='word_1_490' title='bbox 1656 5668 1809 5740; x_wconf 82' lang='grc' dir='ltr'>πρώ-</span> 
     </span>
    </p>
   </div>
   <div class='ocr_carea' id='block_1_77' title="bbox 242 5759 1812 5832">
    <p class='ocr_par' dir='ltr' id='par_1_77' title="bbox 242 5759 1812 5832">
     <span class='ocr_line' id='line_1_77' title="bbox 242 5759 1812 5832; baseline 0.004 -23"><span class='ocrx_word' id='word_1_491' title='bbox 242 5772 363 5822; x_wconf 81' lang='grc' dir='ltr'>τους</span> <span class='ocrx_word' id='word_1_492' title='bbox 414 5759 514 5825; x_wconf 77' lang='grc' dir='ltr'>τῆς</span> <span class='ocrx_word' id='word_1_493' title='bbox 568 5760 799 5827; x_wconf 84' lang='grc' dir='ltr'>πόλεως,</span> <span class='ocrx_word' id='word_1_494' title='bbox 846 5759 940 5813; x_wconf 76' lang='grc' dir='ltr'>καὶ</span> <span class='ocrx_word' id='word_1_495' title='bbox 986 5760 1080 5814; x_wconf 74' lang='grc' dir='ltr'>ἐπὶ</span> <span class='ocrx_word' id='word_1_496' title='bbox 1115 5761 1261 5830; x_wconf 71' lang='grc' dir='ltr'>τρισὶ</span> <span class='ocrx_word' id='word_1_497' title='bbox 1290 5760 1599 5832; x_wconf 80' lang='grc' dir='ltr'>προσώποις</span> <span class='ocrx_word' id='word_1_498' title='bbox 1640 5761 1812 5832; x_wconf 72' lang='grc' dir='ltr'>ψηφί·</span> 
     </span>
    </p>
   </div>
   <div class='ocr_carea' id='block_1_78' title="bbox 1989 2096 3490 2170">
    <p class='ocr_par' dir='ltr' id='par_1_78' title="bbox 1989 2096 3490 2170">
     <span class='ocr_line' id='line_1_78' title="bbox 1989 2096 3490 2170; baseline 0.002 -21"><span class='ocrx_word' id='word_1_499' title='bbox 1989 2097 2042 2150; x_wconf 89' lang='grc'><strong>7.</strong></span> <span class='ocrx_word' id='word_1_500' title='bbox 2072 2096 2331 2154; x_wconf 86' lang='lat' dir='ltr'><strong>Jubcmus</strong></span> <span class='ocrx_word' id='word_1_501' title='bbox 2359 2115 2552 2157; x_wconf 90' lang='lat' dir='ltr'><strong>omnes</strong></span> <span class='ocrx_word' id='word_1_502' title='bbox 2584 2101 2864 2170; x_wconf 67' lang='lat' dir='ltr'><strong>praesides,</strong></span> <span class='ocrx_word' id='word_1_503' title='bbox 2897 2110 3006 2156; x_wconf 92' lang='lat' dir='ltr'><strong>tam</strong></span> <span class='ocrx_word' id='word_1_504' title='bbox 3040 2101 3307 2156; x_wconf 88' lang='lat' dir='ltr'><strong>militares</strong></span> <span class='ocrx_word' id='word_1_505' title='bbox 3331 2113 3490 2168; x_wconf 86' lang='lat' dir='ltr'><strong>quam</strong></span> 
     </span>
    </p>
   </div>
   <div class='ocr_carea' id='block_1_79' title="bbox 1919 2190 3495 2260">
    <p class='ocr_par' dir='ltr' id='par_1_79' title="bbox 1919 2190 3495 2260">
     <span class='ocr_line' id='line_1_79' title="bbox 1919 2190 3495 2260; baseline 0.004 -20"><span class='ocrx_word' id='word_1_506' title='bbox 1919 2195 2152 2256; x_wconf 81' lang='lat' dir='ltr'><strong>togatos,</strong></span> <span class='ocrx_word' id='word_1_507' title='bbox 2189 2190 2470 2258; x_wconf 79' lang='lat' dir='ltr'><strong>inquirere</strong></span> <span class='ocrx_word' id='word_1_508' title='bbox 2498 2191 2568 2245; x_wconf 89' lang='lat' dir='ltr'><strong>.in</strong></span> <span class='ocrx_word' id='word_1_509' title='bbox 2602 2192 2886 2248; x_wconf 90' lang='lat' dir='ltr'><strong>latrocinia</strong></span> <span class='ocrx_word' id='word_1_510' title='bbox 2917 2201 2972 2247; x_wconf 90' lang='lat' dir='ltr'><strong>et</strong></span> <span class='ocrx_word' id='word_1_511' title='bbox 3009 2193 3249 2260; x_wconf 86' lang='lat' dir='ltr'><strong>rapinas,</strong></span> <span class='ocrx_word' id='word_1_512' title='bbox 3279 2200 3495 2260; x_wconf 89' lang='lat' dir='ltr'><strong>raptus-</strong></span> 
     </span>
    </p>
   </div>
   <div class='ocr_carea' id='block_1_80' title="bbox 1917 2277 3496 2350">
    <p class='ocr_par' dir='ltr' id='par_1_80' title="bbox 1917 2277 3496 2350">
     <span class='ocr_line' id='line_1_80' title="bbox 1917 2277 3496 2350; baseline 0.003 -22"><span class='ocrx_word' id='word_1_513' title='bbox 1917 2290 2021 2345; x_wconf 90' lang='lat' dir='ltr'><strong>que</strong></span> <span class='ocrx_word' id='word_1_514' title='bbox 2055 2277 2367 2344; x_wconf 88' lang='lat' dir='ltr'><strong>mulierum,</strong></span> <span class='ocrx_word' id='word_1_515' title='bbox 2395 2288 2488 2334; x_wconf 86' lang='lat' dir='ltr'><strong>aut</strong></span> <span class='ocrx_word' id='word_1_516' title='bbox 2515 2280 2617 2334; x_wconf 88' lang='lat' dir='ltr'><strong>alia</strong></span> <span class='ocrx_word' id='word_1_517' title='bbox 2649 2295 3003 2350; x_wconf 67' lang='lat' dir='ltr'><strong>quaecumque</strong></span> <span class='ocrx_word' id='word_1_518' title='bbox 3029 2281 3259 2334; x_wconf 90' lang='lat' dir='ltr'><strong>crimina</strong></span> <span class='ocrx_word' id='word_1_519' title='bbox 3291 2280 3342 2333; x_wconf 90' lang='lat' dir='ltr'><strong>in</strong></span> <span class='ocrx_word' id='word_1_520' title='bbox 3373 2293 3496 2347; x_wconf 82' lang='lat' dir='ltr'><strong>pro-</strong></span> 
     </span>
    </p>
   </div>
   <div class='ocr_carea' id='block_1_81' title="bbox 1918 2367 3495 2441">
    <p class='ocr_par' dir='ltr' id='par_1_81' title="bbox 1918 2367 3495 2441">
     <span class='ocr_line' id='line_1_81' title="bbox 1918 2367 3495 2441; baseline 0.002 -20"><span class='ocrx_word' id='word_1_521' title='bbox 1918 2367 2096 2422; x_wconf 88' lang='lat' dir='ltr'><strong>vincia</strong></span> <span class='ocrx_word' id='word_1_522' title='bbox 2145 2371 2455 2438; x_wconf 89' lang='lat' dir='ltr'><strong>commissa,</strong></span> <span class='ocrx_word' id='word_1_523' title='bbox 2503 2378 2558 2424; x_wconf 91' lang='lat' dir='ltr'><strong>et</strong></span> <span class='ocrx_word' id='word_1_524' title='bbox 2601 2370 2871 2441; x_wconf 84' lang='lat' dir='ltr'><strong>legitimas</strong></span> <span class='ocrx_word' id='word_1_525' title='bbox 2908 2370 3084 2426; x_wconf 82' lang='lat' dir='ltr'><strong>noxiis</strong></span> <span class='ocrx_word' id='word_1_526' title='bbox 3118 2385 3311 2440; x_wconf 74' lang='lat' dir='ltr'><strong>poenas</strong></span> <span class='ocrx_word' id='word_1_527' title='bbox 3357 2369 3495 2424; x_wconf 84' lang='lat' dir='ltr'><strong>inﬂi-</strong></span> 
     </span>
    </p>
   </div>
   <div class='ocr_carea' id='block_1_82' title="bbox 1917 2461 3493 2531">
    <p class='ocr_par' dir='ltr' id='par_1_82' title="bbox 1917 2461 3493 2531">
     <span class='ocr_line' id='line_1_82' title="bbox 1917 2461 3493 2531; baseline 0.001 -16"><span class='ocrx_word' id='word_1_528' title='bbox 1917 2475 2064 2530; x_wconf 81' lang='lat' dir='ltr'><strong>gere,</strong></span> <span class='ocrx_word' id='word_1_529' title='bbox 2103 2475 2280 2530; x_wconf 90' lang='lat' dir='ltr'><strong>neque</strong></span> <span class='ocrx_word' id='word_1_530' title='bbox 2301 2461 2594 2531; x_wconf 87' lang='lat' dir='ltr'><strong>quidquam</strong></span> <span class='ocrx_word' id='word_1_531' title='bbox 2630 2463 2700 2518; x_wconf 90' lang='lat' dir='ltr'><strong>ob</strong></span> <span class='ocrx_word' id='word_1_532' title='bbox 2745 2465 2846 2520; x_wconf 86' lang='lat' dir='ltr'><strong>has</strong></span> <span class='ocrx_word' id='word_1_533' title='bbox 2875 2477 3069 2518; x_wconf 87' lang='lat' dir='ltr'><strong>causas</strong></span> <span class='ocrx_word' id='word_1_534' title='bbox 3111 2462 3354 2530; x_wconf 84' lang='lat' dir='ltr'><strong>accipere</strong></span> <span class='ocrx_word' id='word_1_535' title='bbox 3392 2463 3493 2518; x_wconf 89' lang='lat' dir='ltr'><strong>sub</strong></span> 
     </span>
    </p>
   </div>
   <div class='ocr_carea' id='block_1_83' title="bbox 1917 2555 3491 2626">
    <p class='ocr_par' dir='ltr' id='par_1_83' title="bbox 1917 2555 3491 2626">
     <span class='ocr_line' id='line_1_83' title="bbox 1917 2555 3491 2626; baseline -0.001 -17"><span class='ocrx_word' id='word_1_536' title='bbox 1917 2555 2328 2611; x_wconf 89' lang='lat' dir='ltr'><strong>consuetudinis</strong></span> <span class='ocrx_word' id='word_1_537' title='bbox 2370 2565 2631 2626; x_wconf 71' lang='lat' dir='ltr'><strong>praetextu</strong></span> <span class='ocrx_word' id='word_1_538' title='bbox 2668 2575 2682 2611; x_wconf 89' lang='lat'>:</span> <span class='ocrx_word' id='word_1_539' title='bbox 2720 2567 2780 2614; x_wconf 94' lang='lat' dir='ltr'><strong>ut</strong></span> <span class='ocrx_word' id='word_1_540' title='bbox 2830 2557 3027 2626; x_wconf 90' lang='lat' dir='ltr'><strong>ubique</strong></span> <span class='ocrx_word' id='word_1_541' title='bbox 3081 2555 3282 2611; x_wconf 88' lang='lat' dir='ltr'><strong>subditi</strong></span> <span class='ocrx_word' id='word_1_542' title='bbox 3321 2555 3491 2611; x_wconf 86' lang='lat' dir='ltr'><strong>nostri</strong></span> 
     </span>
    </p>
   </div>
   <div class='ocr_carea' id='block_1_84' title="bbox 1916 2645 3492 2715">
    <p class='ocr_par' dir='ltr' id='par_1_84' title="bbox 1916 2645 3492 2715">
     <span class='ocr_line' id='line_1_84' title="bbox 1916 2645 3492 2715; baseline 0.001 -16"><span class='ocrx_word' id='word_1_543' title='bbox 1916 2645 1982 2700; x_wconf 91' lang='lat' dir='ltr'><strong>ab</strong></span> <span class='ocrx_word' id='word_1_544' title='bbox 2034 2646 2246 2715; x_wconf 88' lang='lat' dir='ltr'><strong>injuriis</strong></span> <span class='ocrx_word' id='word_1_545' title='bbox 2299 2647 2566 2703; x_wconf 87' lang='lat' dir='ltr'><strong>immunes</strong></span> <span class='ocrx_word' id='word_1_546' title='bbox 2619 2658 3028 2703; x_wconf 84' lang='lat' dir='ltr'><strong>conserventur.</strong></span> <span class='ocrx_word' id='word_1_547' title='bbox 3081 2645 3140 2701; x_wconf 90' lang='lat' dir='ltr'><strong>Si</strong></span> <span class='ocrx_word' id='word_1_548' title='bbox 3193 2645 3315 2714; x_wconf 91' lang='lat' dir='ltr'><strong>quis</strong></span> <span class='ocrx_word' id='word_1_549' title='bbox 3361 2659 3492 2700; x_wconf 89' lang='lat' dir='ltr'><strong>vero</strong></span> 
     </span>
    </p>
   </div>
   <div class='ocr_carea' id='block_1_85' title="bbox 1916 2735 3490 2806">
    <p class='ocr_par' dir='ltr' id='par_1_85' title="bbox 1916 2735 3490 2806">
     <span class='ocr_line' id='line_1_85' title="bbox 1916 2735 3490 2806; baseline 0 -18"><span class='ocrx_word' id='word_1_550' title='bbox 1916 2737 2202 2806; x_wconf 85' lang='lat' dir='ltr'><strong>praesidum</strong></span> <span class='ocrx_word' id='word_1_551' title='bbox 2243 2736 2358 2792; x_wconf 60' lang='lat' dir='ltr'><strong>haec</strong></span> <span class='ocrx_word' id='word_1_552' title='bbox 2409 2753 2516 2792; x_wconf 91' lang='lat' dir='ltr'><strong>non</strong></span> <span class='ocrx_word' id='word_1_553' title='bbox 2566 2738 2886 2802; x_wconf 87' lang='lat' dir='ltr'><strong>servaverit,</strong></span> <span class='ocrx_word' id='word_1_554' title='bbox 2919 2737 3057 2793; x_wconf 89' lang='lat' dir='ltr'><strong>sciat</strong></span> <span class='ocrx_word' id='word_1_555' title='bbox 3092 2752 3151 2792; x_wconf 89' lang='lat' dir='ltr'><strong>se</strong></span> <span class='ocrx_word' id='word_1_556' title='bbox 3177 2751 3284 2791; x_wconf 90' lang='lat' dir='ltr'><strong>non</strong></span> <span class='ocrx_word' id='word_1_557' title='bbox 3315 2735 3490 2791; x_wconf 91' lang='lat' dir='ltr'><strong>solum</strong></span> 
     </span>
    </p>
   </div>
   <div class='ocr_carea' id='block_1_86' title="bbox 1914 2824 3490 2900">
    <p class='ocr_par' dir='ltr' id='par_1_86' title="bbox 1914 2824 3490 2900">
     <span class='ocr_line' id='line_1_86' title="bbox 1914 2824 3490 2900; baseline 0.001 -20"><span class='ocrx_word' id='word_1_558' title='bbox 1914 2827 2194 2898; x_wconf 83' lang='lat' dir='ltr'><strong>provincia</strong></span> <span class='ocrx_word' id='word_1_559' title='bbox 2239 2827 2344 2884; x_wconf 88' lang='lat' dir='ltr'><strong>sibi</strong></span> <span class='ocrx_word' id='word_1_560' title='bbox 2391 2828 2597 2884; x_wconf 89' lang='lat' dir='ltr'><strong>credita</strong></span> <span class='ocrx_word' id='word_1_561' title='bbox 2629 2829 2902 2898; x_wconf 88' lang='lat' dir='ltr'><strong>privatum</strong></span> <span class='ocrx_word' id='word_1_562' title='bbox 2938 2829 3026 2897; x_wconf 89' lang='lat' dir='ltr'><strong>iri,</strong></span> <span class='ocrx_word' id='word_1_563' title='bbox 3059 2835 3113 2884; x_wconf 87' lang='lat' dir='ltr'><strong>et</strong></span> <span class='ocrx_word' id='word_1_564' title='bbox 3142 2827 3338 2900; x_wconf 81' lang='lat' dir='ltr'><strong>decem</strong></span> <span class='ocrx_word' id='word_1_565' title='bbox 3371 2824 3490 2882; x_wconf 88' lang='lat' dir='ltr'><strong>auri</strong></span> 
     </span>
    </p>
   </div>
   <div class='ocr_carea' id='block_1_87' title="bbox 1915 2917 2982 2991">
    <p class='ocr_par' dir='ltr' id='par_1_87' title="bbox 1915 2917 2982 2991">
     <span class='ocr_line' id='line_1_87' title="bbox 1915 2917 2982 2991; baseline 0.007 -19"><span class='ocrx_word' id='word_1_566' title='bbox 1915 2917 2084 2974; x_wconf 87' lang='lat' dir='ltr'><strong>libras</strong></span> <span class='ocrx_word' id='word_1_567' title='bbox 2103 2933 2277 2990; x_wconf 85' lang='lat' dir='ltr'><strong>poenae</strong></span> <span class='ocrx_word' id='word_1_568' title='bbox 2306 2920 2524 2976; x_wconf 91' lang='lat' dir='ltr'><strong>nomine</strong></span> <span class='ocrx_word' id='word_1_569' title='bbox 2555 2920 2982 2991; x_wconf 87' lang='lat' dir='ltr'><strong>persoluturum.</strong></span> 
     </span>
    </p>
   </div>
   <div class='ocr_carea' id='block_1_88' title="bbox 1923 3187 3492 3262">
    <p class='ocr_par' dir='ltr' id='par_1_88' title="bbox 1923 3187 3492 3262">
     <span class='ocr_line' id='line_1_88' title="bbox 1923 3187 3492 3262; baseline 0.004 -20"><span class='ocrx_word' id='word_1_570' title='bbox 1923 3215 1930 3234; x_wconf 92' lang='lat'><strong>-.</strong></span> <span class='ocrx_word' id='word_1_571' title='bbox 1987 3187 2040 3243; x_wconf 90' lang='lat'><strong>8.</strong></span> <span class='ocrx_word' id='word_1_572' title='bbox 2067 3187 2327 3246; x_wconf 81' lang='lat' dir='ltr'><strong>Jubemus</strong></span> <span class='ocrx_word' id='word_1_573' title='bbox 2353 3203 2422 3246; x_wconf 88' lang='lat' dir='ltr'><strong>ne</strong></span> <span class='ocrx_word' id='word_1_574' title='bbox 2448 3191 2700 3262; x_wconf 89' lang='lat' dir='ltr'><strong>cuiquam</strong></span> <span class='ocrx_word' id='word_1_575' title='bbox 2732 3191 3022 3262; x_wconf 65' lang='lat' dir='ltr'><strong>praesidum</strong></span> <span class='ocrx_word' id='word_1_576' title='bbox 3048 3191 3207 3250; x_wconf 88' lang='lat' dir='ltr'><strong>liceat</strong></span> <span class='ocrx_word' id='word_1_577' title='bbox 3233 3191 3350 3248; x_wconf 88' lang='lat' dir='ltr'><strong>sine</strong></span> <span class='ocrx_word' id='word_1_578' title='bbox 3380 3205 3492 3248; x_wconf 83' lang='lat' dir='ltr'><strong>ne-</strong></span> 
     </span>
    </p>
   </div>
   <div class='ocr_carea' id='block_1_89' title="bbox 1917 3281 3488 3355">
    <p class='ocr_par' dir='ltr' id='par_1_89' title="bbox 1917 3281 3488 3355">
     <span class='ocr_line' id='line_1_89' title="bbox 1917 3281 3488 3355; baseline 0.002 -19"><span class='ocrx_word' id='word_1_579' title='bbox 1917 3281 2154 3336; x_wconf 88' lang='lat' dir='ltr'><strong>cessaria</strong></span> <span class='ocrx_word' id='word_1_580' title='bbox 2207 3298 2392 3350; x_wconf 87' lang='lat' dir='ltr'><strong>causa,</strong></span> <span class='ocrx_word' id='word_1_581' title='bbox 2441 3286 2808 3355; x_wconf 75' lang='lat' dir='ltr'><strong>egressionem</strong></span> <span class='ocrx_word' id='word_1_582' title='bbox 2839 3301 2906 3340; x_wconf 79' lang='lat' dir='ltr'><strong>ex</strong></span> <span class='ocrx_word' id='word_1_583' title='bbox 2955 3285 3233 3353; x_wconf 85' lang='lat' dir='ltr'><strong>provincia</strong></span> <span class='ocrx_word' id='word_1_584' title='bbox 3289 3285 3488 3342; x_wconf 84' lang='lat' dir='ltr'><strong>facere.</strong></span> 
     </span>
    </p>
   </div>
   <div class='ocr_carea' id='block_1_90' title="bbox 1919 3371 3492 3440">
    <p class='ocr_par' dir='ltr' id='par_1_90' title="bbox 1919 3371 3492 3440">
     <span class='ocr_line' id='line_1_90' title="bbox 1919 3371 3492 3440; baseline 0.004 -15"><span class='ocrx_word' id='word_1_585' title='bbox 1919 3371 1974 3426; x_wconf 90' lang='lat' dir='ltr'><strong>Si</strong></span> <span class='ocrx_word' id='word_1_586' title='bbox 2001 3388 2121 3440; x_wconf 65' lang='lat' dir='ltr'><strong>quae</strong></span> <span class='ocrx_word' id='word_1_587' title='bbox 2148 3388 2280 3430; x_wconf 82' lang='lat' dir='ltr'><strong>vero</strong></span> <span class='ocrx_word' id='word_1_588' title='bbox 2310 3374 2609 3429; x_wconf 81' lang='lat' dir='ltr'><strong>necessitas</strong></span> <span class='ocrx_word' id='word_1_589' title='bbox 2628 3389 2752 3429; x_wconf 87' lang='lat' dir='ltr'><strong>eum</strong></span> <span class='ocrx_word' id='word_1_590' title='bbox 2783 3374 2848 3429; x_wconf 88' lang='lat' dir='ltr'><strong>ad</strong></span> <span class='ocrx_word' id='word_1_591' title='bbox 2881 3375 2984 3430; x_wconf 90' lang='lat' dir='ltr'><strong>hoc</strong></span> <span class='ocrx_word' id='word_1_592' title='bbox 3011 3374 3314 3431; x_wconf 83' lang='lat' dir='ltr'><strong>faciendum</strong></span> <span class='ocrx_word' id='word_1_593' title='bbox 3342 3391 3492 3431; x_wconf 87' lang='lat' dir='ltr'><strong>com-</strong></span> 
     </span>
    </p>
   </div>
   <div class='ocr_carea' id='block_1_91' title="bbox 1918 3463 3488 3538">
    <p class='ocr_par' dir='ltr' id='par_1_91' title="bbox 1918 3463 3488 3538">
     <span class='ocr_line' id='line_1_91' title="bbox 1918 3463 3488 3538; baseline 0.004 -23"><span class='ocrx_word' id='word_1_594' title='bbox 1918 3463 2138 3532; x_wconf 83' lang='lat' dir='ltr'><strong>pulerit,</strong></span> <span class='ocrx_word' id='word_1_595' title='bbox 2177 3465 2411 3534; x_wconf 88' lang='lat' dir='ltr'><strong>propriis</strong></span> <span class='ocrx_word' id='word_1_596' title='bbox 2459 3465 2762 3535; x_wconf 85' lang='lat' dir='ltr'><strong>sumptibus</strong></span> <span class='ocrx_word' id='word_1_597' title='bbox 2815 3466 2870 3520; x_wconf 90' lang='lat' dir='ltr'><strong>id</strong></span> <span class='ocrx_word' id='word_1_598' title='bbox 2921 3464 3142 3533; x_wconf 82' lang='lat' dir='ltr'><strong>faciant,</strong></span> <span class='ocrx_word' id='word_1_599' title='bbox 3195 3475 3304 3521; x_wconf 90' lang='lat' dir='ltr'><strong>tam</strong></span> <span class='ocrx_word' id='word_1_600' title='bbox 3355 3468 3488 3538; x_wconf 86' lang='lat' dir='ltr'><strong>ipse,</strong></span> 
     </span>
    </p>
   </div>
   <div class='ocr_carea' id='block_1_92' title="bbox 1916 3554 3492 3626">
    <p class='ocr_par' dir='ltr' id='par_1_92' title="bbox 1916 3554 3492 3626">
     <span class='ocr_line' id='line_1_92' title="bbox 1916 3554 3492 3626; baseline 0.004 -20"><span class='ocrx_word' id='word_1_601' title='bbox 1916 3567 2078 3623; x_wconf 88' lang='lat' dir='ltr'><strong>quam</strong></span> <span class='ocrx_word' id='word_1_602' title='bbox 2134 3554 2428 3610; x_wconf 86' lang='lat' dir='ltr'><strong>necessarii</strong></span> <span class='ocrx_word' id='word_1_603' title='bbox 2477 3554 2616 3624; x_wconf 83' lang='lat' dir='ltr'><strong>ejus,</strong></span> <span class='ocrx_word' id='word_1_604' title='bbox 2643 3557 2845 3626; x_wconf 91' lang='lat' dir='ltr'><strong>quique</strong></span> <span class='ocrx_word' id='word_1_605' title='bbox 2893 3557 3101 3611; x_wconf 91' lang='lat' dir='ltr'><strong>circum</strong></span> <span class='ocrx_word' id='word_1_606' title='bbox 3140 3557 3314 3626; x_wconf 85' lang='lat' dir='ltr'><strong>ipsum</strong></span> <span class='ocrx_word' id='word_1_607' title='bbox 3364 3568 3492 3613; x_wconf 82' lang='lat' dir='ltr'><strong>sunt</strong></span> 
     </span>
    </p>
   </div>
   <div class='ocr_carea' id='block_1_93' title="bbox 1917 3645 3488 3717">
    <p class='ocr_par' dir='ltr' id='par_1_93' title="bbox 1917 3645 3488 3717">
     <span class='ocr_line' id='line_1_93' title="bbox 1917 3645 3488 3717; baseline 0.001 -17"><span class='ocrx_word' id='word_1_608' title='bbox 1917 3645 2252 3713; x_wconf 88' lang='lat' dir='ltr'><strong>apparitores</strong></span> <span class='ocrx_word' id='word_1_609' title='bbox 2289 3647 2427 3701; x_wconf 83' lang='lat' dir='ltr'><strong>:sed</strong></span> <span class='ocrx_word' id='word_1_610' title='bbox 2472 3661 2648 3716; x_wconf 89' lang='lat' dir='ltr'><strong>neque</strong></span> <span class='ocrx_word' id='word_1_611' title='bbox 2691 3647 2950 3717; x_wconf 80' lang='lat' dir='ltr'><strong>angariis,</strong></span> <span class='ocrx_word' id='word_1_612' title='bbox 2997 3661 3172 3716; x_wconf 90' lang='lat' dir='ltr'><strong>neque</strong></span> <span class='ocrx_word' id='word_1_613' title='bbox 3216 3647 3324 3702; x_wconf 90' lang='lat' dir='ltr'><strong>illis</strong></span> <span class='ocrx_word' id='word_1_614' title='bbox 3369 3663 3488 3717; x_wconf 70' lang='lat' dir='ltr'><strong>qua:</strong></span> 
     </span>
    </p>
   </div>
   <div class='ocr_carea' id='block_1_94' title="bbox 1916 3735 3490 3808">
    <p class='ocr_par' dir='ltr' id='par_1_94' title="bbox 1916 3735 3490 3808">
     <span class='ocr_line' id='line_1_94' title="bbox 1916 3735 3490 3808; baseline -0.001 -17"><span class='ocrx_word' id='word_1_615' title='bbox 1916 3751 2014 3806; x_wconf 90' lang='lat' dir='ltr'><strong>pro</strong></span> <span class='ocrx_word' id='word_1_616' title='bbox 2037 3736 2282 3805; x_wconf 81' lang='lat' dir='ltr'><strong>ingressu</strong></span> <span class='ocrx_word' id='word_1_617' title='bbox 2311 3735 2530 3798; x_wconf 89' lang='lat' dir='ltr'><strong>dantur.</strong></span> <span class='ocrx_word' id='word_1_618' title='bbox 2558 3750 2731 3807; x_wconf 89' lang='lat' dir='ltr'><strong>neque</strong></span> <span class='ocrx_word' id='word_1_619' title='bbox 2755 3736 2874 3792; x_wconf 90' lang='lat' dir='ltr'><strong>aliis</strong></span> <span class='ocrx_word' id='word_1_620' title='bbox 2892 3737 3014 3791; x_wconf 87' lang='lat' dir='ltr'><strong>ullis</strong></span> <span class='ocrx_word' id='word_1_621' title='bbox 3037 3737 3343 3807; x_wconf 86' lang='lat' dir='ltr'><strong>sumptibus</strong></span> <span class='ocrx_word' id='word_1_622' title='bbox 3367 3752 3490 3808; x_wconf 79' lang='lat' dir='ltr'><strong>gra-</strong></span> 
     </span>
    </p>
   </div>
   <div class='ocr_carea' id='block_1_95' title="bbox 1917 3828 3490 3900">
    <p class='ocr_par' dir='ltr' id='par_1_95' title="bbox 1917 3828 3490 3900">
     <span class='ocr_line' id='line_1_95' title="bbox 1917 3828 3490 3900; baseline -0.001 -18"><span class='ocrx_word' id='word_1_623' title='bbox 1917 3845 2047 3884; x_wconf 89' lang='lat' dir='ltr'><strong>vare</strong></span> <span class='ocrx_word' id='word_1_624' title='bbox 2074 3829 2318 3884; x_wconf 89' lang='lat' dir='ltr'><strong>subditos</strong></span> <span class='ocrx_word' id='word_1_625' title='bbox 2344 3838 2560 3884; x_wconf 90' lang='lat' dir='ltr'><strong>nostros</strong></span> <span class='ocrx_word' id='word_1_626' title='bbox 2583 3830 2629 3885; x_wconf 90' lang='lat' dir='ltr'><strong>ei</strong></span> <span class='ocrx_word' id='word_1_627' title='bbox 2659 3828 3057 3900; x_wconf 86' lang='lat' dir='ltr'><strong>permittimus;</strong></span> <span class='ocrx_word' id='word_1_628' title='bbox 3091 3843 3262 3899; x_wconf 90' lang='lat' dir='ltr'><strong>neque</strong></span> <span class='ocrx_word' id='word_1_629' title='bbox 3283 3835 3490 3898; x_wconf 65' lang='lat' dir='ltr'><strong>quaeret</strong></span> 
     </span>
    </p>
   </div>
   <div class='ocr_carea' id='block_1_96' title="bbox 1918 3919 3490 3990">
    <p class='ocr_par' dir='ltr' id='par_1_96' title="bbox 1918 3919 3490 3990">
     <span class='ocr_line' id='line_1_96' title="bbox 1918 3919 3490 3990; baseline 0 -15"><span class='ocrx_word' id='word_1_630' title='bbox 1918 3931 2008 3975; x_wconf 89' lang='lat' dir='ltr'><strong>aut</strong></span> <span class='ocrx_word' id='word_1_631' title='bbox 2034 3921 2326 3989; x_wconf 71' lang='lat' dir='ltr'><strong>praetende!</strong></span> <span class='ocrx_word' id='word_1_632' title='bbox 2355 3923 2457 3976; x_wconf 81' lang='lat' dir='ltr'><strong>hac</strong></span> <span class='ocrx_word' id='word_1_633' title='bbox 2492 3922 2546 3975; x_wconf 90' lang='lat' dir='ltr'><strong>in</strong></span> <span class='ocrx_word' id='word_1_634' title='bbox 2580 3935 2638 3976; x_wconf 90' lang='lat' dir='ltr'><strong>re</strong></span> <span class='ocrx_word' id='word_1_635' title='bbox 2667 3921 3131 3985; x_wconf 88' lang='lat' dir='ltr'><strong>consuetudinem,</strong></span> <span class='ocrx_word' id='word_1_636' title='bbox 3168 3935 3330 3990; x_wconf 90' lang='lat' dir='ltr'><strong>quam</strong></span> <span class='ocrx_word' id='word_1_637' title='bbox 3353 3919 3490 3975; x_wconf 84' lang='lat' dir='ltr'><strong>forte</strong></span> 
     </span>
    </p>
   </div>
   <div class='ocr_carea' id='block_1_97' title="bbox 1917 4010 3488 4081">
    <p class='ocr_par' dir='ltr' id='par_1_97' title="bbox 1917 4010 3488 4081">
     <span class='ocr_line' id='line_1_97' title="bbox 1917 4010 3488 4081; baseline 0 -15"><span class='ocrx_word' id='word_1_638' title='bbox 1917 4010 2230 4066; x_wconf 85' lang='lat' dir='ltr'><strong>decessores</strong></span> <span class='ocrx_word' id='word_1_639' title='bbox 2275 4011 2394 4081; x_wconf 87' lang='lat' dir='ltr'><strong>ejus</strong></span> <span class='ocrx_word' id='word_1_640' title='bbox 2443 4012 2634 4080; x_wconf 90' lang='lat' dir='ltr'><strong>privati</strong></span> <span class='ocrx_word' id='word_1_641' title='bbox 2683 4012 2950 4068; x_wconf 88' lang='lat' dir='ltr'><strong>commodi</strong></span> <span class='ocrx_word' id='word_1_642' title='bbox 2992 4027 3156 4070; x_wconf 89' lang='lat' dir='ltr'><strong>causa</strong></span> <span class='ocrx_word' id='word_1_643' title='bbox 3209 4013 3488 4080; x_wconf 80' lang='lat' dir='ltr'><strong>excogita-</strong></span> 
     </span>
    </p>
   </div>
   <div class='ocr_carea' id='block_1_98' title="bbox 1919 4083 3490 4174">
    <p class='ocr_par' dir='ltr' id='par_1_98' title="bbox 1919 4083 3490 4174">
     <span class='ocr_line' id='line_1_98' title="bbox 1919 4083 3490 4174; baseline 0.001 -17"><span class='ocrx_word' id='word_1_644' title='bbox 1919 4111 2046 4157; x_wconf 90' lang='lat' dir='ltr'><strong>runt</strong></span> <span class='ocrx_word' id='word_1_645' title='bbox 2080 4124 2093 4158; x_wconf 87' lang='lat'><strong>:</strong></span> <span class='ocrx_word' id='word_1_646' title='bbox 2123 4117 2244 4172; x_wconf 68' lang='lat' dir='ltr'><strong>quae</strong></span> <span class='ocrx_word' id='word_1_647' title='bbox 2275 4104 2420 4157; x_wconf 89' lang='lat' dir='ltr'><strong>enim</strong></span> <span class='ocrx_word' id='word_1_648' title='bbox 2448 4101 2587 4158; x_wconf 88' lang='lat' dir='ltr'><strong>male</strong></span> <span class='ocrx_word' id='word_1_649' title='bbox 2612 4083 2914 4158; x_wconf 74' lang='lat' dir='ltr'><strong>introducta</strong></span> <span class='ocrx_word' id='word_1_650' title='bbox 2945 4111 3090 4167; x_wconf 87' lang='lat' dir='ltr'><strong>sunt,</strong></span> <span class='ocrx_word' id='word_1_651' title='bbox 3137 4117 3206 4160; x_wconf 88' lang='lat' dir='ltr'><strong>ne</strong></span> <span class='ocrx_word' id='word_1_652' title='bbox 3235 4117 3302 4158; x_wconf 82' lang='lat' dir='ltr'><strong>ex</strong></span> <span class='ocrx_word' id='word_1_653' title='bbox 3330 4102 3490 4174; x_wconf 80' lang='lat' dir='ltr'><strong>longa</strong></span> 
     </span>
    </p>
   </div>
   <div class='ocr_carea' id='block_1_99' title="bbox 1917 4193 3153 4265">
    <p class='ocr_par' dir='ltr' id='par_1_99' title="bbox 1917 4193 3153 4265">
     <span class='ocr_line' id='line_1_99' title="bbox 1917 4193 3153 4265; baseline 0.002 -17"><span class='ocrx_word' id='word_1_654' title='bbox 1917 4194 2130 4264; x_wconf 89' lang='lat' dir='ltr'><strong>quidem</strong></span> <span class='ocrx_word' id='word_1_655' title='bbox 2171 4194 2580 4260; x_wconf 85' lang='lat' dir='ltr'><strong>consuetudine,</strong></span> <span class='ocrx_word' id='word_1_656' title='bbox 2612 4194 2856 4265; x_wconf 85' lang='lat' dir='ltr'><strong>adjuvari</strong></span> <span class='ocrx_word' id='word_1_657' title='bbox 2885 4193 3153 4251; x_wconf 89' lang='lat' dir='ltr'><strong>volumus.</strong></span> 
     </span>
    </p>
   </div>
   <div class='ocr_carea' id='block_1_100' title="bbox 2465 4305 2936 4368">
    <p class='ocr_par' dir='ltr' id='par_1_100' title="bbox 2465 4305 2936 4368">
     <span class='ocr_line' id='line_1_100' title="bbox 2465 4305 2936 4368; baseline 0.004 -8"><span class='ocrx_word' id='word_1_658' title='bbox 2465 4305 2764 4363; x_wconf 82' lang='lat' dir='ltr'><strong>TITULUS</strong></span> <span class='ocrx_word' id='word_1_659' title='bbox 2803 4306 2936 4368; x_wconf 84' lang='lat' dir='ltr'><strong>Vlll.</strong></span> 
     </span>
    </p>
   </div>
   <div class='ocr_carea' id='block_1_101' title="bbox 1919 4383 3489 4482">
    <p class='ocr_par' dir='ltr' id='par_1_101' title="bbox 1919 4383 3489 4482">
     <span class='ocr_line' id='line_1_101' title="bbox 1919 4383 3489 4482; baseline -0.001 -28"><span class='ocrx_word' id='word_1_660' title='bbox 1919 4399 2000 4456; x_wconf 80' lang='lat' dir='ltr'><strong>De</strong></span> <span class='ocrx_word' id='word_1_661' title='bbox 2019 4383 2298 4471; x_wconf 72' lang='lat' dir='ltr'><strong>episcopis,</strong></span> <span class='ocrx_word' id='word_1_662' title='bbox 2307 4384 2366 4456; x_wconf 71' lang='lat' dir='ltr'><strong>et</strong></span> <span class='ocrx_word' id='word_1_663' title='bbox 2385 4415 2566 4455; x_wconf 85' lang='lat' dir='ltr'><strong>eorum</strong></span> <span class='ocrx_word' id='word_1_664' title='bbox 2597 4400 2879 4482; x_wconf 58' lang='lat' dir='ltr'><strong>creatione,</strong></span> <span class='ocrx_word' id='word_1_665' title='bbox 2899 4408 2948 4454; x_wconf 79' lang='lat' dir='ltr'><strong>et</strong></span> <span class='ocrx_word' id='word_1_666' title='bbox 2965 4401 3108 4454; x_wconf 79' lang='lat' dir='ltr'><strong>omni</strong></span> <span class='ocrx_word' id='word_1_667' title='bbox 3131 4398 3489 4455; x_wconf 79' lang='lat' dir='ltr'><strong>ecclesiastica</strong></span> 
     </span>
    </p>
   </div>
   <div class='ocr_carea' id='block_1_102' title="bbox 2063 4482 2898 4528">
    <p class='ocr_par' dir='ltr' id='par_1_102' title="bbox 2063 4482 2898 4528">
     <span class='ocr_line' id='line_1_102' title="bbox 2063 4482 2898 4528; baseline -0.005 0"><span class='ocrx_word' id='word_1_668' title='bbox 2063 4511 2068 4514; x_wconf 97' lang='lat'><strong><em>-</em></strong></span> <span class='ocrx_word' id='word_1_669' title='bbox 2519 4482 2898 4528; x_wconf 69' lang='grc' dir='ltr'>ηοηιιιιαιιοηε.</span> 
     </span>
    </p>
   </div>
   <div class='ocr_carea' id='block_1_103' title="bbox 1989 4559 3492 4635">
    <p class='ocr_par' dir='ltr' id='par_1_103' title="bbox 1989 4559 3492 4635">
     <span class='ocr_line' id='line_1_103' title="bbox 1989 4559 3492 4635; baseline -0.002 -16"><span class='ocrx_word' id='word_1_670' title='bbox 1989 4566 2043 4619; x_wconf 81' lang='lat' dir='ltr'><strong>l.</strong></span> <span class='ocrx_word' id='word_1_671' title='bbox 2075 4564 2374 4635; x_wconf 86' lang='lat' dir='ltr'><strong>Episcopus</strong></span> <span class='ocrx_word' id='word_1_672' title='bbox 2400 4571 2484 4620; x_wconf 91' lang='lat' dir='ltr'><strong>est</strong></span> <span class='ocrx_word' id='word_1_673' title='bbox 2504 4563 2808 4618; x_wconf 91' lang='lat' dir='ltr'><strong>animarum</strong></span> <span class='ocrx_word' id='word_1_674' title='bbox 2837 4561 3076 4617; x_wconf 88' lang='lat' dir='ltr'><strong>omnium</strong></span> <span class='ocrx_word' id='word_1_675' title='bbox 3105 4576 3224 4631; x_wconf 58' lang='lat' dir='ltr'><strong>quae</strong></span> <span class='ocrx_word' id='word_1_676' title='bbox 3249 4559 3351 4631; x_wconf 89' lang='lat' dir='ltr'><strong>ipsi</strong></span> <span class='ocrx_word' id='word_1_677' title='bbox 3372 4574 3492 4617; x_wconf 88' lang='lat' dir='ltr'><strong>cre-</strong></span> 
     </span>
    </p>
   </div>
   <div class='ocr_carea' id='block_1_104' title="bbox 1917 4652 3488 4723">
    <p class='ocr_par' dir='ltr' id='par_1_104' title="bbox 1917 4652 3488 4723">
     <span class='ocr_line' id='line_1_104' title="bbox 1917 4652 3488 4723; baseline -0.003 -11"><span class='ocrx_word' id='word_1_678' title='bbox 1917 4658 2044 4713; x_wconf 85' lang='lat' dir='ltr'><strong>ditae</strong></span> <span class='ocrx_word' id='word_1_679' title='bbox 2078 4665 2206 4713; x_wconf 89' lang='lat' dir='ltr'><strong>sunt</strong></span> <span class='ocrx_word' id='word_1_680' title='bbox 2230 4664 2452 4710; x_wconf 88' lang='lat' dir='ltr'><strong>curator</strong></span> <span class='ocrx_word' id='word_1_681' title='bbox 2474 4663 2530 4710; x_wconf 90' lang='lat' dir='ltr'><strong>et</strong></span> <span class='ocrx_word' id='word_1_682' title='bbox 2559 4662 2936 4718; x_wconf 89' lang='lat' dir='ltr'><strong>conservator,</strong></span> <span class='ocrx_word' id='word_1_683' title='bbox 2963 4653 3168 4708; x_wconf 84' lang='lat' dir='ltr'><strong>habens</strong></span> <span class='ocrx_word' id='word_1_684' title='bbox 3195 4652 3251 4706; x_wconf 92' lang='lat' dir='ltr'><strong>in</strong></span> <span class='ocrx_word' id='word_1_685' title='bbox 3275 4653 3488 4723; x_wconf 91' lang='lat' dir='ltr'><strong>episco-</strong></span> 
     </span>
    </p>
   </div>
   <div class='ocr_carea' id='block_1_105' title="bbox 1915 4745 3486 4820">
    <p class='ocr_par' dir='ltr' id='par_1_105' title="bbox 1915 4745 3486 4820">
     <span class='ocr_line' id='line_1_105' title="bbox 1915 4745 3486 4820; baseline -0.003 -16"><span class='ocrx_word' id='word_1_686' title='bbox 1915 4760 2043 4820; x_wconf 91' lang='lat' dir='ltr'><strong>patu</strong></span> <span class='ocrx_word' id='word_1_687' title='bbox 2073 4763 2170 4806; x_wconf 84' lang='lat' dir='ltr'><strong>suo</strong></span> <span class='ocrx_word' id='word_1_688' title='bbox 2196 4746 2498 4803; x_wconf 86' lang='lat' dir='ltr'><strong>absolutam</strong></span> <span class='ocrx_word' id='word_1_689' title='bbox 2525 4746 2823 4817; x_wconf 90' lang='lat' dir='ltr'><strong>potentiam</strong></span> <span class='ocrx_word' id='word_1_690' title='bbox 2869 4745 2923 4800; x_wconf 93' lang='lat' dir='ltr'><strong>in</strong></span> <span class='ocrx_word' id='word_1_691' title='bbox 2957 4745 3330 4815; x_wconf 86' lang='lat' dir='ltr'><strong>presbyteros,</strong></span> <span class='ocrx_word' id='word_1_692' title='bbox 3366 4745 3486 4800; x_wconf 87' lang='lat' dir='ltr'><strong>dia-</strong></span> 
     </span>
    </p>
   </div>
   <div class='ocr_carea' id='block_1_106' title="bbox 1916 4837 3160 4910">
    <p class='ocr_par' dir='ltr' id='par_1_106' title="bbox 1916 4837 3160 4910">
     <span class='ocr_line' id='line_1_106' title="bbox 1916 4837 3160 4910; baseline -0.002 -14"><span class='ocrx_word' id='word_1_693' title='bbox 1916 4855 2104 4906; x_wconf 90' lang='lat' dir='ltr'><strong>conos,</strong></span> <span class='ocrx_word' id='word_1_694' title='bbox 2136 4848 2486 4910; x_wconf 71' lang='lat' dir='ltr'><strong>anagnostes,</strong></span> <span class='ocrx_word' id='word_1_695' title='bbox 2524 4838 2732 4909; x_wconf 86' lang='lat' dir='ltr'><strong>psaltas</strong></span> <span class='ocrx_word' id='word_1_696' title='bbox 2759 4847 2812 4894; x_wconf 93' lang='lat' dir='ltr'><strong>et</strong></span> <span class='ocrx_word' id='word_1_697' title='bbox 2844 4837 3160 4894; x_wconf 84' lang='lat' dir='ltr'><strong>monachos.</strong></span> 
     </span>
    </p>
   </div>
   <div class='ocr_carea' id='block_1_107' title="bbox 1984 5011 3488 5086">
    <p class='ocr_par' dir='ltr' id='par_1_107' title="bbox 1984 5011 3488 5086">
     <span class='ocr_line' id='line_1_107' title="bbox 1984 5011 3488 5086; baseline -0.002 -15"><span class='ocrx_word' id='word_1_698' title='bbox 1984 5017 2040 5071; x_wconf 79' lang='lat'><strong>‘2.</strong></span> <span class='ocrx_word' id='word_1_699' title='bbox 2077 5014 2356 5084; x_wconf 80' lang='lat' dir='ltr'><strong>Proprium</strong></span> <span class='ocrx_word' id='word_1_700' title='bbox 2389 5015 2626 5086; x_wconf 88' lang='lat' dir='ltr'><strong>episcopi</strong></span> <span class='ocrx_word' id='word_1_701' title='bbox 2649 5021 2754 5082; x_wconf 90' lang='lat' dir='ltr'><strong>est,</strong></span> <span class='ocrx_word' id='word_1_702' title='bbox 2789 5027 2914 5070; x_wconf 91' lang='lat' dir='ltr'><strong>cum</strong></span> <span class='ocrx_word' id='word_1_703' title='bbox 2945 5011 3240 5070; x_wconf 84' lang='lat' dir='ltr'><strong>humilibus</strong></span> <span class='ocrx_word' id='word_1_704' title='bbox 3269 5013 3488 5084; x_wconf 88' lang='lat' dir='ltr'><strong>quidem</strong></span> 
     </span>
    </p>
   </div>
   <div class='ocr_carea' id='block_1_108' title="bbox 1914 5106 3490 5178">
    <p class='ocr_par' dir='ltr' id='par_1_108' title="bbox 1914 5106 3490 5178">
     <span class='ocr_line' id='line_1_108' title="bbox 1914 5106 3490 5178; baseline -0.004 -14"><span class='ocrx_word' id='word_1_705' title='bbox 1914 5109 2248 5172; x_wconf 87' lang='lat' dir='ltr'><strong>conversari,</strong></span> <span class='ocrx_word' id='word_1_706' title='bbox 2300 5108 2582 5178; x_wconf 90' lang='lat' dir='ltr'><strong>despicere</strong></span> <span class='ocrx_word' id='word_1_707' title='bbox 2631 5117 2813 5163; x_wconf 91' lang='lat' dir='ltr'><strong>autem</strong></span> <span class='ocrx_word' id='word_1_708' title='bbox 2855 5121 2950 5162; x_wconf 91' lang='lat' dir='ltr'><strong>eos</strong></span> <span class='ocrx_word' id='word_1_709' title='bbox 2982 5106 3073 5177; x_wconf 91' lang='lat' dir='ltr'><strong>qui</strong></span> <span class='ocrx_word' id='word_1_710' title='bbox 3120 5107 3304 5161; x_wconf 90' lang='lat' dir='ltr'><strong>animo</strong></span> <span class='ocrx_word' id='word_1_711' title='bbox 3345 5107 3490 5161; x_wconf 83' lang='lat' dir='ltr'><strong>elato</strong></span> 
     </span>
    </p>
   </div>
   <div class='ocr_carea' id='block_1_109' title="bbox 1913 5199 3489 5270">
    <p class='ocr_par' dir='ltr' id='par_1_109' title="bbox 1913 5199 3489 5270">
     <span class='ocr_line' id='line_1_109' title="bbox 1913 5199 3489 5270; baseline -0.005 -11"><span class='ocrx_word' id='word_1_712' title='bbox 1913 5212 2059 5268; x_wconf 88' lang='lat' dir='ltr'><strong>sunt,</strong></span> <span class='ocrx_word' id='word_1_713' title='bbox 2091 5213 2201 5257; x_wconf 92' lang='lat' dir='ltr'><strong>tum</strong></span> <span class='ocrx_word' id='word_1_714' title='bbox 2259 5202 2424 5256; x_wconf 85' lang='lat' dir='ltr'><strong>etiam</strong></span> <span class='ocrx_word' id='word_1_715' title='bbox 2477 5201 2655 5256; x_wconf 87' lang='lat' dir='ltr'><strong>verbis</strong></span> <span class='ocrx_word' id='word_1_716' title='bbox 2681 5199 2948 5270; x_wconf 86' lang='lat' dir='ltr'><strong>factisque</strong></span> <span class='ocrx_word' id='word_1_717' title='bbox 2988 5199 3358 5270; x_wconf 77' lang='lat' dir='ltr'><strong>arrogantium</strong></span> <span class='ocrx_word' id='word_1_718' title='bbox 3396 5213 3489 5251; x_wconf 90' lang='lat' dir='ltr'><strong>su-</strong></span> 
     </span>
    </p>
   </div>
   <div class='ocr_carea' id='block_1_110' title="bbox 1914 5289 3486 5368">
    <p class='ocr_par' dir='ltr' id='par_1_110' title="bbox 1914 5289 3486 5368">
     <span class='ocr_line' id='line_1_110' title="bbox 1914 5289 3486 5368; baseline -0.006 -16"><span class='ocrx_word' id='word_1_719' title='bbox 1914 5296 2154 5368; x_wconf 86' lang='lat' dir='ltr'><strong>perbiam</strong></span> <span class='ocrx_word' id='word_1_720' title='bbox 2206 5295 2272 5348; x_wconf 90' lang='lat' dir='ltr'><strong>ad</strong></span> <span class='ocrx_word' id='word_1_721' title='bbox 2323 5293 2682 5348; x_wconf 87' lang='lat' dir='ltr'><strong>humilitatem</strong></span> <span class='ocrx_word' id='word_1_722' title='bbox 2733 5293 2971 5348; x_wconf 88' lang='lat' dir='ltr'><strong>trahere.</strong></span> <span class='ocrx_word' id='word_1_723' title='bbox 3005 5291 3219 5360; x_wconf 68' lang='lat' dir='ltr'><strong>Quaeris</strong></span> <span class='ocrx_word' id='word_1_724' title='bbox 3249 5289 3486 5358; x_wconf 88' lang='lat' dir='ltr'><strong>pericula</strong></span> 
     </span>
    </p>
   </div>
   <div class='ocr_carea' id='block_1_111' title="bbox 1914 5380 3483 5460">
    <p class='ocr_par' dir='ltr' id='par_1_111' title="bbox 1914 5380 3483 5460">
     <span class='ocr_line' id='line_1_111' title="bbox 1914 5380 3483 5460; baseline -0.005 -16"><span class='ocrx_word' id='word_1_725' title='bbox 1914 5405 2012 5460; x_wconf 90' lang='lat' dir='ltr'><strong>pro</strong></span> <span class='ocrx_word' id='word_1_726' title='bbox 2055 5403 2218 5459; x_wconf 86' lang='lat' dir='ltr'><strong>grege</strong></span> <span class='ocrx_word' id='word_1_727' title='bbox 2250 5403 2349 5444; x_wconf 87' lang='lat' dir='ltr'><strong>suo</strong></span> <span class='ocrx_word' id='word_1_728' title='bbox 2397 5386 2602 5453; x_wconf 89' lang='lat' dir='ltr'><strong>subire,</strong></span> <span class='ocrx_word' id='word_1_729' title='bbox 2649 5395 2705 5443; x_wconf 88' lang='lat' dir='ltr'><strong>et</strong></span> <span class='ocrx_word' id='word_1_730' title='bbox 2741 5385 2886 5442; x_wconf 91' lang='lat' dir='ltr'><strong>illius</strong></span> <span class='ocrx_word' id='word_1_731' title='bbox 2917 5386 3198 5456; x_wconf 84' lang='lat' dir='ltr'><strong>angustias</strong></span> <span class='ocrx_word' id='word_1_732' title='bbox 3249 5380 3483 5452; x_wconf 84' lang='lat' dir='ltr'><strong>propriis</strong></span> 
     </span>
    </p>
   </div>
   <div class='ocr_carea' id='block_1_112' title="bbox 1915 5481 2502 5548">
    <p class='ocr_par' dir='ltr' id='par_1_112' title="bbox 1915 5481 2502 5548">
     <span class='ocr_line' id='line_1_112' title="bbox 1915 5481 2502 5548; baseline -0.003 -11"><span class='ocrx_word' id='word_1_733' title='bbox 1915 5481 2191 5537; x_wconf 84' lang='lat' dir='ltr'><strong>doloribus</strong></span> <span class='ocrx_word' id='word_1_734' title='bbox 2224 5481 2502 5548; x_wconf 89' lang='lat' dir='ltr'><strong>deputare.</strong></span> 
     </span>
    </p>
   </div>
   <div class='ocr_carea' id='block_1_113' title="bbox 1982 5562 3485 5640">
    <p class='ocr_par' dir='ltr' id='par_1_113' title="bbox 1982 5562 3485 5640">
     <span class='ocr_line' id='line_1_113' title="bbox 1982 5562 3485 5640; baseline -0.005 -16"><span class='ocrx_word' id='word_1_735' title='bbox 1982 5571 2036 5626; x_wconf 90' lang='grc'><strong>’5.</strong></span> <span class='ocrx_word' id='word_1_736' title='bbox 2068 5568 2330 5626; x_wconf 85' lang='lat' dir='ltr'><strong>Juhcmus</strong></span> <span class='ocrx_word' id='word_1_737' title='bbox 2359 5579 2413 5624; x_wconf 92' lang='lat' dir='ltr'><strong>ut</strong></span> <span class='ocrx_word' id='word_1_738' title='bbox 2449 5569 2494 5626; x_wconf 90' lang='lat' dir='ltr'><strong>si</strong></span> <span class='ocrx_word' id='word_1_739' title='bbox 2540 5570 2825 5640; x_wconf 89' lang='lat' dir='ltr'><strong>episcopus</strong></span> <span class='ocrx_word' id='word_1_740' title='bbox 2871 5566 3201 5624; x_wconf 87' lang='lat' dir='ltr'><strong>ordinandus</strong></span> <span class='ocrx_word' id='word_1_741' title='bbox 3236 5562 3330 5626; x_wconf 86' lang='lat' dir='ltr'><strong>sit,</strong></span> <span class='ocrx_word' id='word_1_742' title='bbox 3354 5577 3485 5618; x_wconf 89' lang='lat' dir='ltr'><strong>con-</strong></span> 
     </span>
    </p>
   </div>
   <div class='ocr_carea' id='block_1_114' title="bbox 1913 5658 3484 5730">
    <p class='ocr_par' dir='ltr' id='par_1_114' title="bbox 1913 5658 3484 5730">
     <span class='ocr_line' id='line_1_114' title="bbox 1913 5658 3484 5730; baseline -0.006 -11"><span class='ocrx_word' id='word_1_743' title='bbox 1913 5664 2133 5719; x_wconf 84' lang='lat' dir='ltr'><strong>veniant</strong></span> <span class='ocrx_word' id='word_1_744' title='bbox 2164 5663 2370 5726; x_wconf 78' lang='lat' dir='ltr'><strong>clerici,</strong></span> <span class='ocrx_word' id='word_1_745' title='bbox 2408 5669 2462 5718; x_wconf 89' lang='lat' dir='ltr'><strong>et</strong></span> <span class='ocrx_word' id='word_1_746' title='bbox 2515 5663 2569 5718; x_wconf 88' lang='lat' dir='ltr'><strong>in</strong></span> <span class='ocrx_word' id='word_1_747' title='bbox 2618 5663 2708 5718; x_wconf 84' lang='lat' dir='ltr'><strong>illa</strong></span> <span class='ocrx_word' id='word_1_748' title='bbox 2749 5661 2968 5717; x_wconf 81' lang='lat' dir='ltr'><strong>civitate</strong></span> <span class='ocrx_word' id='word_1_749' title='bbox 2998 5658 3180 5730; x_wconf 90' lang='lat' dir='ltr'><strong>primi,</strong></span> <span class='ocrx_word' id='word_1_750' title='bbox 3231 5666 3292 5710; x_wconf 89' lang='lat' dir='ltr'><strong>ut</strong></span> <span class='ocrx_word' id='word_1_751' title='bbox 3321 5671 3484 5725; x_wconf 91' lang='lat' dir='ltr'><strong>super</strong></span> 
     </span>
    </p>
   </div>
   <div class='ocr_carea' id='block_1_115' title="bbox 1916 5749 3484 5826">
    <p class='ocr_par' dir='ltr' id='par_1_115' title="bbox 1916 5749 3484 5826">
     <span class='ocr_line' id='line_1_115' title="bbox 1916 5749 3484 5826; baseline -0.005 -16"><span class='ocrx_word' id='word_1_752' title='bbox 1916 5757 2092 5812; x_wconf 81' lang='lat' dir='ltr'><strong>tribus</strong></span> <span class='ocrx_word' id='word_1_753' title='bbox 2137 5755 2384 5826; x_wconf 83' lang='lat' dir='ltr'><strong>personis</strong></span> <span class='ocrx_word' id='word_1_754' title='bbox 2438 5754 2654 5810; x_wconf 80' lang='lat' dir='ltr'><strong>decreta</strong></span> <span class='ocrx_word' id='word_1_755' title='bbox 2705 5753 2946 5821; x_wconf 87' lang='lat' dir='ltr'><strong>faciant,</strong></span> <span class='ocrx_word' id='word_1_756' title='bbox 3002 5759 3058 5810; x_wconf 90' lang='lat' dir='ltr'><strong>et</strong></span> <span class='ocrx_word' id='word_1_757' title='bbox 3109 5749 3484 5820; x_wconf 87' lang='lat' dir='ltr'><strong>unusquisque</strong></span> 
     </span>
    </p>
   </div>
  </div>
