4050 6416
492 342 604 409 έ79

1517 349 2035 413 CONSTAN’I‘INI
2075 346 2763 409 PORPHYROGENITI

3667 343 3774 408 480

494 472 658 511 manu
713 471 812 513 sua
870 458 1200 522 subscribat.
1250 460 1392 529 quod
1446 475 1623 530 neque
1672 460 1870 529 pretio,
1908 472 2084 529 neque

2192 473 2378 527 σματα
2430 459 2629 523 ποιεῖν,
2690 456 2787 510 καὶ
2836 457 3067 512 ἕκαστον
3127 457 3312 513 αὑτῶν
3362 461 3763 529 χειρογεοαφεῖν

496 546 908 617 pollicitatione,
949 564 1124 620 neque
1169 551 1430 616 amicitia,
1464 559 1558 605 aut
1598 553 1798 621 gratia,
1850 558 1946 605 aut
1979 549 2086 603 alio

495 640 687 708 quovis
709 640 905 697 aﬂ'ectu
950 644 1154 699 inducti
1182 645 1312 711 sint,
1346 645 1442 700 sed
1479 653 1818 714 compertum
1850 646 2087 702 habeant

495 732 643 802 ipsos
678 745 839 789 rectae
866 744 920 789 et
946 735 1225 791 catholicae
1261 736 1385 791 ﬁdei
1417 731 1651 806 vitaeque
1686 737 1999 808 inculpatze,
2032 749 2088 795 et

492 826 603 894 jam
632 825 964 881 tricesimum
993 844 1195 882 annum
1228 844 1614 900 supergressos
1630 845 1755 886 esse
1787 848 1802 886 :
1834 833 2087 903 scireque

498 932 558 972 se
592 920 734 987 quod
776 934 949 987 neque
985 935 1216 975 uxorem
1255 936 1434 993 neque
1467 922 1670 980 liberos
1698 924 1954 993 habeant,
1986 940 2085 982 nec

497 1024 608 1079 que
639 1008 885 1077 pellicem
920 1019 1016 1064 aut
1059 1012 1262 1068 liberos
1302 1015 1618 1082 naturales;
1650 1017 1745 1072 sed
1774 1017 1820 1073 si
1866 1019 1991 1089 quis
2019 1031 2087 1072 ex

497 1102 630 1170 ipsis
680 1101 832 1171 prius
881 1119 1106 1159 uxorem
1166 1106 1377 1175 habuit,
1437 1123 1558 1163 eam
1616 1111 1835 1167 unicam
1893 1110 2084 1178 fuisse,

494 1210 726 1265 eamque
761 1212 862 1254 nec
892 1198 1129 1267 viduam,
1158 1216 1333 1271 neque
1364 1220 1393 1257 a
1422 1204 1541 1260 viro
1568 1203 1874 1271 dimissam,
1909 1220 2087 1277 neque

498 1289 704 1344 sanctis
731 1292 1033 1347 canonibus
1067 1294 1394 1363 prohibitos,
1429 1305 1485 1351 et
1517 1313 1585 1353 ex
1632 1298 1805 1355 tribus
1839 1301 2087 1370 personis

495 1379 561 1434 de
591 1380 788 1450 quibus
817 1381 1095 1438 decretum
1128 1384 1332 1442 factum
1369 1398 1476 1455 est,
1508 1389 1748 1460 optimus
1782 1392 2084 1448 ordinetur.

496 1470 806 1540 Adjiciatur
844 1470 1108 1544 praeterea
1141 1477 1351 1548 judicio
1396 1480 1735 1551 designantis
1761 1524 1776 1549 ,
1810 1495 1869 1539 ut
1903 1485 2084 1541 libello

497 1563 567 1618 ab
592 1562 708 1633 ipso
747 1564 892 1623 l‘acto
915 1583 1038 1624 cum
1060 1572 1274 1641 propria
1309 1574 1735 1646 subscriptione,
1767 1579 2086 1635 continente

500 1656 876 1713 testimonium
914 1660 979 1716 de
1027 1670 1176 1717 recta
1211 1662 1328 1731 eius
1362 1664 1490 1732 lide,
1540 1666 1824 1724 denuntiet
1856 1680 1911 1726 et
1942 1671 2084 1726 divi-

497 1760 626 1799 num
678 1748 968 1803 adventum
1025 1751 1082 1805 in
1133 1766 1287 1808 sacra
1319 1756 1706 1813 communione
1742 1758 1970 1823 factum,
2029 1769 2085 1815 et

2188 548 2391 602 ότίονδε
2430 548 2671 603 διάδοσιν
2710 547 2778 621 [Ῑ.
2817 549 2944 602 οὔτε
2979 549 3036 603 δὲ
3089 549 3179 603 διὰ
3211 548 3406 621 δόσινῖ,
3462 547 3587 602 οὔτε
3643 549 3780 603 ὑπό-

2195 643 2452 714 σχεσιν,ἢ
2485 643 2691 710 φιλίαν,
2721 642 2754 714 ἢ
2777 645 2959 715 χάριν,
2983 643 3016 715 ἢ
3041 643 3208 715 ἄλλην
3233 645 3353 697 οἵαν
3379 642 3579 714 δήποτε
3606 661 3780 715 προσ-

2185 734 2442 800 πάθειαν,
2481 734 2597 787 ἀλλ’
2632 734 2838 798 εἰδότες
2896 735 3096 800 αὐτοὺς
3156 736 3256 805 τῆς
3289 735 3458 808 ὀρθῆς
3491 736 3589 789 καὶ
3633 736 3783 790 καθα

2197 826 2388 897 ολικῆς
2414 826 2652 893 πίστεως
2676 808 2771 881 καὶ
2797 827 3000 898 σεμνοῦ
3026 828 3163 899 βίου,
3189 828 3286 882 καὶ
3310 828 3449 900 ὑπὲρ
3469 829 3529 882 τὸ
3559 844 3782 900 τριακο-

2192 919 2317 974 στὸν
2362 918 2485 984 ἔτος
2533 921 2763 984 τούτους
2807 918 2951 974 εἶναι
3001 921 3352 987 ἐπελέξαντο,
3387 924 3482 975 καὶ
3535 921 3617 973 ὅτι
3660 919 3783 972 οὑδὲ

2188 1012 2436 1083 γαμετὰς
2468 1013 2589 1067 οὑδὲ
2638 1013 2831 1076 παῖδας
2868 1012 3017 1067 ἴσασί
3045 1030 3212 1078 τινας
3247 1012 3308 1078 ἐξ
3334 1011 3513 1066 αὑτῶν
3554 1012 3719 1082 ἔχειν,
3749 1011 3781 1082 ἢ

2192 1103 2484 1176 παλλακὴν
2519 1104 2553 1175 ἢ
2605 1104 2809 1170 παῖδας
2842 1106 3131 1176 φυσικοὺς,
3158 1105 3273 1159 ἀλλ’
3309 1107 3358 1158 εἰ
3386 1104 3480 1157 καὶ
3518 1105 3783 1175 πρότερόν

2187 1213 2273 1261 τις
2293 1197 2353 1264 ἐξ
2377 1197 2557 1251 αὐτῶν
2582 1198 2852 1270 γαμετὴν
2879 1196 3025 1270 εἶχεν
3048 1199 3142 1254 καὶ
3164 1197 3335 1270 αὐτὴν
3357 1197 3509 1267 μίαν,
3536 1198 3632 1249 καὶ
3662 1196 3783 1249 οὑδὲ

2188 1289 2390 1360 χήραν,
2424 1289 2549 1344 οὑδὲ
2583 1289 2779 1363 ἀνδρὸς
2824 1291 3283 1362 ἀποζευχθεῖσαν,
3319 1289 3440 1343 οὑδὲ
3470 1291 3583 1353 τοῖς
3619 1290 3785 1360 ἱεροῖς

2189 1380 2413 1434 κανόσιν
2456 1382 2971 1455 ἀπηγορευμένους,
3005 1383 3104 1438 καὶ
3132 1383 3197 1437 ἐκ
3227 1381 3337 1437 τῶν
3397 1382 3566 1453 τριῶν
3623 1399 3787 1452 προσο

2196 1472 2375 1527 ὡπων
2415 1475 2525 1530 τῶν
2548 1475 2963 1547 ψηφιζομένων,
3006 1478 3035 1529 ὁ
3061 1475 3289 1547 βελτίων
3343 1475 3780 1548 χειροτονείσθω,

2190 1560 2421 1633 ὲπιλογῇ
2448 1562 2546 1616 καὶ
2568 1563 2648 1635 τῷ
2674 1564 2905 1637 κρίματι
2932 1564 3026 1619 τοῦ
3055 1564 3510 1636 χειροτονοῦντος,
3537 1563 3781 1619 λιϐέλλου

2190 1653 2322 1724 παρ’
2353 1654 2522 1709 αὑτοῦ
2551 1656 2840 1728 γινομένου
2884 1657 3004 1729 μεθ’
3028 1658 3358 1728 ὑπογραφῆς
3392 1656 3553 1722 ἰδίας,
3626 1675 3785 1730 περι-

2194 1744 2423 1816 έχοντος
2453 1748 2701 1820 περὶτῆς
2726 1749 2895 1821 ὀρθῆς
2928 1748 3093 1804 αὑτοῦ
3124 1749 3386 1817 πίστεως,
3418 1749 3785 1820 ἀπαγγέλλειν

497 1838 867 1907 precationem
903 1841 957 1895 in
1009 1856 1168 1899 sacro
1202 1845 1549 1917 baptismate,
1586 1849 1934 1921 reliquasque
1960 1867 2084 1922 pre-

2194 1839 2253 1894 δὲ
2287 1840 2501 1908 τοῦτον,
2547 1844 2641 1898 καὶ
2673 1842 2773 1914 τὴν
2828 1844 2979 1899 θείαν
3032 1844 3430 1917 προσκομιδὴν,
3459 1844 3558 1915 τὴν
3587 1845 3680 1897 ἐπὶ
3715 1846 3782 1914 τῇ

497 1929 761 1986 eationes.
798 1932 903 1987 Sed
936 1943 990 1989 et
1020 1935 1135 2005 ipse
1174 1937 1489 2009 designatus
1519 1943 1737 2013 propria
1773 1960 1935 2000 manu
1961 1948 2088 2001 sub-

497 2022 722 2091 scribat,
760 2026 904 2094 quod
933 2042 1108 2098 neque
1140 2045 1237 2099 per
1266 2047 1325 2087 se
1374 2033 1551 2103 ipSum
1593 2052 1771 2107 neque
1802 2053 1899 2108 per
1925 2039 2085 2094 aliam

496 2129 787 2183 personam
817 2116 1027 2174 dederit
1056 2130 1148 2176 aut
1177 2127 1511 2195 promiserit,
1539 2136 1631 2181 aut
1665 2134 1891 2199 posthac
1925 2132 2087 2185 datu-

498 2222 592 2261 rus
616 2207 712 2276 sit,
739 2208 822 2264 vel
852 2210 925 2266 illi
958 2212 1048 2281 qui
1080 2229 1203 2269 eum
1237 2216 1566 2289 designavit,
1595 2220 1678 2276 vel
1713 2221 1818 2277 illis
1848 2223 1939 2294 qui
1971 2222 2085 2279 suf-

497 2295 673 2368 fragio
702 2314 801 2356 suo
831 2317 953 2357 eum
985 2303 1265 2376 juverunt,
1302 2321 1397 2364 aut
1428 2312 1664 2382 denique
1713 2316 1939 2371 omnino
1968 2316 2087 2371 cui-

497 2405 686 2461 quam,
721 2409 821 2463 pro
854 2394 1236 2468 designatione
1270 2400 1325 2460 in
1357 2403 1533 2473 ipsum
1561 2404 1726 2461 facta.

564 2680 617 2735 4.
670 2682 934 2743 .lubemus
985 2689 1272 2763 episcopos
1323 2704 1564 2765 creatos,
1613 2699 1661 2755 si
1691 2715 1852 2771 quem
1886 2701 2083 2759 laicum

495 2777 754 2844 prmdicta
786 2780 1054 2837 electione
1102 2785 1326 2856 dignum
1375 2793 1717 2859 censuerint,
1750 2796 1896 2852 hunc
1923 2798 2082 2854 talem

498 2881 603 2920 una
629 2884 751 2923 enm
777 2872 899 2927 aliis
926 2874 1100 2930 tribus
1123 2877 1341 2935 clericis
1369 2894 1465 2935 aut
1495 2886 1780 2942 monachis
1805 2886 2041 2959 allegere
2066 2907 2080 2945 :

495 2960 572 3014 ita
603 2960 822 3027 quidem
858 2972 914 3018 ut
968 2964 1139 3021 laicus
1180 2967 1284 3023 hae
1311 2971 1523 3029 ratione
1565 2975 1617 3029 in
1650 2976 1961 3049 episcopum
1988 2983 2084 3038 ad-

495 3049 667 3106 iectus
708 3068 815 3108 non
859 3055 1080 3125 quidem
1113 3058 1403 3132 episcopus
1439 3073 1679 3133 creetur,
1723 3070 1818 3125 sed
1850 3071 2081 3140 primum

403 3142 409 3149 '
496 3141 715 3200 clericis
765 3161 873 3202 non
919 3150 1104 3207 minus
1146 3168 1311 3222 quam
1370 3156 1532 3212 trium
1588 3162 1855 3217 mensium
1905 3167 2082 3234 spatio

498 3234 907 3308 adnumeratur,
956 3250 1013 3297 et
1057 3244 1138 3300 sie
1185 3255 1407 3303 sanctos
1446 3264 1684 3308 «nentes
1751 3264 2085 3328 sanctasque

495 3324 759 3385 Ecclesia
777 3330 1031 3402 liturgias
1058 3336 1285 3397 edoctus
1310 3341 1601 3412 episcopus
1633 3345 1919 3404 ordinetur
1947 3366 1960 3403 :
1995 3324 2089 3420 qui

496 3420 641 3474 enim
680 3420 816 3479 alios
857 3424 1122 3485 docturus
1170 3440 1274 3498 est,
1321 3448 1426 3489 non
1472 3438 1734 3495 convenit
1784 3454 1918 3496 eum
1967 3455 2090 3513 post

496 3510 927 3584 designationem
958 3520 1026 3576 ab
1050 3521 1171 3577 aliis
1197 3523 1428 3583 discere.
1463 3525 1569 3584 Sed
1601 3530 1646 3586 si
1677 3532 1897 3601 quidem
1920 3510 2086 3590 etiam

496 3606 622 3661 dum
661 3608 812 3667 laieis
849 3629 1358 3685 eonnumeraretur,
1397 3623 1511 3691 iam
1550 3625 1884 3685 suﬂicienter
1905 3633 2088 3688 omnia

495 3698 722 3756 edoctus
764 3701 952 3771 fuerit,
1002 3708 1070 3763 ad
1114 3710 1346 3767 aliorum
1403 3715 1827 3787 institutionem,
1887 3721 1944 3776 in
1996 3724 2089 3778 tali

494 3798 715 3862 tempus
762 3798 1087 3864 praeﬁnitum
1126 3817 1233 3859 non
1277 3807 1529 3874 servari,
1572 3813 1917 3882 experientia
1969 3815 2089 3873 sine

495 3884 740 3950 periculo
777 3887 982 3945 docuit.

564 4068 620 4125 5.
649 4067 706 4125 Si
734 4070 780 4126 is
802 4071 895 4142 qui
918 4074 1286 4147 designandos
1305 4090 1412 4148 est,
1440 4090 1698 4153 tanquam
1727 4103 1834 4143 non
1858 4090 2088 4150 idoneus

493 4170 803 4230 accusetur,
840 4164 1126 4224 diﬂ‘eratur
1155 4172 1461 4243 designatio
1507 4188 1561 4232 et
1604 4182 1866 4248 procedat
1904 4183 2088 4254 inqui-

491 4253 619 4309 sitio
664 4269 762 4311 scu
807 4268 1227 4343 praesente_seu
1260 4264 1491 4323 absente
1539 4270 1880 4342 adversario,
1919 4253 2086 4347 idque

495 4345 635 4400 intra
690 4358 798 4404 tres
847 4334 1119 4424 menses;-
1159 4364 1216 4411 et
1262 4357 1306 4413 si
1350 4358 1720 4427 designandus
1767 4365 2083 4424 inveniatur

392 4444 399 4451 ‘
492 4439 762 4497 obnoxius
807 4444 999 4515 culpae,
1043 4447 1129 4503 vel
1176 4463 1246 4504 ex
1296 4450 1510 4522 legibus
1556 4456 1641 4511 vel
1670 4473 1736 4513 ex
1782 4462 2087 4519 eanonibus

2194 1933 2329 2005 ἁγίᾳ
2365 1935 2627 2007 κοινωνίᾳ
2666 1937 2985 2008 γινομένην,
3028 1939 3126 1992 καὶ
3158 1939 3259 2009 τὴν
3292 1939 3385 1992 ἐπὶ
3414 1936 3494 2009 τῷ
3521 1938 3660 2009 ἁγίῳ
3689 1937 3783 2008 βα-

2192 2023 2461 2095 πτίσματι
2496 2027 2663 2098 εὐχὴν
2691 2027 2787 2081 καὶ
2813 2027 2913 2093 τὰς
2957 2029 3154 2094 λοιπὰς
3187 2029 3380 2102 εὑχάς,
3407 2030 3697 2102 ίδιόχειρον
3728 2029 3788 2083 δὲ

2193 2116 2441 2188 ὑπέχειν,
2474 2119 2571 2172 καὶ
2620 2119 2785 2173 αὑτὸν
2841 2119 2932 2175 τὸν
2979 2122 3483 2193 χειροτονούμενον.
3534 2121 3612 2187 ὡς
3661 2120 3788 2177 οὔτε

2191 2209 2260 2263 δι’
2314 2209 2534 2277 ἑαυτοῦ,
2592 2210 2717 2265 οὔτε
2762 2212 2830 2266 δι’
2883 2213 3073 2286 ἐτέρου
3127 2214 3424 2286 προσώπου
3469 2215 3707 2270 δέδωκεν
3752 2216 3789 2287 ἦ

2191 2300 2482 2373 ὑπέσχετο,
2515 2304 2637 2358 οὑδὲ
2673 2304 2815 2375 μετά
2848 2304 3024 2360 ταῦτα
3057 2306 3242 2375 δώσει,
3272 2307 3305 2380 ἢ
3343 2308 3495 2380 αὑτῷ
3547 2307 3626 2380 τῷ
3671 2325 3792 2380 χει-

2193 2394 2501 2463 ροτονοῦντι
2543 2396 2726 2459 αὑτὸν,
2759 2396 2792 2469 ῆ
2824 2400 2938 2463 τοῖς
2988 2398 3056 2453 τὰ
3103 2400 3435 2472 ψηφίσματα
3475 2403 3793 2475 ποιησαμέ-

2188 2503 2321 2552 νοις,
2366 2486 2398 2558 ῆ
2436 2487 2608 2560 ἑτέρῳ
2638 2488 2749 2544 τῶν
2798 2490 3020 2547 πάντων
3041 2492 3150 2548 τινὶ
3183 2489 3335 2567 ὑπὲρ
3371 2495 3471 2568 τῆς
3508 2497 3589 2561 είς
3622 2497 3792 2554 αὑτὸν

2188 2580 2485 2651 γινομένης
2523 2583 2880 2654 χειροτονίας.

2259 2694 2322 2750 δ’.
2355 2696 2670 2769 Κελεύομεν
2697 2700 2825 2764 τοὺς
2860 2700 3295 2775 ψηφιζομένους,
3322 2704 3380 2760 εί
3408 2723 3535 2760 τινα
3588 2723 3796 2778 κοσμι-

2192 2788 2289 2844 κδν
2346 2790 2498 2858 ἄξιον
2548 2792 2650 2863 τῆς
2710 2798 3127 2870 προειρημένης
3160 2798 3424 2869 ὲπιλογῆς
3459 2793 3601 2853 εἶναι
3631 2799 3795 2871 νομί-

2189 2900 2347 2951 σωσι,
2374 2885 2467 2939 τὸν
2490 2887 2736 2942 τοιοῦτον
2762 2890 2880 2961 ἅμα
2908 2890 3095 2955 ἄλλοις
3125 2893 3274 2964 τρισὶ
3299 2892 3589 2966 κληρικοῖς
3618 2896 3654 2968 ἢ
3697 2911 3796 2965 μο-

2187 2978 2371 3046 ναχοῖς
2434 2977 2808 3046 ἐπιλέξασθαι,
2864 2979 3009 3036 οὕτω
3078 2983 3412 3053 μέντοι,ῖνα
3461 2985 3795 3056 δ’κοσμικδς

2190 3066 2368 3140 τορτῳ
2407 3068 2486 3141 τῷ
2524 3069 2713 3142 τρόπῳ
2744 3072 2826 3134 είς
2869 3072 3171 3128 ἐπίσκοπον
3219 3076 3522 3147 ὲπιλεγεὶς,
3559 3076 3635 3149 μὴ
3662 3079 3794 3133 ὲπίο

2188 3177 2391 3225 σκοπος
2440 3163 2822 3237 χειροτονηθῇ,
2873 3165 3014 3221 ἀλλά
3077 3167 3302 3238 πρῶτον
3350 3171 3465 3234 τοῖς
3501 3170 3793 3244 κληρικοῖς

2186 3251 2290 3305 οὐκ
2341 3252 2565 3309 ἔλαττον
2618 3255 2791 3327 τριῶν
2840 3256 3029 3329 μηνῶν
3064 3260 3476 3334 συναριθμηθῇ⁵
3513 3264 3606 3317 καὶ
3633 3262 3784 3318 οὕτω

2186 3344 2314 3407 τοὺς
2353 3343 2545 3412 ἁγίους
2590 3346 2827 3412 κανόνας
2857 3349 2954 3404 καὶ
2984 3349 3086 3422 τὴν
3121 3351 3277 3422 ἱερὰν
3303 3352 3406 3424 τῆς
3450 3354 3790 3425 Ἐκκλησίας

2187 3434 2539 3507 λειτουργίαν
2592 3437 2886 3511 διδαχθεὶς,
2942 3441 3245 3508 ἐπίσκοπος
3309 3445 3686 3517 χειροτονηθῇ.
3723 3445 3792 3502 '0

2188 3524 2299 3593 γὰρ
2329 3524 2527 3591 ἀλλους
2551 3528 2788 3597 ὀφείλων
2815 3529 3095 3586 διδάσκειν
3118 3533 3251 3606 παρ’
3282 3534 3487 3610 ἐτέρων
3515 3534 3656 3605 μετά
3682 3533 3790 3606 τὴν

2190 3618 2548 3689 χειροτονίαν,
2581 3620 2934 3680 διδάσκεσθαι
2959 3624 3062 3680 οὑκ
3094 3626 3325 3697 ὀφείλει.
3368 3627 3435 3682 Ei
3482 3627 3668 3698 μέντοι
3721 3645 3789 3694 γε

2190 3710 2291 3782 ήδη
2332 3710 2647 3778 διδακτὶκός
2673 3716 2793 3770 ἐστι
2823 3717 2920 3772 καὶ
2963 3719 3024 3772 ὲν
3063 3718 3142 3788 τῷ
3184 3718 3362 3790 λαῖκῷ
3380 3718 3793 3790 ἀριθμούμενος

2187 3802 2432 3875 τάγματι
2456 3845 2472 3872 ,
2540 3806 2636 3861 καὶ
2686 3808 2857 3879 μηδὲν
2887 3809 3160 3865 ἐλλείπων
3200 3811 3304 3864 ὅσα
3340 3827 3408 3877 γε
3453 3813 3535 3874 εἰς
3580 3812 3794 3884 ἑτέρων

2194 3891 2466 3963 ὠφέλειαν
2489 3896 2586 3950 καὶ
2609 3899 3010 3969 καταρτισμὸν,
3043 3897 3131 3951 ἐπ’
3149 3897 3314 3949 αὑτοῦ
3330 3897 3422 3949 τὸν
3438 3898 3681 3953 τοιοῦτον
3706 3901 3795 3974 μὴ

2187 3987 2862 4060 παρατηρεῖσθαιχρόνον,
2888 3991 2921 4058 ή
2961 3990 3128 4057 πεῖρα
3151 3987 3431 4059 παρέσχεν
3467 3988 3788 4046 ἀκίνδυνον.

2257 4103 2320 4151 ε’.
2375 4097 2503 4153 Ἐὰν
2532 4098 2890 4169 κατηγορηθῇ
2925 4098 2954 4151 ὀ
2989 4095 3202 4167 μέλλων
3231 4096 3670 4169 χειροτονεῖσθαι
3705 4098 3795 4164 ὡς

2186 4189 2584 4262 ἀνεπιτήδειος,
2616 4189 3008 4245 ἀναϐαλλέσθω
3039 4189 3181 4252 τέως
3235 4190 3269 4261 ἡ
3324 4192 3639 4261 χειροτονία
3689 4192 3795 4246 καὶ

2187 4279 2534 4349 προϐαινέτω
2572 4281 2607 4351 ἡ
2655 4279 2907 4347 ἐξέτασις
2960 4278 3234 4351 παρόντος
3290 4280 3389 4334 τοῦ
3443 4281 3719 4336 ἀντιδίκου
3748 4283 3787 4354 ἢ

2188 4372 2445 4439 ἀπόντος,
2487 4371 2638 4436 ἐντὸς
2665 4371 2838 4443 τριῶν
2875 4372 3084 4443 μηνῶν,
3118 4374 3214 4427 καὶ
3259 4372 3556 4428 κωλυέσθω
3587 4377 3621 4447 ή
3664 4392 3790 4446 χει-

2193 4463 2408 4534 ροτονία
2428 4476 2442 4493 ’
2470 4463 2566 4517 καὶ
2592 4464 2640 4516 εί
2675 4463 2878 4535 εὑρεθῇ
2929 4465 2959 4517 ὁ
3015 4464 3499 4536 χειροτονούμενος
3529 4467 3787 4533 ὑπαίτιος

493 4534 766 4604 designari
823 4539 1201 4610 prohibeatur,
1259 4545 1307 4600 si
1350 4560 1480 4604 vero
1526 4549 1789 4607 innocens
1827 4552 2082 4611 inventus

2192 4556 2330 4610 κατά
2357 4555 2559 4627 νόμους
2589 4554 2623 4627 ἢ
2654 4554 2798 4610 κατὰ
2821 4534 3076 4623 κανόνας,
3106 4534 3406 4612 κωλυέσθω
3424 4574 3438 4589 ο
3474 4559 3524 4612 εί
3548 4559 3594 4613 δ’
3620 4559 3790 4613 ἀνεύ-

490 4627 581 4690 sit,
607 4628 940 4700 designetur.
974 4633 1126 4702 Quod
1160 4636 1205 4691 si
1243 4646 1433 4693 contra
1466 4644 1723 4709 praedicta
1757 4647 2080 4716 designatus

490 4718 676 4787 fuerit,
707 4731 762 4777 et
793 4723 928 4793 ipse,
966 4736 1019 4781 et
1045 4729 1135 4798 qui
1183 4745 1308 4786 eum
1347 4734 1672 4805 designavit,
1700 4748 1855 4794 extra
1884 4738 2080 4797 Eccle-

489 4813 627 4867 siam
669 4815 984 4885 ejiciuntur.
1019 4819 1078 4875 Si
1128 4825 1644 4884 vero’adversarius
1691 4845 1933 4899 prazsens
1967 4848 2076 4888 non

489 4909 938 4979 ostenderitquae
965 4913 1288 4985 allirmahat,
1329 4926 1421 4972 aut
1456 4920 1824 4990 deprehensus
1870 4924 2074 4995 fuerit;

494 4993 538 5047 si
568 4994 785 5064 quidem
818 4999 1051 5059 clericus
1080 5014 1183 5071 est,
1217 5022 1279 5062 ex
1332 5007 1574 5065 Ecclesia
1605 5012 1842 5083 ejieitur,
1876 5015 1924 5072 si
1950 5030 2079 5073 vero

494 5087 685 5152 laicus,
718 5104 1089 5163 competenter
1109 5101 1430 5171 castigatur.

563 5182 617 5240 6.
652 5185 708 5239 Si
737 5189 860 5254 quis
898 5189 1302 5261 episcoporum,
1346 5195 1429 5251 vel
1479 5205 1626 5265 ante,
1658 5199 1745 5255 vel
1782 5213 1905 5271 post
1937 5203 2079 5259 desi-

492 5277 805 5345 gnationem
859 5296 1036 5348 suam,
1089 5287 1323 5342 voluerit
1382 5289 1521 5345 bona
1580 5306 1679 5347 sua
1726 5293 1815 5349 vel
1867 5305 2079 5365 partem

494 5383 707 5435 eorum,
761 5372 1000 5443 adjicere
1049 5373 1307 5435 Ecclesiae
1356 5380 1511 5451 cujus
1553 5385 1922 5455 episcopatum
1984 5403 2080 5444 su-

491 5462 686 5531 scipit;
718 5476 824 5518 non
855 5465 1030 5521 solum
1080 5485 1185 5525 non
1207 5471 1578 5545 prohibemus,
1622 5475 1967 5548 liberumque
1993 5479 2081 5548 ju-

492 5552 683 5610 bemns
706 5569 828 5615 esse
852 5558 920 5613 ab
953 5562 1103 5615 omni
1135 5565 1493 5623 accusatione
1523 5576 1578 5622 et
1610 5583 1768 5639 poena
1794 5571 2082 5641 praesentis

491 5643 650 5711 legis,
683 5650 777 5704 sed
801 5659 858 5706 et
889 5652 1063 5722 ipsum
1101 5657 1250 5713 omni
1285 5658 1447 5715 laude
1472 5659 1693 5730 dignum
1718 5661 2031 5731 judieamus
2064 5682 2075 5717 :

497 5739 754 5805 quoniam
788 5741 905 5801 haec
946 5762 1051 5805 non
1083 5760 1168 5807 est
1203 5753 1546 5822 nundinatio,
1580 5757 1675 5812 sed
1710 5755 1932 5812 oblatio.

2188 4645 2349 4711 θυνος
2405 4646 2642 4719 εὑρεθῇ,
2695 4646 3148 4718 χειροτονείσθω⁸
3203 4648 3252 4700 εί
3310 4648 3367 4701 δὲ
3422 4650 3784 4720 χειροτονηθῇ

2188 4738 2343 4810 παρὰ
2377 4737 2448 4793 τὰ
2479 4737 2775 4810 εἰρημένα,
2810 4737 2909 4792 καὶ
2946 4736 3111 4801 αὐτὸς
3141 4737 3240 4791 καὶ
3274 4739 3303 4791 ὁ
3330 4738 3658 4808 χειροτονῶν
3685 4740 3793 4791 αὑο

2184 4830 2300 4895 τὸν,
2347 4833 2449 4904 τῆς
2493 4829 2826 4903 Ἐκκλησίας
2870 4830 3250 4886 ἐπιϐάλλονται.
3297 4832 3424 4884 Ἐὰν
3451 4831 3509 4884 δὲ
3541 4831 3570 4884 ό
3651 4848 3793 4886 κατ-

2186 4923 2388 4995 ήγορος
2437 4922 2650 4991 παρὼν,
2702 4922 2779 4995 μὴ
2829 4922 2980 4994 δείξη
3029 4921 3541 4981 ἃδιεϐεϐαιὼσατο.
3572 4921 3605 4992 ἢ
3640 4923 3793 4975 ἀπο-

2184 5015 2404 5088 λειφθῇ,
2434 5018 2484 5070 εί
2519 5016 2621 5087 μὲν
2677 5015 2942 5088 κληρικός
2979 5017 3120 5080 ἐστι,
3169 5016 3271 5086 τῆς
3320 5012 3656 5086 Ἐκκλησίας
3685 5017 3792 5070 tv.-

2182 5108 2438 5164 ϐάλλεται
2459 5127 2474 5143 ο
2510 5111 2560 5162 εἰ
2588 5110 2647 5164 δὲ
2674 5110 2864 5173 λαῖκὸς
2893 5110 2999 5179 εἴη,
3034 5108 3267 5171 δεόντως
3313 5108 3736 5180 σωφρονίζεται.

2253 5201 2327 5269 'g'.
2372 5202 2441 5255 Εἴ
2489 5218 2576 5266 τις
2629 5201 3123 5268 τῶνέπισκόπων,
3160 5202 3271 5254 alte
3321 5201 3431 5272 πρὸ
3484 5203 3586 5271 τῆς
3641 5201 3791 5267 ἰδίας

2181 5293 2540 5366 χειροτονίας,
2564 5293 2676 5347 εἴτε
2719 5292 2860 5363 μετά
2901 5291 3003 5365 τὴν
3047 5292 3388 5363 χειροτονίαν
3447 5292 3682 5364 βουληθῇ
3711 5295 3789 5350 τὰ

2184 5387 2294 5440 ῖδια
2338 5385 2645 5457 πράγματα
2694 5385 2727 5456 ἦ
2782 5386 2948 5458 μέρος
2992 5385 3053 5453 ἐξ
3089 5386 3275 5440 αὑτῶν
3307 5390 3682 5458 προσαγαγεῖν
3711 5392 3785 5460 τῇ

2197 5478 2497 5550 Ἐκκλησία
2520 5473 2588 5551 ἧς
2637 5477 2738 5549 τὴν
2774 5479 3063 5551 ίεροσύνην
3101 5479 3390 5550 λαμϐάνει,
3428 5482 3489 5535 οὑ
3518 5481 3680 5550 μόνον
3716 5484 3787 5537 οὑ

2187 5568 2535 5641 κωλυόμενον
2558 5567 2620 5642 [Γ.
2657 5568 2989 5642 κωλὺομεν],
3012 5572 3110 5626 καὶ
3134 5570 3320 5642 πάσης
3350 5571 3650 5640 καταδίκης
3679 5573 3788 5627 καὶ

2188 5664 2381 5733 ποινῆς
2419 5661 2514 5715 τοῦ
2572 5662 2845 5732 παρόντος
2888 5664 3058 5735 νόμου
3106 5663 3398 5736 ἐλεύθερον
3427 5664 3591 5718 αὑτὸν
3635 5659 3789 5720 εἶναι

2195 5754 2551 5827 θεσπίζομεν,
2592 5755 2729 5811 ἀλλὰ
2777 5758 2873 5812 καὶ
2916 5758 3117 5822 παντὸς
3142 5756 3370 5811 ἐπαίνου
3398 5758 3549 5824 ἄξιον
3596 5755 3789 5827 κρίκ-

2175 5861 2294 5916 μεν·
2313 5846 2500 5920 ἐπειδὴ
2520 5846 2677 5902 τοῦτο
2705 5849 2806 5905 οὑκ
2825 5849 2970 5905 ἔστιν
2990 5847 3441 5922 ἀγορασίαλὰλλὰ
3465 5851 3785 5921 προσφορά.
