4050 6424
230 376 332 440 681

1477 368 1864 460 DELECTus
1903 373 2189 433 LEGUM.

3395 369 3502 433 482

301 494 370 557 ζ’.
411 487 795 562 Πρεσϐύτερος
861 485 1295 560 χειροτονείσθω,
1347 485 1422 556 μὴ
1486 485 1666 556 ἥττων
1714 502 1819 555 τρι·

1941 503 1972 542 ξ
1997 485 2052 540 7.
2083 484 2314 557 (Norell.
2351 485 2473 550 ηδ,
2510 501 2625 554 cap.
2663 483 2774 555 15.)
2808 483 3098 554 Presbyter
3127 483 3358 555 eligatur
3392 502 3498 543 non

231 589 435 639 ἁκοντα
456 581 670 652 χρόνων
693 581 750 634 ἐν
780 581 1049 651 παρθενίᾳ
1082 576 1656 649 μεμαρτυρημένος,ἧ
1693 577 1824 646 μιᾶς

227 675 489 745 γυναικὸς
517 674 673 744 ¹ἀνὴρ
731 672 808 726 ὢν
842 673 875 744 ἢ
905 672 1164 741 γεγονὼς,
1195 671 1290 725 καὶ
1321 670 1528 741 ταύτης
1560 669 1825 740 σεμνοτά-
1863 723 1881 739 ,

225 786 346 838 της,
381 768 482 822 καὶ
521 767 633 819 τῶν
684 765 864 820 ἄλλων
916 763 1388 833 ἀπηγορευμένων
1439 761 1618 832 ἔργων
1665 760 1824 831 ἠλευ-

226 859 567 930 θερωμένος,
600 860 697 910 καὶ
727 859 796 928 τῇ
845 859 1110 926 κανονικῇ
1168 855 1566 925 ἀδωροδοκήτῳ
1611 869 1820 924 μαρτυ-

230 953 320 1022 ρίᾳ
345 949 886 1020 κατησφαλισμένος.

297 1051 373 1112 η’.
432 1041 696 1103 Διάκονος
746 1041 954 1109 ὀφείλει
1012 1040 1462 1111 χειροτονεῖσθαι,
1509 1037 1584 1108 μὴ
1643 1037 1822 1106 ἥττων

231 1137 332 1189 τῶν
369 1133 718 1188 εἰκοσιπέντε
749 1133 958 1204 χρόνων
984 1133 1079 1186 καὶ
1105 1133 1268 1194 αὐτὸς
1306 1135 1365 1184 ὲν
1397 1128 1696 1200 παρθενεία
1720 1145 1818 1198 με-

239 1226 685 1298 μαρτυρημένος,
709 1225 742 1296 ἢ
773 1226 902 1295 μιᾶς
922 1225 1184 1294 γυναικὸς
1233 1223 1369 1293 ἀνὴρ
1398 1221 1474 1275 ὢν
1495 1222 1526 1292 ἢ
1551 1220 1816 1293 γεγονὼς,

238 1322 321 1374 καὶ
346 1321 557 1390 ταύτης
591 1300 952 1389 σεμνοτάτης,
989 1318 1087 1372 καὶ
1127 1317 1236 1370 τῶν
1275 1316 1456 1371 ἄλλων
1493 1317 1814 1385 ἀπηγορευ-ο

239 1414 413 1480 μένων
461 1410 642 1479 ἔργων
670 1408 1144 1479 ἡλευθερωμένος,
1184 1409 1279 1460 καὶ
1307 1409 1372 1478 τῇ
1408 1408 1671 1475 κανονικῇ
1723 1407 1820 1461 καὶ

237 1498 627 1566 ἀδωροδοκήτῳ
665 1496 948 1567 μαρτυρίᾳ
978 1495 1513 1566 κατησφαλισμένος.

307 1589 378 1643 θ’.
428 1588 814 1650 ’Υποδιάκονος
871 1587 1288 1657 χειροτονείσθω
1339 1587 1413 1657 μὴ
1467 1587 1648 1658 ἥττων
1706 1586 1817 1641 τῶν

250 1681 433 1733 εἴκοσι
487 1680 705 1750 χρόνων,
759 1677 906 1731 κατὰ
949 1677 1051 1742 τὰς
1105 1676 1512 1749 προειρημένας
1546 1675 1818 1730 διατυπώ-

257 1786 390 1833 σεις.
441 1768 883 1840 Ἀπαγορεύομεν
929 1766 989 1821 δὲ
1033 1766 1130 1820 τοῦ
1174 1766 1363 1820 λοιποῦ
1429 1766 1529 1830 τὰς
1577 1765 1683 1820 ὑπὸ
1726 1765 1817 1820 τὸν

1927 575 2106 628 minor
2135 575 2353 645 triginta
2391 579 2567 638 annis,
2619 583 2828 628 testata:
2880 573 3230 643 virginitatis,
3285 589 3500 645 quoque

1928 668 2088 722 unius
2125 676 2339 721 tantum
2384 667 2626 720 mulieris
2659 667 2762 729 vir,
2802 674 2894 720 aut
2926 666 2996 721 sit
3026 674 3120 719 aut
3145 664 3327 732 fuerit,
3354 667 3500 732 ejus-

1925 772 2033 827 que
2062 758 2424 828 integerrimte
2457 757 2974 824 modestissimteque
2998 775 3012 811 :
3039 757 3218 824 sitque
3247 755 3503 811 immunis

1926 863 1954 902 a
1988 848 2224 904 crimine
2265 849 2445 904 omnis
2495 847 2622 902 lacti
2653 849 2934 917 prohibiti,
2971 848 3278 917 integrique
3316 857 3372 902 et
3419 849 3502 902 in-

1925 942 2164 1007 corrupti
2197 941 2440 1009 pecuniis
2469 941 2633 994 animi
2669 941 2977 997 testimonio
3005 943 3267 996 munitus.

1994 1031 2046 1085 8.
2074 1029 2344 1085 Diaconus
2367 1030 2492 1099 eligi
2520 1032 2680 1086 debet
2705 1046 2810 1111 non
2839 1032 3019 1086 minor
3043 1032 3232 1102 viginti
3261 1033 3500 1103 quinque

1923 1121 2102 1185 annis,
2157 1132 2212 1175 et
2249 1121 2366 1189 ipse
2416 1131 2674 1190 spectatae
2716 1122 3060 1192 virginitatis,
3111 1123 3311 1192 quique
3340 1125 3500 1179 unius

1923 1224 2133 1268 tantum
2171 1214 2432 1278 mulieris,
2463 1215 2688 1283 ejusque
2723 1215 3162 1280 modestissimsr,
3194 1215 3276 1269 vir
3306 1218 3376 1270 Sit
3406 1225 3499 1270 aut

1924 1305 2088 1359 fuerit
2141 1324 2156 1361 :
2211 1307 2388 1375 sitque
2439 1306 2696 1362 immunis
2743 1322 2772 1360 a
2819 1307 2974 1378 culpa
3014 1309 3195 1364 omnis
3243 1311 3497 1378 prohibiti

1921 1396 2072 1462 facti,
2106 1398 2303 1467 integri
2340 1407 2605 1468 praeterea
2635 1407 2690 1454 et
2717 1400 3019 1469 incorrupti
3053 1402 3298 1470 pecuniis
3328 1403 3496 1457 animi

1924 1489 2231 1544 testimonio
2261 1490 2524 1546 munitus.

1993 1578 2048 1634 9.
2083 1577 2458 1636 Subdiacouus
2489 1582 2718 1651 eligatur
2751 1599 2858 1638 non
2896 1585 3074 1639 minor
3100 1584 3287 1655 viginti
3319 1586 3492 1653 annis,

1920 1673 2219 1727 secundum
2283 1675 2568 1742 praedictas
2633 1677 3074 1741 constitutiones;
3144 1678 3495 1747 prohibemus

1918 1780 2048 1820 vero
2075 1769 2126 1820 in
2154 1767 2420 1837 reliquum
2445 1769 2846 1840 designationes
2871 1771 3010 1826 intra
3036 1773 3178 1827 hunc
3205 1772 3496 1827 terminum

248 1863 368 1932 ὅρον
394 1861 584 1915 τοῦτον
620 1859 986 1932 χειροτονίας·
1026 1843 1228 1914 ἄτοπον
1251 1859 1362 1930 γὰρ
1399 1859 1538 1929 μετά
1563 1858 1661 1930 τὴν
1699 1875 1815 1930 χει-

1922 1858 2091 1914 l'actas
2120 1880 2132 1915 :
2163 1861 2455 1915 absurdum
2486 1863 2631 1916 enim
2679 1860 2844 1917 fuerit
2891 1873 3015 1931 post
3058 1863 3493 1933 designationem

242 1953 505 2023 ροτονίαν,
538 1953 675 2024 πρὸς
713 1951 960 2022 γαμικάς
992 1950 1251 2022 ἔρχεσθαι
1285 1950 1602 2018 συναφείας.

309 2050 361 2097 ι’.
424 2040 813 2112 ’Δναγνώστης
888 2040 1324 2112 χειροτονείσθω,
1388 2041 1482 2108 ἀφ’
1540 2041 1663 2094 ὅτου
1721 2039 1815 2094 οῦν

239 2135 426 2206 χρόνου
454 2134 685 2190 δύναται
718 2133 814 2188 καὶ
844 2133 1138 2196 ὲπῷταται
1175 2133 1599 2201 ἀναγινώσκειν.

302 2225 395 2280 ια’.
426 2227 660 2297 Ψάλτης
715 2225 1132 2296 χειροτονείσθω
1175 2222 1269 2293 ἀφ’
1313 2224 1437 2276 ὅτου
1488 2221 1580 2277 οῦν
1622 2223 1812 2294 χρόνου

233 2318 324 2372 καὶ
353 2317 522 2380 αὐτὸς
552 2316 775 2370 δύναται
805 2314 1050 2384 ψάλλειν.

299 2431 392 2500 ιβ’.
431 2431 499 2483 Εἰ
537 2427 892 2498 ἀναγνώστης
939 2427 1202 2497 δευτέραν
1235 2426 1483 2498 γαμετὴν
1514 2426 1810 2496 ἀγάγηται,

230 2524 261 2591 ἦ
300 2522 535 2594 πρώτην
581 2520 701 2593 μὲν,
741 2521 914 2592 χήραν
954 2521 1033 2584 δὲ,
1074 2520 1108 2590 ἢ
1143 2519 1553 2590 διαζευχθεῖσαν
1598 2520 1811 2589 ἀνδρὸς,

231 2617 260 2685 ἧ
297 2618 416 2677 τοῖς
445 2614 656 2684 νόμοις,
685 2614 719 2685 ἢ
753 2617 867 2677 τοῖς
887 2615 1055 2684 ἱεροῖς
1085 2614 1308 2667 κανόσιν
1329 2613 1810 2683 ἀπηγορευμένην,

235 2707 433 2776 μηκέτι
485 2709 567 2770 τίς
620 2705 782 2761 ἄλλον
829 2703 1289 2776 ἐκκλησιαστικὸν
1336 2704 1543 2774 βαθμὸν
1587 2704 1815 2776 προϐαι·

224 2800 386 2854 νέτω.

303 2996 391 3066 ιγ’.
417 2997 600 3050 ’Ὢσπε
609 3015 641 3069 ρ
669 2997 934 3068 κληρικδν
953 2997 1066 3052 οἴου
1083 2999 1285 3068 δήποτε
1302 2997 1539 3070 βαθμοῦ,
1567 2999 1658 3051 ἐπὶ
1673 2999 1813 3068 χρή-

244 3105 362 3157 μασι
380 3089 790 3161 προϐάλλεσθαι
811 3089 910 3143 οὐκ
933 3090 1261 3161 ἀνεχόμεθα,
1282 3089 1454 3154 οὕτως
1471 3091 1591 3144 οὐδὲ
1613 3089 1815 3155 ξενοδό-

1920 1951 2104 2004 venire
2132 1950 2198 2004 ad
2224 1951 2446 2018 copulas
2467 1949 2752 2019 nuptiales.

1987 2041 2074 2096 10.
2107 2041 2301 2096 Lector
2344 2042 2659 2111 designetur
2692 2043 2761 2098 ab
2793 2059 2860 2100 eo
2905 2055 3170 2115 tempore,
3203 2059 3310 2115 quo
3346 2045 3496 2101 novit

1917 2141 1972 2185 et
1999 2140 2174 2200 potest
2207 2131 2406 2201 legere.

1945 2212 1948 2215 ’
1987 2221 2077 2274 il.
2109 2219 2316 2276 Psaltes
2341 2221 2652 2292 designetur
2675 2223 2742 2279 ab
2774 2237 2839 2280 eo
2869 2231 3131 2294 tempore,
3163 2237 3269 2294 quo
3302 2236 3496 2277 canere

1918 2311 2151 2366 noverit.

1989 2423 2080 2476 12.
2103 2421 2257 2488 Quod
2289 2423 2332 2478 si
2362 2424 2532 2480 lector
2567 2425 2857 2479 secundam
2889 2441 3108 2480 uxorem
3139 2427 3373 2493 duxerit,
3398 2437 3490 2482 aut

1917 2515 2147 2584 primam
2183 2516 2422 2584 quidem,
2453 2518 2546 2570 sed
2571 2527 2664 2571 aut
2692 2517 2910 2572 viduam
2943 2527 3034 2571 aut
3064 2534 3092 2572 a
3125 2518 3240 2572 viro
3267 2532 3488 2588 separa-

1921 2615 2050 2672 tam,
2080 2615 2172 2659 aut
2201 2607 2434 2675 aliquam
2462 2607 2692 2676 denique
2715 2607 2872 2675 cujus
2903 2611 3102 2678 nuptiae
3134 2609 3358 2678 legibus,
3399 2619 3492 2664 aut

1920 2698 2127 2752 sanctis
2158 2697 2456 2753 canonibus
2488 2699 2773 2768 prohibitze
2809 2708 2957 2762 sunt,
2994 2715 3265 2768 nunquam
3304 2709 3488 2768 postea

1917 2789 1983 2843 ad
2012 2789 2176 2843 alium
2201 2788 2431 2859 aliquem
2463 2789 2889 2845 ecclesiasticum
2921 2789 3144 2859 gradum
3177 2806 3492 2859 promovea-

1918 2889 2025 2933 tur.

1990 2998 2075 3052 l3.
2103 2997 2568 3063 Quemadmodum
2599 2999 2854 3054 clericum
2883 2999 3268 3068 cujuscurmpte
3295 3000 3492 3068 gradus

1917 3089 1990 3144 sit
2039 3105 2144 3144 non
2194 3091 2558 3159 permittimus
2612 3092 2837 3160 pecunia
2893 3093 3013 3146 data
3061 3093 3364 3161 designari;
3413 3094 3493 3145 sic

237 3181 390 3250 χον,ῆ
410 3179 877 3252 πτωχοτρόφον,ἦ
899 3182 1216 3252 νοσοκόμον,
1240 3182 1272 3252 ἢ
1291 3182 1452 3238 ἄλλου
1479 3183 1592 3235 οἵου
1611 3183 1813 3253 δήποτε

1922 3195 2093 3252 neque
2140 3182 2537 3248 xenodocltum,
2582 3191 2675 3237 aut
2707 3183 3181 3253 ptochotrophum,
3217 3192 3308 3237 aut
3334 3197 3495 3237 noso-

233 3272 461 3342 εὐαγοῦς
493 3275 650 3327 οἴκου
688 3272 986 3344 διοικητὴν,
1009 3273 1042 3344 ἢ
1063 3268 1174 3327 οίον
1202 3276 1402 3345 δήποτε
1422 3275 1812 3346 ἐκκλησιαστι-

234 3361 324 3413 κδν
345 3361 664 3432 φρόντισμα
691 3359 1024 3433 χειρίζοντα.
1051 3363 1113 3415 Εἰ
1142 3363 1200 3416 δὲ
1227 3363 1385 3416 τοῦτο
1409 3365 1634 3436 γένηταί
1661 3383 1810 3431 ποτε,

233 3454 325 3504 καὶ
343 3455 372 3506 ό
396 3453 597 3518 διδοὺς,
612 3455 710 3506 καὶ
730 3455 758 3507 ὁ
787 3453 1106 3524 λαμϐάνων,
1129 3456 1224 3508 καὶ
1247 3457 1274 3508 ὀ
1295 3456 1519 3526 μεσίτης
1539 3456 1640 3526 τῆς
1672 3458 1814 3527 ἱερο-

234 3545 423 3616 σηᾶνης,
453 3548 576 3616 ήτοι
623 3547 721 3615 τῆς
760 3545 1226 3616 ὲμπιστευθείσης
1267 3547 1418 3617 αὐτῷ
1453 3549 1570 3610 οἵας
1611 3548 1813 3616 δήποτε

231 3637 554 3708 διοικήσεως
571 3655 640 3706 γυ
647 3637 1126 3709 μνωθήσεται,τῶν
1139 3639 1195 3693 δὲ
1211 3640 1390 3708 δόμων
1405 3639 1476 3712 [Ι.
1489 3639 1812 3711 δεδομένων]

235 3725 636 3796 ὲκδικουμένων
663 3726 742 3797 τῷ
783 3727 974 3794 εὐαγεῖ
1023 3726 1196 3796 τόπῳ,
1248 3719 1457 3789 οὗτινος
1497 3727 1558 3778 τὸ
1605 3725 1815 3778 τοιοῦτο

243 3817 538 3886 πρόσωπον
566 3818 656 3887 τὴν
695 3816 1108 3889 χειροτονίαν,ἢ
1158 3817 1436 3888 φροντίδα,
1471 3817 1504 3887 ἢ
1547 3817 1816 3888 διοίκησιν

242 3909 521 3962 ἐἀ6εν.Εί
539 3910 594 3963 δὲ
619 3909 884 3979 κοσμικὸς
989 3911 1017 3961 ὁ
1045 3908 1248 3974 λαϐὼν,
1273 3910 1305 3981 ἢ
1332 3908 1559 3981 μεσίτης
1585 3909 1815 3980 γενόμε-

237 4019 346 4068 νος,
379 4001 441 4055 τδ
473 4002 625 4056 δοθὲν
654 4002 879 4056 διπλοῦν
905 4002 1368 4072 ἀπαιτηθήσεται,
1410 4002 1505 4056 καὶ
1534 4003 1816 4056 ἀποκατα-

238 4095 568 4165 σταθήσεται
595 4093 672 4165 τῷ
706 4095 896 4161 εὐαγεῖ
917 4095 1068 4163 τόπῳ
1098 4086 1163 4146 οὗ
1192 4093 1252 4146 τὸ
1279 4092 1492 4148 τοιοῦτο
1525 4094 1817 4166 πρόσωπον

239 4186 327 4258 τὴν
359 4186 704 4258 χειροτονίαν
729 4187 763 4257 ἦ
803 4187 903 4256 τὴν
937 4186 1195 4258 φροντίδα
1234 4184 1447 4239 ἔλαϐεν.

295 4381 385 4436 ιδ’.
417 4380 584 4443 Εῐτις
601 4378 861 4450 κληρικὸς
879 4377 1194 4448 οἱουδήποτε
1211 4373 1448 4446 βαθμοῦ,
1476 4375 1508 4447 ἢ
1537 4375 1819 4448 διοικητὴς

1916 3289 2150 3348 comunt,
2183 3285 2276 3330 aut
2314 3276 2543 3344 alicujus
2584 3275 2818 3346 denique
2864 3277 3191 3332 venerabilis
3223 3278 3326 3332 loci
3357 3293 3493 3345 prte-

1916 3365 2141 3434 l'ectum,
2178 3377 2274 3424 aut
2307 3371 2667 3439 quodcunque
2698 3370 3124 3424 ecclesiasticum
3155 3385 3348 3423 munus
3374 3385 3494 3424 sus-

1917 3458 2206 3514 tinentem.
2245 3459 2397 3526 Quod
2429 3459 2474 3514 si
2518 3475 2647 3514 vero
2678 3461 2728 3514 id
2781 3461 3090 3531 contigerit,
3125 3469 3179 3514 et
3223 3461 3314 3528 qui
3350 3460 3493 3514 dedit

1916 3551 1964 3605 ei
2000 3551 2090 3621 qui
2117 3551 2326 3620 accepit
2353 3551 2655 3618 pecuniam,
2681 3560 2735 3604 et
2769 3550 3033 3605 mediator
3064 3551 3373 3615 sacerdotii,
3399 3559 3493 3603 aut

1916 3640 2105 3708 quavis
2152 3639 2254 3692 alia
2289 3637 2762 3692 administratione
2811 3637 2909 3706 ipsi
2961 3637 3272 3692 concredita
3303 3636 3486 3704 priva-

1916 3732 2082 3794 bitur,
2115 3730 2180 3784 iis
2209 3745 2328 3799 qua:
2360 3729 2484 3783 data
2527 3737 2651 3783 sunt
2692 3727 2982 3783 venerabili
3035 3727 3150 3781 loco
3184 3726 3490 3789 vindicatis,

1918 3821 2071 3891 cujus
2103 3823 2222 3877 talis
2253 3837 2505 3891 persona,
2541 3830 2633 3875 aut
2676 3819 3128 3890 designationem,
3157 3828 3250 3871 ant
3280 3833 3488 3882 curam,

1919 3922 2013 3966 aut
2062 3911 2588 3966 administrationem
2640 3911 2872 3979 accepit.
2928 3908 2984 3962 Si
3036 3923 3166 3962 vero
3207 3907 3376 3960 laicus
3425 3910 3493 3960 sit

1917 4014 2172 4075 acceptor
2207 4013 2301 4058 aut
2338 4011 2620 4072 sequester
2666 4002 2934 4072 pecunize,
2980 4000 3098 4070 ejus
3140 3999 3280 4070 quod
3309 3999 3494 4052 datmn

1918 4097 2024 4152 erit
2046 4094 2265 4165 duplum
2291 4103 2588 4162 repetetur;
2614 4102 2668 4148 et
2691 4088 3006 4148 restituetur
3036 4090 3326 4147 venerabili
3356 4089 3492 4153 loco,

1921 4185 2073 4254 cujus
2115 4186 2240 4240 talis
2284 4200 2514 4255 persona
2570 4184 3000 4256 designationem
3048 4193 3140 4237 aut
3165 4197 3350 4238 curam
3398 4195 3489 4236 ac-

1921 4279 2084 4347 cepit.
2137 4293 2140 4296 ’

1999 4391 2168 4461 ι4.,5ῑ
2197 4393 2319 4462 quis
2347 4391 2581 4448 clericus
2623 4392 2988 4461 cujuscunque
3015 4390 3239 4458 gradus,
3267 4389 3379 4444 sive
3404 4391 3495 4443 ad-

227 4470 470 4541 εὐαγοῦς
484 4471 653 4524 τόπου
667 4468 774 4540 πρὸ
790 4470 888 4541 τῆς
913 4467 1252 4540 χειροτονίας
1271 4467 1651 4538 πιστευθείσης
1666 4467 1816 4537 αὐτῷ

1924 4483 2263 4539 ministrator
2288 4483 2616 4538 venerabilis
2649 4482 2774 4546 loci,
2804 4482 2888 4536 vel
2913 4490 3040 4534 ante
3069 4480 3496 4550 designationem

227 4565 563 4636 otaao'ljnms
601 4563 926 4635 διοικήσεως
985 4561 1019 4632 ἢ
1058 4559 1363 4632 φροντίδος,
1398 4558 1430 4629 ἢ
1468 4561 1605 4629 μετά
1645 4559 1817 4613 ταῦτα

226 4659 472 4731 βουληθῇ
492 4676 545 4711 τι
568 4657 677 4712 τῶν
707 4656 850 4713 ἰδίων
879 4657 1222 4728 πραγμάτων
1241 4655 1613 4728 προσαγαγεῖν
1630 4656 1695 4724 τῇ
1726 4654 1820 4705 ὲκ-

226 4755 434 4826 κ).ησίᾳ
481 4756 542 4807 ὲν
663 4753 1078 4825 χειροτονεῖται,
1105 4751 1140 4822 ἢ
1176 4749 1256 4818 τῷ
1303 4749 1454 4820 τόπῳ
1483 4741 1692 4811 οὗτινος
1721 4745 1820 4815 τὴν

224 4848 504 4916 διοίκησιν
563 4845 596 4915 ἢ
627 4843 728 4914 τὴν
779 4841 1042 4914 φροντίδα
1080 4840 1430 4910 ἀναδέχεται,
1461 4839 1522 4892 οὑ
1575 4837 1817 4910 μόνονού

229 4939 529 5008 κωλύομεν
558 4934 721 4989 τοῦτο
748 4933 1024 5004 γίνεσθαι,
1059 4933 1199 4988 ἀλλά
1232 4933 1328 4988 καὶ
1372 4931 1573 5002 μᾶλλον
1605 4929 1824 5002 ἐπιτρέ-

225 5049 428 5103 πομεν.

301 5152 386 5199 ιε’.
450 5142 800 5212 Θεσπίζομεν
875 5141 970 5194 ἐὰν
1036 5141 1337 5200 ἐπίσκοπος
1420 5137 1821 5208 μεσιτευόντων

229 5235 392 5287 τινῶν
452 5235 512 5286 ὲν
564 5232 794 5303 χρυσίου
844 5231 1120 5302 καταϐολῇ
1175 5231 1556 5302 χειροτονηθῇ,
1589 5231 1683 5282 καὶ
1729 5231 1820 5282 τὸν

227 5325 444 5379 διδόντα
489 5325 586 5377 καὶ
619 5324 712 5378 τὸν
759 5322 1132 5394 λαμϐάνοντα,
1183 5324 1279 5376 καὶ
1321 5323 1412 5376 τὸν
1462 5321 1822 5392 μεσιτεύοντα

229 5423 328 5489 τῆς
386 5417 676 5489 ίεροσύνης
725 5417 760 5487 ἢ
809 5419 908 5487 τῇς
951 5416 1045 5470 τοῦ
1075 5417 1278 5486 κλήρου
1323 5415 1490 5485 τιμῆς
1526 5414 1667 5468 κατὰ
1695 5413 1823 5477 τοὺς

231 5511 414 5581 ἱεροὺς
440 5509 681 5573 κανόνας
709 5508 1116 5572 άποκινεῖσθαι,
1150 5507 1212 5560 τὸ
1238 5507 1295 5560 δὲ
1326 5507 1467 5576 ὑπὲρ
1496 5505 1698 5574 ταύτης
1726 5505 1824 5574 τῆς

231 5601 407 5663 αἰτίας
429 5601 588 5655 δοθὲν
613 5603 683 5671 τῇ
707 5599 1013 5670 Ἐκκλησία
1032 5599 1218 5669 ἐκείνῃ
1238 5597 1556 5651 ἐκδικείσθω
1574 5590 1642 5666 ἦς
1661 5596 1824 5666 ἠϐου-

231 5687 367 5760 λήθη
411 5689 512 5760 τὴν
567 5688 857 5758 ἱεροσῦνην
885 5687 1236 5760 ὠνήσασθαι·
1266 5689 1314 5740 εί
1353 5687 1408 5739 δὲ
1444 5687 1706 5756 κοσμικὰς
1737 5686 1820 5756 εἴη

233 5783 260 5832 ὁ
298 5783 435 5855 ὑπὲρ
480 5782 694 5852 ταύτης
732 5781 833 5851 τῆς
878 5783 1060 5846 αίτίας
1103 5798 1154 5835 τι
1195 5779 1396 5844 λαϐὼν,
1452 5782 1483 5850 ἤ
1535 5780 1696 5848 μέσος
1747 5779 1824 5850 τῷ

1922 4575 2008 4632 vel
2059 4574 2428 4630 concreditam
2461 4573 2560 4642 ipsi
2595 4572 3028 4643 qualemcunque
3069 4571 3498 4626 administratio-

1924 4682 2047 4721 nem
2082 4676 2175 4720 aut
2201 4681 2412 4733 curam,
2446 4665 2532 4720 vel
2563 4673 2749 4734 postea
2777 4665 3008 4720 voluerit
3037 4664 3240 4734 aliquid
3271 4679 3336 4718 ex
3370 4680 3496 4734 pro-

1923 4760 2055 4828 priis
2093 4757 2442 4814 facultatibus
2469 4756 2724 4814 conferre
2761 4757 2817 4811 in
2847 4756 3136 4811 ecclesiam
3180 4756 3231 4809 in
3269 4773 3374 4826 qua
3401 4757 3496 4811 de-

1925 4849 2172 4918 signatus
2219 4856 2336 4912 est,
2388 4856 2481 4901 aut
2529 4847 2709 4902 locum
2767 4844 2924 4915 cujus
2971 4844 3497 4899 administrationem

1924 4949 2018 4994 aut
2048 4953 2234 4994 curam
2272 4936 2544 5006 suscepit;
2579 4951 2684 4990 non
2717 4934 2891 4991 solum
2929 4951 3036 4990 non
3064 4935 3414 5006 prohibemus
3447 4935 3499 4989 id

1924 5013 2060 5097 ﬁeri,
2095 5030 2188 5086 sed
2219 5031 2384 5085 etiam
2416 5028 2786 5083 adhortantur.

2002 5141 2091 5196 ιε’).
2122 5139 2381 5196 Jubemus
2412 5147 2470 5193 ut
2507 5138 2553 5193 si
2582 5137 2868 5207 episcopus
2898 5138 3264 5194 mediantibus
3299 5136 3497 5206 aliqui-

1925 5235 2024 5288 bus
2055 5234 2121 5288 ad
2147 5231 2393 5299 pecuniae
2420 5229 2741 5298 pensionem
2773 5230 3090 5300 designatus
3127 5230 3220 5294 sit,
3251 5239 3308 5283 et
3337 5229 3382 5282 is
3409 5228 3498 5294 qui

1925 5324 2095 5389 dedit,
2132 5331 2187 5377 et
2216 5323 2264 5378 is
2294 5321 2383 5392 qui
2427 5321 2662 5391 accepit,
2709 5331 2765 5377 et
2800 5333 3085 5391 sequester
3121 5327 3502 5374 removeantur

1925 5433 1953 5470 a
1977 5415 2306 5482 sacerdotio,
2348 5415 2431 5469 vel
2459 5434 2491 5470 ιι
2525 5415 2656 5471 cleri
2695 5416 2925 5481 honore,
2957 5412 3252 5470 secundum
3286 5418 3500 5464 sanctos

1926 5521 2180 5562 canones.
2215 5508 2367 5572 Quod
2398 5517 2580 5562 autem
2630 5507 2790 5564 talem
2821 5509 2893 5563 ob
2921 5520 3140 5561 causam
3176 5503 3358 5556 datum
3395 5511 3496 5563 est,

1925 5599 2172 5654 ecclesiae
2216 5601 2290 5654 illi
2327 5600 2666 5666 vendicetur,
2693 5598 2847 5669 cujus
2873 5597 3236 5654 sacerdotium
3269 5589 3496 5646 mercari

1926 5690 2118 5745 voluit.
2155 5691 2212 5745 Si
2253 5707 2382 5747 vero
2411 5693 2582 5749 laicus
2612 5695 2700 5757 sit,
2730 5693 2826 5762 qui
2859 5692 3022 5745 talem
3052 5691 3122 5744 ob
3155 5701 3372 5741 causam
3402 5683 3496 5736 ali--

1927 5781 2056 5846 quid
2089 5782 2322 5848 accepit,
2357 5791 2450 5836 aut
2485 5783 2576 5852 qui
2604 5782 2868 5838 mediator
2905 5779 2959 5836 in
2987 5780 3086 5833 hoc
3120 5777 3337 5847 negotio
3373 5773 3495 5833 fuit,
