4050 6452
525 352 637 418 483
1539 343 2052 408 CONSTANTINI
2094 345 2777 411 PORPHYROGENITI
3693 348 3804 405 484

527 463 774 537 ιιιιοιιιιίω
826 463 968 519 (ἰδίω
1014 458 1068 516 itt
1126 459 1347 532 duplum
1405 461 1791 529 repetitionem
1842 472 1965 513 esse
2021 473 2109 514 vo-

2220 458 2507 531 πράγματι
2533 462 2846 531 γενόμενος,
2871 460 2938 515 τὰ
2961 460 3185 515 δοθέντα
3216 461 3519 531 πράγματα
3548 460 3605 513 ἐν
3630 460 3807 530 δ.πλῷ

529 561 728 613 lnmus.
2219 552 2574 607 ἀπαιτεῖσθαι
2597 554 2763 609 αὑτὸν
2789 553 3108 623 κελεύομεν.

1103 666 1405 723 TITULUS
1443 665 1535 721 tx.
2152 719 2169 737 ,

2152 719 2169 737 ,
2828 666 3081 720 ΤΙΤΛΟΣ
3117 664 3194 720 ea

532 761 611 816 De
623 761 790 833 αβοίο
810 761 1194 833 episcoporum,
1220 759 1666 833 presbyterorum,
1687 759 2118 833 diaconorunget

2218 757 2360 833 Περί
2398 758 2520 813 τῶν
2557 758 2936 833 ἁρμοζόντων
2973 760 3354 833 ἐπισκοποές,
3395 756 3497 833 καί
3539 759 3808 833 πρεσϐυ-

603 827 679 885 ίη”
710 827 898 899 genere
937 827 1168 885 omnium
1217 827 1696 883 ecclesiasticarum
1736 843 1783 884 et
1828 832 2117 886 monacho-

2290 827 2509 895 τέροις,
2532 827 2983 895 καίίδιακόνοις,
3010 829 3109 884 καί
3132 828 3335 892 ἁπλῶς
3360 827 3552 885 πᾶσιν
3577 829 3810 897 ἐκκλη-

605 918 746 955 rum.
2292 900 2634 966 σιαστικοῖς
2661 901 2761 955 καί
2786 901 3101 969 μοναχοῒς.

610 1013 662 1069 Ι.
717 1012 831 1068 Deo
892 1010 1309 1068 amantissimos
1361 1013 1649 1084 episcopos
1706 1011 1849 1067 nulla
1909 1013 2119 1068 ratione

2291 1011 2362 1070 α’.
2404 1014 2545 1079 Τοὺς
2597 1014 3049 1084 θεοφιλεστάτους
3086 1013 3423 1078 ἐπισκόπους
3465 1013 3533 1067 ἐκ
3575 1012 3811 1084 μηδενὸς

535 1112 743 1158 tutores
787 1111 880 1157 aut
923 1113 1208 1159 curatores
1248 1104 1649 1173 qualiscunque
1702 1119 1950 1174 persona:
2001 1107 2116 1161 ﬁeri

2221 1103 2391 1173 νόμου
2425 1105 2757 1175 ἐπιτρόπους
2807 1105 3210 1176 ἢκουράτορας
3257 1105 3372 1158 οἴου
3413 1103 3616 1175 δήποτε
3642 1119 3813 1173 προσ-

531 1193 919 1264 permittimus.

2222 1196 2373 1251 ὠπου
2408 1197 2656 1266 γίνεσθαι
2681 1196 3095 1268 συγχωροῦμεν.

602 1286 657 1343 2.
687 1284 1065 1357 Presbyteros,
1088 1296 1144 1343 et
1171 1287 1456 1356 diaconos,
1492 1298 1546 1344 et
1576 1289 1979 1360 Itypodiaconos
2004 1292 2121 1347 solo

2296 1287 2363 1360 β’.
2396 1289 2537 1354 Τοὺς
2562 1289 2973 1361 πρεσϐυτέρους
3004 1290 3101 1342 καὶ
3137 1288 3422 1353 διακόνους
3449 1286 3547 1342 καὶ
3579 1288 3810 1342 ὑποδια-

539 1379 851 1451 agnationis
897 1378 1025 1449 jure
1071 1380 1139 1435 ad
1169 1382 1394 1436 tutelam
1443 1392 1538 1436 aut
1571 1383 1868 1443 curatelam
1901 1383 2121 1439 vocatos

2223 1381 2415 1444 κόνους
2446 1379 2527 1451 τῷ
2556 1381 2755 1451 δικαίῳ
2789 1381 2882 1435 καὶ
2920 1380 3068 1452 μόνῳ
3103 1381 3204 1447 τῆς
3236 1382 3562 1449 συγγενείας
3588 1383 3669 1444 είς
3688 1385 3815 1435 ἐπι-

533 1472 805 1543 liturgiam
833 1472 1116 1542 suscipere
1151 1473 1538 1543 permittimus.

2222 1472 2433 1543 τροπὴν
2464 1472 2500 1544 ἢ
2536 1474 2903 1544 κουρατορίαν
2935 1472 3309 1544 καλουμένους
3335 1473 3435 1543 τὴν
3466 1473 3814 1544 λειτουργίαν

1816 1572 1822 1589 '
2228 1563 2591 1634 ὑποδέχεσθαι
2625 1565 3044 1636 συγχωροῦμεν.

606 1647 662 1704 3.
719 1645 1049 1718 Episcopum
1090 1655 1184 1705 aut
1221 1656 1588 1718 (econo'mnm,
1638 1661 1733 1706 aut
1761 1652 1928 1708 alium
1959 1654 2123 1711 cleri-

2297 1655 2365 1725 γ’.
2411 1656 2746 1710 Ἐπίσκοπον
2798 1657 2831 1725 ἦ
2878 1656 3184 1727 οἰκονόμον,
3244 1657 3278 1727 ἢ
3331 1656 3493 1712 ἄλλον
3550 1656 3818 1726 κληρικδν

535 1758 662 1798 cum
688 1741 1065 1813 cujuscunque
1106 1741 1330 1814 gradus,
1369 1752 1465 1798 aut
1506 1746 1855 1812 monachum,
1886 1749 2125 1804 conduc-

2225 1748 2338 1803 οἵου
2365 1749 2569 1820 δήποτε
2608 1748 2819 1819 βαθμοῦ
2852 1749 2885 1819 ἢ
2916 1749 3179 1820 μοναχὸν,
3238 1750 3614 1823 ἐκλήπτοραῆ
3646 1752 3820 1804 ἁπαι-

536 1844 708 1891 torem
778 1845 1164 1892 exactoremve
1220 1836 1561 1906 publicorum
1618 1840 1988 1911 vectigalium,
2029 1851 2126 1897 aut

2227 1805 2730 1912 rqrhv'ﬁqpoolwv.
2773 1805 3118 1907 συντέλειῶῦ,
3239 1805 3522 1913 μισθωτὴιν
3555 1805 3748 1906 τέλῶν,
3784 1844 3819 1911 ἢ

536 1927 839 1981 alienarum
870 1927 1191 1982 facultatum
1217 1937 1272 1983 et
1301 1928 1495 1984 domus
1524 1939 1859 2001 curatorem,
1883 1943 1977 1988 aut
1996 1949 2124 2004 pro-

2227 1933 2529 2004 ἀλλοτρίων
2570 1934 2822 2004 κτήσεων
2862 1933 3175 2004 κουράτορα
3204 1934 3301 1987 καὶ
3341 1934 3496 1987 οἴκου
3529 1934 3562 2003 ἢ
3597 1934 3820 1987 ἐντολέα

536 2034 845 2075 curatorem
887 2020 943 2076 in
990 2020 1164 2086 litem,
1211 2029 1272 2076 ut
1309 2034 1631 2091 sponsorem
1685 2021 1803 2078 ﬁeri
1848 2040 1956 2081 non
2002 2042 2127 2097 per-

2006 2042 2127 2097 per-
2228 2025 2408 2097 δίκης,
2437 2025 2471 2097 ἢ
2498 2018 2780 2095 ’ἐγγυητὴν
2808 2024 3065 2094 γίνεσθαι
3092 2024 3153 2078 οὐ
3183 2025 3605 2096 συγχωροῦμεν.

542 2112 831 2168 mittimus.
1262 2183 1268 2188 .

610 2204 667 2259 4.
704 2204 1127 2262 Amantissimos
1169 2203 1282 2260 Deo
1321 2204 1632 2277 episcopos,
1676 2206 1928 2278 proprias
1957 2208 2130 2264 relin-

2303 2205 2365 2264 δ’.
2414 2207 2542 2271 Τοῖς
2582 2205 3024 2279 θιοφιλεστάτοις
3067 2205 3400 2271 ἐπισκόποις
3453 2204 3554 2270 τὰς
3612 2204 3829 2268 οἰκείας

540 2310 707 2363 quere
737 2296 1023 2364 ecclesias,
1049 2307 1107 2351 et
1149 2296 1205 2351 in
1246 2298 1481 2353 aliorum
1513 2297 1825 2366 provincias
1851 2300 2004 2355 abire
2029 2316 2129 2357 ve-

2234 2300 2672 2372 καταλιμπάνειν
2710 2300 3037 2371 ἐκκλησίας,
3066 2301 3161 2354 καὶ
3204 2301 3285 2363 είς
3336 2297 3512 2369 ἄλλων
3554 2298 3832 2368 ἐπαρχίας

543 2396 739 2443 tamus.
773 2387 830 2442 Si
868 2402 1000 2443 vero
1035 2388 1340 2464 necessitas
1386 2388 1566 2457 aliqua
1615 2390 1667 2443 id
1722 2391 1989 2459 exegerit,
2019 2405 2129 2444 non

2238 2393 2642 2467 παραγίνεσθαι
2669 2391 3091 2463 ἀπαγορεύομεν
3110 2407 3126 2423 ’
3156 2392 3206 2446 εί
3225 2392 3283 2445 δὲ
3307 2392 3522 2461 ἀνάγκη
3547 2398 3630 2454 τις
3656 2392 3834 2444 άπαι-

543 2482 702 2534 aliter
725 2496 888 2550 quam
912 2496 1034 2536 cum
1061 2481 1258 2535 litteris
1288 2482 1591 2537 beatissimi
1624 2482 1865 2552 ipsorum
1897 2485 2132 2553 patriar-

2238 2488 2340 2552 τεῖ,
2372 2485 2447 2556 μὴ
2481 2484 2657 2549 άλλως
2689 2485 2723 2554 ἢ
2759 2484 2899 2555 μετὰ
2933 2484 3285 2555 γραμμάτων
3331 2483 3428 2537 τοῦ
3469 2483 3837 2552 μακαριωτά-

539 2572 659 2629 cbae
694 2582 790 2627 aut
820 2573 1183 2643 metropolitte
1211 2584 1308 2628 aut
1343 2574 1629 2644 principali
1672 2577 1927 2630 mandato
1961 2576 2012 2630 id
2054 2577 2133 2630 l'a-

2241 2595 2337 2631 του
2362 2577 2544 2631 αὐτῶν
2573 2577 2973 2648 πατριάρχουῆ
3004 2576 3404 2649 μητροπολίτω
3436 2576 3469 2648 ἢ
3502 2574 3643 2630 κατὰ
3668 2573 3832 2645 βασις

543 2667 716 2729 ciant,
763 2665 837 2720 ita
889 2666 1136 2734 quidem,
1168 2677 1229 2721 ut
1270 2682 1375 2722 nec
1416 2667 1524 2722 illis
1568 2668 1858 2737 episcopis,
1899 2672 1990 2733 qui
2033 2670 2134 2722 sub

2237 2665 2396 2736 λιτὴν
2429 2665 2634 2735 δηλαδὴ
2657 2666 2927 2731 κέλευσιν,
2952 2666 3113 2720 τοῦτο
3151 2667 3499 2732 ποιείτωσαν,
3521 2664 3665 2718 οὕτω
3702 2667 3831 2735 μένκ

543 2755 868 2811 beatissimo
899 2756 1512 2825 ConstantinOpolitano
1536 2761 1796 2829 episcopo
1817 2766 1872 2813 et
1901 2760 2134 2827 patriar-

2236 2776 2321 2814 τοι
2354 2777 2442 2827 γε,
2493 2760 2579 2813 ἵνα
2627 2760 2761 2831 μηδὲ
2793 2762 3026 2824 ἐκείνοις
3071 2761 3183 2824 τοῖς
3229 2760 3575 2823 ἐπισκόποις,
3624 2757 3831 2821 οἵτινες

545 2847 648 2901 cha
677 2857 826 2914 sunt,
876 2847 1038 2904 liceat
1092 2850 1212 2904 sine
1256 2850 1433 2919 ipsius
1476 2852 1745 2918 permissu
1806 2860 1900 2903 aut
1949 2858 2136 2904 nostro

2239 2852 2345 2905 ὑπὸ
2373 2851 2465 2905 τὸν
2511 2850 2937 2922 μακαριώτατον
2967 2850 3269 2904 ἐπίσκοπον
3311 2850 3836 2904 Κωνσταντινουπό-

540 2940 697 3010 jussu
742 2941 795 2995 in
839 2942 1042 3011 regiam
1080 2941 1270 2996 urbem
1305 2944 1491 2997 venire
1523 2957 1537 2993 :
1576 2956 1698 2996 nam
1750 2942 1796 2997 si
1838 2943 1999 2996 etiam
2036 2944 2137 2996 hoc

2244 2944 2380 3007 λεως
2436 2946 2531 2997 καὶ
2577 2943 2928 3014 πατριάρχην
2971 2945 3130 3008 εἰσὶν,
3163 2941 3314 3012 ἐξείη
3362 2942 3486 3013 δίχα
3533 2943 3843 3013 ἐπιτροπῆς

547 3033 710 3087 modo
730 3034 1021 3104 cpiscopus
1051 3036 1447 3105 qualiscunque
1474 3035 1661 3101 fuerit,
1687 3037 2007 3101 excesserit,
2032 3052 2135 3089 non

2242 3034 2409 3089 αὐτοῦ
2457 3034 2490 3104 ἢ
2545 3032 2826 3104 ἡμετέρας
2887 3033 3195 3096 κελεύσεως
3248 3033 3390 3088 κατὰ
3438 3034 3539 3105 τὴν
3588 3033 3841 3104 βασιλίδα

546 3126 779 3195 amplius
809 3141 916 3182 uno
947 3142 1092 3183 anno
1138 3129 1429 3183 ecclesiam
1484 3142 1641 3182 suam
1690 3128 1984 3197 relinquat,
2020 3130 2137 3196 epi-

2244 3125 2400 3179 πόλιν
2432 3123 2637 3178 ἐλθεῖνο
2681 3128 2731 3178 εί
2764 3125 2876 3195 γάρ
2916 3125 3015 3180 καὶ
3070 3125 3212 3179 κατὰ
3264 3126 3355 3180 τὸν
3406 3112 3609 3198 τρόπον
3646 3127 3843 3181 τοῦτον

547 3233 743 3288 scopos
767 3233 898 3274 vero
923 3221 1021 3289 qui
1050 3220 1102 3275 in
1131 3222 1338 3288 regiam
1368 3221 1560 3276 urbem
1592 3220 1687 3288 (ita
1711 3230 1770 3274 ut
1798 3221 2002 3274 dictum
2029 3221 2134 3290 est)

2244 3220 2543 3282 ἐπίσκοπος
2579 3214 2693 3281 οἷος
2739 3218 2941 3288 δήποτε
2988 3220 3356 3290 ἀποδημήσει,
3402 3219 3477 3291 μὴ
3521 3221 3680 3273 πλέον
3716 3221 3840 3283 ἐνὸς

548 3313 823 3378 venerint,
843 3325 910 3366 ex
937 3326 1266 3382 quacunque
1298 3313 1502 3367 fuerint
1525 3314 1770 3375 dimeesi,
1804 3326 1931 3367 ante
1955 3315 2136 3368 omnia

2245 3308 2499 3362 ἐνιαυτοῦ
2523 3307 2624 3380 τὴν
2646 3308 2782 3362 ίδίαν
2814 3308 3279 3378 καταλιμπανέτω
3307 3307 3662 3381 Ἐκκλησίαν.
3692 3311 3840 3373 Teia;

549 3404 702 3459 abire
749 3404 1007 3474 jubemus
1054 3405 1125 3460 ad
1178 3404 1554 3460 beatissimum
1590 3404 2139 3474 Constantinopoleos

2246 3405 2304 3459 δὲ
2338 3405 2675 3467 ἐπισκόπους
2726 3403 2855 3467 τοὺς
2893 3404 3035 3458 κατὰ
3083 3403 3183 3475 τὴν
3242 3404 3491 3476 βασιλίδα
3542 3407 3717 3470 πόλιν,
3762 3406 3845 3468 ὡς

548 3497 1018 3567 archiepiscopum
1052 3506 1107 3552 et
1153 3497 1563 3567 patriarcham,
1599 3506 1764 3567 atque
1814 3497 1889 3552 ita
1936 3499 2000 3551 ad
2039 3513 2138 3552 no-

2249 3498 2489 3568 είρηται,
2518 3494 3145 3566 παραγενομένους,οἱάς
3165 3496 3367 3566 δήποτε
3387 3493 3497 3552 εἷεν
3517 3497 3848 3568 διοικήσεως

549 3598 720 3643 stram
758 3587 945 3642 venire
974 3588 1351 3644 serenitatem.
1385 3587 1926 3658 Quicumquejautem
1949 3599 2139 3645 contra

2251 3588 2358 3658 πρὸ
2383 3589 2605 3641 πάντων
2644 3587 2868 3640 ἀπιέναι
2904 3587 3041 3658 πρὸς
3069 3587 3161 3641 τὸν
3195 3588 3619 3659 μακαριώτατον
3681 3590 3850 3659 ἁρχι-

550 3680 998 3736 constitutionem
1029 3680 1174 3737 hanc
1195 3690 1445 3735 nostram
1476 3682 1834 3748 excesserint,
1858 3692 1951 3736 aut
1977 3696 2141 3750 supra

2254 3682 2558 3734 επίσκοπον
2582 3679 3207 3742 Κωνσταντινουπόλεως
3247 3680 3341 3733 καὶ
3355 3680 3720 3751 πατριάρχην,
3750 3682 3853 3733 καὶ

551 3774 839 3829 deﬁnitum
872 3773 1002 3828 anni
1040 3772 1303 3843 spatium,
1336 3782 1554 3844 tempus
1585 3775 1805 3844 aliquod
1834 3783 1986 3828 extra
2019 3790 2145 3844 pro-

2253 3773 2425 3838 οὕτως
2452 3772 2519 3826 δι’
2553 3771 2721 3826 αὐτοῦ
2760 3772 2900 3843 πρὸς
2941 3772 3044 3840 τὴν
3089 3772 3369 3842 ἡμετέραν
3403 3775 3636 3826 εἰσιέναι
3672 3775 3852 3842 γαλη-

550 3865 728 3935 priam
757 3864 1055 3920 Ecclesiam
1086 3862 1338 3933 fecerint,
1371 3864 1606 3935 primum
1632 3864 1853 3934 quidem
1880 3880 1987 3921 non
2016 3864 2147 3919 sub-

2254 3866 2477 3935 νότητα.
2510 3864 2637 3928 Τοῖς
2666 3864 2723 3917 δὲ
2761 3863 2911 3934 παρὰ
2941 3861 3146 3931 ταύτην
3186 3863 3345 3931 ἡμῶν
3375 3862 3473 3930 τὴν
3500 3863 3848 3918 διατύπωσιν

555 3954 858 4009 ministrari
883 3962 1133 4022 sumptus
1156 3955 1224 4008 ab
1247 3955 1549 4010 oeconomis
1587 3956 1707 4026 ejus
1729 3954 1987 4010 Ecclesiae
2012 3955 2143 4024 ipsis

2253 3955 2650 4028 ἀποδημοῦσιν,
2680 3954 2713 4024 ἢ
2746 3955 2888 4025 ὑπὲρ
2917 3952 3012 4005 τὸν
3042 3952 3270 4022 ὁρισμὸν
3300 3950 3395 4004 τοῦ
3426 3943 3677 4005 ἐνιαυτοῦ
3708 3957 3852 4023 χρό-

556 4042 830 4105 volumus,
858 4041 1055 4099 deinde
1083 4045 1383 4113 signiﬁcari
1418 4047 1553 4116 ipsis
1590 4060 1686 4117 per
1718 4046 1927 4101 litteras
1956 4060 2143 4101 sacer-

2259 4069 2347 4106 νου
2393 4051 2498 4118 ἔξω
2526 4049 2625 4119 τῆς
2673 4047 2811 4110 ἰδίας
2834 4044 3165 4114 Ἐκκλησίας
3197 4043 3468 4109 ποιοῦσιν,
3504 4044 3720 4115 πρῶτον
3745 4048 3858 4115 μὲν

556 4136 743 4188 dotum
785 4135 982 4204 quibus
1020 4146 1237 4205 parent,
1274 4145 1333 4191 ut
1363 4138 1430 4192 ad
1463 4139 1714 4208 proprias
1744 4137 2014 4192 Ecclesias
2054 4152 2145 4193 re-

2257 4143 2333 4214 μὴ
2362 4137 2721 4214 χορηγεῖσθαι
2758 4138 2909 4208 παρὰ
2937 4137 3046 4190 τῶν
3083 4137 3386 4209 οἰκονόμων
3414 4132 3529 4208 τῆς
3552 4139 3689 4201 ἰδίας
3719 4142 3856 4194 Ἐκ..

559 4227 756 4309 deant;
785 4234 841 4281 et
866 4226 971 4297 ipsi
995 4228 1216 4299 quidem
1245 4231 1563 4299 episeopatu
1594 4241 1997 4297 removeantur,
2024 4245 2149 4287 sen-

2258 4233 2486 4305 κλησίας
2523 4230 2792 4295 δαπάνας,
2834 4229 3028 4284 ἔπειτα
3079 4230 3137 4283 δὲ
3185 4230 3705 4301 ὑπομιμνήσκεσθαι
3748 4235 3857 4286 αὑ-

561 4319 731 4373 tentia
762 4328 818 4372 et
843 4319 1053 4390 judicio
1092 4322 1298 4390 proprii
1336 4322 1752 4392 archiepiscopi.
1792 4323 1898 4376 Alii
1929 4338 2059 4378 vero
2091 4324 2146 4377 in

2257 4328 2386 4389 τοὺς
2417 4324 2508 4378 διὰ
2540 4321 2889 4395 γραμμάτων
2942 4321 3050 4375 τῶν
3103 4322 3294 4392 ίερέων
3324 4322 3415 4391 ὑφ’
3451 4321 3544 4388 οὓς
3574 4324 3850 4387 τελοῦσιν,

558 4409 799 4477 ipsorum
844 4410 1024 4465 locum
1062 4425 1129 4469 ex
1179 4412 1466 4479 praesentis
1511 4413 1646 4483 legis
1689 4416 1739 4467 vi
1777 4424 1832 4467 et
1879 4423 2149 4482 potestate

2259 4417 2401 4469 ὥστε
2441 4412 2760 4468 ἐπανελθεῖν
2805 4413 2885 4473 είς
2930 4412 3029 4473 τὰς
3077 4411 3214 4475 ἰδίας
3255 4412 3575 4483 ἐκκλησίας,
3620 4414 3856 4479 ἑαυτοὺς

559 4511 818 4555 creentur
849 4516 865 4556 :
896 4504 1087 4557 eadem
1134 4503 1237 4558 bac
1280 4502 1399 4574 lege
1439 4504 1720 4560 obtinente
1748 4515 1801 4560 et
1844 4506 1897 4560 in
1924 4506 2150 4561 clericos

2259 4510 2358 4582 μὲν
2407 4510 2507 4578 τῆς
2551 4505 2861 4574 ἐπισκοπῆς
2906 4503 3231 4568 ἐξωθεῖσθαι
3279 4504 3477 4580 γνώμῃ
3522 4508 3618 4560 καὶ
3665 4510 3855 4578 κρίσει

560 4594 941 4662 cujuscunque
971 4596 1173 4667 gradus
1198 4597 1399 4652 fuerint
1424 4606 1516 4652 aut
1547 4599 1855 4653 ministerii.

2260 4600 2349 4653 ml.
2386 4595 2683 4669 δοκιμασίᾳ
2721 4597 2817 4649 τοῦ
2868 4595 3071 4650 οἰκείου
3121 4597 3424 4668 ἀρχιερέως
3469 4615 3481 4630 ο
3521 4600 3744 4669 ἐτέρους
3793 4601 3859 4654 δὲ

560 4684 888 4739 ἀντ”αὑτῶν
926 4685 1191 4757 ἀμείνους
1240 4688 1677 4758 χειροτονεῖσθαι
1718 4688 1865 4743 κατὰ
1911 4687 2013 4760 τὴν
2056 4689 2154 4743 τοῦ
2196 4689 2466 4762 παρόντος
2510 4693 2679 4759 νόμου
2707 4686 2964 4759 δύναμιν,
2995 4686 3188 4742 τούτου
3219 4690 3384 4742 αὐτοῦ
3451 4692 3545 4743 καὶ
3581 4691 3672 4743 ἐπὶ
3737 4692 3860 4743 τὼν

562 4780 841 4852 κληρικῶν
896 4783 1228 4851 κρατοῦντος
1273 4784 1591 4855 οίουδήποτε
1637 4785 1848 4856 βαθμοῦ
1894 4781 2006 4839 εῐεν
2061 4786 2096 4857 ἢ
2138 4785 2203 4858 [Γ.
2232 4785 2308 4858 οἱ]
2336 4788 2395 4838 ἐν
2421 4785 2731 4856 ὑπηρεσίᾳ.

637 4877 691 4932 5.
729 4875 1024 4946 Episc0pos
1079 4887 1135 4932 et
1174 4879 1522 4949 presbyteros
1570 4880 1946 4946 prohibemus,
1997 4894 2065 4934 ne
2117 4896 2147 4932 a

2332 4876 2396 4932 ε’.
2438 4877 2957 4943 Τοὺςέπισκόπους
3005 4878 3099 4932 καὶ
3153 4875 3583 4947 πρεσϐυτέρους,
3638 4876 3863 4946 ἀπαγο-

563 4979 754 5023 sancta
784 4968 1166 5024 communione
1200 4971 1509 5039 quempiam
1543 4970 1852 5031 excludant,
1885 4985 1991 5024 non
2022 4984 2149 5038 pro-

2263 4971 2516 5042 ρεύομεν,
2557 4969 2633 5040 μὴ
2680 4971 2936 5042 χωρίζειν
3000 4971 3152 5032 τινάς
3184 4970 3283 5040 τῆς
3338 4968 3501 5036 ἁγίας
3560 4972 3862 5035 κοινωνίας

564 5063 690 5117 bata
718 5074 882 5117 causa
913 5071 1135 5132 propter
1161 5077 1324 5133 quam
1354 5062 1713 5119 ecclesiastici
1749 5078 1986 5119 canones
2022 5063 2150 5117 illud

2262 5064 2394 5133 πρὶν
2426 5065 2459 5134 ἡ
2493 5062 2644 5116 αἰτία
2668 5062 2905 5135 δειχθείη
2936 5062 3005 5115 δι’
3034 5062 3100 5134 ἢν
3134 5062 3185 5114 οί
3210 5060 3659 5131 ἐκκλησ;αστικοὶ
3689 5064 3854 5116 κανό‹

568 5156 686 5210 tieri
710 5155 925 5225 jubent.
955 5156 1014 5211 Si
1043 5161 1170 5225 quis
1199 5166 1380 5212 autem
1410 5165 1601 5212 contra
1633 5156 1914 5225 pmdictu,
1941 5172 1970 5209 a
1997 5172 2153 5213 sacra

2262 5172 2349 5218 νες
2380 5154 2537 5208 τοῦτο
2566 5154 2824 5223 γενέσθαι
2854 5153 3188 5207 κελεύουσιν.
3223 5153 3286 5205 El
3305 5153 3370 5207 δέ
3388 5169 3469 5217 τις
3495 5156 3647 5223 παρά
3672 5154 3861 5208 ταῦτα

565 5248 950 5303 communione
978 5261 1294 5317 quempiam
1327 5248 1605 5314 excludat,
1643 5249 1732 5303 ille
1763 5250 1982 5318 quidem
2018 5265 2154 5317 quo-

2262 5247 2362 5315 τῆς
2396 5246 2558 5314 ἁγίας
2604 5245 2897 5308 κοινωνίας
2937 5245 3062 5298 τινὰ
3111 5243 3362 5314 χωρίσοι,
3392 5246 3600 5307 ἐκεῖνος
3632 5245 3730 5314 μὲν
3775 5247 3861 5311 ὡς

518 5362 522 5367 ~
567 5339 713 5393 niam
752 5338 952 5408 injuste
993 5354 1025 5393 a
1072 5340 1461 5396 communione
1501 5341 1758 5397 exclusus
1798 5352 1903 5407 est,
1943 5342 2117 5398 solntu

2261 5337 2443 5400 ἄδικος
2492 5336 2567 5409 [Γ.
2620 5335 2859 5408 ἀδίκως]
2903 5338 3013 5389 ἀπὸ
3050 5335 3152 5405 τῆς
3204 5334 3495 5400 κοινωνίας
3552 5337 3857 5407 ἐχωρίσθη,

567 5433 1134 5487 excommunicatione
1165 5447 1197 5487 a
1227 5418 1510 5504 superiore
1544 5436 1864 5500 sacerdote,
1896 5451 2155 5491 commu-o

2263 5428 2524 5497 λυόμενος
2552 5427 2644 5481 τοῦ
2676 5426 2961 5498 χωρισμοῦ
2985 5428 3091 5481 ὑπὸ
3120 5426 3214 5481 τοῦ
3255 5428 3502 5497 μείζονος
3530 5424 3721 5498 ἱερέως
3750 5428 3859 5494 τῆς

570 5523 737 5577 nione
766 5524 965 5593 dignus
997 5524 1288 5579 habebitur
1321 5540 1336 5579 :
1362 5522 1453 5594 qui
1480 5540 1608 5581 vero
1632 5540 1756 5581 eum
1779 5526 2156 5582 excommuni-

2263 5518 2430 5586 ἁγίας
2458 5518 2729 5582 ἁξιούσθω
2755 5520 3040 5583 κοινωνίας
3059 5534 3072 5550 '
3105 5521 3134 5572 ὁ
3163 5519 3220 5572 δὲ
3255 5520 3492 5591 χωρίσαι
3541 5520 3852 5592 τολμήσας,

568 5629 699 5671 care
723 5630 889 5673 ausus
920 5617 1045 5685 fuit,
1071 5619 1328 5675 omnibus
1352 5619 1532 5675 modis
1571 5634 1601 5674 a
1635 5620 1918 5676 secerdote
1948 5621 2038 5674 cui
2066 5635 2156 5674 su-

2265 5612 2400 5663 πᾶσι
2425 5612 2646 5681 τρόποις
2663 5611 2769 5663 ὑπὸ
2785 5612 2881 5664 τοῦ
2899 5613 3144 5681 μείζονος
3162 5613 3351 5681 ἱερέως
3370 5612 3469 5680 τῆς
3495 5612 3656 5680 ἁγίας
3670 5612 3847 5677 ἀξιού-

575 5702 718 5769 best,
751 5708 1073 5764 excludetur
1098 5723 1129 5766 a
1151 5709 1538 5764 communione
1560 5719 1768 5781 quanto
1786 5720 2026 5777 tempore
2056 5707 2157 5775 ipsi

2268 5706 2381 5759 σθω
2393 5709 2701 5772 κοινωνίας,
2723 5707 2808 5776 ἐφ’
2826 5706 2949 5760 ὅσον
2964 5707 3156 5779 χρόνον
3170 5708 3375 5767 ἐκεῖνος
3393 5706 3593 5760 συνίδοι
3611 5705 3698 5759 ῐνα
3715 5705 3816 5759 ὃπε
3827 5723 3858 5774 ρ

576 5792 751 5846 visum
777 5793 958 5866 fuerit,
980 5809 1039 5852 ut
1060 5813 1182 5869 qua:
1213 5798 1414 5870 injuste
1440 5799 1589 5863 fecit,
1618 5798 1763 5867 juste
1786 5813 1912 5867 erga
1947 5814 2005 5851 se
2035 5798 2150 5851 ﬁeri

2275 5801 2478 5861 ἀδίκως
2508 5800 2786 5869 ἐποίησεν,
2819 5800 3042 5864 δικαίως
3068 5801 3358 5870 ὑπομείνῃ.
3381 5798 3729 5866 Θεσπίζομεν
3759 5803 3858 5854 καὶ
