4050 6414
247 357 367 424 485

1563 364 1954 425 DELECTUS
1995 364 2136 423 LEG
2150 364 2280 424 ΠΜ.

3433 369 3542 431 486

245 480 383 543 τοὺς
417 469 720 548 κληρικοίις
753 477 882 542 τοὺς
913 478 1004 549 ὑφ’
1033 477 1199 550 ἑτέρᾳ
1229 477 1416 549 ἐνορίᾳ
1465 479 1838 549 τεταγμένους

1965 480 2223 548 patiatur.
2255 478 2515 536 Jubemus
2545 481 2734 544 etiam,
2781 497 2848 538 ne
2889 483 3073 540 clerici
3102 486 3204 540 sub
3248 484 3357 542 alio
3385 493 3544 543 terri-

247 571 526 643 μηδαμῶς
553 569 712 642 παρά
734 568 961 642 γνώμην
990 570 1086 625 τοῦ
1111 571 1315 624 οἰκείου
1340 570 1644 624 ἐπισκόπου
1675 572 1707 641 ἢ
1744 587 1850 641 μη-

247 662 584 734 τροπολίτου
633 663 717 726 είς
760 661 958 730 ἑτέραν
983 663 1205 734 ὲνορίαν
1234 661 1707 734 μεταπίπτοντας,
1733 662 1766 732 ἢ
1793 663 1853 716 ἐν

243 755 563 828 Ἐκκλησία
581 753 1008 824 καταλέγεσθαι,
1041 755 1074 826 ἢ
1097 757 1440 828 χειροτονίαν
1459 755 1847 826 ἀναδέχεσθαι.

251 849 362 906 Ἐκ
388 852 503 922 γὰρ
535 845 634 904 τοῦ
667 848 746 921 μὴ
772 849 846 904 τά
881 848 1111 904 τοιαῦτα
1147 850 1699 922 παραφυλάττεσθαι,
1725 850 1853 904 πολ-

239 945 352 1015 λῆς
373 941 606 1007 ἀταξίας
625 942 721 996 καὶ
739 940 950 1014 πλάνης
969 943 1167 997 πολλαὶ
1189 942 1300 997 τῶν
1321 943 1665 1015 Ἐκκλησιῶν
1684 943 1852 1016 ἐπλη-

246 1036 536 1109 ρώθησαν.
563 1036 630 1091 Ei
653 1035 712 1090 δέ
738 1051 823 1100 τις
844 1035 1134 1108 φωραθείη
1165 1036 1266 1108 τὴν
1293 1037 1580 1108 παροῦσαν
1603 1038 1850 1104 διάταξιν

241 1128 485 1196 ἀθετῶν,
517 1129 569 1182 εί
607 1128 707 1199 μὲν
727 1127 828 1198 τὴν
859 1127 1069 1183 οίκείαν
1091 1129 1307 1200 ὲνορίαν
1327 1129 1612 1184 ἀπολιπὼν
1637 1131 1696 1186 ὲν
1727 1131 1850 1184 ἑτέ.

249 1236 322 1291 ρᾳ
350 1219 515 1289 μόνον
548 1217 833 1290 καταλεγῇ
866 1217 1174 1291 Ἐκκλησία
1199 1217 1406 1289 μηδένα
1433 1218 1644 1290 βαθμὸν
1677 1237 1850 1292 χειροο

249 1310 432 1374 τονίας
466 1308 820 1381 προσλαϐὼν,
851 1310 1369 1382 ὲπαναστρέφεσθαι
1394 1309 1584 1365 τοῦτον
1630 1314 1712 1377 είς
1753 1312 1848 1368 τὸν

247 1402 455 1455 οἰκεῖον
513 1401 840 1469 ἐπίσκοπον,
882 1404 984 1474 τῆς
1025 1402 1321 1476 ὑπερορίου
1352 1403 1687 1474 Ἐκκλησίας
1718 1407 1778 1461 ὲν

251 1493 350 1546 καὶ
379 1494 478 1548 ἀπ’
503 1495 680 1565 ἀρχης
713 1493 989 1566 κατελέγη
1015 1493 1375 1568 ἐλαυνόμενον
1393 1513 1408 1527 ο
1439 1496 1490 1550 εί
1517 1497 1575 1552 δὲ
1603 1499 1699 1552 καὶ
1730 1514 1847 1569 χει-

255 1584 511 1654 ροτονίαν
540 1584 870 1656 προσείληφε
890 1625 906 1651 ,
960 1584 1154 1640 τοῦτον
1187 1585 1282 1640 ἐπὶ
1324 1587 1572 1658 τριετίας
1603 1588 1702 1659 τῆς
1733 1589 1846 1643 λει-

258 1677 532 1748 τουργίας
559 1677 829 1749 ἀργοῦντα
859 1677 1068 1750 μένειν,
1100 1679 1164 1733 τὸ
1190 1678 1380 1734 λοιπὸν
1409 1681 1503 1734 ἐπὶ
1553 1683 1620 1752 τῇ
1660 1682 1844 1754 κρίσει

264 1767 362 1821 τοῦ
397 1769 588 1823 οἰκείου
618 1769 926 1824 ἐπισκόπου
962 1769 1064 1841 τὴν
1093 1768 1262 1823 αὑτοῦ
1297 1771 1630 1844 συγγνώμην
1668 1789 1842 1829 κατα-

258 1862 488 1931 λιμπάνε
498 1861 642 1916 σθαι.

319 1952 398 2018 ς’.
435 1954 578 2007 Ὅσα
624 1955 932 2026 πράγματα
972 1955 1132 2028 ἔσχεν
1181 1959 1209 2012 ὁ
1257 1956 1560 2022 ἐπίσκοπος
1591 1958 1699 2029 πρὸ
1743 1958 1844 2030 τῆς

249 2049 577 2117 ἐπισκοπῇς,
601 2046 858 2119 δωρεῖται
888 2049 982 2103 καὶ
1020 2051 1325 2104 ὲκποιεῖται
1348 2050 1425 2115 ὡς
1459 2049 1624 2117 θέλει,
1646 2051 1706 2104 οὐ
1735 2050 1842 2123 μὴν

247 2137 384 2192 ἀλλά
450 2139 550 2192 καὶ
580 2137 886 2192 διατίθεται
924 2139 1010 2202 είς
1058 2139 1219 2194 αὑτά.
1261 2141 1405 2194 Ὅσα
1458 2140 1516 2194 δὲ
1571 2142 1841 2214 ἐκτήσατο

248 2231 390 2302 μετὰ
422 2230 525 2300 τὴν
571 2230 902 2302 ἐπισκοπὴν,
926 2233 994 2303 τῇ
1019 2231 1323 2304 Ἐκκλησία
1371 2232 1539 2287 αὑτοῦ
1568 2232 1838 2304 διαφέρει,

232 2322 336 2376 καὶ
389 2321 518 2374 οὐδὲ
557 2319 859 2375 διατίθεται
913 2322 996 2386 εἰς
1038 2322 1198 2389 αὐτὰ,
1230 2323 1280 2376 εί
1323 2323 1422 2393 μὲν
1467 2324 1575 2394 ἄρα
1607 2323 1715 2378 ἀπὸ
1743 2339 1840 2392 γο-

238 2413 378 2467 νέων
403 2413 440 2484 ῆ
472 2412 638 2467 θείων
667 2413 698 2483 ἢ
733 2413 978 2483 ἀδελφῶν
1007 2412 1175 2467 αὐτοῦ
1209 2414 1290 2478 είς
1320 2413 1483 2468 αὐτὸν
1521 2414 1836 2487 περιῆλθον.

308 2505 373 2570 ζ’.
406 2505 550 2568 Τοὺς
574 2503 980 2575 πρεσϐυτέρους
1013 2505 1107 2557 καὶ
1136 2504 1420 2569 διακόνους
1451 2506 1546 2560 καὶ
1571 2505 1822 2574 ἀναγνώ-

240 2595 524 2664 σταςλκαὶ
569 2595 782 2666 ψάλτας
828 2595 922 2660 οὓς
973 2595 1185 2660 πάντας
1218 2596 1517 2667 κληρικοὺς
1543 2596 1837 2670 καλοῦμεν,

236 2687 550 2758 πράγματα
578 2687 678 2756 οἴῳ
708 2686 911 2757 δήποτε
933 2685 1125 2758 τρόπῳ
1159 2688 1240 2750 είς
1272 2685 1370 2757 τὴν
1401 2685 1583 2740 αὐτῶν
1637 2687 1836 2742 δεσπο-

237 2779 392 2832 τείαν
452 2777 837 2850 περιελθόντα,
875 2777 1022 2849 ἔχειν
1074 2777 1182 2832 ὑπὸ
1239 2777 1338 2848 τὴν
1411 2777 1550 2832 ἰδίαν
1582 2777 1836 2842 ἐξουσίαν

239 2865 655 2938 προστάττομεν
681 2864 809 2919 καθ’
830 2866 1130 2936 ὁμοιότητα
1158 2864 1266 2921 τῶν
1289 2865 1608 2936 ίδιοκτήτων
1636 2883 1839 2920 πεκου-

238 2961 386 3022 λίων,
420 2961 519 3014 καὶ
537 2958 830 3030 δωρεῖσθαι
866 2958 1009 3012 κατά
1038 2960 1167 3023 τοὺς
1188 2959 1388 3030 νόμους
1415 2962 1511 3013 καὶ
1536 2959 1625 3012 ἐπ’
1651 2960 1838 3024 αὐτοῖς

239 3052 598 3117 διατίθεσθαι,
633 3051 736 3106 κᾶν
769 3051 876 3108 ὑπὸ
897 3052 998 3124 τὴν
1020 3051 1131 3105 τῶν
1159 3052 1364 3120 γονέων
1396 3052 1534 3106 είσὶν
1565 3051 1834 3120 ἐξουσίαν,

244 3145 381 3199 οὕτω
437 3144 650 3216 μέντοι,
713 3143 855 3197 ὥστε
883 3144 1010 3207 τοὺς
1051 3141 1260 3196 τούτων
1293 3143 1514 3209 παῖδας,
1548 3143 1582 3214 ἢ
1628 3143 1836 3198 τούτων

241 3238 315 3309 μὴ
347 3237 626 3302 ὑπόντων,
673 3234 801 3297 τοὺς
834 3235 1014 3302 γονεῖς
1061 3232 1263 3305 αῇτῶν,
1299 3232 1362 3286 τὸ
1393 3231 1628 3304 νόμιμον
1664 3234 1832 3306 μέρος

241 3328 594 3402 κομίζεσθαι.

307 3439 380 3512 η’.
422 3439 484 3494 '0
515 3438 732 3510 μέλλων
761 3436 990 3492 εἰσιέναι
1020 3437 1077 3491 ὲν
1111 3435 1484 3506 μοναστηρίῳ,
1511 3435 1835 3492 διατιθέσθω

235 3533 304 3588 τά
336 3531 464 3589 καθ’
487 3532 686 3586 ἑαυτὸν
710 3529 818 3604 πρὸ
853 3531 953 3601 τῆς
979 3527 1186 3582 εἰσόδου
1208 3525 1400 3593 αὐτοῦ,
1436 3528 1561 3580 ἐπεὶ
1593 3546 1838 3600 προσκυυ

239 3627 432 3700 ρεῦται
489 3624 568 3696 τῷ
615 3623 967 3696 μοναστηρίῳ
1007 3620 1187 3674 πάντα
1234 3618 1305 3672 τὰ
1359 3619 1550 3686 αὐτοῦ,
1607 3620 1714 3676 κᾶν
1757 3622 1834 3694 μὴ

244 3719 430 3790 ῥητῶς
457 3718 677 3790 φήσειεν
707 3716 952 3784 είσάγειν
975 3711 1138 3779 αὐτὰ,
1163 3709 1258 3766 καὶ
1291 3709 1394 3765 οὐκ
1425 3711 1505 3764 ἔτι
1538 3710 1692 3767 ἔσται
1711 3712 1832 3769 κατ’

248 3810 445 3864 οὐδένα
467 3808 658 3880 τρόπον
683 3808 873 3879 κύριος
910 3805 1111 3860 αὐτῶν.

317 3923 384 3978 θ’.
444 3923 500 3979 '0
554 3924 647 3977 ἐπὶ
678 3922 841 3978 παισὶ
886 3924 1149 3992 μονάσας,
1190 3923 1416 3978 δύναται
1451 3922 1546 3978 καὶ
1597 3922 1738 3993 μετά
1771 3923 1832 3976 τὸ

239 4015 496 4087 μονὰσαι,
536 4013 732 4068 διελεῖν
761 4013 858 4085 τὴν
883 4013 1072 4068 οὐσίαν
1122 4013 1289 4068 αὐτοῦ
1326 4015 1438 4080 τοῖς
1465 4013 1616 4079 ἰδίοις
1647 4015 1828 4080 παισὶ,

237 4109 529 4176 φυλάττων
559 4107 742 4178 ἑαυτῷ
800 4105 857 4160 ἓν
915 4107 1104 4178 μέρος,
1154 4107 1183 4160 ὃ
1229 4107 1325 4161 καὶ
1358 4107 1438 4178 τῷ
1477 4107 1832 4178 μοναστηρίῳ

239 4200 470 4272 ἁρμόζει
498 4215 514 4232 ·
559 4199 658 4253 ὲάν
691 4199 749 4253 δὲ
777 4198 1059 4263 ἀδιάθετος
1102 4199 1428 4269 τελευτήσῃ,
1478 4198 1603 4252 τότε
1631 4200 1682 4252 οί
1731 4198 1831 4268 μὲν

231 4292 426 4356 παῖδες
464 4289 639 4344 αὑτοῦ
677 4289 938 4361 λήψονται
990 4290 1051 4344 τδ
1083 4291 1142 4358 ἐξ
1197 4289 1506 4356 ἁδιαθέτου,
1537 4291 1684 4346 τοῦτ’
1711 4290 1829 4344 ἐστι

224 4387 296 4440 τὸ
341 4385 656 4451 Φαλκίδιον,
705 4384 799 4438 καὶ
835 4384 895 4437 τὸ
939 4383 1126 4438 λοιπὸν
1172 4383 1380 4438 δίδοται
1421 4383 1501 4454 τῷ
1549 4401 1833 4456 μοναστη-

228 4496 258 4548 ρ
269 4477 340 4548 ίῳ
347 4517 362 4532 .

311 4593 365 4648 ι’,
421 4591 551 4646 Ἐάν
575 4591 809 4663 μοναχδς
835 4591 1141 4663 καταλείψει
1191 4591 1252 4645 τὸ
1301 4590 1433 4646 ἴδιον
1464 4592 1828 4662 μοναστήριον

225 4686 327 4740 καὶ
374 4687 461 4748 εἰς
512 4683 644 4737 ἀλλο
668 4683 822 4753 ἔλθῃ,
854 4682 909 4736 εί
933 4700 1056 4736 τινα
1109 4681 1417 4752 πράγματα
1440 4684 1498 4734 ὲν
1526 4680 1606 4752 τῷ
1649 4681 1830 4753 καιρῷ

228 4778 357 4832 καθ’
391 4776 452 4829 ὃν
482 4775 546 4828 τὸ
589 4775 960 4845 μοναστήριον
990 4775 1390 4830 καταλέλοιπεν
1432 4773 1578 4843 ἔχειν
1608 4773 1826 4845 φανείη,

226 4869 306 4940 τῷ
346 4867 556 4938 πρώτῳ
583 4865 663 4937 τῷ
729 4865 1079 4938 μοναστηρίῳ
1122 4866 1179 4919 ὲν
1215 4859 1260 4933 ᾧ
1305 4864 1541 4936 ἐξαρχῆς
1587 4864 1827 4936 είσῆλθε,

227 4963 410 5016 ταῦτα
438 4960 722 5030 διαφέρειν
743 4957 1060 5030 κελεύομεν.

309 5076 403 5131 ια’.
474 5075 601 5138 Τοῖς
633 5073 1054 5137 εὐλαϐεστάτοις
1093 5073 1491 5145 πρεσϐυτέροις
1524 5075 1619 5128 καὶ
1647 5074 1830 5138 διακόο

229 5189 365 5238 νοις,
403 5173 451 5224 εἰ
502 5169 703 5242 εὑρεθῆ
735 5170 795 5222 ιν
847 5167 912 5240 [Ῑ.
953 5167 1252 5241 εὑρεθεῖεν]
1292 5168 1434 5239 ὑπὲρ
1479 5168 1831 5238 χρηματικῆς

227 5266 414 5328 αἰτίας
451 5262 1107 5334 ψευδομαρτυρήσαντες,
1149 5262 1225 5332 μὴ
1282 5261 1468 5332 μέντοι
1493 5278 1559 5331 γε
1588 5263 1738 5332 ὅρκῳ
1768 5261 1830 5313 τὸ

226 5356 428 5425 ψεῦδος
466 5353 927 5427 βεδαιωσάμενοι,
975 5353 1204 5417 τούτους
1234 5353 1464 5424 ἀρκέσει
1505 5354 1626 5407 ἀντὶ
1657 5353 1831 5423 βασάο

241 5468 360 5515 ρων,
395 5443 490 5500 ἐπὶ
518 5450 670 5517 τρεῖς
699 5437 983 5508 ἐνιαυτοὺς
1017 5445 1346 5518 χωρίζεσθαι
1393 5449 1492 5516 τῆς
1531 5445 1682 5509 θείας
1724 5446 1830 5498 Cm-

238 5539 497 5609 ηρεσίας.
531 5539 628 5592 καὶ
679 5537 1071 5608 μοναστηρίοις
1105 5536 1528 5608 παραδίδοσθαι·
1567 5538 1616 5590 εί
1640 5537 1698 5589 δὲ
1737 5537 1832 5590 καὶ

237 5633 364 5694 τοὺς
411 5631 589 5704 ψεύδη
630 5629 696 5704 [ι’.
744 5628 824 5700 τῷ
851 5628 1060 5702 ψεύδει]
1089 5629 1183 5683 τὸν
1223 5631 1387 5700 ὅρκον
1417 5631 1778 5700 προσέθεσαν,
1805 5633 1833 5682 ὁ

239 5723 419 5780 κανὼν
455 5725 662 5788 αὐτοὺς
693 5722 1032 5794 πῳεξέκοψε
1060 5723 1159 5794 τῆς
1187 5723 1472 5795 ἱεροσύνης
1496 5739 1508 5752 ·
1539 5724 1656 5777 ἀλλ’
1687 5724 1831 5778 οὕτω

242 5817 342 5884 μὲν
364 5816 721 5891 χρηματικῆς
755 5816 914 5888 δίκης
937 5815 1330 5889 προκειμένης.
1348 5816 1519 5888 ’Υπὲρ
1551 5817 1605 5870 δὲ
1629 5817 1832 5888 ἐγκλη-

1860 4519 1907 4576 ι)

1959 573 2097 628 torio
2129 571 2374 627 collocati
2421 583 2614 630 contra
2661 575 2997 631 voluntatem
3043 578 3250 647 proprii
3299 580 3539 650 episcopi

1956 674 2050 718 aut
2074 664 2435 744 metropolitar
2470 665 2524 719 in
2565 665 2713 721 aliud
2748 668 3084 724 territorium
3115 671 3418 733 venientes,
3453 681 3544 726 aut

1954 755 2009 810 in
2056 755 2356 812 Ecclesiam
2410 757 2736 827 allegantur,
2791 768 2884 815 aut
2939 759 3196 832 suﬂ'ragia
3248 763 3541 833 accipiant.

1951 846 2198 918 Namque
2223 857 2465 918 propter,
2497 849 2614 906 haec
2637 867 2743 907 non
2767 852 3054 908 observata
3085 854 3267 910 multae
3287 854 3546 910 Ecclesia:
3626 847 3630 849 ’

1954 941 2365 1000 confusionibns
2385 945 3148 1016 eterroribusimpletresunt.
3183 949 3240 1003 Si
3263 951 3385 1018 quis
3417 965 3546 1006 vero

1953 1032 2329 1102 deprehensus
2378 1033 2544 1090 fuerit
2590 1035 2734 1092 hanc
2785 1038 3232 1095 constitutionem
3279 1039 3540 1107 violasse,

1951 1125 2221 1192 siquidem
2246 1129 2532 1198 proprium
2561 1130 2900 1185 territorium
2926 1131 3262 1201 relinquens,
3296 1133 3349 1188 in
3378 1133 3539 1188 aliam

1953 1225 2162 1274 tantum
2187 1220 2485 1276 Ecclesium
2512 1221 2738 1279 allectus
2769 1223 2957 1287 fuerit,
2985 1224 3192 1279 nullum
3219 1226 3396 1279 adhuc
3424 1241 3543 1296 gra-

1951 1306 2079 1362 dum
2107 1307 2384 1380 suffragiis
2410 1311 2658 1381 adeptus,
2687 1313 2755 1368 ad
2784 1314 3066 1384 proprium
3096 1315 3413 1384 episcopum
3447 1331 3538 1371 rc-

1949 1399 2068 1455 dire
2097 1401 2337 1468 debebit,
2386 1403 2646 1472 expulsus
2693 1415 2746 1460 et
2793 1404 3034 1460 Ecclesia
3087 1406 3142 1460 in
3190 1421 3352 1478 quam
3383 1407 3542 1462 initio

1950 1492 2179 1551 allectus
2209 1494 2494 1551 fuerat.Si
2527 1511 2656 1553 vero
2687 1507 2744 1553 et
2775 1497 3100 1568 suffragium
3137 1498 3358 1568 aliquod
3381 1514 3540 1555 acce-

1948 1585 2050 1656 pit,
2097 1587 2244 1643 hunc
2277 1602 2374 1658 per
2417 1589 2713 1646 triennium
2764 1607 2794 1645 a
2854 1592 3074 1662 liturgia
3116 1607 3336 1660 vacare,
3383 1601 3439 1648 et
3481 1593 3537 1648 in

1951 1679 2224 1748 reliquum
2269 1695 2367 1750 pro
2412 1680 2623 1748 judicio
2677 1682 2919 1754 cpiscooi
2961 1685 3047 1741 sui
3101 1685 3272 1754 ipsius
3320 1686 3538 1741 veniam

1948 1777 2268 1840 exspectare
2287 1771 2558 1842 jubetnus.

2019 1951 2074 2006 6.
2106 1951 2443 2021 Quacunque
2473 1953 2695 2024 quidem
2723 1954 2864 2011 bona
2887 1956 3176 2026 episcopus
3201 1957 3389 2012 habuit
3411 1967 3538 2014 ante

1949 2041 2349 2113 episcopatum,
2378 2058 2442 2098 ea
2477 2053 2532 2099 et
2565 2045 2792 2112 donare,
2817 2056 2871 2102 et
2893 2047 3153 2113 alienare,
3181 2058 3237 2103 et
3260 2048 3326 2104 de
3355 2049 3419 2104 iis
3435 2051 3539 2104 dis-

1944 2146 2167 2201 ponere,
2199 2142 2360 2203 prout
2393 2133 2519 2188 velit
2544 2143 2742 2206 potest.
2771 2136 3108 2209 Quacunque
3139 2149 3322 2196 autem
3349 2143 3538 2209 acqui-

1943 2224 2070 2280 sivit
2127 2234 2250 2294 post
2283 2226 2676 2298 episcopatum,
2733 2244 2793 2284 ea
2844 2230 2896 2284 in
2938 2229 3239 2287 Ecclesiam
3302 2233 3535 2299 confert,

1943 2330 2120 2386 neque
2155 2317 2445 2388 disponere
2473 2329 2676 2390 potest,
2709 2321 2977 2391 siquidem
3006 2339 3037 2378 a
3088 2325 3410 2393 parentibus
3440 2337 3534 2381 aut

1940 2409 2112 2478 patris
2146 2419 2239 2464 aut
2272 2409 2535 2468 fratribus
2574 2412 2744 2482 ipsius
2783 2413 2850 2467 ad
2882 2414 3058 2482 ipsum
3089 2415 3350 2471 devoluta
3381 2430 3532 2474 sunt.

2011 2501 2066 2555 7.
2096 2498 2480 2572 Presbyteros,
2514 2511 2568 2558 et
2601 2504 2884 2570 diaconos,
2921 2514 2975 2560 et
3007 2506 3263 2575 lectores,
3291 2515 3346 2563 et
3381 2509 3532 2578 psal-

1943 2601 2048 2658 tas,
2087 2606 2226 2662 quos
2255 2609 2445 2650 omnes
2477 2595 2710 2652 clericos
2738 2612 3021 2664 vocamus,
3065 2599 3210 2655 bono
3245 2615 3367 2672 qua:
3395 2617 3533 2671 qua-

1942 2681 2194 2752 licunque
2222 2685 2380 2738 modo
2424 2686 2492 2740 ad
2527 2686 2767 2756 ipsorum
2799 2685 3098 2744 dominium
3142 2701 3532 2760 pervenerunt,

1941 2773 2146 2830 habere
2171 2775 2320 2845 ipsos
2351 2777 2406 2830 in
2429 2777 2648 2847 propria
2687 2787 2962 2848 potestate
2989 2780 3334 2836 decernimus
3361 2783 3427 2838 ad
3452 2783 3522 2837 si-

1941 2865 2303 2922 militudinem
2335 2868 2672 2936 privatorum
2708 2871 3079 2941 peculiorum,
3123 2887 3297 2942 eaque
3329 2875 3534 2930 donare

1941 2958 2248 3012 secundum
2297 2958 2464 3029 leges,
2516 2968 2570 3016 et
2615 2961 2681 3016 de
2724 2961 2792 3017 iis
2841 2963 3159 3033 disponere,
3193 2966 3446 3034 quamvis
3478 2967 3533 3021 in

1941 3059 2232 3118 parentum
2285 3059 2556 3118 potestate
2599 3051 2729 3118 sint,
2785 3053 3044 3123 possint:
3079 3054 3153 3109 ita
3210 3055 3428 3126 quidem
3475 3067 3534 3111 ut

1943 3140 2182 3208 ipsorum
2230 3140 2408 3208 liberi,
2439 3151 2535 3196 aut
2565 3143 2672 3198 illis
2719 3159 2826 3200 non
2863 3146 3236 3212 exstantibus,
3278 3157 3534 3218 parentes

1941 3229 2154 3285 illorum
2187 3230 2490 3302 legitimam
2516 3243 2727 3304 partem
2761 3235 3033 3292 auferant.

2009 3432 2061 3487 8.
2124 3430 2510 3488 Monasterium
2553 3435 2882 3499 intraturus,
2935 3437 3001 3490 de
3053 3437 3310 3495 omnibus
3368 3438 3530 3495 rebus

1937 3525 2053 3581 suis
2083 3535 2208 3580 ante
2253 3525 2535 3580 introitum
2573 3527 2851 3595 disponat,
2892 3527 3018 3597 quia
3062 3532 3396 3586 monasterio
3425 3533 3521 3587 de-

1937 3617 2151 3672 dicatus
2181 3618 2362 3670 omnia
2401 3633 2517 3681 sua,
2555 3619 2767 3672 tametsi
2814 3620 2866 3674 id
2909 3620 3090 3675 verbis
3135 3637 3239 3676 non
3298 3637 3524 3692 expres-

1935 3722 2054 3764 sum
2083 3707 2270 3774 fuerit,
2296 3722 2480 3764 secum
2505 3708 2692 3777 infert,
2719 3725 2894 3781 neque
2921 3711 3154 3781 amplius
3180 3712 3288 3768 ulla
3315 3714 3527 3770 ratione

1935 3799 2151 3855 exsistit
2181 3799 2434 3856 dominus
2467 3800 2710 3856 illorum.

2006 3912 2060 3968 9.
2112 3914 2408 3971 Monachus
2452 3916 2652 3985 factus,
2709 3918 2801 3988 qui
2854 3919 3058 3977 liberos
3107 3922 3294 3988 habet,
3344 3933 3525 3992 potest

1934 4006 2097 4062 etiam
2129 4016 2417 4078 postquam
2451 4009 2623 4066 factus
2655 4020 2760 4079 est,
2793 4011 3083 4069 facultates
3117 4030 3245 4071 suas
3279 4016 3522 4072 dividere

1935 4098 2062 4156 filiis
2089 4100 2224 4164 suis,
2261 4115 2547 4157 reservans
2572 4102 2673 4159 sibi
2701 4119 2862 4158 unam
2905 4114 3140 4174 partem,
3175 4121 3294 4176 qua!
3320 4115 3374 4162 et
3406 4123 3526 4164 mo-

1935 4195 2176 4250 nasterio
2200 4196 2484 4265 competit.
2508 4195 2565 4251 Si
2589 4211 2719 4252 vero
2741 4197 3030 4254 intestatus
3052 4199 3368 4266 decesserit,
3395 4208 3524 4256 tunc

1934 4285 2155 4356 quidem
2207 4287 2365 4342 liberi
2417 4289 2536 4357 ejus
2579 4288 2650 4343 ab
2703 4289 2966 4344 intestato
3010 4289 3225 4358 capient
3265 4292 3522 4348 nimirum

1934 4377 2256 4448 Falcidiam,
2289 4389 2344 4436 et
2369 4380 2637 4450 reliquum
2669 4380 2890 4438 dabitur
2923 4383 3277 4439 monasterio.

2005 4592 2094 4647 l0.
2133 4591 2191 4648 Si
2241 4590 2542 4646 monachus
2587 4589 2781 4645 relicto
2830 4590 3052 4661 proprio
3096 4590 3433 4648 monasterio
3470 4593 3521 4648 in

1932 4684 2078 4740 aliud
2108 4699 2167 4740 se
2200 4684 2514 4748 contulerit,
2556 4683 2600 4738 si
2639 4697 2759 4752 quae
2794 4683 2936 4738 bona
2975 4681 3065 4739 illo
3113 4692 3376 4754 tempore,
3415 4701 3524 4754 quo

1932 4777 2327 4834 monaSIerium
2377 4777 2681 4847 reliquerit,
2730 4777 2986 4833 habuisse
3024 4789 3337 4848 compertus
3401 4778 3524 4834 fue-

1934 4871 2027 4935 rit,
2053 4883 2115 4924 ea
2150 4869 2483 4925 monasterio
2507 4905 2522 4933 ,
2559 4868 2612 4924 in
2648 4883 2756 4938 quo
2818 4867 2974 4924 initio
3023 4865 3126 4922 fuit
3177 4868 3315 4924 tradi
3361 4869 3527 4938 jube-

1933 4979 2076 5019 mus.

2008 5076 2096 5130 Η.
2148 5073 2598 5145 Religiosissimis
2654 5072 3104 5143 presbyterorum
3161 5060 3218 5131 ert
3267 5075 3527 5132 diacono-

1937 5185 2080 5236 rum,
2113 5168 2383 5240 siquidem
2430 5165 2640 5241 inventi
2683 5164 2887 5220 fuerint
2917 5167 2970 5221 in
3009 5168 3328 5238 pecuniaria
3361 5184 3524 5223 causa

1935 5261 2136 5318 falsum
2186 5259 2560 5315 testimonium
2598 5258 2836 5329 dixisse,
2875 5258 3218 5314 mendacium
3243 5259 3528 5324 tamenin-

1935 5351 2227 5422 rejurando
2257 5365 2362 5404 non
2404 5349 2814 5415 conﬂrmantes,
2846 5364 2943 5418 pro
2983 5363 3144 5418 paena
3178 5346 3428 5414 sufﬁciet,
3469 5349 3522 5400 in

1937 5446 2234 5501 triennium
2259 5444 2442 5500 divino
2482 5443 2788 5498 ministerio
2815 5441 3110 5512 prohiberi,
3143 5449 3198 5494 et
3229 5439 3282 5494 in
3341 5455 3524 5495 mona-

1942 5537 2395 5595 smriumincludi
2438 5556 2451 5592 :
2497 5537 2640 5607 quod
2682 5537 2727 5591 si
2785 5536 3066 5590 mendacio
3105 5534 3522 5604 jurejurandum

1937 5631 2312 5701 adjunxerint,
2363 5644 2536 5686 canon
2574 5629 2722 5699 ipsos
2765 5625 3073 5682 sacerdotio
3119 5626 3317 5695 privat,
3363 5625 3525 5694 idque

1937 5725 1982 5781 si
2016 5725 2294 5794 proposita
2348 5737 2511 5778 causa
2550 5721 2864 5791 pecuniaria
2901 5718 3092 5785 fuerit,
3137 5718 3423 5772 obtinebit.
3465 5716 3522 5771 Si

1936 5834 2066 5877 vero
2117 5820 2170 5875 in
2225 5817 2602 5875 criminalibus
2661 5812 2839 5870 causis
2898 5811 3097 5868 falsum
3150 5810 3518 5869 testimonium

2091 5911 2105 5932 ρ
