4050 6452
484 402 589 467 48Ἶ
1504 390 2016 453 CONSTANTINI
2050 382 2613 448 PORPIIYROGEN
2626 381 2730 443 ιΤΙ
3532 464 3541 467 Α
3636 370 3749 436 498

489 514 753 582 dixerint,
787 511 1133 568 manifestum
1164 515 1250 566 est
1278 523 1395 575 eos,
1432 508 1509 562 uti
1544 506 1744 560 divinis
1767 503 2067 560 canonibus

2199 501 2421 555 ιατικῶν
2477 497 2669 552 αἰτιῶν
2714 497 2764 549 εἰ
2796 490 3275 565 ψευδομαρτυρίαν
3303 489 3509 545 εἴποιεν
3532 464 3750 562 ἐγγρα.-

488 581 771 664 deﬁnitum
808 614 911 675 est,
948 604 1170 661 omnino
1204 617 1235 657 a
1268 602 1415 658 clero
1440 598 1675 655 excludi.

2199 593 2421 662 vdpevm,
2455 589 2615 658 δῆλον
2648 588 2755 652 ὅτι,
2795 587 2869 650 ὡς
2896 587 3011 649 τοῖς
3055 582 3222 646 θείοις
3252 581 3483 653 ὥρισται
3534 583 3751 648 κανόσι,

2164 681 2262 735 τοῦ
2292 683 2499 751 κλήρου
2533 676 2999 749 άπογυμνοῦνται.

561 794 652 850 12.
682 791 943 854 Gentiles,
977 788 1172 853 Judaei,
1204 794 1259 842 et
1287 783 1557 851 haeretici,
1589 796 1767 852 neque
1804 781 2064 848 militare,

2240 772 2327 844 ιβ’.
2366 773 2650 842 Ἕλληνες,
2713 772 2809 825 καί⁵
2843 769 3115 836 Ἰουδαῖοι,
3162 768 3263 823 καὶ
3307 768 3596 839 αἰρετικολ,
3625 765 3767 820 οὔτε

490 901 671 956 neque
696 885 863 939 ullum
890 882 942 936 in
977 879 1252 948 republica
1283 891 1480 931 munus
1506 876 1659 931 obire
1684 885 1948 946 possunt;
1972 874 2068 929 sed

2199 865 2581 936 τρατεύονται,
2619 861 2744 917 οὔτε
2782 861 3179 927 πολιτεύονται,
3210 859 3327 915 ἀλλ’
3357 860 3602 930 ἐσχάτως
3632 860 3756 913 άτι-

493 989 739 1033 cxtrema
773 971 993 1028 infamia
1030 969 1361 1025 aﬂiciuntur.

566 1070 655 1125 15.
688 1069 744 1122 ln
777 1066 983 1122 clerum
1017 1064 1221 1127 allecti,
1265 1072 1321 1119 et
1364 1061 1691 1117 monachico
1739 1059 1928 1114 habitu
1981 1072 2072 1113 as-

493 1171 730 1231 sumpto,
758 1160 804 1215 si
838 1168 1026 1230 postea
1053 1158 1304 1213 ordinem
1338 1171 1492 1212 suum
1528 1155 1891 1217 deserverint,
1921 1161 1978 1208 et
2012 1166 2071 1206 se

494 1251 549 1304 in
586 1250 755 1304 laicos
782 1246 1239 1315 reformaverint;
1269 1252 1448 1315 neque
1485 1244 1739 1311 militare,
1765 1257 1941 1311 neque
1974 1255 2073 1311 pu-

494 1342 695 1397 blicum
729 1340 883 1396 obire
905 1348 1152 1408 possunt,
1185 1338 1281 1395 sed
1311 1337 1478 1393 simili
1502 1351 1626 1393 cum
1654 1334 1929 1407 praedictis
1950 1347 2076 1388 con-

496 1431 716 1485 tumelia
752 1429 1082 1485 adiciuntur.

567 1546 658 1600 Ν.
683 1543 785 1611 Qui
804 1543 1102 1599 solitariam
1123 1550 1179 1597 et
1201 1541 1560 1597 monasticam
1585 1540 1751 1595 vitam
1770 1538 2073 1609 elegerunt,

503 1651 681 1707 neque
711 1636 934 1690 tutelam
967 1641 1183 1704 gerunt,
1216 1647 1390 1702 neque
1409 1647 1603 1687 causas
1632 1631 1861 1685 aliorum
1885 1638 2073 1698 agunt,

499 1741 569 1782 ne
585 1726 803 1795 quidem
833 1727 877 1779 si
907 1723 1202 1779 necessarii
1230 1722 1449 1787 iuerint,
1471 1736 1645 1791 neque
1667 1721 1768 1775 nisi
1803 1723 2076 1790 propriam

500 1831 721 1871 causam
757 1830 985 1886 eamque
1026 1815 1240 1869 unicam
1278 1806 1439 1885 agere
1479 1821 1724 1884 possunt,
1761 1812 1920 1879 idque
1948 1827 2083 1867 con-

501 1923 666 1962 sensu
698 1907 817 1977 ejus
844 1906 933 1960 cui
956 1905 1207 1960 subsunt.

575 2017 665 2072 l5.
710 2015 1039 2070 Monasteria
1087 2023 1142 2070 et
1190 2013 1449 2082 fecclesim
1488 2028 1550 2069 ac
1581 2021 1839 2083 praeterea
1880 2021 2081 2067 metro-

416 2124 420 2128 ·
503 2110 655 2181 poles
687 2121 741 2166 et
767 2110 1134 2180 episcopatus,
1160 2123 1266 2163 non
1295 2108 1577 2176 subiacent
1604 2118 1697 2162 aut
1718 2108 1941 2176 privata:
1969 2122 2083 2162 scr-

506 2204 661 2257 vituti
691 2210 786 2256 aut
817 2201 1046 2273 publicae
1078 2217 1092 2255 :
1132 2210 1259 2255 sunt
1297 2201 1440 2255 enim
1485 2215 1551 2255 ex
1594 2201 1848 2253 omnibus
1896 2197 2081 2253 selecti

507 2294 642 2356 Deo,
686 2294 1144 2362 quemadmodum
1196 2291 1438 2346 Levitica
1489 2291 1663 2344 tribus
1699 2291 1851 2359 juxta
1911 2291 2081 2357 legem

509 2383 804 2438 mosaicmu
837 2383 904 2436 ab
932 2382 1079 2436 omni
1115 2382 1418 2436 ministerio
1445 2392 1691 2449 exempta
1714 2388 1849 2435 erat.
1886 2380 1941 2434 Si
1970 2394 2087 2447 qua:

510 2489 639 2531 vero
689 2473 1018 2528 inevitabilis
1065 2480 1121 2527 et
1169 2472 1383 2542 publice
1429 2474 1745 2527 conducens
1788 2474 2087 2527 necessitas

510 2564 770 2636 coegerit,
803 2578 923 2633 qua:
950 2572 1004 2617 et
1035 2564 1132 2617 bos
1160 2563 1392 2632 propriae
1421 2562 1611 2618 salutis
1640 2578 1800 2617 causa
1825 2567 1891 2616 ad
1926 2564 2087 2616 mini—

507 2656 735 2711 sterium
757 2652 974 2723 aliquod
994 2662 1180 2719 vocet;
1203 2668 1299 2722 per
1318 2654 1433 2724 ejus
1454 2653 1555 2708 loci
1579 2654 1882 2724 episcopos,
1909 2664 1961 2708 et
1985 2671 2089 2708 non

509 2762 607 2819 per
646 2746 817 2801 laicos
857 2745 1081 2801 omnino
1120 2745 1223 2800 hoc
1256 2744 1619 2801 ministerium
1657 2746 1842 2800 subire
1894 2760 2093 2815 cogen-

513 2850 622 2895 tur.

585 2950 675 3005 16.
724 2950 879 3017 Quod
926 2949 971 3005 si
1017 2949 1140 3018 quis
1166 2948 1292 3005 dum
1342 2947 1523 3004 divina
1582 2950 1842 3020 mysteria
1884 2950 2095 3019 aliaque

515 3055 673 3096 sacra
707 3041 1010 3096 ministeria
1044 3039 1413 3105 celebrantur,
1462 3049 1707 3096 sanctam
1752 3041 1961 3095 intrans
2004 3057 2095 3096 cc-

2178 974 2431 1028 μουνται.

2246 1056 2335 1117 ιγ’.
2374 1050 2437 1102 Oi
2471 1048 2550 1118 τῷ
2580 1047 2769 1118 κλήρῳ
2786 1046 3225 1115 κατειλεγμένοι,
3256 1046 3352 1100 καὶ
3378 1044 3456 1116 τῷ
3477 1044 3762 1116 μοναχικῷ

2174 1144 2417 1213 σχήματι
2473 1140 2876 1206 τελειωθέντες,
2932 1136 3053 1194 εἶτα
3091 1139 3194 1210 τὴν
3245 1138 3455 1192 οἰκείαν
3484 1138 3640 1202 τάξιν
3675 1138 3764 1190 λι-

2175 1233 2391 1296 πόντες,
2426 1231 2522 1285 καὶ
2560 1232 2641 1292 εἰς
2671 1229 2894 1293 λαῖκοὺς
2948 1226 3578 1300 μετασχηματισθέντες,
3629 1226 3764 1280 οὔτε

2176 1322 2564 1394 στρατεύονται
2599 1320 2724 1375 οὔτε
2754 1320 3153 1386 πολιτεύονται,
3184 1318 3324 1373 ἀλλὰ
3353 1320 3466 1382 τοῖς
3494 1333 3767 1391 προειρη-

2179 1412 2363 1483 μένοις
2397 1412 2600 1482 ὁμοίως
2628 1410 2977 1481 ἀτιμοῦνται.

2251 1526 2334 1580 ιδ’.
2383 1527 2444 1580 Oi
2479 1526 2570 1579 τὸν
2602 1525 2812 1596 μονήρη
2863 1523 2978 1593 βίον
3010 1520 3439 1593 ἐπανῃρημένοι,
3470 1519 3595 1573 οὕτε
3638 1521 3767 1572 ἑπι-

2178 1617 2563 1689 τροπεύουσιν,
2605 1615 2729 1670 οὔτε
2786 1614 2947 1675 δίκας
2988 1614 3197 1685 ἐτέρων
3242 1613 3515 1681 λέγουσιν,
3560 1610 3669 1665 οὐδ’
3698 1611 3770 1663 ἂν

2181 1712 2469 1780 συγγενεῖς
2496 1703 2628 1775 εἶεν,
2665 1709 2715 1762 οἰ
2746 1708 2845 1769 τὰς
2871 1707 3024 1770 δίκας
3048 1705 3286 1776 ἔχοντες,
3321 1706 3462 1775 πλὴν
3493 1704 3633 1773 ὑπὲρ
3662 1702 3769 1769 τῆς

2187 1800 2325 1862 ἰδίας
2370 1801 2465 1853 καὶ
2496 1799 2658 1869 μόνον
2692 1800 2883 1869 μονῆς,
2920 1796 3014 1850 καὶ
3049 1797 3172 1849 τότε
3206 1794 3421 1848 συνέσει
3460 1792 3556 1847 τοῦ
3589 1796 3763 1863 ήγου-

2113 1858 2156 1916 Β
2188 1889 2373 1955 μένου.

2256 1997 2339 2054 ιε’.
2372 2000 2454 2053 Τά
2491 2000 2831 2071 μοναστήρια
2888 1999 2983 2053 καί
3035 1999 3091 2052 αἰ
3130 1997 3420 2068 ἐκκλησίαι
3480 1997 3577 2051 καί
3628 1996 3768 2068 πρὸς

2183 2091 2391 2146 τούτων
2413 2094 2469 2145 αἰ
2491 2093 2855 2163 μητροπόλεις
2872 2091 2968 2145 καὶ
2992 2089 3308 2157 ἐπισκοπαί,
3332 2090 3430 2160 οὐχ
3455 2090 3777 2143 ὑπόκεινται

2184 2183 2307 2238 οὔτε
2332 2185 2573 2255 ἰδιωτικῇ
2598 2183 2892 2255 άγγαρείᾳ,
2921 2183 3038 2255 ήτοι
3069 2182 3307 2253 δουλείᾳ,
3340 2180 3461 2235 οὕτε
3490 2181 3728 2251 δημοσίᾳ
3758 2193 3778 2213 ⁸

2185 2280 2477 2349 ἀφαίρημα
2498 2278 2605 2349 γάρ
2634 2279 2772 2330 εἰσιν
2802 2279 2867 2329 ἐκ
2901 2276 3121 2331 πάντων
3153 2267 3297 2328 οὗτοι
3317 2273 3392 2343 τῷ
3429 2272 3571 2344 Θεῷ,
3602 2271 3781 2327 καθά-

2186 2390 2293 2443 περ
2357 2374 2389 2441 ἡ
2440 2373 2661 2437 Λευῖτις
2719 2369 2861 2441 φυλὴ
2924 2369 3065 2424 κατὰ
3109 2370 3199 2424 τὸν
3241 2368 3538 2423 Μωσαῖκδν
3588 2366 3781 2437 νόμον,

2189 2465 2370 2535 πάσης
2398 2464 2594 2535 ἀτελὴς
2617 2459 2686 2535 ἦν
2707 2461 3072 2531 λειτουργίας.
3103 2462 3168 2514 Εἰ
3206 2460 3263 2513 δέ
3287 2477 3370 2523 τις
3397 2455 3782 2529 ἀπαραίτητος

2194 2557 2289 2611 καὶ
2327 2555 2665 2625 κοινωφελὴς
2701 2554 2861 2624 χρεία
2916 2553 3243 2625 κατεπείγῃ,
3292 2550 3385 2604 καὶ
3422 2548 3647 2611 τούτους
3688 2547 3783 2600 διὰ

2190 2649 2290 2719 τὴν
2309 2649 2516 2702 οἰκείαν
2540 2647 2814 2719 σωτηρίαν
2845 2645 2980 2717 πρὸς
3000 2643 3346 2714 λειτουργίαν
3372 2642 3495 2695 τινὰ
3515 2641 3787 2705 καλοῦσα,

2192 2739 2280 2794 διὰ
2331 2739 2440 2793 τῶν
2474 2738 2617 2793 κατὰ
2652 2738 2743 2792 τὸν
2777 2737 2949 2791 τόπον
3003 2736 3342 2800 ἐπισκόπων,
3397 2734 3511 2788 ἀλλ’
3563 2733 3625 2785 οὐ
3678 2731 3771 2785 διὰ

2193 2834 2400 2889 λαῖκῶν
2436 2834 2572 2898 ὅλως
2594 2832 2690 2903 τὴν
2720 2832 2980 2903 τοιαύτην
3016 2831 3264 2885 δουλείαν
3293 2830 3629 2884 τελέσουσιν.

2268 2955 2366 3013 ις’.
2395 2947 2464 3001 Et
2508 2965 2593 3011 τις
2637 2946 2745 3001 τῶν
2776 2946 2938 3000 θείων
2971 2945 3309 3017 μυστηρίων,
3348 2945 3383 3013 ἢ
3425 2944 3532 2997 τῶν
3586 2941 3769 2996 ἄλλων

2198 3040 2369 3107 ἁγίων
2391 3038 2747 3109 λειτουργιῶν
2775 3036 3235 3106 ἐπιτελουμένων,
3282 3034 3500 3104 ἐν,άγίᾳ
3518 3033 3788 3087 εἰσελθὼν

515 3132 744 3187 clesiam
788 3132 872 3186 vel
903 3130 1176 3201 episcopis
1216 3131 1301 3186 vel
1327 3130 1542 3185 clericis
1572 3132 1803 3201 aliisque
1833 3132 2092 3187 ministris

2202 3128 2491 3199 ἐκκλησίᾳ,
2526 3127 2560 3199 ἢ
2596 3126 2673 3198 τῷ
2726 3125 3012 3195 ἐπιτκόπῳ
3044 3124 3077 3195 ἢ
3109 3126 3223 3188 τοῖς
3274 3122 3576 3195 κληρικοῖς,
3612 3124 3792 3193 ἢτοῖς

514 3222 762 3278 ecclesia;
804 3192 1007 3289 aliquid
1028 3192 1227 3276 inierat
1255 3219 1494 3288 injuriae,
1517 3192 1767 3288 jubemus
1790 3222 1961 3291 ipsum
1987 3232 2092 3277 tor-

2203 3192 2384 3285 ᾶλλοις
2421 3192 2726 3291 ὑπηρέταις
2761 3221 2862 3289 τῆς
2897 3192 3195 3284 ἐκκλησίας
3224 3192 3436 3287 ὓὸρειὺς
3474 3233 3529 3270 τι
3562 3192 3784 3282 ἐπάγοι,

519 3311 720 3367 mentis
763 3309 960 3379 subjici
993 3319 1047 3363 et
1085 3309 1137 3362 in
1168 3308 1417 3362 exsilium
1446 3308 1588 3362 mitti
1619 3324 1633 3360 :
1664 3307 1707 3362 si
1748 3324 1878 3363 vero
1900 3318 1953 3363 et
1986 3309 2100 3377 ipsa

522 3402 708 3459 divina
735 3401 994 3473 mysteria
1024 3401 1344 3471 cultumque
1368 3401 1691 3466 turbaverit,
1717 3400 1800 3455 vel
1822 3401 2101 3456 celebrare

522 3493 888 3564 prohibuerit,
916 3494 1094 3562 capite
1123 3494 1401 3562 puniatur.
1421 3492 1563 3546 ldem
1587 3501 1672 3548 est
1704 3502 1756 3547 et
1788 3494 1843 3547 in
1873 3493 2096 3561 lilaniis,

2204 3314 2500 3385 κελεύομεν
2528 3313 2719 3367 τοῦτον
2770 3312 3039 3383 βασάνους
3095 3311 3408 3380 ὑπομεῖναι,
3461 3310 3557 3365 καὶ
3583 3311 3669 3371 εἰς
3694 3308 3789 3373 ἐξ-

2204 3406 2363 3477 ορίαν
2416 3406 2756 3476 πεμφθῆναι.
2782 3406 2845 3458 Εἰ
2874 3405 2933 3459 δέ
2962 3404 3056 3459 καὶ
3094 3403 3233 3456 αὐτὰ
3260 3405 3327 3455 τὰ
3360 3402 3479 3456 θεῖα
3520 3401 3795 3472 μυστήρια

2204 3498 2298 3551 καὶ
2337 3498 2435 3560 τὰς
2479 3495 2628 3559 θείας
2657 3496 3004 3567 λειτουργίας
3042 3495 3297 3564 ταράξοι,
3332 3494 3364 3564 ἢ
3419 3492 3795 3547 ἐπιτελεῖσθαι

525 3586 577 3642 in
600 3585 797 3654 quibus
824 3584 1066 3655 episcopi
1108 3595 1202 3640 aut
1232 3583 1416 3641 clerici
1455 3586 1805 3639 inveniuntur
1847 3604 1861 3640 :
1898 3602 2024 3640 nam
2054 3586 2092 3641 si

2206 3586 2461 3651 κωλύσοι,
2488 3585 2803 3655 κεφαλικῶς
2847 3586 3228 3657 τιμωρείσθω·
3264 3585 3457 3639 τούτου
3497 3582 3663 3638 αὐτοῦ
3698 3583 3799 3636 καὶ

523 3675 778 3744 iniuriam
801 3683 1008 3730 tantum
1036 3674 1249 3739 fecerit,
1274 3674 1594 3729 verberatus
1614 3674 2092 3745 exsilintradatur:

2214 3679 2302 3731 ἐπὶ
2334 3680 2453 3740 ταῖς
2476 3676 2673 3745 λιταῖς,
2714 3680 2773 3731 ἐν
2796 3670 2883 3742 αἷς
2923 3677 3213 3731 ἐπίσκοποι
3270 3677 3303 3748 ἢ
3361 3675 3613 3747 κληρικοὶ
3649 3674 3803 3744 εὑρί-

521 3767 565 3821 si
603 3781 733 3821 vero
759 3781 855 3822 eas
883 3766 1242 3830 concusserit,
1267 3765 1445 3835 capite
1471 3764 1754 3833 plectatur.

2220 3784 2467 3835 σκονται,
2505 3767 2945 3838 φυλαττομένου·
2986 3768 3073 3822 ἴνα
3100 3769 3151 3820 εἰ
3180 3766 3279 3838 μὲν
3328 3766 3485 3835 ὓϐριν
3522 3783 3602 3825 τις
3639 3764 3803 3835 μόνον

523 3859 762 3928 ποιήσει,
788 3857 1044 3927 βασάνοις
1068 3856 1163 3910 καὶ
1189 3856 1376 3928 ἐξορίᾳ
1398 3855 1713 3927 παραδοθῇ⁶
1742 3856 1792 3909 εί
1854 3857 1909 3910 δέ
1932 3858 2025 3910 καί
2073 3858 2165 3914 τὸν
2202 3858 2348 3915 λίτον
2419 3858 2485 3931 [Ῑ.
2542 3857 2735 3931 λιτὴν]
2790 3857 3138 3913 διασκεδάσει
3194 3854 3488 3923 κεφαλικδν
3549 3855 3803 3908 κίνδυνον

526 3947 820 4018 ὑπομείνῃ.

598 4036 685 4089 17.
738 4034 1002 4089 Omnibus
1048 4033 1202 4089 laicis
1238 4032 1614 4089 interdicimus
1664 4034 1881 4090 litanias
1927 4034 2092 4091 laceri

2291 4037 2379 4103 ιζ’.
2408 4040 2554 4093 Πᾶσι
2583 4039 2694 4100 τοῖς
2722 4035 2932 4099 λαῖκοῖς
2962 4031 3398 4103 ἁπαγορεύομεν,
3423 4031 3576 4095 λιτὰς
3597 4036 3794 4095 ποιεῖν,

527 4128 648 4181 sine
697 4124 1063 4180 sanctissimis
1104 4124 1397 4194 episcopls,
1441 4133 1497 4179 et
1532 4125 1961 4195 religiosissimis
1998 4128 2092 4183 cle

2217 4131 2342 4202 δίχα
2369 4130 2478 4185 τῶν
2511 4129 2822 4184 ὁσιωτάτων
2857 4126 3176 4180 ἐπισκόπων
3205 4124 3300 4177 καί¹
3329 4123 3440 4177 τῶν
3469 4124 3561 4177 ὑπ’
3590 4123 3798 4188 αὐτοὺς

530 4219 680 4275 ricis.
724 4217 912 4284 Qualis
963 4217 1112 4272 enim
1158 4225 1244 4271 est
1290 4216 1502 4282 litania,
1552 4216 1606 4271 in
1643 4232 1748 4287 qua
1799 4220 2092 4273 sacerdote:

2217 4222 2629 4277 εὐλαϐεστάτων
2665 4218 2965 4290 κληρικῶν.
3001 4217 3139 4272 Ποία
3184 4215 3293 4287 γάρ
3345 4216 3462 4268 ἐστι
3495 4215 3617 4286 λιτὴ
3671 4217 3729 4269 ἐν

531 4322 636 4362 non
672 4307 1043 4371 inveniuntur,
1107 4318 1285 4374 neque
1310 4313 1611 4361 consuetas
1644 4320 1839 4376 preces
1880 4306 2092 4361 faciunt

2218 4315 2385 4383 ἱερεῖς
2430 4314 2531 4382 οὐχ
2559 4311 2927 4381 εὑρίσκονται,
2960 4308 3055 4361 καὶ
3072 4307 3172 4371 τὰς
3205 4304 3456 4376 συνήθεις
3475 4306 3536 4357 οὐ
3553 4305 3805 4359 τελοῦσιν

533 4400 643 4454 Sed
691 4407 744 4453 et
793 4397 1133 4467 yenerandas
1180 4410 1394 4463 cruces,
1427 4412 1550 4453 cum
1597 4399 1792 4467 quibus
1825 4398 1876 4451 in
1907 4398 2092 4452 litaniis

2215 4406 2399 4475 εὐχὰς,
2443 4403 2581 4457 ἀλλὰ
2631 4403 2725 4455 καὶ¹
2763 4402 2892 4464 τοὺς
2926 4401 3146 4471 τιμίους
3191 4401 3459 4467 σταυροὺς
3489 4399 3610 4467 μεθ’
3634 4393 3712 4452 ὧν
3743 4401 3802 4450 ἐν

536 4489 892 4558 egrediuntur
940 4502 1047 4542 non
1090 4486 1218 4541 alibi
1247 4501 1407 4554 quam
1457 4488 1512 4541 in
1541 4487 1945 4543 venerabilibus
1976 4487 2092 4542 loci:

2212 4498 2332 4557 ταῖς
2361 4495 2533 4555 λιταῖς
2561 4490 2899 4562 ἐξέρχονται,
2930 4492 3003 4563 μὴ
3032 4491 3299 4562 ἀλλαχόσε
3332 4490 3470 4561 πλὴν
3493 4492 3541 4543 εἰ
3592 4490 3666 4559 μὴ
3689 4491 3806 4541 εὖ·

533 4580 729 4647 deponi
765 4578 1034 4642 volumus,
1079 4586 1135 4632 et
1178 4576 1224 4633 si
1255 4577 1474 4647 quando
1521 4580 1818 4634 necessitas
1847 4580 2083 4647 exegerit

2214 4587 2375 4656 αγέσι
2433 4586 2620 4647 τόποις
2651 4583 3029 4649 ἀποτίθεσθαι,
3059 4586 3154 4639 καὶ
3188 4582 3371 4636 εἴποτε
3395 4581 3553 4652 χρεία
3585 4580 3807 4634 καλέσει

534 4680 594 4737 ιιι
627 4669 828 4722 litauiac
855 4668 1234 4738 perﬁciantur,
1261 4678 1389 4724 tunc
1417 4670 1590 4725 solum
1624 4670 1745 4724 illas
1775 4669 2092 4725 venerabile:

2213 4676 2371 4740 λιτὰς
2426 4674 2817 4740 ἐπιτελεῖσθαι,
2854 4675 2978 4728 τότε
3012 4675 3173 4746 μόνον
3206 4675 3335 4737 τοὺς
3359 4673 3559 4736 αὐτοὺς
3584 4673 3806 4742 τιμίους

533 4773 726 4813 cruces
776 4774 972 4829 capere
1015 4774 1110 4814 eos
1158 4763 1248 4829 qui
1294 4761 1473 4816 solent
1527 4761 1649 4816 illas
1692 4761 1857 4825 ferre,
1906 4769 1959 4814 et
1993 4775 2092 4813 cun

2218 4770 2487 4840 σταυροὺς
2508 4766 2807 4839 λαμϐάνειν
2836 4769 2962 4831 τοὺς
2983 4766 3244 4830 εἰωθότας
3261 4764 3449 4836 φέρειν
3471 4764 3690 4835 αὐτοὺς,
3708 4765 3809 4816 καί

534 4851 788 4922 episcopo
821 4866 884 4907 ac
914 4851 1134 4908 clericis
1160 4852 1379 4909 litanias
1407 4854 1669 4925 perlicere
1696 4852 1973 4923 jubemus.

2224 4862 2365 4930 μετὰ
2396 4858 2490 4913 τοῦ
2521 4858 2824 4913 ἐπισκόπου
2877 4857 2974 4912 καὶ
3013 4857 3125 4911 τῶν
3176 4854 3461 4928 κληρικῶν
3514 4854 3616 4917 τὰς
3645 4852 3807 4915 λιτὰς

2221 4949 2603 5003 ἐπιτελεῖσθαι.

608 5055 696 5111 l9.
726 5055 1088 5124 (Economos,
1122 5059 1493 5125 xenodochos,
1525 5070 1872 5121 nosocomos,
1902 5064 1957 5110 et
2001 5063 2120 5125 pto-

537 5147 874 5217 cbotrophos
904 5148 1147 5219 aliosque
1169 5151 1558 5207 venerabilium
1591 5150 1836 5205 locorum
1886 5150 2122 5204 admini-

537 5249 824 5306 stratores,
854 5240 1098 5312 aliosque
1115 5256 1307 5298 omnes
1328 5242 1576 5310 clericos,
1591 5242 1843 5313 jubemus
1866 5243 1931 5297 de
1947 5242 2122 5297 admi-

537 5329 951 5385 nistrationibus
985 5330 1119 5400 ipsis
1147 5330 1399 5397 creditis,
1428 5334 1568 5401 apud
1608 5334 1881 5402 proprium
1910 5334 2120 5401 episeo-

539 5434 663 5487 pum
705 5420 790 5473 cui
824 5419 1132 5490 subjacent,
1166 5422 1531 5490 respondere,
1562 5425 1915 5493 rationesque
1947 5424 2119 5479 admi-

539 5510 881 5565 nistrationis
921 5526 1033 5567 sua:
1068 5528 1133 5567 ex
1170 5513 1337 5568 animi
1385 5514 1469 5568 sui
1508 5516 1776 5570 sententia
1824 5516 2114 5583 coniicere,

540 5609 703 5667 prout
730 5601 1043 5671 exiguntur.

2298 5069 2389 5134 ιη’.
2425 5062 2566 5125 Τοὺς
2603 5061 2947 5131 οἰκονόμους,
2975 5060 3069 5113 καὶ
3098 5056 3430 5126 ξενοδόχους,
3466 5054 3562 5109 καὶ
3581 5052 3815 5106 νοσοκό-

2226 5171 2360 5223 μους
2394 5153 2490 5206 καὶ
2526 5152 2970 5223 πτωχοτρόφους,
2994 5149 3091 5204 καὶ
3121 5150 3248 5212 τοὺς
3270 5147 3379 5201 τῶν
3398 5147 3576 5202 άλλων
3592 5146 3814 5213 εὐαγῶν

2226 5246 2389 5299 οἴκων
2413 5244 2715 5312 διοικητὰς,
2738 5244 2832 5296 καὶ
2855 5243 2981 5306 τοὺς
2999 5241 3192 5304 ἄλλους
3221 5241 3469 5302 ἅπαντας
3491 5240 3813 5309 κληρικοὺς,

2229 5335 2527 5405 κελεύομεν
2560 5333 2702 5405 ὑπὲρ
2738 5334 2849 5389 τῶν
2879 5331 3350 5405 ἐμπιστευθεισῶν
3377 5331 3560 5393 αὐτοῖς
3596 5329 3814 5400 διοική-

2228 5445 2392 5491 σεων,
2420 5426 2571 5498 παρὰ
2605 5426 2683 5496 τῷ
2714 5425 2828 5497 ἰδίῳ
2854 5425 3140 5494 ἐπισκόπῳ
3174 5416 3219 5492 ᾧ
3270 5424 3608 5498 ὑπόκεινται,
3668 5422 3816 5473 ἀπο-

2226 5497 2538 5591 κρίνεσθαι,
2585 5518 2680 5571 καὶ
2715 5518 2842 5582 τοὺς
2876 5517 3171 5586 λογισμοὺς
3228 5516 3325 5585 τῆς
3363 5497 3591 5584 καρδίας
3631 5511 3695 5583 [Ῑ.
3729 5514 3819 5564 οἰ-

2224 5606 2403 5680 κείας]
2471 5607 2789 5679 διοικήσεως
2880 5605 3223 5679 πληροῦσθαι
3292 5605 3386 5658 καὶ
3481 5602 3816 5675 εἰσπράττε-

2227 5699 2372 5754 σθαι.
