4050 6452
259 338 366 402 489

883 445 1132 499 ΤΙΤΛΟΣ
1170 445 1226 499 l'.

590 538 728 606 Περὶ
765 536 988 602 τάξεως
1014 537 1112 590 καὶ
1151 534 1486 602 κριτηρῖων.

315 633 388 690 α’.
415 629 769 700 Θεσπίζομεν
800 629 942 682 κατὰ
986 628 1138 694 τάξιν
1167 627 1234 680 τὰ
1285 626 1544 696 κριτήρια
1570 619 1829 690 γνωρίζε-

246 727 369 780 σθαι
402 726 500 778 καί⁹
530 722 620 776 διὰ
647 720 856 787 τάξεως
894 717 1270 771 συνίστασθαι.
1303 716 1515 784 Ὠσπερ
1543 713 1652 781 γὰρ
1677 708 1832 762 οὐδέν

244 819 398 870 ἐστιν
430 815 560 870 ἄλλο
587 815 645 866 ἐν
673 810 953 880 αἰσθητοῖς
983 807 1077 861 καὶ
1102 806 1414 875 ἐγκοσμίοις
1441 805 1569 858 ἄνευ
1597 801 1834 871 ποσότηο

245 926 334 970 τος
361 907 460 958 καὶ
490 904 803 972 ποιότητος,
835 899 1006 962 οὕτως
1038 899 1159 952 οὺδέ
1189 897 1475 968 κριτήριόν
1507 897 1654 947 ἐστιν
1702 892 1833 946 ἄνευ

246 999 456 1053 τούτων
489 995 600 1048 τῶν
621 992 715 1045 δύο
737 992 930 1060 γενῶν.
958 991 1037 1059 Τῇ
1061 988 1170 1059 γὰρ
1195 988 1454 1057 ποσότητι
1482 987 1516 1054 ή
1547 983 1699 1047 τάξις
1727 981 1836 1033 τῶν

249 1090 596 1163 προσώπωνο
635 1087 668 1156 ή
703 1086 762 1138 δέ
795 1084 1017 1152 ποιότης
1053 1082 1152 1152 τὴν
1175 1082 1341 1152 ἄλλην
1391 1078 1484 1132 τοῦ
1504 1076 1715 1131 δικαίου
1744 1077 1839 1144 ἐμ-

250 1181 468 1250 φανίζει
503 1177 758 1244 δύναμιν.
797 1176 968 1228 Ὅταν
996 1174 1054 1226 δέ
1080 1173 1239 1238 τάξις
1259 1173 1354 1226 καὶ
1380 1168 1703 1237 δικαιοσύνη
1733 1168 1838 1238 ἧρ-

257 1288 454 1342 μοσται
483 1269 580 1322 καὶ
610 1266 670 1330 ἐξ
726 1265 928 1334 ἀμφοῖν
960 1260 1241 1331 περαιωθῇ
1281 1259 1584 1328 ἡάλήθεια,
1615 1255 1839 1316 δικαίως

256 1363 475 1429 λέγεται
498 1359 561 1411 τὸ
577 1357 784 1409 δίκαιον
813 1351 1345 1422 ἀποδοθῆναι.”οταν
1363 1351 1419 1403 δὲ
1445 1348 1613 1419 χωρὶς
1632 1345 1842 1410 τάξεως

267 1453 369 1508 κᾶν
398 1453 498 1520 τῆς
556 1447 819 1518 ἀληθείας
865 1444 1124 1514 ἐπιτύχῃ,
1156 1444 1216 1497 οὑ
1261 1443 1488 1505 δικαίως
1518 1441 1581 1493 τὸ
1633 1439 1842 1493 δίκαιον

257 1544 478 1611 λέγεται
507 1539 860 1608 ἀποδοθῆναι.

342 1631 411 1702 β’.
453 1631 563 1684 Πᾶν
593 1629 881 1700 κριτήριον
948 1628 1264 1682 συνίσταται
1323 1623 1387 1676 ἐκ
1419 1638 1479 1675 τε
1507 1615 1843 1691 προκαθεζο-

277 1723 452 1794 μένων
482 1721 568 1774 καὶ
590 1719 1098 1788 συγκαθεζομένων,
1141 1717 1237 1770 καὶ
1269 1717 1332 1768 ἐκ
1361 1713 1472 1766 τῶν
1507 1709 1846 1782 προϊσταμέ-

279 1830 398 1875 νων,
429 1810 522 1864 καὶ
551 1809 660 1862 τῶν
686 1808 1140 1878 δικαζομένων,ἦ
1179 1808 1248 1860 δι’
1293 1803 1508 1859 ἑαυτῶν
1533 1802 1567 1873 ἢ
1603 1801 1670 1855 δι’
1701 1801 1848 1853 ἐντο-

281 1902 432 1964 λέων,
461 1894 542 1961 οἷς
572 1901 599 1951 ὁ
625 1897 788 1968 νόμος
812 1897 994 1950 δίδωσι
1023 1897 1123 1967 τὴν
1155 1894 1426 1962 ἐξουσίαν.

339 1992 410 2060 γ’.
435 1991 702 2060 Διαφοραὶ
728 1989 785 2042 δέ
828 1988 938 2041 τῶν
964 1987 1270 2058 κριτηρίων
1320 1986 1412 2039 δύο
1438 2001 1452 2016 °
1509 1983 1572 2036 τὸ
1609 1982 1709 2052 μὲν
1740 1983 1850 2050 γὰρ

265 2083 346 2134 διὰ
377 2083 559 2151 μόνων
586 2081 694 2132 τῶν
753 2078 936 2150 νόμων
985 2079 1227 2148 πρόεισι,
1260 2075 1322 2130 τὸ
1349 2075 1407 2128 δὲ
1449 2074 1540 2128 διὰ
1570 2074 1814 2128 κανόνων
1834 2085 1848 2098 ·

263 2175 378 2230 ἐστι
405 2175 465 2227 δὲ
491 2174 586 2227 καὶ
621 2173 778 2243 τρίτη
800 2171 1054 2242 διαφορὰ,
1095 2171 1156 2224 τὸ
1190 2169 1248 2236 ἐξ
1276 2169 1500 2239 ἀμφοῖν,
1533 2166 1598 2218 ἐκ
1647 2181 1707 2217 τε
1756 2161 1850 2215 τοῦ

262 2265 430 2336 νόμου
462 2265 558 2318 καὶ
584 2263 678 2316 τοῦ
725 2263 970 2328 κανόνος,
1009 2261 1152 2333 φημὶ
1179 2298 1195 2325 ,
1222 2259 1534 2313 συνιστῶσα
1560 2257 1652 2310 καὶ
1685 2255 1854 2324 διορί-

263 2355 454 2420 ζουσα.

336 2447 405 2501 ἃ.
424 2443 724 2514 Ἐκκλητός
769 2443 917 2494 ἐστιν
945 2440 1204 2512 ἐγκλησίς
1232 2457 1376 2504 τινος
1401 2437 1510 2493 τῶν
1531 2436 1852 2507 κριθέντων,

263 2537 414 2590 κιτὰ
461 2553 611 2598 τινος
670 2536 953 2606 κρίνοντος
989 2533 1063 2593 ὡς
1098 2539 1174 2602 μη
1208 2530 1388 2592 καλῶς
1422 2527 1732 2598 κριθέντος,
1762 2528 1855 2578 καὶ

268 2631 420 2683 πᾶσα
444 2627 547 2697 μὲν
576 2626 865 2696 ἐκκλητος,
893 2626 988 2678 καὶ
1010 2623 1290 2694 ἔγκλησις,
1319 2621 1380 2674 οὐ
1399 2623 1548 2674 πᾶσα
1580 2618 1636 2672 δὲ
1655 2611 1855 2686 ἔγκλη-

267 2734 347 2780 σις
376 2718 474 2768 καὶ
501 2714 787 2783 ἕκκλητοξ.
835 2714 1138 2782 Διαιρεῖται
1167 2709 1275 2780 γὰρ
1320 2709 1382 2760 τὸ
1410 2711 1507 2778 τῆς
1539 2706 1856 2775 ἐγκλήσεως

266 2807 462 2876 δνομα,
492 2805 574 2867 εἰς
602 2821 664 2857 τε
709 2803 809 2873 τὴν
846 2803 1148 2873 λεγομένην
1187 2799 1473 2869 ἔκκλητον,
1525 2798 1618 2850 καὶ
1648 2798 1726 2860 εἰς
1756 2796 1856 2865 τὴν

271 2899 455 2970 ἀρχὴν
483 2897 713 2968 ἔχουσαν
735 2895 1019 2966 ἔγκλησιν.

1523 327 1910 388 DELECTUS
1949 324 2233 386 LEGUM.

1859 440 1906 494 Α

3390 322 3498 384 4θο

2521 431 2818 488 TITULIIS
2856 432 2924 487 Χ.

2223 524 2637 594 Dejudiciorum
2672 527 2877 587 ordine,
2907 533 2955 577 et
2980 523 3220 592 judiciis.

2009 614 2057 667 l.
2103 613 2453 667 Deeernimns
2502 622 2559 666 ut
2609 615 2799 669 ordine
2842 614 3048 683 judicia
3105 613 3402 680 procedant
3455 625 3512 669 et

1938 705 2337 757 constituantur
2373 723 2385 758 :
2427 720 2656 775 namque
2688 715 2746 758 ιιι
2775 706 2827 758 in
2865 706 3029 759 rebus
3058 702 3403 759 scnsibilibus
3429 705 3514 758 ni-

1939 795 2016 850 hil
2047 797 2165 850 sine
2191 798 2494 865 quantitate
2515 807 2569 850 et
2595 797 2860 866 qualitate
2889 807 3134 852 creatum
3172 807 3277 862 est,
3309 795 3387 850 sic
3417 811 3516 851 ne-

1941 901 2051 956 que
2078 886 2345 955 judicium
2383 888 2503 942 sine
2539 887 2747 942 duobus
2792 888 2876 942 bis
2907 887 3189 953 consistit;
3220 886 3516 958 quantitati

1940 979 2084 1032 enim
2135 979 2387 1033 tribuitur
2413 980 2546 1034 ordo
2587 995 2969 1049 personarum;
3004 981 3242 1050 qualitas
3275 994 3401 1036 vero
3431 979 3520 1049 ju-

1946 1070 2110 1123 stitire
2135 1071 2430 1138 potentiam
2465 1071 2721 1127 ostendit.
2753 1071 3192 1138 Quotiescunque
3227 1078 3407 1123 autem
3431 1068 3520 1138 ju-

1947 1163 2096 1218 stitia
2127 1179 2248 1217 cum
2279 1163 2471 1219 ordine
2501 1163 2788 1231 conjuncta
2823 1173 2929 1229 est,
2969 1170 3023 1217 et
3056 1178 3120 1218 ex
3155 1163 3400 1230 utrisque
3426 1176 3522 1216 ve-

1945 1254 2079 1309 ritas
2107 1255 2383 1321 delinitur,
2419 1259 2614 1309 merito
2653 1254 2908 1324 justejus
2943 1255 3217 1308 redditum
3259 1253 3472 1307 dicetur
3502 1271 3517 1308 :

1945 1347 1990 1399 si
2040 1361 2168 1399 vero
2201 1347 2317 1400 sine
2355 1347 2545 1400 ordine
2586 1349 2937 1416 processerit,
2977 1347 3188 1400 tametsi
3234 1361 3262 1397 a
3292 1346 3522 1399 veritate

1947 1451 2052 1491 non
2085 1435 2441 1502 aberraverit,
2476 1452 2580 1492 non
2614 1437 2827 1492 dicetur
2848 1436 2994 1506 juste
3022 1436 3112 1504 jus
3142 1438 3436 1492 redditum.

2015 1618 2069 1672 2.
2092 1617 2544 1685 Onmejudicium
2571 1631 2784 1675 constat
2812 1635 2879 1675 ex
2907 1620 3250 1690 przesidibns,
3278 1634 3520 1674 assesso-

1950 1705 2123 1773 ribus,
2160 1708 2645 1764 circumstantibus
2682 1719 2737 1763 et
2789 1709 3143 1778 litigantibus,
3200 1710 3280 1764 vel
3333 1725 3431 1779 per
3464 1723 3524 1764 se

1955 1798 2038 1851 vel
2077 1814 2174 1869 per
2210 1809 2591 1868 procuratores
2640 1801 2838 1871 quibus
2883 1799 3115 1855 facultas
3159 1800 3282 1868 jure
3327 1803 3524 1856 tributa

1951 1897 2056 1945 est.

2024 1979 2077 2034 3.
2109 1977 2446 2035 Jndiciorum
2496 1981 2817 2037 differentiae
2863 1985 2984 2038 dua:
3014 1994 3141 2038 sunt
3199 2002 3212 2036 :
3257 1984 3527 2052 quoddam

1955 2073 2099 2126 enim
2126 2073 2258 2126 solis
2287 2073 2494 2142 legibus
2527 2075 2750 2142 regitur,
2778 2077 3048 2144 quoddam
3076 2077 3376 2131 canonibus
3403 2095 3416 2129 :
3448 2086 3532 2131 est

1954 2174 2009 2218 et
2040 2165 2259 2217 tertium
2292 2179 2462 2234 genus
2493 2166 2638 2234 quod
2659 2182 2724 2221 ex
2761 2167 3005 2236 utrisque
3035 2176 3089 2221 et
3111 2168 3323 2235 legibus
3356 2176 3410 2219 ct
3436 2180 3531 2220 ca-

1957 2256 2190 2310 nonibus
2217 2256 2585 2312 constituitur.

2029 2441 2080 2493 4.
2112 2439 2414 2509 Appellatio
2435 2449 2520 2495 est
2553 2442 2864 2510 provocatio
2891 2443 3028 2496 alius
3053 2445 3120 2496 de
3146 2443 3532 2512 quojudicium

1961 2533 2127 2585 latum
2181 2542 2266 2586 cst
2307 2541 2496 2587 contra
2539 2533 2769 2601 aliquem
2815 2531 3081 2600 iudicum,
3125 2542 3380 2600 tanquam
3427 2548 3533 2587 ιιοιι

1959 2621 2097 2675 bene
2128 2622 2482 2689 judicaverit.
2529 2621 2596 2675 Et
2641 2624 2831 2677 ornnis-
2861 2621 3078 2690 quidem
3130 2623 3420 2691 appellatio
3451 2631 3538 2675 est.

1958 2713 2294 2779 provocatio,
2327 2729 2431 2767 non
2462 2715 2638 2769 onmis
2667 2729 2798 2768 vero
2829 2716 3139 2782 provocatio
3169 2724 3252 2769 est
3297 2715 3539 2783 appella-

1962 2805 2058 2855 tio.
2096 2801 2364 2857 Dividitur
2394 2804 2539 2857 enim
2593 2804 3000 2873 provocationis
3030 2804 3348 2858 vocabulum
3399 2814 3455 2856 et
3484 2803 3538 2856 in

1962 2894 2107 2947 illam
2139 2910 2260 2963 qua:
2282 2895 2486 2948 dicitur
2513 2895 2824 2965 appellatio,
2861 2904 2916 2949 et
2948 2895 3002 2950 in
3040 2895 3416 2965 magistratum
3444 2897 3540 2949 lia-

1961 2982 2176 3037 bentem
2211 2984 2668 3052 provocationem.

338 3086 407 3132 ε’.
471 3077 551 3130 Τὸ
616 3073 1080 3144 αὖτοκρατορικδν
1110 3072 1205 3126 καὶ
1249 3068 1522 3140 βασιλικὸν
1573 3069 1850 3141 κριτήριον

2033 3073 2084 3127 5.
2117 3072 2203 3145 (L.
2245 3091 2285 3130 t.
2339 3075 2369 3147 ᾗ
2413 3092 2452 3131 ι.
2482 3075 2538 3131 tl.
2583 3092 2634 3132 a.
2668 3079 2818 3147 quib.
2858 3093 2984 3149 app.
3018 3093 3124 3134 non
3159 3076 3332 3138 licet.)
3369 3075 3540 3146 Impe-

290 3171 547 3240 ἐκκλήτῳ
602 3167 704 3238 οὐχ
758 3165 1065 3231 ὑπόκειται,
1114 3164 1235 3217 οὐδὲ
1285 3163 1708 3232 ἀναψηλαφᾶται
1750 3161 1850 3214 ὑπὸ

1960 3165 2110 3222 rialis
2135 3177 2193 3222 et
2225 3168 2541 3236 principalis
2569 3173 2836 3226 sententia
2881 3169 3228 3242 appellationi
3266 3184 3371 3224 non
3409 3167 3542 3222 sub-

281 3263 468 3331 ἰτέρου
495 3258 616 3312 ἀλλ’
647 3258 738 3326 ὑφ’
761 3255 956 3309 ἑαυτοῦ
987 3256 1074 3309 ἀεὶ
1102 3254 1552 3323 ἐπανακρίνεται,
1581 3251 1725 3306 καθὰ
1763 3253 1859 3306 καὶ

276 3354 302 3405 ὁ
324 3352 571 3419 θεόπτης
602 3348 842 3418 Μωῦσῆς
865 3346 928 3400 τὸ
965 3345 1350 3416 ἐπανακρίνειν
1379 3343 1478 3408 τὰς
1522 3343 1732 3416 κρίσεις
1780 3345 1859 3407 είς

276 3445 437 3514 νόμον
463 3442 641 3494 ἔθετο.
1175 3435 1191 3441 ’

345 3539 426 3598 ς’.
455 3531 532 3584 Τό
583 3530 680 3584 τοῦ
731 3527 1079 3600 πατριάρχου
1129 3529 1418 3598 κριτήριον
1462 3526 1715 3599 ἐκκλήτῳ
1762 3529 1862 3598 οὐχ

278 3625 592 3686 ὑπόκειται,
625 3622 748 3676 οὐδὲ
775 3620 1206 3690 ἀναψηλαφᾶται
1250 3621 1343 3690 ὑφ’
1381 3619 1568 3691 ἐτέρου
1599 3620 1676 3682 ὡς
1719 3621 1864 3690 ἀρχὴ

280 3719 380 3770 καὶ
404 3715 539 3768 αὐτὸ
564 3713 680 3768 τῶν
711 3712 1180 3784 ἐκκλησιαστικῶν
1215 3711 1540 3783 κριτηρίων.
1594 3710 1683 3777 Ἐξ
1700 3711 1864 3764 αὑτοῦ

287 3805 406 3874 γὰρ
440 3804 615 3858 πάντα
644 3805 714 3860 τὰ
733 3802 1170 3874 ἐκκλησιαστικὰ
1196 3803 1458 3873 κριτήρια
1502 3802 1596 3854 καὶ
1630 3803 1710 3865 είς
1734 3801 1866 3854 αὑτό

292 3894 520 3948 ἀναλύει
563 3896 650 3949 καί⁸
688 3896 1128 3966 ἀναστρέφεταιο
1161 3893 1292 3946 αὐτὸ
1336 3893 1394 3945 δὲ
1443 3892 1564 3946 οὔτε
1599 3892 1662 3945 ἐκ
1701 3909 1866 3979 τινος,

285 3984 414 4040 οὔτε
452 3987 586 4056 πρὸς
608 3985 800 4057 ἕτερον
823 4000 836 4015 ’
875 3983 1118 4038 τοιοῦτον
1149 3985 1257 4054 γὰρ
1286 3986 1318 4053 ἡ
1371 3984 1536 4054 ἀρχὴ,
1571 3984 1869 4054 ἐπανακρί-

280 4093 436 4129 νεται
468 4075 530 4128 δὲ
564 4074 956 4146 πνευματικῶς
988 4075 1086 4128 καὶ
1101 4075 1234 4128 αὐτὸ
1266 4074 1358 4144 ὑφ’
1389 4073 1608 4128 ἐαυτοῦ.

355 4167 427 4231 ζ’.
466 4167 535 4220 Ἦ
559 4165 654 4220 τοῦ
687 4168 928 4236 ἐπάρχου
981 4167 1160 4235 ψῆφος
1212 4165 1464 4236 ἐκκλήτῳ
1507 4165 1606 4235 οὑχ
1645 4164 1870 4218 ὑπόκειο

279 4274 396 4324 ται,
433 4257 580 4329 πλὴν
614 4258 721 4311 ὑπὸ
752 4259 915 4329 μόνου
937 4257 1035 4310 τοῦ
1071 4256 1359 4327 βασιλέως.

1955 3259 2121 3330 jacet,
2162 3276 2338 3331 neque
2384 3261 2452 3316 ab
2495 3261 2601 3318 alio
2646 3271 2974 3318 retractatur
3017 3263 3123 3318 nisi
3173 3276 3203 3316 a
3264 3275 3324 3315 se
3372 3261 3540 3329 ipso:

1961 3353 2411 3421 quemadmodum
2439 3363 2495 3410 ct
2533 3370 2688 3410 sacer
2735 3355 2935 3422 Moses,
2975 3354 3306 3411 retractandi
3334 3354 3544 3422 judicia

1965 3453 2287 3514 potestatem
2317 3446 2382 3500 ad
2411 3445 2579 3517 legem
2612 3447 2814 3503 retulit.

2035 3531 2090 3588 6.
2117 3533 2447 3590 Patriarchze
2469 3539 2740 3592 sententia
2769 3537 3117 3609 appellationi
3143 3555 3247 3595 non
3275 3539 3542 3608 subjacet,

1968 3641 2143 3696 neque
2202 3635 2534 3682 retractatur
2589 3631 2655 3684 ab
2709 3630 2849 3697 alio;
2912 3641 3096 3701 utpote
3172 3630 3544 3686 Ecclesiastici

1963 3716 2154 3786 judicii
2180 3719 2438 3788 princeps
2477 3735 2582 3776 :ex
2620 3722 2734 3790 ipsa
2771 3722 2914 3776 enim
2957 3722 3139 3776 omnia
3171 3720 3546 3776 ecclesiastica

1964 3809 2186 3878 judicia,
2233 3819 2288 3865 et
2327 3809 2379 3864 in
2427 3811 2599 3881 ipsam
2650 3814 3000 3867 resolvuntur
3044 3819 3100 3867 et.
3145 3819 3544 3866 revertuntur:

1971 3900 2086 3970 ipsa
2119 3916 2246 3956 vero
2285 3917 2460 3971 neque
2506 3903 2574 3956 ab
2620 3903 2822 3972 aliquo,
2860 3917 3035 3972 neque
3068 3902 3135 3956 ad
3173 3901 3408 3970 aliquem
3458 3914 3547 3952 re—

1973 3988 2163 4056 fertur,
2213 3990 2328 4060 ipsa
2384 4001 2468 4046 est
2518 3992 2661 4047 enim
2703 3992 2989 4060 princeps;
3033 3995 3364 4043 retractatur
3417 3999 3550 4040 vero

1974 4081 2330 4151 spiritualiter
2361 4082 2477 4151 ipsa
2513 4099 2542 4136 a
2571 4098 2632 4138 se
2662 4083 2796 4152 ipsa.

2046 4175 2098 4229 7.
2133 4174 2218 4247 (L.
2259 4192 2352 4231 un.
2397 4175 2454 4230 θ’.
2491 4177 2558 4231 de
2587 4175 2677 4230 oll'.
2716 4177 2866 4244 prter.
2896 4182 3047 4245 praet.
3087 4183 3144 4230 et
3165 4173 3198 4228 ι.
3235 4188 3354 4230 vm.
3389 4173 3452 4228 C.
3483 4173 3552 4228 de
3630 4181 3636 4197 τ

1977 4268 2148 4336 episc.
2183 4267 2505 4337 audientis.)
2532 4267 2578 4324 A
2603 4267 2841 4338 prazfecti
2873 4267 3126 4338 praetorio
3155 4266 3422 4324 sententia
3445 4280 3549 4320 non

1977 4360 2300 4430 appellatur,
2334 4359 2437 4414 nisi
2471 4361 2536 4413 ad
2569 4361 2742 4414 solum
2779 4360 3100 4428 principem.

344 4447 430 4512 η’.
470 4439 536 4492 Ἦ
567 4437 663 4492 τοῦ
687 4438 1050 4509 κοιαίστωρος
1076 4438 1279 4509 ψῆφος,
1311 4439 1562 4511 ἐκκλήτῳ
1608 4441 1706 4510 οὐχ
1731 4441 1850 4494 ὑπό·

2044 4445 2094 4500 8.
2125 4447 2424 4511 Qmestoris
2453 4447 2724 4501 sententia
2753 4444 3099 4515 appellationi
3147 4457 3254 4500 non
3281 4442 3548 4512 subiacet.

274 4546 491 4594 κειται,
554 4528 695 4582 ἀλλὰ
744 4528 839 4581 καὶ
895 4528 1033 4600 αὐτὴ
1090 4528 1196 4581 ὑπὸ
1248 4527 1346 4582 τοῦ
1397 4529 1664 4598 βασιλέως
1707 4531 1850 4600 μόνοι

1976 4538 2074 4594 sed
2097 4547 2153 4593 et
2185 4539 2299 4607 ipsa
2330 4553 2359 4592 a
2389 4536 2507 4592 solo
2537 4538 2864 4606 imperatore
2907 4536 3253 4590 examinator
3285 4552 3298 4589 :
3333 4545 3550 4590 tametsi

275 4624 613 4678 σκοπεῖται·
662 4623 712 4674 εί
745 4622 856 4694 γὰρ
919 4623 1015 4676 καὶ
1067 4625 1134 4694 τῇ
1187 4621 1340 4686 τάξει
1385 4623 1649 4694 πρότερον
1683 4625 1743 4676 τὸ
1776 4624 1850 4677 τοι

1974 4630 2119 4684 enim
2157 4628 2345 4684 ordine
2391 4629 2542 4697 prior
2583 4626 2825 4697 praefecti
2868 4626 3159 4692 sententia,
3196 4624 3332 4679 nihil
3369 4633 3553 4680 tamen

276 4717 541 4787 ἐπάρχου
589 4714 900 4785 κριτήριον,
947 4713 1062 4767 ἀλλ’
1107 4713 1262 4768 οὐδὲν
1315 4715 1516 4768 ἄτοπον
1548 4714 1617 4767 τὰ
1646 4716 1711 4768 ἐκ
1741 4717 1850 4784 μ,ιῶ

1976 4720 2192 4776 absurdi
2233 4718 2415 4785 fuerit,
2441 4733 2504 4772 ea
2531 4733 2651 4788 qua:
2679 4718 2748 4773 ab
2779 4733 2886 4773 uno
2909 4717 3177 4786 principio
3199 4716 3557 4788 proﬁciscun-

278 4808 471 4878 ἀρχῆς
521 4806 928 4876 προερχόμενα,
963 4806 1115 4872 τάξει
1162 4806 1264 4876 μὲν
1303 4805 1551 4877 ἀλλήλων
1597 4808 1850 4877 προέχειν

1979 4821 2086 4878 tur,
2122 4811 2314 4865 ordine
2342 4809 2562 4880 quidem
2596 4809 2826 4864 alterum
2860 4809 2928 4862 ab
2962 4807 3135 4863 altero
3168 4805 3416 4876 procedi,
3448 4822 3557 4861 non

279 4901 360 4970 μὴ
401 4899 624 4952 δεῖσθαι
647 4899 705 4952 δέ
727 4898 916 4968 ἕτερον
933 4898 1126 4968 ἐτέρου
1154 4898 1293 4969 πρὸς
1319 4897 1626 4969 διόρθωσιν.

1977 4902 2222 4972 indigere
2259 4910 2439 4955 autem
2469 4901 2700 4955 alterum
2731 4900 2957 4954 alterius
2994 4900 3360 4955 correctione.

351 4989 431 5044 θ’.
451 4991 535 5043 Τὰ
559 4994 666 5061 γὰρ
691 4990 990 5062 ἀρχοντικὰ
1011 4989 1272 5061 κριτήρια
1294 4974 1545 5061 ἐκκλήτῳ
1566 4991 1850 5044 ὑπόκειται

2051 4993 2105 5048 9.
2159 4992 2477 5048 Praesidales
2521 4991 2805 5048 sententia:
2859 4989 3206 5061 appellationi
3251 4989 3560 5057 subiacent.

279 5085 380 5139 καὶ
417 5083 847 5154 ἀναψηλαφᾶται
877 5083 982 5135 ὑπό
1014 5099 1072 5135 τε
1101 5082 1195 5135 τοῦ
1243 5082 1530 5152 βασιλέως,
1566 5083 1670 5137 ὑπό
1690 5100 1747 5137 τε
1781 5087 1850 5138 τοι

1983 5093 2458 5152 retractanturque
2485 5091 2538 5139 et
2569 5099 2597 5136 a
2642 5083 2907 5151 principe,
2939 5092 2995 5136 et
3028 5096 3058 5135 a
3091 5082 3424 5152 patriarcha,
3465 5083 3561 5134 sed
3662 5077 3669 5080 ”

279 5175 659 5245 πατριάρχου,
680 5174 817 5228 ἀλλὰ
838 5174 932 5227 καὶ
947 5173 1052 5227 ὑπὸ
1074 5173 1168 5227 τοῦ
1193 5174 1435 5244 ἐπάρχου
1459 5175 1552 5227 καὶ
1585 5175 1680 5227 τοῦ
1703 5176 1850 5228 κοιαί

1980 5187 2035 5231 et
2077 5191 2107 5230 a
2134 5174 2389 5245 prmfecto
2433 5185 2489 5230 et
2535 5184 2806 5245 quaestore
2849 5194 2864 5231 :
2899 5185 3103 5245 quanto
3150 5175 3294 5230 enim
3348 5174 3562 5243 longius

280 5283 540 5338 στωροςυ
577 5269 702 5320 ὅσον
764 5266 874 5336 γὰρ
936 5267 1128 5337 πόρρω
1175 5265 1502 5333 ἁφίσταντλι
1551 5267 1651 5337 τῆς
1683 5268 1850 5337 ἀρχῆς

1983 5268 2181 5322 absunt
2213 5283 2244 5320 a
2278 5266 2544 5336 principe,
2577 5275 2731 5321 tanto
2762 5267 2973 5337 majore
3010 5267 3216 5322 auxilio
3241 5272 3296 5320 et
3325 5265 3559 5332 plurium

277 5359 551 5414 τοσοῦτον
596 5359 843 5420 πλείονος
891 5357 1112 5428 καὶτῆς
1160 5356 1434 5427 βοηθείας,
1467 5359 1561 5410 καὶ
1620 5357 1847 5412 πλειόνω

1984 5359 2324 5415 correctione
2356 5357 2795 5428 retractioneque
2831 5357 3098 5429 indigent.

279 5453 398 5506 τῶν
426 5450 830 5522 διορθουμένων
857 5451 950 5502 καὶ
977 5447 1463 5518 ἁναψηλαφώντων
1495 5449 1730 5502 δέονται.
2753 5456 2770 5463 ’

360 5541 422 5597 t'.
459 5542 807 5612 Θεσπίζομεν
849 5543 975 5603 τοὺς
1004 5539 1509 5611 περιφανεστάτους
1559 5539 1720 5608 ἡμῶν
1775 5556 1850 5591 ςτα

2058 5541 2142 5596 10.
2179 5531 2621 5596 Βερετιιίιιιιιέὀι
2659 5538 2995 5593 clarissimos
3031 5545 3250 5590 nostros
3277 5530 3559 5601 patricios,

283 5635 566 5703 τρικίους,
597 5636 693 5686 καὶ
719 5633 785 5703 δὴ
808 5635 903 5685 καὶ
935 5633 1060 5696 τοὺς
1087 5633 1526 5703 μεγαλοπρεπεῖς
1551 5647 1849 5699 πρωτοσπα

1987 5638 2039 5680 et
2085 5627 2400 5697 magniﬁcos
2450 5625 2936 5696 protospatharios,
2988 5639 3082 5694 per
3149 5630 3560 5692 procuratorem

289 5725 548 5794 θαρίους,
579 5724 649 5777 δι’
680 5721 938 5784 ἐντολέως
967 5723 1066 5786 τὰς
1113 5722 1461 5792 χρηματικὰς
1517 5721 1850 5789 ἀγωνίζεσθαι

1990 5721 2336 5794 pecuniarias
2364 5719 2583 5789 quidem
2630 5733 2824 5776 causas
2855 5729 3016 5786 agere
3039 5729 3218 5785 posse,
3247 5729 3350 5770 non
3375 5720 3557 5768 autem

651 5825 922 5883 PATROL.
967 5823 1085 5883 Gn.
1130 5819 1336 5881 CXIII.
3121 5811 3190 5872 16
