4050 6426
434 267 539 335 491

1468 242 1990 334 CONSTANTINI
2031 252 2716 315 PORPHYROGENITI

3569 247 3694 313 ’492

434 379 768 444 crirninales,
803 377 919 432 sive
959 375 1061 446 ipsi
1089 373 1213 430 aliis
1241 372 1354 429 sive
1387 371 1478 426 alii
1507 373 1640 442 ipsis
1683 379 1999 426 controver-

2125 363 2281 428 lixag,
2317 361 2430 416 ἀλλ’
2463 363 2585 434 οὐχὶ
2604 362 2702 426 τὰς
2719 360 3158 432 ἑγκληματικὰς,
3195 360 3304 413 εἴτε
3340 360 3458 412 κατ’
3484 360 3694 422 αὐτῶν,

436 472 569 526 siam
611 471 830 523 movere
874 466 1059 521 velint.
1112 465 1286 533 Atque
1334 461 1466 516 illud
1497 461 1660 516 etiam
1693 459 2007 520 deﬁnimus,

439 577 546 618 non
587 559 759 615 solum
804 571 872 611 ne
903 571 1022 610 cum
1051 553 1424 624 iudicantibus
1459 549 1777 620 prmsidibus
1815 550 2010 604 sedere

438 649 574 718 ipsis
612 646 790 708 liceat,
811 642 1028 711 quando
1062 642 1298 708 ipsormn
1327 653 1490 692 causa
1517 636 1884 701 exarninatur,
1913 631 2026 689 sed

437 754 506 794 ne
532 737 746 806 quidem
777 745 956 789 astare
984 749 998 785 :
1029 731 1280 797 utrinque
1303 727 1446 782 enim
1476 724 1780 796 periculosa
1802 740 1886 778 res
1903 732 2010 788 est,

439 831 508 885 ab
537 829 710 882 altera
745 825 964 893 quidem
996 831 1149 890 parte
1181 819 1485 874 sublimitas
1513 816 1792 888 dignitatis
1820 825 2013 870 contu-

441 919 598 976 melia
635 916 887 980 allicitur,
930 914 999 967 ab
1039 912 1209 964 altera
1237 918 1415 965 autem
1445 907 1880 978 parteiudicium
1917 921 2011 975 pa-

439 1025 558 1066 rum
630 1007 826 1061 decora
900 1001 1265 1072 inmqualitate
1326 997 1785 1055 contaminabitur
1851 1010 1866 1048 :
1929 995 2011 1051 vel

440 1107 652 1155 astante
677 1097 766 1150 illa
796 1093 952 1164 cuius
979 1107 1144 1147 causa
1167 1093 1366 1163 agitur,
1390 1091 1473 1144 vel
1501 1091 1552 1144 in
1583 1102 1841 1145 consessu
1869 1086 2014 1158 iudi-

440 1204 560 1244 cum
593 1187 840 1252 sedente,
876 1195 933 1238 ut
963 1185 1140 1253 potior
1164 1197 1288 1237 esse
1310 1181 1575 1235 videatur.
1605 1177 1738 1234 Post
1762 1176 2012 1248 magniﬁ-

429 1279 786 1334 centissimos
838 1285 1017 1332 autem
1081 1273 1593 1345 protOSpatliarios,
1651 1271 1869 1326 licentia
1941 1271 2017 1325 sit

438 1371 692 1426 omnibus
720 1367 804 1423 vel
829 1383 926 1437 per
950 1381 1008 1422 se
1037 1367 1202 1438 ipsos,
1241 1366 1324 1420 vel
1355 1380 1450 1436 per
1481 1373 1864 1437 procuratores
1888 1379 2017 1418 cau-

440 1472 556 1512 sam
587 1471 740 1511 suam
772 1469 952 1526 agere.

513 1638 602 1692 11.
651 1635 932 1693 Neminem
960 1637 1018 1691 in
1066 1638 1438 1692 ecclesiastico
1461 1637 1643 1708 aliquo
1673 1639 1840 1708 gradu
1883 1653 2014 1694 con-

399 1794 406 1801 .
437 1729 712 1793 stitutum,
746 1727 831 1781 vel
870 1727 1206 1796 episcopum,
1239 1727 1320 1782 vel
1353 1704 1751 1798 presbyterum,
1785 1726 1869 1784 vel
1899 1729 2016 1783 dia-
2045 1704 2094 1768 Β

439 1831 662 1882 conum,
698 1815 780 1871 vel
809 1815 1053 1886 quemvis
1083 1817 1249 1871 alium
1296 1830 1362 1872 ex
1392 1817 1643 1886 catalogo
1693 1816 2018 1872 sacerdotali

437 1910 714 1965 volentem
747 1911 831 1964 vel
858 1910 1105 1974 invitum,
1141 1909 1497 1965 saecularibus
1517 1909 1737 1978 iudiciis
1762 1910 1881 1965 sisti
1907 1925 2022 1964 sus-

447 2001 705 2055 tinemus.
762 1998 819 2054 Si
870 2002 1015 2055 enim
1075 2003 1200 2070 quis
1249 2001 1483 2072 aliquem
1521 2002 2018 2058 ecclesiasticorum

446 2092 676 2146 invitum
703 2091 770 2146 ad
794 2090 1054 2146 saeculare
1077 2091 1342 2160 judicium
1369 2093 1568 2156 trahat,
1593 2108 1621 2145 a
1653 2104 1837 2148 nostra
1872 2108 2021 2150 sere-

445 2181 615 2234 nitate
640 2189 1038 2248 eompetentem
1067 2180 1355 2235 sustinebit
1377 2180 1785 2236 coercitionem.
1810 2179 1866 2236 Si
1893 2198 2023 2238 vero

443 2270 642 2340 aliquis
672 2269 1016 2325 sacerdotum
1054 2269 1301 2325 sacculari
1348 2271 1555 2339 iudicio
1583 2287 1643 2328 se
1681 2273 1900 2340 stiterit,
1929 2283 2024 2330 aut

445 2363 612 2418 etiam
639 2361 787 2430 prior
822 2361 936 2430 ipse
962 2361 1288 2416 sententiam
1318 2361 1427 2416 illic
1463 2362 1623 2417 latam
1651 2365 2023 2421 ecclesiastico

445 2453 719 2510 auditorio
755 2452 1083 2523 praetulerit;
1148 2454 1363 2510 tametsi
1412 2455 1516 2510 sibi
1549 2457 1638 2525 ius
1684 2456 1812 2514 inde
1867 2459 2021 2514 reddi

446 2551 619 2614 putet,
661 2556 692 2596 a
732 2543 904 2598 sacris
931 2543 1232 2599 canonibus
1271 2544 1663 2599 condemnatur
1699 2562 1711 2597 :
1753 2546 1841 2600 ubi
1877 2547 2022 2601 enim

445 2636 643 2706 dignus
666 2645 818 2692 esset
864 2635 1123 2706 consequi
1155 2651 1275 2705 qua:
1301 2635 1593 2703 desiderat,
1627 2637 1718 2707 qui
1762 2638 1830 2694 ab
1867 2639 2024 2692 initio

453 2727 845 2782 controversiae
874 2739 906 2779 a
954 2725 1154 2782 divinis
1191 2726 1426 2780 decretis
1467 2727 1791 2782 contumelia
1830 2728 2026 2798 dignus

443 2815 714 2886 iudicatus
739 2817 828 2872 sit.

522 2906 611 2961 12.
640 2907 1058 2964 Amanlissimos
1091 2907 1206 2965 Deo
1228 2909 1513 2980 episcopos
1542 2926 1701 2967 nemo
1736 2913 2023 2982 przcsidum

447 3007 610 3069 cogat
653 2999 720 3053 ad
751 2998 1013 3069 judicium
1058 3003 1267 3068 venire,
1298 3013 1357 3056 ut
1386 3002 1754 3058 testimonium
1796 3006 2019 3062 dicant:

447 3089 550 3145 sed
573 3088 743 3156 iudex
780 3091 961 3145 mittat
1005 3089 1072 3146 ad
1115 3092 1262 3162 ipsos
1308 3094 1516 3164 aliquos
1546 3109 1613 3150 ex
1656 3099 1904 3166 personis
1931 3100 2022 3169 qui

451 3180 506 3234 in
527 3180 692 3249 ipsius
714 3181 1016 3238 ministerio
1042 3193 1188 3249 sunt,
1217 3193 1294 3249 ut,
1319 3195 1481 3255 prout
1511 3188 1824 3243 sacerdotes
1848 3191 2021 3256 decet,

443 3283 634 3327 coram
670 3271 780 3328 Deo
815 3275 996 3329 dicant
1029 3289 1147 3345 qua:
1169 3287 1453 3332 noverunt.

524 3455 614 3509 15.
666 3455 1092 3511 Amantissimos
1135 3455 1245 3512 Deo
1274 3457 1561 3529 episcopos
1591 3459 1642 3515 in
1675 3460 1820 3516 nulla
1858 3477 2027 3532 pecu-

448 3547 630 3602 niaria
689 3562 852 3602 causa
904 3547 971 3602 ad
1009 3549 1221 3603 civilem
1269 3551 1555 3620 praesidem
1596 3565 1688 3608 aut
1737 3555 2025 3611 militarem

452 3638 657 3693 invitos
699 3638 884 3693 venire
912 3639 1193 3709 principali
1235 3642 1483 3710 iussione
1513 3647 1881 3701 concedimus.
1923 3647 2028 3702 Sed

452 3732 736 3801 praesidem
776 3733 868 3802 qui
913 3734 967 3788 id
1009 3735 1091 3789 vel
1118 3735 1320 3805 scripto
1362 3737 1446 3791 vel
1482 3738 1603 3793 sine
1636 3737 1842 3807 scripto
1875 3754 2027 3790 man-

452 3824 584 3878 dare
613 3839 779 3879 ausus
807 3825 972 3879 fuerit
997 3837 1120 3894 post
1159 3827 1359 3896 cinguli
1396 3837 1490 3882 aut
1530 3828 1807 3897 dignitatis
1842 3829 2031 3898 utique

449 3915 809 3983 privationem
841 3915 1033 3984 viginti
1076 3917 1192 3970 auri
1233 3917 1451 3972 multari
1493 3919 1772 3988 iubemus,
1803 3919 2030 3990 darique

450 4019 547 4062 eas
576 4005 852 4071 Ecclesia,
878 4005 1032 4074 cuius
1066 4009 1350 4078 episcopus
1386 4010 1450 4063 ad
1486 4011 1657 4079 ipsum
1686 4011 1873 4067 venire
1905 4027 2029 4066 coa-

453 4102 576 4150 ctus
613 4094 733 4149 fuit.

530 4277 619 4331 14.
651 4278 1067 4335 Aecusationem
1098 4282 1397 4338 sacerdotis
1429 4299 1584 4339 nemo
1609 4285 1866 4342 laicorum
1896 4305 2032 4359 prae-

2115 456 2247 526 παρ’
2281 454 2482 522 ἑτέρων
2538 456 2786 522 ἄγονται,
2833 453 2942 505 εἴτε
2973 454 3068 504 καὶ
3115 451 3238 504 καθ’
3288 452 3491 520 ἑτέρων
3541 453 3697 505 αὐτοὶ

2109 544 2280 596 κινεῖν
2309 542 2612 613 βούλονται,
2649 543 2744 595 καὶ
2773 543 2931 594 τούτο
2959 541 3016 594 δὲ
3043 539 3228 603 αὐτοῖς
3255 539 3611 610 ἀφορίζομεν,
3632 541 3696 594 τὸ

2115 633 2253 704 μήτε
2287 634 2664 703 συγκαθῆσθαι
2689 635 2804 697 τοῖς
2841 631 3156 696 δικάζουσιν
3211 631 3494 702 ἄρχουσιν,
3529 633 3696 702 ἡνίκα

2111 727 2145 796 ἠ
2206 724 2388 778 αὐτῶν
2444 725 2760 790 ἐξετάζεται
2831 724 2980 792 δίκη,
3024 723 3160 777 ἀλλὰ
3181 723 3320 792 μηδὲ
3352 724 3696 794 παρεστάναι

2112 814 2276 868 πάλιν
2297 831 2311 844 ·
2341 814 2685 886 ἑκατέρωθεν
2711 814 2822 884 γὰρ
2851 814 2912 868 τὸ
2937 815 3171 886 πρᾶγμά
3198 815 3347 867 ἑστιν
3367 814 3691 882 ἐπισφαλές.

2111 905 2212 958 Διὰ
2233 905 2332 975 μὲν
2359 904 2468 974 γάρ
2485 906 2738 976 θατέρου,
2759 906 2822 959 τὸ
2852 905 3055 976 ὑψηλὸν
3083 903 3305 974 ἀξίωμα
3326 904 3696 975 ἐνυϐρίζεται,

2111 995 2200 1049 διά
2227 996 2284 1049 δὲ
2329 995 2425 1049 τοῦ
2472 997 2686 1067 ἑτέρου,
2724 997 2785 1050 τὸ
2819 997 3170 1068 δικαστήριον
3196 999 3275 1059 εἰς
3306 996 3697 1068 ἀσχημοσύνην

2116 1085 2436 1155 ἀνισότητος
2485 1086 2870 1156 περιίσταται,
2902 1085 2993 1140 τοῦ
3051 1086 3150 1156 μὲν
3191 1087 3300 1138 τῶν
3325 1085 3698 1156 δικαζομένων

2115 1179 2492 1250 παρεστῶτος,
2520 1177 2616 1232 τοῦ
2642 1178 2698 1232 δὲ
2726 1181 2792 1250 τῇ
2815 1179 2922 1234 τῶν
2953 1178 3156 1248 κριτῶν
3186 1179 3438 1248 συνεδρίᾳ
3462 1178 3524 1231 τὸ
3537 1177 3700 1231 πλέον

2116 1268 2260 1340 ἔχειν
2284 1271 2718 1341 ἐνδεικνυμένου,
2763 1271 2902 1341 μετὰ
2927 1271 2985 1324 δὲ
3018 1270 3145 1334 τοὺς
3180 1268 3704 1340 μεγαλοπρεπεστά-

2115 1375 2245 1424 τους
2293 1361 2852 1432 πρωτοσπαθαρίους.
2887 1360 3090 1414 ἅπασιν
3121 1359 3273 1413 ἀδεια
3326 1358 3466 1411 ἔστω
3508 1358 3698 1428 βουλο-

2121 1449 2304 1520 μένοις
2341 1449 2434 1504 καὶ
2463 1449 2528 1504 δι’
2553 1450 2761 1506 ἑαυτῶν
2782 1448 3122 1516 δικάζεσθαι,
3148 1451 3242 1504 καὶ
3272 1448 3522 1513 ἑντολέας
3549 1466 3690 1520 προ-

2119 1539 2436 1594 ϐάλλεσθαι.
2698 1547 2701 1550 ’

2195 1636 2285 1684 ια’.
2309 1627 2514 1684 Οὐδένα
2533 1628 2644 1683 τῶν
2667 1629 3136 1701 ἐκκλησιαστικῶν
3157 1629 3402 1700 βαθμῶν,
3424 1631 3457 1702 ἢ
3481 1628 3703 1682 ἐπίσκο-

2121 1721 2288 1791 πον,ἢ
2308 1721 2702 1794 πρεσϐύτερον,
2727 1722 2761 1794 ἢ
2793 1723 3311 1794 διάκονον,ῆάπλῶ;
3329 1739 3452 1776 τινα
3481 1721 3571 1776 τοῦ
3601 1740 3703 1776 κα-

2120 1813 2350 1882 ταλόγου
2399 1814 2495 1868 τοῦ
2543 1814 2844 1886 ἱερατικοῦ,
2888 1815 3140 1885 ἄκονταῆ
3178 1815 3371 1869 ἑκόντα
3398 1814 3703 1884 κριτηρίοις

2121 1908 2409 1975 κοσμικοῖς
2461 1907 2833 1978 παρίστασθαι
2864 1906 3193 1978 ἀνεχόμεθα.
3227 1907 3289 1960 Εἰ
3336 1905 3447 1978 γάρ
3499 1905 3704 1958 ἄκοντά

2121 2011 2204 2060 τις
2236 1997 2360 2066 ἄγοι
2397 1998 2521 2052 τινὰ
2577 1998 2686 2052 τῶν
2717 1999 3191 2068 ἑκκλησιαστικῶν
3246 1997 3381 2069 πρὸς
3416 1997 3702 2068 κριτήριον

2122 2090 2410 2160 κοσμικὸν,
2431 2089 2583 2161 παρά
2616 2091 2713 2159 τῆς
2743 2091 3019 2161 ἡμετέρας
3040 2089 3406 2162 γαληνότητος
3435 2090 3534 2158 τὴν
3566 2088 3702 2158 πρέ-

2124 2195 2330 2234 πουσαν
2363 2180 2732 2251 ὑποστήσεται
2773 2179 3092 2234 παίδευσινο
3127 2180 3176 2232 εἰ
3220 2179 3274 2232 δὲ
3306 2176 3447 2231 ἑκὼν
3485 2180 3512 2231 ό
3550 2179 3706 2248 ἱερα-

2122 2270 2271 2334 τικδς
2297 2269 2376 2341 τῷ
2399 2270 2648 2342 κοσμικῷ
2672 2271 2943 2342 κριτηρίῳ
2984 2273 3262 2342 παραστῇ,
3305 2270 3339 2341 ἢ
3367 2271 3462 2325 καὶ
3487 2272 3704 2342 πρῶτος

2124 2359 2223 2431 τὴν
2247 2360 2455 2414 ἐκεῖθεν
2480 2361 2664 2431 κρίσιν
2714 2361 2808 2414 τοῦ
2840 2361 3299 2431 ἑκκλησιαστικοῦ
3334 2362 3704 2432 άκροατηρίου

2125 2455 2549 2524 προτιμήσαιτο,
2584 2447 2741 2519 οὗτος
2793 2455 2897 2508 κᾶν
2943 2454 3152 2508 ἐκεῖθεν
3186 2455 3378 2526 νομίσῃ
3407 2456 3469 2508 τὸ
3496 2456 3705 2508 δίκαιον

2124 2540 2332 2605 λαϐεῖν,
2367 2541 2470 2594 ὑπὸ
2491 2543 2600 2596 τῶν
2635 2543 2795 2613 ἱερῶν
2824 2531 3066 2599 κανόνων
3115 2542 3568 2609 καταδικάζεται·
3597 2544 3705 2598 ποῦ

2127 2633 2234 2704 γὰρ
2266 2633 2412 2696 ἄξιος
2454 2637 2636 2704 τυχεῖν
2665 2627 2740 2688 ὧν
2771 2633 2944 2705 ζητεῖ,
2997 2635 3026 2688 ὀ
3069 2635 3166 2707 τὴν
3218 2635 3392 2706 ἀρχὴν
3421 2635 3514 2688 τοῦ
3557 2636 3708 2704 ἀγῶσ-

2127 2741 2217 2787 νος
2263 2725 2370 2778 ἀπὸ
2415 2726 2513 2796 τῆς
2571 2726 2680 2782 τῶν
2740 2726 2900 2782 θείων
2946 2727 3165 2798 Θεσμῶν
3193 2727 3700 2798 ,καταϐαλλόμενος

2129 2816 2360 2887 ὕϐρεως.

2202 2909 2287 2978 ιβ’.
2341 2909 2480 2973 Τοὺς
2529 2909 2999 2980 θεοφιλεστάτους,
3039 2910 3215 2974 οὐδεὶς
3261 2911 3370 2963 τῶν
3426 2909 3708 2982 ἀρχόντων

2127 2999 2430 3067 ἀναγκάσει
2483 3001 2562 3062 είς
2611 3000 2963 3071 δικαστήριον
3022 2999 3451 3068 παραγενέσθαι,
3505 2999 3695 3056 δοῦναι

2131 3090 2460 3160 μαρτυρίαν,
2517 3089 2632 3143 ἀλλ’
2673 3089 2982 3160 ὁδικαστὴς
3019 3090 3286 3160 πεμπέτω
3334 3091 3470 3162 πρὸς
3500 3091 3702 3154 αὐτοὺς

2125 3182 2278 3244 τινὰς
2321 3183 2384 3235 ἑκ
2419 3181 2526 3234 τῶν
2561 3180 2868 3253 προσώπων
2899 3181 3008 3235 τῶν
3038 3181 3503 3252 ὑπηρετουμένων
3532 3181 3704 3252 αύτῷ,

2128 3272 2218 3328 ἵνα
2245 3275 2386 3328 κατά
2409 3275 2468 3327 τὸ
2520 3274 2730 3344 πρέπον
2776 3273 3011 3346 ἱερεῦσιν
3038 3275 3270 3328 ἑνώπιον
3296 3273 3433 3328 Θεοῦ
3476 3274 3700 3328 εἴπωσιν

2126 3361 2162 3415 ἃ
2194 3364 2579 3431 γινώσκουσιν.

2202 3464 2291 3526 ιγ’.
2349 3457 2488 3521 Τοὺς
2515 3457 2960 3526 θεοφιλεστάτους
3003 3457 3338 3521 ἐπισκόπους
3376 3457 3519 3527 ὑπὲρ
3549 3458 3702 3510 ούδε-

2134 3550 2265 3617 μιᾶς
2311 3549 2664 3620 χρηματικῆς
2718 3549 2899 3613 αἰτίας
2925 3549 3064 3621 πρδς
3098 3550 3333 3620 ἄρχοντα
3365 3549 3642 3604 πολιτικὸν
3671 3550 3707 3619 ἢ

2134 3640 2527 3710 στρατιωτικὸν
2567 3641 2768 3694 ἄκοντα
2819 3640 3223 3712 παραγενέσθαι
3264 3639 3298 3711 ἢ
3323 3640 3704 3710 παρίστασθαι

2130 3729 2252 3798 δίχα
2300 3729 2585 3799 βασιλικῆς
2633 3730 2937 3794 κελεύσεως
2973 3731 3397 3801 συγχωροῦμεν’
3445 3730 3582 3784 ἀλλὰ
3613 3730 3706 3783 τὸν

2132 3825 2365 3894 ἄρχοντα
2384 3823 2473 3878 τὸν
2491 3825 2598 3877 εἴτε
2624 3825 2917 3896 ἐγγράφως
2938 3825 3045 3877 εἴτε
3071 3825 3333 3895 ἀγράφως
3359 3823 3517 3876 τοῦτο
3538 3841 3712 3894 προσ-

2133 3915 2292 3982 τάξαι
2347 3915 2700 3987 τολμήσαντα
2740 3917 2880 3986 μετά
2931 3915 3028 3985 τὴν
3077 3916 3174 3984 τῆς
3221 3915 3395 3983 ζώνης
3439 3915 3557 3984 ἦτοι
3615 3916 3710 3970 τοῦ

2133 4009 2442 4079 ἀξιώματος
2500 4010 2599 4080 τὴν
2654 4010 2942 4080 ἀφαίρεσιν
2997 4009 3171 4062 εἴκοσι
3218 4006 3446 4078 χρυσίου
3507 4007 3709 4078 λιτρῶν

2134 4101 2326 4172 ποινὴν
2383 4102 2744 4158 καταὸάλλειν
2806 4101 3100 4170 κελεύομεν
3162 4101 3228 4170 τῇ
3302 4097 3598 4170 Ἐκκλησία
3642 4094 3710 4171 ἧς

2133 4197 2161 4246 ό
2191 4195 2511 4257 ἐπίσκοπος,
2545 4195 2772 4264 ἀχθῆναι
2805 4193 2836 4262 ἢ
2893 4193 3242 4262 παραστῆναι
3299 4193 3708 4264 προστετάχθη.

2211 4286 2292 4340 ιδ’.
2331 4285 2912 4356 Κατηγορίανίερέως
2965 4284 3140 4346 οὐδεὶς
3191 4283 3301 4338 τῶν
3343 4286 3401 4338 ἐν
3432 4284 3510 4354 τῷ
3536 4284 3713 4354 λαῖκῷ

455 4368 634 4424 sidum
687 4372 970 4440 instituat,
1008 4373 1113 4428 nisi
1160 4374 1460 4444 maiestatis
1505 4378 1709 4433 crimen
1754 4383 2027 4438 accusatio

2138 4371 2575 4441 κατειλεγμένων
2620 4372 2896 4442 ἀρχόντων
2950 4372 3208 4442 οὐδεμίαν
3268 4372 3514 4437 δικάζειν
3571 4375 3712 4446 πλὴν

383 4506 389 4511 .
457 4462 757 4517 contineat.

1024 4573 1326 4632 TITULUS
1360 4575 1452 4632 Xl.

455 4658 534 4713 De
576 4661 946 4742 contrahendis
970 4674 1042 4742 let
1091 4663 1426 4742 ιίὶνίηιρξηιίὶσΔ
1463 4669 1819 4742 sponsalibus.
1867 4674 2030 4742 deque

526 4729 743 4852 ﬂagitiis
767 4732 1037 4797 sponsalia
1075 4729 1529 4798 contrahentibus,
1567 4755 1629 4793 ac
1660 4729 1836 4793 'Ieindc
1859 4729 2029 4809 paeni-

579 4816 612 4851 η
732 4816 778 4852 ε.
1276 4835 1280 4840 ι

529 4891 582 4944 1.
614 4891 893 4960 Sponsalia
932 4892 1367 4950 Christianorum
1413 4899 1814 4954 contrahuntur
1853 4902 1921 4955 ab
1967 4902 2034 4956 iis

456 4983 547 5051 qui
598 4984 784 5051 primae
829 4996 957 5039 sunt
990 4989 1186 5052 aetatis,
1240 5000 1362 5056 post
1406 5005 1608 5044 annum
1637 4991 1950 5058 septimum,
1983 5002 2037 5047 et

457 5075 750 5144 deinceps;
789 5085 897 5132 tam
940 5080 1376 5134 contrahentium
1413 5083 1712 5148 voluntate,
1748 5099 1910 5154 quam
1938 5099 2034 5152 pa-

455 5176 670 5221 rentum
693 5177 751 5223 et
780 5170 1205 5240 prapinquorum
1245 5187 1516 5230 consensu
1551 5190 1565 5227 :
1597 5173 1866 5242 siquidem
1898 5175 2036 5243 legi-

459 5261 589 5316 time
633 5262 1028 5329 contraxerint,
1061 5279 1162 5319 nee
1201 5266 1311 5320 sint
1348 5279 1415 5319 es
1455 5281 1640 5321 carum
1671 5280 2029 5335 personarum

459 5367 718 5421 numero,
753 5369 876 5425 quae
907 5357 1190 5423 prohibitae
1219 5369 1348 5412 sunt
1383 5375 1396 5410 :
1435 5358 1535 5412 hoc
1559 5368 1660 5422 cst,
1696 5361 2032 5413 contrahun-

456 5452 545 5498 tur
575 5458 671 5514 per
694 5445 913 5513 arrbas,
939 5447 1055 5503 sive
1077 5462 1173 5517 per
1202 5447 1464 5518 hypobola
1487 5449 1584 5518 (1),
1607 5449 1720 5504 sive
1752 5465 1846 5518 per
1899 5451 2035 5505 scri-

456 5543 664 5604 pturas.

2132 4468 2179 4517 εἰ
2211 4462 2586 4525 καθοσιώσεως
2615 4461 2867 4531 ἔγκλημα
2902 4462 2934 4533 ἢ
2966 4464 3306 4536 κατηγορίαν
3329 4465 3600 4536 περιέχει.

2723 4573 2975 4626 ΤῙΤΛΟΣ
3011 4572 3117 4629 lA’.

2130 4665 2290 4737 Περὶ
2315 4666 2676 4737 συστάσεως
2697 4669 3066 4737 μνηστείας,
3096 4669 3194 4721 καὶ
3223 4668 3460 4732 λύσεως
3497 4669 3711 4737 αὐτῆς,

2201 4736 2299 4860 sui
2323 4736 2457 4859 πὲρὶ
2487 4736 2764 4805 ὀρφανῶν
2779 4737 3312 4806 μνηστευομένων,
3343 4740 3440 4794 καὶ
3457 4736 3715 4810 μεταμε-

2251 4823 2362 4873 om:
2400 4823 2539 4858 νων.

2215 4903 2284 4950 α’.
2318 4896 2644 4948 Συνίσταται
2679 4895 2942 4966 μνηστεία
2999 4895 3340 4966 Χριστιανῶν
3369 4898 3461 4950 ἐπὶ
3498 4899 3610 4959 τοῖς
3655 4914 3714 4951 εν

2140 4987 2333 5058 πρώτῃ
2353 4987 2538 5058 ἡλικίᾳ
2561 4987 2666 5039 ἀπὸ
2689 4985 2986 5048 ἑπταετοῦς
3007 4985 3220 5056 χρόνου,
3241 4986 3334 5040 καὶ
3361 4986 3440 5048 είς
3456 4987 3544 5038 τὸν
3564 4987 3718 5056 ἑξῆς,

2139 5079 2202 5131 ἐκ
2235 5095 2290 5130 τε
2314 5079 2408 5148 τῆς
2432 5079 2540 5130 τῶν
2573 5079 3024 5149 μνηστευομένων
3046 5078 3358 5149 ἀρεσκείας,
3389 5079 3486 5132 καὶ
3527 5080 3625 5149 τῆς
3652 5082 3719 5132 ἐκ

2142 5170 2345 5237 γονέων
2389 5170 2485 5220 καὶ
2533 5168 2810 5236 συγγενῶν
2859 5168 3036 5222 αὐτῶν
3085 5172 3462 5236 συναινέσεως,
3526 5171 3620 5223 ἑὰν
3666 5173 3717 5223 οἱ

2145 5260 2608 5323 συναλλάσσοντες
2643 5260 2892 5331 νομίμως
2915 5259 3339 5328 συναλλάσσωσι,
3365 5263 3457 5316 καὶ
3487 5262 3562 5334 μὴ
3583 5256 3718 5314 ὦσιν

2141 5356 2207 5408 ἑκ
2263 5354 2370 5407 τῶν
2426 5353 2824 5424 κεκωλυμένων
2851 5391 2866 5417 ,
2897 5353 3183 5420 τουτέστι,
3230 5355 3297 5408 δι’
3336 5353 3670 5427 ἁῤῥαϐώνων
3699 5392 3716 5419 ,

2141 5450 2312 5518 ἤγουν
2343 5449 2640 5516 ύποϐόλων,
2666 5449 2698 5518 ἢ
2729 5447 2799 5501 δι’
2827 5447 3142 5520 ἐγγράφων.

528 5649 604 5719 (l)
638 5651 695 5705 ld
744 5659 848 5717 est,
898 5651 1234 5708 incrementa
1269 5652 1432 5720 dotis,
1484 5663 1611 5710 ante
1658 5658 1876 5726 nuptias
1911 5660 2198 5728 promissa.
