4050 6448
360 339 467 404 493

1624 330 2017 392 DELECTUS
2052 330 2338 393 LEGUM.

3492 332 3600 398 494

427 450 492 522 β’.
531 446 671 501 Ειδε
708 445 837 518 δόξῃ
858 443 948 496 τδν
977 443 1188 496 διδόντα
1222 441 1312 495 τὸν
1344 440 1641 514 ἀρραϐῶνα
1675 440 1924 511 διαστρέ-

2095 439 2150 493 2.
2181 441 2332 506 Quod
2363 441 2409 494 si
2443 440 2616 495 visum
2658 439 2823 496 fuerit
2863 443 2934 508 ei,
2965 443 3054 511 qui
3087 445 3302 500 arrham
3327 447 3494 513 dedit,
3519 449 3605 503 di-

361 545 478 612 ζιαι,
510 539 605 593 καὶ
632 538 710 607 μὴ
741 533 1090 599 συναλλάξαι,
1139 533 1394 586 ἁπόλλειν
1422 532 1583 585 αὑτὸν
1629 531 1721 584 τὸν
1751 531 1924 604 ἀρρα-

357 632 522 684 δῶνα.

425 721 497 790 γ’.
532 721 594 773 El
615 719 674 772 δὲ
708 718 772 771 τὸ
799 717 961 787 μέρος
991 715 1093 784 τῆς
1139 714 1309 786 κόρης
1333 714 1534 785 θελήσῃ
1579 713 1924 786 διαστρέψαι,

356 819 452 870 καὶ
490 815 567 885 μὴ
631 809 978 874 συναλλάξαι,
1038 807 1325 875 παρεχέτω
1369 806 1589 858 διπλοῦν
1619 806 1710 858 τὸν
1756 807 1928 876 ἀρρα-

355 908 524 971 ὁῶνα,
588 901 868 955 τουτέστιν
919 898 1086 953 αὑτὸν
1139 898 1231 951 τὸν
1282 897 1599 968 ἀρραϐῶνα,
1658 899 1754 951 καὶ
1801 897 1930 950 ἄλλο

354 997 630 1050 τοσοῦτον.

425 1089 488 1142 δ’.
513 1089 578 1141 Εἰ
605 1088 662 1141 δὲ
685 1087 980 1159 ἐγγράφως
1005 1088 1250 1158 στιχήσει
1274 1103 1379 1148 τις,
1411 1085 1501 1138 καὶ
1519 1082 1658 1148 δόξει
1682 1082 1929 1153 διαστρέ-

351 1182 488 1252 ψαι,
551 1181 692 1233 κατὰ
743 1180 803 1233 τὸ
853 1179 1131 1250 ἔγγραφον
1186 1177 1354 1232 αὐτοῦ
1411 1175 1811 1246 ἀπολογήσεται
1855 1175 1924 1246 τῇ

352 1273 512 1342 κόρῃ.

425 1363 488 1419 ε’.
527 1365 590 1418 Εἰ
616 1364 675 1417 δὲ
705 1365 764 1416 τὸ
791 1363 954 1432 μέρος
1007 1361 1110 1432 τῆς
1136 1363 1304 1433 κόρης
1355 1361 1523 1431 χωρίς
1553 1356 1730 1420 αιτίας
1779 1356 1929 1424 νόμῳ

353 1456 770 1527 γνωριζομένης
794 1454 1076 1523 δοκιμάζει
1108 1453 1450 1524 διαστρέψαι,
1467 1450 1528 1503 τὸ
1557 1449 1688 1502 αὐτὸ
1709 1450 1925 1517 μέτρον,

358 1552 497 1618 ὅπερ
539 1545 832 1616 ἐγγράφως
885 1547 1094 1608 ἐκεῖνος
1139 1545 1480 1614 ὡμολόγησε,
1521 1539 1808 1610 παρεχέτω
1852 1536 1930 1606 τῷ

370 1637 849 1706 μνηστευσαμένῳ,
885 1635 1023 1705 μετά
1045 1637 1140 1689 καὶ
1159 1635 1262 1704 τῆς
1283 1633 1412 1704 παρ’
1436 1630 1600 1686 αὑτοῦ
1633 1620 1930 1698 γενομένης

374 1730 669 1800 ὁμολογίας,
703 1728 800 1780 καὶ
823 1728 1243 1782 ἀπαλλασσέτω.

443 1817 513 1883 ς’.
544 1819 601 1871 Ei
631 1817 689 1876 δέ
708 1835 792 1880 τις
813 1819 1124 1889 όρμάσηται
1151 1818 1341 1887 κόρην,
1363 1816 1460 1869 καὶ
1481 1815 1612 1877 ἴσως
1641 1813 1730 1866 διά
1752 1814 1929 1882 μῖσος,

365 1913 398 1980 ἦ
438 1911 637 1980 τρόπον
668 1910 759 1963 τὸν
797 1909 1132 1980 οἱονδηποτε,
1175 1908 1524 1978 ὑπερτίθεται
1565 1907 1790 1975 ποιῆσαι
1840 1905 1932 1957 τὸν

360 2004 563 2073 γάμον,
588 2003 692 2066 ἕως
719 2002 812 2055 δύο
835 2002 972 2055 ἑτῶν
1014 2000 1336 2054 ὑποκεῖσθαι
1380 2000 1478 2070 τὴν
1505 1999 1674 2070 κόρην
1710 1997 1930 2066 ἐκδέχε-

358 2095 488 2147 σθαι
509 2093 692 2158 αὑτὸν,
724 2093 820 2146 καὶ
849 2095 989 2162 μετὰ
1014 2092 1174 2145 τοῦτο
1201 2092 1289 2144 ἵνα
1319 2089 1760 2161 διαμαρτύρηται
1785 2086 1936 2157 αὐτῷ

355 2184 422 2235 τδ
452 2182 620 2252 μέρος
642 2183 739 2252 τῆς
768 2181 957 2254 κόρης,
989 2181 1215 2264 ποιῆσαξ
1243 2180 1334 2234 τὸν
1359 2181 1556 2250 γάμον.
1590 2179 1703 2233 Καὶ
1746 2180 1794 2230 εί
1836 2178 1934 2247 μὲν

357 2271 747 2336 καταδέξεται·
774 2274 1048 2340 ὲπείτοιγε
1094 2271 1281 2325 ἄδειαν
1310 2270 1453 2340 ἔχειν
1486 2269 1585 2340 τὴν
1618 2268 1786 2338 κόρην
1809 2269 1934 2332 ζευ-

358 2363 562 2432 χθῆναι
584 2358 734 2430 ᾧτινι
759 2362 1031 2432 βούλεται,
1059 2363 1435 2434 ὲγκρατοΰσαν
1463 2362 1558 2414 καὶ
1588 2358 1935 2429 ἂπερέλαόεν

359 2455 429 2503 ἐκ
447 2451 542 2503 τοῦ
562 2451 985 2520 μνηστευθέντος
1015 2452 1175 2523 αὐτῇ.

436 2542 502 2604 ζ’.
530 2542 590 2593 Ei
627 2541 684 2592 δὲ
706 2541 814 2594 εἰσὶ
835 2542 1023 2604 παῖδες
1056 2542 1131 2612 μὴ
1161 2541 1374 2612 ἔχοντες
1405 2543 1599 2610 γονεῖς,
1630 2540 1738 2594 εἴτε
1778 2539 1937 2596 παλι-

363 2631 581 2700 κάριον,
607 2632 715 2684 εττε
743 2631 1016 2704 κοράσιον,
1041 2634 1136 2685 καὶ
1164 2631 1224 2697 ἐξ
1251 2631 1523 2702 ὑποϐολῆς
1563 2650 1724 2686 τινων
1747 2633 1938 2700 ὲποίη⁸

365 2741 469 2778 σιν
496 2727 816 2795 μνηστείαν,
849 2727 945 2779 καὶ
991 2725 1216 2798 ὕστερον
1263 2725 1622 2797 μετενόησαν,
1681 2727 1786 2788 ἕως
1837 2723 1938 2778 τοῦ

365 2815 861 2868 πεντεκαιδεκάτου
931 2817 1126 2887 χρόνου
1165 2816 1349 2871 ἄδειαν
1391 2817 1536 2887 ἔχειν
1580 2815 1845 2869 ἀναλῦσαι
1877 2815 1940 2868 τὸ

368 2907 726 2978 συνάλλαγμα
758 2907 1030 2978 ἀζημίως,
1079 2910 1154 2973 ὡς
1214 2909 1467 2980 ὀρφανῶν
1511 2907 1690 2962 αὐτῶν
1744 2908 1937 2970 ὄντων,

367 2998 465 3052 καὶ
520 2999 598 3069 μὴ
652 2999 1033 3066 γινωσκόντων
1083 2999 1153 3053 τὰ
1204 2999 1554 3070 συμφέροντα
1608 2998 1812 3060 αὐτοῖς.
1878 2997 1940 3050 Ei

2036 540 2271 596 vertere,
2329 545 2430 586 nec
2504 531 2768 599 perlicere
2816 543 3177 600 contractum,
3225 539 3442 592 arrham
3492 540 3604 609 ipse

2036 620 2269 674 amittat.

2105 711 2161 766 '5.
2197 707 2292 764 Sin
2313 711 2503 780 puellae
2540 727 2666 782 pars
2698 715 2989 782 divertere,
3024 732 3123 773 nec
3158 721 3482 777 contrahere
3507 737 3602 777 vo-

2037 799 2218 863 luerit,
2271 801 2490 854 arrham
2515 802 2731 872 duplam
2756 814 2996 873 praestet,
3017 806 3236 874 hocest,
3269 809 3488 863 arrham
3519 810 3606 878 ip~

2036 906 2172 957 sam,
2202 901 2257 947 et
2281 891 2509 948 alterum
2545 903 2772 950 tantum.

2107 1073 2157 1128 4.
2193 1073 2348 1138 Quod
2376 1075 2420 1128 si
2451 1075 2575 1144 quis
2600 1076 2994 1132 interveniente
3046 1081 3317 1149 scriptura
3345 1096 3454 1137 rem
3482 1099 3606 1154 per-

2035 1164 2228 1234 egerit,
2253 1173 2308 1218 et
2335 1165 2603 1221 divertere
2625 1168 2801 1222 visum
2826 1166 3025 1222 fuerit:
3058 1172 3354 1226 secundum
3380 1173 3431 1227 id
3462 1175 3606 1243 quod

2038 1255 2304 1324 scriptura
2346 1258 2677 1322 continetur,
2713 1257 2902 1326 puellae
2931 1259 3250 1315 satisfaciet.

2108 1345 2161 1399 5.
2202 1346 2272 1399 At
2305 1346 2348 1400 si
2393 1347 2584 1418 puellae
2626 1363 2752 1416 pars
2799 1349 3004 1418 absque
3048 1367 3210 1407 causa
3248 1353 3362 1422 lege
3391 1354 3605 1422 cognita

2038 1435 2412 1492 divertendum
2461 1441 2674 1504 statuit,
2716 1442 2962 1496 eamdem
2987 1458 3275 1510 summam,
3321 1445 3473 1513 cujus
3517 1447 3609 1500 ille

2041 1527 2261 1582 nomine
2303 1543 2400 1596 per
2436 1529 2764 1598 scripturam
2798 1531 2961 1596 cavit,
2991 1547 3190 1601 sponso
3213 1545 3453 1603 praestet,
3501 1553 3608 1590 una

2040 1633 2163 1670 cum
2206 1619 2460 1674 cautione
2493 1620 2562 1674 ab
2592 1621 2707 1689 ipso
2733 1622 3000 1692 exposita,
3040 1634 3095 1679 et
3123 1640 3154 1680 a
3189 1635 3471 1682 contractu
3501 1629 3610 1682 dis-

2039 1707 2216 1761 cedat.

1967 1786 2011 1842 Β
2110 1797 2162 1852 6.
2194 1797 2251 1852 Si
2285 1799 2406 1866 quis
2443 1809 2622 1854 autem
2654 1801 2885 1871 puellam
2917 1804 3155 1873 petierit,
3188 1812 3243 1858 et
3272 1803 3518 1858 fortassis
3541 1819 3605 1871 ett

2036 1887 2185 1952 odio,
2213 1888 2298 1942 vel
2335 1889 2440 1943 alio
2467 1906 2789 1961 quocunque
2834 1897 2993 1949 modo
3019 1896 3236 1962 nuptias
3267 1895 3488 1962 exsequi
3519 1911 3611 1948 sn-

2036 1981 2380 2050 persederit:
2415 1981 2484 2036 ad
2526 1983 2804 2038 biennium
2848 1985 3022 2052 puella
3068 1994 3302 2048 tenetur,
3335 1985 3608 2039 hominem

2038 2087 2096 2134 ut
2125 2086 2427 2149 exspectet,
2459 2095 2567 2150 quo
2597 2081 2848 2146 decurso,
2887 2081 3230 2137 testationem
3269 2083 3458 2152 puella:
3483 2098 3610 2151 pars

2039 2172 2370 2239 interponat,
2397 2179 2457 2224 ut
2488 2171 2704 2239 nuptias
2729 2181 3078 2240 exsequatur.
3106 2173 3184 2228 Ac
3208 2173 3474 2242 siquidem
3509 2188 3608 2241 pa-

2039 2262 2236 2327 ruerit,
2270 2268 2418 2316 recte
2446 2272 2528 2316 est
2575 2279 2587 2313 :
2635 2263 2720 2317 sin
2766 2272 2971 2328 autem,
3006 2264 3196 2332 puellae
3239 2263 3469 2319 facultas
3496 2273 3612 2318 esto

2039 2352 2272 2407 nubendi
2301 2352 2384 2406 cni
2404 2351 2569 2419 volet,
2592 2367 2654 2408 ea
2681 2368 2897 2422 quoque
2921 2355 3195 2421 retinenti,
3218 2369 3337 2423 qua:
3361 2369 3390 2408 a
3411 2370 3612 2424 sponso

2039 2451 2324 2498 consecuta
2361 2441 2482 2496 fuit.

2115 2534 2164 2587 7.
2197 2533 2349 2600 Quod
2401 2535 2444 2589 si
2489 2535 2640 2605 pueri
2705 2544 2831 2590 sunt
2882 2536 3199 2604 parentibus
3241 2537 3452 2601 orbati,
3499 2535 3614 2589 sive

2043 2628 2338 2692 masculus,
2387 2629 2504 2683 sive
2545 2629 2748 2698 puella,
2791 2639 2851 2685 et
2893 2631 3106 2686 hortatu
3157 2646 3221 2686 ac
3267 2634 3614 2702 suggestione

2043 2719 2398 2789 quorumdam
2447 2722 2720 2791 sponsalia
2766 2731 3176 2790 contraxerunt,
3212 2739 3438 2794 quorum
3463 2735 3613 2793 post~

2045 2825 2107 2868 ea
2150 2813 2445 2881 ptenituit:
2491 2814 2558 2867 ad
2598 2815 2866 2868 decimum
2913 2817 3160 2884 quintum
3208 2831 3405 2870 annum
3447 2830 3617 2884 usque

2033 2905 2318 2960 .licentiam
2346 2904 2577 2959 habeant
2599 2906 2734 2961 citra
2762 2921 2973 2975 poenam
3018 2907 3358 2966 rescindendi
3403 2917 3620 2963 contra-

2047 3004 2216 3060 ctum,
2250 3003 2309 3048 ut
2349 2995 2440 3064 qui
2489 2995 2676 3064 pupilli
2718 2997 2850 3061 sint,
2883 3011 2981 3051 nec
3009 2997 3136 3065 quid
3189 2997 3317 3066 ipsis
3345 2997 3616 3066 expediat,

367 3089 428 3141 δὲ
475 3089 555 3152 είς
587 3090 804 3158 ἠλικίαν
852 3089 1100 3156 ἔλθωσιν,
1143 3091 1219 3153 ὡς
1277 3091 1538 3162 φρόνησιν
1591 3091 1831 3160 ἔχοντες,
1888 3088 1943 3142 εἴ

2052 3085 2376 3155 intelligant.
2424 3086 2504 3140 Ad
2546 3087 2886 3156 pubertatem
2918 3103 3046 3143 vero
3077 3089 3121 3142 si
3164 3089 3530 3155 pervenerint,
3566 3099 3620 3142 et

368 3197 422 3233 τι
440 3183 762 3251 ποιήσωσιν,
789 3183 888 3235 οὐκ
917 3181 1128 3252 ἔχουσιν
1145 3181 1329 3235 ἄδειαν
1358 3181 1450 3236 τοῦ
1480 3182 1669 3236 λοιποῦ
1695 3181 1944 3253 διαστρέ-

368 3272 489 3341 εἶναι.

971 3452 1221 3508 τΙΤΛΟΣ
1248 3455 1348 3509 IB'.

375 3559 526 3636 Περὶ.
555 3559 764 3636 ττὶμων-
796 3559 1312 3636 ξπιτεγτραμμένωκ
1357 3566 1452 3620 καὶ
1497 3569 1947 3636 κεκωλυμένων,

413 3628 646 3698 aperiret)
670 3630 770 3683 καὶ
795 3628 1439 3703 δευτέρούίέγτρὰφου
1485 3636 1584 3688 καὶ
1615 3628 1910 3707 ἀγρὶίφου.

455 3819 529 3864 α’.
554 3813 873 3868 Συνίσταται
899 3815 1078 3886 γάμος
1097 3818 1441 3886 Χριστιανῶν
1483 3819 1596 3874 εἴτε
1632 3821 1947 3892 ἐγγράφως,

393 3903 503 3955 εἴτε
557 3905 839 3974 ἀγράφως,
891 3905 1095 3975 μεταξὺ
1145 3907 1340 3978 ἀνδρὸς
1383 3909 1477 3965 καὶ
1529 3912 1810 3978 γυναικὸς,
1852 3913 1948 3966 τοῦ

385 3992 522 4047 εἶναι
553 3996 650 4066 τὴν
679 3997 897 4066 ἠλικίαν
928 3997 1064 4068 πρὸς
1116 4000 1413 4071 συνάφειαι)
1439 4003 1816 4074 ἡρμοσμένην,
1852 4003 1947 4058 τοῦ

379 4087 480 4156 μὲν
511 4088 724 4157 ἀνδρὸς,
759 4090 869 4142 ἀπὸ
899 4091 1444 4158 πεντεκαιδεκαετοῦς
1501 4095 1693 4166 χρόνου
1713 4114 1728 4128 ο
1757 4100 1857 4167 τῆς
1892 4099 1950 4153 δὲ

380 4177 664 4244 γυναικὸς,
697 4179 807 4231 ἀπὸ
838 4181 1354 4247 τρωκαιδεκαετοῦς
1385 4185 1600 4254 χρόνου,
1626 4186 1952 4256 ἀμφοτέρων

375 4269 665 4336 θελόντων,
691 4270 787 4323 καὶ
805 4270 908 4341 τῆς
930 4272 1040 4327 τῶν
1062 4274 1265 4342 γονέων
1291 4279 1649 4340 συναινέσεως
1678 4295 1952 4348 προηγου-

379 4361 570 4431 μάνης·

2051 3174 2254 3243 aliquid
2291 3175 2596 3244 peregerint
2641 3191 2656 3229 :
2700 3186 2957 3246 tanquam
3004 3177 3354 3246 intelligentia
3386 3179 3616 3246 prmditi,

2053 3265 2255 3320 nullam
2313 3281 2378 3322 ex
2433 3282 2499 3322 eo
2551 3274 2792 3336 tempore
2840 3269 3138 3323 divertendi
3171 3269 3478 3323 facultatem
3527 3270 3620 3323 lia-

2050 3357 2236 3414 beant.
2345 3392 2352 3399 .

2600 3450 2900 3506 TITULUS
2941 3452 3056 3506 ΧΠ.

2052 3561 2132 3617 De
2159 3563 2357 3629 nuptiis
2390 3562 2647 3631 concessis
2673 3570 2724 3614 et
2760 3560 3061 3631 prohibitis,
3101 3564 3286 3630 primis
3333 3580 3398 3616 ac
3426 3579 3623 3616 urun-

2123 3633 2230 3693 αις,
2257 3630 2623 3686 interveniente
2651 3630 2938 3700 scriptura,
2987 3633 3065 3686 vel
3114 3647 3217 3690 nou
3251 3633 3620 3688 interveniente

2124 3703 2424 3755 contractis.

2124 3812 2150 3866 i
2162 3809 2392 3880 .Nuptize
2409 3811 2836 3868 Christianorum
2850 3814 2933 3868 vel
2951 3813 3340 3868 interveniente
3353 3814 3618 3883 scriptura

2054 3904 2140 3959 vel
2180 3907 2314 3960 citra
2366 3906 2698 3976 scripturam
2735 3909 3136 3962 contrahuntur
3177 3907 3317 3962 inter
3350 3908 3525 3962 virum
3567 3921 3624 3964 et

2055 3999 2360 4064 mulierem,
2401 3999 2475 4054 ita
2519 4008 2581 4054 ut
2637 4008 2768 4055 aetas
2805 4009 2928 4069 apta
2968 4000 3040 4053 sit
3079 4000 3145 4054 ad
3186 3999 3655 4069 copulationein;.

2054 4090 2155 4144 viri
2188 4091 2428 4159 quidem,
2457 4090 2524 4146 ab
2557 4106 2700 4146 anno
2729 4090 3165 4160 quintodecimo;
3218 4091 3466 4146 mulieris
3520 4105 3619 4144 an-

2056 4187 2190 4242 tem,
2240 4179 2307 4232 ab
2340 4194 2482 4234 anno
2528 4181 2952 4236 decimotertio:
3005 4181 3249 4248 utrisque
3299 4181 3620 4242 volentibus,

2053 4279 2105 4323 et
2137 4283 2416 4338 parentum
2451 4286 2714 4326 consensu
2749 4275 3100 4340 praecedente.

453 4451 522 4521 β’.
563 4453 920 4508 Κεκώλυνται
948 4455 1027 4522 δὲ,
1062 4456 1177 4511 ὅσοι
1222 4459 1286 4515 ὲκ
1315 4457 1410 4510 τοῦ
1459 4460 1614 4526 ἁγίου
1655 4462 1748 4514 καὶ
1773 4477 1943 4530 σωτη-

2127 4451 2182 4506 2.
2228 4451 2560 4507 Contrahere
2601 4452 2856 4520 prohibiti
2891 4461 3036 4517 sunt,
3073 4462 3334 4522 quotquot
3369 4469 3436 4509 ex
3469 4469 3625 4510 sacro

380 4541 607 4610 ριώδους
631 4543 1003 4614 βαπτίσματος
1020 4546 1268 4618 ἀλλήλοις
1295 4550 1727 4622 προσηνὼθησαν
1744 4567 1757 4582 ·
1791 4569 1949 4605 τουτ-

379 4635 551 4700 έστιν,
583 4635 841 4705 ἀνάδοχος
876 4639 940 4691 ὲκ
969 4638 1070 4708 τῆς
1115 4639 1372 4708 τοιαύτης
1404 4639 1670 4714 θυγατρὸς
1697 4685 1712 4709 ,
1734 4644 1828 4697 καί⁵
1856 4645 1954 4715 τῆς

378 4724 587 4794 ταύτης
642 4728 867 4797 μητρός.
904 4729 1180 4793 Ὡσαύτως
1213 4731 1272 4784 δὲ
1319 4733 1414 4786 καὶ
1437 4735 1465 4786 ό
1499 4735 1665 4788 αὐτοῦ
1709 4736 1844 4801 υίὸς,
1893 4738 1954 4790 ὲκ

381 4814 480 4882 τῆς
499 4817 760 4887 τοιαύτης
794 4819 1021 4891 μητρός.
1051 4821 1162 4874 Καὶ
1195 4821 1311 4874 ὅσοι
1335 4822 1395 4886 ἐξ
1419 4825 1649 4895 αἵματος
1671 4828 1955 4894 συγγενεῖς

383 4901 482 4974 [σί.
516 4906 860 4978 συγγενείας]
893 4909 1144 4980 ἀλλήλοις
1179 4913 1557 4982 γνωρίζονται,
1591 4916 1837 4968 τουτέστι
1862 4932 1956 4984 γο-

381 4999 490 5058 νετς
519 4997 658 5066 πρὸς
681 5000 872 5063 τέκνα,
897 5001 1118 5071 ἀδελφοὶ
1144 5003 1282 5073 πρὸς
1320 5004 1580 5074 ἀδελφὰς,
1612 5007 1707 5059 καὶ
1733 5008 1803 5061 τὰ
1828 5009 1953 5062 τού-

384 5101 492 5138 των
517 5087 707 5150 τέκνα,
745 5089 795 5141 oi
831 5088 1116 5160 λεγόμενοι
1148 5091 1451 5162 ἐξάδελφοι,
1486 5103 1578 5148 καὶ
1607 5097 1656 5148 οἱ
1689 5099 1746 5162 ἐξ
1776 5097 1955 5150 αὐτῶν

391 5175 690 5245 τικώμενοι
718 5180 904 5241 παῖδες
931 5183 1026 5233 καὶ
1063 5182 1246 5250 μόνον.
1271 5185 1379 5236 Καὶ
1413 5185 1526 5237 ὅσοι
1559 5185 1620 5250 ἐξ
1654 5188 1954 5257 ἐπιγαμίας

391 5267 774 5336 γνωριζόμενοι
800 5274 1104 5338 συγγενεῖς,
1129 5275 1380 5343 πατρωὸς
1401 5278 1481 5339 είς
1510 5279 1806 5348 προγόνην,
1829 5295 1958 5332 πεν-

387 5354 541 5425 θερὸς
565 5357 701 5428 πρὸς
729 5360 969 5431 νύμφην,
1007 5365 1270 5434 πρόγονος
1292 5367 1372 5429 είς
1406 5369 1697 5437 μητρυιὰν,
1730 5371 1957 5440 ἁδελφὸς

389 5447 526 5516 πρὸς
577 5451 820 5521 νύμφην,
877 5454 1046 5524 ἧγουν
1102 5460 1340 5524 γυναῖκα
1398 5459 1651 5528 ἀδελφοῦ.
1727 5461 1956 5530 Ὁμοίως

390 5540 571 5609 πατὴρ
615 5541 714 5594 καὶ
763 5543 879 5604 υίὸς
929 5547 1066 5615 πρὸς
1105 5548 1317 5620 μητέρα
1367 5551 1462 5600 καὶ
1525 5548 1822 5621 θυγατέρα,
1865 5550 1958 5603 δύο

392 5628 605 5698 ἀδελφοὶ
649 5634 731 5696 είς
767 5633 862 5687 δύο
897 5635 1154 5705 ἀδελφάς.
1183 5639 1304 5690 Ἔτι
1357 5639 1411 5692 δὲ
1459 5640 1554 5693 καὶ
1606 5642 1719 5693 ὅσοι
1748 5641 1806 5706 ἐξ
1843 5643 1962 5704 ἑνὸς

395 5715 646 5789 ἄναῦόχου
671 5720 760 5775 διὰ
791 5722 882 5777 τοῦ
907 5725 1064 5792 ἁγίου
1097 5725 1474 5796 βαπτίσματος
1524 5729 1957 5801 ἀνεγεννήθησλν

2058 4553 2113 4600 et
2139 4543 2362 4600 salutari
2402 4544 2720 4612 baptismate
2747 4545 2847 4598 sibi
2885 4545 3112 4600 invicem
3148 4546 3417 4614 conjuncti
3451 4556 3577 4600 sum
3610 4564 3624 4600 :

2060 4636 2164 4692 hoc
2202 4646 2306 4700 est,
2338 4644 2620 4702 susceptor
2649 4646 2866 4691 arcetur
2892 4636 2962 4692 ab
2989 4637 3250 4705 ejusmodi
3286 4638 3393 4692 lilia
3435 4647 3508 4703 et,
3543 4637 3626 4705 ip-

2061 4732 2174 4786 sius
2203 4739 2397 4784 matre.
2433 4728 2696 4783 Similiter
2736 4737 2792 4784 et
2839 4729 2980 4783 titius
3023 4731 3213 4799 ipsius,
3243 4730 3314 4786 ab
3361 4728 3626 4800 eiusiuodi

2063 4835 2255 4881 matre.
2286 4823 2418 4878 Tum
2465 4831 2730 4894 quotquot
2774 4825 2985 4881 ratione
3014 4826 3295 4895 sanguinis
3339 4840 3459 4882 esse
3488 4827 3628 4881 inter

2063 4931 2124 4971 se
2169 4916 2456 4986 prepinqui
2501 4925 2888 4986 agnoscuntur,
2926 4916 3030 4972 hoc
3064 4927 3167 4981 est,
3199 4928 3452 4986 parentes
3501 4933 3626 4972 cum

2061 5005 2268 5069 liberis,
2301 5006 2498 5062 fratres
2531 5019 2653 5061 cum
2689 5007 2984 5073 sororibus,
3019 5015 3074 5062 et
3098 5006 3289 5062 horum
3324 5007 3506 5073 liberi,
3535 5010 3631 5076 qui

2063 5098 2292 5153 fratrum
2325 5097 2479 5154 liberi
2510 5099 2784 5162 dicuntur,
2811 5109 2866 5154 et
2898 5101 2988 5171 qui
3021 5114 3086 5154 ex
3121 5100 3208 5156 liis
3239 5103 3517 5158 dumtaxat
3546 5103 3630 5170 gi-

2063 5199 2302 5260 gnuntur
2345 5189 2500 5244 liberi
2532 5204 2546 5254 ;
2595 5199 2705 5243 tum
2738 5199 3000 5259 quotquot
3029 5204 3094 5246 ex
3129 5190 3385 5247 aliinitate
3414 5192 3628 5259 cognati

2063 5288 2432 5350 agnoscuntur
2481 5298 2496 5331 ι
2541 5279 2761 5335 vitricus
2808 5296 2929 5334 cum
2994 5282 3256 5350 privigna,
3311 5295 3467 5334 socer
3507 5294 3628 5333 cum

2065 5385 2226 5432 nuru,
2253 5370 2531 5438 privignus
2563 5385 2684 5424 cum
2720 5385 2970 5435 noverca,
3001 5370 3169 5426 frater
3193 5386 3320 5425 cum
3343 5370 3550 5434 fratris,
3576 5372 3628 5423 id

2063 5467 2164 5523 est,
2199 5474 2365 5514 uxore
2392 5459 2594 5514 fratris.
2619 5458 2876 5517 Similiter
2899 5470 3051 5530 pater
3069 5469 3124 5515 et
3145 5460 3286 5516 filius
3310 5475 3433 5514 cum
3460 5471 3633 5514 matre

2066 5566 2129 5606 ac
2153 5552 2280 5617 lilia,
2311 5554 2419 5608 duo
2440 5552 2637 5610 fratres
2660 5569 2780 5609 cum
2807 5555 3011 5610 duabus
3040 5553 3334 5614 sororibus.
3364 5552 3629 5608 Praeterea

2065 5644 2156 5711 qui
2206 5659 2304 5713 per
2349 5661 2512 5698 unum
2563 5657 2928 5715 susceptorem
2979 5660 3043 5700 ex
3088 5654 3277 5700 sancto
3312 5645 3633 5712 baptismate

2070 5736 2244 5789 renati
2299 5745 2423 5791 sunt
2471 5735 2670 5794 fratres
2714 5736 3045 5807 spirituales,
3083 5738 3180 5792 IIOC
3225 5746 3331 5804 est,
3366 5734 3636 5792 masculus
