4050 6426
402 257 508 320 495

1433 253 1939 314 CONSTANTINI
1983 251 2662 314 PORPHYllOGENITI

3563 261 3670 326 496

404 379 461 423 ct
508 365 704 438 puella.
743 365 810 419 ‘ln
865 364 1117 422 omnibus
1167 365 1314 422 hisce
1354 365 1528 420 modis
1561 381 1660 420 nec
1706 365 1973 433 sponsalia

2081 365 2302 434 ἀδελφοὶ
2335 368 2718 436 πνευματικοὶ,
2755 369 3000 423 τουτέστι
3068 373 3399 445 παλικάριον
3440 376 3533 429 καὶ
3573 394 3668 431 κο-

342 529 344 536 λ
393 460 823 515 contrahantur.

476 643 533 697 5.
567 641 971 696 interveniente
1009 642 1278 710 scriptura
1329 641 1528 707 nuptiae
1557 641 1980 706 contrahuntur,

401 748 500 802 per
550 735 1002 802 comprehensum
1039 732 1244 799 scripto
1305 728 1484 785 dotale
1533 731 1980 796 instrumentum,

379 823 608 878 tactum
655 823 756 877 sub
804 824 976 876 tribus
1014 822 1120 875 [ide
1153 820 1331 889 dignis
1378 820 1641 886 testibus,
1678 821 1981 876 secundum

407 929 492 980 ea,
544 929 665 984 quze
697 927 890 968 recens
935 927 964 965 a
999 911 1153 965 nobis
1182 911 1267 979 pie
1314 913 1636 965 sanciantur
1676 928 1689 965 :
1728 912 1798 967 ita
1837 921 1894 966 ut
1928 913 1980 967 in

371 1020 466 1059 σεο
495 1005 725 1059 maritus
775 1003 840 1056 de
886 1010 1106 1070 accepta
1141 1002 1267 1056 dote
1317 1002 1524 1070 integra
1561 1012 1772 1067 caveat,
1809 1005 1983 1073 deque

401 1101 550 1146 cctta
586 1100 641 1145 et
671 1090 849 1144 omnis
879 1088 1277 1144 imminutionis
1311 1101 1530 1159 experte
1562 1091 1704 1146 dotis
1738 1094 1982 1148 custodia

404 1184 519 1236 sive
537 1180 974 1247 conservatione;
995 1196 1100 1234 una
1130 1197 1250 1234 cum
1270 1195 1332 1234 ca
1357 1196 1591 1248 summa,
1615 1199 1734 1251 qua:
1753 1184 1981 1238 forteilli

401 1273 544 1328 dotis
595 1272 858 1341 augendae
907 1272 1130 1326 nomine
1170 1273 1237 1326 ab
1274 1272 1392 1342 ipso
1440 1274 1563 1325 data
1615 1282 1697 1327 est
1748 1289 1760 1324 :
1811 1275 1980 1328 ascri-

400 1363 575 1417 ben'do
613 1362 845 1431 denique
875 1362 928 1415 in
961 1361 1065 1416 hoc
1097 1361 1486 1428 instrumento,
1519 1363 1663 1430 quod
1698 1363 1767 1420 ab
1793 1377 1858 1420 eo
1884 1380 1981 1419 ex-

398 1455 637 1524 ponitur,
671 1454 965 1509 liberorum
1012 1468 1118 1508 non
1151 1453 1479 1508 exstantium
1511 1468 1660 1509 casu.

1055 1560 1306 1616 Scolium.

467 1671 641 1727 Casus
665 1685 775 1725 non
808 1670 1139 1724 exstantium
1172 1668 1490 1739 liberorum,
1520 1679 1603 1724 est
1626 1684 1750 1738 pars
1782 1679 1977 1739 quarta

398 1741 594 1795 tldtalis
623 1741 908 1811 hypoboli,
939 1742 1053 1811 sive
1072 1738 1228 1811 dotis
1272 1748 1466 1793 auctae.
1495 1739 1742 1811 Exempli
1790 1738 1975 1796 causa.

403 1814 510 1864 Dos
560 1808 807 1863 mulieris
845 1809 1034 1879 viginti
1071 1808 1222 1879 librae
1271 1818 1450 1879 sunto.
1492 1808 1829 1862 Promissum
1862 1825 1984 1864 mu-

401 1881 518 1933 li-eri
570 1895 598 1932 a
643 1877 1202 1961 marito‘h'ypobolum
1249 1877 1333 1961 vel
1377 1879 1979 1961 incrementumﬁctis,

393 1949 552 2018 libra:
581 1951 786 2003 decem.
822 1947 1060 2016 Utraque
1095 1947 1351 2015 permista
1387 1947 1523 2002 liunt
1555 1949 1706 2002 libra:
1737 1947 1976 2018 triginta.

399 2017 604 2072 Harum
632 2017 848 2088 triginta
878 2017 1132 2072 librarmn
1155 2031 1281 2088 pars
1304 2026 1496 2084 quarta
1522 2017 1831 2088 suntlihrae
1858 2033 1982 2088 sep-

401 2101 510 2142 tem
565 2084 750 2142 semis.
796 2084 962 2157 Igitur
993 2103 1020 2140 a
1048 2087 1247 2167 marito
1286 2098 1479 2166 praeter
1509 2087 1860 2157 hypobolntn,
1900 2084 1981 2144 liae

397 2173 614 2226 quoque
637 2158 788 2212 libra:
817 2166 1024 2227 septem
1051 2158 1217 2209 semis
1240 2158 1554 2226 exiguntur.

472 2271 591 2336 Quo
622 2269 732 2335 lict,
766 2279 822 2324 ut
854 2269 996 2324 inter
1023 2282 1119 2324 eos
1154 2267 1516 2324 instrumenta
1548 2269 1652 2325 tria
1681 2271 1979 2327 conﬁcian-

398 2372 505 2416 tur:
539 2361 646 2415 duo
673 2360 892 2431 quidem
923 2374 1020 2428 pro
1050 2359 1193 2414 dotis
1221 2361 1562 2430 syngraphis,
1599 2361 1801 2417 tenoris
1833 2361 1979 2432 ejus-

396 2455 517 2507 dem
550 2472 566 2518 ;
593 2452 813 2506 tertium
841 2466 991 2519 vero,
1022 2450 1166 2520 quod
1198 2453 1355 2506 uxori
1382 2468 1410 2506 a
1441 2454 1637 2509 marito
1666 2455 1973 2524 exponitur.

379 2543 506 2597 Nec
534 2543 791 2612 stipulato
818 2545 1164 2611 promittetur
1195 2555 1288 2601 aut
1321 2550 1694 2604 conscribetur
1729 2565 1759 2606 a
1783 2551 1978 2606 marito

394 2633 616 2686 donatio
658 2641 879 2702 pr0pter
905 2635 1146 2704 nuptias,
1179 2651 1301 2705 quae
1335 2638 1476 2694 dotis
1504 2639 1572 2694 ad
1600 2640 1775 2710 ipsum
1801 2642 1978 2696 allata:

393 2737 660 2777 summam
689 2733 885 2793 aequet.

453 2816 520 2868 ’4.
553 2814 709 2881 Quod
739 2816 788 2870 si
817 2815 931 2872 fato
982 2819 1177 2875 mulier
1207 2820 1412 2891 absque
1443 2823 1628 2878 liberis
1661 2832 1786 2879 ante
1814 2825 1979 2880 mari-

371 2913 510 2958 tum
535 2904 790 2960 defuncta
819 2904 1007 2974 fuerit,
1040 2923 1290 2979 quartam
1322 2912 1410 2967 ille
1457 2914 1737 2969 dumtaxat
1760 2927 1974 2984 partem

396 2991 563 3062 totius
600 2993 683 3060 (ut
729 2995 931 3048 dictum
981 2999 1085 3069 eat)
1120 3000 1188 3054 ab
1235 3015 1292 3056 se
1336 3011 1511 3056 cautae
1553 3004 1694 3058 dotis
1725 3003 1858 3059 lucri
1891 3007 1971 3061 sui
2000 3034 2043 3092 ο

388 3083 615 3136 nomine
648 3082 862 3150 retinet,
897 3100 959 3140 ac
993 3088 1256 3158 reliquam
1292 3091 1556 3157 ejusmodi
1587 3091 1728 3147 datis
1762 3103 1972 3163 partem

393 3181 645 3241 quartam
693 3190 813 3229 cum
864 3176 1096 3233 semisse
1141 3180 1222 3234 vel
1274 3195 1340 3234 ex
1397 3197 1650 3251 suprema
1693 3185 1975 3241 voluntate

394 3263 637 3320 mulieris
667 3265 975 3321 hazredibus
1022 3269 1290 3338 restituat,
1319 3270 1400 3325 vel
1442 3271 1563 3328 aliis
1593 3274 1708 3342 ejus
1741 3275 1970 3330 haeredi-

389 3353 514 3418 bus,
554 3355 644 3425 qui
694 3356 762 3411 ad
815 3358 1216 3413 successionem
1270 3361 1339 3416 ab
1385 3362 1640 3421 intestato
1683 3377 1970 3432 vocantur,

372 3443 602 3501 reddat.
1675 3530 1678 3532 γ

440 3535 516 3590 ι5.
549 3537 648 3591 Sin
692 3539 923 3596 maritus
953 3549 1083 3596 ante
1117 3541 1402 3613 conjugem
1440 3561 1591 3600 suam
1631 3547 1750 3603 sine
1785 3548 1972 3605 liberis

390 3625 703 3695 decesserit,
752 3632 1116 3687 consimiliter
1151 3633 1239 3688 illa
1274 3646 1470 3705 praeter
1501 3637 1766 3708 integram
1799 3649 1972 3695 cautae

389 3716 492 3771 sibi
522 3717 666 3772 dotis
698 3720 1122 3789 restitutionem,
1157 3726 1320 3778 etiam
1355 3737 1567 3795 partem
1594 3739 1842 3798 quartam
1874 3731 1970 3786 do-

376 3806 460 3862 .tis
486 3807 656 3877 ipsius
685 3824 753 3864 ex
787 3811 990 3866 relictis
1019 3830 1047 3866 a
1074 3815 1269 3870 marito
1295 3829 1397 3870 suo
1427 3818 1609 3874 omnis
1637 3821 1851 3888 generis
1883 3836 1971 3877 re-

389 3899 491 3953 bus
521 3899 635 3954 sive
666 3901 825 3956 bonis
849 3903 1066 3958 nomine
1094 3920 1252 3961 casus
1281 3922 1387 3961 non
1414 3911 1745 3966 exstantium
1773 3911 1970 3968 libero-

391 4000 508 4039 run:
541 4002 638 4056 pro
680 3989 832 4045 lucro'
861 4005 962 4045 suo
1012 3994 1189 4062 capiet
1231 4011 1245 4047 :
1292 4004 1347 4049 et
1389 4010 1571 4064 omne,
1609 4003 1970 4073 quodcunque

387 4087 660 4145 superest,
688 4080 1080 4148 patrimonium
1112 4084 1249 4150 ejus,
1289 4085 1370 4140 vel
1396 4085 1463 4140 ad
1504 4089 1749 4148 haeredes
1779 4108 1845 4148 ex
1876 4111 1969 4151 su-

388 4180 578 4236 prema
609 4168 777 4238 ipsius
814 4171 1110 4238 voluntate,
1141 4175 1220 4228 vel
1248 4176 1318 4228 ad
1338 4189 1461 4244 eos,
1499 4179 1590 4248 qui
1614 4181 1682 4234 ab
1713 4182 1968 4242 intestato

377 4259 434 4310 .ei
470 4262 788 4328 succedunt,
812 4264 1110 4331 perveniet.

440 4446 511 4498 ιϐ.
549 4446 702 4512 Quod
748 4448 792 4501 si
842 4448 1026 4504 liberis
1077 4454 1448 4522 exstantibus,
1498 4467 1625 4514 ante
1683 4464 1963 4535 conjung

388 4550 540 4589 suam
578 4537 806 4592 maritus
846 4539 1148 4597 decesserit
1179 4560 1194 4596 :
1233 4560 1403 4612 uxor,
1436 4547 1488 4602 id
1518 4560 1622 4616 est,
1652 4558 1964 4613 earumdem

388 4623 682 4678 liberorum
707 4635 900 4690 mater,
927 4628 980 4681 in
1013 4639 1284 4698 potestate
1313 4647 1406 4687 sua
1429 4643 1535 4689 tam
1560 4638 1740 4694 dotem
1768 4643 1961 4711 ipsam,

387 4729 550 4783 quam
589 4715 902 4771 universum
948 4721 1131 4776 mariti
1178 4725 1566 4792 patrimonium
1621 4733 1874 4799 retineat,
1911 4745 1968 4788 et

380 4805 700 4860 universam
736 4809 930 4866 domus
970 4811 1084 4878 ipsa
1122 4826 1314 4870 curam
1357 4827 1411 4871 et
1434 4819 1963 4880 administrationem

391 4905 566 4966 gerat.
618 4899 704 4953 ubi
749 4901 923 4970 palam
971 4905 1396 4974 descriptionem
1431 4911 1702 4980 publicam
1753 4914 1961 4983 fecerit,

389 4990 494 5044 hoc
521 5002 626 5058 est,
663 4992 1028 5051 inventarium
1062 4999 1251 5065 totius,
1286 5003 1430 5070 quod
1453 5019 1483 5056 a
1520 5006 1714 5061 marito
1750 5023 1850 5063 suo
1876 5024 1957 5064 re-

387 5080 672 5150 linquitur,
696 5085 1047 5155 patrimonii;
1082 5100 1135 5145 et
1164 5094 1342 5147 omnis
1367 5096 1582 5165 generis
1615 5095 1964 5163 facultatum,

387 5170 613 5240 adjectis
660 5175 836 5230 cidem
885 5178 1234 5247 descriptioni
1289 5185 1374 5237 vel
1419 5184 1724 5242 inventario
1753 5192 1967 5246 cunctis

388 5262 552 5316 etiam
587 5264 745 5320 bonis
784 5266 894 5321 suis
923 5268 1212 5335 dotalibus,
1244 5283 1298 5326 et
1329 5274 1413 5340 iis,
1445 5291 1562 5344 quae
1589 5277 1644 5330 in
1678 5283 1836 5334 rebus
1867 5299 1964 5336 ex-

389 5359 470 5405 tra
516 5353 694 5408 dotem
743 5358 1052 5414 constitutis
1076 5360 1240 5416 habet
1273 5379 1287 5414 :
1323 5365 1444 5432 quae
1473 5369 1688 5433 quidem
1714 5376 1967 5427 extrado-

389 5442 518 5496 talia
563 5443 941 5504 demonstrare
985 5465 1080 5519 per
1112 5452 1359 5509 ellicaces
1406 5458 1756 5524 probationes
1782 5463 1964 5529 debet,

385 5545 450 5584 ea
485 5544 546 5585 se
583 5533 791 5588 scilicet
835 5537 891 5590 in
933 5541 1034 5594 viri
1087 5540 1170 5594 sui
1203 5542 1423 5598 domum
1452 5548 1719 5615 attulisse,
1745 5553 1969 5623 jamque

385 5632 506 5686 post
534 5633 764 5680 mortem
791 5627 934 5685 illius
966 5644 1213 5699 exstare;
1249 5650 1356 5690 non
1393 5638 1718 5700 habentibus
1749 5643 1866 5714 ejus
1900 5646 1966 5701 li-

2091 457 2297 524 ράσιον.
2343 457 2471 512 Ἐπὶ
2495 457 2705 523 τούτοις
2737 460 2870 512 πᾶσι
2891 460 3116 532 τρόποις
3147 461 3246 537 [αι.
3282 463 3491 536 τόποις]
3532 466 3669 536 μηδὲ

2088 547 2358 616 μνηστεία
2387 549 2650 616 γενέσθω.

2154 634 2223 703 γ’.
2261 637 2580 709 Ἔγγραφος
2611 638 2710 710 (al.
2771 639 3089 714 ἐγγράφως]
3145 641 3323 712 γάμος
3353 642 3670 696 συνίσταται

2084 723 2152 778 δι’
2171 727 2452 797 ἐγγράφου
2487 730 2765 800 προικῲου
2790 731 3142 802 συμϐολαίου,
3179 735 3284 786 ὑπὸ
3321 734 3491 803 τριῶν
3518 734 3670 801 ἀξιο-

2084 818 2293 871 πίστων
2336 819 2655 890 μαρτύρων,
2687 822 2830 876 κατὰ
2863 825 2932 878 τά
2976 824 3105 894 παρ’
3131 825 3288 894 ἡμῶν
3327 826 3531 896 ἀρτίως
3570 827 3671 908 ,εύ-

2086 907 2263 972 σεδῶς
2294 909 2758 982 νομοθετούμενα’
2815 913 2956 966 ὥστε
2984 915 3042 968 ὲν
3086 917 3237 986 αὐτῷ
3263 917 3550 986 ὁμολογεῖν
3571 907 3669 971 τὸν

2084 998 2254 1069 ἄνδρα
2284 1000 2382 1070 τήν
2432 1017 2492 1053 τε
2551 1002 2740 1074 ἐντελῆ
2798 1005 2898 1076 τῆς
2941 1006 3167 1077 προικὸς
3226 1009 3524 1074 οἰκείωσιν,
3574 1011 3671 1063 κ.ὶ

2083 1091 2428 1145 ἀδιάπτωτον
2456 1093 2550 1146 καὶ
2603 1095 2876 1165 άμείωτον
2908 1097 3080 1168 αὐτῆς
3130 1100 3533 1172 παραφυλακὴν
3572 1102 3669 1154 καὶ

2085 1183 2439 1254 συντήρησιν,
2479 1185 2619 1254 μετὰ
2653 1187 2748 1240 καὶ
2778 1189 2902 1258 τῆς,
2940 1188 3012 1252 ὡς
3052 1190 3218 1256 εἰκὸς,
3249 1193 3378 1260 παρ’
3412 1191 3578 1245 αὑτοῦ
3609 1194 3667 1244 ὲν

2085 1273 2395 1344 ὲπαυξήσει
2423 1278 2895 1350 άποχαρισθείσης
2923 1282 3060 1352 αὐτῇ
3096 1283 3418 1353 ποσότητος,
3460 1286 3667 1355 ὲγγρα-

2085 1365 2322 1434 φομένου
2352 1369 2410 1420 ἐν
2459 1367 2537 1439 τῷ
2584 1373 2718 1442 παρ’
2758 1373 2923 1426 αὑτοῦ
2965 1373 3301 1444 ὲκτιθεμένῳ
3358 1376 3667 1448 συμϐολαίῳ

2086 1457 2288 1511 κάσσου
2323 1459 2385 1524 ἐξ
2423 1460 2702 1527 ἀπαιδίας.

2731 1577 2779 1627 Σ
2780 1575 3012 1644 χόλιον.

2141 1676 2230 1762 ’Τὸ
2258 1676 2318 1766 ἐξ
2345 1678 2604 1773 ἀπαιδίας
2631 1683 3158 1773 Ξιάσσονεητέταρτον
3175 1687 3354 1773 ,μλέρος
3387 1686 3481 1773 ’ξοιῦ
3506 1705 3666 1760 προια

2086 1749 2232 1816 κῴου
2295 1749 2562 1802 ὐποΰόλου
2627 1753 2797 1806 ἐστίν.
2848 1755 2936 1816 Ὠς
2987 1749 3045 1808 ὲν
3105 1749 3360 1810 ὑποθέσει
3399 1749 3665 1827 λέγομενο

2090 1815 2278 1892 Ἔστιν
2310 1819 2343 1887 ἡ
2376 1819 2553 1892 προὶξῗ
2571 1821 2672 1890 τῆς
2701 1823 2980 1889 γυναικὸς,
3014 1824 3192 1892 λίτραι
3225 1832 3304 1878 κ’·
3353 1827 3414 1880 τὸ
3452 1828 3508 1882 δὲ
3537 1829 3668 1880 ὑπο-

2087 1885 2277 1968 σχεθξν
2303 1885 2452 1968 παρὰ
2475 1891 2567 1944 τοῦ
2592 1885 2784 1968 ἀνδρὸς
2830 1896 2895 1964 τῇ
2924 1885 3143 1968 γυναυᾶ
3168 1895 3449 1968 ὑπόθολον,
3488 1897 3667 1968 λίτραι

2086 1960 2139 2036 ι’,
2200 1955 2511 2036 Ἀμφότερα
2565 1955 2895 2036 μιγν’ύμενα”
2931 1955 3174 2036 γίνονται
3239 1955 3446 2036 λίτραί
3474 1967 3536 2022 λ’.
3576 1955 3666 2021 ’Τὸ

2083 2023 2349 2107 τέταρτοῇ
2363 2023 2784 2107 τῶντρίάέοντξα
2812 2023 3266 2107 Δγίνοντέιιιμλίτρσιι
3296 2023 3436 2090 ἑπτὰ
3465 2038 3662 2107 ἥμισυ.

2096 2092 2440 2170 ’ᾼπαιτεξται
2474 2101 2501 2151 ό
2524 2092 2670 2170 ανὴρ
2699 2092 2902 2165 ἔξωθεν
2927 2100 3021 2156 τοῦ
3050 2092 3315 2158 ὑποέόλου
3345 2107 3440 2160 καὶ
3461 2092 3665 2170 τ’ἀύτας

2081 2162 2182 2226 τὰς
2213 2164 2354 2219 ἑπτά
2380 2167 2550 2238 ἣμισυ
2577 2162 2788 2240 λίτρας.

2153 2278 2334 2348 Τριῶν
2367 2279 2610 2351 δηλονότι
2643 2283 2988 2354 συμϐολαίων
3009 2287 3213 2356 μεταξὺ
3246 2287 3428 2342 αὐτῶν
3457 2305 3666 2360 προερ-

2081 2371 2365 2439 χομένων’
2403 2369 2496 2423 δύο
2561 2371 2661 2440 μὲν
2707 2374 2830 2427 ἀντὶ
2888 2378 3220 2447 συγγράφων
3272 2379 3371 2448 τῆς
3436 2383 3664 2451 προικὸς

2085 2458 2419 2528 ἰσοδυνάμων
2441 2478 2453 2491 ’
2489 2461 2586 2514 τοῦ
2613 2462 2669 2514 δὲ
2699 2464 2892 2534 ἐτέρου
2935 2467 3090 2537 παρὰ
3148 2469 3243 2522 τοῦ
3277 2470 3470 2542 ἀνδρὸς
3523 2473 3662 2542 πρὸς

2078 2546 2178 2618 τὴν
2227 2550 2460 2616 γυναῖκα
2494 2549 2874 2620 ὲκτιθεμένου.
2924 2555 3036 2606 και
3081 2556 3156 2626 μὴ
3194 2557 3576 2628 ἐπερωτᾶσθαι
3624 2559 3659 2627 ἢ

2079 2639 2539 2712 καταγράφεσθαι
2587 2643 2737 2712 παρὰ
2790 2644 2885 2696 τοῦ
2955 2646 3150 2717 ἀνδρὸς
3218 2650 3504 2720 ἰσόμετρον
3561 2651 3662 2720 τῆς

2078 2737 2448 2807 εἰσαγομένης
2479 2736 2628 2806 αὐτῷ
2652 2740 2878 2810 προικὸς
2909 2746 3288 2814 προγαμιαίαν
3319 2745 3550 2816 δωρεάν.

2147 2825 2208 2879 δ’.
2247 2828 2358 2880 Καὶ
2400 2831 2448 2881 εἰ
2482 2828 2667 2900 δεήσει
2707 2831 2805 2902 τὴν
2865 2836 3098 2900 γυναῖκα
3139 2837 3348 2890 παίδων
3397 2838 3525 2892 ἄνευ
3552 2837 3661 2910 πρὸ

2076 2916 2170 2969 τοῦ
2199 2916 2391 2986 ἀνδρὸς
2414 2917 2763 2989 τελευτῆσαι,
2797 2921 3063 2992 τετάρτην
3116 2927 3311 2995 μοῖραν
3338 2928 3432 2980 καὶ
3496 2928 3658 2998 μόνον

2077 3008 2142 3060 ὲκ
2183 3008 2386 3078 πάσης,
2435 3008 2510 3073 ὼς
2568 3011 2801 3081 εἴρηται,
2835 3013 3265 3086 ὁμολογηθείσης
3324 3019 3456 3090 παρ’
3487 3019 3655 3073 αὐτοῦ

2077 3100 2304 3168 προικὸς
2332 3101 2414 3163 είς
2482 3101 2612 3154 ἴδιον
2667 3102 2859 3174 κέρδος
2901 3106 3192 3176 ὲγκρατεῖν
3239 3109 3424 3175 αὑτὸν,
3468 3112 3563 3166 καὶ
3595 3113 3656 3165 τὸ

2075 3191 2373 3246 ὑπόλοιπον
2404 3195 2842 3266 ήμισυτέταρτον
2883 3199 3049 3268 μέρος
3077 3202 3174 3270 τῆς
3199 3203 3458 3273 τοιαύτης
3496 3222 3655 3276 προιο

2074 3283 2167 3346 κὸς
2201 3285 2333 3354 ἢείς
2363 3286 2489 3350 τοὺς
2523 3289 2588 3340 ἐκ
2622 3287 2944 3353 τελευταίας
2966 3290 3137 3361 αὐτῆς
3179 3291 3494 3362 βουλήσεως
3520 3295 3652 3365 κλη-

2075 3373 2340 3442 ρονόμους
2386 3376 2880 3445 ἀποκαθίστασθαι,
2913 3379 2946 3450 ἢ
3008 3381 3088 3446 είς
3126 3387 3254 3447 τοὺς
3281 3384 3339 3449 ἐξ
3371 3385 3656 3440 ἀδιαθέτου

2074 3466 2440 3536 καλουμένους
2465 3470 2636 3542 αὐτῆς
2664 3471 3036 3544 κληρονόμους
3067 3474 3438 3530 ἀποδίδοσθαι.

2144 3566 2205 3612 ε’.
2239 3559 2299 3612 El
2334 3559 2391 3614 δὲ
2425 3565 2453 3615 ό
2496 3564 2638 3634 ἀνὴρ
2688 3564 2796 3636 πρὸ
2843 3567 2942 3634 τῆς
2991 3566 3126 3630 ιδίας
3169 3568 3425 3635 γυναικὸς
3453 3569 3658 3624 παίδων

2071 3651 2229 3715 ὲκτὸς
2256 3651 2574 3720 ἁποὸιὼσει,
2619 3655 2820 3725 ὁμοίως
2865 3657 3000 3728 πρὸς
3028 3661 3096 3729 τῇ
3129 3660 3334 3713 ὲντελεῖ
3372 3663 3655 3714 ἀποκατα-

2073 3742 2260 3796 στάσει
2281 3746 2380 3814 τῆς
2399 3745 2829 3817 ὁμολογηθείσης
2849 3748 2985 3819 αὐτῇ
3010 3751 3256 3820 προικὸς,
3283 3752 3375 3805 καὶ
3395 3751 3655 3824 τέταρτον

2075 3833 2239 3904 μέρος
2278 3834 2381 3903 τῆς
2417 3835 2673 3906 τοιαύτης
2704 3839 2929 3907 προικὸς
2971 3842 3036 3893 ὲκ
3062 3840 3171 3896 τῶν
3202 3843 3658 3912 ἐγκαταλειφθέν-

2070 3941 2178 3976 των
2230 3925 2324 3978 τοῦ
2373 3926 2567 3996 ἀνδρὸς
2607 3929 2780 4000 αὐτῆς
2833 3932 3102 3985 παντοίων
3159 3934 3504 4002 πραγμάτων
3563 3935 3654 3988 ἐπ’

2069 4015 2294 4085 ὀνόματι
2324 4021 2527 4073 κάσσου
2553 4023 2632 4086 είς
2663 4023 2852 4093 κέρδος
2881 4025 3078 4077 οἰκεῖον
3117 4024 3417 4095 λαμϐάνειν
3451 4029 3648 4100 αὐτὴν,

2070 4108 2165 4160 καὶ
2212 4107 2308 4179 τὴν
2335 4115 2799 4185 περιττευομένην
2843 4115 3088 4186 ἁνδρῲαν
3121 4116 3220 4188 [αι.
3268 4117 3462 4192 αὐτοῦ]
3494 4121 3653 4188 ,άπα-

2070 4215 2169 4251 σαν
2205 4198 2439 4271 ὕπαρξιν
2465 4203 2498 4273 ἢ
2530 4205 2609 4266 εἰς
2642 4205 2768 4266 τοὺς
2793 4205 2856 4258 ἐκ
2883 4205 3201 4271 τελευταίας
3230 4208 3395 4263 αὑτοῦ
3454 4209 3654 4283 βουλή-

2070 4291 2294 4361 σεως,ἦ
2335 4295 2416 4355 είς
2461 4295 2586 4356 τοὺς
2619 4295 2677 4360 ἐξ
2728 4296 3016 4348 άδιαθέτου
3067 4298 3234 4352 αὐτοῦ
3275 4299 3654 4374 κληρονόμους

1996 4383 2040 4437 ι)
2069 4380 2481 4450 περιέρχεσθαι.

2141 4470 2214 4534 ς’.
2246 4469 2309 4524 El
2344 4472 2400 4524 δὲ
2430 4472 2636 4526 παίδων
2662 4474 2908 4529 ὑπόντων
2933 4477 2962 4528 ὀ
2985 4476 3126 4550 ἀνὴρ
3151 4480 3259 4551 πρὸ
3288 4483 3390 4553 τῆς
3441 4485 3653 4549 οἷκείας

2068 4563 2312 4633 γαμετῆς
2345 4563 2680 4633 τελευτήσει,
2713 4565 2810 4637 τὴν
2865 4571 3136 4636 γυναῖκα,
3168 4574 3356 4643 ἤγουν,
3391 4573 3492 4644 τὴν
3540 4576 3649 4630 τῶν

2067 4655 2246 4707 αὐτῶν
2289 4655 2491 4710 τέκνων
2533 4657 2770 4729 μητέρα,
2824 4660 3123 4733 ὲγκάτοχον
3174 4666 3272 4733 τῆς
3314 4683 3374 4719 τε
3424 4669 3650 4737 προικὸς

2068 4747 2239 4816 αὐτῆς
2271 4749 2362 4800 καὶ
2395 4747 2643 4820 ἀνδρῴας
2673 4751 2893 4822 ἀπάσης
2924 4753 3210 4824 ὑπάρξεως
3239 4752 3400 4823 εἶναι,
3429 4761 3522 4813 καὶ
3553 4763 3651 4814 αὑ-

2068 4839 2166 4906 τὴν
2191 4840 2288 4908 τὴν
2319 4841 2504 4896 πᾶσαν
2528 4841 2624 4894 τοῦ
2651 4841 2803 4897 οἴκου
2835 4848 3102 4900 ποιεῖσθαι
3143 4850 3400 4918 φροντίδα
3442 4869 3502 4905 τε
3557 4856 3650 4906 καὶ

2067 4929 2352 5001 διοίκησιν,
2387 4933 2670 5005 προδήλως
2692 4934 2956 5006 δημοσίαν
2980 4940 3303 5012 ἀναγραφὴν
3319 4945 3648 5016 ποιουμένης

2068 5021 2260 5090 αὐτῆς,
2294 5024 2413 5094 ἦτοι
2445 5025 2699 5095 ίμὸέντον
2746 5028 2930 5098 πάσης
2955 5031 3054 5100 τῆς
3085 5033 3647 5105 καταλιμπανομένης

2071 5110 2173 5161 ὑπὸ
2223 5111 2316 5163 τοῦ
2364 5113 2554 5183 ἀνδρὸς
2608 5116 2779 5186 αὐτῆς
2809 5119 3072 5180 παντοίας
3123 5121 3414 5192 ὑπάρξεώς
3446 5141 3505 5176 τε
3551 5128 3648 5178 καὶ

2069 5202 2432 5270 περιουσίας,-
2460 5211 2839 5276 συγκειμένων
2875 5211 2932 5261 ὲν
2962 5212 3027 5280 τῇ
3081 5213 3306 5286 τοιαύτῃ
3353 5215 3645 5286 ἀναγραφῇ

2069 5291 2163 5342 καὶ
2225 5293 2332 5344 τῶν
2390 5297 2767 5366 προικιμαίων
2816 5299 2988 5368 αὐτῆς
3042 5305 3409 5372 πραγμάτων,
3467 5309 3560 5359 καὶ
3610 5308 3648 5362 ὃ,

2072 5380 2287 5433 ὕπεισιν
2314 5384 2453 5456 αὐτῇ
2485 5389 2579 5439 καὶ
2614 5389 2672 5442 έν
2705 5387 3090 5460 έξωπροίκοις,
3123 5395 3445 5466 ὀφειλούσης
3479 5400 3648 5470 αὐτῆς

2068 5471 2136 5523 τὰ
2181 5471 2494 5545 ἐξὼπροικα
2532 5477 2702 5541 δεῖξαι
2757 5479 2826 5532 δι’
2864 5482 3104 5554 ἐνεργῶν
3170 5488 3510 5554 συστάσεων,
3568 5491 3645 5552 ὡς

2068 5563 2240 5615 ταῦτα
2270 5567 2569 5636 εἰσήγαγεν
2605 5573 2664 5624 ὲν
2695 5571 2771 5643 τῷ
2794 5574 2930 5645 οἴκῳ
2958 5575 3053 5630 τοῦ
3103 5579 3294 5648 ἀνδρὸς
3329 5581 3516 5649 αὑτῆ.-,
3550 5581 3648 5633 καὶ

2073 5652 2353 5720 φαίνονται
2392 5659 2532 5725 μετὰ
2559 5659 2657 5731 τὴν
2688 5662 2855 5718 αὐτοῦ
2898 5665 3176 5739 τελευτὴν,
3229 5669 3303 5739 μὴ
3335 5669 3650 5739 δυναμένων
