4050 6418
411 392 521 456 497

1683 405 2076 468 DELECTUS
2110 409 2396 471 LEGUM.

3555 423 3664 487 498

410 508 520 562 τῶν
536 507 709 578 αὐτῆς
726 509 934 563 τέκνων
953 509 1439 566 ἀντικαθίστασθαι
1466 515 1625 589 αὐτῇ,
1645 517 1678 588 ἢ
1705 518 1985 590 ἐπιζητεῖν

2092 523 2252 589 beris,
2286 523 2342 577 in
2365 538 2473 593 quo
2503 524 2778 590 resistant,
2811 526 2893 582 vel
2919 535 3197 596 patern-m
3223 531 3290 586 ab
3314 547 3374 586 ea
3399 535 3658 590 substan-

409 596 542 667 παρ’
569 597 742 668 αὐτῆς
771 598 1035 669 πατρῴαν
1062 599 1361 656 ὑπόστασιν
1380 619 1394 634 ·
1429 603 1741 658 τούναντίον
1771 608 1868 677 μὲν
1895 607 1989 661 οὖν

409 692 507 744 καὶ
541 692 724 745 πᾶσαν
751 692 940 762 τιμὴν,
967 691 1065 747 καὶ
1090 693 1358 767 ὑπακοήν,
1399 695 1543 750 κατὰ
1591 697 1693 768 τὴν
1724 698 1819 751 τοῦ
1851 699 1988 754 Θεοῦ

406 781 652 852 ἐντολήν,
712 782 1105 852 προσαγόντων
1146 784 1287 855 αὐτῇ
1321 785 1397 848 ὡς
1433 787 1602 857 μητρί
1625 803 1640 820 ο
1703 789 1990 860 προδήλως

405 871 744 944 ὀφειλούσης
768 873 962 944 αὑτῆς,
992 873 1178 938 καθὼς
1202 875 1404 946 πρέπει
1434 876 1673 944 γονεῦσι,
1709 879 1778 932 τὰ
1798 879 1985 944 τέκνα,

406 966 756 1021 ὲκπαιδεὺειν
785 983 868 1033 τε,
904 965 1001 1020 καὶ
1029 967 1408 1038 γαμοστολεῖν,
1442 969 1539 1024 καὶ
1565 972 1771 1042 προῖκα
1813 971 1988 1026 ἐπιδι-

403 1059 588 1122 δόναι,
612 1057 800 1123 καθὼς
831 1057 899 1112 ἂν
934 1058 1245 1130 βουληθείη.

474 1146 543 1213 ζ’.
576 1147 641 1201 Ei
693 1147 752 1201 δὲ
786 1147 966 1217 συμϐῇ
999 1148 1173 1216 αὐτὴν
1202 1149 1282 1212 είς
1313 1149 1503 1220 ἕτερον
1537 1151 1843 1223 περιελθεῖν
1870 1171 1988 1207 συν⁶

401 1239 662 1302 οικέσιον,
687 1238 871 1292 ἄδειαν
907 1236 1053 1307 ἔχειν
1089 1238 1158 1290 τὰ
1185 1237 1350 1291 τέκνα
1368 1238 1539 1308 αὑτῆς
1561 1243 1774 1311 παρεᾷν
1794 1243 1985 1308 αὑτὴν,

403 1329 499 1382 καὶ
537 1329 719 1383 πάντα
766 1328 836 1381 τά
864 1327 1096 1398 πατρῷα
1121 1327 1302 1381 αὐτῶν
1328 1329 1634 1400 πράγματα
1675 1331 1984 1396 ἅνελλιπῶς

407 1415 752 1489 κομίζεσθαι,
777 1417 875 1487 τὴν
899 1417 1301 1488 εἰσενεχθεῖσαν
1335 1421 1466 1485 παρ’
1505 1419 1677 1490 αὑτῆς
1707 1421 1786 1492 τῷ
1816 1423 1988 1494 πατρὶ

407 1509 586 1564 αὐτῶν
617 1511 822 1580 προῖκα
847 1509 939 1561 καὶ⁵
962 1508 1144 1579 μόνον,
1174 1509 1272 1562 σὺν
1295 1511 1361 1581 τῇ
1386 1509 1825 1583 ἀποχαρισθείσῃ
1852 1514 1985 1584 παρ’

415 1601 576 1656 αὑτοὺ
597 1602 655 1654 ἒν
683 1599 986 1672 ὲπαυξήσει
1009 1601 1110 1671 τῆς
1140 1603 1367 1672 προικὸς
1395 1602 1570 1674 αὐτῆς
1603 1603 1804 1676 δωρεᾷ,
1842 1622 1984 1678 παρ-

419 1691 632 1761 έχοντας
663 1692 826 1763 αὑτῇ.
1885 1765 1888 1768 γ

480 1790 548 1854 η’.
580 1785 642 1838 Ei
677 1785 737 1839 δὲ
789 1784 994 1839 παίδων
1021 1785 1270 1840 ὑπόντων
1303 1786 1338 1856 ἡ
1387 1787 1528 1856 γυνὴ
1562 1786 1670 1858 πρὸ
1704 1787 1801 1842 τοῦ
1851 1788 1984 1843 ίδίου

2091 613 2220 666 tiam
2249 624 2534 683 reposcant
2569 630 2584 668 :
2618 619 2712 671 sed
2757 617 2938 688 potius
2963 633 2994 673 e
3021 621 3298 676 contrario
3323 622 3524 678 nullum
3555 641 3662 680 non

2089 701 2347 758 honorem
2389 713 2444 758 et
2488 704 2873 772 obedientiam,
2905 709 3056 777 juxta
3105 711 3200 766 Dei
3237 723 3584 782 pra-ceptum.
3612 717 3664 770 ei

2092 800 2346 861 tanquam
2395 795 2552 849 matri
2605 795 2979 854 deferentibus
3012 815 3032 854 :
3070 815 3193 855 cum
3248 801 3468 858 interim
3519 805 3664 858 haud

2089 881 2253 939 dubie
2291 884 2486 940 debeat
2533 886 2669 954 ipsa,
2716 888 2877 942 veluti
2909 901 3166 958 parentes
3204 892 3383 960 decet,
3432 894 3665 948 educare

2089 973 2324 1041 liberos,
2352 987 2406 1032 et
2437 979 2704 1034 collocare
2736 990 2989 1051 nuptum,
3017 991 3073 1038 et
3101 983 3278 1039 dotem
3309 987 3658 1048 constituere.

2089 1073 2251 1132 prout
2281 1065 2390 1134 ipsa
2421 1067 2673 1123 voluerit.

2158 1153 2214 1207 7.
2243 1150 2363 1208 Jam
2395 1156 2440 1209 si
2485 1158 2775 1227 contigerit
2815 1161 2882 1213 ad
2913 1160 3060 1215 aliud
3100 1175 3220 1216 eam
3254 1163 3657 1217 matrimonium

2091 1241 2342 1308 transire,
2371 1243 2681 1300 facultatem
2711 1247 2867 1303 liberi
2898 1249 3017 1318 ejus
3043 1249 3298 1318 habeant,
3327 1267 3443 1306 eam
3473 1252 3659 1306 dimit-

2091 1333 2260 1397 tendi,
2289 1343 2345 1389 et
2384 1336 2566 1390 omnia
2602 1347 2828 1406 paterna
2877 1341 3012 1394 bona
3042 1355 3166 1405 sua,
3210 1341 3372 1397 nullis
3404 1343 3660 1398 deiicien-

2089 1415 2254 1482 tibus,
2289 1419 2590 1489 recipiendi
2625 1440 2641 1477 :
2672 1426 2832 1479 modo
2861 1425 3030 1481 solam
3070 1431 3248 1482 dotem
3279 1429 3348 1485 ab
3380 1429 3496 1498 ipsa
3519 1431 3659 1500 patri

2086 1519 2276 1560 eorum
2312 1508 2549 1576 allatam,
2581 1528 2690 1568 una
2732 1529 2857 1569 cum
2905 1517 3218 1582 donatione,
3261 1534 3423 1588 quam
3456 1520 3509 1575 in
3539 1535 3661 1576 eam

2087 1594 2230 1651 dotis
2251 1599 2513 1668 augendae
2539 1616 2704 1658 causa
2743 1604 2994 1671 contulit,
3025 1608 3184 1662 matri
3215 1618 3496 1679 praestent.

2158 1773 2213 1829 8.
2236 1773 2292 1829 Si
2322 1790 2452 1831 vero
2482 1777 2666 1836 liberis
2690 1780 3048 1848 exstantibus,
3073 1792 3203 1838 ante
3221 1785 3476 1839 maritum
3502 1800 3659 1839 suum

406 1852 598 1945 ἀνδρὸς
617 1875 958 1947 τελευτήσει,
991 1877 1084 1931 τὸν
1123 1877 1294 1948 ἄνδρα
1315 1852 1717 1950 αὑτῆς,γήγουν
1748 1880 1842 1934 τὸν
1874 1897 1981 1934 πα-

2092 1866 2284 1921 mulier
2314 1870 2614 1927 decesserit
2648 1889 2664 1927 :
2706 1873 2935 1929 maritus
2971 1874 3112 1946 ejus,
3143 1875 3246 1931 hoc
3281 1885 3385 1943 cst,
3419 1876 3660 1945 ipsorum

403 1965 561 2036 τέρα,
589 1962 699 2020 τῶν
727 1967 932 2021 τέκνων
969 1967 1170 2034 αὑτῶν,
1196 1969 1494 2041 ὲγκάτοχον
1521 1973 1622 2041 τῆς
1652 1988 1713 2024 τε
1755 1973 1981 2044 προικδς

400 2059 600 2129 αὑτῆς,
637 2058 849 2130 καὶτῆς
876 2061 936 2113 ὲν
965 2060 1326 2131 ἑξωπροίκοις
1383 2062 1565 2127 πάσης
1597 2061 1770 2132 αὐτῆς
1803 2063 1984 2136 ὑπάρ-

403 2149 541 2215 ξεως
579 2147 737 2214 εἶναι,
775 2152 852 2216 ὡς
881 2151 1218 2216 ὑπεξουσίων
1245 2153 1424 2207 αὑτῶν
1450 2155 1851 2225 τυγχανόντων,
1887 2158 1982 2211 καὶ

401 2242 568 2295 αὑτὸν
596 2241 698 2311 τὴν
739 2243 919 2295 πᾶσαν
951 2243 1045 2295 τοῦ
1091 2243 1243 2296 οῐκου
1293 2243 1565 2298 ποιεῖσθαι
1615 2245 1873 2316 φροντίδα
1923 2263 1982 2299 τε

400 2332 500 2385 καὶ
532 2331 822 2403 διοίκησιν,
859 2333 934 2405 μὴ
960 2333 1273 2403 δυναμένων
1295 2335 1403 2388 τῶν
1433 2336 1643 2389 τέκνων
1683 2336 1849 2391 αὑτοῦ
1883 2337 1982 2390 άν-

403 2422 830 2478 τικαθίστασθαι
849 2421 1070 2493 αὑτῷ,ἣ
1091 2425 1369 2494 ἐπιζητεῖν
1388 2424 1518 2494 παρ’
1537 2424 1704 2478 αὑτοῦ
1721 2425 1982 2497 μητρῴαν

399 2515 738 2569 ὑπόστασιν·
773 2515 1081 2569 τούναντίον
1136 2515 1236 2585 μὲν
1267 2511 1360 2569 οὖν
1423 2516 1516 2569 καὶ
1568 2517 1746 2570 πᾶσαν
1793 2519 1979 2587 τιμὴν,

400 2607 501 2661 καὶ
522 2605 789 2676 ὑπακοὴν,
814 2605 996 2669 καθὼς
1020 2606 1248 2676 ἁρμόζει
1264 2605 1500 2676 γονεῦσι,
1520 2607 1982 2676 προσαγαγόντων

403 2697 574 2768 αὐτῷ,
616 2698 759 2752 κατὰ
784 2698 846 2751 τὸ
895 2698 1310 2774 γεγραμμένον’
1347 2719 1366 2750 ι
1413 2699 1502 2754 Ἐν
1543 2699 1690 2771 ἔργῳ
1719 2702 1812 2754 καὶ
1839 2700 1983 2772 λόγῳ

402 2787 541 2858 τίμα
587 2786 681 2840 τὺν
731 2789 942 2858 πατέρα
989 2805 1084 2841 σου
1145 2791 1239 2842 καὶ
1291 2790 1390 2859 τὴν
1449 2791 1663 2860 μητέρα
1721 2808 1841 2860 σου,
1893 2793 1984 2848 ἵνα

403 2877 612 2950 ἐπέλθῃ
659 2895 741 2933 σοι
785 2879 917 2950 εὑχὴ
952 2880 1084 2952 παρ’
1111 2879 1310 2934 αὑτῶν.
1348 2899 1367 2932 ι
1425 2880 1572 2953 Εὐχή
1607 2882 1714 2953 γὰρ
1773 2884 1982 2953 πατρὸς

406 2971 655 3042 στηρίξει
717 2971 900 3035 οῐκους
951 2972 1189 3041 τέκνωνξ,
1250 2973 1464 3044 κατάρα
1518 2973 1577 3026 δὲ
1632 2973 1840 3044 μητρὸς
1886 2975 1984 3026 ὲκ-

411 3063 557 3132 ριζοῑ
617 3061 686 3115 τὰ
741 3061 992 3133 θεμέλια.
1052 3064 1129 3114 Δι’
1186 3063 1365 3117 αὑτῶν
1424 3063 1534 3134 γὰρ
1589 3065 1979 3136 ἐγεννήθησαν,

406 3157 504 3208 καὶ
537 3155 590 3208 τί
628 3155 1104 3209 ἁνταποδώσουσιν
1154 3155 1359 3221 αὑτοῖς,
1411 3157 1592 3220 καθὼς
1642 3159 1798 3212 αὑτοὶ
1836 3157 1984 3213 ἐκεί·
2011 3183 2056 3243 c

412 3262 528 3308 νοις
572 3265 587 3313 ;
643 3245 830 3301 Ταῦτα
883 3249 993 3316 γὰρ
1046 3247 1142 3300 καὶ
1210 3246 1421 3312 Παῦλος
1485 3251 1514 3301 ὁ
1556 3249 1853 3312 ἀπόστολος
1895 3250 1986 3320 βε·

408 3338 602 3404 ϐαιῶν,
635 3337 774 3407 ἔφη’
813 3358 831 3390 ι
874 3339 955 3392 Τὰ
989 3337 1179 3402 τέκνα,
1223 3338 1530 3392 ὑπακούετε
1575 3341 1690 3404 τοῖς
1739 3339 1989 3406 γονεῦσιν

409 3429 567 3500 ὑμῶν
594 3446 610 3461 ·
639 3429 800 3484 τοῦτο
829 3430 943 3501 γάρ
975 3431 1338 3486 ὲστιδίκαιον.
1363 3432 1427 3484 Oi
1451 3433 1651 3500 γονεῖς,
1680 3433 1753 3502 μή
1783 3449 1989 3503 παρορ-

410 3523 590 3591 γίζετε
625 3522 693 3576 τὰ
719 3522 890 3576 τέκνα
910 3522 1087 3594 ὑμῶν,
1127 3523 1244 3576 ἀλλ’
1273 3523 1569 3594 ἐκτρέφετε
1597 3525 1737 3578 αὑτὰ
1767 3527 1824 3578 ὲν
1863 3542 1988 3577 παι-

409 3611 530 3682 δείᾳ
559 3611 654 3664 καὶ
690 3611 842 3682 νόμῳ
872 3609 1248 3684 [αι.νουθεσίᾳ]
1277 3613 1503 3684 Κυρίου.
1541 3632 1560 3665 ι

499 3863 564 3923 θ’.
601 3867 662 3920 Εἰ
690 3866 749 3920 δὲ
798 3866 984 3937 συμϐῇ
1012 3867 1106 3920 καὶ
1128 3866 1318 3920 τοῦτον
1341 3867 1422 3929 είς
1467 3867 1656 3936 ἕτερον
1685 3866 1990 3937 περιελθεῖν

421 3951 514 4026 [σί.
540 3956 720 4026 συμϐῇ
760 3955 924 4009 αὑτὸν
951 3959 1032 4018 εἰς
1052 3955 1240 4027 ἕτερον
1269 3955 1468 4027 ἐλθεῖν]
1491 3957 1852 4021 συνοικέσιον,
1877 3957 1988 4009 τῶν

415 4047 618 4100 τέκνων
649 4048 817 4101 αὑτοῦ
848 4046 1121 4117 ἀνηλίκων
1156 4048 1557 4117 τυγχανόντων,
1584 4048 1832 4118 ἀμείωτα
1860 4049 1988 4120 παρ’

413 4139 579 4192 αὑτοῦ
607 4141 676 4191 τὰ
711 4138 960 4210 μητρῷα,
986 4139 1349 4208 φυλάττεσθαι
1382 4139 1704 4210 πράγματα.

486 4230 542 4284 ι’.
583 4231 648 4283 El.
673 4231 730 4283 δὲ
779 4231 878 4299 τῆς
911 4231 1138 4300 ἐννόμου
1173 4230 1393 4300 ήλικίας
1419 4231 1599 4283 ταῦτα
1624 4232 1987 4304 ὑπάρχουσιν,

414 4325 463 4376 εί
517 4321 765 4387 θέλωσιν,
807 4321 1188 4385 ἀδιασκέπτως
1240 4321 1312 4374 τὰ
1339 4321 1562 4375 τοιαῦτα
1601 4323 1784 4377 αὑτῶν
1851 4326 1992 4396 πρά-

413 4433 602 4485 γματα
632 4413 970 4484 παρέχεσθαι
1005 4414 1208 4478 αὐτοῖς.

2083 1951 2381 2011 liberorum
2417 1967 2593 2028 pater,
2627 1967 2738 2015 tam
2769 1961 2950 2017 dotem
2973 2002 2990 2029 ,
3026 1977 3188 2031 quam
3223 1964 3405 2019 omnia
3437 1965 3575 2017 bona
3603 1964 3660 2017 in

2085 2046 2247 2102 rebus
2302 2057 2454 2104 extra
2487 2051 2667 2106 dotem
2695 2053 2888 2121 positis
2929 2055 3246 2118 constituta,
3281 2069 3378 2110 sua
3414 2056 3467 2110 in
3497 2064 3656 2125 pote-

2083 2145 2226 2191 state
2277 2129 2563 2206 retinebit,
2615 2157 2736 2196 cum
2782 2153 2837 2198 et
2871 2143 2946 2198 illi
2991 2145 3158 2214 patris
3203 2147 3378 2201 adhuc
3407 2147 3460 2200 in
3504 2153 3662 2216 pote-

2086 2237 2231 2283 state
2277 2230 2386 2284 sint
2417 2249 2432 2285 :
2474 2233 2566 2301 qui
2591 2249 2779 2288 curam
2813 2236 3026 2303 domus,
3052 2246 3107 2292 et
3137 2237 3660 2293 administrationem

2083 2319 2393 2375 universam
2423 2333 2594 2392 geret,
2643 2325 2843 2380 nullam
2883 2325 3072 2383 liberis
3104 2327 3416 2384 facultatem
3447 2329 3660 2384 haben-

2083 2408 2600 2467 tibusadversandi
2647 2413 2814 2484 patri,
2865 2415 2952 2468 vel
2989 2424 3291 2470 maternam
3335 2417 3402 2471 ab
3436 2430 3500 2471 eo
3528 2415 3660 2471 sub-

2084 2501 2341 2556 stantiam
2374 2504 2693 2572 reposcendi
2729 2505 2862 2560 :sed
2892 2520 2923 2560 e
2949 2506 3224 2560 contrario
3252 2509 3432 2576 potius
3445 2521 3658 2562 omnem

2085 2589 2344 2647 honorem
2376 2603 2432 2649 et
2462 2594 2850 2662 obedientiam,
2899 2597 3056 2651 sicuti
3101 2597 3416 2666 parentibus
3460 2610 3662 2650 conve-

2071 2682 2187 2750 _nit,
2217 2684 2265 2738 ei
2299 2691 2408 2738 tam
2450 2687 2654 2752 verbis,
2704 2703 2866 2757 quam
2923 2688 3037 2756 ipsa
3061 2701 3120 2742 re
3154 2686 3540 2750 deferentibus,
3572 2703 3661 2742 se-

2085 2775 2320 2830 cundum
2350 2777 2583 2846 id,quod
2602 2779 2964 2848 perscriptum
3000 2779 3230 2847 legimus
3262 2796 3305 2830 ει
3332 2777 3466 2832 Tam
3494 2777 3659 2840 facto,

2086 2878 2247 2932 quam
2300 2868 2480 2922 verbis
2534 2869 2740 2923 honora
2813 2879 3022 2938 patrem
3071 2879 3245 2936 tuum,
3319 2878 3662 2937 matremque

2088 2965 2232 3011 tuam
2256 2977 2269 3013 :
2290 2967 2346 3012 ut
2375 2958 2445 3012 ab
2473 2960 2553 3014 eis
2585 2969 2770 3014 votum
2803 2976 2965 3031 super
2997 2970 3049 3016 te
3079 2959 3312 3017 veniat.»
3331 2959 3541 3028 Quippe
3565 2973 3662 3011 vo-

2089 3056 2200 3101 tum
2242 3051 2412 3116 patris
2455 3049 2748 3106 liberorum
2785 3051 3019 3106 familias
3069 3051 3244 3117 fulcit,
3274 3061 3326 3106 et
3354 3050 3664 3105 exsecratio

2089 3139 2280 3193 matris
2329 3137 2684 3196 fundamenta
2731 3155 2914 3196 carum
2959 3141 3220 3196 radicitus
3275 3138 3493 3194 evertit.
3521 3135 3657 3192 Nam

2091 3243 2280 3284 eorum
2331 3233 2598 3302 procreati
2655 3241 2785 3289 sunt
2829 3248 3016 3302 opera,
3061 3242 3117 3287 et
3163 3232 3293 3303 quid
3329 3233 3409 3287 eis
3434 3231 3665 3286 reddent

2089 3320 2376 3390 ejusmodi,
2403 3324 2565 3391 quale
2587 3325 2867 3380 consecuti
2920 3332 3047 3380 sunt
3067 3324 3136 3380 ab
3165 3322 3335 3392 ipsis?
3369 3321 3494 3377 llaec
3517 3323 3664 3377 enim

2089 3419 2143 3463 et
2187 3409 2391 3465 Paulus
2415 3413 2694 3481 apostolus
2727 3413 3082 3478 conﬁrmans,
3105 3413 3243 3467 dixit
3271 3429 3285 3466 :
3319 3410 3452 3477 Vos,
3486 3412 3665 3478 liberi,

2091 3504 2406 3570 parentibus
2450 3505 2649 3560 vestris
2699 3505 2933 3560 obedite.
2981 3503 3116 3557 Nam
3168 3506 3270 3558 hoc
3313 3501 3429 3557 fieri
3477 3517 3574 3570 par
3612 3508 3668 3554 et

2089 3608 2304 3662 aequum
2323 3603 2424 3649 est.
2453 3594 2592 3665 Vos,
2617 3605 2898 3665 parentes,
2927 3610 2994 3651 ne
3023 3603 3315 3664 provocate
3348 3593 3548 3648 liberos
3577 3607 3670 3646 ve-

2090 3692 2232 3739 stros
2270 3685 2335 3739 ad
2364 3685 2522 3748 iram,
2558 3663 2652 3740 s'ed
2675 3701 2772 3742 cos
2821 3687 2875 3741 in
2922 3663 3167 3742 doctrina
3205 3693 3260 3739 et
3285 3683 3402 3753 lege
3430 3681 3528 3754 [aL
3560 3699 3662 3736 mo-

2091 3774 2241 3846 nitis]
2279 3774 2490 3829 Domini
2518 3776 2768 3831 educate.
2794 3794 2812 3827 ι

2162 3867 2214 3922 9.
2247 3867 2401 3934 Quod
2433 3869 2479 3925 si
2529 3868 2844 3924 usuvenerit
2889 3875 2948 3923 ut
2999 3867 3089 3922 hic
3133 3869 3298 3920 etiam
3343 3865 3410 3919 ad
3438 3865 3665 3917 alterum
3755 3889 3758 3892 ~

2092 3960 2499 4015 matrimonium
2542 3959 2924 4030 progrediatur
2970 3957 3156 4013 liberis
3202 3957 3378 4011 adhuc
3421 3955 3668 4022 impube-

2092 4051 2263 4115 ribus,
2295 4062 2536 4107 materna
2565 4052 2781 4106 illorum
2816 4052 2953 4105 bona
2987 4050 3124 4105 citra
3157 4041 3564 4104 décremcntum
3614 4053 3669 4100 et

2093 4141 2522 4196 imminutionem
2559 4141 2627 4196 ab
2660 4157 2726 4196 eo
2759 4140 3158 4197 custodiantur.

2163 4234 2250 4288 l0.
2281 4231 2376 4288 Sin
2407 4243 2619 4288 aetatem
2664 4233 2963 4302 legitimam
2991 4231 3290 4299 attigerunt
3313 4267 3328 4291 ,
3361 4229 3499 4282 citra
3533 4225 3668 4280 deli-

2093 4324 2432 4380 berationem
2482 4324 2613 4394 ipsis
2639 4339 2704 4379 ea
2744 4323 2908 4386 bona,
2947 4321 2993 4376 si
3023 4320 3242 4391 quidem
3265 4318 3340 4373 ita
3375 4315 3667 4378 voluerint,

2093 4416 2470 4471 cxbibcantur.

487 4506 582 4563 ια’.
619 4507 679 4560 Εἰ
707 4507 763 4559 δὲ
797 4505 1016 4576 θελήσει
1044 4507 1108 4558 ἐκ
1140 4503 1237 4559 τοῦ
1263 4505 1593 4576 ἀνδρογύνου
1621 4506 1731 4560 εἴτε
1762 4509 1790 4561 ό
1821 4508 1983 4579 ἀνὴρ,

2166 4506 2256 4559 ll.
2289 4505 2443 4572 Quod
2489 4504 2534 4559 si
2586 4504 2875 4574 coniugum
2921 4499 3204 4563 alteruter,
3256 4497 3372 4553 sive
3415 4494 3667 4561 maritus,

415 4599 526 4653 εἴτε
583 4600 618 4669 ἡ
659 4597 815 4668 γυνὴ,
875 4599 1045 4668 χωρὶς
1097 4597 1528 4665 δευτερογαμίας
1593 4601 1658 4652 ὲκ
1686 4598 1797 4652 τῶν
1842 4599 1989 4653 ίδίων

2092 4599 2208 4654 sive
2230 4613 2387 4660 uxor,
2416 4598 2620 4664 absque
2646 4593 2885 4651 secundo
2917 4589 3264 4647 matrimonio
3290 4589 3403 4645 suis
3431 4603 3458 4641 a
3483 4587 3670 4642 libcris

415 4691 623 4744 τέκνων
651 4691 1112 4759 ἁπαναχωρῆσαι,
1167 4687 1446 4760 ἀνηλίκων
1477 4689 1658 4742 αὐτῶν
1697 4692 1992 4760 τυγχανόν-

417 4799 550 4846 των,
579 4782 657 4852 μὴ
677 4781 822 4851 ἔχειν
854 4781 1048 4843 αὑτοὺς
1081 4780 1267 4834 ἄδειαν
1292 4779 1452 4833 τοῦτο
1474 4781 1700 4850 πρᾶξαι,
1728 4782 1865 4835 ἀλλὰ
1893 4783 1992 4853 τὴν

417 4875 625 4929 τούτων
658 4874 936 4926 ποιεῖσθαι
968 4873 1227 4944 φροντίδα
1254 4889 1313 4926 τε
1344 4873 1439 4926 καὶ
1487 4873 1776 4943 διοίκησιν,
1809 4875 1993 4939 καθὼς

419 4963 573 5019 εἶπεν
629 4966 659 5018 ὁ
695 4965 1042 5031 Ἀπόστολος,
1098 4966 1179 5018 ὅτι
1222 4981 1241 5017 ι
1277 4965 1438 5036 Χήρα
1491 4965 1691 5035 ἔχουσα
1743 4965 1912 5020 τέκνα
1958 4966 1993 5038 ἢ

419 5053 640 5122 ἔγγονα,
674 5053 988 5125 μανθανέτω
1022 5054 1240 5125 πρῶτον
1267 5055 1358 5108 τὸν
1390 5055 1520 5109 ι’διον
1551 5051 1700 5110 οἷκον
1727 5056 1991 5113 εὐσεϐεῖν.

421 5144 592 5199 Τοῦτο
617 5146 726 5214 γάρ
753 5148 902 5198 ἐστιν
941 5146 1240 5201 ἀποδεκτὸν
1266 5145 1496 5200 ἐνώπιον
1516 5148 1611 5202 τοῦ
1633 5148 1792 5203 Θεοῦ.
1826 5167 1845 5200 ›

492 5235 580 5306 ιβ’.
606 5237 670 5290 Ei
699 5237 758 5291 δὲ
785 5236 896 5291 τῶν
926 5237 1156 5292 ἐντελῶν
1187 5240 1294 5292 είσι
1332 5239 1400 5294 τὰ
1425 5239 1614 5303 τέκνα,
1648 5239 1742 5292 καὶ
1773 5240 1854 5302 είς
1880 5240 1996 5311 βίον

423 5330 738 5400 περιῆλθον,
763 5331 857 5384 καὶ
884 5330 1140 5386 δύνανται
1162 5331 1260 5400 τὴν
1317 5332 1453 5385 ἰδίαν
1481 5331 1749 5402 διοίκησιν
1795 5337 1993 5398 ποιεῖν,

423 5422 520 5475 καὶ
563 5422 784 5493 θελήσει
834 5440 918 5487 τις
958 5425 1023 5476 ὲκ
1071 5424 1179 5477 τῶν
1237 5424 1442 5494 γονέων
1472 5425 1904 5497 ἀπαναχωρῆσαι
1939 5424 1999 5491 ἐξ

423 5515 626 5579 αὑτῶν,
668 5515 756 5569 ἐπ’
787 5517 974 5580 ἀδείας
1003 5516 1148 5586 ἔχειν
1171 5517 1231 5570 τὸ
1252 5517 1495 5570 τοιοῦτον
1534 5520 1826 5589 πρόσωπον
1860 5518 1997 5588 μετά

421 5605 522 5676 τὴν
572 5605 684 5658 τῶν
734 5607 880 5661 ἰδίων
927 5608 1270 5678 πραγμάτων
1323 5608 1678 5679 ὲγκράτησιν,
1735 5608 1828 5661 καὶ
1882 5607 2000 5671 ἐνὸς

427 5699 612 5763 παιδὸς
658 5701 851 5770 μοῖραν
880 5699 1178 5771 λαμϐάνειν
1242 5701 1420 5764 αὑτὸν,
1453 5700 1588 5770 πρὸς
1635 5699 1727 5753 τὸν
1768 5697 1999 5771 ἀριθμὸν

429 5801 538 5837 των
565 5801 594 5838 τ
600 5801 624 5837 ε
632 5803 790 5839 κνων.
1709 5817 1716 5823 ’λ

2094 4691 2350 4746 secedere
2400 4689 2653 4750 voluerit,
2700 4688 2766 4741 iis
2810 4685 3043 4742 necdum
3088 4683 3332 4738 adultis:
3366 4680 3566 4735 nullam
3614 4678 3669 4733 id

2095 4783 2286 4853 agendi
2317 4781 2593 4836 licentiam
2629 4780 2850 4846 habeat,
2894 4777 2989 4833 sed
3034 4790 3224 4832 eorum
3259 4789 3444 4828 curam
3473 4781 3529 4826 et
3575 4771 3671 4824 ad-

2097 4873 2550 4929 ministrationem
2581 4871 2864 4940 suscipiat,
2894 4865 3351 4938 quemadmodum
3375 4863 3670 4934 Apostolus

2098 4964 2189 5020 ille
2214 4965 2352 5020 dixit
2385 4981 2398 5018 :
2435 4983 2454 5015 ι
2486 4963 2684 5028 Vidua,
2722 4977 2843 5033 quae
2867 4960 3067 5016 liberos
3111 4968 3204 5012 aut
3233 4965 3458 5026 nepotes
3486 4957 3668 5019 habet,

2097 5055 2333 5125 primum
2362 5055 2536 5109 discat
2564 5054 2616 5108 in
2659 5052 2932 5124 propriam
2960 5051 3180 5106 domum
3212 5051 3470 5118 pietatem
3508 5059 3671 5101 exer-

2099 5161 2242 5202 cere.
2276 5145 2409 5199 Nam
2443 5145 2496 5200 id
2531 5153 2809 5212 acceptum
2843 5151 2928 5198 est
2959 5155 3142 5197 coram
3179 5138 3309 5194 Deo.
3333 5156 3353 5190 ι

2172 5236 2260 5292 12.
2282 5237 2342 5293 Si
2365 5252 2492 5293 vero
2519 5237 2676 5292 llberi
2706 5235 2918 5306 plenam
2949 5242 3004 5290 et
3034 5231 3328 5304 perfectam
3355 5227 3422 5282 ad
3457 5235 3670 5280 aetatem

2099 5338 2482 5403 pervenerunt,
2515 5338 2570 5386 et
2601 5329 2667 5384 ad
2694 5329 2973 5385 tractanda
2994 5326 3120 5380 vitae
3149 5322 3360 5394 negotia
3392 5335 3452 5375 se
3476 5327 3671 5373 contu-

2101 5424 2305 5490 lerunt,
2333 5423 2557 5494 jamque
2604 5437 2715 5478 suae
2765 5415 3224 5478 administrationi
3263 5409 3525 5468 obeundae
3558 5408 3675 5466 suf—

2106 5517 2316 5583 ficiunt,
2365 5523 2423 5570 et
2460 5523 2746 5586 parentum
2779 5515 3042 5568 alteruter
3070 5509 3137 5564 ab
3183 5507 3263 5562 eis
3292 5503 3549 5559 secedere
3581 5515 3677 5555 vo-

2103 5606 2266 5662 luerit
2293 5623 2307 5659 :
2337 5604 2599 5674 ejusmodi
2634 5618 2865 5674 persona
2896 5599 3170 5655 licentiam
3208 5595 3424 5658 habeat,
3457 5601 3513 5646 ut
3542 5605 3678 5664 pra:-

2105 5705 2189 5752 tcr
2247 5711 2425 5750 rerum
2485 5710 2706 5750 suarum
2762 5691 3144 5755 retentioncm,
3198 5686 3363 5740 etiam
3415 5683 3576 5738 unius
3608 5695 3674 5735 ex

2105 5787 2290 5844 liberis
2315 5785 2641 5857 portionem,
2677 5798 2774 5855 pro
2803 5794 3030 5836 numero
3071 5778 3388 5840 liberorum,
3425 5771 3674 5839 aet-ipiat.
