4050 6430
406 345 515 408 499

485 463 572 514 15.
606 459 662 514 Si
681 473 810 513 vero
837 459 957 527 quis
982 460 1052 515 ob
1083 471 1289 515 arctam
1320 476 1498 516 renum
1531 477 1755 516 suarum
1786 463 1975 516 condi~
2006 470 2053 524 Α

409 551 632 619 tionem,
655 548 736 602 vel
755 549 1137 616 humilitatem,
1160 565 1281 605 cum
1305 551 1703 605 existimatione
1721 553 1975 620 quadam,

405 618 460 697 et
505 643 900 698 interveniente
963 643 1266 711 scriptura,
1331 645 1548 712 nuptias
1610 646 1832 713 exsequi
1883 659 1979 701 ne-

404 743 602 800 queat:
628 733 789 786 etiam
821 731 954 786 citra
976 733 1299 801 scripturam
1326 733 1726 790 matrimonium
1751 747 1974 794 contra-

404 821 552 876 hitur
604 823 722 877 sine
769 819 889 876 dolo
932 823 1094 886 malo,
1143 825 1581 880 contrahentium
1617 839 1970 896 personarum

402 923 456 964 et
485 923 772 980 parentum
808 926 993 967 earum
1028 928 1298 970 consensu
1339 932 1353 969 :
1387 917 1502 973 sive
1529 919 1633 974 hoc
1661 921 1714 974 in
1741 922 1972 976 ecclesia

400 1016 498 1069 per
529 1001 978 1068 benedictionem,
1011 1003 1126 1060 slve
1168 1019 1354 1060 coram
1382 1009 1620 1078 quinque
1659 1011 1850 1067 amicis
1875 1029 1973 1068 no-

402 1099 514 1140 tum
549 1089 662 1143 ﬁat.
702 1087 808 1143 Sed
837 1100 892 1142 et
925 1090 1150 1158 quilibet
1196 1094 1480 1151 mulierem
1520 1097 1743 1154 liberam
1775 1100 1827 1154 in
1860 1102 1970 1156 do-

320 1170 330 1188 '
397 1193 544 1230 mum
578 1193 730 1233 suam
763 1179 1057 1250 deducens,
1088 1191 1143 1238 et
1176 1183 1700 1244 administrationem
1737 1191 1785 1246 ei
1814 1192 1969 1248 fami-

395 1269 480 1322 liae
522 1283 635 1324 sua:
681 1270 1048 1340 committens,
1099 1276 1231 1331 etin
1267 1279 1512 1336 carnales
1555 1297 1676 1336 cum
1725 1297 1785 1338 ea
1819 1299 1968 1340 com-

391 1359 583 1426 plexus
617 1363 858 1430 veniens,
884 1364 1020 1420 citra
1046 1366 1373 1438 scripturam
1401 1371 1804 1429 matrimonium
1838 1391 1963 1431 cum

390 1465 452 1505 ea
485 1454 776 1508 contrahit.

461 1543 551 1597 14.
583 1544 737 1612 Quod
780 1548 826 1602 si
863 1548 1025 1603 nullis
1067 1565 1132 1606 ex
1179 1565 1244 1606 ea
1284 1550 1472 1610 liberis
1519 1560 1810 1628 susceptis,
1839 1575 1960 1616 eam

390 1635 665 1703 expellere
708 1649 937 1694 conatus
981 1639 1146 1698 fuerit
1187 1658 1220 1698 e
1266 1646 1620 1703 contubernio
1666 1664 1797 1717 suo,
1844 1652 1964 1708 sine

389 1740 555 1782 causa
595 1728 806 1798 legibus
841 1733 1133 1801 approbata
1162 1751 1175 1787 :
1200 1747 1394 1803 praeter
1426 1739 1826 1795 restitutionem
1863 1757 1959 1796 ea-

389 1831 507 1871 rum
541 1833 718 1874 rerum
755 1837 890 1891 quas
935 1823 1072 1894 ipsa,
1117 1840 1214 1880 ceu
1267 1829 1412 1884 credi
1455 1845 1558 1900 par
1595 1842 1700 1900 est,
1741 1834 1808 1889 ad
1836 1849 1958 1890 eum

386 1914 601 1982 attulit;
651 1932 902 1988 quartam
938 1936 1151 1994 quoque
1191 1925 1456 1982 bonorum
1489 1944 1710 1985 suorum
1749 1941 1954 2001 partem

388 2006 439 2062 ei
467 2007 636 2064 dabit.

460 2097 549 2153 15.
587 2100 740 2166 Quod
780 2102 825 2157 si
867 2107 990 2174 quis
1021 2106 1162 2177 inopi
1202 2109 1415 2166 mulieri
1449 2116 1795 2172 matrimonio
1819 2119 1954 2188 legi-

387 2190 519 2245 timo
553 2193 873 2263 conjunctus
899 2196 1079 2264 fuerit,
1109 2208 1162 2253 et
1189 2203 1416 2258 maritus
1448 2207 1657 2276 absque
1690 2209 1875 2267 liberis
1898 2221 1954 2267 et

382 2280 674 2339 intestatus
704 2285 1004 2343 decesserit
1042 2304 1056 2342 :
1095 2292 1327 2362 accipiet
1355 2310 1492 2351 uxor
1529 2300 1600 2353 de
1631 2300 1810 2355 mariti
1851 2303 1952 2358 bo-

382 2367 486 2438 nis,
521 2367 739 2430 nomine
776 2392 938 2433 casus
972 2378 1263 2436 liberorum
1297 2400 1404 2439 non
1438 2389 1789 2457 exstantium,
1821 2406 1952 2458 par-

383 2470 489 2515 tem
543 2473 812 2532 quartam.
851 2482 950 2536 pro
997 2471 1177 2525 mariti
1229 2473 1602 2538 facultatibus.
1647 2481 1715 2548 ad
1759 2481 1948 2539 decem

381 2567 550 2622 usque
597 2553 782 2612 libras.
819 2557 970 2626 Quod
1016 2560 1060 2615 si
1096 2562 1271 2618 mariti
1315 2565 1600 2623 facultates
1637 2583 1714 2625 eae
1743 2571 1855 2626 sint
1892 2581 1951 2640 ut

377 2654 567 2711 quarta
598 2660 724 2714 pars
750 2649 932 2703 decem
971 2649 1137 2708 libras
1173 2656 1421 2722 excedat,
1452 2659 1652 2715 nullam
1682 2675 1747 2717 ea
1779 2662 1948 2719 licen-

377 2735 504 2788 tiam
555 2737 748 2792 habeat
795 2740 1026 2810 amplius
1065 2744 1310 2812 capiendi
1379 2765 1541 2818 quam
1591 2751 1712 2808 illas
1760 2754 1944 2812 decem

375 2827 564 2891 libras,
596 2842 652 2884 ut
682 2842 807 2887 ante
832 2835 1068 2892 diximus
1094 2850 1106 2886 :
1132 2848 1188 2893 et
1208 2831 1326 2907 qua;
1351 2842 1556 2912 reliqua
1579 2854 1723 2912 sunt,
1748 2848 1814 2902 ad
1841 2863 1950 2903 ma-

373 2917 466 2972 riti
505 2920 747 2978 haeredes
777 2924 845 2978 ab
879 2925 1171 2998 intestato;
1205 2931 1310 2995 vel,
1348 2933 1414 2987 iis
1438 2948 1548 2989 non
1579 2939 1943 3008 exstantibus,

372 3011 440 3063 ad
472 3009 661 3066 iiscum
696 3017 1028 3082 pervenient.

447 3101 532 3154 16.
567 3102 829 3160 Secunda:
858 3109 1059 3178 nuptiae
1087 3113 1482 3170 contrahuntur
1508 3133 1538 3172 a
1563 3122 1808 3187 personis
1839 3138 1944 3180 non

373 3191 690 3259 prohibitis,
739 3196 853 3250 sive
898 3200 950 3252 in
983 3202 1222 3270 scriptis,
1265 3205 1382 3260 sive
1413 3209 1550 3263 citra
1590 3210 1941 3281 scripturam,

370 3281 425 3335 in
482 3283 628 3339 hunc.
672 3287 912 3344 modum.
964 3290 1242 3360 Siquidem
1291 3295 1477 3354 liberis
1506 3311 1750 3369 careant,
1803 3306 1941 3362 citra

370 3373 814 3440 disceptationem
841 3379 991 3450 juxta
1016 3384 1206 3441 modos
1235 3388 1488 3458 superius
1511 3393 1786 3463 expositos
1813 3411 1942 3453 con-

369 3462 609 3522 trahant.
1151 3503 1156 3509 -

439 3555 528 3610 17.
585 3555 678 3612 Sin
727 3575 956 3630 persona
1007 3570 1276 3624 secundas
1339 3573 1555 3642 nuptias
1592 3578 1940 3644 contrahens,

367 3645 572 3702 liberos
599 3649 797 3719 habet;
835 3669 942 3710 non
977 3653 1136 3713 liceat
1165 3662 1212 3716 ei
1246 3661 1498 3720 secundae
1525 3681 1769 3736 personae
1800 3671 1939 3740 plus,

366 3753 529 3805 quam
571 3743 731 3798 unius
779 3746 1064 3816 exlliberis
1096 3753 1164 3807 de
1206 3755 1374 3823 priori
1409 3759 1756 3818 matrimonio
1814 3777 1939 3820 sus-

367 3831 512 3898 cepti
541 3834 862 3905 portionem,
893 3853 960 3893 ex
1003 3841 1161 3898 bonis
1199 3845 1314 3902 suis
1347 3863 1674 3921 quocunque
1696 3853 1939 3924 largitio-

364 3919 450 3975 nis
481 3923 663 3990 modo,
691 3926 913 3983 donare.
957 3930 1326 3992 Consimiliter
1355 3948 1410 3992 et
1447 3942 1499 3996 in
1537 3919 1785 4013 tnuiiere,
1819 3962 1940 4016 qua!

363 4013 602 4067 secundo
627 4030 686 4070 se
721 4030 945 4087 nuptum
981 4023 1243 4091 collocat,
1273 4028 1412 4085 idem
1441 4032 1546 4088 hoc
1572 4013 1892 4092 observetur
1918 4057 1932 4093 :

362 4101 619 4157 nimirum
663 4122 724 4159 ea
768 4110 1049 4166 duodecim
1102 4119 1368 4174 mensium
1409 4131 1660 4194 tempus,
1704 4143 1734 4181 a
1765 4139 1939 4184 morte

360 4191 564 4261 prioris
601 4198 805 4266 mariti,
832 4211 1108 4260 servante.

432 4376 518 4431 18.
555 4377 709 4443 Quod
741 4381 785 4435 si
835 4383 935 4438 hoc
965 4392 1208 4456 tempore
1235 4393 1458 4446 necdum
1491 4393 1644 4452 linito
1665 4402 1934 4458 secundas

1442 351 1955 413 CONSTANTINI‘
1991 353 2670 418 PORPHYROGENITI

3547 358 3652 422 500

2153 472 2242 532 ιγ’.
2277 468 2338 518 Ei
2370 467 2426 519 δὲ
2448 468 2590 521 κατὰ
2623 469 2880 524 στένωσιν
2913 470 2946 539 ἢ
2980 468 3068 523 διὰ
3096 467 3422 523 ταπείνωσιν
3454 469 3531 541 μὴ
3556 472 3654 524 δυ-

2085 556 2221 627 νηθῇ
2243 574 2327 619 τις
2345 559 2740 628 εὑπρολήπτως
2765 561 2858 613 καὶ
2882 561 3176 632 ἐγγράφως
3196 565 3418 631 ποιῆσαι
3449 563 3648 632 γάμον,

2084 647 2178 701 καὶ
2199 647 2462 718 ἀγράφως
2481 649 2576 721 [αι.
2600 650 2872 722 ἄγραφος]
2892 653 3205 706 συνίσταται
3229 654 3407 723 γάμος
3425 655 3650 723 ἀδόλως,

2084 738 2387 793 συναινέσει
2411 741 2521 794 τῶν
2547 743 3021 798 συναλλασσόντων
3052 743 3381 816 προσώπων,
3427 745 3651 799 καὶτῶν

2078 827 2284 883 τούτων
2311 832 2541 899 γονέων,
2571 832 2682 886 εἴτε
2718 837 2776 888 ὲν
2809 836 3077 908 ἐκκλησίᾳ
3101 837 3256 890 τοῦτο
3285 837 3352 890 δι’
3374 837 3646 905 εὐλογίας,

2076 919 2109 991 ἢ
2148 921 2241 974 καὶ
2287 921 2380 976 ἐπὶ
2419 923 2589 993 φίλων
2623 926 2784 979 πέντε
2817 928 3146 999 γνωρισθείη
3180 927 3276 1000 [αι.
3317 927 3645 1000 γνωρισθῇ].

2087 1009 2250 1065 Ἀλλὰ
2285 1010 2379 1064 καὶ
2403 1014 2720 1084 οίοσδήποτε
2757 1018 3186 1089 είσοικιζόμενος
3223 1021 3458 1086 γυναῖκα
3496 1019 3648 1073 ὲλεύ-

2075 1099 2260 1172 θέραν,
2292 1103 2387 1156 καὶ
2415 1106 2835 1160 καταπιστεύων
2863 1108 3002 1179 αὑτῇ
3056 1110 3158 1180 τὴν
3187 1111 3282 1164 τοῦ
3339 1111 3469 1164 ἰδίου
3517 1110 3649 1163 διεί-

2071 1207 2256 1262 κησιν,
2287 1187 2382 1246 καὶ
2407 1193 2878 1265 ταὺτῃσαρκικῶς
2911 1198 3361 1272 συμπλεκόμενος
3381 1200 3482 1273 [αι.
3516 1217 3648 1269 συγ-

2070 1284 2504 1355 κοιταζόμενοςῖ,
2540 1286 2791 1358 ἄγραφον
2855 1287 3217 1346 συναλλάσσει
3276 1293 3414 1364 πρὸς
3475 1292 3646 1365 αὑτὴν

2067 1375 2267 1447 γάμον.

2143 1554 2224 1609 ιδ’.
2261 1555 2385 1610 Ἐάν
2413 1557 2470 1633 δὲ
2517 1557 2578 1624 ἐξ
2603 1559 2774 1631 αὑτῆς
2802 1561 2880 1634 μὴ
2920 1562 3316 1630 παιδοποιήσας
3351 1559 3639 1631 πειραθείη

2065 1643 2321 1713 ἐκδιῶξαι
2344 1646 2529 1719 αὑτὴν
2552 1651 2618 1705 ἐκ
2650 1652 2752 1721 τῆς
2783 1653 2923 1724 πρὸς
2951 1655 3112 1708 αὑτὸν
3143 1655 3504 1725 συνοικήσεως
3539 1651 3638 1723 [αι.

2067 1739 2456 1812 συνοικεσίας],
2482 1743 2663 1805 αίτίας
2683 1744 2834 1814 νόμῳ
2857 1745 3208 1815 ἐγνωσμένης
3231 1745 3406 1808 ἐκτὸς,
3440 1743 3641 1796 διδόναι

2074 1829 2212 1900 αὑτῇ
2265 1830 2403 1901 πρὸς
2456 1833 2523 1900 τῇ
2582 1835 3028 1890 ἀποκαταστάσει
3059 1836 3187 1902 τῶν,
3221 1835 3296 1897 ὡς
3333 1833 3499 1899 είκδς,
3531 1833 3643 1884 είσ-

2067 1920 2398 1990 ενεχθέντων
2446 1924 2578 1994 παρ’
2610 1925 2780 1995 αὑτῆς
2807 1927 3173 1997 πραγμάτων,
3229 1928 3322 1980 καὶ
3375 1927 3637 1994 τέταρτον

2069 2009 2237 2082 μέρος
2265 2015 2364 2084 τῆς
2393 2013 2559 2067 αὑτοῦ
2589 2017 2931 2086 περιουσίας.

2137 2116 2220 2158 ιε’.
2270 2107 2333 2158 Ei
2363 2105 2421 2159 δὲ
2450 2109 2641 2179 ἀπόρῳ
2695 2110 2918 2177 γυναικὶ
2971 2111 3109 2182 πρὸς
3167 2109 3398 2181 νόμιμον
3459 2109 3638 2178 γάμον

2065 2196 2311 2267 συναφθῇ
2359 2214 2465 2264 τις,
2499 2199 2599 2251 καὶ
2629 2201 2946 2272 τελευτήσει
3001 2203 3028 2255 ὁ
3090 2201 3231 2272 ἀνὴρ
3283 2202 3491 2256 παίδων
3541 2202 3634 2254 καὶ

2063 2287 2328 2360 διαθήκης
2380 2291 2573 2361 χωρὶς,
2604 2293 2928 2362 κομίζεσθαι
2978 2295 3078 2364 τὴν
3134 2296 3369 2362 γυναῖκα
3426 2294 3490 2346 ὲκ
3538 2293 3636 2361 τῆς

2061 2377 2310 2448 άνδρῴας
2333 2379 2683 2445 ὑποστάσεως
2709 2381 2848 2452 ὑπὲρ
2869 2383 2928 2447 ἐξ
2955 2383 3211 2446 ἀπαιδίας
3235 2383 3438 2437 κάσσου
3470 2385 3635 2452 μέρος

2059 2469 2344 2538 τέταρτον,
2390 2472 2533 2526 κατὰ
2556 2471 2655 2543 τὴν
2687 2473 2950 2544 εὐπορίαν
2978 2473 3074 2527 τοῦ
3115 2473 3330 2544 ἀνδρὸς,
3389 2473 3493 2536 ἓως
3526 2472 3633 2524 τῶν

2058 2561 2194 2614 δέκα
2220 2561 2440 2631 λιτρῶν.
2466 2563 2530 2616 Ei
2561 2565 2616 2617 δὲ
2645 2564 2829 2618 ἐπάνω
2859 2565 2969 2619 τῶν
3027 2565 3162 2619 δέκα
3191 2564 3388 2635 λιτρῶν
3411 2563 3635 2632 εὐπορεῖ

2059 2655 2089 2706 ὁ
2110 2654 2269 2725 ἀνὴρ,
2299 2655 2372 2726 μὴ
2404 2654 2546 2726 ἔχειν
2573 2655 2745 2726 αὑτὴν
2769 2656 2978 2721 ἄδειαν,
3002 2656 3189 2728 ἕτερόν
3211 2673 3264 2708 τι
3287 2652 3630 2725 κομίζεσθαι,

2057 2745 2201 2817 πλὴν
2228 2747 2338 2800 τῶν
2383 2747 2519 2804 δέκα
2567 2749 2790 2819 λιτρῶν,
2826 2749 2902 2813 ὼς
2932 2750 3372 2822 προειρήκαμεν,
3429 2747 3524 2799 καὶ
3561 2743 3632 2796 τὰ

2057 2838 2327 2892 ὑπόλοιπα
2382 2840 2772 2912 περιέρχεσθαι
2802 2844 2882 2904 είς
2915 2842 3044 2905 τοὺς
3063 2841 3125 2905 ἐξ
3151 2838 3432 2900 ἀδιαθέτου
3464 2834 3628 2890 αὑτοῦ

2066 2928 2462 3000 κληρονόμους,
2514 2930 2549 3000 ἢ
2611 2931 2686 3002 μὴ
2719 2932 2966 2988 ὑπόντων
3028 2930 3398 3004 κληρονόμων,
3447 2929 3528 2993 είς
3571 2929 3632 2982 τὸ

2058 3019 2223 3090 μέρος
2249 3021 2343 3073 τοῦ
2374 3021 2437 3092 δη
2447 3021 2656 3091 μοσίου.

2129 3110 2227 3176 ις’.
2253 3114 2665 3186 Δευτερογαμία
2687 3115 2999 3170 συνίσταται
3020 3117 3114 3170 ἐπὶ
3140 3119 3256 3183 τοῖς
3284 3119 3360 3190 μὴ
3387 3117 3629 3173 κεκωλυ-

2052 3201 2240 3272 μένοις
2295 3203 2634 3275 προσώποις,
2679 3207 2789 3260 εἴτε
2849 3207 3164 3279 ἐγγράφως,
3194 3209 3303 3262 εἴτε
3336 3208 3622 3279 ἀγράφως.

2048 3295 2245 3375 οὕτως.
2280 3298 2344 3359 Ei
2378 3298 2477 3369 μὲν
2500 3299 2710 3354 παίδων
2741 3300 2935 3371 χωρὶς,
2963 3303 3310 3375 ἀπεριέργως
3328 3301 3626 3357 συναλλάσ-

2051 3404 2165 3442 σειν
2194 3389 2337 3443 κατά
2362 3392 2487 3454 τοὺς
2511 3390 2768 3464 ἀνωτέρω
2785 3393 3145 3465 δηλουμένους
3176 3395 3277 3468 [aL
3307 3393 3626 3466 διειλημμέ-

2047 3480 2194 3554 νους]
2233 3482 2491 3553 τρόπους.

2124 3570 2208 3634 ιζ’.
2229 3571 2291 3624 Εί
2307 3572 2364 3625 δὲ
2387 3574 2575 3638 παῖδες
2594 3575 2703 3629 εἰσὶ
2718 3576 2797 3648 τῷ
2811 3575 3305 3648 δευτερογαμοῢντι
3321 3575 3621 3650 προσώπῳ,

2053 3660 2129 3729 μὴ
2155 3659 2301 3731 ἔχειν
2321 3663 2480 3716 αὑτὸν
2501 3665 2686 3720 ἄδειαν
2713 3667 3029 3739 χαρίζεσθαι
3051 3672 3118 3741 τῇ
3150 3669 3380 3742 δευτέρᾳ
3406 3671 3624 3738 γυναικὶ

2049 3751 2220 3806 πλείω
2243 3754 2362 3818 ἐνὸς
2387 3756 2578 3820 παιδὸς
2611 3761 2806 3830 μοῖραν
2831 3759 3099 3833 [μοίρας],
3124 3761 3218 3816 τοῦ
3243 3765 3308 3817 ὲκ
3338 3762 3621 3834 προτέρων

2045 3845 2212 3901 αὑτοῦ
2235 3849 2450 3918 γάμων,
2501 3851 2566 3905 ὲκ
2604 3851 2706 3920 τῆς
2749 3853 2889 3917 ἰδίας
2927 3856 3265 3925 περιουσίας,
3310 3855 3439 3910 καθ’
3474 3858 3622 3908 οἱαν-

2042 3938 2241 4009 δήποτε
2280 3940 2616 4012 φιλοτιμίαν.
2660 3943 2892 4013 Ὁμοίως
2919 3946 2977 4000 δὲ
3014 3947 3075 4000 τὸ
3100 3948 3231 4000 αὑτὸ
3261 3947 3618 4017 παραφυλατο

2043 4027 2220 4082 τέσθω
2263 4028 2839 4107 [παραφυλάττεσθαι]
2902 4037 2996 4090 καὶ
3025 4037 3118 4089 ἐπὶ
3143 4036 3246 4105 τῆς
3290 4036 3614 4107 δευτερογα-

2049 4118 2256 4190 μούσης
2287 4123 2567 4189 γυναικὸς,
2615 4124 2899 4195 προδήλως
2956 4126 3166 4195 ταύτης
3228 4126 3322 4180 τὸν
3372 4125 3482 4180 ἀπὸ
3519 4125 3614 4178 τοῦ

2044 4211 2235 4281 καιροῦ
2261 4213 2359 4282 τῆς
2387 4214 2644 4285 τελευτῆς
2664 4216 2757 4270 τοῦ
2786 4217 3006 4290 πρώτου
3033 4219 3226 4287 ἀνδρὸς
3258 4217 3617 4289 παραφυλατ-

2041 4304 2244 4376 τούσης
2269 4306 2734 4379 δωδεκαμηνιαῖον
2762 4310 2972 4380 χρόνον.

2118 4402 2209 4467 ιη’,
2248 4399 2310 4450 Ei
2355 4398 2412 4451 δὲ
2449 4400 2525 4468 μὴ
2572 4402 2986 4471 περατωθέντος
3022 4405 3118 4458 τοῦ
3171 4403 3367 4476 καιροῦ
3419 4404 3614 4460 τούτου

359 4473 426 4524 ad
461 4474 678 4538 nuptias
723 4479 1020 4546 transierit,
1063 4482 1284 4539 infantis
1325 4489 1431 4541 erit
1459 4507 1474 4543 :
1504 4506 1606 4547 nec
1651 4509 1680 4548 a
1733 4499 1933 4554 marito

2055 4461 2625 4561 Ξευτερογαμήσειίαί.
2649 4461 2984 4564 ’διγαμήσῃῄ
3015 4495 3210 4566 ἄτιμος
3245 4461 3417 4560 ἔσται,
3449 4497 3616 4566 μηδὲν

357 4560 524 4628 priori
571 4564 864 4633 quidquam
904 4567 1012 4623 ullo
1048 4573 1209 4625 modo
1259 4572 1575 4632 lucrabitur.
1617 4581 1687 4635 At
1719 4597 1850 4639 vero
1881 4586 1930 4641 si

352 4829 456 4884 bus
505 4832 645 4888 dotis
695 4839 953 4906 augenda:
999 4843 1196 4908 gratia.
1234 4828 1432 4901 Eodem
1489 4851 1651 4904 modo
1695 4854 1928 4911 maritus

353 4935 570 4990 quoque
603 4927 867 4982 secundas
899 4928 967 4984 ad
1016 4934 1232 5000 nuptias
1269 4950 1392 4992 sese
1430 4939 1736 5009 conferens,
1789 4945 1926 5019 nihil

351 5011 422 5066 ab
453 5028 621 5068 uxore
651 5016 816 5082 priori
863 5035 1243 5094 consequetur.
1293 5028 1450 5096 Quod
1481 5031 1526 5086 si
1560 5043 1778 5089 exstent
1810 5016 1925 5091 im-

351 5105 584 5171 puberes
611 5105 786 5170 liberi,
838 5113 1105 5184 tantisper
1130 5132 1318 5175 eorum
1364 5137 1453 5178 res
1480 5124 1600 5194 ipse
1630 5128 1924 5196 custodiet,

351 5195 524 5251 donec
548 5199 717 5254 adulti
745 5199 874 5258 facti
903 5204 1128 5263 fuerint.

419 5465 506 5521 19.
539 5469 634 5526 Sin
659 5472 770 5544 jam
805 5475 1175 5548 adoleverunt,
1206 5483 1274 5537 ab
1303 5499 1371 5542 eo
1402 5485 1516 5556 ipso
1545 5499 1788 5562 tempore
1811 5506 1918 5552 sta-

349 5554 442 5610 tim
481 5562 560 5616 eis
601 5563 653 5616 in
685 5567 914 5623 solidum
944 5570 1083 5627 bona
1117 5583 1362 5632 materna
1393 5554 1696 5640 tradantur.

421 5730 507 5787 5:0.
545 5737 696 5802 Quod
740 5743 781 5797 si
812 5745 1053 5802 subolem
1088 5765 1151 5804 cx
1193 5750 1359 5807 altera
1414 5756 1628 5828 coniugi
1668 5773 1919 5821 δυσαρμο-

2031 4579 2096 4630 ὲκ
2135 4577 2229 4630 τοῦ
2272 4579 2542 4651 προτέρου
2580 4580 2678 4652 [αι.
2727 4583 2973 4656 πρώτου]
3005 4587 3201 4657 ἀνδρὸς
3251 4589 3614 4658 κερδαίνουσα

1911 4693 1927 4731 ε
2035 4666 2158 4720 καθ’
2184 4669 2496 4739 οίονδήποτε
2521 4671 2742 4740 τρόπον.
2764 4674 3300 4747 Παραφυλαττούσης
3335 4677 3392 4730 δὲ
3414 4678 3610 4747 αὐτῆς,

2020 4757 2108 4822 ὡς
2133 4758 2376 4830 εἴρηται,
2400 4761 2492 4814 τὸν
2522 4762 2828 4834 ὡρισμένον
2851 4767 3064 4836 χρόνον,
3089 4768 3416 4837 κομίζεσθαι
3439 4771 3612 4839 αὐτὴν

2030 4847 2130 4920 τὴν
2174 4850 2314 4903 ἰδίαν
2344 4853 2568 4921 προῖκα,
2631 4855 2769 4924 μετὰ
2799 4857 2890 4910 καὶ
2911 4857 3042 4922 τῶν,
3093 4859 3170 4922 ὼς
3203 4860 3371 4925 εἰκὸς,
3401 4861 3611 4930 ἀποχα-

2034 4939 2329 5010 ρισθέντων
2383 4942 2521 5013 αὑτῇ
2558 4945 2616 4996 ὲν
2650 4945 2950 5017 ὲπαυξήσει
3007 4949 3109 5015 τῆς
3157 4939 3387 5022 προικὸς
3411 4952 3605 5020 αὑτῆς.

2043 5028 2316 5096 Ὡσαύτως
2331 5031 2388 5086 δὲ
2419 5033 2512 5086 καὶ
2543 5035 2634 5089 τὸν
2664 5036 2836 5108 ἄνδρα
2859 5041 2939 5102 είς
2966 5038 3153 5110 ἕτερον
3177 5045 3607 5113 περιερχόμενον

2031 5122 2389 5185 συνοικέσιον,
2426 5125 2596 5194 μηδὲν
2629 5127 2696 5181 ἐκ
2725 5128 2826 5198 τῆς
2850 5129 3128 5200 προτέρας
3151 5131 3319 5185 αὑτοῦ
3346 5135 3606 5202 γυναικὸς

2027 5211 2350 5282 Μμόάνειν.
2407 5217 2471 5269 Ei.
2525 5217 2582 5272 δὲ
2610 5219 2950 5290 ὑπάρχουσιν
2997 5224 3252 5294 άνήλικοι
3293 5226 3506 5292 παῖδες,
3533 5227 3606 5282 τὰ

2026 5304 2231 5360 τούτων
2258 5306 2560 5377 πράγματα
2585 5312 3036 5380 παραφυλάττειν
3079 5313 3268 5381 αὑτὸν,
3301 5316 3496 5387 μέχρις
3535 5318 3604 5371 ἂν

2022 5397 2133 5450 τῶν
2162 5397 2393 5451 ἐντελῶν
2422 5400 2706 5468 γένωνται.
3059 5415 3065 5420 ·

2096 5487 2182 5541 ιϐ’.
2220 5489 2282 5541 Εἰ
2304 5489 2362 5543 δὲ
2389 5491 2484 5544 καὶ
2498 5489 2608 5544 τῶν
2635 5491 2864 5568 ἐντελῶν
2887 5495 3019 5560 εἰσι,
3049 5498 3386 5569 παρέχεσθαι
3413 5500 3601 5563 αὑτοῖς

2023 5577 2358 5634 ἁπεντεῦθεν
2413 5582 2516 5652 ἤδη
2545 5582 2613 5636 τὰ
2651 5584 2882 5656 μητρῷα
2922 5587 3106 5643 αὑτῶν
3152 5589 3382 5654 ἐντελῶς
3422 5593 3602 5662 πράγ-

2026 5684 2170 5738 ματα
2181 5709 2195 5724 .

2094 5768 2158 5814 κ’.
2194 5763 2252 5814 lii
2289 5762 2342 5815 δὲ
2372 5765 2461 5819 καὶ
2491 5772 2869 5841 τεκιιυποιήσει
2909 5774 2972 5828 ἐκ
2994 5774 3091 5847 τῆς
3129 5774 3388 5849 δευτέρας
3409 5795 3600 5848 γυναι-
