4050 6416
357 380 460 446 501

1623 388 2010 450 DELECTUS
2049 391 2336 453 LEGUM.

3492 401 3603 463 502

348 493 468 557 κὸς.
505 493 601 546 καί
635 493 819 566 συμϐῇ
850 495 1014 552 αὐτὸν
1036 496 1382 568 τελευτῆσαι,
1422 497 1609 552 ἄδειαν
1640 498 1785 570 ἔχειν
1837 499 1932 554 καὶ

2043 502 2128 566 rit,
2155 515 2210 560 et
2238 505 2412 576 ipsum
2442 504 2708 561 decedere
2736 507 3053 580 contigerit:
3081 509 3312 568 facultas
3338 522 3456 569 esto
3491 525 3598 572 tam

347 587 419 639 τὰ
444 585 638 656 πρῶτα
661 586 759 641 καὶ
780 587 848 641 τὰ
863 587 1092 660 δεύτερα
1113 589 1284 645 τέκνα
1307 591 1398 645 τδν
1416 591 1549 650 ἴδιον
1569 591 1930 663 κληρονομεῖν

348 677 591 747 πατέρα,
623 677 827 747 ὁμοίως
855 679 952 732 καὶ
979 679 1078 751 τὴν
1111 681 1344 753 μητέρα.

418 765 526 819 κα⁹.
561 765 626 820 Ἡ
641 767 1121 839 δευτερογαμοῦσα
1146 773 1309 842 γυνὴ,
1338 771 1540 844 ἔχουσα
1564 776 1628 828 ἐκ
1649 773 1743 830 τοῦ
1771 774 1927 845 πρώ-

341 873 439 911 του
470 859 654 928 γάμου
687 860 910 924 παῖδας,
946 862 1170 917 αἰτείτω
1201 865 1308 936 πρὸ
1331 865 1428 919 τοῦ
1478 867 1930 937 συναλλάγματος

340 947 437 1002 τοῦ
465 948 726 1020 δευτέρου
755 950 939 1020 γάμου
971 954 1305 1025 ἐπιτρόπους
1335 959 1450 1021 τοῖς
1504 959 1693 1011 παισὶν
1735 957 1930 1028 αὐτῆς,

343 1045 443 1097 καὶ
462 1042 644 1107 οὕτως
675 1047 1117 1104 συναλλασσέτω.
1146 1049 1209 1104 EI
1240 1051 1349 1122 γὰρ
1379 1053 1455 1122 μὴ
1485 1053 1645 1107 τοῦτο
1674 1054 1926 1126 γένηται,

2029 594 2242 664 primis,
2269 611 2428 665 quam
2455 597 2710 654 secundis
2735 599 2942 667 liberis,
2967 602 3224 672 patrisuo
3241 605 3598 673 succedendi;

2029 686 2330 757 eodemque
2359 688 2520 744 modo
2552 699 2607 744 et
2641 692 2826 745 matri.

2099 779 2191 834 2!.
2227 778 2417 835 Mulier
2445 782 2713 837 secundas
2744 782 2961 852 nuptias
3004 786 3511 857 contrahens,quae
3536 789 3604 843 de

2031 870 2198 940 priori
2248 872 2497 941 coniugio
2533 873 2733 928 liberos
2762 875 2944 943 habet,
2977 886 3106 933 ante
3148 881 3375 935 secundi
3418 881 3607 936 matri-

2031 964 2197 1018 monii
2229 974 2577 1020 contractum
2624 966 2810 1023 liberis
2857 970 2970 1024 suis
3001 978 3203 1026 tutores
3240 980 3408 1040 petat,
3439 983 3493 1028 et
3529 974 3602 1027 ita

2028 1053 2338 1108 contrahat.
2371 1053 2581 1126 Quippe
2609 1057 2654 1110 si
2685 1057 2788 1114 hoc
2811 1060 3017 1116 factum
3043 1075 3150 1115 non
3185 1059 3368 1127 fuerit,
3392 1072 3445 1116 et
3478 1075 3606 1119 sunt

343 1133 628 1188 ὑπεύθυνα
675 1135 746 1188 τὰ
801 1137 973 1208 αὐτῆς
1006 1140 1138 1206 εἰσι,
1187 1140 1404 1195 καὶτοῦ
1453 1142 1706 1216 δευτέρου
1755 1144 1929 1214 αὐτῆς

2049 1144 2218 1213 psius,
2252 1155 2305 1202 et
2339 1156 2499 1203 erunt
2545 1150 2768 1204 secundi
2815 1151 2994 1209 mariti
3029 1153 3168 1216 bona
3222 1154 3458 1224 obligata
3504 1172 3602 1212 no-

341 1225 540 1294 ἀνδρὸς
569 1225 878 1295 πράγματα
907 1230 1230 1301 γενήσονται
1256 1233 1351 1287 ἐπὶ
1371 1235 1437 1303 τῇ
1475 1234 1927 1290 ἀποκαταστάσει

342 1314 454 1368 τῶν
481 1315 801 1386 ἀνηκόντων
829 1321 944 1384 τοῖς
977 1321 1121 1386 νέοις
1148 1322 1434 1394 πατρικῶν
1458 1324 1639 1378 αὐτῶν
1671 1325 1934 1396 πραγμά-

344 1423 474 1462 των.

943 1547 1194 1604 ΤΙΤΛΟΣ
1235 1549 1339 1610 ll".

677 1659 823 1728 napi
844 1658 958 1729 τῆς
978 1662 1218 1727 λύσεως
1241 1663 1351 1716 τοῦ
1383 1662 1599 1732 γάμου.

430 1771 493 1826 α’.
520 1771 626 1842 Τῆς
648 1771 938 1827 ἀδιαλύτου
955 1773 1066 1826 τῶν
1088 1772 1340 1844 γαμικῶς
1363 1777 1420 1830 ἐν
1439 1776 1630 1847 Κυρίῳ
1646 1774 1935 1846 συμϐιούν-

2034 1237 2177 1294 mine
2225 1238 2586 1297 restitutionis
2619 1255 2810 1296 earum
2861 1257 3067 1309 rerum,
3114 1260 3236 1314 quae
3272 1245 3341 1302 ad
3368 1246 3604 1304 minores

2033 1339 2098 1379 cx
2127 1328 2477 1385 successione
2512 1339 2738 1397 paterna
2770 1333 3062 1404 pertinent,

2583 1544 2888 1603 TITULUS
2925 1545 3062 1602 XIII.

2459 1656 2534 1710 De
2549 1656 2810 1711 soiutione
2838 1658 3183 1713 matrimonii.

2115 1769 2161 1828 ι.
2192 1768 2624 1825 lndissolubilem
2667 1785 2879 1836 eorum,
2914 1771 3007 1843 qui
3047 1772 3148 1828 sub
3176 1772 3292 1842 lege
3321 1763 3604 1826 matrimo-

356 1876 461 1914 των
506 1861 753 1926 ἐνώσεως
784 1864 819 1933 ἡ
873 1862 970 1915 τοῦ
1018 1863 1253 1916 Κτίστου
1284 1865 1380 1918 καὶ
1414 1845 1759 1936 Δημιουργοῦ
1814 1864 1925 1920 τῶν

2043 1860 2107 1915 aii
2161 1874 2269 1914 una
2316 1861 2504 1914 vivunt
2549 1860 2604 1915 in
2648 1860 2901 1921 Domino,
2953 1860 3389 1931 coniunctionem
3438 1876 3603 1916 esse:

351 1951 613 2005 ἁπάντων
661 1950 799 2005 Θεοῦ
855 1952 1019 2020 σοφία
1073 1953 1310 2023 ὑπάρχει
1358 1953 1701 2020 διδάσκαλος.
1757 1955 1930 2021 Αὐτὸς

349 2043 462 2110 γὰρ
496 2043 577 2105 εἰς
613 2041 676 2095 τδ
705 2039 844 2096 εἰναι
878 2043 1230 2114 παραγαγὼν
1273 2044 1333 2111 ἐξ
1380 2045 1480 2099 ούκ
1525 2045 1695 2099 ὄντων
1719 2047 1810 2100 τὸν
1839 2047 1934 2102 ἀν-

349 2132 594 2204 θρωπον,
615 2134 678 2186 ού
708 2134 801 2186 τὸν
831 2135 994 2188 αὐτὸν
1020 2135 1117 2188 καὶ
1149 2135 1252 2206 τὴν
1288 2138 1524 2203 γυναῖκα
1573 2137 1776 2192 πλάσαι
1805 2138 1935 2211 τρό-

349 2240 452 2276 ¹τεον
481 2223 737 2293 ἠθέλησε,
769 2225 976 2295 καίπερ
1001 2224 1319 2296 δυνάμενος,
1353 2225 1472 2280 ἀλλ’
1507 2229 1572 2280 ἐκ
1624 2227 1719 2280 τοῦ
1739 2229 1934 2301 ἀνδρὸς

347 2313 559 2384 ταύτην
610 2314 1072 2387 ἐδημιούργησεν,
1117 2316 1223 2380 ,ῐνα
1259 2317 1361 2387 τῆς
1411 2317 1702 2388 ήνωμὲνης
1751 2320 1932 2390 σοφῶς

351 2409 485 2478 μιᾶς
515 2409 580 2460 ἐν
607 2408 759 2462 δυάδι
785 2409 1097 2477 προσώπων
1128 2410 1332 2482 σαρκὸς
1364 2409 1467 2479 τῆς
1491 2411 1754 2480 συζυγίας
1773 2430 1936 2484 νομο-

347 2499 557 2570 θετήσῃ
584 2499 644 2553 τὸ
687 2499 1061 2564 ἀδιάζευκτον.
1087 2501 1254 2555 Ὅθεν
1297 2502 1419 2556 ούδέ
1451 2503 1552 2574 τὴν
1595 2507 1832 2572 γυναῖκα
1864 2509 1930 2578 τῇ

353 2590 609 2662 ὑποθήκῃ
636 2590 729 2644 τοῦ
748 2591 928 2661 ϐφεως
953 2591 1049 2662 τῆς
1075 2593 1282 2664 πικρᾶς
1301 2591 1380 2666 τῷ
1409 2593 1562 2664 ἀνδρί
1582 2593 1931 2664 κατάρξασαν

352 2682 621 2749 γεύσεως,
651 2683 761 2737 ἀπὸ
789 2683 982 2738 τούτου
1032 2684 1300 2756 ἐχώρισεν
1321 2701 1336 2716 ο
1400 2685 1511 2738 οὐδ’
1540 2682 1606 2740 αὖ
1640 2686 1732 2740 τὸν
1763 2688 1934 2760 ἄνδρα

351 2775 454 2842 τῆς
487 2775 828 2846 Δεσποτικῆς
859 2775 1080 2847 ἐντολῆς
1119 2776 1219 2848 τὴν
1249 2777 1563 2848 παράϐασιν
1595 2783 1664 2850 τῇ
1679 2778 1934 2850 ὁμοζύγῳ

355 2868 866 2938 συνεργασάμενον,
920 2868 1126 2939 ταύτης
1160 2869 1465 2936 διέζευξεν⁸
1497 2869 1634 2922 ἀλλὰ
1681 2869 1780 2940 τὴν
1829 2870 1930 2941 μὲν

353 2958 636 3030 ἁμαρτίαν
659 2959 908 3024 ἐκόλασε,
932 2959 1032 3031 τὴν
1051 2961 1107 3014 δὲ
1122 2960 1384 3028 συζυγίαν
1417 2962 1518 3015 οὐκ
1542 2961 1725 3017 ἔλυσε.
1745 2962 1935 3037 Ταύτῃ

355 3052 536 3104 τοίνυν
565 3053 632 3122 τῇ
672 3053 890 3122 ἐνεργεῖ
910 3051 1207 3124 νομοθεσίᾳ
1237 3039 1404 3118 αὖθις
1446 3053 1542 3106 καὶ
1574 3053 1720 3126 λόγῳ
1749 3071 1934 3127 κυρω-

359 3139 517 3213 θείσῃ
536 3141 691 3210 παρὰ
710 3142 805 3195 τοῦ
827 3142 1153 3218 κτίσαντος,
1189 3142 1335 3197 κατὰ
1361 3143 1450 3197 τον
1474 3145 1664 3214 καιρὸν
1687 3147 1791 3215 τῆς
1823 3145 1934 3198 τῶν

356 3233 671 3303 Φαρισαίων
707 3233 844 3306 πρὸς
890 3234 1053 3288 αὐτὸν
1117 3235 1460 3307 ἐρωτήσεως,
1519 3238 1568 3289 εἰ
1597 3236 1808 3302 ἔξεστιν
1839 3238 1937 3291 ἀν-

359 3325 568 3396 θρώπῳ
627 3325 772 3381 κατὰ
806 3328 988 3381 πᾶσαν
1017 3327 1201 3382 αἰτίαν
1257 3327 1518 3382 ἀπολύειν
1568 3330 1669 3400 τὴν
1698 3333 1938 3398 γυναῖκα

361 3417 552 3482 αὑτοῦ,
583 3419 678 3471 καὶ
699 3418 1118 3490 ἀποκριθέντος,
1153 3419 1280 3482 τοὺς
1308 3418 1414 3472 ὑπὸ
1442 3418 1579 3472 Θεοῦ
1608 3418 1938 3489 ζευχθέντας

367 3507 637 3578 μηδαμῶς
678 3510 785 3564 ὑπὸ
835 3509 1129 3582 ἀνθρώπου
1174 3509 1449 3582 παρεκτὸς
1481 3509 1644 3576 λόγου
1678 3511 1940 3579 πορνείας

365 3601 722 3670 χωρίζεσθαι,
749 3602 1238 3668 ἐξακολουθοῦντές
1262 3619 1322 3655 τε
1345 3602 1440 3655 καί
1469 3601 1808 3670 πειθόμενοι,
1829 3601 1943 3654 οὐδ’

367 3694 528 3762 ἡμεῖς
556 3694 742 3766 ἕτερόν
779 3713 834 3748 τι
874 3695 1190 3765 νομοθετεῖν
1213 3695 1354 3764 ὑπὲρ
1384 3693 1575 3748 τούτου
1615 3693 1940 3764 βουλόμεθα.

385 3785 528 3836 Ἀλλ’
559 3788 744 3859 ἐπειδὴ
776 3787 838 3841 τὺ
864 3790 964 3858 τῆς
995 3787 1192 3852 κακίας
1215 3783 1357 3850 εἶδος
1375 3785 1652 3857 ἐπιμελῶς
1677 3787 1793 3852 τοῖς
1817 3783 1950 3837 πολ-

377 3873 485 3937 λοῖς
530 3879 633 3930 τῶν
680 3877 989 3950 ἀνθρώπων
1050 3875 1495 3948 ἐμπολιτεύεται,
1545 3875 1642 3928 καὶ
1689 3873 1944 3927 ἐντεῦθεν

371 3969 726 4039 ἀγαπητικῶς
756 3969 896 4040 πρὸς
955 3968 1219 4040 ἀλλήλους
1273 3966 1349 4039 μὴ
1402 3965 1760 4036 διακείμενοι,
1805 3963 1948 4018 κατά

368 4059 570 4120 πολλὰς
589 4059 791 4123 αἰτίας,
817 4059 912 4113 καί
944 4076 1075 4112 ποτε
1107 4059 1183 4131 μὴ
1225 4057 1394 4121 οὔσας
1423 4055 1702 4120 τοιαύτας,
1731 4054 1949 4108 ποιοῦν⁶

364 4167 456 4203 ται
481 4151 584 4220 τῆς
619 4152 826 4205 ἑαυτῶν
880 4151 1237 4222 συμβιώσεως
1274 4151 1373 4220 τὴν
1410 4149 1711 4214 διὰζευσιν,
1763 4145 1945 4218 ῥητῶς

368 4241 603 4295 ἐνθεῖναι
621 4241 722 4314 [αι.
741 4234 840 4312 τὴν
857 4241 1124 4307 διάταξιν,
1145 4242 1302 4305 ἐκτὸς
1327 4239 1587 4313 ἐνθεῖναι]
1611 4242 1676 4312 τῇ
1696 4239 1947 4312 παρούσῃ

368 4334 686 4406 νομοθεσία,
723 4334 790 4387 δι’
821 4329 897 4389 ὧν
938 4335 1010 4394 τὰ
1050 4334 1365 4390 συνοικέσια
1389 4331 1632 4397 λύονται,
1665 4329 1775 4383 τῶν
1805 4329 1953 4382 δεόν-

371 4442 483 4478 των
507 4427 830 4497 ἐκρίναμεν.

2035 1951 2153 2021 ipsa
2181 1967 2279 2007 nos
2309 1951 2531 2024 Opiﬁcis
2567 1962 2621 2008 ct
2657 1953 2930 2011 Creatoris
2952 1955 3192 2010 omnium
3221 1952 3314 2009 Dei
3341 1953 3605 2024 sapientia

2037 2043 2240 2098 docuit.
2285 2042 2334 2098 Is
2370 2043 2536 2111 enim,
2579 2060 2749 2113 quum
2799 2031 3072 2102 hominem
3107 2046 3174 2102 de
3223 2046 3394 2100 nihilo
3426 2059 3607 2101 rerum

2035 2133 2089 2187 in
2124 2143 2371 2188 naturam
2409 2136 2793 2204 produxisset:
2831 2152 2934 2192 non
2977 2137 3046 2192 ad
3090 2137 3340 2193 eumdem
3390 2136 3607 2190 modum

2039 2233 2094 2280 et
2121 2223 2404 2280 mulierem
2456 2225 2660 2298 ﬁngere
2699 2227 2887 2293 voluit,
2910 2228 3158 2302 quamvis
3189 2227 3241 2283 id
3271 2227 3450 2283 facere
3482 2240 3610 2294 pos-

2035 2327 2117 2370 sct
2149 2331 2164 2367 :
2199 2331 2387 2371 verum
2420 2317 2560 2372 hanc
2596 2333 2626 2373 e
2654 2318 2772 2373 viro
2809 2319 3072 2384 condidit,
3109 2326 3168 2373 ut
3193 2318 3357 2374 unitas
3393 2317 3612 2390 copula-

2039 2414 2212 2476 latque
2251 2409 2528 2477 sapienter
2575 2410 2737 2465 unius
2787 2409 2842 2464 in
2877 2410 3130 2480 personis
3183 2410 3393 2465 duabus
3427 2408 3612 2465 carnis

2038 2500 2453 2572 inseparabilem
2489 2502 2924 2572 coniunctionem
2958 2504 3216 2559 sanciret.
3247 2501 3608 2569 Quamobrem

2041 2607 2140 2648 nec
2197 2592 2507 2660 mulierem,
2555 2609 2674 2664 quae
2721 2595 3072 2666 suggestione
3127 2595 3417 2666 serpentis,
3466 2593 3613 2648 illius

2039 2698 2239 2738 amara:
2295 2685 2413 2742 viro
2459 2684 2852 2756 degustationis
2902 2685 3240 2743 occasionem
3284 2683 3609 2756 prabuerat,

2039 2777 2107 2831 ab
2149 2790 2217 2832 eo
2249 2777 2522 2846 separavit
2567 2794 2582 2832 :
2631 2792 2732 2838 nec
2780 2776 3023 2834 vicissim
3059 2776 3254 2842 virum,
3308 2775 3400 2846 qui
3435 2773 3611 2834 herile

2045 2867 2361 2924 mandatum
2394 2883 2498 2924 una
2543 2883 2664 2924 cum
2712 2869 2942 2940 conjuge
2986 2868 3192 2924 violare
3226 2866 3613 2934 fueratausus,

2041 2959 2108 3013 ab
2138 2973 2199 3013 ea
2244 2959 2482 3030 seiunxit
2514 2977 2528 3015 :
2555 2961 2650 3016 sed
2696 2969 2979 3030 peccatum
3023 2959 3257 3032 punivit,
3301 2957 3612 3029 coniugium

2046 3050 2269 3107 minime
2295 3050 2564 3109 dissolvit.
2613 3049 2751 3106 Huic
2781 3067 2910 3124 ergo
2943 3066 3043 3112 nos
3079 3050 3305 3118 elIicaci,
3336 3059 3391 3106 et
3421 3063 3614 3104 rursus

2044 3139 2213 3211 ipsius
2227 3139 2538 3198 Conditoris
2552 3143 2920 3212 pronuntiatio
2936 3142 3271 3200 confirmata:
3299 3141 3424 3210 lcgi,
3447 3155 3613 3210 quum

2041 3244 2072 3284 a
2113 3231 2404 3290 Pharisaeis
2433 3231 2887 3303 interrogaretur,
2942 3247 3011 3290 an
3048 3232 3257 3290 homini
3285 3230 3523 3306 qualibet
3549 3244 3615 3285 ex

2038 3339 2203 3379 causa
2225 3339 2377 3380 suam
2405 3339 2630 3385 uxorem
2657 3326 2946 3396 repudiare
2970 3325 3154 3394 liceat,
3174 3334 3228 3380 et
3249 3326 3364 3396 ipse
3389 3339 3618 3394 respon-

2039 3414 2214 3480 deret,
2243 3429 2273 3469 a
2306 3416 2418 3472 Deo
2458 3415 2780 3487 coniunctos
2822 3431 3160 3487 nequaquam
3205 3417 3274 3470 ab
3299 3415 3516 3472 homine
3538 3429 3618 3471 se-

2040 3507 2333 3575 parandos,
2363 3515 2515 3562 extra
2545 3523 2764 3564 causam
2795 3509 3176 3570 scortationis:
3211 3508 3336 3563 huic
3360 3523 3490 3579 ergo
3514 3522 3615 3562 nos

2041 3607 2098 3652 et
2136 3599 2470 3664 insistentes,
2505 3609 2559 3655 et
2585 3598 3048 3667 obtemperantes,
3085 3613 3426 3670 nequaquam
3467 3599 3616 3653 aliud

2043 3689 2316 3758 quidpiam
2361 3689 2430 3745 de
2467 3691 2569 3746 hoc
2599 3700 2842 3747 statuere
2871 3690 3142 3746 volumus.
3171 3691 3278 3745 Sed
3300 3690 3444 3745 enim
3491 3705 3615 3744 cum

2045 3781 2162 3850 ipsa
2199 3780 2420 3836 malitia:
2452 3781 2662 3854 species
2689 3781 2988 3853 nimiopere
3016 3795 3075 3837 se
3108 3780 3350 3852 pluribus
3381 3780 3621 3836 homini-

2049 3872 2152 3928 bus
2180 3873 2412 3944 ingerat,
2436 3889 2610 3944 eaque
2641 3874 2708 3930 de
2736 3888 2900 3930 causa
2943 3873 3157 3943 quoties
3193 3887 3383 3944 parum
3429 3887 3621 3926 aman-

2048 3970 2131 4019 ter
2150 3978 2276 4032 erga
2317 3980 2378 4020 se
2419 3966 2650 4021 invicem
2685 3964 2863 4020 atl'ecti
2912 3973 3064 4031 sunt,
3110 3979 3178 4019 ex
3211 3963 3376 4019 variis
3415 3963 3619 4030 causis,

2047 4071 2168 4126 quae
2193 4071 2580 4130 nonnunquam
2627 4059 2703 4114 ita
2729 4066 3057 4128 comparatae
3084 4072 3188 4114 non
3220 4064 3371 4124 sunt,
3400 4070 3628 4111 consue-

2050 4147 2293 4203 tudinem
2323 4149 2450 4204 vita‘.
2473 4158 2716 4205 mutuam
2733 4148 2996 4206 dirimant
3025 4162 3039 4200 :
3071 4146 3277 4203 diserte
3305 4145 3472 4202 inseri
3499 4145 3624 4202 huic

2056 4238 2238 4308 legum
2291 4239 2730 4310 promulgationi,
2763 4239 2962 4310 quibus
3003 4253 3072 4294 ex
3113 4239 3295 4294 causis
3338 4237 3624 4298 matrimo-

2051 4331 2139 4390 nia
2173 4329 2474 4396 solvantur,
2509 4331 2883 4392 necessarium
2915 4329 3198 4386 duximus.

899 4517 1039 4589 ἀνὴρ
1076 4517 1186 4574 ἀπὸ
1233 4473 1494 4584 γυναικὸς
1543 4513 1634 4570 διὰ
1693 4511 1941 4576 τοιαύτας

2124 4505 2179 4559 2.
2209 4504 2434 4562 Maritus
2468 4507 2538 4561 ab
2579 4520 2750 4560 uxore
2781 4512 3004 4576 propter
3050 4503 3218 4562 hasce
3261 4517 3456 4559 causas
3486 4503 3624 4558 diri-

373 4607 575 4672 αἰτίαςο
620 4608 743 4661 Ἐὰν
771 4609 804 4678 ἡ
867 4606 1006 4678 γυνὴ
1031 4603 1198 4659 αὑτοῦ
1223 4603 1526 4674 πορνεύσῃ.
1561 4603 1691 4656 Ἐὰν
1725 4601 1950 4656 ἐπιϐου-

373 4699 862 4771 λεύσῃοίῳδήποτε
889 4699 1075 4767 τρόπῳ
1095 4699 1162 4767 τῇ
1183 4696 1297 4767 ζωῇ
1332 4692 1518 4756 αὐτοῦ,
1544 4693 1578 4763 ἢ
1608 4691 1948 4763 ἐπισταμένη

377 4790 600 4860 ἐτέρους
629 4787 1104 4854 ἐπιϐουλεύοντας,
1136 4787 1213 4858 μὴ
1228 4783 1594 4860 καταμηνύσῃ
1619 4783 1790 4855 αύτῷ.
1821 4783 1950 4838 Ἐὰν

376 4879 525 4952 λωϐή
555 4882 726 4934 ἐστιν.

447 4981 517 5042 γ’.
561 4973 799 5044 ὐμοίως
843 4971 901 5024 δέ
960 4970 1055 5025 καὶ
1089 4970 1124 5041 ὴ
1188 4967 1328 5039 γυνὴ
1356 4967 1463 5022 ἀπὸ
1491 4964 1586 5020 τοῦ
1643 4963 1836 5035 ἀνδρὸς
1865 4963 1954 5018 διὰ

378 5065 637 5129 τοιαύτας
676 5063 855 5126 αἰτίας
887 5060 1213 5133 χωρίζεται·
1251 5059 1384 5113 Ἒάν
1415 5057 1724 5127 ἀδυνατήσῃ
1760 5058 1788 5110 ὁ
1816 5054 1956 5128 ἀνὴρ

380 5159 472 5212 ἐπὶ
512 5155 726 5226 τριετίᾳ
759 5155 868 5208 ἀπὸ
905 5151 1100 5224 καιροῦ
1130 5150 1226 5205 τοῦ
1249 5147 1488 5220 γαμικοῦ
1513 5147 1958 5218 συναλλάγματος

379 5255 444 5323 τῇ
474 5250 654 5322 οἰκείᾳ
702 5248 928 5319 μιγῆναι
960 5245 1200 5316 γυναικί.
1239 5243 1366 5296 Ἐὰν
1421 5240 1786 5313 ἐπιϐουλεύσῃ
1825 5241 1956 5313 οἰῳ·

380 5342 579 5410 δήποτε
612 5338 802 5408 τρόπῳ
828 5339 896 5407 τῇ
924 5337 1036 5408 ζωῇ
1066 5335 1260 5402 αὐτῆς,
1290 5332 1324 5404 ἢ
1353 5331 1722 5400 ἐπιστάμενος
1763 5327 1962 5393 ἀλλους

385 5429 894 5502 ἐπιϐουλευτὰ;[αί.
944 5423 1445 5496 ἐπιϐουλεύοντας],
1471 5421 1554 5499 Δμὴ
1594 5422 1962 5496 καταμηνύσῃ

386 5523 546 5594 αὐτῇ.
582 5521 695 5574 Καὶ
724 5519 820 5574 ἐὰν
850 5517 1022 5580 λωϐός
1053 5518 1223 5572 ἐστιν.

457 5613 522 5668 δ’.
544 5613 610 5666 Εί
637 5611 698 5666 δὲ
730 5609 914 5681 συμϐῇ
932 5608 991 5676 ἐξ
1013 5607 1194 5660 αὐτῶν
1219 5605 1317 5658 ἕνα
1356 5600 1496 5675 μετὰ
1533 5602 1625 5655 τδν
1647 5599 1828 5672 γάμον
1855 5599 1962 5655 ὑπὸ

390 5703 644 5775 δαίμονος
685 5701 1045 5772 κυριευθῆναι
1079 5697 1180 5775 [αι.
1228 5692 1613 5768 κῳυσθῆναι],
1647 5695 1743 5748 καὶ
1771 5694 1837 5748 ἐκ
1861 5694 1963 5764 τῆς

395 5797 648 5867 τοιαύτης
699 5795 879 5858 αἰτίας
901 5795 995 5848 ἀπ’
1021 5791 1270 5862 ἀλλήλων
1303 5788 1377 5860 μὴ
1407 5787 1757 5860 χωρίζεσθαι.
1796 5787 1962 5841 ’Ᾱνευ

2051 4598 2218 4653 mitur
2247 4614 2262 4652 :
2293 4597 2351 4653 Si
2391 4611 2529 4652 uxor
2555 4595 2672 4666 eius
2710 4603 2944 4652 scortatu
2978 4594 3168 4650 tuerit.
3207 4593 3261 4650 Si
3303 4609 3630 4666 quocunque

2049 4688 2212 4745 modo
2262 4687 2513 4742 insidiata
2553 4685 2717 4740 fuerit
2762 4685 2880 4754 ejus
2909 4683 3055 4748 vitaz,
3092 4683 3176 4738 vel
3203 4683 3346 4740 alios
3379 4683 3630 4740 insidiari

2050 4780 2252 4848 sciens,
2287 4779 2520 4850 idipsum
2553 4777 2601 4834 ei
2632 4792 2741 4832 non
2777 4776 3062 4840 detexerit.
3097 4774 3154 4832 Si
3186 4775 3400 4847 leprosa
3432 4777 3528 4834 sit.

2127 4959 2182 5013 5.
2218 4957 2483 5014 Similiter
2505 4966 2561 5012 et
2595 4971 2734 5011 uxor
2762 4969 2792 5010 a
2826 4955 3023 5010 marito
3045 4963 3271 5026 propter
3309 4957 3475 5013 hasce
3507 4970 3638 5012 cau-

2059 5063 2149 5104 sas
2175 5057 2461 5119 separatur
2485 5063 2499 5100 :
2534 5048 2590 5103 Si
2621 5047 2847 5103 maritus
2875 5061 2906 5100 a
2935 5056 3177 5116 tempore
3205 5048 3624 5103 matrimonialis

2058 5148 2371 5196 contractus
2395 5153 2518 5194 cum
2557 5152 2728 5199 uxore
2769 5153 2867 5194 sua
2922 5138 3158 5194 triennio
3191 5139 3338 5194 coire
3368 5139 3629 5208 nequive-

2059 5232 2150 5287 rit.
2181 5233 2239 5287 Si
2261 5245 2590 5303 quocunque
2618 5232 2778 5286 modo
2805 5230 2931 5290 vitae
2953 5231 3142 5286 uxoris
3171 5230 3396 5286 insidias
3414 5241 3637 5285 struxe-

2059 5326 2152 5390 rit,
2185 5324 2267 5380 vel
2305 5338 2472 5395 quum
2504 5323 2640 5379 alios
2665 5332 2882 5379 struere
2931 5323 3117 5392 sciret,
3169 5323 3402 5393 idipsum
3442 5323 3491 5377 ei
3530 5337 3634 5378 non

2061 5417 2407 5473 indicaverit.
2439 5415 2498 5472 Si
2523 5416 2758 5488 denique
2789 5417 3036 5486 leprosus
3061 5418 3150 5469 sit.

2137 5601 2190 5656 4.
2221 5601 2291 5654 At
2319 5597 2364 5654 si
2391 5596 2702 5667 contigerit,
2750 5602 2811 5648 ut
2852 5591 3112 5647 alteruter
3137 5601 3326 5644 eorum
3359 5594 3480 5657 past
3527 5586 3633 5641 ini-

2068 5705 2184 5750 tum
2232 5688 2638 5746 matrimonium
2683 5689 2979 5752 occupetur
3020 5697 3049 5734 a
3086 5677 3227 5734 malo
3268 5679 3430 5750 genio
3475 5694 3489 5730 :
3530 5691 3638 5731 non

2069 5786 2298 5857 possunt
2321 5797 2385 5838 ex
2417 5778 2724 5851 huiusmodi
2759 5790 2920 5832 causa
2954 5789 2982 5828 a
3020 5788 3077 5830 se
3110 5771 3342 5828 invicem
3374 5770 3636 5844 separari.
