4050 6470
434 382 542 446 503

1449 382 1920 442 CONSTANTIN
1935 382 1955 439 [
1996 378 2682 442 PORPHYROGENITI

3570 367 3680 431 50b

433 495 656 563 Absque
698 491 782 547 bis
825 505 954 548 vero
995 493 1175 547 causis
1218 493 1470 562 cognitis,
1513 493 1612 546 viri
1652 493 2002 562 mulierisque

2120 491 2156 543 se
2193 490 2305 542 τῶν
2347 475 2542 543 αἰτιῶν
2569 487 2775 541 τούτων
2822 485 2934 540 τῶν
2967 485 3409 556 γνωριζομένων,
3469 480 3544 552 μὴ
3589 479 3686 534 δύ-

433 582 768 638 consortium
801 582 981 638 dirimi
1027 598 1131 638 non
1171 590 1376 652 potest,
1407 581 1703 636 secundum
1755 581 1830 648 id,
1861 579 2006 651 quod

435 673 701 741 scriptum
729 680 813 727 est
846 689 860 724 :
899 689 918 724 ι
949 670 1096 738 Quos
1127 670 1268 726 Deus
1299 671 1603 740 conjunxit,
1640 672 1802 727 bomo
1823 686 1890 726 ne
1913 685 2004 727 se-

436 771 610 832 paret.
641 782 660 815 ι

982 849 1285 908 TITULUS
1325 850 1464 906 XIV.

436 942 514 997 De
543 944 662 997 dote
691 942 909 1011 scripta,
945 949 994 994 et
1034 957 1134 994 non
1166 949 1462 1006 numerata,
1501 940 1664 1010 deque
1686 939 1810 1010 jure
1847 939 2002 993 dotis.

507 1114 560 1167 1.
584 1111 688 1177 Qui
712 1119 863 1167 cavet
898 1110 950 1164 in
981 1111 1224 1179 scriptis,
1245 1109 1328 1165 vel
1361 1110 1480 1164 sine
1507 1112 1796 1180 scriptura,
1823 1125 1882 1165 se
1910 1111 2008 1166 do-

439 1213 546 1257 tem
575 1202 872 1270 accepisse,
923 1202 967 1256 si
1001 1215 1063 1256 ca
1104 1215 1213 1256 non
1245 1200 1503 1266 solvatur,
1531 1201 1710 1270 major
1741 1201 1895 1256 annis
1928 1201 2008 1254 vi-

437 1293 571 1363 ginti
601 1293 843 1363 quinque
873 1292 1145 1348 licentiam
1177 1292 1361 1357 habet,
1397 1307 1519 1346 eam
1551 1301 1671 1361 post
1697 1292 1908 1362 nuptias
1940 1290 2006 1344 ad

436 1383 866 1452 quinquennium
901 1397 1072 1452 usque
1100 1383 1367 1437 duntaxat
1421 1383 1660 1451 petendi,
1693 1390 1749 1436 et
1787 1382 1840 1436 in
1875 1382 2010 1437 soli-

435 1475 561 1530 dum
608 1475 928 1546 accipiendi,
981 1490 1145 1545 quum
1204 1473 1394 1544 puellae
1439 1461 1692 1543 parentes
1735 1475 2006 1545 promissa

434 1568 726 1638 praestandi
759 1566 1070 1622 facultatem
1101 1565 1322 1622 habent.

505 1660 561 1711 2.
595 1657 654 1712 Si
681 1657 785 1713 hoc
813 1670 918 1712 non
951 1654 1164 1722 fecerit,
1208 1665 1264 1711 et
1293 1654 1502 1726 impleri
1530 1655 1796 1726 promissa
1827 1655 2009 1726 negle-

439 1750 605 1816 xerit,
663 1749 909 1804 mnlieris
940 1748 1078 1818 parti
1112 1757 1347 1813 tenetur,
1387 1747 1543 1819 juxta
1581 1749 1689 1802 vim
1716 1747 2006 1813 cantionis,

437 1856 598 1910 quam
628 1841 901 1910 exposuit.
947 1839 1102 1906 Quod
1144 1840 1188 1894 si
1219 1839 1394 1895 minor
1426 1848 1532 1905 est,
1565 1847 1687 1910 post
1713 1839 2006 1908 completos
2041 1823 2084 1878 Β

436 1933 628 2004 viginti
657 1933 898 2004 quinque
918 1935 1124 1999 annos,"
1144 1943 1199 1988 et
1233 1933 1380 1988 aliud
1411 1942 1670 2003 praetcrea
1702 1934 2010 2002 quinquen-

437 2026 614 2088 nium,
643 2033 830 2094 petere
871 2025 1194 2092 promissam
1229 2025 1332 2080 sibi
1368 2023 1547 2079 dotem
1583 2032 1784 2092 potest,
1813 2038 2010 2080 secun-

438 2120 565 2172 dum
600 2118 909 2172 cautionem
941 2115 1132 2186 ipsius.
1161 2115 1295 2170 Nam
1337 2117 1548 2188 integre
1577 2116 1729 2170 linito
1758 2115 1849 2171 illo
1875 2124 2012 2171 tem-

439 2209 590 2275 poris
616 2211 974 2264 determinato
997 2209 1191 2279 spatio,
1216 2209 1491 2264 licentiam
1514 2224 1618 2272 non
1638 2209 1799 2264 habet
1819 2209 2010 2280 agendi

440 2301 510 2355 de
559 2315 667 2356 non
717 2309 997 2356 numerata
1038 2300 1182 2356 d0tis
1223 2301 1368 2356 illius
1400 2311 1575 2357 cautae
1603 2302 1830 2370 pecunia
1870 2302 2014 2358 :sed

439 2401 680 2458 tenetur,
722 2392 799 2447 uti
843 2391 1052 2448 dictum
1081 2400 1186 2454 est,
1215 2393 1360 2465 parti
1402 2392 1650 2449 mulieris
1671 2433 1686 2460 ,
1716 2402 1878 2463 prout
1899 2393 2015 2463 ipse

441 2485 606 2540 cavit.

512 2757 566 2810 3.
592 2755 768 2822 Quum
814 2756 1008 2812 mulier
1039 2756 1236 2812 marito
1267 2770 1366 2812 suo
1401 2757 1582 2811 dotem
1618 2754 1794 2819 al‘f'ert,
1849 2757 1891 2810 si
1925 2756 2017 2809 ad-

444 2863 606 2903 verso
635 2849 867 2917 quodam
896 2863 1026 2902 casu
1057 2848 1307 2913 accidat,
1340 2856 1400 2902 ut
1429 2846 1641 2902 damnis
1671 2847 1896 2901 maritus
1936 2847 2018 2900 af-

442 2938 680 3003 ficiatur,
703 2937 788 2992 vel
818 2953 891 2994 aes
915 2938 1150 2993 alienum
1177 2939 1485 3004 contrahat,
1512 2940 1626 2993 sive
1651 2953 1777 3008 erga
1806 2939 2015 3004 iiscum,

444 3031 562 3086 sive
595 3030 756 3085 aliam
785 3045 914 3100 erga
944 3045 1255 3100 personam,
1289 3039 1344 3084 at
1377 3029 1584 3085 vivendi
1617 3029 1777 3083 linem
1809 3028 2017 3095 faciat,

452 3134 559 3174 nec
608 3119 797 3184 fiscus,
838 3134 936 3173 nec
984 3119 1270 3187 quisquam
1319 3118 1459 3173 alius
1505 3118 1777 3172 licentiam
1825 3117 2022 3172 habeat
2047 3151 2091 3210 ο

453 3210 739 3264 invadendi
763 3211 980 3265 domum
1007 3211 1146 3278 ejus,
1200 3218 1256 3264 et
1299 3209 1496 3279 aliquid
1529 3208 2023 3274 auferendi,donec

445 3300 550 3370 ipsi
587 3300 800 3355 mulieri
832 3300 972 3355 dotis
1001 3315 1113 3355 suae
1156 3302 1374 3355 nomine
1403 3297 1742 3354 satisfactum
1774 3297 1868 3352 sit.
1905 3297 2021 3364 Qua

445 3393 642 3457 soluta,
671 3407 791 3462 quae
824 3402 1136 3462 supersunt,
1177 3406 1275 3460 pro
1305 3399 1420 3445 rata
1451 3390 1754 3446 creditores
1795 3389 1937 3444 inter
1965 3403 2025 3444 se

447 3484 754 3554 partlantnr

1014 3616 1317 3674 TITULUS
1355 3616 1469 3673 XV.

447 3723 530 3777 De
569 3723 896 3792 simplicibus
945 3723 1340 3786 donationibus,
1383 3722 1481 3774 hoc
1510 3731 1617 3782 est,
1657 3737 1779 3774 eum
1842 3720 2025 3772 statim

519 3811 648 3848 usus
674 3791 733 3847 ct
770 3793 1072 3863 proprietas
1119 3808 1317 3855 rerum,
1367 3791 1471 3863 vel__
1501 3793 1796 3863 proprietas
1840 3805 2026 3842 earum

517 3859 816 3926 duntaxat;
857 3859 949 3915 aut
995 3873 1106 3928 post
1149 3871 1363 3914 mortem
1399 3859 1559 3912 aiicui
1600 3859 1972 3928 relinquuntur
2005 3870 2024 3909 .'

519 3935 683 3998 deque
703 3933 878 3986 causis
905 3945 970 3985 ea:
996 3931 1187 3999 quibus
1241 3930 1551 3983 donationes
1581 3928 1884 3998 hujusmodi
1939 3943 2025 3980 re-

519 4003 853 4056 scindantur.

527 4119 583 4172 i.
628 4116 780 4171 Citra
824 4115 1150 4185 scripturam
1204 4114 1430 4183 simplex
1478 4113 1538 4168 fit
1597 4114 1816 4169 donatio
1843 4151 1860 4180 ,
1903 4128 2024 4168 cum

449 4207 542 4278 qui
579 4214 846 4261 maturam
877 4215 1091 4262 aetatem
1140 4206 1341 4274 attigit,
1389 4205 1530 4274 apud
1561 4206 1802 4275 quinque
1837 4213 2024 4272 testes,

453 4298 542 4354 vel
593 4299 736 4368 apud
787 4308 914 4364 tres,
951 4297 1046 4353 tibi
1081 4299 1322 4367 quaedam
1359 4299 1472 4353 suis
1502 4313 1568 4352 ex
1597 4299 1757 4354 rebus
1791 4299 2026 4354 donave-

451 4391 544 4444 rit.
585 4390 836 4460 Quinque
887 4390 1106 4458 quidem
1160 4397 1326 4444 testes
1378 4399 1560 4454 sunto,
1609 4390 1662 4443 in
1714 4390 1849 4445 locis
1881 4399 2027 4445 recte

2109 581 2304 636 νασθαι
2352 581 2678 651 ἀνδρόγυνον
2734 577 3083 643 διαλύεσθαι,
3131 577 3276 630 κατά
3327 575 3389 628 τὸ
3431 591 3684 644 γεγραμ-

2111 673 2271 742 μένον
2292 689 2307 703 ο
2342 690 2362 724 ι
2403 673 2526 725 Ὅτι
2576 671 2666 735 οὑς
2694 672 2722 725 ό
2749 670 2882 734 Θεὸς
2921 667 3262 734 συνέζευξεν,
3287 667 3575 738 ἄνθρωπος
3606 663 3684 735 μὴ

2109 760 2410 832 χωριζέτω.
2458 781 2479 815 s

2707 853 2958 907 ΤΙΤΛΟΣ
2981 853 3075 907 1Δ’.

2108 945 2249 1013 Περὶ
2296 945 2406 1015 τῆς
2440 945 2922 1014 κατατραςρείσης
2953 943 3218 1011 προικὸς,
3250 943 3349 1015 καί
3388 937 3681 994 ἐπιδοθεί-

2404 1030 2545 1082 σης,
2571 1012 2670 1068 καί
2698 1012 2832 1083 ,περὶ
2853 1015 3089 1070 δικαίου
3122 1012 3392 1080 προικός.

2180 1123 2249 1172 α’.
2296 1117 2354 1169 '0
2390 1115 2670 1186 ὁμολογῶν
2697 1116 2993 1188 ἐγγράφως
3026 1116 3060 1187 ἢ
3105 1115 3370 1187 ἀγράφως
3417 1112 3684 1178 ὑποδέξα-

2112 1206 2236 1260 σθαι
2265 1209 2490 1278 προῖκα,
2528 1207 2605 1278 μὴ
2655 1206 3042 1279 πληρουμένης
3099 1205 3292 1276 αὑτῆς,
3344 1203 3549 1275 μείζων
3576 1202 3688 1255 τῶν

2110 1297 2187 1353 κε’
2213 1298 2349 1352 ὲτῶν
2378 1299 2564 1354 ἄδειαν
2595 1299 2709 1370 ἔχει
2758 1300 2894 1369 μετὰ
2933 1299 3025 1353 τὸν
3053 1298 3230 1369 γάμον
3266 1299 3433 1368 μέχρι
3485 1311 3687 1348 πεντα-

2111 1390 2266 1455 ετοῦς
2293 1391 2487 1461 χρόνου
2517 1394 2614 1446 καὶ
2671 1391 2832 1462 μόνον
2853 1389 3058 1458 ταύτην
3087 1388 3388 1459 ἐπιζητεῖν,
3414 1387 3507 1441 καὶ
3537 1387 3690 1440 ἐντε-

2110 1482 2218 1545 λῶς
2239 1481 2586 1552 κομίζεσθαι,
2621 1480 3002 1552 εὐπορούντων
3041 1480 3151 1534 τῶν
3175 1479 3379 1549 γονέων
3402 1478 3502 1549 τῆς
3520 1477 3693 1547 κόρης

2110 1574 2178 1628 τὰ
2207 1573 2581 1645 ὑποσχεθέντα
2611 1573 2763 1645 αὑτῷ
2780 1573 3207 1654 ἀποπληρῶσαι.

2183 1665 2250 1737 β’.
2285 1667 2349 1721 ΕΞ
2394 1666 2450 1720 δὲ
2483 1665 2642 1719 τοῦτο
2692 1666 2770 1736 μὴ
2820 1667 3046 1736 ποιήσῃ,
3092 1665 3188 1719 καὶ
3219 1662 3474 1735 άμελήσῃ
3516 1661 3692 1716 ταῦτα

2111 1756 2616 1829 ἀππληρωθῆναι,
2676 1755 2996 1810 ὑποκεῖσθαι
3042 1756 3206 1810 αὑτὸν
3266 1754 3345 1824 τῷ
3392 1753 3546 1824 μέρει
3591 1753 3692 1822 τῆς

2112 1849 2391 1917 γυναικὸς,
2431 1848 2574 1902 κατὰ
2595 1847 2694 1916 τὴν
2714 1846 2944 1916 δύναμιν
2968 1846 3080 1899 τῶν
3122 1847 3256 1917 παρ’
3284 1843 3451 1898 αὑτοῦ
3503 1843 3694 1915 όμολι)⁴

2110 1939 2409 2010 γηθέντων.
2434 1940 2652 1993 ’Ἦττων
2669 1938 2726 1992 δὲ
2751 1937 3035 2008 ὑπάρχων,
3061 1936 3200 2007 μετά
3219 1937 3319 2009 τὴν
3345 1935 3695 2006 ἐκπλήρωσιν

2112 2032 2220 2085 τῶν
2241 2031 2320 2084 κε’
2348 2029 2632 2094 ἐνιαυτῶν,
2657 2031 2751 2082 καὶ
2779 2029 2980 2100 ἑτέρων
3016 2029 3182 2082 πέντε
3208 2027 3436 2100 χρόνων,
3467 2026 3695 2080 δύναται

2113 2123 2396 2193 ἐπιζητεῖν
2433 2119 2532 2192 τὴν
2555 2120 2951 2190 ὑποσχεθεῖσαν
2976 2118 3126 2190 αὑτῷ
3161 2120 3386 2189 προῖκα,
3423 2116 3567 2172 κατὰ
3589 2119 3692 2186 τὴν

2114 2213 2281 2268 αὑτοῦ
2308 2212 2618 2285 ὁμολογίαν.
2639 2209 3056 2283 Περαιουμένης
3081 2209 3192 2280 γάρ
3223 2208 3366 2263 κατά
3391 2208 3483 2262 τὸν
3505 2206 3694 2276 ἔντελῆ

2115 2304 2306 2375 χρόνον
2331 2303 2430 2374 τῆς
2464 2302 2780 2373 ὁρισθείσης
2802 2299 3164 2371 προθεσμίας,
3204 2299 3280 2370 μὴ
3326 2298 3471 2368 ἔχειν
3531 2297 3696 2351 αὑτὸν

2115 2395 2301 2452 άδειαν
2337 2395 2509 2448 κινεῖν
2547 2393 2677 2463 περὶ
2709 2392 2811 2462 τῆς
2838 2391 3177 2463 άναργυρίας
3214 2389 3369 2462 [περὶ
3391 2389 3491 2460 τὴν
3516 2390 3685 2455 ἀναρ-

2114 2484 2340 2557 γυρίαν]
2363 2484 2464 2554 τῆς
2495 2481 2754 2551 τοιαύτης
2793 2480 3224 2550 όμολογηθείσης
3258 2478 3500 2550 προικός.
3533 2478 3696 2532 Ἀλλὰ

2117 2575 2435 2632 ὑποκεῖσθαι
2469 2574 2654 2638 αὑτὸν,
2684 2571 2830 2627 καθὰ
2848 2572 3084 2644 εῐρηται,
3109 2570 3186 2642 τῷ
3211 2570 3368 2642 μέρει
3385 2571 3483 2640 τῆς
3503 2585 3698 2638 γυναι-

2118 2669 2234 2732 κὸς,
2268 2669 2408 2722 κατὰ
2440 2667 2511 2720 τὰ
2539 2667 2668 2737 παρ’
2695 2664 2860 2719 αὑτοῦ
2883 2663 3305 2736 ὁμολογηθέντα.
3345 2713 3356 2730 κ

2187 2767 2257 2829 γ’.
2299 2759 2363 2812 Ἠ
2413 2759 2554 2829 γυνὴ
2591 2758 2890 2825 εἰσάγουσα
2921 2757 3122 2826 προῖκα
3178 2754 3443 2824 τῷ⁶άνδρὶ
3501 2752 3697 2821 αὐτῆς,

2121 2851 2169 2904 εἰ
2192 2848 2372 2921 συμϐῇ
2425 2850 2533 2903 άπδ
2565 2847 2850 2917 συμφορᾶς
2881 2862 3026 2908 τινος
3062 2845 3155 2900 τὸν
3194 2844 3363 2916 ἄνδρα
3401 2845 3699 2897 ὑποπεσεῖν

2121 2943 2200 3003 εἰς
2231 2939 2454 3010 ζημίας,
2515 2938 2653 3008 ἢείς
2687 2936 2844 3007 χρέη,
2877 2935 2989 2991 εἴτε
3022 2934 3098 3006 τῷ
3157 2934 3424 3008 δημοσίῳ,
3454 2933 3487 3004 ἢ
3520 2933 3697 3002 έτέρτρ

2121 3029 2419 3104 προσώπῳ,
2452 3029 2546 3082 καὶ
2569 3027 2880 3098 τελευτήσει
2903 3042 2919 3055 ο
2941 3027 3019 3097 μὴ
3042 3026 3186 3095 ἔχειν
3223 3025 3406 3081 ἄδειαν
3435 3025 3572 3095 μήτε
3605 3024 3697 3076 τὸν

2122 3121 2398 3191 δημόσιον,
2445 3120 2584 3189 μήτε
2641 3119 2827 3188 ἕτερον
2859 3116 3152 3187 ἄνθρωπον
3192 3117 3450 3187 ἐπιὸἧναι
3482 3118 3562 3179 εἰς
3604 3114 3696 3168 τδν

2123 3208 2270 3265 οἷκον
2293 3211 2482 3276 αὑτοῦ,
2515 3209 2608 3262 καὶ
2637 3209 2952 3279 ὲπᾶραίτι,,
2965 3208 3158 3279 μέχρις
3196 3209 3320 3261 ὅτου
3369 3209 3401 3279 ή
3431 3208 3568 3278 γυνὴ
3600 3208 3700 3280 τὴν

2127 3304 2262 3358 ίδίαν
2287 3301 2457 3370 αὐτῆς
2478 3302 2681 3372 προῖκα
2710 3299 3108 3370 ἀποπληρωθῇ.
3124 3299 3280 3353 Μετά
3300 3299 3358 3352 δὲ
3375 3299 3475 3370 τὴν
3495 3299 3697 3371 ταύτης

2124 3395 2426 3465 πλήρωσιν,
2461 3393 2529 3446 τὰ
2561 3392 2999 3462 περισσευόμενα
3039 3391 3180 3444 κατὰ
3214 3390 3510 3462 άνομορίαν
3541 3391 3700 3464 [ἀνα-

2125 3482 2336 3555 λογίαν]
2376 3483 2425 3536 οἱ
2451 3481 2846 3554 χρεωφειλέται
2875 3479 3306 3552 μεριζέσθωσαν.

2712 3611 2963 3666 ἸῚΤΛΟΣ
2995 3607 3100 3667 IE'.

2125 3720 2260 3787 Περὶ
2284 3717 2516 3786 δωρεῶν
2537 3715 2771 3780 ἁπλῶν,
2801 3716 2996 3786 ἤγουν
3016 3715 3386 3787 auertenda?
3416 3714 3532 3783 ἤδη
3560 3713 3704 3787 χρή-

2197 3785 2352 3853 ιγεως
2368 3785 2470 3840 καὶ
2498 3785 2861 3851 δεσποτείας
2877 3785 3260 3854 πραγμάτων,
3277 3785 3315 3853 ἢ
3345 3785 3702 3849 δεσποτείας

2195 3856 2396 3913 αὐτῶν⁴
2426 3858 2641 3925 μόνον,
2663 3856 2698 3922 ἢ
2718 3856 2869 3924 μετὰ
2899 3855 3302 3925 θάνατοι-,τινὶ
3331 3857 3703 3925 natals/aua-

2196 3919 2494 3996 νομένωὶοο
2532 3919 2634 3978 καί
2670 3919 2802 3992 περὶ
2841 3925 3067 3990 αἰτίων,
3119 3924 3187 3988 ἐξ
3210 3919 3296 3978 ὧν
3326 3927 3386 3978 αἱ
3434 3919 3701 3977 τοιαῦται

2197 3997 2407 4065 δωρεαὶ
2427 3996 2876 4065 ἀνατρέπονται.

2201 4123 2272 4170 α’.
2307 4115 2598 4186 ’Δγράφως
2635 4112 2928 4186 [ἄγραφος]
2977 4113 3120 4184 ἁπλῆ
3143 4113 3319 4184 δωρεά
3365 4081 3700 4174 συνίσταται,

2128 4210 2216 4263 ὅτε
2241 4227 2326 4274 τις
2351 4209 2463 4263 τῶν
2490 4208 2722 4262 ἐντελῶν
2757 4207 3018 4278 ὑπάρχων
3055 4206 3285 4278 χρόνων,
3317 4205 3409 4258 ἐπὶ
3450 4204 3634 4269 πέντε,
3666 4204 3701 4272 ἥ

2128 4303 2224 4357 καὶ
2246 4299 2413 4372 τριῶν
2434 4300 2748 4372 μαρτύρων,
2765 4299 3076 4371 δωρήσηταί
3105 4298 3189 4352 σοί
3237 4315 3360 4351 τινα
3380 4296 3487 4350 τῶν
3509 4295 3703 4349 ἑαυτοῦ

2129 4391 2507 4463 πραγμάτων·
2551 4391 2714 4444 πέντε
2751 4391 2850 4461 μὲν
2889 4389 3200 4462 μαρτύρων,
3225 4392 3301 4453 είς
3329 4389 3526 4452 τόπους
3577 4403 3706 4441 συν-

452 4483 783 4546 constitutis,
816 4492 870 4538 et
893 4481 984 4536 ubi
1021 4466 1387 4550 reperiuntur"
1402 4481 1650 4536 homines
1681 4496 1694 4532 :
1730 4490 1840 4535 tres
1873 4495 2021 4548 vero,

2134 4484 2482 4553 ισταμένους,
2523 4483 2618 4536 καὶ
2638 4481 3044 4552 εὑρισκομένων
3071 4478 3374 4550 ἀνθρώπων
3393 4497 3406 4509 ο
3449 4477 3616 4548 τριῶν
3645 4477 3704 4529 δὲ

453 4565 506 4629 in
530 4575 662 4630 locis
690 4575 970 4640 solitarils,
1001 4581 1056 4629 et
1085 4573 1175 4628 ubi
1199 4586 1457 4628 numerus
1480 4574 1718 4643 quinque
1742 4571 2022 4628 hominum

453 4681 560 4721 non
593 4665 888 4720 invenitur.

521 4757 577 4811 2.
628 4759 734 4810 Per
765 4757 1090 4826 scripturam
1124 4757 1352 4827 simplex
1381 4756 1602 4813 donatio
1649 4755 1730 4820 fit,
1760 4769 1928 4823 quum
1959 4755 2027 4810 ab

454 4864 542 4912 eo,
573 4848 664 4916 qui
703 4847 999 4916 perfectam
1029 4856 1242 4903 aetatem
1278 4849 1411 4918 agit,
1449 4846 1774 4914 subscriptio
1803 4859 2025 4915 compo-

445 4927 558 4992 ‘sita
585 4936 783 5005 fuerit;
809 4938 1105 5007 eademque
1127 4940 1280 5009 juxta
1300 4939 1618 5008 praedictum
1644 4939 1859 4992 modum
1885 4937 2026 5006 apud

403 5082 410 5089 ,
451 5029 690 5098 quinque
745 5037 925 5084 tresve
969 5038 1154 5096 testes,
1190 5031 1257 5084 ad
1292 5030 1398 5085 hoc
1432 5038 1674 5095 vocatos,
1700 5029 2027 5086 testimoniis

452 5121 824 5190 comprobata,
858 5131 912 5176 et
936 5121 1200 5177 absoluta.

522 5213 576 5268 5.
609 5212 681 5265 At
709 5213 755 5266 si
793 5212 912 5280 quis
939 5213 1283 5268 donationem
1316 5214 1368 5268 in
1409 5215 1642 5284 aliquem
1675 5217 1778 5270 bac
1807 5215 1924 5285 lege
1948 5214 2025 5269 fe-

453 5305 608 5369 cerit,
643 5313 702 5357 ut
733 5304 780 5358 is
808 5313 932 5372 post
975 5306 1181 5360 obitum
1223 5305 1391 5375 ipsius
1420 5322 1507 5362 res
1536 5307 1637 5362 sibi
1662 5307 1891 5362 donatas
1920 5321 2028 5360 ca-

452 5398 595 5466 piat;
627 5407 680 5452 et
705 5397 989 5452 confestim
1035 5398 1419 5466 proprietatem
1455 5397 1739 5453 dumtaxat
1771 5399 1819 5452 ei
1855 5400 2025 5452 dona-

455 5489 597 5543 verit
628 5507 641 5542 :
668 5489 781 5542 hac
810 5503 1023 5556 quoque
1048 5488 1290 5552 donatio,
1311 5488 1577 5554 scriptura
1609 5489 2025 5553 interveniente,

459 5578 600 5649 apud
633 5589 801 5633 testes
844 5578 1105 5646 quinque,
1141 5577 1223 5632 vel
1261 5587 1371 5632 tres
1403 5579 1494 5632 liat
1529 5595 1542 5632 :
1590 5579 1888 5635 secundum
1932 5591 2028 5633 eos

460 5669 666 5732 ntodos,
697 5669 787 5738 qui
819 5676 975 5722 antea
1013 5678 1140 5724 sunt
1171 5669 1423 5738 expositi.

534 5758 582 5810 4.
615 5756 742 5826 Qua:
778 5767 994 5829 propter
1038 5761 1497 5828 exspectationem
1529 5760 1716 5814 mortis
1768 5758 1826 5814 ﬁt
1858 5759 2024 5814 dont-

2131 4577 2212 4640 εἰς
2236 4575 2434 4637 τόπους
2449 4574 2547 4645 ὲρή
2557 4590 2714 4643 μους,
2736 4577 2830 4628 καὶ
2847 4575 2922 4644 μὴ
2948 4554 3338 4644 εὑρισκομένου
3353 4570 3446 4625 τοῦ
3470 4569 3705 4640 ἀριθμοῦ

2129 4667 2236 4719 τῶν
2267 4665 2449 4719 πέντε.

2203 4757 2269 4827 β’.
2301 4759 2615 4827 Ἔγγραφος
2646 4756 2794 4826 ἁπλῆ
2844 4755 3023 4827 δωρεὰ
3072 4754 3407 4817 συνίσταται,
3461 4753 3551 4806 ὅτε
3599 4752 3704 4805 ὑπδ

2129 4845 2223 4899 τοῦ
2276 4846 2483 4899 τέλειον
2539 4845 2766 4916 ἄγοντος
2807 4845 3026 4915 ἡλικίαν
3083 4847 3322 4913 συνταγῇ
3385 4842 3703 4914 ὑπογραφὴ,

2130 4939 2225 4992 καὶ
2247 4939 2388 4993 κατά
2410 4939 2502 4992 τὸν
2522 4939 2918 5009 προειρημένον
2939 4941 3161 5007 τρόπον,
3185 4939 3275 4991 ἐπὶ
3299 4935 3457 4990 πέντε
3481 4936 3513 5006 ἢ
3538 4934 3705 5006 τριῶν

2133 5031 2446 5103 μαρτύρων,
2473 5031 2736 5085 ἐπὶτοῦτο
2762 5029 3230 5102 προσκληθέντων,
3249 5027 3538 5100 ἐγγράφως
3566 5043 3703 5097 μαρ-

2130 5123 2339 5194 τυρηθῇ
2367 5123 2460 5175 καὶ
2491 5119 2756 5192 ἀπολυθῇ.

2205 5221 2274 5282 γ’.
2313 5215 2373 5266 Εἰ
2421 5213 2477 5266 δέ
2504 5231 2588 5278 τις
2637 5215 2853 5283 ποιήσει
2901 5212 3111 5283 δωρεὰν
3159 5212 3239 5274 είς
3273 5227 3413 5271 τινα,
3451 5211 3588 5280 πρὸς
3646 5213 3706 5266 τὸ

2137 5306 2275 5375 μετά
2309 5305 2409 5374 τὴν
2437 5304 2691 5374 τελευτὴν
2726 5305 2890 5357 αὑτοῦ
2917 5303 3100 5356 λαϐεῖν
3123 5303 3191 5356 τά
3219 5302 3532 5374 δωρηθέντα
3553 5304 3704 5372 αὑτῷ

2133 5394 2452 5465 πράγματα,
2486 5393 2578 5446 καὶ
2607 5393 2934 5447 ἁπεντεῦθεν
2968 5393 3067 5464 ήδη
3115 5391 3215 5463 τὴν
3244 5392 3560 5445 δεσποτείαν
3610 5392 3706 5444 καὶ

2135 5486 2294 5556 μόνον
2340 5485 2654 5554 δωρήσηται
2709 5481 2894 5553 αὐτῷ’
2944 5483 3039 5536 καὶ
3082 5480 3181 5552 τὴν
3217 5479 3474 5549 τοιαύτην
3497 5478 3708 5548 δωρεὰν

2132 5577 2425 5647 ἐγγράφως
2480 5575 2574 5628 ἐπὶ
2604 5573 2768 5626 πέντε
2827 5573 2858 5644 ἢ
2893 5573 3060 5644 τριῶν
3108 5571 3404 5643 μαρτύρων
3430 5568 3700 5640 γίνεσθαι,

2132 5667 2273 5720 κατὰ
2296 5666 2418 5728 τοὺς
2441 5665 2875 5735 προειρημένους
2900 5665 3156 5734 τρόπους.

2200 5759 2260 5813 6'.
2312 5757 2374 5810 'H
2403 5757 2492 5810 διὰ
2532 5754 2861 5826 προσδοκίαν
2893 5756 3124 5811 θανάτου
3172 5750 3370 5825 δωρεὰ,
3398 5751 3518 5823 ἤτοι
3557 5748 3701 5823 μετά
