4050 6448
264 430 375 498 505

1533 434 1928 496 DELECTUS
1967 438 2254 499 LEGUM.

3414 444 3528 509 5C6

268 542 573 602 ἀποϐίωσιν
588 541 688 598 τοῦ
711 542 1055 616 δωρουμένου
1095 544 1196 614 τὴν
1231 543 1491 599 σύστασιν
1519 545 1742 616 ἔχουσα,
1767 547 1854 616 γί-

1970 549 2054 611 tio,
2106 551 2220 605 sive
2251 566 2371 620 quae
2408 559 2528 620 post
2557 565 2848 608 excessum
2883 552 3134 608 donantis
3184 569 3250 609 ex
3300 554 3401 612 hac
3427 559 3536 612 vita

268 653 422 692 νεται
472 635 572 688 καὶ
627 635 792 706 αὑτὴ,
818 636 896 698 ὡς
921 636 1182 706 ἀνωτέρω
1225 636 1547 706 δεδήλωται,
1571 639 1660 691 διά
1681 655 1740 691 τε
1761 638 1858 691 τοῦ

266 726 638 798 δωρουμὲνου,
667 727 763 781 καὶ
787 726 951 780 πέντε
971 725 1189 798 ἢτριῶν
1211 727 1507 799 μαρτύρων
1525 728 1855 800 ὑπογραφῆς

264 819 650 889 πληρουμένη.

334 909 403 964 ε’.
431 911 494 963 El
525 909 581 962 δὲ
600 907 762 972 αὐτὸς
799 909 826 961 ὁ
845 907 1186 980 δωρούμενος
1214 908 1532 979 διατάξηται
1563 908 1860 980 ἐγγράφως

267 1003 326 1054 ἐν
363 1002 431 1070 τῇ
476 999 620 1069 αὑτῇ
641 998 822 1070 δωρεᾷ
858 999 1026 1052 αὑτοῦ
1059 999 1502 1069 μεταμεληθῆναι
1527 1000 1562 1070 ἢ
1593 999 1848 1070 διαστρέ-

265 1091 364 1160 ψαι
391 1089 495 1160 τὴν
538 1087 798 1155 τοιαύτην
845 1089 1089 1159 δωρεάν·
1120 1090 1327 1160 ταύτην
1355 1085 1500 1143 εἶναι
1530 1091 1856 1162 κεκυρωμέ-

267 1199 386 1251 νην,
425 1179 592 1249 μόνον
624 1180 711 1232 ἵνα
743 1179 960 1249 δηλωθῇ
1013 1179 1317 1250 ηδιάταξις
1361 1178 1530 1234 αὑτοῦ
1558 1181 1653 1233 καὶ
1689 1181 1750 1236 ὲν
1777 1180 1859 1252 τῷ

269 1272 418 1341 ὕφει.
453 1271 550 1323 καὶ
579 1272 716 1340 ὲντῇ
747 1269 1042 1340 ὑπογραφῇ
1083 1269 1272 1323 αὑτοῦ.

340 1369 420 1426 ς’.
447 1363 610 1415 Πᾶσα
637 1360 819 1431 δωρεὰ
847 1361 1214 1431 ἀνατρέπεται
1239 1361 1330 1415 διὰ
1356 1361 1616 1425 τοιαύτας
1639 1359 1847 1426 αἰτίας·

1962 641 2129 694 robur
2158 641 2344 708 habet,
2377 643 2540 697 etiam
2573 644 2686 712 ipsa
2735 645 2955 711 perinde
2989 644 3069 708 lit,
3102 655 3159 698 ut
3183 646 3430 715 superius
3455 656 3541 702 est

1960 726 2254 784 indicatum
2293 747 2307 784 :
2345 745 2550 800 perque
2578 733 2860 787 donatoris
2910 742 2964 787 et
2991 733 3233 802 quinque
3264 733 3348 788 vel
3372 733 3536 789 triutu

1961 817 2180 871 testium
2212 817 2696 888 subscriptionem,
2724 821 3024 888 perﬁcitur.

2031 905 2084 961 5.
2117 907 2271 972 Quod
2303 911 2348 961 si
2380 908 2611 964 donator
2645 909 2762 978 ipse
2791 923 2886 977 per
2908 911 3232 978 scripturam
3260 910 3317 965 in
3349 913 3538 968 eadem

1962 995 2257 1053 donatione
2299 1013 2397 1053 sua
2430 999 2761 1068 disposuerit
2811 1009 2870 1053 ut
2927 1001 3197 1069 paenitere
3229 1003 3421 1076 possit,
3459 1004 3541 1056 vel

1959 1083 2226 1153 ejusmodi
2271 1089 2616 1144 donationem
2668 1104 2970 1146 revocare:
3001 1101 3115 1144 rata
3159 1091 3230 1144 sit
3260 1075 3375 1161 ipsa
3407 1107 3541 1147 cott-

1967 1181 2127 1246 ditio,
2157 1184 2529 1236 tantummodo
2563 1191 2621 1236 ut
2659 1181 2998 1252 exprimatur
3023 1181 3137 1236 [nec
3163 1182 3282 1250 ejus
3313 1183 3542 1249 disposi-

1962 1269 2039 1323 tio
2068 1279 2174 1322 tam
2211 1271 2263 1324 in
2295 1279 2575 1337 contextu,
2611 1286 2774 1340 quam
2811 1271 2978 1339 ipsius
3008 1272 3395 1340 suscriptione.

2032 1359 2087 1416 6.
2115 1359 2304 1417 Omnis
2361 1361 2584 1416 donatio
2613 1372 2834 1430 propter
2884 1375 3078 1415 causas
3113 1361 3417 1430 huiusmodi
3453 1377 3540 1416 re-

270 1453 334 1506 Ei
359 1453 390 1504 ὀ
411 1452 515 1520 τὴν
537 1449 749 1518 δωρεὰν
771 1448 954 1502 λαϐὼν
980 1451 1274 1521 ἀχάριστος
1311 1451 1442 1519 περὶ
1489 1448 1583 1504 τὸν
1605 1448 1860 1522 δωρησά-

1970 1449 2227 1505 scinditur
2251 1466 2265 1503 :
2292 1451 2348 1505 Si
2378 1452 2444 1516 is,
2475 1453 2564 1506 cui
2593 1452 2653 1506 lit
2678 1452 2919 1518 donatio,
2946 1453 3188 1521 ingratus
3212 1467 3342 1521 erga
3369 1453 3537 1508 dona-

273 1560 440 1614 μενον
474 1541 695 1613 εὑρεθῇ.
733 1542 796 1595 Et
823 1541 1084 1612 τραχείας
1130 1541 1322 1613 ὑσρεις
1374 1541 1636 1614 ἐπαγάγῃ
1669 1540 1856 1610 αὑτῷ·

270 1635 310 1704 ἢ
344 1633 496 1704 τύψῃ
523 1634 680 1687 αὑτὸν
703 1648 720 1664 ο
757 1634 790 1704 ἢ
825 1633 1094 1704 μεγίστην
1115 1631 1323 1704 ζημίαν
1352 1632 1629 1704 ἐπενέγκῃ
1664 1631 1815 1702 αὐτῷ
1839 1647 1853 1662 ·

277 1724 318 1792 ἦ
373 1721 822 1792 ὲπιδουλεύσηται
873 1725 941 1794 τῇ
975 1721 1090 1793 ζωῇ
1133 1721 1335 1776 αὑτοῦ·
1365 1721 1399 1793 ἢ
1432 1721 1503 1776 τὰ
1557 1736 1859 1792 συμφωνη-

286 1812 466 1878 θέντα,
491 1814 572 1885 ἐφ’
589 1808 668 1878 οἷς
696 1814 731 1884 ἡ
753 1812 935 1885 δωρεὰ
957 1814 1252 1883 ἐγγράφως
1278 1813 1314 1884 ἢ
1339 1813 1602 1885 ἀγράφως
1615 1811 1856 1880 ἐγένετο,

281 1903 356 1973 μή
390 1903 674 1977 πληρωθῇ.
705 1905 854 1967 Μιᾶς
901 1905 1009 1974 γὰρ
1036 1906 1104 1958 ὲκ
1141 1904 1349 1959 τούτων
1407 1903 1520 1960 τῶν
1548 1902 1743 1957 αἰτιῶν
1795 1903 1856 1956 ὲν

269 1991 616 2066 δικαστηρίῳ
655 1992 1140 2066 ἁποδεικνυμὲνης,
1169 1993 1246 2059 ὡς
1277 1995 1516 2066 εἴρηται,
1549 1992 1858 2066 ἀνατρέπε-

269 2101 382 2139 ται.

848 2202 1098 2258 ΤΙΤΛΟΣ
1144 2201 1264 2270 IG'.

267 2306 570 2377 Hspltcirr
601 2307 1033 2377 κεκωλυμένων
1081 2306 1449 2377 διατιθεσθαι
1493 2307 1854 2377 προσώπων,

339 2376 607 2446 καὶπερὶ
647 2376 950 2446 διαθηκῶν
998 2377 1312 2447 ἐγγράφων
1352 2376 1452 2430 καί
1479 2376 1782 2447 ἀγράφων.

341 2501 415 2549 α’.
447 2495 769 2548 κωλύονται
801 2493 1186 2567 [κεκώλυνται]
1209 2494 1568 2562 διατίθεσθαι,
1599 2497 1649 2549 οἱ
1676 2497 1742 2550 ὲκ
1771 2512 1860 2550 νο-

271 2585 524 2656 σήματός
549 2603 697 2650 τινος
739 2587 799 2639 ἐν
829 2586 1125 2656 παραφορᾷ
1153 2586 1327 2652 ὄντες,
1369 2586 1467 2640 καὶ
1493 2588 1540 2639 oi
1568 2586 1812 2656 ἀνήλικοι
1837 2603 1852 2618 ο

271 2679 366 2730 καὶ
386 2677 440 2730 ot
460 2676 563 2746 μὲν
585 2677 814 2748 ἄρρενες
830 2677 1051 2747 ἥττονες
1076 2676 1186 2729 τῶν
1205 2675 1504 2731 δεκαπέντε
1530 2677 1690 2746 ἑτῶν,
1708 2678 1764 2730 al
1791 2677 1850 2731 δὲ

275 2767 492 2838 θήλειαι
531 2767 754 2836 ἥττονες
774 2766 883 2820 τῶν
907 2773 976 2835 ιγ’
1003 2766 1182 2823 οὖσαι.

349 2856 420 2929 β’.
466 2859 532 2912 Ol
568 2857 857 2922 διαπαντὸς
912 2858 1254 2929 μαινόμενοι,
1289 2859 1387 2913 καὶ
1413 2859 1463 2914 οἱ
1517 2860 1856 2926 ὑπεξοὺσιοι,

276 2953 411 3008 ἄνευ
442 2951 554 3004 τῶν
582 2951 903 3021 ίδιοκτήτων
936 2952 1308 3021 πραγμάτων.
1341 2953 1437 3016 Εἰς
1470 2952 1527 3006 δὲ
1556 2953 1625 3008 τὰ
1658 2955 1720 3007 ἐκ
1746 2952 1860 3006 τῶν

277 3043 482 3111 γονέων
503 3041 819 3096 ὲπιδοθέντα
842 3043 1026 3105 αὐτοῖς
1053 3041 1277 3114 ὀνόματι
1309 3043 1560 3115 προικὸς,
1608 3044 1684 3116 μὴ
1716 3043 1864 3116 ἔχειν

283 3132 474 3195 αὐτοὺς
496 3131 684 3187 ἄδειαν
703 3131 798 3184 τοῦ
823 3130 1183 3185 διατίθεσθαι.

1962 1547 2136 1594 torem
2171 1540 2426 1596 inventus
2457 1541 2660 1618 fuerit;
2693 1543 2737 1597 si
2777 1552 2992 1598 atroces
3019 1543 3094 1596 illi
3131 1541 3360 1608 injurias
3393 1543 3542 1597 intu-

1959 1628 2104 1696 lerit,
2151 1640 2248 1686 aut
2289 1646 2412 1688 eum
2463 1633 2854 1698 verberaverit,
2902 1642 3000 1688 aut
3055 1635 3291 1689 maximo
3341 1634 3542 1690 damno

1962 1720 2230 1791 aﬂ'ecerit,
2279 1733 2374 1779 aut
2414 1726 2540 1781 vita:
2585 1725 2759 1795 ipsius
2797 1725 2961 1782 fuerit
3015 1726 3324 1792 insidiatus,
3357 1735 3452 1780 aut
3493 1727 3539 1782 si

1961 1812 2137 1881 pactis
2161 1813 2464 1880 conventis,
2487 1815 2556 1868 ob
2584 1828 2704 1884 qua:
2732 1815 2974 1880 donatio,
3004 1815 3088 1870 vel
3111 1816 3166 1870 in
3193 1815 3433 1884 scriptis,
3460 1815 3542 1869 vel

1965 1903 2103 1958 citra
2136 1905 2487 1974 scripturam,
2525 1905 2670 1962 facta
2714 1907 2836 1974 fuit,
2880 1905 3222 1962 satisfactum
3261 1921 3368 1960 non
3415 1905 3540 1960 erit.

1965 1992 2100 2049 Nam
2127 1995 2172 2049 si
2197 1994 2389 2051 harum
2420 2013 2706 2055 causarum
2730 1997 2814 2054 vel
2833 2014 2936 2052 una
2958 1997 3014 2053 in
3039 1998 3246 2068 judicio
3264 1998 3544 2067 probetur,

1970 2087 2049 2142 uti
2076 2086 2281 2143 dictum
2309 2097 2416 2155 est,
2446 2089 2668 2145 donatio
2697 2089 3046 2146 rescinditur.

2528 2207 2835 2264 TITULUS
2877 2206 3016 2264 XVI.

1971 2311 2051 2368 De
2077 2315 2316 2382 personis
2353 2314 2536 2368 testari
2560 2314 2860 2382 prohibitis,
2893 2324 2941 2366 et
2986 2314 3051 2366 de
3086 2315 3415 2368 testamentis
3441 2325 3548 2368 tam

2175 2385 2231 2438 in
2256 2384 2486 2452 scriptis.
2514 2400 2670 2453 quant
2703 2385 2835 2436 citra
2867 2384 3186 2452 scripturam
3213 2385 3291 2452 (‘2)
3312 2421 3328 2436 .

2039 2501 2096 2556 l.
2125 2499 2334 2555 Testari
2361 2499 2737 2569 prohibentur,
2768 2500 2861 2568 qui
2905 2515 2970 2555 ex
3002 2501 3193 2554 morbo
3221 2500 3454 2569 quodam
3491 2500 3546 2553 in

1967 2589 2297 2644 alienatione
2324 2589 2523 2642 mentis
2546 2589 2822 2641 constituti
2849 2597 3001 2652 sunt,
3041 2597 3098 2641 et
3123 2586 3358 2641 nondum
3390 2586 3546 2640 adul-

1969 2679 2032 2738 ti.
2061 2680 2140 2734 Ac
2169 2693 2346 2734 mares
2372 2679 2612 2749 quidem,
2639 2679 2731 2747 qui
2780 2678 3020 2732 minores
3044 2686 3169 2732 sunt
3203 2680 3361 2733 anuis
3392 2679 3551 2747 quin-

1970 2770 2144 2826 decim
2172 2809 2189 2834 ,
2218 2769 2431 2826 femina:
2456 2785 2606 2833 vero,
2637 2771 2899 2824 tredecim
2927 2769 3088 2824 annis
3121 2770 3382 2823 minores.

2038 2861 2092 2917 2.
2123 2861 2224 2929 Qui
2255 2875 2471 2929 semper
2497 2859 2680 2915 furiosi
2705 2868 2850 2923 sunt,
2875 2868 2929 2913 et
2956 2858 3008 2914 in
3040 2865 3305 2928 potestate
3334 2856 3542 2911 consti-

1973 2951 2098 3016 tuti,
2137 2949 2331 3020 peculii
2368 2960 2546 3004 tameu
2574 2949 2734 3005 rebus
2765 2948 3024 3017 exceptis.
3066 2947 3140 3002 De
3164 2948 3230 3002 iis
3255 2962 3404 3011 Vero,
3431 2961 3552 3015 qua!

1974 3043 2098 3098 data
2131 3053 2258 3098 sunt
2287 3043 2420 3112 ipsis
2445 3058 2508 3097 ac
2534 3041 2850 3112 parentibus
2884 3040 3025 3096 dotis
3049 3039 3285 3102 nomine,
3315 3037 3551 3092 testandi

1971 3133 2249 3188 licentiam
2283 3147 2387 3188 non
2422 3133 2645 3188 habent.

347 3231 417 3294 γ’.
548 3227 608 3277 ὲν
635 3223 986 3295 αἰχμαλωσίᾳ
1015 3223 1166 3288 liv-rs;
1187 3239 1200 3255 ·
1228 3225 1258 3277 δ
1293 3226 1359 3277 ὲκ
1382 3224 1652 3296 γεννητῆς
1676 3225 1861 3296 κωφὸς

2041 3229 2093 3284 5.
2126 3227 2227 3296 Qui
2260 3238 2388 3284 sunt
2411 3229 2464 3282 itt
2495 3227 2830 3297 captivitate,
2862 3227 2962 3298 qui
2988 3241 3018 3280 a
3051 3226 3332 3282 nativitate
3358 3225 3554 3279 surdus

277 3319 372 3370 καὶ
408 3316 628 3380 ᾶλαλος.
667 3318 728 3370 Οί
761 3315 818 3369 δὲ
840 3316 904 3370 ἐκ
926 3334 1071 3379 τινος
1092 3315 1380 3380 ἀσθενείας
1406 3316 1669 3380 τοιούτοις
1702 3319 1863 3389 νοσή-

281 3424 419 3476 μασι
461 3406 914 3477 περιπίπτοντες,
960 3406 1272 3477 γράμματα
1317 3405 1700 3476 γινώσκοντες,
1732 3407 1866 3461 ὑπο-

278 3502 587 3570 γράφοντες
617 3499 922 3570 ίδιοχείρως
950 3498 1402 3553 διατιθέσθωσαν.

345 3588 413 3645 δ’.
443 3589 754 3658 Ἐγγραφος
782 3591 992 3657 γίνεται
1026 3589 1259 3661 διαθήκη
1293 3590 1350 3643 ὲν
1371 3590 1452 3643 ἐνὶ
1476 3588 1571 3644 καὶ
1600 3587 1677 3660 τῷ
1713 3589 1867 3660 αὑτῷ

278 3679 462 3750 καιρῷ
507 3681 612 3734 ὑπὸ
643 3681 786 3734 ἑπτὰ
835 3678 1166 3744 ἀξιοπίστων
1208 3679 1526 3752 μαρτύρων,
1558 3681 1654 3734 ἐπὶ
1682 3680 1862 3750 τούτῳ

285 3772 757 3844 προσκληθέντων,
825 3774 921 3840 καὶ.
985 3773 1128 3828 κατὰ
1183 3773 1380 3826 ταυτὸν
1443 3773 1870 3844 ὑπογραφόντων

295 3866 394 3917 καὶ
461 3865 866 3935 σφραγιζόντων
899 3880 914 3896 ·
965 3864 1060 3918 τοῦ
1113 3863 1498 3934 διατιθεμένου
1561 3864 1871 3933 ὀφείλοντος

292 3955 382 4009 διὰ
410 3955 506 4024 τῆς
539 3955 673 4020 ἰδίας
724 3955 1078 4028 ὑπογραφῆς,
1126 3955 1159 4025 ἢ
1213 3954 1302 4008 διὰ
1368 3955 1770 4027 χειροχρίστου,
1809 3954 1872 4008 τὸ

288 4047 462 4116 ὄνομα
490 4045 584 4100 τοῦ
611 4047 956 4119 κληρονόμου
1007 4049 1067 4102 ὲν
1113 4048 1251 4118 αὐτῇ
1284 4045 1760 4117 ἀποδηλὼσασθαι,
1797 4045 1872 4116 μὴ

286 4142 650 4212 ἐμφαίνοντος
683 4144 799 4205 τοῖς
835 4144 1130 4213 μάρτυσιν,
1169 4143 1218 4195 εί
1264 4141 1360 4194 καὶ
1407 4140 1655 4210 βούλεται
1687 4138 1747 4212 [ὃ.
1779 4139 1874 4193 καὶ

291 4228 583 4300 postem],
617 4230 687 4282 τὰ
719 4231 819 4300 τῆς
845 4229 1232 4293 διατυπώσεως
1255 4230 1444 4284 αὑτοῦ.

354 4320 419 4374 ε’.
455 4323 742 4392 Ἀγραφος
794 4322 1112 4376 συνίσταται
1158 4323 1418 4393 διαθήκη,
1454 4321 1544 4375 ὅτε
1595 4321 1691 4375 ἐπὶ
1735 4321 1876 4375 ἑπτα

289 4413 589 4485 μαρτύρων
624 4414 739 4485 ἅμα
766 4414 1175 4484 εὑρισκομένων
1221 4413 1319 4486 τὴν
1371 4413 1536 4467 αὑτοῦ
1583 4415 1612 4468 ὁ
1643 4412 1876 4467 διατιθέ-

291 4523 453 4576 μενος
481 4503 782 4574 πεποίηται
813 4503 1089 4574 βούλησιν.

1968 3328 2024 3375 et
2058 3329 2239 3376 mutus
2271 3329 2375 3375 est.
2411 3320 2482 3375 At
2519 3321 2610 3388 qui
2643 3334 2707 3374 ex
2741 3321 3059 3375 inﬁrmitate
3087 3320 3320 3390 quadam
3360 3320 3412 3394 in
3455 3319 3555 3373 hos

1968 3409 2192 3465 morbos
2226 3409 2490 3474 incidunt,
2522 3409 2568 3465 si
2619 3410 2831 3465 litteras
2878 3411 3082 3474 norint,
3135 3424 3299 3464 manu
3329 3407 3552 3479 propria

1969 3499 2361 3556 subscribendo
2397 3507 2777 3555 testamentum
2803 3501 3061 3555 condant.

2040 3590 2098 3646 ι.
2119 3589 2530 3646 Testamentum
2557 3590 2611 3644 in
2630 3589 2851 3658 scriptis
2877 3589 2936 3643 ﬁt
2961 3604 3068 3643 uno
3097 3588 3398 3656 eodemque
3422 3597 3556 3656 tem-

1949 3693 2132 3748 pore,
2152 3693 2338 3735 coram
2371 3686 2580 3748 septem
2620 3679 2725 3733 [ide
2748 3679 2926 3745 dignis
2948 3679 3204 3741 testibus,
3231 3677 3298 3731 ad
3323 3678 3424 3730 hoc
3444 3691 3544 3730 vo-

1973 3771 2130 3836 catis,
2163 3779 2219 3824 et
2243 3770 2432 3824 eodem
2468 3780 2710 3838 tempore
2757 3768 3222 3824 subscribeulibus
3263 3775 3318 3820 et
3370 3766 3553 3820 subsi-

1975 3861 2266 3934 gnantibus
2289 3877 2304 3927 ;
2332 3875 2453 3916 cum
2472 3861 2692 3915 interim
2723 3869 2952 3914 testator
2975 3874 3069 3927 per
3089 3857 3550 3928 subscriptionem

1975 3969 2154 4017 suam,
2177 3965 2270 4008 aut
2313 3967 2412 4023 per
2449 3952 2665 4022 signum
2688 3951 2868 4006 crucis
2915 3949 3116 4004 Christi
3152 3961 3554 4017 mauuexpres-

1975 4062 2117 4115 sum,
2138 4046 2368 4101 barredis
2399 4045 2451 4100 in
2472 4060 2537 4101 eo
2560 4060 2757 4099 nomen
2794 4043 3039 4097 indicare
3086 4043 3306 4105 debeat,
3339 4055 3443 4094 non
3472 4048 3555 4093 ta-

1977 4154 2098 4194 men
2142 4141 2371 4194 testibus
2414 4140 2731 4204 ostendens,
2795 4152 2914 4206 quae
2964 4121 3338 4205 dispositionis
3387 4133 3557 4203 ipsius

1975 4232 2242 4289 sententia
2273 4232 2366 4287 sit.

2046 4323 2099 4378 5.
2138 4323 2553 4378 Testamentum
2589 4321 2735 4377 circa
2773 4320 3097 4389 scripturam
3133 4317 3407 4380 conditur,
3430 4331 3552 4369 cum

1977 4429 2162 4471 coram
2197 4423 2408 4484 septem
2437 4414 2692 4477 testibus,
2721 4426 2826 4466 una
2854 4409 3184 4474 constitutis,
3214 4416 3440 4462 testator
3463 4422 3557 4458 vo-

1979 4508 2239 4562 luntatem
2266 4521 2419 4560 suam
2444 4505 2685 4559 coniicit.

359 4555 452 4663 ςῖ
927 4555 1464 4668 δίατίθεταιότρὸπῳ,
1494 4597 1528 4666 ἢ
1556 4596 1864 4666 ἐγγράφως,

2056 4596 2112 4650 6.
2142 4595 2294 4661 Quod
2322 4596 2367 4650 si
2397 4609 2462 4650 eo
2495 4595 2548 4648 in
2583 4593 2720 4658 loco,
2752 4605 2858 4660 quo
2891 4591 3011 4645 loco
3057 4589 3178 4660 quis
3217 4589 3385 4642 autin
3416 4587 3556 4642 scri-

290 4690 642 4762 ἤάγράφως,
688 4690 830 4744 ἑπτὰ
891 4690 966 4760 μὴ
1019 4689 1369 4761 εὑρίσκονται
1427 4690 1727 4760 μάρτυρες,
1781 4691 1876 4744 καὶ

291 4782 384 4834 ἐπὶ
414 4782 604 4847 πέντε,
656 4781 752 4835 καὶ
808 4781 903 4834 ἐπὶ
939 4781 1106 4849 τριῶν
1163 4779 1592 4835 διατιθέσθωσαν
1635 4780 1705 4833 τὰ
1749 4779 1874 4833 καθ’

292 4872 545 4936 ἑαυτούς.
585 4872 651 4924 Et
702 4871 761 4925 δὲ
821 4871 918 4925 καὶ
966 4871 1121 4941 παρὰ
1155 4871 1266 4925 τῶν
1317 4870 1488 4944 τριῶν
1536 4869 1874 4939 εὑρεθῶσιν,

293 4965 497 5034 ἄκυρον
535 4961 630 5015 τοῦ
682 4961 1058 5032 διατιθεμένου
1092 4962 1360 5032 ὑπάρχειν
1390 4962 1492 5032 τὴν
1525 4961 1800 5032 βούλησιν.

363 5054 430 5118 ξ’.
466 5053 579 5123 Τῆς
613 5052 902 5124 διαθήκης,
945 5054 1090 5108 καθὰ
1123 5055 1362 5125 εἴρηται,
1388 5053 1614 5117 ἐντελῶς
1643 5051 1874 5123 γενομέ-

296 5163 412 5214 νης,
449 5147 498 5198 εἰ
538 5145 587 5197 οἰ
629 5146 808 5211 γονεῖς
838 5144 906 5197 τὰ
944 5145 1152 5198 ἑαυτῶν
1183 5145 1369 5208 τέκνα,
1404 5147 1436 5216 ἢ
1470 5145 1565 5198 καὶ
1609 5144 1668 5198 ἓν
1698 5144 1877 5198 αὑτῶν

297 5237 531 5289 ἐάσωσιν
582 5234 1038 5305 ἀμνημόνευτον
1088 5237 1417 5308 τηρήτωσαν
1469 5239 1517 5290 οἱ
1575 5236 1874 5306 ἀκροαταί·

297 5330 389 5381 καὶ
421 5330 471 5380 εἰ
515 5327 780 5391 πολλάκις
806 5327 1105 5398 εὑρεθῶσιν
1133 5329 1498 5401 ὲνυὸρίσαντα
1521 5329 1651 5403 τοὺς
1673 5329 1874 5395 γονεῖς,

298 5419 332 5487 ἢ
368 5421 464 5472 καὶ
497 5418 688 5489 ἓτερὸν
725 5436 778 5472 τι
846 5419 982 5489 πρὸς
1025 5421 1222 5492 πλῆξιν
1270 5420 1450 5474 αὑτῶν
1499 5420 1876 5488 ἑνδειξάμενα,

305 5508 511 5579 μενέτω
538 5509 990 5578 ἀπαρασέάευτος
1027 5511 1135 5565 τῶν
1167 5512 1426 5583 γονέωνή
1452 5509 1804 5573 διατύπωσις.

369 5603 441 5675 η’.
486 5604 550 5657 El
578 5603 637 5656 δὲ
671 5605 767 5656 καὶ
786 5605 925 5674 μετὰ
956 5605 1056 5676 τὴν
1084 5607 1183 5676 τῆς
1206 5607 1470 5677 διαθήκης
1502 5606 1720 5676 ποίησιν
1759 5608 1878 5658 ἐπι-

308 5695 542 5764 γεννηθῇ
599 5693 786 5756 αὑτοῖς
855 5693 1054 5765 βρέφος
1109 5695 1599 5767 ἑγκυμονούμενον,
1661 5694 1716 5748 αἱ
1781 5693 1880 5763 μὲν

378 5828 452 5897 ('2)
486 5829 859 5900 Nuncupativa
889 5829 1058 5884 nostri
1094 5838 1304 5884 vocant.

1977 4688 2086 4758 ptis
2119 4695 2369 4750 testatur,
2420 4692 2514 4738 aut
2559 4684 2704 4738 circa
2743 4683 3095 4750 scripturam,
3136 4692 3304 4736 testes
3341 4690 3551 4750 septem

1979 4793 2085 4833 non
2111 4777 2458 4831 inveniantur
2494 4793 2508 4831 :
2541 4775 2707 4830 etiam
2746 4784 2932 4829 'coram
2969 4774 3230 4842 quinque,
3263 4787 3326 4826 ac
3359 4773 3556 4836 tribus,

1979 4875 2263 4924 teaantor.
2288 4865 2382 4921 Sin
2405 4867 2690 4934 pauciores
2715 4865 2888 4921 tribus
2920 4865 3120 4920 inventi
3151 4863 3375 4932 iuerint,
3403 4862 3558 4919 irrita

1981 4961 2255 5016 testatoris
2282 4961 2533 5014 voluntas
2553 4967 2692 5014 esto.

2049 5051 2102 5106 7.
2137 5049 2511 5112 Testamento,
2561 5064 2658 5104 ceu
2704 5048 2910 5103 dictum
2942 5055 3045 5114 est,
3100 5047 3256 5117 plene
3296 5045 3438 5101 facto
3468 5060 3485 5111 ;
3516 5045 3562 5098 si

1979 5153 2234 5212 parentes
2255 5142 2454 5196 liberos
2472 5155 2622 5202 suos,
2655 5151 2748 5194 aut
2774 5155 2938 5193 unum
2962 5152 3024 5192 ex
3051 5139 3154 5204 eis,
3179 5137 3560 5209 pra‘terierint:

1980 5233 2220 5287 animum
2239 5234 2525 5286 advertant
2546 5229 2788 5300 judices;
2813 5245 2877 5286 ac
2905 5230 3172 5298 siquidem
3191 5230 3343 5285 liberi
3367 5230 3563 5295 saepius

1981 5323 2302 5392 deprehensi
2363 5331 2490 5378 sunt
2534 5324 2825 5378 conviciati
2878 5323 3231 5392 parentibus,
3283 5321 3366 5374 vel
3415 5320 3563 5374 aliud

1989 5415 2266 5485 quidpiam
2290 5417 2356 5470 ad
2392 5415 2628 5484 ipsorum
2689 5425 2950 5470 terrorem
2985 5413 3296 5482 designasse
3331 5429 3344 5464 :
3377 5411 3566 5464 incon-

1989 5523 2146 5563 cussa
2174 5516 2388 5562 maneat
2415 5516 2701 5577 parentum
2737 5505 3044 5575 dispositio.

2063 5599 2116 5654 8.
2152 5597 2246 5653 Sin
2283 5599 2445 5654 etiam
2490 5607 2613 5666 post
2664 5597 2971 5652 testamenti
3000 5592 3286 5648 factionem
3335 5600 3564 5658 agitatus

1990 5690 2070 5747 eis
2099 5689 2257 5746 fuerit
2293 5691 2634 5759 pesdiumus,
2662 5689 2933 5745 libertates
2955 5685 3168 5755 quidem
3202 5689 3254 5737 ct
3281 5679 3454 5751 legata
3475 5695 3564 5737 se-
