4050 6420
523 376 626 440 507

1497 384 1636 445 CON
1643 385 1773 444 STA
1781 385 1830 444 Ν
1834 384 2000 444 ΤΙΝΙ
2054 381 2300 443 ΡΟΒΡΗ
2307 384 2502 446 YROG
2511 386 2608 446 EN
2617 383 2726 445 ITI

3695 386 3805 451 508

525 490 763 547 trandum
796 493 1025 565 hujusce
1069 496 1378 552 testamenti
1431 496 1539 549 vim
1572 490 1688 549 rata
1717 495 1874 550 sunto
1897 512 1916 551 :
1947 512 2112 566 agna.

2222 496 2524 567 ἐλευθερίαι
2577 499 2670 550 καὶ
2701 497 2771 552 τὰ
2829 496 3034 566 λεγάτα
3083 497 3223 552 κατὰ
3255 497 3357 570 τήν
3389 497 3488 568 τῆς
3539 498 3805 567 τοιαύτης

528 593 615 638 tus
641 600 767 640 vero
789 588 1127 656 posthumus,
1149 604 1270 644 cum
1292 587 1516 658 reliquis
1534 589 2110 659 haereditatemadeat,

525 689 580 732 et
604 693 706 731 una
737 680 1012 734 succedat.
1853 732 1857 734 .

599 770 655 826 9.
694 769 750 823 Si
781 771 904 839 quis
929 787 1094 826 unum
1144 772 1346 828 habeat
1391 772 1633 827 nativum
1682 773 1876 841 lilium,
1904 773 1997 844 qui
2040 774 2108 828 ad

530 869 792 915 terrorem
833 873 1115 928 parentum
1166 864 1410 932 quaedam
1448 865 1660 931 l'ecerit,
1695 875 1752 922 et
1777 868 1922 936 ipsos
1946 869 2000 922 in
2025 882 2112 922 se-

533 962 748 1006 nectute
781 967 908 1006 cura
960 955 1086 1007 sua!
1127 954 1418 1011 destitutos
1473 956 1744 1026 relinquat
1777 973 1792 1013 :
1821 957 1926 1012 alia
1962 972 2092 1011 vero

532 1055 759 1111 persona
795 1045 995 1112 qumvis
1019 1056 1298 1112 accnrrat,
1328 1057 1384 1102 et
1415 1048 1550 1118 ipsis
1584 1049 1902 1115 ministret;
1946 1049 2104 1104 ideo-

531 1146 636 1201 que
665 1131 806 1186 velut
835 1135 903 1188 ab
944 1134 1046 1189 hoc
1078 1136 1358 1193 beneﬁciis
1407 1138 1607 1202 allecti,
1663 1155 1786 1194 eum
1833 1139 2103 1195 lueredem

533 1221 844 1292 relinquere
897 1223 1163 1281 bonorum
1216 1244 1436 1284 suorum
1505 1229 1814 1286 voluerint:
1886 1239 2002 1284 rata
2044 1239 2099 1285 et

530 1315 688 1370 lirma
723 1316 978 1372 voluntas
1000 1317 1239 1388 ipsorum
1279 1331 1416 1375 esto.
1762 1333 1772 1343 ‘

602 1407 692 1460 lO.
726 1406 917 1462 Omnis
952 1409 1128 1464 haeres
1152 1426 1219 1466 ex
1253 1421 1574 1467 testamento
1631 1413 1712 1468 vel
1753 1414 1977 1484 scripto,
2026 1413 2111 1470 vel

533 1513 640 1552 non
673 1500 899 1567 scripto,
932 1501 1022 1568 qui
1061 1501 1374 1556 dilationem
1401 1505 1697 1574 interponit
1723 1507 1976 1574 usquead
2008 1521 2109 1559 an-

532 1589 585 1640 ni
609 1588 866 1656 spatium,
884 1601 936 1644 et
953 1605 1260 1657 supremam
1286 1593 1614 1647 voluntatem
1641 1609 1746 1648 non
1771 1595 2108 1664 exsequitur,

532 1678 579 1732 si
609 1677 844 1736 defuncti
878 1680 1020 1737 ﬁlius
1042 1693 1134 1737 aut
1168 1698 1339 1752 nepos
1367 1693 1469 1751 est,
1502 1685 1740 1740 debitam
1777 1685 1879 1739 sibi
1927 1685 2106 1755 legiti-

532 1789 676 1827 mam
701 1775 1004 1842 portionem
1040 1778 1308 1832 duntaxat
1331 1779 1548 1846 accipit.
1570 1777 1626 1833 Si
1662 1775 1899 1848 legitima
1928 1780 2104 1848 portio

2213 587 2480 659 διαθήκης
2509 589 2887 660 κρατείτωσαν
2944 589 3196 660 δύναμινο
3248 590 3308 645 τὸ
3355 590 3414 644 δὲ
3455 589 3804 659 γεννώμενον

2216 679 2654 750 συνεισερχέσθω
2699 683 2813 744 τοῖς
2847 680 3056 745 λοιποῖς
3081 721 3096 743 ,
3128 681 3226 733 καὶ
3259 680 3801 750 συγκληρονομείτω.

2289 769 2354 823 θ’.
2409 771 2536 824 Ἐάν
2598 788 2684 834 τις
2735 771 2876 842 ἔχων
2933 771 2993 824 ἓν
3058 774 3284 842 γνήσιον
3339 773 3550 836 τέκνον,
3587 771 3616 824 δ
3660 771 3805 841 πρὸς

2213 857 2412 928 πλῆξιν
2466 858 2576 913 τῶν
2634 860 2841 927 γονέων
2888 860 3236 932 ἐργάσηται,
3274 861 3370 915 καὶ
3421 864 3479 914 ἐν
3510 859 3589 931 τῷ
3636 863 3803 932 γήρει

2211 947 2589 1018 ἀπρονοήτους
2647 949 2755 1004 ἐῶν
2803 952 3043 1016 αὐτοὺς,
3108 952 3435 1023 προσδράμῃ
3499 953 3556 1006 δέ
3611 952 3806 1017 ἕτερον

2214 1041 2509 1112 πρόσωπον
2547 1043 2780 1109 οἱονοῦν,
2819 1043 3128 1116 ὑπηρετοῦν
3161 1045 3372 1110 αὐτοῖς,
3421 1044 3516 1096 καὶ
3578 1043 3655 1104 ὡς
3701 1041 3802 1095 ὑπ’

2211 1131 2379 1185 αὑτοῦ
2458 1132 2916 1204 εὐεργετηθέντες
2995 1135 3338 1206 κληρονόμον
3410 1133 3805 1202 ἐγκαταλιπεῖν

2213 1224 2346 1276 αὐτὸ
2373 1224 2471 1292 τῆς
2517 1225 2724 1288 οἰκείας
2753 1226 3053 1297 θελήσωσιν
3082 1227 3436 1290 ὑποστάσεως
3468 1225 3802 1296 ἐρρωμένην

2212 1313 2394 1367 αὐτῶν
2426 1314 2696 1384 ὑπάρχειν
2721 1315 2822 1384 τήν
2855 1317 3131 1387 βούλησιν.

2282 1403 2334 1457 ι’.
2362 1405 2477 1466 Πᾶς
2497 1404 2835 1476 κληρονόμος
2855 1407 2916 1471 ἐξ
2936 1407 3215 1478 ἐγγράφου
3235 1409 3269 1480 ἢ
3290 1408 3388 1461 καὶ
3410 1407 3662 1477 ἀγράφου
3683 1408 3808 1461 δια-

2211 1495 2511 1559 συπώσεως
2532 1497 2827 1566 ὑπέρθεσιν
2872 1498 3065 1570 μέχρις
3097 1498 3347 1554 ἐνιαυτοῦ
3375 1500 3569 1563 ποιῶν,
3605 1501 3702 1553 καὶ
3728 1501 3806 1553 τὰ

2212 1589 2311 1658 τῆς
2329 1587 2636 1660 βουλήσεως
2655 1590 2730 1661 μὴ
2747 1589 2998 1659 πληρῶν,
3016 1592 3064 1643 εἱ
3088 1591 3186 1662 μέν
3203 1591 3393 1646 τέκνον
3409 1591 3442 1662 ἢ
3461 1590 3685 1662 ἔγγονον
3700 1592 3802 1644 τοῦ

2215 1680 2668 1752 τετελευτηκότος
2709 1683 2950 1753 ὑπάρχει
2986 1724 3002 1748 ,
3044 1683 3146 1754 τήν
3196 1683 3622 1754 ἐποφειλομένην
3651 1681 3808 1752 αὐτῷ

2213 1775 2446 1846 νόμιμον
2476 1777 2571 1830 καὶ
2604 1777 2765 1846 μόνον
2796 1775 3086 1846 κομίζεται
3116 1778 3339 1848 μοιραν.
3367 1779 3431 1830 Ei
3463 1776 3520 1830 δέ
3561 1777 3801 1847 νόμιμος

534 1865 600 1918 ad
630 1875 861 1933 quatuor
915 1882 1088 1938 usque
1140 1869 1342 1925 liberos
1389 1871 1724 1932 extenditur,
1776 1880 1984 1940 partem
2032 1872 2107 1926 illi

2222 1866 2382 1934 μοῖρα
2407 1863 2512 1925 ἕως
2540 1865 2826 1934 τεσσάρων
2867 1865 3076 1919 παίδων
3105 1903 3122 1930 ,
3167 1866 3228 1919 τὸ
3268 1865 3454 1935 τρίτον
3506 1865 3669 1936 μέρος
3701 1864 3806 1935 τῆς

532 1956 752 2021 capiunt
775 1958 1085 2024 patrimonii
1120 1970 1365 2029 quartam
1395 1979 1409 2016 :
1448 1962 1685 2032 quinque
1713 1962 1871 2016 liberi
1893 1972 1946 2017 et
1984 1964 2113 2018 ulte-

532 2047 672 2109 rius,
701 2049 983 2105 semissem
1007 2054 1301 2121 accipiunt.

605 2137 694 2191 ll.
722 2137 816 2192 Sin
859 2140 998 2195 alius
1028 2143 1296 2213 quispiam
1339 2146 1675 2214 propinquus
1703 2154 1805 2212 est,
1838 2146 2114 2200 Iestatoris

533 2229 756 2284 omnino
784 2231 940 2284 bonis
962 2232 1199 2297 excidat,
1233 2249 1405 2304 eaque
1445 2237 1496 2288 in
1547 2236 1766 2290 relictos
1795 2237 1895 2306 ipsi
1931 2238 2114 2293 cohae-

533 2321 712 2386 redes,
749 2321 1058 2392 legatarios,
1089 2325 1169 2380 vel
1204 2325 1339 2381 alios
1395 2327 1726 2398 propinquos
1775 2331 2116 2398 perveniant.

605 2497 694 2551 12.
718 2498 813 2553 Sin
845 2499 1024 2555 haeres
1051 2509 1309 2556 extranea
1345 2515 1575 2571 persona
1613 2512 1715 2566 est,
1745 2503 1835 2572 qui
1866 2503 2115 2559 volunta-

533 2597 640 2640 tem
671 2588 1042 2657 dispositionis
1071 2591 1214 2646 illius
1245 2607 1354 2646 non
1389 2593 1597 2664 implet,
1663 2593 1918 2648 universa
1948 2610 1977 2650 a
2000 2610 2117 2663 pos-

529 2680 775 2734 sessione
793 2681 1080 2750 spolietur.

527 2771 529 2775 ’
603 2768 690 2821 l5.
716 2767 770 2820 Si
797 2770 917 2836 quis
939 2771 992 2823 in
1011 2785 1186 2839 pugna
1206 2773 1540 2839 vulneratus,
1568 2773 1651 2829 vel
1674 2775 1776 2829 iter
1796 2773 2115 2842 conﬁciens,

534 2873 562 2910 a
592 2868 764 2914 morte
817 2876 922 2915 non
953 2862 1141 2931 procul
1171 2864 1332 2929 absit,
1370 2880 1549 2935 neque
1603 2867 1766 2921 rebus
1798 2867 1911 2922 suis
1934 2868 2118 2937 dispo-

533 2965 666 3003 nere
695 2949 965 3019 voluerit;
999 2968 1185 3008 verum
1213 2965 1443 3026 utroque
1477 2973 1606 3012 casu
1632 2958 1807 3012 nullus
1825 2959 2117 3030 iurisperi-

535 3047 644 3104 tus,
680 3043 762 3096 vel
804 3042 940 3098 alius
969 3045 1242 3115 quiSpiam
1277 3049 1584 3118 reperiatur
1620 3051 1710 3120 qui
1770 3051 1985 3107 litteras
2014 3069 2116 3108 no-

535 3131 640 3182 rit:
669 3145 765 3198 per
815 3142 1045 3200 septem,
1077 3144 1171 3188 aut
1197 3137 1458 3207 quinque,
1492 3147 1672 3194 tresve
1716 3149 1904 3208 testes,
1927 3142 2117 3197 volun-

536 3231 702 3276 tatem
738 3237 890 3278 suam
915 3226 1153 3282 condat:
1182 3237 1343 3297 atque
1376 3230 1540 3286 etiam
1574 3245 1758 3287 coram
1801 3232 2032 3298 duobus,
2068 3237 2112 3289 si

533 3316 874 3384 reperiantur
909 3331 1140 3386 quorum
1194 3320 1403 3377 scilicet
1449 3337 1478 3377 a
1510 3323 1784 3394 judicibus
1815 3326 2114 3396 approbata

535 3408 603 3462 sit
631 3408 980 3465 existimatio.

1067 3519 1368 3580 TlTULUS
1396 3523 1560 3581 XVII.

534 3603 613 3677 De
643 3623 789 3678 bonis
843 3629 1201 3705 acquisilitt’is,
1236 3628 1301 3682 de
1331 3630 1546 3705 quibus
1572 3633 1759 3705 testari
1801 3635 1918 3705 quis
1946 3644 2116 3705 potest

889 3708 983 3751 aut
1014 3698 1172 3751 etiam
1205 3701 1389 3753 testari
1427 3701 1758 3766 prohibetur.

605 3801 656 3854 l.
676 3800 1015 3870 Acquisititia
1037 3803 1176 3856 bona
1199 3805 1500 3858 castrensia
1523 3818 1675 3873 sunt,
1697 3823 1815 3877 quae.
1831 3811 2034 3869 milites
2060 3815 2113 3868 in

535 3892 705 3959 patris
721 3902 775 3944 et
800 3893 883 3944 avi
911 3899 1181 3961 potestate
1205 3894 1510 3956 constituti.
1540 3909 1606 3950 ex
1637 3911 1695 3951 re
1725 3913 1821 3952 sua
1850 3887 2116 3956 castrensi

535 3981 943 4049 acquisiverint,
977 3994 1030 4036 et
1076 3983 1141 4035 de
1181 3983 1378 4051 quibus
1424 3987 1610 4042 testari
1648 3999 1894 4057 possunt,
1951 3991 2113 4047 etiam

535 4090 658 4130 cum
695 4075 806 4130 suis
827 4077 882 4130 in
906 4079 1233 4134 stationibus
1263 4080 1481 4149 degunt,
1515 4081 1764 4136 videlicet
1796 4098 1917 4137 cum
1961 4085 2115 4153 prius

537 4166 711 4219 relata
745 4167 810 4220 de
841 4167 1099 4236 perfectis
1131 4172 1473 4225 testamentis
1500 4173 1908 4230 observatione.
1955 4174 2114 4242 Quod

537 4257 667 4311 side.
688 4257 878 4312 horum
907 4258 1138 4314 militum
1156 4259 1437 4316 voluntate
1458 4276 1546 4316 res
1569 4262 1758 4318 isthzec
1779 4265 2114 4335 acquisititia

533 4349 892 4416 expendatur,
914 4350 1159 4406 heredes
1179 4351 1299 4418 ejus
1332 4352 1455 4408 inde
1484 4353 1775 4425 legitimam
1804 4357 2110 4425 portionem

536 4451 718 4508 petere
755 4451 1026 4512 nequeunt
1052 4459 1067 4497 :
1091 4443 1187 4497 sed
1216 4443 1268 4497 in
1295 4444 1535 4513 ipsorum
1564 4454 1648 4500 est
1672 4455 1963 4516 potestate,
1989 4448 2117 4504 huic

2217 1955 2587 2019 ὑποστάσεως·
2639 1957 2748 2011 ἀπὸ
2776 1957 2834 2010 δέ
2864 1957 3027 2010 πέντε
3073 1957 3170 2011 καὶ
3203 1957 3339 2024 ἄνω,
3368 1957 3470 2028 τῆς
3501 1957 3696 2026 ἥμισυ.

2291 2133 2384 2188 ια’.
2419 2137 2482 2188 Εἰ
2513 2135 2569 2188 δὲ
2603 2135 2793 2207 ἕτερός
2835 2153 2922 2200 τις
2957 2136 3228 2208 συγγενής
3256 2136 3395 2200 ἐστι,
3423 2123 3524 2206 τῆς
3551 2134 3644 2189 τοῦ
3679 2136 3807 2189 δια-

2217 2228 2506 2298 τιθεμένου
2565 2228 2848 2289 παντελῶς
2925 2228 3242 2282 ἐκπιπτέτω
3297 2227 3617 2298 περιουσίας
3647 2268 3662 2292 ,
3705 2228 3809 2282 καὶ

2217 2317 2386 2370 ταῦτα
2414 2318 2495 2382 είς
2521 2319 2648 2381 τοὺς
2681 2317 2943 2382 ἐαθέντας
2972 2317 3121 2387 αὐτῷ
3154 2315 3620 2386 συγκληρονόμοις
3650 2355 3667 2378 ,
3711 2318 3808 2369 λε·-

2218 2409 2538 2479 γαταρίους,
2581 2409 2613 2480 ἢ
2649 2411 2741 2462 καὶ
2779 2409 3002 2480 ἐτέρους
3062 2411 3346 2478 συγγενεῖς
3397 2406 3804 2478 περιερχέσθω.

2296 2498 2384 2570 ιβ’.
2416 2500 2478 2552 El
2505 2501 2561 2554 δὲ
2607 2501 2759 2566 ξένον
2803 2500 3102 2570 πρόσωπόν
3141 2503 3290 2554 ἐστιν
3317 2502 3344 2553 ό
3398 2499 3757 2570 κληρονόμος,
3781 2500 3813 2551 ό

2217 2591 2286 2644 τὰ
2333 2593 2432 2662 τῆς
2493 2592 2750 2662 τοιαύτης
2801 2591 3190 2656 διατυπώσεως
3251 2592 3328 2663 μὴ
3391 2591 3637 2663 πληρῶν,
3705 2591 3809 2663 τῆς

2220 2682 2442 2753 ἁπάσης
2472 2683 2802 2755 διακατοχῆς
2837 2684 3072 2754 γινέσθω
3116 2684 3417 2754 ἀλλότριος.

2295 2773 2382 2844 ιγ’.
2430 2775 2556 2828 Ἐάν
2591 2793 2676 2840 τις
2705 2777 2764 2830 ἐν
2816 2775 3040 2847 πολέμῳ
3078 2777 3335 2846 πληγεὶς,
3387 2776 3419 2847 ἢ
3468 2778 3563 2830 καὶ
3607 2777 3666 2830 ἐν
3697 2778 3808 2846 όδῴ

2220 2867 2562 2937 περιπατῶν,
2616 2867 2754 2939 πρὸς
2812 2868 2878 2920 τὸ
2925 2867 3107 2921 θανεῖν
3155 2867 3387 2936 ἐγγίσει,
3426 2869 3519 2921 καὶ
3559 2869 3628 2922 τά
3680 2870 3811 2923 καθ’

2221 2957 2410 3011 ἐαυτὸν
2463 2957 2697 3028 βουληθῇ
2768 2958 3148 3012 διατυπῶσαι·
3196 2958 3284 3012 ἐπ’
3347 2957 3692 3029 ἀμφοτὲρους
3747 2963 3808 3016 δὲ

2221 3047 2469 3119 νομικὸς,
2494 3049 2526 3118 ἢ
2559 3048 2747 3118 ἕτερός
2777 3067 2860 3112 τις
2885 3048 2959 3119 μὴ
2983 3049 3206 3122 εὑρεθῇ,
3232 3051 3595 3120 ἐπιστάμενος
3624 3052 3814 3124 γράμ-

2223 3156 2388 3210 ματα’
2446 3139 2513 3192 δι’
2565 3140 2726 3204 ἑπτὰ,
2759 3139 2792 3210 ἢ
2830 3141 2990 3194 πέντε
3019 3180 3036 3206 ,
3075 3142 3107 3214 ἢ
3141 3140 3308 3212 τριῶν
3358 3144 3654 3216 μαρτύρων
3695 3145 3800 3214 τὴν

2223 3230 2432 3283 οἰκείαν
2476 3229 2701 3283 ποιείτω
2758 3229 3036 3302 βούλησιν
3073 3232 3168 3286 ἐπὶ
3215 3232 3311 3286 καὶ
3357 3232 3484 3298 δύο,
3528 3235 3624 3288 ἐὰν
3652 3235 3808 3304 εὑρε-

2219 3322 2385 3376 θῶσιν
2409 3339 2424 3353 ·
2476 3322 2577 3393 τῆς
2610 3321 2817 3376 τούτων
2853 3323 3098 3394 δηλονότι
3134 3324 3240 3377 ὑπὸ
3271 3325 3564 3398 ἀκροατῶν
3589 3326 3802 3379 δεδοκιο

2230 3412 2518 3483 μασμένης
2553 3413 2899 3485 προλήψεως.

2825 3522 3076 3576 ΤῙΤΛΟΣ
3113 3525 3212 3580 lZ'.

2223 3632 2366 3702 Περὶ
2421 3630 2771 3702 totomnith
2799 3630 3193 3702 πραγμάτων,
3242 3632 3330 3696 εις
3353 3628 3398 3684 d
3440 3631 3813 3688 διατίθεσθαι

2548 3700 2808 3755 δύναταί
2831 3717 2942 3766 τις,
2969 3700 3008 3769 ἢ
3041 3701 3144 3754 καί
3175 3702 3491 3756 κωλύεται.

2292 3806 2361 3864 α’.
2393 3804 2771 3877 Στρατιωτικὰ
2807 3804 3082 3874 ίδιόκτητα
3113 3803 3420 3874 πράγματά
3457 3805 3616 3867 εἰσιν,
3651 3806 3801 3874 ἅπερ

2225 3898 2278 3952 οι
2322 3895 2654 3968 στρατιῶται
2682 3893 2994 3961 ὑπεξούσιοι
3026 3893 3180 3956 ὄντες
3202 3893 3373 3962 πατρί
3394 3909 3456 3946 τε
3477 3893 3572 3945 καὶ
3593 3893 3814 3964 πάππῳ

2225 3985 2291 4038 ἐκ
2332 3985 2425 4037 τοῦ
2455 3981 2848 4052 στρατιωτικοῦ
2895 3980 3075 4036 αὐτῶν
3111 3982 3434 4052 πράγματος
3464 3982 3814 4049 ἐπικτήσωνο

2225 4088 2340 4137 ται,
2406 4071 2490 4135 εἰς
2532 4071 2568 4126 ἃ
2613 4069 2949 4125 διατίθεσθαι
2990 4070 3265 4137 δύνανται,
3326 4070 3420 4123 καὶ
3478 4070 3538 4124 ἐν
3571 4071 3816 4136 σεδέτοις

2225 4162 2505 4230 διάγοντες
2535 4199 2551 4224 ,
2606 4160 2850 4233 δηλονότι
2916 4161 3058 4232 μετὰ
3115 4161 3215 4232 τῆς
3283 4163 3814 4234 προαναφερομένης

2225 4254 2357 4324 περὶ
2393 4252 2506 4306 τῶν
2533 4251 2767 4307 ἐντελῶν
2795 4251 3070 4323 διαθηκῶν
3120 4253 3587 4324 παρατηρήσεως.
3624 4255 3816 4308 Δαπα-

2227 4345 2473 4416 νωμένου
2498 4345 2555 4398 δὲ
2579 4345 2669 4399 διὰ
2696 4345 2798 4413 τῆς
2831 4343 3146 4415 βουλήσεως
3181 4343 3382 4399 αὐτῶν·
3413 4343 3508 4398 τοῦ
3562 4345 3808 4400 τοιούτου

2228 4436 2530 4504 ίδιοκτήτου
2579 4436 2930 4506 πράγματος,
2971 4435 3048 4506 μή
3075 4434 3341 4490 δύνασθαι
3384 4438 3511 4501 τοὺς
3546 4436 3811 4507 κληρονό-

536 4542 628 4584 aut
649 4532 718 4585 illi
748 4536 970 4599 donare,
1009 4535 1090 4590 vel
1113 4550 1210 4606 per
1246 4552 1555 4606 supremam
1585 4538 1918 4602 voluntatem
1950 4553 2106 4596 suam

2222 4545 2354 4600 μους
2379 4527 2545 4581 αὑτοῦ
2588 4511 2650 4592 ἐξ
2675 4515 2848 4580 αὐτοῧ
2885 4525 2984 4597 τὴν
3023 4527 3257 4596 νόμιμον
3290 4529 3485 4595 μοῖραν
3523 4527 3808 4580 άπαιτείνο

536 4624 593 4678 in
625 4626 856 4680 solidum
881 4643 991 4682 rem
1012 4630 1399 4700 acquisititiam
1427 4634 1752 4703 relinquere.
1777 4635 1916 4701 Quin
1942 4636 2110 4690 etiam

2222 4618 2352 4672 ἀλλὰ
2385 4619 2444 4670 ἐν
2479 4616 2704 4688 ἐξουσίᾳ
2733 4616 2922 4669 αὐτῶν
2960 4609 3103 4669 εἶναι
3140 4616 3216 4685 τῷ
3239 4616 3467 4684 τοιούτῳ
3493 4611 3809 4688 δωρεῖσθαι,

534 4727 656 4786 post
687 4729 914 4774 mortem
953 4732 1260 4790 parentum,
1299 4739 1408 4779 non
1439 4726 1601 4781 veluti
1629 4726 1770 4781 bona
1801 4737 2027 4796 paterna
2059 4729 2115 4784 in

536 4807 879 4865 collationem
910 4812 1152 4880 veniunt,
1193 4821 1288 4869 aut
1308 4816 1623 4873 dividuntur
1654 4837 1674 4874 :
1707 4819 1804 4875 sed
1831 4829 2114 4890 exempta,

536 4900 848 4968 specialiter
896 4914 1266 4973 agnoscuntur
1303 4908 1369 4962 ad
1406 4909 1578 4978 ipsius
1623 4910 1814 4965 militis
1840 4910 2116 4980 pertinere

536 5004 849 5060 personam.

604 5169 660 5223 2.
686 5170 842 5238 Quod
879 5173 927 5227 si
974 5173 1145 5230 relicti
1176 5175 1376 5234 fuerint
1407 5179 1600 5236 fratres
1633 5190 1756 5251 post
1785 5181 1990 5239 obitum
2023 5199 2119 5254 pa-

537 5273 749 5318 rentum
775 5265 1035 5334 ipsorum,
1061 5276 1116 5322 et
1145 5282 1211 5322 ex
1234 5269 1314 5323 eis
1337 5272 1602 5342 quispiam
1628 5273 1959 5341 militaverit,
1980 5275 2117 5331 alter

535 5357 680 5411 domi
715 5359 996 5426 manserit,
1050 5359 1096 5416 si
1141 5370 1297 5430 pacta
1328 5364 1574 5433 quadam
1611 5365 1751 5419 inter
1781 5381 1842 5422 se
1863 5365 2113 5434 fecerint,

538 5459 654 5502 rata
691 5459 848 5506 sunto
874 5451 940 5506 de
967 5451 1162 5522 quibus
1188 5452 1328 5508 inter
1354 5454 1502 5523 ipsos
1527 5458 1864 5513 convenerit.

606 5627 661 5680 3.
695 5627 790 5682 Sin
848 5628 953 5683 hoc
995 5628 1198 5698 absque
1249 5628 1353 5684 ulla
1388 5631 1748 5687 conventione
1788 5632 2035 5698 fecerint,
2065 5643 2122 5689 et

539 5725 712 5784 usque
733 5717 800 5771 ad
831 5719 1153 5774 decennium
1173 5719 1242 5774 ab
1270 5733 1337 5775 eo
1364 5729 1624 5788 tempore,
1655 5735 1762 5789 quo
1792 5737 1928 5776 unus
1955 5737 2021 5775 ex
2038 5722 2117 5778 eis

541 5803 748 5859 militia:
777 5821 834 5864 se
870 5807 1036 5873 dedit,
1073 5809 1125 5864 in
1156 5823 1216 5865 ea
1271 5809 1532 5866 societate
1579 5810 1846 5866 vixerint:
1911 5811 2114 5874 omnia,

2215 4709 2248 4781 ἢ
2283 4709 2379 4764 καὶ
2421 4708 2510 4762 διά
2543 4707 2856 4779 βουλήσεως
2893 4706 3064 4762 αὐτοῦ
3101 4707 3544 4776 καταλιμπάνειν
3571 4709 3810 4773 ἐντελῶς

2221 4797 2528 4868 ἰδιόκτητον
2588 4799 2846 4868 πρᾶγμα.
2905 4796 3019 4850 Καὶ
3075 4795 3216 4867 μετὰ
3259 4796 3518 4867 τελευτὴν
3571 4797 3629 4852 δέ
3691 4799 3803 4852 τῶν

2218 4887 2386 4942 αὐτοῦ
2419 4887 2622 4956 γονέων
2659 4887 2734 4959 μὴ
2770 4887 2846 4950 ὠς
2895 4887 3130 4959 πατρῷα
3153 4885 3320 4942 αὑτοῦ
3353 4889 3804 4957 συνιισάγεσθαι,

2217 4979 2632 5056 ᾒδιαιρείσθαι·
2691 4978 2808 5032 ἀλλ’
2854 4978 3152 5050 ἐξαιρέτως
3195 4979 3274 5050 τῷ
3322 4979 3478 5050 ίδικῷ
3506 4981 3673 5034 αὐτοῦ
3713 4984 3809 5036 καὶ

2221 5069 2367 5140 μόνῳ
2393 5068 2760 5140 γνωρίζεσθαι
2789 5067 3093 5141 προσώπῳ.

2291 5162 2356 5233 β’.
2421 5163 2483 5218 ΕΞ
2529 5161 2586 5216 δὲ
2616 5160 3056 5230 καταλειφθῶσιν
3089 5160 3314 5228 ἀδελφοὶ
3358 5161 3501 5215 κατὰ
3547 5159 3808 5234 τελευτὴν

2216 5254 2326 5310 τῶν
2353 5254 2555 5322 γονέων
2591 5253 2796 5318 αὐτῶν,
2832 5251 2926 5306 καί
2975 5267 3061 5315 τις
3114 5250 3174 5318 ἐξ
3206 5252 3388 5305 αὐτῶν
3419 5253 3750 5324 στρατευθῇ,
3774 5256 3808 5308 ό

2217 5347 2274 5401 δὲ
2318 5346 2504 5416 ἕτερος
2567 5347 2725 5418 μείνῃ
2784 5344 2842 5396 ἐν
2886 5341 2968 5414 τῷ
3043 5342 3177 5412 οἴκῳ
3210 5359 3223 5372 ·
3266 5345 3315 5396 εἰ
3371 5345 3470 5414 μὲν
3537 5345 3808 5416 σύμφωνα

2219 5439 2490 5509 ποιήσωσι
2535 5433 2656 5506 μετ’
2702 5432 2977 5504 ἀλλήλων,
3010 5431 3082 5486 τά
3123 5434 3331 5503 μεταξὺ
3362 5433 3548 5488 αὐτῶν
3602 5451 3810 5507 στοιχι-

2222 5528 2418 5584 σθέντα
2445 5527 2845 5598 κρατείτωσαν.

2291 5622 2364 5692 γ’.
2401 5623 2464 5675 El
2487 5621 2545 5676 δέ
2597 5617 2959 5690 ἀστοιχίστως
2993 5616 3152 5672 τοῦτο
3187 5618 3481 5690 ποιήσωσι,
3513 5619 3608 5672 καὶ
3639 5618 3810 5692 μέχρι

2219 5714 2543 5780 δεκαετίας,
2593 5711 2734 5782 μετὰ
2782 5709 2848 5766 ,τὺ
2902 5709 3305 5780 στρατευθῆναι
3341 5709 3437 5763 ἐνα
3489 5711 3548 5777 ἐξ
3598 5710 3808 5777 αὐτῶν,

2224 5807 2551 5876 ουζήσουσιν
2582 5817 2593 5832 °
2629 5799 2846 5855 ἅπαντα
2899 5799 2967 5853 τὰ
3015 5799 3385 5870 ὲπικτηθέντα
3430 5800 3636 5867 αὐτοῖς,
3690 5800 3806 5856 εἴτε
