4050 6416
199 413 319 477 509

1485 415 1877 476 DELECTUS
1919 419 2212 480 LEGUM.

3291 409 3304 418 ’
3366 419 3472 484 510

188 528 316 584 ἀπὸ
353 525 556 595 ρογῶν,
598 526 714 580 εἴτε
768 527 881 581 ἀπὸ
933 526 1199 596 καμάτων
1243 526 1338 581 τοῦ
1379 526 1562 580 κοινοῦ
1607 527 1781 580 αὐτῶν

1889 544 2008 598 qua:
2043 533 2111 583 ab
2149 530 2230 584 eis
2257 530 2524 596 acquisita
2557 539 2709 593 sunt,
2741 542 2858 584 sive
2887 544 2952 585 ex
3006 530 3293 598 stipendiis
3327 535 3472 590 mili-

189 621 376 682 olm,
412 618 509 673 καὶ
542 617 787 688 σπουδῆς
814 618 908 673 τοῦ
949 619 1008 672 ἐν
1035 618 1114 690 τῷ
1147 618 1285 689 οἴκῳ
1311 617 1599 688 μείναντος
1630 617 1788 672 ἀδελ-

189 710 328 780 φοῦ,
363 710 399 781 ἢ
426 709 699 779 ἀδελφῶν,
734 709 795 774 ἐξ
824 710 946 782 ίσης
979 711 1074 765 καὶ
1098 710 1190 763 ἐπ’
1231 709 1352 781 ἴσης
1382 709 1580 780 μοίρας
1621 708 1786 779 κομί-

190 803 396 868 ζεσθαι
427 802 651 865 αὐτούς.

267 984 333 1037 δ’.
361 983 524 1038 Μετὰ
554 982 613 1036 δι
644 983 744 1052 τὴν
766 979 1054 1036 δεκαετίαν
1081 981 1188 1046 ἕως
1215 981 1421 1053 ἐτέρων
1455 980 1625 1052 τριῶν
1653 980 1786 1051 χρό-

195 1092 306 1128 νων
335 1072 634 1139 συζώντων
660 1070 840 1127 αὐτῶν
883 1073 1003 1142 μετ’
1041 1071 1310 1142 ἀλλήλων,
1342 1073 1396 1126 εί
1435 1072 1576 1142 μετὰ
1612 1071 1787 1126 ταῦτα

197 1165 387 1236 συμϐῇ
442 1163 648 1226 αὐτοὺς
680 1161 778 1217 ἀπ’
826 1161 1080 1232 ἀλλήλων
1135 1163 1500 1234 διαιρεθῆναι,
1532 1161 1788 1233 ἐπαίρειν

199 1259 292 1312 τὸν
327 1255 682 1327 στρατιώτην
709 1254 1008 1326 ἐξαιρέτως
1051 1253 1116 1309 τὸ
1147 1254 1410 1327 ίππὰριον
1462 1252 1653 1319 αὐτοῦ,
1687 1255 1788 1308 σὺν

201 1347 278 1417 τῷ
304 1346 690 1418 σελλοχαλίνῳ,
735 1344 832 1400 καὶ
887 1345 948 1397 τὸ
981 1343 1134 1415 ἅρμα
1169 1344 1357 1410 αὑτοῦ,
1404 1344 1501 1398 καὶ
1551 1343 1672 1411 ἐὰν,
1709 1343 1788 1407 ὡς

199 1438 369 1503 εἰκὸς,
409 1437 760 1506 ἐπεκτήσατο
785 1433 1029 1505 λωρίκην
1065 1435 1163 1488 καὶ
1191 1434 1378 1505 μόνον.
1421 1434 1500 1488 Τὰ
1535 1433 1592 1488 δὲ
1621 1433 1788 1487 λοιπὰ

199 1531 385 1584 πάντα
425 1526 746 1600 μερίζεσθαι
798 1528 999 1591 αὐτοὺς
1054 1526 1361 1594 ἀδελφικῶς
1416 1527 1505 1580 ἐπ’
1532 1526 1656 1597 ἴσης
1691 1525 1788 1581 καὶ

201 1620 264 1685 ἐξ
293 1620 425 1689 ῐσης
466 1618 673 1688 μοίρας.

282 1719 348 1764 ε’.
415 1711 477 1762 El
514 1711 566 1764 δέ
601 1709 695 1764 καὶ
752 1709 1011 1764 ἐπέκεινα
1048 1708 1157 1762 τῶν
1205 1707 1340 1761 δέκα
1375 1707 1544 1779 τριῶν
1579 1705 1786 1778 χρόνων

215 1798 490 1868 συζήσωσι
520 1798 635 1868 μετ’
664 1797 933 1868 ἀλλήλων,
971 1797 1068 1850 καὶ
1117 1797 1315 1869 εὑρεθῇ
1346 1797 1398 1850 τί
1429 1815 1556 1850 ποτε
1584 1799 1648 1850 ἐκ
1675 1796 1786 1850 τῶν

1889 621 2116 684 taribus,
2141 622 2257 675 sive
2273 637 2340 676 ex
2366 621 2638 680 laboribus
2662 621 2969 676 communis
2993 620 3230 690 ipsorum
3256 623 3471 693 domus,

1887 721 1945 767 et
1996 726 2090 782 per
2123 712 2440 767 industriam
2490 712 2679 768 fratris
2727 723 2820 767 aut
2865 714 3115 782 fratrum,
3181 715 3272 784 qui
3325 716 3473 773 domi

1891 812 2212 857 manserunt
2264 817 2331 858 ex
2377 819 2529 874 requa
2593 813 2650 858 et
2681 804 2736 859 in
2797 819 2950 874 aequa
3006 805 3258 876 portione
3322 809 3472 863 acci-

1889 893 2061 964 piant.

1959 984 2020 1039 4.
2050 983 2187 1054 Ipsis
2239 994 2425 1041 autem
2465 996 2590 1055 post
2633 985 2765 1040 illud
2815 987 3136 1041 decennium
3203 1003 3375 1057 usque
3401 989 3471 1044 ad

1891 1074 2028 1130 alios
2060 1084 2170 1132 tres
2191 1091 2366 1133 annos
2422 1077 2564 1132 inter
2592 1092 2654 1133 se
2678 1092 2782 1132 una
2821 1078 3148 1142 viventibus,
3182 1080 3228 1133 si
3271 1080 3472 1136 deinde

1888 1168 2186 1238 contigerit
2228 1183 2324 1225 eos
2375 1170 2444 1224 ab
2476 1183 2535 1225 se
2564 1170 2796 1228 invicem
2839 1167 3094 1239 disjungi,
3137 1169 3291 1224 miles
3323 1171 3471 1225 velut

1891 1268 2202 1327 exemptum
2233 1259 2509 1328 quiddam,
2540 1272 2734 1327 equum
2761 1274 2914 1313 suum
2945 1258 3156 1314 auferat
3182 1275 3303 1314 cum
3334 1260 3468 1315 sella

1889 1357 1946 1404 et
1973 1347 2162 1414 furno,
2194 1349 2430 1420 itemque
2464 1365 2682 1405 currum
2718 1365 2899 1417 suum,
2922 1361 2976 1407 et
3003 1352 3226 1406 loricam
3249 1353 3466 1406 dumta-

1890 1448 2004 1504 xat,
2037 1441 2083 1495 si
2123 1441 2339 1509 quidem
2387 1442 2526 1497 hanc
2553 1456 2657 1497 ceu
2683 1443 2832 1498 credi
2877 1457 2978 1512 par
3004 1453 3108 1509 est,
3156 1444 3463 1512 acquisivit.

1895 1529 2120 1600 Reliqua
2143 1533 2323 1586 omnia
2342 1532 2582 1588 fraterne
2608 1533 2661 1588 in
2681 1548 2834 1603 aequa
2859 1542 2916 1588 et
2947 1549 3012 1590 ex
3042 1549 3194 1602 aequa
3219 1535 3465 1603 portione
3547 1529 3556 1534 ”

1893 1622 2039 1678 inter
2069 1637 2127 1677 se
2152 1625 2483 1692 partiuntur.

1963 1719 2019 1780 5.
2047 1715 2198 1782 Quod
2226 1716 2271 1771 si
2297 1716 2459 1770 etiam
2491 1717 2635 1771 ultra
2654 1716 2772 1772 illos
2797 1718 2865 1771 15
2891 1732 3063 1772 annos
3092 1717 3235 1772 inter
3252 1733 3311 1772 se
3329 1731 3466 1772 con-

1891 1804 2147 1868 vixerint,
2185 1813 2240 1859 et
2275 1804 2652 1872 deprehensus
2695 1805 2859 1861 fuerit
2920 1807 3123 1876 aliquid
3173 1807 3466 1874 aliquando

209 1867 350 1957 μετᾶ
394 1867 567 1939 ταῦτα
628 1867 807 1957 ρογῶν
855 1886 1040 1948 αὐτοῖς
1067 1867 1282 1956 [αὑτοῦ]
1304 1867 1781 1956 ἡέπικτησάμενος,

1892 1909 1959 1950 ex
1988 1895 2288 1950 numeratis
2331 1903 2514 1965 poStea
2560 1897 2848 1964 stipendiis
2895 1867 3274 1966 acquisivisse,
3321 1898 3464 1966 quod

199 1977 291 2032 καὶ
344 1977 603 2042 σώζεταιο
660 1977 755 2030 καὶ
811 1976 970 2030 τοῦτο
1013 1977 1336 2048 κομίζεσθαι
1397 1978 1591 2032 αὐτόν’
1630 1976 1697 2031 τὰ.
1732 1977 1789 2032 δὲ

201 2068 429 2140 προνοίᾳ
457 2068 597 2122 Θεοῦ
627 2067 992 2138 ἐπικτηθέντα
1019 2067 1167 2138 αύτῷ
1198 2069 1262 2122 ἐκ
1309 2068 1535 2139 τρὼπης
1575 2065 1793 2138 ἡμέρας

196 2161 286 2214 τοῦ
321 2162 494 2215 αὐτὸν
549 2161 968 2233 πρατευθῆναι,
997 2160 1106 2213 ἀπό
1136 2177 1198 2213 τε
1225 2160 1438 2214 σκύλων
1467 2160 1562 2213 καὶ
1588 2159 1792 2229 φιλοτι-

195 2252 362 2322 μιῶν,
431 2253 532 2306 καὶ
567 2251 824 2318 σώζεται,
859 2251 1154 2306 καὶταῦτα
1196 2250 1397 2320 ὁμοίιος
1435 2249 1581 2320 ἔχειν
1629 2248 1791 2304 αὐτὸν

191 2343 519 2414 ἐξαιρέτως.

263 2441 342 2499 ς’.
376 2432 654 2504 Κληρικοὶ
679 2434 758 2496 δέ,
781 2433 876 2488 καὶ
891 2431 1348 2506 χαρτουλὰριοι,ἢ
1379 2432 1474 2487 καὶ
1500 2430 1679 2503 ἕτεροί
1707 2449 1784 2485 τι·

194 2543 288 2589 νες
326 2527 397 2579 ἐκ
443 2527 673 2594 γονικῆς
717 2525 1139 2594 στρατευόμενοι
1181 2523 1554 2586 ὑποστάσεως,
1603 2523 1652 2574 εί
1687 2522 1786 2592 μὲν

191 2613 564 2676 τελευτῶντες
590 2615 641 2666 οἱ
664 2614 840 2680 γονεῖς
866 2611 1044 2665 αὐτῶν
1067 2611 1132 2663 δι’
1155 2610 1376 2678 ἀγάπην
1425 2607 1520 2661 καὶ
1549 2608 1774 2678 εὐχαρι·

192 2709 346 2762 στίαν
374 2706 439 2760 τδ
477 2705 634 2760 δοθὲν
662 2705 803 2776 ὑπὲρ
829 2705 926 2773 τῆς
952 2703 1157 2757 τούτων
1198 2701 1486 2773 στρατείας
1517 2700 1784 2770 θελήσωσι

190 2795 264 2864 τῷ
298 2791 696 2862 πρατευθέντι
728 2791 1190 2862 ἀποχαρίσασθαι,
1241 2787 1533 2861 κυρούσθω
1578 2786 1783 2843 τούτων

195 2887 227 2956 ὴ
255 2885 541 2955 βούλησις.

265 2989 329 3053 ζ’.
357 2990 422 3041 Ei
458 2988 520 3040 δέ
553 2985 722 3057 μηδὲν
753 2985 880 3056 περὶ
911 2986 1101 3038 τούτου
1127 2983 1370 3048 είπόντες
1399 2984 1782 3054 τελευτήσωσι,

202 3082 291 3134 καὶ
303 3080 400 3148 τὴν
410 3079 547 3147 περὶ
564 3078 666 3146 τῆς
682 3078 939 3144 τοιαύτης
957 3077 1254 3146 ποσότητος
1272 3075 1484 3146 κίνησιν
1507 3078 1782 3146 ποιήσωσι

1888 1984 2064 2040 adhuc
2097 1987 2332 2056 supersit
2369 1987 2511 2041 :hoc
2539 1985 2712 2055 ipsum
2757 2000 2974 2056 quoque
2998 1987 3102 2042 sibi
3135 1987 3351 2041 habeat.
3395 1987 3465 2041 Et

1886 2092 2006 2146 quae
2033 2091 2128 2147 per
2163 2075 2258 2133 Dei
2298 2077 2698 2148 providentiam
2726 2078 2852 2132 inde
2899 2092 3071 2146 usque
3106 2093 3137 2131 a
3162 2078 3338 2147 primu
3373 2079 3464 2131 die

1888 2167 2093 2223 militia:
2121 2183 2233 2222 suae
2286 2170 2598 2236 acquisivit,
2638 2179 2746 2222 tam
2783 2182 2846 2221 ex
2888 2168 3096 2236 spoliis,
3121 2183 3280 2237 quam
3312 2170 3466 2238 priu-

1885 2257 2065 2326 cipum
2107 2257 2508 2328 largitionibus,
2529 2259 2694 2314 etiam
2724 2273 2864 2312 nunc
2881 2259 3148 2315 exstantia
3176 2276 3191 2325 ;
3213 2259 3464 2314 similiter

1883 2347 2028 2402 velut
2056 2348 2254 2402 eximia
2279 2348 2552 2403 retinebit.

1955 2439 2007 2492 6.
2032 2439 2270 2494 Clericos
2303 2454 2430 2494 vero
2455 2451 2506 2494 et
2531 2424 2938 2504 Chartularios,
2985 2439 3070 2494 vel
3117 2440 3279 2494 etiam
3325 2440 3462 2496 alios

1881 2530 2166 2600 quosdam,
2223 2546 2289 2584 ex
2330 2530 2652 2600 patrimonio
2695 2539 2921 2599 paterno
2965 2529 3279 2592 militantes,
3314 2532 3460 2598 quod

1882 2623 2113 2688 attinet;
2147 2623 2549 2678 si-decedeutes
2583 2636 2771 2677 eorum
2806 2629 3059 2690 parentes
3091 2621 3374 2675 charitatis
3402 2628 3462 2674 et

1865 2713 2177 2788 gratiarum
2233 2714 2460 2768 actionis
2516 2729 2668 2783 ergo,
2719 2714 2863 2782 quod
2919 2713 3198 2768 solverunt
3242 2711 3459 2766 illorum

1885 2806 2092 2860 militia:
2135 2820 2299 2860 causa
2341 2807 2650 2862 condonare
2673 2804 3211 2863 voluerintmilitiam
3231 2813 3456 2858 secuto:

1883 2905 2001 2950 rata
2030 2895 2279 2952 voluntas
2303 2911 2488 2953 eorum
2521 2905 2662 2952 esto.

1952 3004 2002 3057 7.
2029 3002 2181 3069 Quod
2209 3004 2255 3058 si
2281 3003 2426 3058 nulla
2443 3003 2604 3074 hujus
2628 3004 2902 3059 mentione
2925 3002 3064 3057 facta
3095 2997 3468 3066 decesserint,

1882 3099 1935 3146 et
1966 3092 2233 3148 actionem
2265 3094 2330 3148 de
2355 3091 2665 3159 hujusmodi
2718 3107 2950 3159 summa,
2989 3091 3236 3146 militiam
3273 3100 3460 3146 secuto

197 3171 273 3242 τῷ
303 3168 696 3239 στρατευθέντι
728 3170 779 3221 οἱ
829 3167 1257 3238 συγκληρονόμοι
1313 3166 1484 3222 αὑτοῦ
1518 3184 1532 3198 θ
1568 3167 1777 3234 λογίζε-

1882 3181 2196 3236 οοιιιοτοιιοε
2227 3184 2526 3236 moverint:
2554 3192 2876 3254 computare
2896 3182 3112 3248 debent,
3135 3196 3254 3250 qua:
3273 3194 3337 3235 ex
3359 3180 3463 3234 hac

197 3264 315 3316 σθαι
344 3261 552 3324 αὐτοὺς
595 3259 664 3313 τὰ
693 3258 800 3312 ἀπὸ
829 3260 927 3328 τῆς
953 3257 1210 3328 τοιαύτης
1248 3258 1536 3328 στρατείας
1561 3258 1781 3333 περιελ-

193 3357 354 3411 θόντα
392 3357 478 3418 είς
517 3354 612 3408 τὸν
642 3354 820 3407 αὐτῶν
866 3351 1102 3422 πατέρα,
1155 3350 1352 3404 καὶτὰ
1393 3349 1780 3421 περιττεύοντα

191 3451 256 3502 ἐκ
273 3448 377 3517 τῆς
400 3445 655 3514 δοθείσης
682 3445 977 3510 ποσότητος
998 3445 1078 3506 είς
1107 3442 1168 3496 τὸ
1194 3442 1433 3496 τοιοῦτον
1465 3442 1779 3514 στράτευμα

192 3538 653 3610 συνεισφέρεσθαι
701 3538 768 3607 τῇ
824 3534 986 3606 λοιπῇ
1029 3534 1346 3599 ὑποστάσει,
1400 3534 1498 3596 καὶ
1539 3533 1779 3586 συνδιαιο

196 3630 434 3702 ρεῖσθαι.

264 3721 342 3791 η’.
379 3722 444 3774 Ei.
483 3721 560 3788 δὲ,
603 3721 678 3785 ὡς
730 3719 898 3786 είκὸς,
949 3715 1245 3789 ἐπληρώθη
1281 3715 1368 3769 διὰ
1413 3713 1504 3768 τοῦ
1533 3713 1776 3767 τοιούτου

199 3807 612 3878 στρατεύματος
654 3809 688 3878 ἡ
727 3807 942 3859 δοθεῖσα
997 3805 1252 3872 ποσότης,
1281 3803 1357 3873 μὴ
1399 3802 1543 3872 ἔχειν
1587 3801 1776 3856 ἄδειαν

201 3901 334 3962 τοὺς
369 3898 836 3969 συγκληρονόμους
882 3898 942 3951 τὸ
972 3896 1180 3952 τοιοῦτο
1221 3898 1559 3966 στράτευμα,
1594 3895 1774 3965 ἔχοντι

197 3985 482 4057 προσώπῳ
534 3984 813 4054 ἐπιζητεῖν
864 3983 1052 4037 ἕνεκεν
1093 3985 1193 4054 τῆς
1245 3983 1544 4052 γενομένης
1593 3981 1772 4047 ἐξόδου

197 4079 334 4150 ὑπὲρ
365 4075 532 4130 αὐτοῦ
569 4078 584 4097 ⁶
629 4074 843 4148 irraton
889 4073 1134 4147 [ότιοῦν],
1169 4073 1256 4126 διὰ
1308 4073 1388 4139 τὸ,
1426 4073 1501 4136 ὡς
1530 4072 1771 4144 εἴρηται,

199 4168 613 4240 ἀντεισαγωγὴν
638 4169 705 4222 ἐκ
731 4166 828 4222 τοῦ
861 4165 1102 4222 τοιούτου
1142 4163 1553 4236 στρατεύματος
1605 4165 1764 4232 γενέ·-

199 4257 337 4310 σθαι.

261 4347 325 4401 θ’.
359 4349 455 4401 ἐπὶ
485 4348 541 4402 δὲ
565 4347 676 4402 τῶν
699 4347 902 4404 λοιπῶν
921 4348 1383 4420 στρατευομένων,
1408 4345 1509 4399 ὅσα
1534 4346 1598 4398 ἐκ
1617 4343 1773 4414 βασι·-

192 4439 349 4510 ὶικῆς
381 4442 576 4509 ρόγας,
629 4439 865 4494 ἀννόνων
915 4458 995 4506 τε,
1048 4440 1144 4492 καὶ
1191 4437 1505 4508 σωλεμνίων
1559 4435 1771 4498 τούτοις

194 4528 820 4598 πῳσενεμήθησανμαὶ
842 4527 1119 4581 τουτέστιν
1145 4524 1772 4596 ἁξιωματικοῖς,λοιποῖς
1803 4519 1849 4577 D

197 4617 388 4684 ἅπασι,
407 4617 793 4687 κομιζομένοις
813 4617 920 4670 ἀπὸ
952 4617 1241 4688 βασιλικῆς
1265 4616 1454 4688 ρόγας,
1485 4614 1518 4686 ἢ
1543 4615 1638 4668 καὶ
1664 4615 1772 4668 ἀπὸ

190 4709 454 4780 δημοσίου
484 4708 712 4773 ἁννόνας
734 4709 827 4764 καὶ
847 4709 1133 4781 συνηθείας
1159 4725 1175 4740 ο
1212 4703 1356 4764 οὗτοι
1391 4709 1490 4780 μὲν
1513 4709 1772 4772 ἅπαντες,

192 4800 320 4852 ἄνευ
363 4802 548 4870 μέντοι
591 4800 700 4855 τῶν
752 4807 1121 4871 στρατιωτῶν,
1187 4801 1283 4855 ἐπὶ
1350 4805 1464 4866 τοῖς
1513 4801 1774 4866 τοιούτοις

187 4887 510 4950 πεκουλίοις
561 4887 949 4957 διατιθέμενοι,
983 4889 1180 4952 παῖδας
1228 4889 1324 4959 μὲν
1363 4889 1578 4959 ἔχοντες
1613 4889 1774 4961 μέχρι

186 4980 472 5050 τεσσάρων
503 4979 595 5034 τὸν
627 4980 882 5051 ἀριθμὸν,
911 4979 1009 5052 τὴν
1037 4980 1292 5052 νόμιμον,
1332 4981 1502 5052 ἦγουν
1530 4983 1629 5051 τὴν
1650 4982 1771 5052 τρί-

188 5087 286 5140 την
312 5073 513 5140 μοῖραν
533 5069 631 5124 tot":
659 5071 726 5124 αὐ
737 5069 846 5124 τῶν
871 5071 1160 5124 πεκουλίου
1183 5071 1769 5142 καταλιμπανέτωσαν.

191 5159 254 5211 Εἰ
289 5160 343 5212 δὲ
379 5160 478 5212 καὶ
507 5159 690 5225 πέντε,
726 5160 822 5214 καὶ
847 5161 1124 5224 ἐπέκεινα,
1150 5160 1212 5214 τδ
1232 5161 1405 5231 ἥμισυ
1439 5161 1626 5232 μέρος.

261 5250 310 5305 ι’.
335 5253 398 5306 Εἰ
423 5253 481 5305 δὲ
503 5253 700 5317 παῖδας
717 5253 818 5306 οὐκ
833 5251 1068 5322 ἔχουσιν,
1089 5251 1274 5306 ’ύπεισι
1295 5253 1352 5307 δὲ
1370 5255 1552 5316 αὐτοῖς
1575 5256 1770 5324 γονεῖς,

191 5350 284 5415 την
340 5347 646 5418 εἰρημένην
697 5346 891 5418 τρίτην
929 5350 1124 5420 μοῖραν
1167 5347 1729 5419 καταλιμπανέτωσαν
1753 5362 1771 5378 ⁸

191 5438 266 5499 εἰς
301 5437 360 5492 δὲ
402 5439 468 5493 τὸ
525 5438 818 5493 ὑπόλοιπον
867 5441 1064 5511 μέτρον
1113 5439 1208 5494 τοῦ
1246 5439 1430 5494 αὐτῶν
1483 5439 1772 5495 πεκουλίου

193 5532 325 5584 κατὰ
353 5532 416 5584 τὸ
445 5529 640 5584 δοκοῦν
677 5531 860 5594 αὐτοῖς
909 5530 1354 5586 διατιθέσθωσαν.
1394 5530 1680 5600 Παγανικὰ
1715 5531 1774 5584 δὲ

193 5623 450 5678 πεκούλια
510 5623 624 5678 τῶν
707 5622 1046 5688 ὑπεξουσίων
1099 5623 1258 5688 εἰσὶν,
1307 5624 1410 5677 ὅσα
1455 5623 1608 5694 παρὰ
1663 5622 1773 5676 τῶν

195 5715 385 5777 γονέων
472 5713 662 5769 αὐτῶν
742 5714 878 5785 πρὸς
952 5714 1158 5784 κόσμον
1225 5715 1316 5768 καὶ
1388 5714 1550 5786 τιμὴν
1613 5713 1768 5786 ἐδόθη

195 5801 381 5872 αὑτοῖς,
420 5805 462 5874 Ρ,
488 5802 912 5873 ἐπεκτήθησαν·
953 5804 1107 5860 ἆτινα
1146 5805 1236 5859 καὶ
1277 5804 1351 5871 ὡς
1396 5805 1598 5874 γονέων
1629 5801 1768 5874 γνώ-

1886 3271 2074 3325 militia
2106 3281 2469 3342 pervenerunt
2494 3277 2561 3327 ad
2594 3284 2804 3343 patrem
2855 3274 3118 3341 ipsorum,
3155 3279 3210 3327 et
3243 3271 3461 3326 residua

1881 3375 2110 3417 summa:
2139 3363 2206 3416 ad
2261 3361 2566 3431 huiusmodi
2619 3363 2870 3418 militiam
2903 3363 3041 3419 data:
3087 3377 3210 3418 cum
3251 3362 3461 3430 reliquo

1882 3456 2208 3526 patrimonio
2254 3457 2540 3513 conteram
2600 3467 2764 3528 atque
2827 3457 2916 3511 ita-
2953 3471 3078 3511 cum
3135 3453 3258 3509 aliis
3317 3452 3458 3508 divi-

1880 3549 2030 3601 dant.

1949 3727 2003 3782 8.
2029 3725 2084 3780 Si
2116 3740 2268 3791 vero,
2301 3739 2399 3780 ceu
2450 3722 2598 3778 credi
2636 3736 2736 3793 par
2750 3731 2856 3786 est,
2889 3721 3012 3775 data
3044 3728 3130 3775 est
3149 3734 3245 3788 per
3271 3717 3457 3785 hujus-

1881 3818 2024 3873 Inodi
2053 3816 2300 3871 militiam
2328 3829 2538 3869 summa
2564 3813 2719 3882 plene
2751 3812 2928 3867 soluta
2958 3810 3116 3865 fuerit
3147 3827 3163 3863 :
3211 3809 3454 3871 cohaere:

1877 3911 1976 3966 des
2005 3908 2204 3964 nullam
2233 3907 2506 3962 licentiam
2536 3905 2740 3960 habent
2767 3919 2798 3957 a
2827 3918 3083 3974 persona,
3120 3917 3240 3972 quae
3267 3901 3456 3966 hujus-

1878 3997 2021 4051 modi
2072 3995 2320 4050 militiam
2355 3995 2516 4070 gerit,
2571 3993 2864 4064 quidquam
2908 3993 3185 4062 repetendi
3238 3990 3456 4045 nomine

1872 4087 2028 4143 facta:
2056 4103 2152 4157 pro
2181 4087 2299 4158 ipso
2315 4102 2565 4157 expensa:
2587 4105 2602 4142 :
2628 4096 2910 4156 propterea
2955 4086 3118 4154 quod,
3144 4084 3219 4138 uti
3251 4083 3454 4136 dictum

1874 4189 1994 4246 est,
2045 4179 2379 4234 tantumdem
2426 4193 2494 4234 ex
2524 4177 2833 4248 hujusmodi
2867 4176 3057 4231 militia
3087 4175 3297 4229 illatum
3327 4173 3446 4227 fue-

1874 4270 1965 4324 rit.

1940 4361 2078 4418 9.1u
2112 4361 2332 4431 reliquis
2360 4360 2742 4423 militantibus,
2773 4371 3127 4427 quaecumque
3155 4370 3221 4411 ex
3259 4356 3434 4424 impe-
3496 4385 3508 4398 ι

1877 4452 2084 4506 ratorio
2135 4449 2428 4520 stipendio,
2463 4457 2518 4504 et
2563 4449 2821 4514 annonis,
2873 4456 2930 4500 et
2982 4445 3340 4505 solemnibus,
3371 4444 3452 4498 eis

1876 4545 2138 4600 attributa
2172 4553 2322 4610 sunt,
2349 4543 2606 4598 nimirum
2645 4543 2698 4596 in
2748 4541 3008 4612 dignitate
3048 4538 3361 4608 constitutis
3398 4546 3453 4592 et

1875 4637 1998 4693 aliis
2032 4636 2304 4701 omnibus,
2331 4635 2425 4706 qui
2457 4635 2525 4689 ab
2555 4635 2885 4705 imperatore
2935 4632 3202 4704 stipendia
3234 4632 3316 4685 vel
3348 4648 3447 4684 an-

1875 4740 2050 4780 nonas
2082 4733 2136 4780 et
2162 4723 2580 4779 consuetudines
2611 4739 2641 4778 a
2664 4723 2798 4778 lisco
2844 4722 3118 4792 accipiunt
3148 4738 3166 4777 :
3201 4722 3267 4775 de
3301 4721 3366 4774 iis
3395 4720 3450 4774 hi

1877 4813 2141 4888 universi,
2171 4811 2434 4868 militibus
2465 4820 2644 4869 tamen
2673 4811 2940 4882 exceptis.
2987 4810 3153 4866 veluti
3186 4811 3252 4864 de
3281 4823 3448 4877 pecu-

1875 4904 1966 4960 liis
1999 4904 2114 4958 suis
2142 4912 2425 4969 testantes,
2460 4903 2504 4958 si
2525 4903 2727 4958 liberos
2772 4902 3012 4957 habeant
3058 4916 3286 4955 numero
3316 4914 3451 4968 qua-

1878 5001 2020 5058 tuor,
2046 4991 2366 5062 legitimam,
2391 4991 2441 5047 id
2470 5000 2573 5058 est,
2623 4991 2840 5047 tertiam
2877 4989 3074 5062 peculii
3118 4988 3203 5044 sui
3241 4996 3451 5058 partem

1874 5081 1956 5136 eis
2014 5077 2376 5150 relinquant:
2425 5079 2512 5135 sin
2565 5081 2830 5150 quinque,
2878 5093 2944 5134 ac
2970 5076 3220 5146 ulterius,
3256 5075 3453 5132 semis-

1875 5183 2012 5224 sem.

1949 5257 2036 5314 10.
2069 5257 2162 5313 Sin
2194 5257 2369 5313 nullos
2399 5256 2600 5312 habent
2646 5256 2872 5322 liberos,
2911 5253 3228 5323 parentibus
3269 5261 3450 5306 tamen

1877 5347 2278 5419 superstitibus,
2302 5347 2498 5402 dictam
2530 5345 2609 5402 eis
2640 5345 2853 5399 tertiam
2885 5353 3091 5442 par-tem
3117 5341 3449 5410 relinquant.

1877 5441 2053 5510 deque
2080 5440 2288 5510 reliquo
2323 5439 2484 5494 modo
2515 5438 2710 5508 peculii
2763 5438 2874 5505 sui,
2923 5433 3079 5506 p'i-out
3106 5433 3237 5503 ipsis
3274 5433 3449 5487 visum

1877 5531 2060 5598 fuerit,
2095 5538 2384 5587 testantor.
2411 5529 2675 5596 Paganica
2716 5543 2846 5583 vero
2877 5528 3086 5596 peculia
3130 5522 3452 5578 ﬁliorumfa-

1875 5622 2056 5678 mitias
2078 5632 2226 5688 sunt,
2255 5636 2591 5692 quaecunque
2636 5637 2666 5676 a
2696 5619 3012 5693 parentibus
3034 5631 3248 5683 eorum,
3268 5617 3336 5670 ad
3359 5629 3450 5671 or-

1876 5723 2060 5767 natum
2097 5720 2152 5767 et
2179 5712 2678 5783 honestatem‘ipsis
2699 5713 2826 5766 data
2857 5716 3005 5775 sunt,
3035 5705 3444 5787 autacquisital:

1878 5820 1998 5878 quae
2026 5814 2077 5861 ct
2115 5814 2394 5876 parentum
2450 5819 2568 5862 esse
2595 5807 2981 5872 agnoscuntur,
3010 5810 3062 5856 et
3093 5809 3210 5870 poet
3238 5798 3442 5854 obitum
