4050 6428
590 405 695 475 5H

1627 408 2139 472 CONSTANTINI
2177 408 2862 476 PORPHYROGENITI

3737 414 3850 483 512

589 527 877 587 parentum
911 517 1136 589 reliquis
1165 534 1352 577 eorum
1382 522 1543 578 bonis
1560 519 1968 591 coniunguntur
2004 531 2062 575 et
2092 519 2170 574 di-

2290 523 2542 593 ρίζουται,
2573 526 2668 580 καὶ
2711 526 2853 597 μετὰ
2885 525 3144 599 τελευτὴν
3182 525 3295 581 τῶν
3345 526 3551 598 γονέων
3592 526 3659 600 τῇ
3705 527 3879 600 λοιπῇ

586 608 867 672 viduntur,
896 609 1040 665 sicut
1060 618 1116 665 et
1137 610 1229 665 illa
1262 626 1383 680 quae
1412 611 1478 665 de
1506 610 1741 685 pecunia
1787 610 2057 679 rebusque
2082 623 2176 679 pa-

588 700 689 754 tris
714 698 980 769 acquisita
1012 707 1141 755 sunt
1188 700 1319 767 filio,
1375 713 1474 769 pro
1522 698 1764 770 paternis
1808 700 1966 757 bonis
2000 715 2172 769 agno-

587 799 832 855 scuntutz,
870 788 1045 860 iisque
1076 788 1498 860 coniunguntur.
1533 788 1670 845 Nam
1697 791 1764 846 de
1799 790 2066 846 maternis
2090 790 2173 859 ip-

587 893 774 934 sorum
829 878 1015 944 rebus,
1049 892 1173 948 quae
1219 894 1317 950 per
1355 879 1583 935 sudores
1631 889 1688 936 et
1715 879 1955 946 labores,
1985 881 2067 936 vel
2103 894 2172 936 ex

588 966 905 1023 haereditate
938 968 1005 1021 ad
1037 968 1184 1037 ipsos
1226 978 1618 1038 pervenerunt,
1640 978 1912 1026 testantur
1939 968 2016 1025 illi
2044 969 2172 1041 qui-

587 1059 746 1113 dem:
800 1059 896 1114 sed
942 1072 1100 1113 usum
1128 1073 1321 1116 eorum
1370 1062 1655 1118 dumtaxat
1685 1061 1890 1118 habent
1920 1062 1994 1117 illi
2027 1075 2169 1131 quo-

586 1163 707 1203 rum
740 1150 793 1204 in
824 1159 1090 1220 potestate
1112 1161 1241 1208 sunt
1268 1168 1285 1220 ;
1317 1155 1654 1224 proprietate
1682 1154 1871 1211 talium
1902 1155 2171 1212 bonorum

586 1240 720 1310 ipsis
739 1248 1037 1297 reservata.

1124 1441 1429 1502 'I‘I’I‘ULUS
1448 1444 1637 1503 XVIII.

586 1544 664 1600 De
684 1546 1103 1621 successionibtu
1120 1547 1185 1621 ab
1214 1549 1481 1621 intestato,
1498 1550 1662 1621 deque
1675 1550 1860 1620 legatis
1879 1567 1900 1607 :
1927 1562 1977 1610 et
1996 1553 2061 1608 de
2087 1553 2171 1611 Itis

817 1617 908 1687 qui
931 1631 995 1671 ea
1020 1633 1113 1685 per
1152 1617 1591 1690 ingratitudineui
1642 1617 1917 1678 amittunt.

657 1721 710 1776 1.
738 1720 796 1778 Si
821 1722 945 1793 quis
967 1723 1255 1781 intestatus
1275 1725 1593 1794 decesserit,
1618 1727 2169 1786 exstantibusliberis

585 1824 681 1870 aut
710 1815 1016 1884 nepotibus,
1046 1816 1099 1872 hi
1124 1818 1447 1874 succedunt.

653 1906 710 1961 2.
749 1908 843 1962 Sin
872 1907 1129 1965 defuncto
1154 1912 1476 1979 superstites
1529 1921 1661 1968 sunt
1702 1921 1861 1985 pater
1895 1924 1951 1970 et
1974 1925 2170 1980 mater,

589 2012 724 2052 avus
746 2008 804 2053 et
830 2001 974 2068 avia,
1008 2000 1092 2056 vel
1130 2003 1296 2058 etiam
1346 2003 1655 2071 ulteriores,
1713 2006 1767 2060 bi
1827 2007 2174 2064 exstantibus

584 2089 769 2147 liberis
788 2101 844 2147 et
868 2094 1178 2164 nepotibus,
1214 2096 1510 2154 succedere
1537 2111 1643 2153 non
1669 2107 1940 2180 poss_unt._

652 2273 706 2328 '5.
738 2273 893 2340 Quod
921 2275 967 2330 si
995 2274 1128 2330 nulli
1162 2283 1292 2331 sunt
1319 2275 1500 2342 liberi,
1524 2276 1658 2333 nulli
1710 2286 1942 2349 nepotes
1964 2319 1983 2346 ,
2015 2289 2172 2350 pater

582 2372 765 2418 tamen
820 2372 1003 2421 exstat
1044 2376 1101 2422 et
1135 2375 1309 2424 mater
1367 2375 1426 2424 et
1462 2383 1597 2425 avus
1632 2377 1689 2427 et
1731 2370 1851 2425 avia
1883 2371 2173 2443 propiores

582 2454 938 2511 succedunto.

656 2546 711 2609 ι.
742 2544 800 2600 Si
841 2546 983 2603 Illius
1010 2554 1069 2604 et
1124 2549 1235 2605 filia
1274 2551 1590 2620 parentibus
1644 2553 1783 2609 viris
1833 2553 2175 2610 decesserint

2200 1863 2248 1920 Β

2277 615 2462 670 αὐτῶν
2512 617 2816 677 ὑποστάσει
2865 619 3113 676 ένούνται
3143 621 3241 678 καὶ
3285 620 3644 693 διαιροῦνται,
3678 622 3881 695 ὥσπερ

2276 705 2372 759 καὶ
2412 707 2484 761 τά
2534 709 2645 763 ἀπὸ
2692 711 2992 782 χρημάτων
3035 711 3068 784 ἢ
3133 713 3474 785 πραγμάτιον
3524 712 3621 768 τοῦ
3662 715 3883 787 πατρὸς

2277 796 2644 868 ὲπικτηθέντα
2673 799 2750 871 τῷ
2785 800 2904 870 υίῷ,
2948 804 3017 873 τῇ
3056 802 3292 875 πατρῴᾳ
3332 803 3629 858 ὑποστάσει
3670 802 3885 874 γνωρίο

2279 885 2487 954 ζονται,
2504 889 2601 944 καὶ
2627 890 2767 961 αὑτῇ
2793 890 3143 946 συνενοῦνται
3173 908 3190 923 ⁸
3219 894 3313 947 ἐπὶ
3329 894 3437 965 γάρ
3461 895 3576 957 τοῖς
3596 892 3883 966 μητρῴοις

2277 977 2482 1044 αὐτῶν,
2513 980 2573 1047 ἐξ
2614 980 2874 1052 ἱδρώτων,
2933 984 3031 1039 καὶ
3087 984 3368 1055 καμάτων,
3415 984 3450 1056 ἦ
3504 983 3885 1057 κληρονομίας

2280 1071 2658 1142 περιαχθεῖσιν
2700 1075 2783 1138 είς
2813 1075 3014 1140 αὐτοὺς
3047 1076 3394 1145 πράγμασιν,
3430 1075 3521 1129 ἐπ’
3553 1076 3741 1138 αὐτοῖς
3774 1074 3885 1145 μὲν

2276 1161 2433 1214 αὐτοὶ
2473 1160 2808 1217 διατίθενται
2838 1179 2854 1192 ·
2889 1163 2989 1234 τὴν
3017 1163 3075 1218 δὲ
3116 1164 3317 1235 χρῆσιν
3351 1163 3535 1218 αὐτῶν
3563 1165 3661 1217 καὶ
3711 1162 3885 1233 μόνον

2279 1250 2495 1323 ἔχουσιν
2534 1253 2586 1305 oi
2623 1252 2844 1319 τούτους
2875 1254 3095 1325 ἔχοντες
3126 1256 3221 1308 ὑπ’
3252 1254 3528 1322 ἐξουσίαν,
3554 1253 3652 1325 τὴν
3679 1254 3885 1308 δεσπο-

2286 1345 2440 1401 τείαν
2462 1344 2573 1402 τῶν
2603 1347 2863 1402 τοιούτων
2901 1348 3247 1420 πραγμάτων
3266 1349 3630 1419 φυλάττοντες
3660 1348 3879 1411 αὐτοῖς.

2875 1445 3127 1500 ΤΙΤΛΟΣ
3174 1446 3271 1500 ιιι.

2276 1551 2420 1622 Περὶ
2437 1551 2558 1606 τῶν
2579 1551 2649 1617 ἐξ
2666 1550 2984 1622 ἀδωθέτου
3011 1549 3445 1622 κληρονομιῶν,
3467 1549 3567 1622 καί
3582 1548 3882 1617 Jay-dtur,

2367 1622 2464 1677 καί
2502 1622 2637 1691 περὶ
2666 1621 2785 1676 τῶν
2810 1622 2881 1687 ἐξ
2904 1622 3274 1699 ⁵ἀχαριστίας·
3311 1621 3749 1675 ἐκπιπτόντων.

2345 1731 2414 1780 α’.
2464 1723 2593 1779 Ἐάν
2647 1741 2734 1788 τις
2772 1722 3055 1788 ἀδιάθετος
3111 1721 3449 1793 τελευτήσει,
3502 1721 3597 1775 καὶ
3653 1719 3885 1774 ὕπεισιν

2273 1811 2423 1881 αὑτῷ
2445 1814 2612 1867 τέκνα
2640 1811 2674 1882 ἦ
2703 1811 2924 1881 ῑγγονα,
2956 1808 3131 1865 ταῦτα
3155 1809 3696 1881 κληρονομείτωσαν.

2345 1904 2414 1975 β’.
2442 1902 2506 1957 Εί
2571 1903 2629 1957 δὲ
2685 1902 2906 1973 ὑπάρχῃ
2958 1901 3039 1971 τῷ
3092 1899 3480 1970 τελευτήσαντι
3547 1898 3731 1970 πατὴρ
3780 1898 3886 1951 καὶ

2281 1995 2491 2066 μήτηρ,
2524 1993 2751 2058 πάππος
2779 1993 2875 2048 καὶ
2928 1993 3155 2064 μάμμη,
3185 1992 3220 2065 ἦ
3276 1991 3370 2047 καὶ
3409 1991 3699 2045 ἐπέκεινα·
3726 1985 3884 2045 οὗτοι

2267 2088 2631 2159 κληρονομεῖν
2666 2085 2778 2140 τῶν
2817 2085 3027 2141 τέκνων
3092 2084 3189 2139 καὶ
3221 2083 3463 2155 ἐγγόνων
3505 2085 3755 2138 ὑπόντων
3810 2084 3883 2137 οὐ

2267 2180 2549 2237 δύνανται.

2343 2269 2418 2342 γ’.
2452 2271 2516 2325 Ei
2541 2271 2599 2324 δὲ
2627 2271 2726 2326 καὶ
2751 2270 2853 2325 οὐκ
2881 2269 2990 2325 είσὶ
3021 2269 3211 2334 τέκνα,
3264 2267 3377 2322 εἴτε
3423 2266 3646 2337 ἔγγονα,
3674 2266 3793 2320 εστι
3816 2267 3884 2321 δι

2274 2363 2461 2434 πατὴρ
2493 2360 2589 2417 καὶ
2624 2361 2838 2433 μήτηρ,
2890 2360 2988 2415 καὶ
3020 2358 3246 2422 πάππος
3272 2358 3367 2412 καὶ
3390 2357 3613 2428 μάμμη,
3635 2357 3688 2410 oi
3711 2356 3887 2426 ἐγγύ-

2274 2471 2335 2509 τε
2343 2470 2426 2526 ροι
2459 2450 2997 2523 κληρονομείτωσαν.

2349 2547 2416 2601 δ’.
2468 2546 2596 2600 Ἐάν
2630 2544 2747 2609 υίὸς
2790 2543 2888 2597 καὶ
2930 2542 3180 2614 θυγάτηρ
3240 2541 3350 2596 τῶν
3401 2540 3608 2610 γονέων
3653 2540 3884 2606 ζώντων

582 2636 790 2708 absque
811 2639 996 2698 liberis
1025 2652 1084 2699 et
1116 2645 1385 2710 intestati,
1418 2645 1617 2702 fratres
1645 2655 1700 2703 et
1731 2661 1952 2703 sorores
1975 2662 2044 2703 ex
2075 2662 2170 2704 eo-

2290 2637 2677 2709 ιελευτήσωσιν
2726 2633 2946 2689 ἄτεκνοι
2983 2634 3079 2688 καὶ
3116 2631 3412 2697 ἀδιάθετοι,
3465 2633 3559 2686 καὶ
3610 2631 3883 2701 ἀδελφοὺς

581 2730 707 2787 dem
734 2742 890 2801 patre
931 2749 998 2790 ac
1031 2745 1205 2792 matre
1230 2736 1518 2805 habentes,
1543 2739 1835 2798 haereditas
1863 2756 2052 2798 eorum
2082 2756 2174 2813 pa-

582 2823 831 2881 rentibus
867 2826 1131 2892 defertur,
1166 2843 1270 2885 nec
1309 2830 1583 2888 licentiam
1622 2832 1821 2890 fratres
1860 2842 1917 2891 et
1952 2847 2171 2892 sorores

582 2911 787 2969 habent
811 2917 865 2969 in
894 2917 999 2971 hoc
1023 2917 1460 2975 contradicendi.

657 3088 712 3145 Β.
738 3087 796 3145 Si
828 3105 959 3147 vero
985 3093 1113 3148 nulli
1142 3102 1400 3164 parentes
1455 3105 1693 3165 exstant,
1739 3112 1842 3154 avo
1886 3107 2065 3155 tamen
2115 3109 2174 3157 et

2274 2731 2376 2787 atat
2409 2729 2647 2799 ἀδελφάς
2681 2726 3058 2798 ὁμοπατρίους
3095 2726 3191 2780 καὶ
3219 2724 3593 2796 ὁμομητρίους
3630 2723 3877 2794 ἔχοντες·

2274 2822 2375 2895 τὴν
2431 2818 2661 2881 τούτων,
2718 2813 3091 2886 κληρονομίαν
3149 2812 3244 2868 ἐπὶ
3299 2814 3426 2877 τοὺς
3473 2814 3652 2880 γονεῖς
3700 2814 3882 2866 ἐπαν-

2277 2909 2512 2981 άγεσθαι
2536 2948 2552 2975 ,
2583 2910 2679 2962 καὶ
2711 2905 2788 2978 μή
2813 2905 2958 2975 ἔχειν
2998 2903 3182 2959 ἄδειαν
3207 2902 3278 2957 τὰ
3305 2901 3534 2972 ἀδέλφια
3557 2902 3653 2956 ἐπὶ
3677 2902 3878 2957 τούτου

2282 3003 2584 3149 “xiiii
2620 3093 2800 3161 γονεῖς
2846 3089 2947 3159 οὑχ
3001 3085 3245 3153 ὕπεισιν,
3271 3086 3389 3141 ἐστι
3417 3087 3474 3142 δὲ
3503 3087 3730 3151 πάππος
3775 3088 3881 3142 καὶ

582 3182 707 3237 avia
736 3184 1150 3253 superstitibus,
1192 3184 1228 3241 ii
1275 3201 1401 3242 cum
1453 3186 1717 3244 fratribus
1749 3191 2165 3261 consanguineis

2290 3188 2501 3259 ιάμμη,
2533 3185 2653 3256 ἀμα
2702 3185 2816 3247 τοῖς
2848 3180 3206 3253 ὁμοπατρίοις
3240 3179 3493 3247 ἀδελφοῖς
3519 3179 3880 3251 κληρονομεί-

585 3287 692 3327 una
724 3275 1044 3332 succedant.

653 3365 710 3422 6.
756 3367 850 3423 Sin
886 3383 986 3424 nec
1036 3385 1193 3438 avus,
1238 3385 1344 3429 nec
1375 3373 1522 3442 avia,
1564 3389 1667 3431 nec
1698 3375 1893 3432 eodem
1924 3386 2080 3447 patre
2107 3390 2173 3433 ac

581 3469 759 3515 matre
801 3461 911 3515 uati
962 3460 1163 3519 fratres
1208 3474 1426 3520 exstant
1484 3464 1761 3534 defuncto,
1802 3474 1933 3525 tunc
1958 3484 2026 3524 ex
2063 3483 2173 3524 uno

583 3551 867 3606 dumtaxat
917 3562 1143 3622 parente
1195 3553 1393 3612 fratres
1441 3557 1496 3612 in
1554 3557 1926 3615 haereditatem
1980 3573 2176 3615 succe-

582 3640 696 3695 dat.

652 3730 709 3786 7.
744 3732 804 3788 Si
838 3748 990 3800 vero,
1024 3735 1168 3791 sicut
1193 3736 1397 3793 dictum
1429 3749 1535 3806 est,
1572 3754 1680 3795 non
1702 3750 1925 3798 exstent
1951 3741 2171 3812 fratres,

581 3831 639 3876 at
664 3823 950 3894 propinqui
976 3826 1108 3892 sint,
1141 3828 1427 3897 propiores
1477 3831 1839 3888 succedunto.

653 3914 710 3970 8.
750 3915 905 3982 Quod
942 3917 987 3973 si
1021 3917 1153 3973 nulli
1190 3920 1360 3975 etiam
1414 3922 1709 3991 propinqui
1748 3934 1897 3990 sunt,
1929 3934 1986 3979 at
2036 3940 2173 3982 uxor

583 4003 823 4059 defuncti
848 4015 1129 4075 superest:
1170 4007 1224 4062 in
1258 4008 1543 4064 semissem
1579 4011 1747 4064 totius
1781 4011 1876 4065 illa
1903 4013 2169 4082 patrimo-

582 4095 659 4149 nii
689 4096 967 4164 succedat,
1001 4097 1173 4154 altero
1210 4099 1439 4155 semisse
1480 4099 1612 4157 fisco
1638 4101 1944 4159 inferendo.

653 4273 710 4329 9.
738 4270 796 4327 Si
824 4272 1063 4329 defuncti
1108 4291 1175 4332 ne
1205 4291 1345 4333 uxor
1369 4278 1589 4348 quidem
1620 4287 1820 4346 exstat,
1883 4288 2011 4337 tunc
2049 4282 2174 4339 uni-

2278 3295 2516 3435 ngvéi
2543 3367 2603 3423 δὲ
2631 3364 2758 3421 οὑτε
2788 3363 3034 3429 πάππος,
3065 3363 3190 3417 οὔτε
3236 3360 3462 3433 μάμμη,
3497 3361 3620 3416 οὔτε
3661 3359 3883 3429 ὁμοπάρ

2284 3479 2452 3532 τριοι,
2489 3460 2615 3515 οὔτε
2643 3458 2974 3529 ὁμομήτριοι
3028 3453 3250 3527 ἀδελφοὶ
3273 3454 3455 3508 ὕπεισι
3493 3454 3574 3525 τῷ
3618 3452 3881 3523 τελευτή-

2274 3568 2451 3609 σαντι·
2478 3553 2607 3607 τότε
2626 3552 2680 3606 οί
2714 3549 2776 3616 ιξ
2804 3548 2923 3614 ἑνὸς
2957 3549 3160 3618 γονέως
3192 3546 3498 3619 ἀδελφοὶτῇ
3536 3546 3880 3617 κληρονομίᾳ

2272 3642 2813 3714 ὑπεισερχέσθωσαν.

2345 3733 2410 3801 ζ’.
2437 3735 2503 3790 Et
2532 3735 2610 3801 δὲ,
2651 3734 2797 3789 καθά
2824 3734 3061 3804 εἴρηται,
3090 3732 3191 3803 οὑκ
3215 3731 3437 3787 ὕπεισιν
3475 3730 3719 3799 ἀδελφοὶ,
3761 3725 3881 3783 εἷεν

2265 3825 2322 3880 δὲ
2360 3828 2663 3896 συγγενεῖς,
2690 3827 2740 3880 oi
2774 3824 3067 3896 έγγύτεροι
3099 3822 3638 3896 κληρονομείτωσαν.

2345 3918 2417 3990 η’.
2450 3917 2583 3973 Εῖδέ
2603 3917 2733 3972 οὔτε
2768 3918 3056 3987 συγγενεῖς
3087 3918 3248 3979 εῖσιν,
3282 3916 3397 3969 ἐστι
3421 3914 3478 3968 δὲ
3497 3913 3635 3983 γυνὴ
3656 3911 3755 3966 τοῦ
3789 3931 3882 3967 τε·

2284 4010 2672 4083 λευτήσαντος,
2709 4009 2771 4059 τὸ
2814 4011 2913 4081 μὲν
2943 4011 3113 4081 ἣμισυ
3144 4008 3310 4080 μέρος
3331 4006 3547 4075 ἀπάσης
3577 4004 3745 4059 αὑτοῦ
3772 4007 3883 4076 τῆς

2272 4099 2596 4172 περιουσίας
2656 4099 2841 4171 ἐκείνη
2931 4099 3379 4171 κληρονομείτω·
3427 4096 3488 4151 τὸ
3558 4096 3617 4149 δὲ
3679 4094 3883 4167 ἕτερον

2271 4193 2448 4264 ἥμισυ
2485 4193 2654 4263 μέρος
2693 4191 2771 4261 τῷ
2796 4190 3043 4263 δημοσίῳ
3074 4189 3499 4261 είσκομιζέσθω.

2348 4280 2415 4337 θ’.
2456 4283 2521 4337 Ei
2548 4283 2607 4337 δὲ
2660 4281 2784 4337 οὔτε
2812 4282 2953 4353 γυνὴ
2989 4282 3068 4353 τῷ
3087 4281 3474 4352 τελευτήσαντι
3508 4278 3725 4346 ὕπεστι,
3746 4278 3882 4334 τότε

522 4341 545 4387 '-
581 4377 799 4420 versum
819 4363 938 4432 ejus
970 4368 1377 4436 patrimonium,
1408 4371 1571 4424 veluti
1609 4373 1767 4442 cujus
1795 4372 1977 4430 nullus
1994 4380 2170 4429 exstat

2290 4375 2376 4446 τὴν
2415 4376 2637 4430 ἅπασαν
2666 4375 2864 4429 τούτου
2899 4374 3241 4448 περιουσίαν,
3286 4374 3363 4439 ὡς
3395 4372 3878 4445 άκληρονόμητον,

583 4456 780 4523 haeres,
817 4460 950 4515 ﬁsco
972 4462 1094 4529 (ceu
1128 4461 1390 4533 diximus)
1422 4463 1677 4519 infertur.

2276 4466 2354 4539 τῷ
2393 4466 2663 4539 δημοσίῳ,
2689 4465 2766 4531 ὡς
2787 4465 3029 4538 εἴρηται,
3066 4466 3507 4538 εἰσκομίζεσθαι.

655 4551 744 4606 11).
774 4550 831 4606 Si
861 4552 984 4623 quis
1011 4554 1252 4609 moriens
1290 4554 1465 4625 legata
1513 4558 1806 4616 destinarit
1853 4559 1920 4613 ad
1964 4566 2170 4613 certam

2356 4555 2407 4612 ι’.
2449 4557 2575 4613 Ἐάν
2603 4575 2687 4621 τις
2717 4558 2989 4613 τελευτῶν
3018 4559 3179 4633 ὁρίσῃ
3209 4559 3416 4628 λεγάτα
3449 4559 3531 4625 εἴς
3548 4577 3672 4615 τινα
3699 4560 3880 4631 ῥητὴν

580 4642 875 4713 quamdam
897 4657 1214 4713 expensam,
1231 4646 1486 4715 praestari
1514 4647 1747 4703 debent:
1772 4663 1873 4703 nec
1899 4648 2079 4703 haeres
2098 4647 2166 4702 li-

581 4733 817 4789 centiam
849 4733 1038 4799 habet,
1070 4737 1319 4792 relictum
1359 4737 1467 4792 hoc
1484 4737 1723 4808 legatum
1760 4740 1814 4794 iu
1844 4739 2005 4795 aliam
2032 4753 2167 4794 cau-

581 4841 699 4883 sam
738 4828 1101 4897 expendendi,
1138 4829 1233 4885 sed
1275 4830 1363 4885 cui
1397 4828 1645 4886 relictum
1678 4839 1783 4898 est,
1820 4831 2093 4887 restituat.

655 5008 742 5063 lt.
772 5004 831 5064 Si
866 5007 1043 5065 haeres
1080 5008 1256 5066 relicti
1310 5010 1415 5066 sibi
1444 5011 1761 5081 patrimonii
1793 5013 2046 5069 notitiam
2076 5012 2169 5067 ba-

577 5099 692 5167 bet,
726 5115 793 5158 ac
819 5100 1000 5157 debita
1035 5102 1189 5158 novit
1224 5103 1578 5173 praecedere:
1619 5118 1804 5161 coram
1844 5104 1951 5161 fide
1988 5105 2169 5176 dignis

577 5191 813 5249 testibus
839 5193 1222 5264 patrimonium
1247 5195 1423 5265 ipsum
1451 5195 1746 5263 describat,
1772 5205 1829 5253 et
1855 5197 2047 5268 quanti
2070 5198 2166 5264 sit,

580 5282 981 5340 manifestator.
1032 5285 1109 5340 Ac
1138 5284 1376 5355 primum
1410 5287 1630 5357 quidem
1675 5288 2045 5345 creditoribus
2074 5303 2165 5344 sa-

580 5378 769 5443 tisliat,
790 5388 956 5449 atque
985 5378 1351 5450 itmdeinceps
1393 5381 1470 5448 id,
1499 5383 1644 5465 quod
1675 5391 1950 5452 superest,
1989 5383 2166 5441 haeres

582 5468 686 5523 sibi
715 5469 969 5526 retineat.

656 5647 745 5703 l2.
779 5647 836 5704 Si
890 5664 1020 5707 vero
1066 5652 1465 5708 contumaciter
1486 5666 1541 5709 et
1589 5663 1792 5712 temere
1845 5658 2163 5721 succedens.

581 5738 723 5793 idem
751 5739 1136 5806 patrimonium
1159 5745 1419 5814 attigerit.
1459 5755 1514 5801 ct
1534 5747 1859 5815 constiterit,
1883 5765 2005 5805 cum
2040 5767 2165 5822 par-

586 5829 885 5890 ticulariter
916 5833 1093 5892 debita
1135 5838 1380 5907 quaedam
1435 5839 1703 5898 solvisse:
1747 5842 2013 5916 obligatus
2044 5857 2162 5903 esto

2273 4648 2474 4717 ἔξοδον,
2497 4648 2670 4704 ταῦτα
2694 4649 3024 4707 διδόσθωσαν
3069 4667 3083 4681 ⁶
3118 4643 3213 4705 καὶ
3253 4652 3329 4723 μὴ
3368 4654 3515 4723 ἔχειν
3560 4652 3750 4707 ἄδειαν
3780 4652 3881 4707 τὸν

2274 4743 2613 4814 κληρονόμον
2667 4745 2749 4810 είς
2785 4744 2984 4817 ἑτέραν
3025 4745 3303 4817 πρόφασιν
3350 4745 3412 4799 τὸ
3457 4746 3614 4799 ὲαθὲν
3640 4746 3881 4814 λεγάτον

2273 4834 2598 4903 ὲξοδιάζειν,
2653 4837 2793 4891 ἀλλά
2843 4835 3004 4890 τοῦτο
3051 4836 3430 4908 ἁποκαθιστᾷν
3486 4837 3565 4909 τῷ
3612 4837 3883 4907 λεγατευο

2275 4925 2442 4984 θέντι.

2354 5019 2443 5076 ια’.
2469 5019 2597 5076 Ἐὰν
2626 5023 2656 5076 ὁ
2681 5022 3021 5094 κληρονόμος
3067 5023 3277 5093 εἴδησιν
3310 5024 3409 5095 τῆς
3450 5023 3881 5093 ἐγκαταλιμπα-

2275 5114 2508 5185 νομένης
2536 5114 2687 5185 αὐτῷ
2720 5114 3074 5178 ὑποστάσεως
3104 5114 3241 5186 ἔχει,
3272 5116 3366 5169 καὶ
3394 5109 3540 5169 οἶδεν
3565 5116 3704 5186 χρέη
3737 5133 3883 5186 προ-

2274 5203 2568 5277 ηγεῖσθαι⁶
2602 5205 2696 5258 ἐπὶ
2742 5203 3073 5270 ἀξιοπίστων
3112 5203 3411 5277 μαρτύρων
3464 5204 3564 5274 τὴν
3611 5204 3882 5275 τοιαύτην

2276 5293 2645 5364 ἀναγραφέτω
2684 5293 3006 5359 ὑπόστασιν,
3042 5291 3140 5347 καὶ
3201 5292 3557 5365 φανερούσθω
3595 5292 3806 5363 ταύτης
3843 5295 3881 5365 η

2274 5383 2527 5456 δύναμις.
2557 5384 2671 5437 Kal.
2720 5383 2938 5456 πρῶτον
2990 5384 3092 5455 μὲν
3137 5384 3571 5457 πληρούσθωσαν
3600 5386 3650 5440 oi
3691 5402 3878 5457 χρεω-

2278 5477 2544 5548 φειλέται,
2577 5477 2672 5531 καὶ
2710 5472 2811 5531 εἷθ’
2838 5475 3012 5542 οὕτως
3049 5476 3111 5531 τὸ
3135 5478 3451 5549 περιττεῦον
3479 5480 3654 5549 ἐχέτω
3677 5482 3706 5533 ὁ
3729 5478 3873 5548 κλη-

2281 5571 2529 5641 ρονόμος.

2361 5659 2447 5731 ιβ’.
2485 5660 2546 5712 Εἰ
2583 5658 2640 5712 δὲ
2671 5658 2921 5725 αὐθαδῶς
2956 5660 3048 5714 καὶ
3076 5660 3151 5724 ὡς
3184 5659 3373 5732 ἔτυχεν
3404 5658 3876 5730 ὑπεισερχόμενος

2279 5751 2381 5822 τῆς
2403 5750 2574 5820 αὐτῆς
2597 5749 2879 5822 ὑφάψηται
2911 5751 3281 5818 ὑποστάσεως,
3319 5751 3413 5805 καὶ
3454 5754 3597 5848 φανῇ
3624 5751 3877 5823 μερικῶς

2279 5844 2399 5900 τινὰ
2462 5844 2568 5899 τῶν
2621 5844 2797 5917 χρεῶν
2823 5843 3085 5910 ἀποδούς’
3127 5843 3432 5899 ὑποκείσθω
3477 5843 3722 5915 πληροῦν
3778 5843 3878 5898 καὶ
