4050 6438
146 271 260 334 513

1319 277 1323 280 ’
1435 269 1826 330 DELECTUS
1865 266 2150 327 LEGUM.

3313 258 3425 322 514

131 389 273 447 τοὺς
335 383 581 448 λοιποὺς,
626 383 704 446 ὡς
771 383 857 437 διὰ
913 381 1225 453 προσφέρου
1271 383 1592 452 ἀναγραφῆς
1646 383 1736 452 τῆς

1849 377 2074 447 reliquis
2095 375 2256 429 etiam
2274 373 2614 439 satisfacere,
2640 371 2802 427 veluti
2825 371 2918 441 qui
2942 384 3036 438 per
3059 369 3422 427 inventarium

128 478 404 546 τοιαύτης
449 474 807 538 ὑποστάσεως
849 473 924 545 μὴ
957 471 1232 544 γνωρίσας
1263 473 1589 542 κατάληψιν.

213 659 312 721 ιγ’.
344 652 406 706 Ei
435 650 492 703 δὲ
523 649 772 719 ἐσχάτως
792 648 1076 718 ἀναφυῶσι
1119 649 1188 702 τὰ
1208 649 1362 720 χρέη,
1399 649 1493 701 τοῦ
1536 650 1737 720 κληρο-

133 747 316 815 νόμου
349 742 450 812 τὴν
479 741 611 809 περὶ
642 741 832 793 τούτου
858 739 1080 806 ἄγνοιαν
1101 739 1441 808 κεκτημένου
1467 738 1556 792 διά
1590 757 1728 810 μαρ-

134 834 347 905 τύρων,
368 832 404 900 ἢ
427 831 524 883 καὶ
549 829 640 882 διά
673 829 837 899 ὅρκου
865 843 880 856 “
907 829 966 880 τὸ
986 828 1210 900 εὑρεθὲν
1233 828 1329 898 τῆς
1361 829 1732 892 ὑποστάσεως,

141 927 239 980 καὶ
284 921 577 994 περιελθὸν
620 923 700 983 εἰς
733 921 915 986 αὐτὸν,
959 921 1230 990 παριστᾷν
1258 920 1438 986 αὑτὸν,
1471 921 1567 973 καὶ
1600 919 1738 991 πρὸς

147 1011 298 1081 αὐτῷ
323 1008 692 1063 άποκοπτέτω
726 1008 794 1060 τά
833 1007 941 1060 τῶν
971 1007 1384 1077 χρεωφειλετῶν
1415 1007 1604 1074 αὐτοῦ,
1641 1010 1736 1061 καὶ

152 1105 312 1176 μηδὲν
349 1100 666 1172 περαιτέρω
697 1097 889 1152 τοῦτον
919 1099 1292 1152 ἀπαιτεῖσθαι.

215 1192 299 1248 ιδ’.
330 1193 395 1246 Ei
421 1191 760 1259 κληρονόμος
794 1189 824 1257 ἢ
859 1189 1184 1258 λεγατάριος
1237 1188 1551 1259 οἱοσδήποτε
1593 1189 1736 1257 φανῇ

149 1282 478 1355 ἀποκρύψας
512 1283 613 1352 τὴν
662 1280 1122 1348 καταλειφθεῖσαν
1151 1279 1298 1351 αὐτῷ
1321 1281 1606 1351 διαθήκην,
1645 1282 1739 1333 καὶ

147 1379 205 1432 ιν
228 1375 445 1444 ὑστέρῳ
470 1372 619 1443 αὕτη
653 1372 784 1442 παρ’
805 1371 954 1442 αὐτῷ
983 1371 1202 1442 εὑρεθῇ,
1242 1373 1554 1426 ὲκπιπτέτω
1575 1372 1604 1423 ό
1636 1377 1736 1442 μὲν

150 1466 512 1536 κληρονόμος,
542 1463 643 1530 τῆς
669 1459 1038 1530 κληρονομίας
1064 1476 1078 1488 ·
1109 1461 1136 1512 ὀ
1172 1459 1229 1511 δὲ
1259 1457 1606 1528 λεγατάριος,
1637 1457 1734 1510 τοῦ

150 1560 407 1628 λεγάτου.
1482 1550 1491 1557 ’

224 1647 314 1701 ιε’.
347 1646 418 1700 El
445 1645 500 1698 δέ
523 1661 602 1708 τις
631 1641 902 1696 τελευτῶν
927 1641 1005 1712 τῷ
1021 1640 1206 1710 οἰκείῳ
1231 1640 1551 1712 κληρονόμῳ
1563 1639 1740 1707 ἀγρά-

1838 477 2156 536 competens
2180 481 2266 520 res
2287 466 2617 535 patrimonio
2641 465 3064 532 comprehensas
3089 477 3420 532 cognoscere

1843 578 1948 616 non
1992 561 2282 615 studuerit.

1909 652 1998 707 15.
2024 652 2178 719 Quod
2198 651 2242 705 si
2271 650 2520 704 debitain
2555 649 2824 703 inﬁnitum
2851 647 3194 712 emerserint,
3217 647 3429 703 luerede

1840 759 1937 814 per
1974 753 2162 808 testes,
2189 741 2468 795 autetiam
2508 738 3031 808 perjusjurandum,
3066 736 3429 808 ignorantiam

1840 836 2141 906 probante:
2181 831 2440 900 quidquid
2477 831 2527 882 in
2560 829 2890 898 patrimonio
2927 838 3200 896 repertum
3225 835 3331 891 est,
3373 835 3431 880 et

1840 928 1906 980 ad
1934 941 2058 980 eum
2109 924 2374 993 pervenit,
2407 920 2664 974 exhibeat
2692 937 2706 973 :
2736 929 2791 974 et
2841 919 3136 974 secundum
3169 917 3218 972 id
3271 918 3430 972 debi-

1838 1025 1888 1068 ta
1931 1014 2260 1068 creditorum
2291 1010 2523 1076 decidat,
2550 1023 2653 1064 nec
2685 1009 2978 1079 quidquam
3010 1009 3236 1062 ulterius
3263 1007 3332 1062 ab
3353 1020 3422 1062 eo

1839 1111 2114 1178 exigatur.

1911 1198 1998 1252 M.
2024 1195 2080 1250 Si
2118 1197 2197 1250 vel
2226 1195 2519 1255 liaeredem,
2551 1193 2632 1248 vel
2665 1208 3044 1263 quemcunque
3097 1192 3420 1263 lcgatarium

1847 1289 2090 1360 paruerit
2142 1287 2418 1342 occultare
2459 1285 2709 1340 relictum
2773 1285 2875 1339 sibi
2931 1293 3343 1348 testamentum,
3373 1291 3431 1338 et

1839 1381 1906 1434 ad
1943 1378 2435 1455 extremumdllud
2487 1379 2628 1446 apud
2664 1377 2838 1446 ipsum
2897 1385 3168 1443 repertum
3226 1375 3428 1440 fuerit,

1841 1474 2013 1527 haeres
2045 1470 2396 1526 successione
2415 1471 2595 1534 cadat,
2631 1468 2930 1540 legatarius
2954 1467 3156 1536 legato.

1917 1643 2004 1698 l5.
2032 1642 2089 1696 Si
2130 1655 2260 1696 vero
2293 1641 2532 1694 moriens
2577 1639 2856 1708 quispiam
2901 1639 3101 1693 liacredi
3152 1654 3250 1694 suo
3289 1641 3428 1695 citra

155 1757 278 1809 φως
309 1740 408 1792 καὶ
440 1737 598 1807 χωρὶς
639 1733 936 1805 μαρτύρων
979 1733 1248 1804 τηνίδεαν
1281 1730 1585 1804 καταλείψῃ
1610 1731 1736 1784 ὑπό-ι

1847 1733 2178 1802 scripturam
2213 1743 2266 1785 et
2294 1734 2498 1801 absque
2533 1731 2785 1796 testibus,
2827 1732 2967 1786 bona
2999 1747 3093 1786 sua
3127 1733 3430 1802 reliquerit,

165 1847 374 1891 στασιν,
407 1829 498 1882 καὶ
527 1827 623 1894 τὴν
647 1825 854 1893 ταύτης
879 1824 1070 1893 ἐντελῆ
1085 1822 1378 1892 διοίκησιν,
1404 1821 1501 1874 καὶ
1521 1822 1737 1892 ἀναφυῇ

155 1941 241 1986 τις
256 1921 530 1990 ἐγκαλῶν,
557 1920 786 1987 λεγάτον
809 1915 958 1986 αὑτῴ
989 1915 1218 1985 ὲαθῆναι
1246 1913 1398 1983 παρὰ
1428 1911 1522 1965 τοῦ
1552 1911 1741 1965 τελευο

144 2015 435 2084 τήσαντος,
457 2009 810 2081 παραστῆσαι
832 2007 889 2060 δὲ
911 2007 1000 2060 διὰ
1025 2004 1318 2076 μαρτύρων
1344 2005 1378 2074 ἢ
1409 2004 1506 2058 καὶ
1537 2005 1741 2075 ἑτέρως

149 2120 287 2169 πως,
318 2101 589 2172 ἀληθείας
642 2102 713 2151 τὰ
747 2097 878 2168 παρ’
904 2096 1068 2150 αὑτοῦ
1108 2095 1374 2165 λεγόμενα
1414 2094 1651 2164 ἔχεσθαι,
1677 2095 1738 2147 οὐ

146 2193 367 2247 δύναται
404 2205 420 2218 ⁶
455 2188 685 2244 διδόσθω
705 2188 782 2259 τῷ
816 2187 959 2258 λόγῳ
993 2187 1086 2240 τοῦ
1112 2187 1472 2257 κληρονόμου.

213 2282 310 2349 ις’.
361 2282 726 2336 Ἐκπίπτουσι
755 2281 814 2333 δὲ
849 2281 947 2350 τῆς
989 2278 1222 2350 νομίμου
1273 2277 1636 2348 κληρονομίας
1669 2276 1738 2331 δι’

144 2375 478 2449 ἀχαριστίαν
502 2415 519 2440 ,
573 2375 626 2428 οἱ
654 2373 752 2443 μὲν
809 2371 997 2435 παῖδες
1029 2412 1042 2436 ,
1078 2373 1126 2424 εἰ
1158 2371 1283 2433 τοὺς
1311 2370 1473 2434 ἰδίους
1527 2369 1740 2438 τύψωσι

147 2471 337 2536 γονεῖς,
373 2469 426 2520 εί
468 2466 686 2535 βαρέως
732 2464 932 2527 αὐτοὺς
961 2462 1282 2533 ὑϐρίσωσιν,
1323 2462 1356 2533 ἢ
1414 2463 1739 2533 ἐγκλήματα

147 2559 612 2629 κατηγορήσωσιν
639 2554 919 2625 αὑτοὺς,ῆ
965 2554 1062 2607 καὶ⁸
1113 2556 1634 2624 συκοφαντὴσωσιν·
1689 2555 1739 2606 εί

147 2651 462 2722 φαρμάκοις
491 2648 571 2711 ὡς
612 2649 902 2718 φαρμακός
951 2663 1035 2709 τις
1071 2644 1254 2698 αὐτῶν
1284 2646 1732 2720 συναναστρέφειο

145 2744 190 2794 εί
217 2739 696 2796 ἐπιϐουλεύσωσιν
753 2739 851 2808 οἴῳ
889 2736 1234 2810 [οίῳδὴποτε]
1287 2736 1474 2808 τρόπῳ
1504 2739 1569 2808 τῇ
1621 2737 1735 2809 ζωῇ

147 2833 317 2887 αὐτῶν
339 2849 355 2863 ·
386 2834 438 2885 εξ
471 2832 542 2902 τῇ
587 2831 829 2900 μητρυιᾷ
851 2828 885 2898 ἢ
915 2827 1165 2900 παλλακῇ
1193 2827 1288 2882 τοῦ
1317 2829 1525 2899 πατρὸς
1554 2828 1736 2883 αὐτῶν

151 2924 473 2996 σωματικῶς
504 2939 595 2984 τις
626 2922 806 2974 αὐτῶν
845 2922 981 2992 μιγῇ
1003 2936 1018 2950 ·
1045 2921 1094 2973 εί
1130 2919 1256 2984 τοὺς
1291 2922 1469 2989 γονεῖς
1502 2919 1734 2990 φυλακι-

154 3018 399 3087 ζομένους
441 3018 496 3070 oi
537 3015 773 3086 ἄρρενες
808 3013 992 3076 παῖδες
1035 3011 1444 3084 προτραπέντες
1486 3011 1562 3084 μὴ
1589 3013 1734 3066 ἀντι·

157 3110 488 3180 φωνήσουσιν
507 3121 524 3134 ·
554 3109 607 3160 εἰ
649 3108 682 3177 ἠ
712 3104 960 3174 θυγάτηρ
989 3103 1066 3177 μὴ
1105 3104 1306 3158 ἑλεῖται
1339 3103 1588 3175 νομίμως
1613 3105 1735 3169 ζευ-

152 3200 329 3272 χθῆναι
347 3199 709 3270 βουλομένων
724 3195 833 3251 τῶν
859 3196 1090 3264 γονέων,
1111 3195 1226 3250 ἀλλ’
1242 3195 1484 3267 αἰσχρῶς
1503 3195 1732 3265 διάγεινο

159 3298 201 3346 εξ
247 3295 608 3366 μαινομένων
654 3293 764 3346 τῶν
807 3292 1012 3361 γονέων
1048 3291 1125 3364 μὴ
1174 3289 1404 3347 ἕλωνται
1448 3293 1498 3343 oi
1540 3291 1730 3356 παῖδες

146 3385 524 3442 άντιλαὸέσθαι
555 3383 768 3440 αὐτῶν.

747 3520 999 3576 ΤιΤΛΟΣ
1052 3519 1151 3574 ιον.

647 3632 792 3702 Περὶ
837 3632 1240 3701 κουρατόρων.

205 3750 280 3806 α’.
306 3751 377 3802 El.
398 3749 468 3802 ἔκ
488 3765 654 3802 τινων
691 3747 921 3818 ὀρφανοὶ
942 3747 1371 3818 καταλειφθῶσι,
1401 3748 1495 3801 καὶ
1528 3746 1736 3817 νήπιοι,

1847 1839 1973 1879 cum
2009 1838 2196 1877 eorum
2230 1821 2706 1876 administratione
2737 1822 2928 1891 plena:
2953 1832 3006 1878 et
3031 1824 3228 1893 aliquis
3255 1840 3436 1879 emcr—

1847 1915 2004 1980 serit,
2033 1915 2122 1984 qui
2149 1925 2412 1984 queratur
2444 1930 2471 1968 a
2500 1913 2756 1968 defuncto
2792 1913 3025 1983 legatum
3055 1916 3155 1970 sibi
3183 1915 3432 1970 relictum

1845 2021 1988 2069 esse,
2019 2022 2206 2060 verum
2240 2020 2334 2076 per
2387 2015 2578 2070 testes,
2609 2015 2705 2059 aut
2752 2005 2858 2059 alio
2875 2020 2982 2075 quo
3013 2009 3170 2062 modo
3205 2010 3435 2077 probare

1849 2107 2082 2169 nequeat
2115 2112 2234 2152 esse
2267 2111 2394 2152 vera
2449 2112 2568 2166 qua:
2596 2097 2815 2161 dixerit,
2847 2096 3077 2154 haeredis
3119 2100 3433 2157 discretioni

1853 2189 2106 2242 traditor.

1917 2279 2003 2334 l6.
2055 2279 2331 2334 Amittunt
2357 2280 2725 2336 liazreditalcm
2761 2281 3057 2352 legitimam
3092 2295 3313 2352 propter
3348 2283 3434 2337 in-

1845 2373 2254 2445 gratitudinem,
2288 2371 2384 2426 ﬁlii
2415 2373 2655 2442 quidem,
2716 2374 2762 2428 si
2798 2384 3058 2442 parentes
3085 2389 3212 2430 suos
3239 2377 3434 2430 verbe-

1845 2463 2166 2533 γουσι-ειη,εεί
2199 2477 2393 2532 graves
2418 2465 2498 2519 eis
2531 2462 2754 2532 injurias
2779 2464 3032 2530 fecerint,
3062 2464 3107 2519 si
3131 2465 3434 2520 criminali-

1845 2565 1927 2610 ter
1948 2569 2042 2609 eos
2070 2556 2469 2622 accusaverim,
2503 2565 2596 2609 aut
2619 2555 2932 2610 calumniati
2956 2555 3153 2609 ruerint
3183 2571 3198 2609 :
3225 2555 3269 2610 si
3307 2557 3434 2625 quis

1842 2658 2030 2700 eorum
2062 2659 2187 2698 cum
2241 2644 2520 2710 veneficis,
2575 2648 2835 2714 tanquam
2862 2645 3158 2708 veneﬁcus,
3202 2657 3435 2698 conver-

1842 2744 2037 2791 satur:
2067 2735 2113 2790 si
2174 2736 2297 2789 vita:
2339 2735 2579 2803 ipsorum
2615 2749 2960 2805 quocumque
3013 2737 3174 2789 modo
3211 2734 3436 2788 insidias

1843 2829 2168 2892 struxerint,
2197 2828 2243 2882 si
2275 2829 2400 2898 quis
2428 2842 2616 2883 eorum
2650 2843 2774 2882 cum
2813 2841 3074 2894 noverca,
3119 2827 3200 2880 vel
3229 2842 3435 2881 concu-

1840 2919 1970 2976 bina
1995 2919 2188 2990 patris,
2215 2918 2510 2974 carnaliter
2531 2918 2726 2973 coierit
2753 2933 2773 2971 :
2791 2919 2833 2974 si
2858 2934 2957 2989 pro
2979 2935 3044 2988 pa
3055 2918 3319 2984 rentibus,
3342 2917 3437 2988 qui

1843 3012 2157 3067 carceribus
2179 3009 2515 3074 detinentur,
2551 3011 2726 3081 rogati
2753 3025 2820 3064 eo
2853 3012 3072 3066 nomine
3109 3012 3266 3065 lilicri
3294 3002 3437 3063 ‘ma-

1849 3102 2013 3167 sculi,
2037 3115 2144 3157 non
2172 3100 2601 3156 intervenerint:
2631 3101 2675 3156 si
2698 3100 2805 3154 lilia
2829 3101 3086 3170 legitimis
3111 3101 3319 3171 nuptiis
3343 3116 3436 3156 co-

1845 3193 2022 3263 pulari
2050 3193 2214 3259 nolit,
2247 3192 2569 3262 parentibus
2624 3193 2676 3247 id
2713 3191 3056 3258 volentibus;
3096 3193 3190 3247 sed
3221 3203 3433 3261 turpem

1844 3286 2012 3338 vitam
2041 3297 2203 3352 agere
2231 3282 2426 3338 malit:
2463 3282 2509 3337 si
2557 3282 2878 3350 parentibus
2919 3280 3106 3336 furore
3135 3282 3434 3353 correptis,

1845 3373 2000 3430 liberi
2026 3388 2216 3430 curam
2258 3387 2451 3429 eorum
2480 3373 2765 3442 suscipere
2796 3371 2993 3426 nolint.

2408 3500 2710 3560 TITULUS
2738 3500 2883 3556 XIX.

2413 3617 2487 3674 De
2508 3617 2864 3672 curatoribus.

1919 3756 1968 3810 l.
2002 3753 2059 3810 Si
2094 3752 2164 3808 ab
2191 3749 2464 3820 aliquibus
2511 3749 2689 3804 relicti
2748 3745 2937 3818 pupilli
2995 3744 3221 3811 fuerint,
3263 3753 3318 3801 et
3347 3747 3432 3800 in-

137 3841 465 3895 καὶῦπεστι
487 3840 695 3905 τούτοις
727 3842 1047 3904 ὑπόστασις,
1073 3841 1123 3893 εί
1160 3842 1260 3912 μὲν
1279 3842 1329 3894 oi
1352 3841 1531 3909 γονεῖς
1556 3839 1736 3894 αὐτῶν

1845 3847 2040 3912 tantes,
2083 3846 2173 3916 qui
2211 3841 2606 3915 patrimonium
2641 3840 2863 3909 aliquod
2910 3839 3133 3902 habent,
3161 3838 3429 3907 siquidem

141 3932 514 3996 τελευτῶντες
531 3935 827 4003 ἐγγράφως
854 3933 1172 4005 κουράτορα
1193 3932 1405 3996 τούτοις
1427 3933 1735 4006 παρέασαν,

1846 3949 2100 4012 parentes
2141 3952 2333 3993 eorum
2390 3935 2745 3998 decedentes,
2777 3933 2828 3988 in
2861 3931 3086 4002 scriptis
3118 3940 3429 3985 curatorem

139 4025 502 4094 φυλαττέσθω
544 4024 754 4079 τούτων
808 4027 842 4096 ὴ
893 4025 1182 4096 βούλησιςο
1215 4027 1264 4078 εἰ
1298 4025 1356 4078 δὲ
1393 4025 1488 4080 καὶ
1539 4025 1636 4097 μὴ,
1687 4025 1736 4078 οῑ

1845 4033 1979 4102 ipsis
2016 4030 2414 4100 relinquerent,
2447 4026 2696 4081 voluntas
2733 4024 2976 4094 ipsorum
3007 4031 3252 4078 servator
3287 4041 3300 4077 :
3345 4022 3431 4078 sin

144 4118 367 4184 εὐαγεῖς
399 4110 543 4169 οἶκοι
578 4116 680 4187 τὴν
707 4115 914 4171 τούτων
952 4115 1317 4186 κουρατορίαν
1348 4115 1644 4184 ἐχέτωσαν,
1679 4115 1736 4168 ὲν

1846 4134 2052 4189 autem,
2091 4119 2430 4178 venerabiles
2456 4119 2648 4173 domus
2675 4131 2863 4172 eorum
2892 4115 3226 4170 curatoriam
3257 4115 3434 4170 susci-

146 4209 250 4276 μὲν
280 4209 345 4276 τῇ
372 4207 736 4276 θεοφυλάκτῳ
760 4207 935 4278 ταύτῃ
964 4207 1140 4272 πόλει,
1170 4206 1736 4276 τὺρρφανοτροφεῖον,

1845 4214 2054 4283 piunto,
2075 4214 2127 4267 in
2152 4211 2418 4268 custodita
2439 4209 2658 4279 quidem
2685 4207 2942 4262 divinitus
2960 4210 3060 4262 bac
3076 4207 3230 4273 urbe,
3253 4206 3432 4280 iptnm

144 4297 240 4349 καὶ
282 4297 331 4348 οἱ
376 4295 564 4348 λοιποὶ
606 4295 825 4364 εὐαγεῖς
857 4290 1016 4362 οῐκοι,
1073 4296 1169 4349 καὶ
1201 4295 1261 4348 al.
1299 4295 1736 4364 γεγνωρισμέναι

1845 4304 2385 4374 orplianotrophium,
2409 4313 2462 4358 et
2486 4309 2694 4357 caetera:
2726 4301 2917 4354 domus
2945 4299 3234 4367 religiosae,
3258 4308 3312 4352 et
3337 4312 3432 4353 ec-

142 4385 436 4456 ἒκιλησίαι
463 4401 478 4414 ·
512 4386 572 4437 ἐν
599 4383 660 4438 δὲ
693 4386 816 4448 ταῖς
859 4384 1156 4457 ἐπαρχίαις
1188 4383 1259 4438 τά
1289 4385 1640 4448 ὲπισκοτιεῖα,
1671 4385 1736 4439 τά

1848 4396 2025 4452 clesirc
2049 4407 2191 4451 noue
2216 4414 2231 4449 :
2261 4396 2313 4450 in
2343 4393 2635 4466 provinciis
2659 4405 2809 4456 vero,
2841 4391 3138 4460 episcopia,
3164 4399 3432 4444 monaste-

148 4479 514 4548 μοναστήρια,
560 4481 659 4530 καὶ
699 4477 756 4530 αἱ
800 4476 1114 4546 ἐκκλησίαι,
1165 4475 1360 4546 μέχρις
1408 4474 1532 4528 ὅτου
1597 4477 1736 4548 πρὸς

1845 4486 1920 4539 ria
1949 4496 2005 4539 et
2055 4484 2322 4548 ecclesiae,
2378 4497 2662 4554 quousque
2721 4480 3040 4550 nuptiarum
3080 4481 3148 4535 ad
3214 4490 3431 4552 tempus

146 4569 322 4638 γάμου
369 4566 570 4638 καιρὸν
611 4567 989 4631 καταντῶντες
1023 4569 1073 4621 ol.
1117 4565 1450 4638 κληρονόμοι
1486 4567 1734 4638 ζευχθῶ-

147 4674 250 4716 σιν.

215 4746 285 4817 β’.
331 4749 400 4801 Εἰ
444 4746 503 4800 δὲ
537 4745 632 4800 καὶ
684 4747 821 4818 πρὸς
873 4748 1052 4817 γάμον
1082 4747 1262 4802 ἐλθεῖν
1309 4747 1359 4800 oi
1393 4746 1625 4802 τοιοῦτοι
1676 4749 1738 4802 οὐ

145 4839 456 4909 βούλονται,
515 4839 713 4910 μέχρις
753 4839 1103 4903 είκοσαετοῦς
1134 4841 1328 4910 χρόνου
1365 4822 1492 4901 toi);
1539 4840 1740 4904 αὐτοὺς

144 4934 362 5000 εὐαγεῖς
390 4932 599 4995 οἴκους,
629 4932 701 4985 τὰ
735 4931 1098 5003 μοναστήρια,
1151 4934 1247 4985 καὶ
1277 4931 1376 4996 τὰς
1418 4933 1739 5002 ἐκκλησίας,

142 5024 240 5085 τὰς
280 5020 544 5084 τοιαύτας
599 5021 927 5084 ὑποστάσεις
967 5021 1438 5092 παραφυλάττειν,
1493 5025 1588 5078 καὶ
1638 5020 1738 5076 εἷθ’

142 5112 314 5175 οὕτως
335 5110 645 5174 ἁνελλιπῶς
663 5109 869 5174 ταύτας
899 5114 1010 5175 τοῖς
1035 5113 1156 5183 εῑρη
1166 5114 1350 5183 μένοις
1374 5115 1739 5186 κληρονόμοις

144 5201 471 5256 ἀποδιδόναι.
507 5201 581 5253 Οὐ
612 5204 724 5269 γὰρ
748 5199 974 5268 ἀρεστὸν
1007 5200 1086 5271 τῷ
1119 5201 1240 5272 Θεῷ
1271 5203 1387 5256 ἐστι
1409 5245 1423 5268 ,
1451 5205 1512 5257 τὸ
1565 5203 1738 5257 καθά-

149 5309 249 5363 περ
270 5296 435 5364 μέχρι
459 5293 553 5346 τοῦ
583 5291 681 5346 νῦν
705 5293 1041 5364 κουράτορας
1066 5293 1289 5365 ἑτέρους
1317 5295 1739 5365 προϐάλλεσθαι,

152 5389 332 5458 nigro.
384 5389 495 5442 τῶν
520 5385 779 5458 ὀρφανῶν
809 5385 1138 5453 κατεσθίειν,
1174 5388 1462 5451 κάκείνους
1506 5404 1737 5457 προσαι-

151 5479 280 5531 τεῖν.
305 5480 367 5532 Οἱ
389 5479 499 5549 γάρ
523 5479 747 5544 εὐαγεῖς
760 5471 921 5541 οἶκοι,
945 5478 1039 5530 καὶ
1067 5479 1124 5530 αἱ
1141 5477 1234 5531 τοῦ
1263 5478 1400 5532 Θεοῦ
1429 5478 1739 5548 ἐκκλησίαι,

160 5567 205 5618 ot
231 5569 316 5622 καὶ
349 5571 458 5624 τῶν
513 5567 700 5623 ἄλλων
758 5567 1173 5640 προϊστάμενοι,
1229 5573 1324 5623 καὶ
1366 5571 1492 5634 τοὺς
1533 5569 1740 5638 ξένους,

159 5656 223 5723 ὡς
251 5663 424 5732 ἰδίους,
465 5660 619 5719 κατὰ
653 5658 759 5728 τὴν
792 5658 1011 5730 ἐντολὴν
1039 5659 1134 5714 τοῦ
1173 5661 1378 5733 Κυρίου
1403 5661 1740 5732 ξενοδοκοῦν-

1840 4575 2084 4631 lueredes
2142 4575 2368 4647 propius
2401 4574 2746 4636 accedentes,
2795 4571 3143 4626 matrimonio
3171 4572 3430 4642 c0pulen-

1844 4676 1952 4721 tur.

1911 4753 1968 4808 2.
1999 4751 2093 4807 Sin
2118 4751 2188 4807 illi
2217 4766 2276 4806 se
2303 4750 2370 4804 ad
2389 4748 2796 4804 matrimonium
2830 4747 3080 4804 conferre
3111 4748 3306 4814 nolint,
3336 4765 3428 4804 us-

1841 4859 1948 4914 que
1975 4845 2041 4899 ad
2069 4857 2270 4897 annum
2307 4841 2626 4912 vigesimum
2677 4840 2879 4894 eadem
2913 4841 3106 4894 domus
3131 4839 3424 4908 religiosa',

1842 4936 2195 5002 monasteria,
2215 4945 2268 4989 et
2293 4933 2558 4998 ecclesiae,
2587 4931 2851 5002 ejusmodi
2894 4931 3216 5001 patrimonia
3248 4940 3430 4986 custo—

1841 5026 2013 5093 diant,
2042 5035 2204 5094 atque
2233 5024 2304 5078 ita
2353 5023 2553 5078 deinde
2585 5021 2704 5075 sine
2729 5019 2943 5075 deiectu
2965 5036 3026 5075 ea
3058 5020 3218 5076 dictis
3251 5021 3427 5077 hatre-

1844 5119 2006 5172 dibus
2039 5115 2345 5170 restituant.
2389 5110 2504 5166 Non
2533 5114 2677 5166 enim
2725 5120 3008 5180 accepturu
3052 5122 3135 5166 est
3168 5111 3298 5175 Deo,
3332 5128 3430 5166 cu-

1843 5217 2054 5263 ratores
2111 5207 2245 5261 alios
2305 5205 2586 5271 constitui,
2652 5204 3106 5274 quemadmodum
3164 5205 3218 5258 in
3283 5205 3429 5261 hunc

1844 5313 2017 5371 usque
2045 5297 2188 5352 diem
2219 5296 2423 5351 factum
2452 5293 2577 5362 fuit,
2610 5295 2701 5364 qui
2729 5293 3058 5364 pupillorum
3089 5293 3233 5349 bona
3257 5295 3425 5349 devo-
3461 5311 3467 5315 ’

1843 5400 2010 5457 rent,
2071 5389 2201 5459 ipsis
2261 5387 2718 5442 mendicantibus.
2795 5387 3007 5456 Quippe
3085 5385 3425 5441 venerabiles

1844 5484 2062 5544 domus,
2095 5490 2150 5535 et
2197 5480 2446 5535 ecclesiae
2497 5478 2612 5543 Dei,
2643 5494 2764 5548 quae
2797 5478 2920 5533 aliis
2945 5479 3107 5533 etiam
3158 5487 3421 5544 praesunt,

1844 5586 1902 5629 et
1941 5572 2170 5636 alienos,
2203 5583 2458 5638 tanquam
2501 5585 2648 5637 suos,
2679 5570 2837 5640 juxta
2869 5569 3078 5624 Domini
3107 5567 3420 5622 mandatum

1847 5659 2098 5730 bOSpitiis
2148 5660 2450 5730 ettcipiunl,
2490 5660 2658 5716 multo
2690 5663 2862 5730 magis
2896 5658 3058 5733 .bona
3097 5655 3423 5729 pupillorum
