4050 6478
545 281 661 346 515

1508 279 1980 343 CONSTANTIN
1986 280 2012 338 Ι
2051 279 2730 340 PORPHYROGENITI

3697 279 3813 344 516

539 394 870 462 custodierit,
906 408 1212 464 eorumque
1262 393 1666 450 restitutionem
1720 407 1820 447 suo
1875 400 2118 461 tempore

2252 409 2313 453 ες
2340 393 2436 444 καὶ
2471 391 2882 462 ὑποδεχόμενοι,
2921 395 3102 466 πολλῷ
3124 396 3287 450 πλέον
3316 397 3383 450 τὰ
3415 397 3519 450 τῶν
3549 399 3813 468 ὀρφανῶν

537 485 759 541 facient.

1104 665 1405 723 'flTULUS
1432 663 1546 718 XX.

1091 779 1166 832 De
1217 778 1569 836 libertatibus.

613 890 664 942 ἰ.
723 888 1054 942 Libertatem
1100 887 1453 955 consequitur
1502 901 1718 951 servus,
1752 902 1876 941 cum
1903 887 2120 942 domino

556 996 654 1033 suo
693 980 831 1033 liber
861 992 980 1032 esse
997 976 1302 1046 publicatus
1321 977 1481 1030 fuerit
1504 976 1558 1030 in
1582 977 1835 1044 ecclesia,
1859 978 1942 1031 vel
1959 978 2121 1032 etiam

541 1069 726 1128 coram
761 1081 992 1141 septem,
1045 1079 1140 1124 aut
1169 1070 1431 1140 quinque,
1454 1079 1549 1124 aut
1602 1069 1773 1125 tribus
1807 1070 2014 1133 amicis,
2055 1071 2120 1122 ad

541 1165 646 1217 hoc
677 1159 1013 1225 convocatis,
1057 1174 1120 1214 ac
1147 1160 1643 1226 subscribentibus,
1674 1170 1728 1215 et
1773 1160 1824 1214 id
1850 1161 1992 1229 quod
2025 1173 2124 1214 no-

539 1259 686 1315 runt,
724 1252 790 1301 ad
827 1257 1103 1315 gestorum
1137 1260 1488 1304 monumenta
1523 1251 1942 1320 deponentibus.

609 1339 665 1391 2.
706 1337 799 1406 Vel
827 1342 990 1394 etiam
1042 1354 1139 1408 per
1180 1341 1464 1408 epistolam
1497 1340 1701 1397 domini
1749 1344 1855 1409 sui,
1884 1346 2123 1417 quinque

543 1431 787 1496 testium,
823 1433 906 1487 vel
959 1434 1142 1499 trium,
1173 1448 1270 1487 ceu
1307 1434 1530 1499 dictum,
1561 1435 1990 1504 subscriptiones
2023 1440 2124 1494 hoc

541 1523 763 1578 nomine
807 1523 1099 1580 habentem
1129 1543 1144 1592 ;
1181 1540 1301 1592 qua:
1335 1534 1662 1580 testamento
1689 1527 1970 1597 inscripta,
2003 1546 2124 1586 ser-

543 1626 613 1666 vo
637 1611 819 1666 datur.

614 1701 672 1757 3.
699 1702 887 1758 ltident
961 1719 1125 1773 quum
1170 1705 1237 1758 de
1273 1705 1547 1761 voluntate
1597 1707 1860 1774 defuncti,
1891 1710 1971 1764 vel
2006 1726 2127 1779 per-

546 1794 718 1848 missu
774 1795 1006 1850 hzeredis
1056 1811 1246 1851 servus
1281 1796 1334 1849 in
1367 1793 1559 1864 {capite
1602 1796 1830 1852 linteum
1886 1809 2128 1869 gestans,

549 1884 791 1943 defuncti
817 1887 982 1942 funus
1015 1898 1238 1944 secutus
1263 1886 1448 1942 fuerit.

619 2071 674 2124 4.
712 2071 780 2126 Et
813 2086 936 2126 cum
972 2073 1274 2142 subjectum
1303 2072 1405 2128 sibi
1433 2087 1648 2128 servum
1683 2071 2132 2143 perseiizelliera:

549 2163 800 2218 dominus
824 2163 1190 2234 coniunxerit.

621 2257 676 2323 5,
719 2257 827 2312 Aut
864 2273 1081 2312 rursum
1117 2258 1162 2312 si
1197 2259 1449 2314 dominus
1469 2261 1608 2330 ejus,
1640 2269 1735 2314 aut
1761 2259 2005 2326 domina,
2037 2268 2134 2316 aut

550 2362 743 2404 eorum
779 2347 960 2415 liberi,
1003 2348 1142 2404 scitu
1175 2365 1238 2404 ac
1273 2352 1632 2422 permissione
1652 2362 1938 2423 parentum
1961 2353 2027 2409 de
2045 2367 2135 2409 sa-

551 2457 646 2498 cro
668 2451 723 2496 et
751 2440 976 2496 salutari
1010 2441 1228 2497 lavacro
1261 2458 1385 2498 eum
1418 2445 1780 2515 susceperint.

625 2623 678 2676 6.
716 2623 771 2678 Si
809 2624 1109 2682 scientibus
1133 2642 1196 2683 ac
1220 2627 1526 2684 volentibus
1547 2627 1784 2683 dominis
1815 2626 1926 2680 suis
1947 2625 2133 2684 clerici

551 2713 635 2766 vel
674 2716 928 2770 monachi
967 2716 1095 2772 facti
1140 2717 1369 2780 fuerint,
1409 2732 1474 2772 ac
1505 2718 1664 2774 dicta
1707 2717 1986 2772 libertates
2019 2725 2134 2772 sta-

554 2805 650 2856 tim
683 2806 898 2870 eximie,
934 2807 1018 2860 vel
1045 2808 1208 2864 ctiam
1237 2808 1338 2863 sub
1367 2807 1702 2874 conditione,
1726 2822 1756 2862 a
1779 2806 2014 2862 dominis
2036 2821 2132 2864 eo-

552 2909 673 2946 rum
709 2895 1108 2952 conceduntur.

626 2986 680 3039 7.
723 2986 779 3042 Si
817 2988 944 3056 quis
993 2995 1172 3042 autem
1226 2986 1410 3055 aliquo
1451 3001 1516 3043 ex
1551 2986 1637 3044 his
1682 2987 1854 3043 modis
1886 2988 2137 3044 libertate

2230 481 2548 550 φυλάξουσι,
2583 486 2677 536 καὶ
2701 485 2906 539 τούτων
2927 487 3025 558 τὴν
3055 489 3502 544 ἀποκατάστασιν
3531 491 3711 562 καιρῷ
3731 491 3820 562 τῷ

2235 576 2350 648 ἰδίῳ
2381 579 2716 650 ποιήσουσιν.

2822 669 3072 723 ΤΙΤΛΟΣ
3133 670 3220 726 K'.

2720 781 2858 848 Περί
2916 781 3292 849 ἐλευθεριῶν.

2301 895 2372 944 α’.
2393 888 2766 946 Ἐπιτίθεταιὸ
2777 892 2997 962 οἰκέτης
3012 894 3320 964 ἐλευθερίᾳ,
3335 894 3539 948 ὁπόταν
3553 895 3704 966 παρὰ
3717 895 3822 949 τοῦ

2233 975 2364 1028 ἰδίου
2386 977 2576 1047 κυρίου
2609 978 2942 1049 δημοσιευθῇ
2967 979 3160 1051 [δῆμος
3179 979 3405 1052 εὑρεθῇ]
3441 983 3499 1034 ὲν
3520 982 3822 1052 ἐκκλησίᾳ,

2232 1069 2342 1120 εἴτε
2363 1069 2455 1120 ἐπὶ
2477 1069 2635 1131 ἑπτὰ,
2657 1071 2688 1140 ἢ
2713 1071 2896 1135 πέντε,
2921 1072 2954 1141 ἦ
2989 1072 3082 1125 καὶ
3121 1072 3291 1143 τριῶν
3318 1072 3508 1140 ερίλων,
3543 1074 3635 1127 ἐπὶ
3657 1073 3824 1127 τοῦτο

2231 1158 2705 1229 προσκληθέντων,
2733 1162 2828 1214 καὶ
2861 1163 3330 1236 ὑπογραφομένων
3363 1165 3458 1216 καὶ
3485 1165 3826 1234 ἀποτιθεμέ-

2231 1264 2337 1300 νων
2361 1250 2454 1301 ἐπὶ
2479 1250 2730 1318 πράξεως
2743 1251 3155 1327 ὑπομνημάτων
3175 1254 3273 1322 τὴν
3293 1255 3501 1307 οἰκείαν
3530 1254 3764 1324 εἴδησιν.

2303 1339 2368 1410 β’.
2396 1341 2518 1393 Εἴτε
2548 1342 2617 1394 δι’
2637 1343 2927 1413 ἐπιστολῆς
2947 1344 3041 1396 τοῦ
3073 1346 3266 1415 κυρίου
3297 1346 3486 1409 αὐτοῦ,
3522 1353 3564 1398 ε’
3595 1347 3819 1416 μαρτύ-

2234 1449 2365 1498 ρων,
2413 1433 2446 1504 ἢ
2501 1433 2596 1490 καὶ
2623 1441 2707 1502 γ’,
2743 1437 2818 1498 ὡς
2857 1435 3097 1506 εἴρηται,
3138 1439 3464 1507 ὑπογραφάς
3514 1439 3610 1492 ἐπὶ
3655 1441 3820 1494 τοῦτο

2233 1523 2486 1594 ἐχούσης,
2521 1524 2554 1595 ἢ
2595 1528 2652 1578 ὲν
2694 1526 2928 1598 διαθήκῃ
2966 1529 3356 1602 ἐγγραφομένῃ
3383 1530 3568 1602 οἰκέτῃ
3590 1531 3816 1587 δίδοται.

2305 1703 2378 1774 γ’.
2420 1705 2582 1759 Ἀλλὰ
2613 1707 2707 1761 καὶ
2736 1709 2866 1762 ὅταν
2884 1708 3135 1780 βουλήσει
3184 1711 3280 1764 τοῦ
3310 1712 3752 1784 τελευτήσαντος,
3783 1715 3818 1784 ἢ

2239 1794 2332 1845 καὶ
2375 1796 2768 1863 παραχωρήσει
2807 1797 2903 1851 τοῦ
2950 1797 3287 1869 κληρονόμου
3327 1801 3356 1851 ὁ
3385 1799 3601 1872 οἰκέτῃς
3643 1801 3704 1853 ὲν
3751 1806 3820 1873 τῇ

2239 1884 2453 1954 κεφαλῇ
2504 1889 2696 1942 παννῖν
2723 1892 2742 1908 '
2770 1885 3036 1959 [παννίον]
3068 1888 3304 1959 φορέσας
3338 1893 3402 1960 τῇ
3440 1890 3534 1944 τοῦ
3565 1891 3826 1962 τελευτή-

2240 1991 2434 2036 σαντος
2461 1975 2656 2046 κηδείᾳ
2678 1976 3128 2047 ἐπακολουθήσει.

2285 2126 2288 2129 _
2308 2065 2372 2120 δ’.
2393 2067 2501 2119 Καὶ
2531 2066 2627 2120 ἐὰν
2649 2067 2676 2118 ό
2695 2066 2882 2139 κύριος
2897 2068 2988 2122 τὸν
3004 2068 3362 2140 ὑποκείμενον
3394 2072 3561 2138 αὑτοῦ
3583 2071 3624 2145 [⁸
3647 2071 3824 2143 αὐτῷ]

2237 2157 2424 2212 δοῦλον
2451 2157 2723 2228 ἐλευθέρῳ
2759 2157 2942 2223 ζεύξει
2973 2159 3269 2231 προσώπῳ.

2308 2247 2370 2303 ε’.
2397 2251 2473 2302 li“
2489 2249 2672 2312 πάλιν,
2701 2249 2795 2304 ὲὰν
2819 2250 2848 2303 ό
2873 2249 3061 2320 κύριος
3090 2250 3277 2317 αὐτοῦ,
3301 2251 3333 2322 ἢ
3366 2253 3606 2322 ήτούτου
3632 2255 3825 2324 κυρία,

2242 2340 2276 2410 ἢ
2304 2341 2372 2393 τὰ
2401 2338 2580 2392 αὐτῶν
2611 2339 2798 2401 τέκνα,
2827 2339 3032 2410 εἰδήσει
3055 2340 3148 2393 καὶ
3173 2341 3444 2413 ἐπιτροπῇ
3462 2342 3569 2399 τῶν
3594 2344 3826 2411 γονέων,

2240 2435 2306 2486 ὲκ
2358 2431 2454 2486 τοῦ
2488 2431 2648 2500 ἁγίου
2692 2430 2788 2486 καὶ
2827 2432 3205 2503 σωτηριιίῶους
3235 2432 3610 2504 βαπτίσματος
3661 2435 3828 2488 αὐτὸν

2241 2521 2626 2588 ἀναδέξωνται.
2674 2530 2686 2538 ’

2314 2609 2390 2677 ς’.
2420 2610 2550 2665 Ἐὰν
2594 2611 2799 2680 εἰδήσεπ⁹
2838 2610 2946 2664 τῶν
3003 2611 3210 2682 κυρίων
3267 2613 3447 2668 αὐτῶν
3508 2615 3820 2686 κληρικοὶή

2256 2701 2482 2772 μοναχοὶ
2502 2701 2788 2768 γένωνται.
2819 2701 2885 2755 Αἰ
2907 2701 2966 2755 δὲ
3001 2702 3287 2772 εἰρημέναι
3315 2704 3615 2775 ὲλευθερίαι
3658 2707 3830 2758 ἀπενσ

2241 2790 2432 2845 τεῦθεν
2476 2793 2602 2864 ἤδη,
2649 2792 2683 2862 ἢ
2732 2792 2826 2845 καὶ
2860 2790 2965 2846 ύπδ
3011 2793 3140 2864 ὅρον
3166 2794 3318 2864 παρὰ
3356 2797 3465 2852 τῶν
3496 2797 3704 2875 κυρίων
3731 2799 3833 2852 αύ-

2251 2883 2359 2935 τῶν
2384 2883 2636 2938 δίδονται.

2315 2967 2380 3035 ζ’.
2441 2971 2503 3024 Εἰ
2557 2969 2616 3022 δέ
2650 2985 2732 3031 τις
2775 2970 2844 3021 ὲκ
2873 2967 3079 3023 τούτων
3113 2971 3222 3026 τῶν
3271 2971 3492 3043 τρόπων
3543 2972 3833 3045 ἐλευθερίᾳ
3938 3024 3941 3025 ν

554 3076 812 3141 donatus,
849 3079 903 3131 in
935 3079 1200 3132 servitute
1220 3078 1514 3147 detinetur,
1545 3079 1614 3136 ad
1649 3093 1863 3134 sacram
1887 3089 2135 3136 sanctam

2252 3061 2538 3133 τιμηθεὶς,
2578 3066 2636 3117 ἐν
2682 3064 2898 3137 δουλείᾳ
2941 3066 3272 3138 κατέχεται,
3329 3066 3717 3136 προσερχέσθω
3761 3071 3830 3138 τῇ

560 3167 654 3220 Dei
683 3165 988 3223 Ecclesiam
1036 3168 1282 3235 accedat,
1337 3170 1476 3224 etad
1526 3169 1874 3242 magistratus
1922 3184 2146 3240 compe-

558 3266 736 3312 tentes
759 3269 812 3312 et
839 3259 980 3328 apud
1005 3274 1102 3315 eos
1143 3274 1457 3318 concessam
1473 3261 1576 3316 sibi
1604 3259 1908 3316 libertatem
1931 3261 2144 3335 probet,

557 3362 789 3418 eamque
825 3350 1073 3420 accipiat.

630 3439 687 3493 8.
742 3440 946 3495 Servus
977 3441 1045 3495 ab
1098 3440 1344 3497 hostibus
1395 3451 1609 3513 captus,
1643 3443 1692 3497 Si
1724 3457 1823 3512 pro
1871 3443 2145 3512 republica

561 3529 818 3583 damnum
852 3537 906 3583 et
936 3529 1143 3584 cladem
1169 3531 1462 3600 quamdam
1510 3532 1591 3587 eis
1625 3531 1845 3600 inferat,
1879 3541 2040 3603 atque
2072 3534 2146 3588 ita

560 3619 803 3675 vicissim
838 3629 1173 3686 revertatur,
1214 3621 1502 3679 confestim
1537 3623 1964 3681 manumittitur.

498 3874 500 3876 ν
634 3801 688 3857 9.
722 3801 826 3869 Qui
868 3817 999 3857 vero
1022 3811 1236 3871 captus,
1269 3818 1486 3858 rursum
1519 3802 1810 3875 aufugerit,
1839 3806 2038 3862 damno
2069 3808 2150 3867 eis

561 3913 662 3966 pro
691 3895 968 3964 republica
1037 3910 1142 3950 non
1175 3895 1341 3972 illato,
1379 3899 1472 3952 sed
1496 3899 1569 3952 ita
1605 3906 1786 3954 tamen
1812 3901 2146 3958 revertitur:

564 3989 612 4043 is
635 3986 854 4040 domino
876 4000 974 4040 suo
1001 3985 1433 4058 quinquennium
1461 3989 1685 4056 serviat,
1722 3997 1883 4059 atque
1906 3991 1979 4045 ita
1995 3990 2148 4045 dein-

565 4079 634 4132 de
664 4079 795 4130 liher
826 4086 964 4129 esto.

646 4165 738 4226 lo.
772 4165 872 4233 Qui
911 4166 976 4219 ad
1007 4165 1192 4221 hostes
1213 4174 1401 4235 Sponte
1435 4181 1530 4222 sua
1579 4169 1870 4238 procurrit,
1903 4187 2150 4228 rursum-

578 4273 686 4329 que
748 4256 876 4311 lacti
914 4257 1231 4324 pmnitentia
1284 4259 1499 4324 ductus,
1551 4259 1596 4313 si
1646 4261 1715 4314 ab
1741 4260 1823 4316 eis
1868 4262 2150 4334 aufugiens

570 4361 899 4416 revertetur,
954 4353 1001 4406 is
1061 4360 1365 4421 propterea,
1426 4353 1568 4419 quod
1618 4355 1841 4410 omnino
1876 4358 2150 4428 transfuga

2245 3154 2380 3225 ἁγίᾳ
2437 3153 2532 3207 τοῦ
2603 3154 2740 3208 Θεοῦ
2794 3156 3116 3229 Ἐκκλησία,
3183 3158 3280 3212 καὶ
3331 3159 3444 3220 τοῖς
3498 3157 3832 3228 προσφόροις

2251 3245 2504 3317 ἄρχουσι,
2556 3248 2651 3300 καὶ
2687 3248 2820 3318 παρ’
2851 3249 3038 3312 αὐτοῖς
3068 3249 3137 3302 τὰ
3170 3249 3269 3315 τῆς
3298 3249 3639 3320 ἐπιτεθείσης
3677 3249 3828 3317 αὐτῷ

2245 3338 2558 3408 ἐλευθερίας
2587 3339 2983 3407 ἀποδεικνύτω,
3012 3340 3106 3394 καὶ
3134 3339 3339 3408 ταύτην
3368 3339 3716 3396 ἀπολαϐέτω.

2317 3423 2414 3500 η’.
2475 3430 2536 3482 Ὀ
2612 3429 2718 3482 ὑπὸ
2775 3430 2884 3486 τῶν
2954 3431 3229 3502 πολεμίων
3292 3431 3833 3502 αἰχμαλωτιζόμενος

2245 3520 2484 3591 οἰκέτης,
2504 3521 2601 3572 καὶ
2626 3520 2848 3591 κλάσμα
2864 3539 2914 3575 τι
2943 3522 3078 3592 ὑπὲρ
3103 3522 3204 3590 τῆς
3232 3523 3507 3587 πολιτείας
3531 3525 3610 3585 εἰς
3633 3524 3834 3586 αὐτοὺς

2246 3613 2362 3667 ἐνδε
2372 3613 2489 3666 ικνύ
2498 3630 2678 3684 μενος,
2693 3616 2785 3668 καὶ
2801 3615 2974 3680 οὕτως
2986 3615 3467 3686 ἀνθυποστρέφων,
3486 3616 3835 3687 παραχρῆμα

2247 3705 2652 3777 ἐλευθεροῦται.

2321 3793 2385 3850 θ’.
2440 3795 2497 3851 '0
2530 3795 2589 3850 δὲ
2628 3793 3123 3866 αἰχμαλωτισθεὶς,
3172 3794 3269 3847 καὶ
3317 3793 3479 3850 πάλιν
3510 3793 3836 3863 ἀποφυγὼν,

2251 3887 2475 3958 κλάσμα
2503 3888 2582 3950 εἰς
2620 3886 2821 3948 αὐτοὺς
2863 3884 3003 3956 ὑπὲρ
3046 3886 3144 3955 τῆς
3189 3885 3464 3948 πολιτείας
3496 3885 3572 3955 μὴ
3603 3887 3840 3953 ποιησά-

2255 3995 2434 4047 μενος,
2456 3976 2570 4031 ἀλλ’
2583 3975 2757 4039 οὕτως
2775 3975 3262 4047 ἀνθυποστρέφων,
3281 3977 3596 4030 πενταετίαν
3615 3978 3678 4045 τῇ
3725 3976 3842 4047 ἰδίει.

2249 4070 2539 4144 δεσποτεία
2561 4069 2923 4138 δουλευσάτω,
2956 4069 3052 4122 καὶ
3083 4065 3182 4122 εἶθ’
3207 4068 3378 4130 οὕτως
3404 4066 3838 4136 ἐλευθερούσθω.

2329 4160 2379 4216 ι’.
2429 4161 2488 4216 '0
2528 4161 3006 4236 αύτοπροαιρέτως
3065 4161 3288 4230 ἐχθροῖς
3331 4159 3705 4230 προστρέχων,
3739 4160 3841 4212 καὶ

2255 4254 2422 4310 πάλιν
2464 4253 2886 4328 μεταμεληθεὶς,
2933 4255 2984 4308 εἰ
3017 4252 3206 4322 φυγὼν
3251 4250 3605 4320 ὑποστρέφει,
3645 4250 3710 4304 δι’
3761 4244 3840 4302 ὧν

2251 4343 2388 4406 ὅλως
2444 4344 2825 4416 αὐτομολήσας
2874 4343 3086 4407 τούτοις
3134 4343 3540 4414 προσέδραμεν,
3589 4342 3695 4404 ἕως
3737 4346 3842 4414 τῆς

568 4444 749 4499 factus
780 4443 846 4497 ad
870 4457 962 4499 eos
995 4457 1054 4498 se
1086 4443 1400 4507 contulerit,
1433 4452 1542 4497 toto
1576 4445 1699 4500 vita:
1746 4462 1858 4504 sua:
1906 4458 2141 4520 tempore

2256 4435 2402 4508 ζωῆς
2436 4436 2604 4492 αὐτοῦ
2631 4437 2772 4490 ιστω
2791 4435 2997 4506 δοῦλος.

565 4548 754 4589 εετνυδ
782 4540 921 4586 881οο

639 4622 731 4678 ll.
766 4621 970 4677 Servus
996 4622 1199 4678 domini
1238 4625 1322 4678 sui
1371 4627 1570 4683 caedem
1631 4625 1900 4692 indicans,
1945 4627 2153 4696 praemii

573 4715 695 4770 loco
719 4714 1028 4769 libertatem
1061 4718 1431 4786 consequitor.

648 4807 734 4861 12.
767 4805 968 4862 Servus
996 4809 1202 4864 sciente
1223 4809 1442 4864 domino
1473 4825 1570 4866 suo
1600 4811 1838 4865 militans
1854 4810 2154 4864 libertatem

570 4899 790 4968 accipit.

643 4989 730 5041 l5.
784 4986 1045 5042 Dominus
1099 4990 1192 5057 qui
1250 5003 1468 5046 servum
1527 5005 1683 5044 suum
1753 4989 1833 5043 vel
1881 4989 2154 5058 ancillam,

574 5077 732 5145 quasi
763 5077 990 5131 liberam
1020 5092 1114 5145 per
1144 5079 1365 5148 nuptias
1406 5093 1651 5147 persona:
1679 5079 1863 5133 libera:
1916 5081 2153 5147 copulat,

572 5169 656 5222 vel
690 5169 742 5222 in
774 5170 996 5234 nuptias
1033 5170 1327 5234 consentit,
1363 5170 1445 5224 vel
1477 5171 1542 5224 de
1579 5171 1846 5226 industria
1901 5183 2060 5234 tacet,
2109 5172 2156 5226 is

576 5275 757 5328 neque
792 5259 1196 5314 matrimonium
1227 5258 1496 5326 dissolvit,
1525 5269 1688 5330 atque
1726 5263 1891 5318 etiam
1939 5262 2154 5317 illorum

573 5335 814 5402 dominio
850 5348 1072 5402 excidit.

649 5440 735 5492 Η.
759 5438 860 5504 Qui
879 5439 948 5493 ab
964 5439 1212 5494 hostibus
1237 5439 1508 5494 hominem
1532 5440 1759 5495 liberum
1776 5443 2048 5510 captivum
2071 5458 2157 5498 rc-

575 5528 748 5592 dimit,
783 5538 837 5582 et
868 5529 919 5582 in
944 5530 1160 5584 domum
1187 5544 1341 5584 suam
1364 5530 1634 5599 restituit;
1664 5530 1927 5602 siquidem
1956 5547 2048 5588 eas
2068 5535 2157 5590 ille

578 5620 862 5675 facultates
891 5621 1071 5688 habet,
1105 5629 1158 5675 ut
1185 5622 1442 5691 pretium,
1471 5621 1536 5676 dc
1559 5636 1666 5692 quo
1696 5621 1838 5678 inter
1859 5623 2004 5693 ipsos
2027 5641 2158 5679 con-

577 5710 1030 5783 venit,integrum
1050 5711 1360 5781 persolvere
1394 5711 1583 5781 possit,
1626 5709 1852 5767 liberum
1893 5712 2152 5768 dimittat.

2333 4614 2421 4670 ια’.
2455 4615 2652 4679 Δοῦλος
2680 4616 2708 4668 ὁ
2753 4615 2976 4687 μηνύων
3002 4613 3094 4668 τόν
3129 4615 3288 4684 φόνον
3324 4613 3420 4667 τοῦ
3455 4614 3588 4668 ἰδίου
3625 4615 3841 4685 κυρίου,

2259 4707 2358 4779 τὴν
2382 4708 2698 4778 ἐλευθερίαν
2727 4709 2902 4778 ἐχέτω
2919 4706 3175 4762 ἔπαθλον.

2333 4798 2421 4868 ιβ’.
2475 4797 2672 4862 Δοῦλος
2712 4801 2739 4851 ὁ
2776 4797 3204 4868 στρατευόμενος
3247 4796 3452 4869 εἰδήσει
3493 4796 3587 4851 τοῦ
3637 4794 3846 4850 οἰκείου

2269 4889 2551 4955 δεσπότου,
2587 4887 2987 4959 ἐλευθεροῦται.

2335 4977 2425 5048 ιγ’.
2475 4979 2753 5051 Δεσπότης
2777 4979 2867 5033 τὸν
2905 4978 3036 5032 ἴδιον
3065 4977 3278 5045 δοῦλον,
3305 4979 3340 5050 ἢ
3371 4979 3472 5050 τὴν
3504 4980 3850 5050 θεραπαίνην

2262 5071 2338 5134 ὼς
2388 5070 2704 5136 ἐλευθέραν
2754 5071 3040 5126 συνάπτων
3111 5071 3250 5140 πρὸς
3322 5071 3498 5138 γάμον
3571 5071 3852 5143 ὲὴυθέρῳ

2267 5165 2564 5235 προσώπῳ,
2604 5164 2637 5234 ἢ
2673 5163 2940 5218 συναινῶν
2961 5168 3074 5226 τοῖς
3103 5165 3326 5232 γάμοις,
3356 5163 3388 5234 ἢ
3425 5163 3678 5233 ἐπίτηδες
3715 5181 3853 5217 σιω-

2266 5258 2406 5322 πῶν,
2443 5257 2562 5309 οὐδὲ
2620 5256 2738 5309 λύει
2777 5255 2867 5309 τὸν
2898 5254 3096 5324 γάμον,
3140 5254 3278 5309 ἀλλὰ
3304 5255 3517 5326 καὶτῆς
3545 5255 3633 5307 ἐπ’
3657 5255 3852 5310 αὐτῶν

2264 5349 2580 5410 δεσποτείας
2618 5349 2895 5402 ἐκπίπτει.

2338 5439 2419 5493 ιδ’.
2468 5441 2526 5493 Ὀ
2549 5440 2614 5492 ὲκ
2643 5440 2751 5492 τῶν
2773 5442 2983 5512 ἐχθρῶν
3007 5442 3288 5513 ἐλεύθερον
3339 5441 3624 5512 ἀγοράζων
3673 5443 3852 5510 αἰχμο

2266 5529 2474 5583 ἀλωτον
2497 5569 2510 5594 ,
2574 5531 2668 5584 καὶ
2695 5533 2753 5583 ἐν
2792 5533 2870 5602 τῷ
2907 5533 3022 5603 ἰδίῳ
3050 5533 3194 5604 ὀἴκῳ
3239 5533 3624 5587 ἀποκαθιστῶν
3654 5535 3852 5599 αὐτὸν,

2265 5625 2313 5675 εἰ
2371 5623 2472 5693 μὲν
2524 5624 2750 5695 εὐπορεῖ
2803 5623 2903 5688 τὰς
2958 5626 3312 5696 στιχηθείσας
3369 5625 3854 5699 [στοιχηθείσας]

2269 5714 2472 5784 μεταξὺ
2494 5715 2673 5770 αὐτῶν
2691 5716 2975 5788 πληρῶσαι
3008 5719 3200 5788 τιμὰς,
3223 5717 3505 5772 ἀπολυέτω
3530 5717 3849 5789 ἐλεύθερον,
