4050 6414
263 246 372 312 517

1538 256 1926 318 DELECTUS
1961 258 2250 320 LEGUM.

3402 275 3508 340 518

318 330 430 415 ιε’..
458 362 521 414 Ei
567 361 625 415 δὲ
665 364 864 434 ἀπορεῖ
889 404 904 429 ,
953 365 1129 434 ἐχέτω
1179 367 1342 420 αὑτὸν
1369 367 1397 420 ό
1429 368 1708 439 ἀγοράσας
1743 369 1802 440 μί

1907 415 1911 427 .
2010 371 2099 425 15.
2133 371 2188 426 Si
2219 389 2346 428 vero
2369 377 2626 431 solvendo
2641 391 2752 431 non
2769 387 2871 443 est,
2898 385 3127 438 retineat
3155 398 3276 440 eum
3297 400 3511 458 emptor

236 456 394 510 σθιον
421 493 437 519 ,
489 453 682 524 μέχρις
709 453 775 508 ἂν
807 455 1076 528 πληρωθῇ
1103 495 1118 520 ,
1150 457 1292 529 ἅπερ
1329 459 1614 530 ὲστίχησεν
1635 477 1649 492 ·
1712 463 1830 532 ὁρι-

1935 476 2032 516 seu
2063 469 2482 535 mercenarium,
2507 471 2682 527 donec
2703 473 3026 542 impleverit,
3051 491 3169 544 qua:
3193 492 3381 548 pactus
3402 497 3505 540 est:

239 546 481 614 ζομένου
548 544 794 614 δηλονότι
857 547 962 599 ὑπὸ
1036 548 1308 617 ἀκροατοῦ
1359 549 1455 602 τοῦ
1519 550 1806 620 ὀφείλοντα

1933 551 2008 605 ita
2041 561 2244 621 tamen,
2278 568 2336 610 ut
2371 574 2398 611 a
2432 561 2708 628 cognitore
2733 578 2911 618 causm
2935 544 3228 620 definiatur
3257 569 3330 633 ix',
3363 573 3510 640 quod

228 639 456 707 ἑκάστῳ
511 636 620 690 ἔτει
681 637 823 708 ὑπὲρ
889 637 1086 708 μισθοῦ
1145 639 1224 706 τῷ
1258 641 1621 711 ἁγορασθέντι
1676 642 1825 711 λογί-

229 727 454 792 ζεσθαι.

304 825 411 882 ις’.
479 816 587 871 Τὸν
651 817 732 880 εἰς
803 817 1006 887 προῖκα
1057 821 1408 890 γραφόμενον
1459 822 1678 890 οἰκέτην
1723 825 1822 878 οὐκ

225 909 452 979 ἔχουσιν
501 909 688 962 ἄδειαν
731 909 801 962 τά
832 909 996 961 τέκνα
1021 948 1037 974 ,
1082 909 1207 964 οὔτε
1241 914 1269 965 ό
1294 912 1454 982 ἀνὴρ,
1503 911 1823 984 ἐλευθεροῦν

224 1000 424 1054 αὐτόν.

300 1086 391 1152 ιζ’.
444 1087 510 1140 Et
551 1085 612 1140 δὲ
658 1087 754 1140 καὶ
801 1087 1082 1159 πληρώσει
1117 1091 1144 1142 ὁ
1179 1088 1320 1159 ἀνὴρ
1347 1089 1448 1160 τὴν
1480 1094 1682 1161 προῖκα
1718 1091 1822 1161 τῆς

230 1177 368 1240 ιδίας
398 1176 669 1244 γαμετῆς,
701 1176 814 1230 εἴτε
846 1179 1150 1248 προσφέρει
1187 1179 1508 1248 πράγματα,
1538 1181 1569 1250 ἢ
1603 1182 1818 1246 παῖδας,

233 1269 333 1338 τὴν
368 1270 558 1320 πᾶσαν
578 1267 916 1332 δεσποτείαν,
935 1271 1009 1332 ὡς
1027 1271 1262 1343 κεφαλὴ,
1287 1273 1431 1327 κατὰ
1454 1274 1553 1344 τὴν
1573 1275 1664 1327 τοῦ
1683 1274 1819 1329 Θεοῦ

227 1358 450 1428 ἐντολὴν
489 1357 654 1420 αὐτὸς
676 1359 869 1427 ὲχέτω.

299 1420 420 1520 ιη’..
453 1450 517 1503 Ει
548 1451 605 1504 δὲ
647 1420 738 1520 μη*
758 1451 858 1522 ἔχῃ
883 1469 974 1515 τις
1008 1453 1312 1523 πράγματα
1340 1455 1448 1525 πρὸ
1485 1455 1581 1508 τοῦ
1616 1420 1844 1518 συναλσ,

235 1543 557 1610 λάγματος,
611 1541 706 1593 καὶ
763 1541 902 1610 μετὰ
951 1541 1012 1596 τὸ
1055 1543 1430 1613 συναφθῆναι,
1463 1545 1530 1599 τὰ
1572 1546 1638 1600 ἐκ
1670 1545 1809 1601 Θεοῦ

234 1633 500 1702 προνοίας
531 1631 894 1701 ὲπατηθὲντα
921 1632 1224 1703 ἀμφότεροι
1251 1634 1544 1703 ἐχέτωσαν.

313 1810 400 1863 ιϐ’.
479 1809 600 1863 'an
663 1809 758 1864 δύο
803 1810 1120 1882 ἀπόγραφοι
1182 1813 1441 1886 διαφόρου
1493 1815 1810 1881 δεσποτείας

235 1900 530 1954 συνέλθωσι
559 1901 695 1971 πρὸς
717 1903 915 1969 γάμον,
937 1904 986 1956 εἰ
1018 1903 1117 1973 μὲν
1157 1904 1248 1957 δύο
1285 1907 1482 1970 παῖδας
1515 1908 1807 1978 ποιήσωσι,

227 1994 362 2064 πρὸς
404 1993 618 2062 λαχμον
659 1993 991 2064 μερίζονται’
1043 1997 1090 2047 εἰ
1140 1996 1195 2049 δὲ
1240 1999 1410 2068 τρεῖς,
1461 1997 1528 2052 τὰ
1576 1998 1670 2052 δύο
1709 2001 1810 2068 τῆς

227 2082 435 2152 μητρὸς
491 2082 754 2147 ἔστωσαν,
811 2082 907 2136 καὶ
955 2083 1016 2135 τὸ
1066 2083 1126 2136 ἓν
1176 2087 1240 2155 τῇ
1306 2085 1400 2138 τοῦ
1459 2087 1665 2158 πατρὸς
1703 2089 1811 2139 ὲπ-

221 2174 586 2245 ακολουθήσει
648 2174 935 2246 δεσποτεία
962 2193 977 2207 ·
1011 2176 1060 2229 εί
1099 2177 1154 2232 δὲ
1185 2172 1266 2243 εἷς
1302 2178 1504 2252 τεχθῇ,
1533 2184 1598 2251 τῇ
1644 2182 1815 2254 μητρὶ⁵

218 2267 414 2322 totum

287 2364 356 2411 κ’.
387 2359 470 2412 Τὰ
499 2357 559 2422 ἐξ
588 2357 882 2429 ἐλευθέρας
917 2359 1157 2429 γαστρὸς
1189 2360 1505 2432 τικτόμενα,
1543 2361 1806 2435 ὲλεύθερά

218 2453 386 2514 ἐστιν,
419 2451 471 2502 εί
504 2451 598 2503 καὶ
620 2449 800 2513 δοῦλός
827 2453 974 2504 ἐστιν
995 2453 1023 2504 ὁ
1056 2453 1237 2524 πατὴρ
1277 2453 1480 2524 αὐτῶν.

287 2540 400 2596 κα’.
442 2541 505 2594 ὐ
535 2542 600 2594 ὲκ
649 2541 846 2612 δούλης
875 2542 1104 2613 τεχθεὶς,
1143 2523 1328 2605 δοῦλός
1351 2523 1532 2598 ἓστιψ
1565 2545 1615 2598 εἰ
1642 2545 1734 2618 καὶ
1769 2547 1799 2599 ό

218 2632 348 2694 ῐδιος
377 2633 649 2701 δεσπότης
675 2631 880 2704 ἐρασθῇ
913 2635 1010 2702 τῆς
1038 2635 1243 2698 οἰκείας
1267 2635 1626 2707 θεραπαίνης.

285 2723 394 2792 κβ’.
467 2723 597 2775 Ἐὰν
641 2724 818 2785 κοινός
869 2727 983 2776 ἐστι
1028 2724 1247 2789 δοῦλος,
1297 2726 1390 2780 καὶ
1433 2726 1680 2796 βούλεταί
1721 2745 1807 2791 τις

218 2815 592 2884 ἐλευθερῶσαι
624 2817 806 2879 αὑτὸν,
843 2815 904 2868 τὸ
931 2816 1166 2886 ἀζήμιον
1198 2818 1422 2870 ποιείτω
1458 2821 1570 2882 τοῖς
1601 2819 1803 2887 ἄλλοις,

217 2904 309 2956 καὶ
343 2905 419 2974 μὴ
451 2903 716 2955 θελόντων
741 2904 944 2971 αὐτῶν,
970 2905 1330 2978 ἐλευθερώσει
1363 2907 1546 2964 αὐτόν.

286 2999 391 3061 κγ’.
435 2994 502 3047 οι
553 2992 949 3064 ἀπελεύθεροι,
1008 2993 1110 3048 κᾶν
1178 2997 1597 3068 στρατευόμενοι
1647 2992 1802 3068 ὦσιν,

1934 655 2079 694 anno
2111 644 2353 712 quolibet
2377 649 2598 703 nomine
2636 653 2902 706 mercedis
2942 657 3248 726 computari
3290 674 3388 728 pro
3423 676 3509 714 re-

1930 730 2150 800 dempto
2176 734 2351 788 debet.

2002 821 2090 876 16.
2125 823 2354 879 Servum
2380 827 2489 882 doti
2525 829 2856 900 adscriptum
2889 847 3064 902 neque
3090 834 3296 900 liberis,
3327 853 3508 907 neque

1931 914 2127 969 marito
2156 919 2537 974 manumittere.
2556 921 2704 976 licet.

2003 1093 2092 1146 l7.
2131 1091 2226 1147 Sin
2259 1094 2372 1149 doti
2407 1096 2590 1150 uxoris
2613 1113 2724 1152 suae
2755 1100 2835 1154 vir
2883 1103 3232 1170 satisfecerit,
3272 1108 3385 1162 sive
3419 1125 3504 1164 res

1927 1182 2137 1250 al'l‘erat,
2181 1202 2274 1241 seu
2330 1190 2596 1259 mancipia
2631 1209 2645 1256 ;
2675 1193 2975 1250 dominium
3015 1209 3182 1253 totum
3217 1203 3347 1270 ipse,
3384 1213 3502 1259 lan-

1926 1290 2087 1342 quam
2119 1286 2296 1345 caput,
2317 1279 2471 1348 juxta
2506 1281 2596 1335 Dei
2633 1284 2945 1339 mandatum
2973 1288 3187 1345 habeat.

2001 1459 2092 1516 18.
2129 1461 2184 1514 Si
2219 1476 2351 1516 vero
2384 1473 2510 1518 ante
2563 1475 2902 1521 contractum
2961 1472 3363 1528 matrimonium
3412 1492 3497 1530 res

1921 1551 2037 1617 ipse
2061 1551 2238 1607 nullas
2265 1553 2481 1620 habeat,
2512 1565 2673 1625 atque
2694 1557 2856 1611 etiam
2891 1569 3008 1627 post
3055 1562 3495 1631 conjunctionem

1922 1641 2266 1706 nuptiarum;
2297 1657 2417 1710 qua:
2466 1644 2729 1713 acquisita
2766 1645 2859 1700 Dei
2902 1650 3238 1717 providentia
3265 1652 3486 1721 fuerint,

1841 1721 1882 1776 Β
1915 1731 2168 1799 utrinque
2209 1730 2550 1800 possideant.

1987 1821 2073 1876 l9.
2109 1820 2165 1877 Si
2202 1823 2312 1877 duo
2338 1825 2660 1894 adscriptitii
2711 1827 3051 1885 diversorum
3081 1833 3421 1888 dominorum
3440 1835 3492 1890 in

1913 1913 2318 1967 matrimonium
2367 1915 2619 1981 coierint,
2654 1918 2920 1987 siquidem
2959 1922 3158 1976 liberos
3207 1925 3337 1978 duos
3363 1939 3495 1994 ρισ-

1914 2005 2237 2070 creaverim,
2287 2016 2435 2062 sorte
2482 2009 2843 2065 dividuntur:
2883 2013 2928 2066 si
2957 2023 3087 2078 tres,
3140 2018 3248 2069 duo
3303 2019 3494 2071 matris

1917 2105 2104 2161 sunto,
2133 2097 2327 2159 tertius
2358 2099 2527 2166 patris
2553 2099 2828 2157 dominum
2859 2107 3098 2174 sequitor
3118 2123 3132 2159 :
3156 2107 3202 2161 si
3229 2122 3367 2162 unus
3395 2122 3493 2162 na-

1915 2188 2003 2237 tus
2034 2182 2218 2250 fuerit,
2244 2187 2434 2242 matris
2452 2195 2591 2243 esto.

1979 2367 2070 2422 20.
2103 2367 2234 2434 Qua:
2288 2382 2587 2426 nascuntur
2612 2387 2643 2427 e
2675 2384 2867 2431 ventre
2905 2376 3094 2443 libero,
3115 2379 3282 2434 libera
3309 2389 3436 2436 sunt
3469 2423 3487 2447 ,

1909 2457 2124 2512 etiamsi
2159 2467 2312 2526 pater
2328 2472 2514 2513 eorum
2547 2475 2739 2516 servus
2767 2465 2860 2517 sit.

1980 2546 2072 2602 2t.
2097 2545 2173 2600 Ex
2203 2549 2396 2604 ancilla
2428 2559 2611 2614 natus,
2638 2565 2826 2607 servus
2863 2563 2968 2619 σοι,
2997 2554 3210 2612 etiamsi
3234 2559 3487 2614 dominus

1911 2633 2025 2704 ipse
2053 2649 2207 2687 suam
2227 2634 2477 2689 ancillam
2505 2636 2858 2694 adamaverit.

1978 2723 2070 2777 22.
2122 2722 2180 2777 Si
2217 2738 2409 2779 servus
2438 2728 2744 2782 communis
2773 2728 2866 2794 sit,
2888 2737 2946 2784 et
2993 2730 3188 2799 aliquis
3210 2748 3332 2787 eum
3371 2752 3486 2790 ma-

1907 2814 2200 2869 numittere
2222 2815 2376 2879 velit,
2405 2815 2582 2872 socios
2611 2817 2890 2874 indemnes
2927 2830 3144 2888 praestet
3176 2839 3194 2890 ;
3223 2833 3385 2893 atque
3409 2825 3482 2879 ita

1906 2908 1992 2962 vel
2021 2907 2330 2962 uolentibus
2375 2908 2527 2978 ipsis,
2570 2923 2693 2964 eum
2737 2911 3104 2966 tnanutnittet.
3447 2985 3449 2988 γ

1974 2997 2064 3052 25.
2107 2995 2305 3052 Liberti
2329 3034 2347 3062 ,
2372 2996 2497 3051 licet
2527 2997 2777 3064 militent,
2807 2997 2859 3052 in
2890 3001 3208 3056 servitutem
3243 3017 3306 3056 ex
3339 3018 3473 3058 cau-

223 3084 278 3149 ὲξ
297 3085 903 3156 ἅχαριστιῶνξτοιούτων
926 3087 1386 3144 καταδουλοῦνται
1408 3090 1498 3162 [πε
1507 3091 1562 3161 pl.
1576 3092 1770 3146 ἀναδου
1781 3121 1802 3134 ο

1907 3087 1983 3143 sis
2027 3087 2429 3160 ingratitudinis
2476 3088 2786 3158 hujusmodi
2819 3091 3190 3156 retrahuntur,
3222 3093 3276 3148 Si
3300 3094 3478 3148 domi-

220 3174 477 3250 λώσεως],
499 3178 597 3231 ἐὰν
613 3179 742 3241 τοὺς
775 3177 996 3249 κυρίους
1024 3179 1151 3242 τοὺς
1186 3179 1560 3251 ὲλευθερωτὰς
1591 3183 1792 3248 αὐτῶν,

214 3267 412 3335 iisab;
455 3267 657 3332 παῖδας
711 3267 894 3322 αὐτῶν
947 3267 1225 3338 τύψωσιν,
1274 3271 1306 3342 ἢ
1363 3271 1656 3342 ὑϐρίσωσιν
1688 3314 1702 3339 ,
1759 3273 1794 3344 ἢ

210 3359 273 3411 ἐκ
291 3376 436 3424 τινος
471 3359 882 3429 ὑπερηφανείας
916 3362 1036 3414 κατ’
1074 3361 1254 3415 αὐτῶν
1272 3363 1731 3435 τραχηλιάσωσιν·
1759 3365 1794 3436 ἢ

212 3451 352 3521 μετὰ
400 3453 464 3503 τὸ
501 3452 740 3521 ταφῆναι
782 3451 874 3504 τὸν
925 3453 1118 3507 ἑαυτοῦ
1151 3453 1340 3525 κύριον
1386 3455 1676 3526 ἐρχόμενος
1720 3457 1797 3528 μὴ

208 3543 394 3596 πεσὼν
435 3543 795 3615 προσκυνήσει
832 3543 924 3596 τὸν
960 3545 1130 3614 τάφον
1154 3583 1170 3604 .
1220 3547 1254 3617 ἢ
1292 3545 1428 3610 ὅλως
1466 3547 1527 3598 οὐ
1591 3549 1798 3618 μικράν

138 3694 144 3696 _
207 3651 333 3687 τινα
394 3635 762 3707 πρόσκρουσιν
841 3637 1023 3699 αὐτοῖς
1092 3639 1348 3710 παράσχῃ
1379 3679 1394 3704 ,
1446 3639 1800 3712 ῆζημιώσῃ,

205 3727 243 3797 ἢ
283 3726 733 3796 ὲπιθουλεύσηται
769 3727 972 3791 αὐτοῖς,
1001 3728 1096 3781 καὶ⁵
1127 3728 1186 3782 ἓν
1223 3729 1284 3794 ἐξ
1316 3729 1496 3783 αὐτῶν
1537 3730 1688 3802 παρὰ
1712 3732 1792 3802 τῷ

213 3817 442 3884 ἄρχοντι
474 3817 780 3889 ἀποδειχθῇ,
823 3818 1263 3875 ἁναδουλοῦνται.
1302 3820 1466 3875 Ἀλλὰ
1499 3824 1594 3874 καὶ
1635 3824 1795 3876 πενό-

217 3919 385 3972 μενον
438 3906 527 3960 τὸν
556 3908 814 3978 πάτρωνα
845 3909 1221 3978 ἀναγκάζεται
1249 3911 1472 3982 τρέφειν
1504 3913 1533 3964 ὁ
1561 3911 1794 3968 ἀπελεύ-

211 3994 271 4048 θε
277 4011 394 4066 ρος.

1902 3194 2002 3234 nos
2019 3194 2046 3231 a
2068 3180 2264 3250 quibus
2291 3177 2606 3234 manumissi
2629 3191 2773 3244 sunt,
2803 3190 2894 3233 aut
2917 3196 3104 3236 eorum
3130 3183 3328 3241 liberos
3357 3201 3481 3253 per-

1903 3269 2193 3332 cusserint,
2225 3267 2307 3321 vel
2356 3267 2567 3336 injuriis
2622 3268 2918 3335 aﬂ‘ecerint,
2973 3272 3056 3326 vel
3106 3288 3172 3328 ex
3227 3275 3478 3342 superbia

1879 3346 2132 3428 -quadam
2161 3358 2214 3412 in
2249 3372 2344 3412 eos
2365 3360 2617 3414 'cerviccs
2657 3361 2933 3415 erexerint
2964 3377 2978 3416 :
3043 3363 3122 3419 vel
3157 3364 3201 3418 si
3229 3365 3354 3434 quis
3379 3366 3478 3419 do-

1901 3451 2050 3504 mino
2093 3464 2194 3505 suo
2224 3448 2337 3518 jam
2377 3448 2588 3516 sepulto
2635 3453 2878 3514 veniens,
2935 3467 3039 3504 non
3101 3453 3383 3523 prolapsus
3421 3455 3476 3510 in

1901 3552 2098 3596 terram
2149 3531 2455 3610 sepulcrum
2494 3540 2785 3594 summisse
2829 3551 3116 3596 veneratus
3147 3541 3330 3608 fuerit,
3392 3545 3475 3599 vel

1898 3647 2006 3686 non
2037 3631 2258 3684 omnino
2291 3629 2481 3683 leviter
2537 3643 2632 3683 eos
2678 3629 2985 3696 ollenderit,
3020 3634 3177 3687 autsi
3219 3637 3472 3690 damnum

1907 3722 2139 3786 dederit,
2173 3730 2266 3774 aut
2315 3720 2539 3774 insidias
2577 3717 2786 3785 fecerit,
2837 3735 3130 3792 eorumque
3177 3725 3260 3778 vel
3305 3741 3470 3778 unutn

1897 3813 2284 3884 aliquod,apud
2307 3820 2593 3882 pmtorem
2629 3811 2913 3880 probatum
2945 3811 3126 3878 fuerit,
3164 3815 3218 3868 in
3250 3815 3473 3870 servitu-

1900 3910 2375 3974 tem,revocantur.
2399 3898 2538 3965 Quin
2563 3899 2726 3954 etiam
2752 3899 2974 3957 libertus
3006 3913 3288 3972 patronum
3312 3918 3470 3973 egen-

1899 4003 2004 4048 tem
2031 3995 2176 4050 alerc
2195 3993 2430 4064 cogitur.

1900 4098 1986 4156 Ea:
2016 4099 2480 4156 constitutionibus
2520 4101 2735 4157 novellis
2761 4102 2825 4156 de
2851 4100 3246 4156 manumittenti:
3269 4116 3470 4157 unum

279 4099 379 4156 Ἐκ
411 4100 531 4157 τῶν
562 4104 790 4173 νεαρῶν
821 4104 1146 4169 διατάξεων
1183 4105 1319 4173 περὶ
1354 4106 1463 4161 τοῦ
1515 4106 1756 4163 agnas-
1900 4099 1986 4156 Ea:
2016 4099 2480 4156 constitutionibus
2520 4101 2735 4184 novellis
2761 4102 2810 4156 dt

559 4176 809 4225 ooﬁrtoc
834 4175 1158 4225 ἀλλότριον
1181 4176 1436 4225 οἰκέτην.
2581 4173 2810 4225 ahenum

551 4176 809 4243 ροῦντος
834 4175 1158 4242 ἀλλότριον
1181 4176 1436 4242 οικὲτην.

277 4266 375 4320 κδ’.
436 4265 640 4329 Καθὼς
688 4265 1064 4337 ὑπεσχόμεθα,
1117 4265 1308 4338 καιρός
1361 4268 1478 4322 ἐστι
1510 4267 1790 4323 διαλαϐεῖν

1965 4261 2058 4317 24.
2095 4263 2249 4318 Sicut
2303 4265 2670 4334 promisimus,
2697 4275 2906 4334 tempus
2931 4275 3034 4330 est,
3056 4275 3112 4320 ut
3142 4266 3210 4321 de
3237 4282 3363 4322 casu
3390 4269 3466 4322 rei

205 4360 331 4428 περὶ
381 4356 478 4410 τοῦ
530 4357 1140 4428 πενταπλασιαζομένου
1201 4357 1458 4428 θέματος.
1524 4359 1680 4413 Ἔστι
1729 4359 1788 4414 δὲ

1907 4354 2350 4424 ιιιίηιυριὶοοιιιιαι
2399 4357 2750 4413 disseramus.
2780 4355 2830 4410 ls
2874 4372 3005 4436 vero
3031 4358 3464 4438 hujusmodigst.

202 4450 444 4505 τοιοῦτον
469 4465 488 4486 ο
536 4449 597 4504 '0
637 4450 712 4522 μὴ
742 4449 818 4504 ὢν
868 4451 1167 4523 δεσπότης.
1221 4453 1316 4506 καὶ
1371 4452 1462 4506 τὸν
1509 4453 1789 4525 ἀλλότριον

1907 4443 1995 4511 Qui
2023 4458 2128 4500 non
2168 4454 2250 4500 est
2267 4444 2542 4510 dominus,
2563 4455 2617 4501 et
2645 4461 2860 4501 servum
2913 4445 3171 4510 alienum,
3207 4455 3462 4516 tanquam

201 4539 386 4594 δοῦλον
419 4539 498 4602 ώς
539 4538 668 4592 ἴδιον
694 4537 1094 4610 ἐλεύθερώσας,
1125 4540 1220 4594 ἐπὶ
1255 4540 1352 4595 τοῦ
1388 4541 1654 4612 βασιλέως
1685 4543 1788 4614 τῆς

1907 4551 2048 4591 suum
2073 4535 2409 4602 manumisit,
2433 4536 2576 4606 apud
2618 4536 3001 4606 imperatorem
3029 4536 3254 4592 rescissa
3279 4552 3466 4590 manu-

202 4631 517 4700 ἐλευθερίας
550 4631 1021 4702 άνατρεπομένης,
1053 4632 1479 4698 διαναγκάζεται
1503 4636 1533 4688 ὁ
1565 4635 1790 4689 ἐλευθε-

1907 4625 2172 4692 nissione,
2193 4627 2405 4696 cogitur
2427 4627 2517 4682 hic
2555 4627 2668 4696 ipse
2697 4627 3083 4682 manumittens
3133 4625 3250 4682 loco
3275 4643 3465 4680 manu-

206 4719 387 4790 ρώσας
417 4718 687 4790 παρέχειν
750 4720 912 4774 πέντε
962 4719 1184 4785 οίκέτας
1224 4721 1345 4776 ἀντὶ
1371 4723 1468 4778 τοῦ
1492 4723 1794 4794 ἐλευθερω-

1907 4718 2046 4775 nissi
2075 4719 2315 4789 quinque
2362 4733 2548 4775 servos
2592 4719 2724 4775 alios
2777 4727 3075 4790 praestare:
3111 4719 3364 4773 nimirum
3411 4729 3466 4773 ct

202 4811 413 4874 θέντοςο
449 4810 613 4882 δῆθεν
673 4810 795 4865 καθ’
845 4812 1098 4883 ἠλικίαν,
1153 4813 1247 4866 καὶ
1288 4813 1433 4869 κατὰ
1465 4814 1650 4884 φύσιν,
1692 4815 1792 4870 καὶ

1907 4819 2068 4874 etate,
2098 4818 2155 4864 et
2189 4823 2345 4877 sexu,
2369 4819 2428 4865 et
2456 4809 2655 4876 indole,
2683 4819 2736 4864 et
2758 4809 3097 4865 artcsimiies
3126 4827 3142 4875 ;
3167 4809 3304 4865 duos
3344 4825 3462 4863 nta-

200 4900 341 4952 κατὰ
377 4899 604 4970 τρόπον,
636 4901 731 4954 καὶ
757 4901 900 4955 κατὰ
948 4901 1145 4972 τέχνην
1173 4901 1418 4971 ὁμοίους·
1446 4902 1541 4958 δύο
1577 4903 1676 4975 μὲν
1707 4905 1788 4975 τῷ

1907 4903 2118 4956 inmissi
2143 4903 2381 4967 domino,
2421 4911 2530 4956 tres
2557 4901 2709 4957 ﬁsco.
2745 4899 2899 4955 Tunc
2924 4911 3102 4956 autem
3126 4901 3194 4965 is,
3229 4900 3318 4968 qui
3344 4915 3461 4952 ma-

199 4988 435 5060 δεσπότῃ
463 4991 560 5043 τοῦ
588 4990 1048 5063 ἐλευθερωθέντος
1074 5031 1090 5056 ,
1124 4996 1272 5063 τρεῖς
1311 4995 1370 5048 δὲ
1407 4993 1486 5065 τῷ
1515 4995 1785 5066 δημοσίῳ·

1907 4995 2128 5060 inmisit,
2165 5008 2322 5063 poena
2347 4995 2604 5065 praedicta
2639 4994 2929 5058 multatur;
2959 5008 3080 5048 cum
3099 5008 3256 5048 servo
3286 4992 3462 5047 alieno

197 5081 320 5133 τότε
353 5080 410 5133 δὲ
440 5083 773 5153 τιμωρεῖται
797 5083 827 5135 ό
856 5082 1235 5154 ἐλευθερώσας
1285 5088 1353 5156 τῇ
1409 5089 1784 5160 προειρημένῃ

1909 5087 2214 5152 ibertatem,
2247 5086 2419 5144 inscio
2449 5087 2619 5155 ipsius
2646 5087 2867 5142 domino
2898 5086 3070 5142 dedit.

201 5174 378 5244 πεινῇ,
401 5174 494 5226 ὅτε
517 5173 863 5244 ἠλευθέρωσε
886 5175 976 5230 τὸν
1001 5176 1280 5249 ἀλλότριον
1301 5177 1505 5245 δοῦλον,
1529 5179 1786 5248 ἀγνοοῦν-

200 5279 286 5328 τος
314 5264 409 5318 τοῦ
450 5265 721 5319 δεσπότου
765 5265 952 5328 αὐτοῦ.

782 5364 1032 5423 ΤΙΤΛΟΣ
1075 5370 1208 5425 KA'.

478 5456 620 5526 Περὶ
673 5456 948 5526 πράσεως
979 5461 1080 5515 καὶ
1121 5461 1465 5532 ἀγοράσεως

269 5548 334 5603 ι’.
379 5549 713 5620 Ἐγγράφως
739 5548 836 5602 καὶ
864 5549 1130 5620 ἀγράφως
1155 5555 1358 5625 πρᾶσις
1385 5555 1480 5608 καὶ
1503 5556 1774 5627 ἀγορασία

204 5642 291 5696 ἐπὶ
314 5643 619 5716 οῑῳδήποτε
650 5641 781 5695 εῐδει
829 5644 922 5696 καὶ
977 5639 1268 5716 πράγματι
1320 5647 1422 5718 τῆς
1453 5652 1622 5720 τιμῆς
1656 5667 1771 5704 στι-

2449 5375 2743 5435 TITULUS
2768 5379 2908 5435 XXI.

2263 5471 2340 5527 De
2368 5473 2660 5527 venditione
2683 5490 2744 5526 ac
2771 5477 3030 5543 emptione

1951 5563 2006 5618 l.
2045 5562 2180 5618 Tam
2204 5578 2299 5633 per
2323 5564 2672 5631 scripturam,
2702 5579 2862 5633 quam
2894 5565 3013 5618 sine
3033 5561 3295 5629 scriptura
3318 5572 3451 5613 con-

1879 5657 2115 5711 trahitur
2156 5655 2395 5710 venditio
2438 5664 2493 5710 et
2541 5655 2744 5722 emptio
2768 5655 2908 5711 citra
2962 5653 3140 5710 dolum
3168 5649 3367 5706 malum
3391 5649 3447 5703 in
