4050 6418
515 229 625 296 519

1509 211 2015 300 CONSTANTlNl
2053 240 2722 306 PORPHYROGENITI

3665 243 3780 314 520

514 360 838 415 quacunque
855 346 1053 415 specie,
1074 362 1137 403 ac
1160 361 1238 415 re,
1271 347 1662 406 interveniente
1684 350 1839 420 pretii
1871 352 2082 418 pactio-

2204 356 2468 424 (ουμένης
2535 358 2853 410 συνίσταται
2918 354 3138 418 ἀδόλως.
3194 355 3390 409 Ἦνίκα
3434 352 3594 430 οὖνὴ
3639 355 3779 430 τιρή

517 453 600 492 ne.
626 439 758 493 Cum
778 440 944 511 igitur
972 444 1046 496 rei
1098 445 1328 512 pretium
1354 445 1421 498 ab
1443 455 1687 514 emptore
1703 447 1886 498 datum
1913 446 2096 507 fuerit,

517 545 622 584 non
648 531 772 585 licet
820 533 1083 603 ejusmodi
1142 535 1502 589 venditionem
1550 535 1940 603 pmuitcutibus
1969 537 2099 606 ipsis

518 624 850 679 rescindere.

589 714 641 766 2.
677 714 808 768 Nam
825 717 974 770 debet
990 726 1201 786 emptor
1215 726 1340 770 ante
1358 727 1692 773 contractum
1712 731 1766 774 et
1786 724 2099 781 examinare

516 820 632 860 rem
667 816 719 860 et
748 817 1000 861 accurate
1028 808 1303 876 inquirere
1346 821 1513 877 atque
1543 811 1616 864 ita
1649 815 1988 904 contrahere.

587 984 642 1038 5.
701 983 756 1038 Si
813 999 940 1038 vero
989 985 1268 1055 deinceps,
1347 998 1403 1043 ut
1448 991 1562 1045 ﬁeri
1609 991 1766 1056 solet,
1822 995 2098 1050 venditum

516 1090 711 1143 corpus
736 1076 1008 1131 inventum
1034 1077 1198 1134 fuerit
1242 1095 1363 1136 esse
1396 1082 1647 1152 liberum,
1699 1086 1781 1140 vel
1810 1086 2102 1157 lymphati-

517 1182 666 1228 cum,-
697 1169 962 1222 veuditori
999 1171 1328 1226 redhibetur.

584 1256 638 1309 4.
665 1254 721 1310 Si
751 1257 914 1311 arrha
948 1260 1069 1312 data
1105 1259 1268 1315 fuerit
1295 1263 1344 1316 in
1397 1279 1740 1336 quocumque
1791 1277 2097 1336 contractu,

516 1360 680 1413 quum
716 1362 820 1402 non
871 1348 1125 1418 impletus
1180 1353 1345 1407 tuerit
1380 1365 1694 1412 contractus
1722 1358 1868 1414 illius
1919 1361 2097 1430 culpa,

516 1438 606 1506 qui
632 1438 848 1492 arrbam
881 1441 1047 1508 dedit,
1081 1442 1319 1499 lucretur
1347 1447 1563 1501 arrham
1615 1449 1682 1512 is,
1721 1451 1814 1519 qui
1845 1453 2053 1522 accepit
2082 1469 2097 1506 :

516 1527 597 1580 sin
669 1527 788 1595 ejus
869 1531 1234 1602 negligentia,
1287 1539 1379 1604 qui
1450 1538 1667 1593 arrham
1723 1543 1952 1613 aet-epit,
2014 1559 2102 1600 res

517 1616 756 1687 perfecta
780 1635 884 1675 non
918 1620 1103 1690 fuerit,
1147 1625 1335 1681 reddat
1367 1642 1485 1683 eam
1522 1630 1620 1696 illi,
1643 1632 1733 1701 qui
1778 1634 1946 1694 dedit.
1975 1651 2096 1690 cum

519 1707 693 1763 altero
723 1718 892 1766 tanto.

589 1813 641 1867 5—
673 1813 730 1868 Si
761 1830 952 1872 servus
975 1819 1229 1874 venditus
1257 1829 1353 1874 aut
1382 1823 1525 1877 diem
1553 1825 1770 1892 abierit,
1815 1839 1908 1884 aut
1945 1844 2100 1902 parte

519 1905 768 1972 COrporis
802 1905 963 1961 laesus
991 1909 1174 1974 fuerit,
1212 1911 1469 1966 nimirum
1504 1916 1659 1982 pede,
1685 1917 1772 1972 vel
1795 1935 1978 1984 manu,
2014 1922 2098 1978 vel

520 1995 678 2048 oculo
703 2012 718 2050 :
741 2006 833 2052 aut
861 1999 907 2053 si
928 1999 1124 2054 domus
1160 2001 1417 2059 distracta
1444 2007 1536 2070 sit,
1567 2017 1659 2062 aut
1691 2025 1816 2079 pars
1838 2011 1978 2080 ejus,
2009 2013 2094 2069 vel

521 2091 630 2138 t0ta
649 2084 772 2154 igne
809 2088 1094 2159 absumpta
1144 2090 1308 2146 fuerit
1336 2110 1348 2146 :
1385 2103 1482 2148 aut
1509 2109 1641 2167 ager
1664 2099 1713 2152 vi
1746 2099 1980 2157 (luminis
2011 2113 2096 2157 to-

521 2180 628 2238 tus,
653 2187 744 2230 aut
775 2177 951 2247 aliqua
987 2189 1141 2249 parte
1183 2191 1390 2251 pereat,
1423 2194 1518 2239 aut
1555 2186 1717 2242 arbor
1744 2205 1773 2242 a
1802 2201 1965 2245 vento
1999 2191 2099 2246 de-

515 2262 658 2332 iecta
703 2268 822 2321 sit:
877 2269 932 2323 in
1005 2271 1090 2326 his
1165 2273 1418 2330 omnibus
1485 2277 1741 2332 damnum
1800 2291 2099 2352 emptorem

519 2365 745 2426 spectat.

589 2446 643 2501 6.
674 2448 730 2503 Si
759 2465 949 2508 servus
981 2455 1148 2510 meus
1178 2457 1292 2526 agri
1345 2460 1547 2515 vcnditi
1603 2465 1865 2519 terminos
1911 2472 2098 2520 osten-

518 2538 647 2594 dere
683 2539 889 2608 jussus,
917 2545 1036 2614 plus
1064 2549 1383 2614 ostenderit,
1436 2551 1601 2622 idque
1619 2556 1713 2623 “vel
1766 2557 1888 2610 dolo
1929 2557 2096 2623 malo,

517 2629 600 2683 vel
625 2645 721 2699 per
760 2632 1139 2702 ignorantiam,
1175 2654 1283 2694 non
1319 2641 1432 2710 ipse
1456 2645 1811 2701 condemnor.
1834 2643 1979 2702 Idem
2002 2665 2098 2703 va-

517 2721 591 2775 let
622 2723 856 2780 ctiamiu
889 2728 1203 2795 traditione,
1236 2748 1359 2788 cum
1402 2734 1588 2806 incipit
1614 2742 1908 2807 possessio.

590 2828 644 2883 7.
678 2829 735 2884 Si
769 2842 893 2886 ante
922 2835 1271 2893 traditionem
1306 2853 1497 2896 servus
1517 2843 1768 2899 venditus
1801 2845 2098 2917 aufugerit,

2195 446 2290 498 τοῦ
2333 448 2655 516 πράγματος
2708 447 2788 517 τῷ
2847 447 3144 517 ἡγορακότι
3192 447 3341 516 δοθῇ,
3373 448 3474 518 τὴν
3521 453 3783 521 τοιαύτην

2199 539 2402 606 πρᾶσιν
2472 542 2535 591 ἐκ
2599 539 3098 610 μεταμελουμένων
3161 538 3342 592 αὐτῶν
3409 540 3484 610 μὴ
3542 543 3779 614 ἀνατρέ-

2200 627 2416 681 πεσθαι.

2272 719 2338 788 β’,
2385 722 2474 772 Δεῖ
2505 720 2612 790 γὰρ
2649 719 2742 773 τὸν
2779 720 3090 790 ἀγοραστὴν
3125 720 3232 791 πρὸ
3260 719 3355 772 τοῦ
3393 721 3783 792 συναλλάγμα-

2197 825 2290 870 τος
2327 808 2394 860 δι’
2446 807 2677 878 ἐρεύνης
2709 807 2984 876 γενέσθαι,
3043 807 3136 860 καὶ
3178 805 3442 876 ἀκριϐοῦν
3481 803 3786 881 [διερευνᾷν

2200 903 2257 955 ὲν
2285 901 2587 972 ἀκριϐείᾳ],
2626 903 2720 955 καὶ
2757 900 2900 954 οὕτω
2933 901 3314 955 συναλάσσειν.

2270 991 2338 1059 γ’.
2378 992 2540 1058 Εἰδὲ,
2579 993 2652 1055 ὡς
2690 992 2857 1056 εἰκὸς,
2899 994 3039 1062 μετά
3063 993 3226 1046 τοῦτο
3261 995 3459 1066 εὑρεθῇ
3485 995 3545 1047 τὸ
3573 995 3785 1066 πραθὲν

2204 1082 2371 1154 [κατά
2393 1083 2492 1154 τὴν
2525 1083 2773 1154 πρᾶσινῙ,
2813 1085 2976 1154 σῶμα.
3024 1084 3331 1156 ἐλεύθερον,
3386 1088 3418 1161 ἢ
3455 1089 3551 1140 καὶ
3587 1087 3784 1157 δαιμο-

2201 1161 2328 1239 νῶν,
2355 1175 2516 1229 τοῦτο
2548 1175 2910 1230 ἀναδίδοσθαι.

2272 1268 2334 1321 δ’.
2373 1266 2501 1322 Ἐὰν
2566 1269 2823 1339 ἀρραϐὼν
2875 1269 3004 1340 δοθῇ
3063 1270 3124 1322 ὲν
3173 1271 3471 1342 οίῳδήποτε
3521 1271 3788 1326 συναλλά-

2202 1376 2394 1429 γματι,
2453 1360 2529 1422 ὡς
2568 1359 2795 1422 ἀτελοῦς
2844 1360 2996 1423 ὄντος
3041 1359 3134 1413 τοῦ
3192 1362 3641 1432 συναλλάγματος
3667 1403 3681 1427 ,
3725 1363 3788 1426 ἐξ

2201 1451 2594 1521 ἀγνωμοσύνης
2627 1452 2726 1521 μὲν
2747 1451 2838 1504 τοῦ
2865 1452 3177 1517 δεδωκότος,
3199 1455 3256 1506 ὲν
3284 1453 3464 1524 κέρδει
3484 1455 3729 1522 γενέσθω
3758 1458 3788 1507 ὁ

2202 1543 2458 1616 ἀρραϐὼν
2491 1543 2583 1596 τοῦ
2616 1543 2892 1607 λαϐόντος.
2928 1543 2989 1596 ΕΞ
3020 1544 3076 1597 δὲ
3099 1545 3157 1609 ἐξ
3186 1545 3447 1613 ἀμελείας
3472 1545 3567 1598 τοῦ
3596 1545 3788 1599 λαϐόν-

2204 1652 2295 1698 τος
2325 1635 2386 1688 ob
2425 1635 2642 1706 πραχθῇ
2680 1635 2741 1688 τὸ
2771 1634 2929 1706 ἔργον
2959 1637 3037 1699 εἰς
3065 1637 3238 1701 τέλος,
3281 1637 3613 1691 ἀναδιδόσθω
3647 1638 3787 1707 μετά

2203 1729 2298 1781 καὶ
2329 1727 2490 1782 ἄλλου
2528 1727 2786 1781 τοσούτου
2819 1729 2897 1798 τῷ
2930 1729 3186 1782 δεδωκότι
3220 1730 3404 1783 αὐτόν.

2269 1830 2330 1885 ε’.
2372 1831 2433 1883 '0
2490 1831 2843 1901 πεπραμένος
2874 1831 3094 1901 οἰκέτης
3134 1832 3182 1883 εἰ
3218 1833 3312 1884 καὶ
3352 1831 3667 1901 τελευτήσει
3699 1875 3714 1897 ,
3748 1833 3784 1903 ἦ

2207 1921 2372 1991 μέρος
2425 1937 2478 1972 τι
2527 1920 2696 1991 βλαόῇ
2744 1922 2838 1974 τοῦ
2900 1921 3176 1992 σώματος,
3230 1922 3389 1988 πόδα,
3443 1922 3476 1993 ἢ
3523 1927 3704 1994 χεῖρα,
3751 1924 3785 1993 ἦ

2202 2012 2482 2083 ὀφθαλμόν
2507 2029 2522 2044 ο
2561 2014 2592 2083 ἢ
2622 2013 2770 2067 οἰκία
2811 2015 2960 2066 ἐστὶν
2993 2016 3027 2085 ἡ
3059 2015 3388 2084 πεπραμένη
3413 2055 3428 2080 ,
3469 2016 3563 2068 καὶ
3596 2016 3790 2084 μέρος,

2205 2103 2238 2175 ἢ
2288 2106 2436 2157 πᾶσα
2468 2106 2601 2174 πυρὶ
2633 2105 2944 2177 δαπανηθῇο
2981 2106 3013 2176 ἢ
3043 2107 3212 2177 ἀγρὸς
3243 2106 3334 2177 βίᾳ
3368 2106 3615 2176 ποταμοῦ
3639 2106 3787 2170 ὅλος,

2205 2196 2238 2264 ἢ
2273 2196 2438 2266 μέρος
2468 2189 2795 2262 ἀπόλλυταιί
2817 2199 2849 2268 ἢ
2873 2199 3089 2268 δένδρον
3123 2198 3183 2266 ἐξ
3209 2199 3415 2269 ἀνέμου
3451 2201 3788 2252 καταπεσόνο

2202 2282 2297 2335 ἐπὶ
2345 2283 2550 2337 τούτων
2584 2287 2802 2339 πάντων
2833 2289 2866 2355 ἠ
2909 2286 3080 2354 ζημία
3129 2287 3220 2340 τὸν
3249 2288 3560 2360 ἀγοραστὴν
3591 2291 3714 2360 ὁρᾷ.

2277 2473 2352 2532 ς’.
2398 2468 2522 2522 Ἐὰν
2544 2468 2858 2532 κελευσθεὶς
2890 2470 2918 2520 ό
2947 2469 3130 2533 δοῦλός
3177 2487 3277 2541 μου
3308 2473 3432 2535 τοὺς
3467 2473 3626 2543 ὅρους
3655 2473 3794 2526 ύποοΔ

2201 2559 2370 2624 δεῖξαι
2396 2549 2488 2614 τοῦ
2520 2561 2821 2632 πραθέντος
2853 2562 3046 2630 ἀγροῦ,
3077 2563 3239 2616 πλέον
3269 2565 3550 2637 ὑποδείξῃ,
3583 2566 3614 2634 ἢ
3646 2566 3794 2618 κατὰ

2198 2649 2370 2714 δόλον,
2423 2650 2455 2721 ἢ
2515 2653 2636 2704 κατ’
2672 2652 2919 2714 ἄγνοιαν.
2953 2653 3012 2704 οὐ
3057 2652 3518 2721 καταδικάζομαι.
3555 2654 3598 2705 Τ
3600 2654 3628 2706 δ
3656 2655 3795 2706 αὐτὸ

2201 2743 2298 2796 καὶ
2334 2743 2427 2796 ἐπὶ
2463 2743 2839 2814 παραδόσεως,
2871 2745 3044 2815 νομῆς
3072 2745 3370 2816 ἀρχούσης.

2271 2846 2340 2910 ζ’.
2379 2848 2443 2900 Ei
2473 2848 2579 2918 πρὸ
2614 2849 2968 2920 παραδόσεως
3016 2849 3162 2920 φύγῃ
3189 2853 3217 2903 ό
3247 2849 3478 2920 πραθεὶς
3509 2850 3714 2917 δοῦλος,
3750 2855 3788 2924 ἦ

517 2927 610 2974 aut
641 2919 715 2975 ita
759 2921 905 2979 furto
950 2927 1258 2986 subtractus
1294 2931 1364 2986 ab
1400 2933 1584 3002 aliquo
1619 2935 1802 3002 fuerit,
1839 2946 1898 2992 ut
1941 2938 2099 2995 dolus

2204 2939 2298 2991 και
2323 2937 2504 3009 κλαπῇ
2532 2939 2635 2992 ὑπό
2654 2956 2820 3003 τινος,
2849 2939 2924 3003 ὡς
2956 2941 3030 3010 μὴ
3061 2919 3211 2993 δόλον
3238 2940 3270 3010 ἢ
3293 2919 3582 3013 ῥᾳθυμίαν
3623 2919 3787 3012 city;

519 3010 694 3067 malus
722 3021 817 3067 aut
844 3015 998 3086 culpa
1027 3017 1078 3072 in
1105 3019 1188 3075 his
1238 3021 1453 3090 probari
1483 3035 1719 3094 nequeat
1745 3068 1763 3096 ,
1799 3029 1906 3084 hoc
1937 3031 2099 3086 modo

2204 3030 2392 3101 χεσθαι
2436 3029 2566 3102 περὶ
2606 3031 2799 3096 ταῦτα,
2847 3033 2897 3084 εἰ
2948 3031 3044 3085 τοῦ
3084 3010 3394 3102 πράτουντὸ
3430 3010 3788 3104 ζημιοῦσθαι,

518 3100 716 3198 inquiri
741 3103 918 3172 debet,
952 3121 1018 3160 an
1049 3110 1349 3168 venditoris
1404 3114 1506 3169 hoc
1529 3115 1731 3174 damno
1757 3119 1846 3175 sit.
1880 3120 2092 3193 Quippe

2204 3100 2282 3175 δεῖ
2333 3100 2519 3186 οὕτως
2563 3121 2820 3194 ζητῆσαι.
2864 3123 2927 3176 Εἰ
2985 3124 3084 3194 μὲν
3124 3100 3203 3188 εἰς
3263 3100 3517 3179 ὲαυτὸνό
3571 3129 3792 3198 πράτης

517 3186 564 3241 si
593 3190 840 3245 venditor
867 3194 918 3248 in
944 3209 1002 3250 se
1022 3199 1324 3254 custodiam
1375 3203 1517 3258 servi
1562 3205 1764 3261 venditi
1800 3186 2092 3280 receperit,

2204 3212 2487 3280 ἀνεδέξατο
2519 3213 2618 3283 τὴν
2675 3213 2769 3266 τοῦ
2805 3215 3161 3285 πεπραμένον
3228 3217 3441 3270 οἰκέτου
3509 3217 3782 3288 φυλακὴν,

517 3271 633 3343 ipse
655 3276 908 3334 damnum
940 3283 1067 3338 hinc
1119 3301 1404 3358 emergens
1436 3305 1692 3362 agnoscet
1718 3313 1733 3351 :
1777 3298 1860 3352 sin
1890 3314 2011 3354 eam
2039 3301 2092 3356 in

2204 3306 2298 3360 καὶ
2337 3271 2499 3370 αύτδς
2539 3271 3032 3378 ἐπιγνώσεταιιτὴν
3084 3309 3332 3362 ἐντεῦθεν
3367 3311 3602 3381 ζημίαν·
3641 3312 3690 3364 εἱ
3721 3311 3782 3363 δὲ

515 3378 576 3418 se
606 3380 712 3420 non
747 3372 971 3440 recepit,
1005 3388 1228 3432 securus
1257 3381 1382 3435 erit.
1425 3382 1570 3438 ldem
1603 3395 1659 3440 et
1693 3386 1746 3440 in
1772 3390 2097 3447 animalibus

2205 3397 2281 3466 μὴ
2318 3396 2601 3462 ἀνεδέξατο
2647 3372 2736 3461 εἰς
2796 3372 3010 3462 ἑαυτὸν,
3061 3401 3173 3465 ἔξει
3220 3402 3279 3453 τὸ
3326 3372 3646 3473 ἀμέριμνον.
3707 3403 3786 3455 Τὸ

515 3459 749 3524 caeteris,
789 3469 848 3514 ut
897 3477 1058 3532 equo,
1095 3469 1326 3536 camelo,
1369 3481 1424 3528 et
1461 3475 1792 3546 quicumque
1819 3490 1947 3534 sunt
1978 3479 2098 3550 ejus

2204 3485 2336 3540 αὐτὸ
2383 3487 2477 3540 καὶ
2541 3489 2634 3540 ἐπὶ
2675 3488 2785 3540 τῶν
2840 3489 3044 3542 λοιπῶν
3082 3489 3257 3555 ζώων,
3293 3487 3404 3544 οἷον
3450 3493 3640 3557 ἵππου,
3686 3496 3788 3547 καὶ

514 3548 753 3628 generis.
776 3549 1008 3608 Prorsus
1029 3567 1209 3613 autem
1230 3563 1476 3618 venditor
1499 3567 1734 3636 emptori
1764 3568 1832 3624 de
1858 3548 2097 3627 dominio

513 3647 568 3694 et
598 3642 866 3699 evictione
888 3654 1122 3705 tenetur.

582 3838 638 3893 8.
671 3840 729 3896 Si
759 3858 850 3913 qu.
876 3861 988 3901 rem
1016 3864 1359 3909 communem
1407 3857 1667 3914 habentes
1698 3859 1841 3916 inter
1867 3876 1926 3918 se
1956 3865 2100 3934 pacti

515 3925 737 3996 fuerint,
767 3944 827 3986 ut
856 3938 1031 3990 neutri
1063 3939 1227 3994 liceat
1257 3943 1462 4014 absque
1503 3948 1673 4004 altero
1701 3966 1815 4007 rem
1842 3925 2104 4011 eam-dis-

515 4019 769 4075 trahere:
795 4038 962 4092 quum
1003 4044 1140 4085 unus
1167 4041 1374 4100 partem
1412 4051 1564 4091 suam
1588 4024 1826 4098 vendere
1847 4044 2100 4111 voluerit,

513 4119 568 4160 et
597 4113 999 4168 attestalionem
1044 4119 1110 4172 ad
1137 4120 1374 4176 alterum
1411 4127 1478 4180 de
1523 4129 1833 4187 venditione
1876 4133 1959 4188 vel
1985 4149 2102 4189 em-

517 4199 702 4267 ptione
729 4202 1269 4281 interponit,absque
1302 4213 1693 4283 impedimento
1717 4221 1912 4278 deinde
1943 4225 2101 4293 cujus

511 4305 630 4344 eam
665 4295 867 4348 vendit.

581 4394 650 4448 9.‘
669 4394 800 4451 Nam
830 4397 884 4452 in
912 4414 1110 4470 genere
1131 4403 1297 4472 scias,
1338 4407 1383 4462 si
1409 4409 1615 4480 absque
1644 4413 1769 4469 dolo
1808 4418 1953 4471 malo
1991 4429 2089 4473 aut
2117 4385 2164 4442 Β

512 4484 671 4554 culpa
698 4491 998 4548 venditoris
1027 4508 1115 4549 res
1162 4497 1276 4553 haec
1317 4501 1598 4569 acciderit,
1647 4515 1740 4560 aut
1771 4507 1915 4563 aliud
1947 4509 2095 4580 ejus-

514 4578 936 4643 tnodi,securnm
972 4581 1088 4639 fore
1114 4588 1469 4647 venditorem.

586 4681 674 4738 10.
709 4681 862 4741 Sicut
887 4689 1030 4744 enim
1061 4689 1347 4749 fortuitum
1382 4697 1790 4770 detrimentum,
1817 4705 1898 4759 vel
1922 4707 2089 4762 amis-

508 4773 591 4828 sio
608 4775 684 4830 rei
707 4776 959 4846 venditaa,
987 4781 1053 4836 ad
1069 4796 1371 4854 emptorem
1403 4790 1669 4858 pertinet,
1701 4792 1775 4848 ita
1801 4809 2016 4864 quoque
2043 4799 2087 4852 si

511 4867 722 4921 lucrum
750 4872 1046 4927 accesserit
1075 4877 1308 4946 emptori
1340 4882 1519 4935 cedet.

577 5068 666 5127 Η.
703 5071 857 5130 Unde
883 5078 928 5133 si
952 5094 1047 5150 per
1063 5080 1389 5137 alluvionem
1412 5083 1671 5150 ﬂuminis,
1693 5098 1786 5141 aut
1814 5097 1970 5142 terrm
1996 5103 2090 5160 ag-

507 5168 811 5235 gestionem
862 5182 985 5242 post
1014 5175 1382 5231 venditionem
1417 5176 1614 5233 factam
1667 5195 1794 5252 ager
1832 5185 2088 5254 creverit,

504 5268 716 5327 emptor
739 5259 894 5317 lucro
928 5263 1160 5322 fruetur.

577 5361 666 5416 12.
704 5363 762 5418 Si
799 5379 989 5422 aurum
1030 5369 1099 5424 ab
1143 5371 1324 5440 aliquo
1358 5375 1653 5443 repositum
1685 5376 1738 5430 in
1763 5376 1924 5432 domo
1954 5395 2089 5434 ven-

505 5454 612 5509 dita
672 5469 767 5523 per
821 5470 1061 5514 errorem
1125 5465 1409 5529 manserit,
1481 5475 1536 5519 et
1585 5467 1638 5520 in
1692 5483 1754 5522 ea
1812 5481 2086 5538 repertum

504 5542 711 5610 fuerit,
768 5559 956 5604 manet
1002 5551 1163 5621 ejus,
1225 5557 1315 5623 qui
1396 5557 1602 5625 pridem
1661 5560 1916 5616 dominus
1968 5563 2088 5632 ejus

507 5646 643 5691 erat.

2198 3578 2474 3648 καμήλου,
2502 3581 2598 3632 καὶ
2627 3581 2728 3634 ὅσα
2764 3580 2993 3635 τοιαῦτά
3017 3582 3157 3635 ἐστι.
3189 3583 3413 3646 Πάντως
3432 3584 3488 3636 δὲ
3521 3587 3793 3655 χρεωστεῖ

2199 3671 2229 3723 ὁ
2259 3671 2473 3742 πράτης
2517 3671 2596 3743 τῷ
2627 3673 2905 3744 ἀγοραστῇ
2939 3675 3054 3746 τὴν
3099 3673 3462 3729 διαυθέντισιν
3501 3676 3596 3729 καὶ
3640 3676 3792 3729 ἐκδί-

2201 3779 2384 3835 κησιν.

2273 3871 2344 3937 η’.
2399 3866 2529 3920 Ἐάν
2569 3885 2713 3930 τινες
2737 3867 3011 3924 ἐπίκοινον
3039 3871 3274 3940 πρᾶγμα
3305 3871 3524 3940 ἔχοντες
3557 3886 3792 3939 συμφω-

2201 3959 2426 4029 νήσωσι,
2472 3961 2790 4032 μηδετέρῳ’
2818 3961 3000 4014 αὐτῶν
3025 3960 3226 4025 ἐξεῖναι
3274 3961 3402 4014 ἀνευ
3441 3960 3628 4030 ἑτέρου
3661 3978 3788 4012 πω-

2202 4047 2316 4103 λεῖν
2363 4049 2423 4102 τὸ
2455 4051 2712 4121 πρᾶγμα,
2762 4050 2857 4102 ὲάν
2881 4051 2922 4102 ό
2953 4045 3033 4114 εἷς
3066 4052 3282 4122 θελήσει
3315 4051 3375 4104 τὸ
3408 4049 3572 4120 μέρος
3611 4048 3787 4102 αἴ)τοῦ

2201 4139 2423 4206 πωλεῖν,
2472 4143 2564 4195 καὶ
2624 4141 3055 4213 διαμαρτύρεται
3105 4142 3198 4196 τὸν
3224 4143 3412 4212 ἕτερον
3445 4139 3702 4212 περὶτοῦ
3749 4141 3786 4211 ἢ

2202 4231 2474 4304 πωλῆσαιι
2529 4233 2562 4305 ἢ
2627 4234 2942 4303 ἀγοράσαι,
2977 4234 3272 4298 ἀκωλύτως
3334 4233 3505 4286 πωλεῖ
3554 4230 3630 4302 τῷ
3687 4249 3788 4284 τυ-

2201 4324 2372 4392 χόντι.

2270 4427 2336 4482 θ’.
2366 4428 2611 4482 Καθόλου
2644 4427 2753 4500 γὰρ
2783 4427 2915 4492 ἴσθι,
2952 4429 3035 4482 ὅτι
3078 4429 3126 4481 εἰ
3160 4428 3283 4498 δίχα
3334 4427 3488 4481 δόλου
3537 4427 3570 4498 ἢ
3614 4426 3787 4498 ῥᾳθυ-

2200 4518 2330 4589 μίας
2375 4518 2470 4571 τοΰ
2507 4518 2714 4588 πράτου
2749 4519 2932 4590 συμϐῇ
2979 4518 3041 4572 τὸ
3082 4519 3340 4589 πρᾶγμα,
3371 4518 3406 4588 ἡ
3432 4535 3484 4571 τι
3514 4516 3782 4579 τοιοῦτον,

2195 4605 2308 4672 ἔξει
2344 4607 2404 4661 τὸ
2435 4608 2742 4680 ἀμέριμνον
2773 4610 2802 4660 ὁ
2831 4610 3066 4679 πράτης.

2267 4718 2318 4768 ι’.
2360 4712 2579 4783 ’Ὠσπερ
2610 4712 2722 4783 γὰρ
2757 4713 2790 4781 η
2821 4713 2886 4766 ἐκ
2929 4711 3101 4782 τύχης
3153 4712 3447 4775 ἐλάττωσις
3494 4712 3612 4783 ἦτοι
3673 4711 3786 4764 ἀπ-

2194 4801 2361 4856 ώλεια
2384 4802 2476 4856 τοῦ
2507 4804 2862 4874 πεπραμένου
2882 4805 3208 4873 πράγματος
3240 4806 3319 4867 εἰς
3346 4805 3437 4856 τὶιν
3466 4803 3784 4872 ἀγοραστὴν

2191 4894 2504 4964 ἀνατρέχει.
2538 4895 2711 4959 οὕτως
2758 4897 2852 4950 καὶ
2879 4897 3010 4950 εἴτι
3062 4896 3253 4965 γέγονε
3295 4895 3485 4966 κέρδος
3515 4894 3605 4947 τὸν
3649 4896 3786 4963 ἀγο-

2200 4989 2407 5058 ραστὴν
2447 4987 2743 5059 ὠφελήσει.

2269 5100 2358 5147 ια’.
2400 5093 2563 5146 Ὅθεν
2595 5094 2644 5145 εἰ
2675 5093 2770 5146 καὶ
2795 5093 2884 5148 διὰ
2911 5093 3301 5164 προσκλύσεως
3348 5092 3382 5162 ἢ
3412 5089 3783 5162 προσχώσεως

2195 5184 2441 5253 ποταμοῦ
2483 5183 2683 5254 μείζων
2717 5186 2985 5253 γέγονενό
3020 5186 3189 5254 ἀγρὸς
3230 5184 3368 5254 μετὰ
3404 5184 3505 5254 τὴν
3552 5183 3780 5253 πρᾶσιν,

2193 5279 2255 5330 τὸ
2283 5277 2473 5348 κέρδος
2508 5279 2534 5330 ό
2579 5278 2888 5349 ἀγοραστὴς
2921 5277 3241 5331 ἀπολαύσει.

2269 5383 2357 5452 ιβ’.
2407 5383 2532 5438 Ἐὰν
2559 5386 2615 5438 ὲν
2657 5383 2734 5454 τῷ
2777 5383 3041 5454 πραθέντι
3091 5384 3226 5454 οἴκῳ
3275 5383 3336 5436 τὸ
3383 5379 3784 5450 ἀποτιθέμενον

2195 5476 2665 5550 [ἀποτεθειμένον]
2691 5478 2795 5531 ὑπό
2820 5495 2965 5542 τινος
2981 5478 3204 5549 χρυσίον
3221 5477 3360 5531 κατά
3377 5475 3583 5543 πλάνην
3609 5491 3784 5526 κατα-

2199 5569 2380 5641 μείνῃ,
2409 5569 2505 5623 καὶ
2538 5572 2595 5625 ὲν
2629 5568 2778 5640 αὐτῷ
2807 5569 3028 5642 εὑρεθῇ,
3065 5569 3216 5640 μένει
3247 5567 3340 5620 τοῦ
3380 5566 3540 5625 πάλαι
3582 5565 3782 5618 δεσπό-

2198 5660 2402 5724 ζοντος.
