4050 6448
294 334 397 398 521

1561 337 1955 399 DELECTUS
1994 337 2281 399 LEGUM.

3446 341 3552 404 59:2

374 455 466 518 ιγ’.
505 448 564 502 '0
603 447 818 518 βλέπων
873 448 1322 521 πιπρασκόμενον
1364 448 1466 502 ὑπὸ
1513 449 1702 520 ἐτέρου
1753 451 1867 502 ῐδιοπ

2060 451 2146 506 I5.
2181 451 2281 518 Qui
2312 466 2426 506 rem
2451 465 2602 506 suam
2629 452 2697 506 ab
2730 451 2836 506 alio
2869 451 3098 507 distrahi
3147 453 3310 519 videt,
3357 471 3419 512 ac
3450 473 3557 512 non

292 543 464 600 αὑτοῦ
506 544 762 614 πρᾶγμα,
795 543 892 594 καὶ
933 543 1010 611 μὴ
1058 541 1378 609 ἀντιλέγων,
1423 540 1584 604 αὐτος
1609 540 1758 593 δοκεῖ
1789 557 1879 592 πι-

289 640 568 712 πράσκειν
601 636 755 691 αὐτό.

369 729 450 783 ιδ’.
503 728 564 780 '0
604 727 933 798 πιπράσκων
972 724 1178 789 δοῦλον,
1235 724 1330 777 καὶ
1387 722 1672 793 γινώσκων
1717 721 1880 776 αὐτὸν

287 821 558 892 κλέπτην,
590 820 624 890 ἢ
663 820 1007 889 μαινόμενον,
1038 818 1071 888 ἢ
1101 817 1463 886 δαιμονῶντα,
1489 813 1881 887 προσφωνείτω

288 915 426 984 περὶ
445 914 641 966 τούτου
664 913 758 965 τὸν
781 913 1114 984 ἀγοραστὴν.
1150 913 1214 965 EI
1235 911 1345 982 γάρ
1361 909 1520 963 τοῦτο
1545 909 1620 980 μὴ
1651 909 1877 980 ποιήσῃ,

285 1007 456 1068 αὐτὸς
490 1004 591 1076 μὲν
612 1003 846 1074 λήψεται
880 1003 970 1057 τὸν
1001 1003 1207 1065 δοῦλον,
1240 1002 1300 1054 τὸ
1323 1002 1379 1054 δὲ
1408 1001 1626 1072 τίμημα
1655 1000 1879 1053 διπλοῦν

283 1097 572 1152 ἀποδώσει
613 1095 692 1167 τῷ
736 1095 1033 1166 ὴγορακότι
1080 1094 1498 1163 ἀπαιτούμενος,
1539 1094 1634 1147 καὶ
1670 1093 1724 1147 εῐ
1757 1109 1879 1147 τινα

289 1191 505 1262 ζημίαν
537 1189 836 1259 εἰργάσατο
851 1191 910 1242 ὲν
932 1187 1010 1258 τῷ
1036 1187 1172 1258 οἴκῳ
1201 1187 1368 1241 αὐτοῦ
1397 1186 1491 1240 τοῦ
1515 1185 1877 1256 ἠγορακότος.

360 1290 448 1337 ιε’.
499 1282 560 1334 '0
597 1282 657 1348 ἐξ
695 1273 760 1333 οὗ
799 1279 1178 1351 ἐγχειρίζηταί
1224 1296 1275 1332 τι
1302 1277 1559 1348 ὀφφίκιον
1581 1277 1876 1348 δημόσιον,

287 1377 576 1446 ἀγοράσας
628 1390 686 1427 τι
739 1375 974 1444 πρᾶγμα
1030 1372 1067 1441 ἢ
1104 1371 1172 1425 δι’
1216 1371 1498 1442 ἐαυτοῦ,ἢ
1543 1370 1877 1440 παρενθέτου

290 1467 616 1540 προσώπου,
647 1466 710 1519 οὐ
750 1467 912 1535 μόνον
963 1465 1026 1517 τὸ
1080 1464 1300 1534 τίμημα
1343 1463 1558 1530 ἀπολεῖ,
1613 1460 1751 1515 ἀλλὰ
1784 1461 1880 1514 καὶ

289 1557 634 1630 τετραπλοῦν
667 1557 748 1614 τῶ
775 1556 1026 1628 δημοσίῳ
1056 1557 1296 1610 δίδωσιν.

383 1753 476 1813 ις’.
517 1745 578 1800 '0
609 1745 899 1815 ἀγοράζων
947 1745 1126 1817 ῥητῶς
1171 1745 1449 1815 κεράμους
1478 1745 1622 1798 οἴνου
1651 1742 1744 1795 ἐπὶ
1778 1741 1870 1812 μέ-

304 1857 447 1910 τρου,
489 1839 643 1908 δῆλον
675 1839 759 1892 δτι
785 1840 834 1891 εἰ
865 1837 941 1908 μὴ
966 1838 1187 1908 ποιήσει
1211 1836 1502 1907 ὑπέρθεσιν
1544 1836 1731 1888 λαϐεῖν
1773 1833 1870 1906 τὴν

295 1931 582 2002 μέτρησιν,
614 1930 678 1982 οὗ
705 1923 1020 2000 ζημιοῢτιίι,
1059 1927 1161 1982 κᾶν
1200 1927 1475 1999 ἀπολεοθῇ
1503 1927 1532 1979 ὁ
1561 1924 1724 1990 οἶνος.

359 2116 448 2180 ιζ’.
479 2115 544 2168 Εἰ
574 2113 632 2168 δὲ
665 2114 800 2182 ὑφὲν
831 2107 972 2166 οἶνόν
1004 2128 1090 2174 τις
1121 2111 1415 2183 ἀγοράσει,
1452 2109 1529 2181 μὴ
1561 2108 1871 2180 συμφωνῶν

283 2207 587 2279 μετρῆσαι,
629 2205 792 2269 αὐτὸς
841 2204 1162 2259 κινδυνεύει.

356 2392 451 2456 ιη’.
493 2385 680 2438 Ταυτά
717 2383 773 2437 δὲ
811 2385 1004 2454 κρατεῖ
1037 2384 1130 2437 καὶ
1159 2381 1253 2435 ἐπὶ
1298 2380 1498 2446 ἐλαίου,
1550 2381 1641 2432 καὶ
1697 2379 1869 2444 σίτου,

281 2479 382 2531 καὶ
441 2477 555 2530 τῶν
613 2475 900 2531 τοιούτων·
935 2476 1016 2530 ὅτι
1075 2474 1136 2528 τὸ
1185 2474 1376 2544 κέρδος
1428 2472 1523 2525 τοῦ
1573 2472 1872 2542 πραθέντος

281 2570 452 2634 οἴνου,
490 2567 585 2622 καὶ
607 2569 641 2639 ὴ
670 2565 865 2638 ζημία,
895 2566 986 2621 τὸν
1013 2566 1326 2636 ἀγοραστὴν
1361 2565 1482 2636 ὁρᾷ.

356 2659 446 2712 ιθ’.
495 2659 556 2712 '0
600 2657 796 2712 πωλῶν
847 2675 901 2711 τι
949 2659 1008 2711 ἐν
1059 2658 1263 2728 εἰδήσει
1302 2657 1581 2725 ἐπίψογον,
1611 2656 1672 2708 οὐ
1709 2657 1870 2723 μόνον

283 2755 366 2817 εἰς
415 2754 480 2805 τὸ
533 2753 774 2822 τίμημα,
815 2751 952 2805 ἀλλά
983 2752 1077 2806 καὶ
1113 2751 1194 2814 εἰς
1221 2752 1401 2804 πᾶσαν
1431 2749 1527 2820 τὴν
1573 2751 1638 2802 ἐκ
1675 2748 1868 2802 τούτου

282 2845 496 2916 ζημίαν
522 2845 832 2915 κατέχεται.
1021 2826 1028 2840 ἴ

349 2943 421 2990 κ’.
466 2935 549 2989 Τὰ
583 2935 728 2990 κοιτά
770 2935 998 3004 ἄγνοιαν
1057 2933 1485 3006 πιπρασκόμενα
1554 2933 1706 3002 παρὰ
1759 2933 1869 2986 τῶν

287 3029 644 3100 κληρονόμων
683 3027 1104 3100 ἀνατρέπονται.

1983 543 2340 608 contradicit,
2379 543 2604 612 ipsemet
2630 558 2748 598 eam
2771 544 3008 598 vendere
3036 543 3273 599 videtur.

2057 724 2140 779 14.
2176 725 2277 792 Qui
2314 739 2526 782 servum
2573 729 2775 792 vendit,
2817 744 2976 798 quem
3033 731 3138 786 scit
3195 744 3316 785 esse
3367 730 3560 791 furem.

1982 823 2076 869 aut
2119 815 2403 881 furiosum,
2443 826 2537 870 aut
2572 817 2970 887 limphatieum,
3013 819 3079 871 de
3121 818 3224 873 hoc
3263 827 3562 888 emptorem

1983 909 2315 978 adloquitur.
2348 909 2557 978 Quippe
2583 910 2636 964 ni
2670 911 2772 964 hoc
2794 909 3003 974 fecerit,
3041 911 3155 980 ipse
3183 926 3402 966 servum
3429 910 3567 964 rcci-

1982 1001 2111 1068 piet,
2127 1015 2190 1055 ac
2207 1001 2440 1070 pretium
2457 1001 2678 1072 duplum
2698 1002 2928 1071 emptori
2951 1003 3214 1071 repetenti
3232 1002 3422 1066 solvet,
3442 1015 3565 1054 rum

1983 1105 2048 1146 eo
2082 1095 2299 1160 damno,
2329 1092 2374 1149 si
2412 1094 2555 1163 quod
2587 1094 2639 1147 in
2673 1095 2934 1162 emptoris
2971 1095 3132 1149 domo
3168 1096 3235 1150 ah
3255 1109 3322 1148 co
3355 1093 3560 1148 factum

1983 1187 2167 1242 fuerit.

2055 1279 2142 1333 15.
2179 1277 2283 1346 Qui
2331 1294 2400 1334 ex
2437 1293 2504 1335 eo
2545 1288 2818 1346 tempore,
2869 1293 2978 1349 quo
3029 1279 3303 1348 publicum
3349 1279 3565 1350 aliquod

1982 1371 2214 1426 cilicium
2271 1357 2533 1426 traditum
2559 1373 2611 1427 ei
2647 1372 2830 1437 fuerit,
2890 1385 3002 1424 rem
3059 1371 3294 1439 aliquam
3349 1372 3434 1425 vel
3470 1384 3564 1438 per

1983 1464 2244 1532 seipsum,
2269 1464 2350 1518 vel
2377 1464 2749 1532 interpositam
2775 1476 3060 1533 personam
3083 1461 3300 1526 emerit,
3327 1475 3431 1515 non
3454 1470 3586 1514 mo-'

1982 1556 2052 1610 do
2110 1556 2343 1626 pretium
2385 1555 2598 1626 perdit,
2650 1555 2748 1610 sed
2799 1554 2965 1609 etiam
3016 1552 3380 1624 quadruplum
3437 1553 3568 1606 lisco

1983 1649 2163 1705 solvit.

2059 1741 2143 1796 I6.
2169 1739 2270 1809 Qui
2295 1740 2405 1795 vini
2431 1740 2722 1809 amphoras
2755 1739 2821 1793 ad
2853 1753 3165 1792 mensuram
3189 1736 3320 1792 emit
3346 1750 3567 1806 expres-

1979 1851 2056 1898 se.
2095 1837 2200 1891 nisi
2239 1849 2449 1889 moram
2486 1833 2750 1888 feceritin
2791 1833 3105 1901 accipienda
3133 1844 3412 1892 mensura,
3445 1828 3566 1882 nul-

1973 1934 2085 1987 ium
2131 1931 2272 1985 haud
2331 1929 2493 1984 dubie
2557 1929 2813 1984 damnum
2867 1926 3034 1992 facit,
3096 1925 3310 1981 etiamsi
3381 1925 3567 1979 vinum

1977 2025 2221 2096 perierit.

2050 2117 2135 2172 l7.
2187 2115 2246 2171 Si
2299 2129 2428 2170 vero
2487 2113 2799 2170 summatim
2847 2111 3031 2164 vinum
3083 2109 3281 2178 aliquis
3331 2109 3560 2161 emerit.

1975 2207 2107 2262 nihil
2143 2207 2208 2263 de
2237 2220 2493 2262 mensura
2526 2215 2741 2277 pactus,
2788 2202 3089 2274 periculum
3126 2200 3191 2253 ad
3238 2201 3412 2269 ipsum
3440 2213 3563 2267 per-

1978 2299 2134 2353 tinet.

2049 2387 2132 2442 18.
2156 2387 2353 2444 Eadem
2381 2388 2629 2444 obtinent
2652 2397 2707 2442 et
2733 2387 2786 2440 iu
2813 2384 2934 2440 oleo
2953 2395 3008 2440 et
3048 2384 3342 2445 frumento,
3362 2389 3415 2436 ct
3442 2380 3563 2432 aliis

1974 2478 2202 2534 talibus:
2225 2478 2368 2548 quod
2392 2478 2624 2546 lucrum,
2652 2485 2707 2534 et
2725 2477 2986 2532 damnum
3004 2474 3106 2529 olei
3135 2472 3335 2528 venditi
3355 2479 3563 2540 spectet

1971 2581 2294 2641 emptorem.

2051 2662 2135 2718 19.
2162 2661 2262 2729 Qui
2291 2662 2469 2717 sciens
2512 2660 2717 2730 aliquid
2751 2659 3004 2714 vitiosum
3039 2657 3244 2720 vendit,
3299 2670 3404 2710 non
3437 2661 3560 2708 tan-

1974 2753 2262 2824 tumlpretii
2288 2753 2527 2820 nomine,
2556 2752 2651 2808 sed
2681 2751 2846 2807 etiam
2871 2750 3035 2806 totius
3063 2749 3189 2804 hinc
3235 2745 3561 2816 emergentis

1973 2845 2160 2899 damni
2198 2855 2441 2900 tenetur.

2041 2937 2134 2992 20.
2169 2934 2520 2992 Venditiones
2544 2935 2610 2990 ab
2638 2934 2946 2990 hmredibus
2965 2946 3064 3004 per
3089 2929 3454 3003 ignorantiam
3486 2929 3561 2983 Fa-

1973 3035 2076 3084 ctae
2109 3027 2530 3084 rescinduntur.

353 3127 457 3176 ια’.
506 3122 566 3175 '0
606 3120 820 3192 πράτης
869 3120 1147 3190 παραδοὺς
1172 3120 1232 3174 τδ
1263 3123 1516 3192 πρᾶγμα,
1545 3119 1604 3173 οὐ
1639 3118 1865 3174 δύναται

2041 3121 2130 3175 21.
2162 3119 2446 3183 Venditor,
2475 3132 2535 3174 re
2559 3117 2778 3185 tradita,
2828 3116 3195 3173 venditionem
3239 3111 3561 3170 rescindere

287 3211 381 3282 τὴν
415 3213 622 3282 πρᾶσιν
673 3211 996 3282 ἀνατρέψαι,
1038 3211 1143 3265 κᾶν
1187 3212 1560 3284 μεταμεληθῇ.

350 3301 457 3372 κβ’.
501 3302 608 3354 Τὸν
646 3301 1000 3372 πεπραμένον
1052 3301 1222 3372 ἀγρὸν
1277 3302 1382 3355 ὑπὸ
1428 3302 1522 3355 τοῦ
1570 3301 1777 3375 πατρὸς
1804 3301 1866 3358 οὐ

282 3392 509 3447 δύναται
541 3392 779 3445 ἐκδικεῖν
816 3389 942 3445 οὔτε
980 3394 1008 3446 ὁ
1039 3391 1176 3458 υἱὸς,
1207 3387 1394 3446 οὕτεό
1434 3393 1797 3465 κληρονόμος.

351 3491 463 3552 κγ’.
519 3484 579 3536 ’0
628 3483 1036 3554 παραγγελοεὶς
1101 3485 1253 3554 παρά
1310 3485 1406 3538 τοῦ
1458 3484 1720 3538 δεσπότου
1772 3484 1866 3538 τοῦ

283 3579 632 3648 πράγματος,
670 3577 745 3648 μὴ
773 3576 1046 3647 ἀγοράσαι
1070 3577 1224 3641 αὐτὸ,
1260 3578 1356 3631 καὶ
1398 3577 1698 3646 ἀγοράσας,
1735 3577 1866 3630 ἀνα-

282 3666 499 3720 δίδωσιν
527 3667 661 3719 αὑτὸ
703 3670 844 3736 μετά
872 3666 980 3719 τῶν
1011 3666 1260 3736 καρπῶν.

356 3749 570 3812 κδ’.”0
616 3758 813 3813 πωλῶν
852 3758 941 3812 τὸν
996 3759 1268 3830 δεσπότην
1303 3760 1469 3814 αὐτοῦ
1504 3800 1518 3825 ,
1556 3759 1866 3830 κεφαλικῶς

293 3849 631 3916 τιμωρεῖται.

369 3945 466 3992 κε’.
513 3940 570 3994 '0
593 3941 788 3996 πωλῶν
815 3943 913 3997 καὶ
944 3945 1206 4014 χαρίζων,
1235 3944 1343 3998 τῶν
1375 3945 1520 3998 ἰδίων
1545 3944 1866 4014 ἀφίσταται.

357 4030 474 4096 κς’.
521 4033 580 4086 '0
611 4034 910 4105 ἐπίτροπος
941 4036 1004 4089 οὐ
1034 4036 1261 4090 δύναται
1299 4037 1594 4108 ὀρφανικὸν
1631 4038 1866 4108 πρᾶγμα

281 4117 576 4188 ἀγοράσαιο
620 4123 680 4174 τὸ
721 4123 853 4176 αὐτὸ
897 4124 990 4176 καὶ
1027 4125 1121 4177 ἐπὶ
1159 4125 1270 4178 τῶν
1311 4127 1537 4196 ὁμοίων,
1585 4125 1866 4197 κουράτω-

287 4226 374 4278 ρος
403 4213 502 4264 καὶ
536 4229 742 4281 προκου
752 4214 1017 4284 ράτωρος.

348 4303 455 4365 κζ’.
518 4303 577 4356 ’0
615 4305 754 4357 κατὰ
787 4304 987 4374 νόμους
1053 4305 1374 4374 πεκούλιον,
1407 4307 1439 4376 ἢ
1472 4305 1638 4361 ἰδικὸν
1682 4307 1868 4378 κτῆμα

280 4390 422 4460 ἔχειν
457 4395 960 4466 παραχωρούμενος
1009 4398 1352 4466 ὑπεξούσιος,
1383 4399 1565 4463 καλῶς
1604 4399 1866 4470 ἀγοράζει

281 4485 432 4556 παρὰ
466 4485 563 4539 τοῦ
605 4485 735 4540 ἰδίου
775 4491 1000 4558 πατρός.

853 4665 1104 4720 ΤΙΤΛΟΣ
1145 4666 1276 4723 KB'.

348 4752 492 4820 Περὶ
523 4751 788 4820 δανείου,
821 4757 921 4810 καὶ
959 4760 1285 4827 ἐνεχύρων,
1319 4761 1420 4814 καὶ
1448 4763 1784 4829 κοινωνίας.

347 4852 418 4898 α’.
461 4846 590 4900 Ἐάν
635 4864 720 4911 τις
770 4850 1063 4920 ἐγγράφως
1115 4851 1148 4922 ἦ
1197 4852 1463 4923 ἀγράφως
1487 4854 1739 4923 λογάριον
1764 4894 1781 4919 ,
1823 4857 1857 4926 ἢ

278 4936 646 5012 ἀργύριον,ἤ
693 4940 880 5011 ἕτερόν
927 4960 978 4995 τι
1028 4942 1166 5008 εἶδος
1216 4947 1275 4998 ἐν
1309 4945 1556 5020 Θαλάσσῃ
1598 4949 1856 5020 δανείση-

277 5046 384 5097 ται,
441 5031 585 5086 κατά
633 5032 694 5086 τὸ
763 5035 1023 5104 στίχημα,
1064 5038 1159 5089 καὶ
1213 5038 1312 5107 τὴν
1353 5040 1559 5108 μεταξὺ
1612 5041 1860 5112 ἀλλήλων

281 5123 644 5194 προθεσμίαν,
681 5127 1118 5198 ἀπολαμῦανέτω
1145 5131 1174 5182 ὁ
1197 5130 1480 5202 δμνειστὴς
1617 5134 1744 5198 ἴδια,
1781 5135 1855 5205 μὴ

278 5216 491 5284 ἔχοντος
539 5219 728 5273 ἄδειαν
761 5219 853 5272 τοῦ
902 5222 1292 5292 δανεισαμένου
1338 5225 1596 5296 ὲχῦρικὴν
1634 5229 1854 5299 ἐπιδρο-

281 5312 404 5380 μὴν,
446 5313 710 5380 ναυάγιον
743 5312 1038 5385 θαλάσσης,
1076 5317 1108 5386 ἢ
1138 5317 1333 5387 ἑτέραν
1367 5320 1488 5372 τινὰ
1533 5321 1790 5391 ἀφορμὴν
1819 5323 1851 5392 ἦ

277 5401 497 5474 ἀγωγὴν
529 5404 882 5474 προτίθεσθαι
912 5408 992 5478 τῷ
1024 5408 1354 5463 δανείσαντι.

344 5573 410 5645 β’.
470 5577 598 5630 Ἐὰν
645 5579 675 5630 ὁ
739 5581 1127 5652 δανεισάμενος
1162 5585 1396 5656 ἐνέχυρα
1451 5587 1719 5659 τέθηκεν.
1758 5589 1854 5642 καὶ

279 5667 434 5731 αὐτὸς
468 5667 612 5738 μετὰ
640 5669 742 5739 τὴν
773 5670 868 5722 τοῦ
902 5675 1096 5741 χρέους
1133 5675 1527 5747 ἀποπλήρωσιν
1550 5679 1853 5743 ἀνελλιπῶς

279 5760 713 5832 ἀπολαμϐανέτω
749 5762 817 5814 τὰ
856 5763 962 5816 ίδια
990 5806 1004 5828 ,
1034 5765 1120 5836 ’μὴ
1171 5767 1473 5840 δυναμένου
1530 5773 1626 5827 τοῦ
1680 5772 1854 5828 ταῦτα

600 5856 870 5915 Ριιτιιοι..
917 5857 1034 5916 Gn.
1085 5859 1301 5922 CXIII.

1977 3213 2184 3284 nequit,
2208 3213 2421 3269 etiamsi
2463 3209 2616 3269 facta:
2637 3209 2971 3282 paenituerit.

2044 3308 2137 3364 22.
2181 3305 2428 3363 Fundum
2457 3319 2485 3359 a
2512 3313 2665 3377 patre
2697 3303 2970 3360 venditum
3003 3316 3102 3358 nec
3135 3301 3298 3368 ﬁlius,
3330 3297 3560 3356 nechte-

1974 3411 2062 3452 res
2088 3396 2345 3452 evincere
2373 3389 2572 3464 potest.

2041 3487 2132 3540 25.
2157 3486 2258 3540 Cui
2278 3485 2585 3540 nuntiatum
2604 3492 2684 3539 est
2701 3499 2732 3538 a
2757 3484 2833 3538 rei
2863 3481 3104 3547 domino,
3128 3493 3196 3534 ne
3222 3479 3367 3536 illam
3391 3486 3558 3544 emat,

1972 3579 2016 3633 si
2049 3579 2266 3643 emerit,
2305 3591 2427 3634 cum
2461 3576 2734 3632 fructibus
2757 3589 2876 3630 eam
2909 3574 3173 3627 restituit.

2041 3770 2132 3826 24.
2161 3770 2262 3838 Qui
2294 3748 2572 3826 dominum
2599 3783 2761 3824 suum
2809 3767 3014 3835 vendit,
3051 3765 3317 3836 supplicio
3363 3763 3556 3834 capitis

1973 3863 2217 3932 pttuitttr.

2040 3947 2130 4002 25.
2166 3945 2267 4013 Qui
2291 3945 2553 4001 venditac
2576 3945 2762 4009 donat,
2790 3944 2950 4000 rebus
2973 3942 3087 3997 suis
3110 3941 3271 3996 cedit.

2040 4038 2132 4098 26.
2186 4038 2356 4092 Tutor
2388 4050 2502 4090 rem
2557 4035 2880 4106 pupillarem
2933 4033 3117 4104 nequit
3148 4043 3354 4085 emere.
3408 4026 3553 4082 Idem

1970 4129 2179 4184 ohtinet
2208 4128 2371 4182 etiam
2393 4126 2448 4181 in
2473 4125 2762 4192 similibus,
2795 4134 2854 4178 ut
2878 4124 2931 4178 in
2964 4133 3219 4178 curatore
3267 4135 3332 4177 ac
3354 4136 3553 4192 procu-

1975 4229 2177 4277 1'8IOI‘C.

2043 4311 2244 4378 27.Qui
2271 4319 2356 4367 est
2386 4312 2440 4366 in
2461 4310 2688 4365 alterius
2709 4316 3002 4378 petestate,
3023 4309 3068 4362 si
3087 4305 3386 4363 secundum
3405 4305 3551 4374 leges

1973 4403 2021 4458 ei
2047 4404 2342 4474 peculium,
2374 4403 2460 4456 vel
2492 4401 2887 4471 possessionem
2918 4399 3155 4470 aliquam
3191 4412 3344 4452 suam
3378 4396 3549 4451 habe-

1899 4495 1942 4550 D
1969 4511 2026 4552 re
2092 4495 2459 4564 permittatur,
2501 4501 2647 4550 recte
2701 4491 2905 4562 aliquid
2948 4492 3111 4547 etiam
3166 4505 3195 4545 a
3238 4497 3393 4559 patre
3428 4505 3548 4545 suo

1966 4598 2118 4644 eum.
2498 4674 2797 4732 TITULUS
2851 4673 3016 4729 XXII.

2179 4771 2253 4826 De
2276 4780 2479 4836 mutuo,
2533 4780 2581 4826 et
2631 4768 2957 4840 pigneribus,
2986 4775 3032 4822 et
3063 4767 3332 4821 societate.

2040 4862 2093 4916 I.
2121 4863 2177 4917 Si
2195 4863 2318 4933 quis
2341 4863 2735 4918 interveniente
2760 4861 3028 4930 scriptura
3054 4859 3138 4914 vcl
3167 4859 3376 4930 absque
3405 4857 3531 4913 scri-

1962 4963 2117 5024 ptura
2147 4956 2452 5025 pecuniam,
2488 4953 2571 5009 vel
2601 4959 2903 5020 argentum,
2940 4949 3024 5005 vel
3059 4950 3218 5005 aliam
3248 4948 3538 5020 quamdam

1961 5047 2197 5113 speciem
2231 5043 2565 5114 profectione
2596 5041 2891 5112 trajecticia
2933 5048 3208 5096 mutuatus
3236 5039 3420 5107 fuerit,
3450 5056 3540 5096 sc-

1961 5137 2197 5192 cundum
2249 5138 2421 5205 ipsum
2474 5146 2684 5205 pactum
2733 5146 2786 5192 et
2814 5137 3231 5192 conventionem
3272 5144 3534 5198 mutuam,

1959 5242 2052 5281 sua
2114 5227 2350 5282 creditor
2411 5228 2641 5299 accipiat
2673 5247 2688 5296 ;
2723 5245 2829 5285 non
2884 5229 3116 5284 habente
3145 5227 3418 5282 licentiam
3449 5240 3535 5290 eo,

1959 5319 2052 5386 qui
2093 5328 2278 5371 mutuo
2337 5320 2590 5389 sumpsit.
2619 5327 2676 5372 ut
2707 5319 2982 5373 incursum
3015 5317 3284 5382 hostilem,
3314 5315 3537 5369 naufra-

1959 5407 2105 5474 gium
2161 5407 2515 5472 maritimum,
2563 5409 2646 5463 vel
2711 5408 2873 5462 aliam
2926 5423 3144 5463 causam
3199 5407 3540 5461 actionemve

1959 5499 2272 5567 quampiam
2305 5501 2564 5555 creditori
2603 5513 2860 5572 opponat.

2027 5589 2080 5643 2.
2117 5589 2172 5645 Si
2192 5593 2412 5660 pignera
2443 5593 2589 5649 dedit
2616 5595 2682 5659 is,
2712 5597 2802 5664 qui
2833 5603 3017 5649 mutuo
3039 5593 3202 5662 cepit,
3229 5592 3391 5647 etiam
3421 5591 3537 5660 ipse

1959 5695 2076 5754 post
2109 5687 2368 5756 integram
2400 5688 2564 5743 debiti
2613 5687 2932 5743 solutionem
2967 5687 3172 5755 absque
3197 5683 3409 5740 defectu
3438 5697 3532 5736 sua

1959 5777 2180 5846 recipiat
2213 5797 2224 5832 :
2251 5787 2305 5835 et
2328 5779 2402 5834 ita
2444 5779 2686 5850 quidem,
2732 5787 2790 5833 ut
2815 5779 2883 5845 is,
2911 5779 2998 5847 qui
3033 5792 3095 5833 ea
3127 5779 3321 5845 tenuit,
3353 5775 3533 5832 dicere

3143 5873 3210 5936 17
