4050 6426
469 309 578 372 523

1493 299 2000 364 CONS’I‘ANTINI
2043 295 2735 358 PORPHYROGENITI

3631 295 3740 359 εει

451 426 710 487 nequeat,
733 419 798 472 ab
835 431 894 473 se
925 415 1012 472 illa
1041 416 1273 487 perdita,
1306 415 1389 471 vel
1419 415 1582 471 aliam
1641 430 1858 472 causam
1919 429 2044 484 pro-

2164 411 2552 481 ιατεσχηκότος
2578 409 2783 478 λέγειν,
2807 409 2840 481 ἦ
2863 409 2944 462 ὅτι
2975 408 3236 463 ἀπώλεσα
3280 408 3439 476 αὐτὰ,
3470 408 3502 480 ῆ
3542 410 3744 479 ἑτέραν

403 577 410 585 γ
452 509 603 566 ferre
637 527 651 564 :
685 509 788 564 nisi
823 509 961 566 forte
986 509 1276 580 probatum
1305 508 1375 564 ab
1407 522 1475 564 eo
1506 507 1691 573 fuerit,
1726 516 1783 562 ut
1813 507 1928 561 fieri
1960 520 2052 560 so-

459 599 761 662 let,casunt
790 600 1075 654 adversum
1103 598 1486 661 intervenisse,
1513 609 1750 664 cumque
1775 594 1890 650 suis
1913 593 2052 648 alie-

457 704 524 744 na
577 704 793 759 quoque
853 689 1101 758 periisse,
1165 688 1230 744 de
1289 700 1397 756 quo
1455 684 1713 757 deinceps
1765 699 2051 739 causarum

463 783 775 852 cognitores
809 780 862 835 id
892 782 1206 845 observem,
1238 777 1380 848 quod
1411 777 1690 833 observari
1733 787 1968 846 oportet.

414 871 422 896 ⁷
532 872 588 927 5.
621 870 677 927 Si
713 872 833 940 quis
874 880 1118 925 mutuum
1172 867 1332 922 alicui
1379 867 1613 934 dederit,
1646 883 1711 924 ac
1754 867 2050 923 secundum

453 965 855 1021 confessionem
912 977 1065 1018 suam
1095 959 1311 1016 debitor
1359 960 1427 1014 ad
1461 959 1604 1014 diem
1637 968 1898 1015 statutum
1942 973 2050 1015 non

455 1056 814 1122 satisfecerit,
875 1057 1124 1110 hortetur
1170 1057 1313 1111 hunc
1358 1070 1424 1110 cx
1466 1054 1740 1126 praeterito
1791 1052 2049 1118 creditor,

455 1164 520 1205 ac
546 1149 588 1203 si
615 1157 736 1218 post
761 1149 896 1203 duas
927 1157 982 1202 et
1016 1155 1125 1202 tres
1145 1147 1560 1203 exhortationes
1577 1156 1633 1202 et
1663 1145 2050 1201 adtestationes

457 1237 669 1292 debitor
700 1251 1016 1307 comparere
1039 1237 1295 1306 noluerit,
1325 1247 1420 1292 aut
1459 1236 1786 1293 solutionem
1816 1234 1999 1289 facere
2033 1249 2049 1300 ;

447 1335 784 1399 potestatem
832 1329 1029 1384 habent
1055 1330 1100 1384 is
1153 1330 1244 1400 qui
1289 1330 1512 1400 pignera
1547 1335 1716 1391 tenet,
1753 1325 1935 1380 utsub
1959 1339 2051 1379 ac-

457 1430 644 1474 curata
679 1419 1040 1476 mstintatioue
1071 1420 1281 1490 publica
1332 1435 1430 1490 per
1472 1419 1771 1475 tabularios
1819 1426 1918 1471 aut
1951 1416 2053 1471 de-

458 1510 734 1566 fensorem
769 1511 824 1565 in
859 1511 1080 1582 scriptis
1121 1512 1461 1583 subsignata,
1487 1511 1712 1582 pignera
1757 1509 2052 1575 distrahat,

461 1601 640 1672 deque
665 1603 863 1672 pretio,
895 1617 1016 1672 qum
1038 1603 1139 1659 sibi
1163 1603 1451 1668 debentur,
1483 1602 1717 1658 retineat
1742 1615 1758 1666 ;
1785 1598 2052 1670 reliquum

455 1693 693 1749 debitori
721 1693 1000 1749 restituat.

529 1882 586 1937 4.
619 1882 715 1938 Sin
735 1882 886 1953 .justa
921 1883 1205 1954 pignorum
1243 1881 1528 1938 distractio
1554 1883 1622 1937 ad
1651 1881 1916 1951 integram
1959 1882 2048 1938 de-

463 1975 561 2030 bitl
619 1975 947 2030 solutionem
982 1991 1089 2032 non
1120 1959 1434 2040 sulliciet,'a
1488 1973 1733 2028 debitore
1785 1973 2049 2044 reliquum

454 2065 660 2135 exigat.

535 2157 592 2213 5.
627 2156 922 2224 Creditor,
965 2171 1097 2213 cum
1145 2158 1418 2228 acceperit
1473 2159 1718 2231 pignera,
1763 2157 1807 2213 si
1854 2157 2052 2236 liberos

458 2251 623 2306 etiam
671 2250 979 2306 debitorum
1036 2249 1345 2318 abstulerit,
1382 2259 1435 2306 et
1477 2253 1544 2306 ad
1587 2251 1812 2308 serviles
1860 2265 2055 2322 operas

460 2343 807 2410 elocaverit;
837 2343 1018 2399 debito
1038 2341 1223 2409 cadat,
1257 2358 1319 2399 ac
1337 2343 1578 2409 detento,
1610 2345 1692 2399 vel
1720 2344 1836 2414 ejus
1859 2359 2055 2415 paren-

461 2435 629 2500 tibus,
664 2434 890 2490 alteram
923 2441 1130 2491 tantam
1171 2451 1442 2492 summam
1471 2437 1670 2494 solvat.

531 2595 588 2650 6.
605 2595 714 2651 Res
741 2595 860 2652 loco
889 2597 1171 2668 pignerum
1200 2597 1467 2669 obligatas
1487 2599 1847 2668 personaliter
1877 2601 2054 2670 requi—

459 2699 592 2741 runt
619 2687 918 2744 debitores.

532 2777 590 2832 7.
617 2775 856 2832 Fructus
889 2775 1042 2832 fundi
1091 2786 1474 2849 computantur
1541 2781 1599 2836 in
1651 2781 1912 2849 debitum,
1949 2799 2053 2839 non

459 2877 669 2923 tantum
689 2883 827 2938 quos
858 2869 1096 2927 creditor
1116 2871 1326 2942 accepit
1355 2887 1370 2937 ;
1400 2886 1590 2928 verum
1603 2873 1765 2929 etiam
1799 2888 1935 2944 quos
1961 2890 2056 2930 ac-

459 2956 646 3027 cipere
678 2959 876 3030 potuit.

534 3051 589 3104 8.
620 3049 778 3117 Quod
826 3052 873 3108 si
928 3051 1096 3108 fundo
1145 3067 1364 3126 quoque
1400 3055 1659 3112 damnum
1689 3055 1857 3124 dedit,
1890 3057 2053 3114 etiam

464 3142 570 3198 hoc
598 3144 819 3198 nomine
855 3146 1202 3201 convenitur.

534 3233 592 3290 9.
621 3235 830 3306 Quippe
860 3236 1120 3293 creditori
1146 3252 1250 3294 non
1275 3238 1401 3296 licet
1422 3240 1633 3311 absque
1650 3248 1838 3310 pacto,
1866 3249 1922 3297 et
1939 3241 2054 3311 jus-

463 3340 530 3380 sn
561 3327 817 3396 praetorio
838 3339 946 3394 res,
971 3341 1108 3399 quas
1132 3329 1378 3404 pigneris
1403 3345 1570 3390 causa
1599 3333 1825 3404 detinet,
1857 3333 2054 3392 distra-

459 3417 616 3474 here.

535 3508 629 3566 lo.
649 3507 754 3577 Qui
780 3524 958 3568 usurae
975 3525 1137 3569 causa
1166 3511 1392 3571 fundum
1412 3525 1758 3587 acceperunt,
1786 3516 1856 3574 ad
1883 3531 2056 3575 annos

460 3615 528 3654 eo
548 3610 756 3670 septem
790 3612 1035 3666 utuntor.
1067 3603 1336 3661 fruuntor.
1367 3605 1494 3662 Post
1525 3611 1870 3680 septennium
1903 3623 2053 3677 vero,

459 3699 516 3745 et
546 3691 804 3760 ulterius,
855 3695 1139 3752 dimidiam
1184 3707 1392 3768 partem
1426 3699 1565 3770 ejus,
1603 3699 1749 3773 quod
1791 3698 2053 3769 ,eﬂ'erunt,

461 3781 514 3833 in
535 3781 692 3850 ipsas
718 3791 898 3838 sortes
921 3785 1288 3853 paciscuntor.

540 3871 630 3926 11.
662 3872 724 3926 Si
753 3884 1003 3929 mutuum
1028 3877 1150 3945 quis
1180 3879 1494 3946 sumpserit,
1521 3889 1574 3935 et
1599 3882 1694 3937 aeri
1737 3882 1918 3938 alieno
1947 3884 2056 3939 sol-

461 3965 640 4021 vendo
672 3980 777 4021 non
809 3966 928 4036 sit;
959 3983 1096 4022 uxor
1116 3968 1233 4036 ejus
1253 3968 1396 4025 haud
1427 3979 1657 4038 tenetor,
1692 3984 1749 4029 ut
1775 3990 1836 4030 ea
1865 3977 1932 4031 de
1958 3978 2056 4033 do-

463 4065 517 4108 te
541 4068 639 4109 sua
671 4055 931 4110 creditori
957 4068 1217 4126 praestet;
1259 4059 1362 4115 nisi
1387 4059 1530 4116 forte
1559 4061 1722 4119 fuerit
1753 4064 2052 4133 inventum,

461 4157 582 4198 eam
625 4144 678 4200 in
732 4145 866 4201 illud
922 4148 1162 4203 debitum
1204 4165 1326 4205 cum
1373 4152 1487 4208 viro
1534 4168 1632 4209 suo
1689 4159 2054 4225 promittendo

462 4237 830 4294 consensisse.

531 4323 624 4379 12.
688 4326 926 4383 Fructus
987 4344 1053 4384 ex
1111 4330 1332 4400 pignere
1375 4336 1614 4405 percepti
1671 4349 2055 4406 computantur

2079 3117 2126 3178 ε
2161 3075 2300 3178 μῗλίῒ

2155 501 2279 555 τινὰ
2316 499 2653 573 προσφέρειν
2705 501 3004 572 πρόφασιν·
3037 501 3086 554 εί
3146 501 3220 572 μή
3279 518 3396 564 πως
3447 501 3743 572 ἀποδειχθῇ

2160 590 2332 662 αύτῷ,
2370 592 2446 655 ὼς
2479 593 2647 656 είκδς,
2709 591 2958 645 ἐπελθεῖν
3017 591 3326 662 συμφορὰν,
3384 591 3477 643 καὶ
3516 591 3614 644 σὺν
3664 589 3748 659 τῷ

2159 681 2276 751 ίδίῳ
2307 682 2674 752 ἀπολεσθῆναι
2713 681 2809 735 καὶ
2849 680 2916 734 τὰ
2949 679 3208 751 ἀλλότρια
3233 695 3247 710 ’
3289 678 3387 732 καὶ
3441 676 3620 742 καθὼς
3661 679 3747 732 δεῖ

2155 772 2345 828 λοιπὸν
2374 775 2504 846 περὶ
2531 773 2723 828 τούτου
2750 772 3092 844 τηρείτωσαν
3120 774 3170 826 οἱ
3202 769 3492 843 ἀκροαταί.

2227 862 2298 933 γ’.
2354 865 2480 920 Ἐάν
2511 882 2593 929 τις
2622 865 2844 938 δανείσῃ
2881 866 3008 932 τινὶ,
3069 866 3163 919 καὶ
3219 863 3362 918 κατὰ
3394 864 3494 936 τὴν
3533 863 3749 918 οἰκείαν

2154 955 2488 1028 ὁμολόγησιν
2519 958 2583 1011 ἐκ
2601 957 2942 1029 προθεσμίας
2969 959 2998 1008 6
3037 956 3321 1028 χρεώστης
3347 956 3421 1027 μὴ
3456 956 3751 1027 ἐκπληρώ-

2159 1067 2248 1122 σῃ,
2280 1050 2676 1123 προτρεπέσθω
2715 1049 2902 1103 τοῦτον
2927 1052 2993 1103 ἐκ
3019 1049 3346 1119 διαδασίμου
3372 1050 3400 1101 ὁ
3438 1048 3751 1119 χρεωστούς

2161 1160 2341 1214 μενος·
2369 1142 2466 1197 καὶ
2497 1143 2591 1196 ἐὰν
2619 1142 2760 1214 μετὰ
2807 1142 2901 1196 δύο
2942 1143 3038 1196 καὶ
3102 1143 3252 1213 τρεῖς
3299 1139 3618 1212 προτροπὰς
3650 1142 3750 1195 καὶ

2155 1235 2554 1306 διαμαρτυρίας
2615 1233 2692 1304 μὴ
2741 1233 2944 1305 Θελήσῃ
3004 1236 3032 1288 6
3075 1233 3370 1305 χρεωστῶν
3439 1253 3747 1306 παρουσια-

2163 1326 2442 1398 σθῆναι,ἢ
2486 1324 2547 1379 τὸ
2582 1325 2854 1396 ἀπόχρεον
2911 1325 3154 1394 ποιῆσαι,
3193 1325 3481 1381 αὐθεντίαν
3515 1329 3688 1397 ἐχέτω
3717 1329 3750 1379 ὁ

2155 1417 2222 1472 τὰ
2253 1417 2488 1490 ἐνέχυρα
2517 1417 2788 1486 κατέχων,
2823 1415 2928 1470 ὑπὸ
2977 1416 3180 1486 ἀκριϐῆ
3222 1416 3490 1487 δημοσίαν
3515 1418 3749 1488 ἐκτίμη-

2157 1525 2264 1575 σιν,
2295 1509 2589 1580 ἐγγράφως
2617 1508 2707 1562 διὰ
2737 1507 3114 1579 ταϐουλαρίων
3144 1507 3176 1579 ἢ
3217 1507 3313 1562 καὶ
3357 1508 3576 1562 ἐκδίκου
3611 1508 3749 1561 ὑπο-

2155 1601 2566 1672 σημειωμένην,
2601 1601 2778 1655 ταῦτα
2807 1599 3254 1668 διαπιπράσκειν,
3287 1602 3392 1667 ,καὶ
3425 1601 3489 1653 ἐκ
3527 1600 3634 1654 τῶν
3661 1619 3748 1652 τι-

2159 1691 2429 1762 μημάτων
2456 1690 2532 1744 τὰ
2577 1689 2998 1762 χρεωστούμενα
3036 1688 3185 1760 αύτῷ
3214 1692 3613 1760 παρακρατεῖν,
3646 1690 3747 1743 καὶ

2075 1773 2120 1828 Β
2148 1781 2210 1836 τδ
2245 1783 2569 1854 περιττεῦον
2599 1783 2972 1854 ἀποκαθιστᾷν
3005 1781 3085 1854 τῷ
3110 1783 3504 1854 χρεωστοῦντι.

2223 1872 2266 1929 δ’
2271 1916 2286 1932 .
2313 1876 2378 1928 El
2423 1875 2480 1928 δὲ
2537 1874 2645 1929 τῶν
2693 1874 2967 1946 ἐνεχύρων
2996 1873 3178 1928 δικαία
3214 1876 3415 1944 πρᾶσις
3466 1875 3528 1928 ού
3577 1874 3746 1928 σώσει

2153 1983 2251 2036 την
2297 1967 2488 2038 ἐντελῆ
2546 1966 2641 2020 τοῦ
2703 1967 2896 2038 χρέους
2946 1967 3242 2034 ἀπὸδωσιν,
3294 1968 3598 2022 ἁπαιτείτω
3646 1967 3744 2020 τὸν

2154 2059 2438 2132 χρεώστην
2469 2061 2531 2114 τὸ
2561 2059 2975 2132 λειπαζόμενον.

2227 2157 2288 2208 ε’.
2335 2153 2394 2207 '0
2429 2152 2736 2224 δανειστὴς,
2771 2154 2866 2208 ἐὰν
2897 2151 3134 2224 ἐνέχυρα
3161 2153 3324 2224 λάϐῃ,
3353 2153 3401 2206 εί
3429 2151 3523 2207 καὶ
3557 2153 3747 2226 ἐπάρῃ

2154 2241 2226 2298 τὰ
2256 2243 2424 2299 τέκνα
2453 2244 2562 2298 τῶν
2595 2245 2740 2299 ίδίων
2770 2244 3206 2316 χρεωφειλετῶν,
3245 2246 3338 2298 καὶ
3375 2246 3455 2309 εἰς
3487 2243 3746 2315 δουλικὴν

2159 2335 2461 2408 ὑπηρεσίαν
2520 2336 2696 2391 ταῦτα
2777 2337 3116 2408 μισθώσηται
3160 2375 3176 2401 ,
3249 2336 3562 2391 ἐκπιπτέτω
3643 2335 3747 2390 τοῦ

2156 2427 2373 2498 χρέους,
2409 2427 2503 2482 καὶ
2551 2428 2718 2501 ἄλλην
2765 2427 3040 2499 τοσαύτην
3083 2428 3358 2500 ποσότητα
3405 2428 3484 2498 τῷ
3529 2444 3746 2499 κρατη-

2164 2519 2333 2584 θέντι,
2382 2522 2431 2573 εἰ
2475 2520 2570 2575 καὶ
2599 2523 2710 2586 τοῖς
2743 2521 2935 2575 τούτου
2967 2519 3186 2589 γονεῦσι
3225 2519 3633 2577 καταϐαλλέτω.

2235 2608 2311 2675 ς’.
2343 2611 2426 2666 Τὰ
2454 2613 2786 2666 ὑποτεθέντα
2813 2613 3119 2684 πράγματα
3145 2615 3224 2678 εἰς
3257 2613 3492 2686 ἐνέχυρα
3513 2611 3746 2684 ζητοῦσι.

2159 2704 2531 2771 προσωπικῶς
2555 2706 2604 2758 οἱ
2630 2704 2930 2776 χρεῶσται.

2229 2794 2294 2860 ζ’.
2330 2796 2394 2851 οε
2430 2798 2635 2868 καρποὶ⁵
2660 2796 2756 2850 τοῦ
2796 2796 2967 2868 ἀγροῦ
2991 2796 3318 2868 ψηφίζονται
3352 2798 3434 2860 είς
3465 2797 3527 2851 τὸ
3554 2797 3744 2868 χρέος,

2154 2888 2219 2940 ού
2251 2887 2411 2958 μόνον
2439 2886 2534 2952 οὓς
2563 2887 2758 2942 ἐλαϐεν
2783 2889 2812 2942 6
2836 2888 3144 2959 δανειστὴς,
3176 2888 3314 2942 ἀλλὰ
3356 2888 3450 2942 καὶ
3478 2887 3571 2952 οὓς
3611 2886 3748 2958 ⁴ἡδύ--

2159 2994 2288 3031 νατο
2320 2976 2531 3033 λαϐεῖν.
3695 3047 3702 3053 ε

2331 3070 2394 3124 Et
2419 3070 2476 3124 δὲ
2504 3069 2599 3124 καὶ
2631 3069 2831 3143 ἐὸλαψε
2861 3071 2952 3126 τὸν
2985 3071 3174 3145 ἀγρὸν,
3204 3072 3462 3144 ἐνάγεται
3486 3072 3581 3129 καὶ
3609 3074 3745 3144 περὶ

2157 3157 2372 3214 τούτου.

2230 3249 2294 3306 θ’.
2322 3251 2461 3305 Οὐδὲ
2482 3252 2591 3324 γὰρ
2627 3253 2805 3320 ἔξεστι
2847 3253 2926 3326 τῷ
2962 3254 3215 3326 δανειστῇ
3241 3258 3415 3328 χωρὶς
3445 3274 3738 3330 συμφωνου

2155 3342 2252 3396 καὶ
2305 3344 2541 3415 ἀρχικῆς
2595 3345 2902 3412 κελεύσεως
2933 3350 3271 3418 πιπράσκειν
3300 3351 3373 3404 τὰ
3423 3350 3504 3413 είς
3555 3352 3742 3407 αἰτίαν

2155 3434 2416 3508 ἐνεχύρου
2462 3437 2806 3510 κατεχόμενα
2843 3441 3170 3512 πράγματα.

2229 3525 2285 3582 ι’.
2322 3528 2386 3581 Οί
2440 3529 2603 3583 τόκου
2647 3531 2810 3601 χάριν
2847 3531 3108 3596 λαϐόντες
3149 3532 3340 3603 ἀγρὸν,
3389 3535 3552 3606 μέχρι
3598 3534 3746 3588 ἑπτα

2157 3616 2366 3688 χρόνων
2385 3617 2805 3689 καρπιξέτωσαν
2840 3620 3004 3675 αὐτόν
3041 3637 3055 3652 ⁸
3091 3621 3202 3674 ἀπὸ
3238 3622 3338 3692 τῆς
3392 3624 3741 3688 ἐπταετείας,

2157 3709 2254 3764 καὶ
2305 3709 2438 3772 ἄνω,
2484 3709 2585 3781 τὴν
2633 3713 2894 3784 ἡμίσειαν
2943 3713 3184 3786 ἐκφορὰν
3212 3717 3629 3788 στιχησᾶτωσαν
3657 3718 3744 3778 εἰς

2157 3800 2450 3869 κεφάλαια.

2232 3888 2322 3948 ια’.
2361 3892 2485 3947 Ἐάν
2510 3911 2594 3958 τις
2637 3895 2977 3968 δανείσηται,
3017 3901 3116 3956 καὶ
3175 3901 3249 3972 μὴ
3281 3901 3486 3972 εὐπορῇ
3519 3901 3617 3970 τὴν
3640 3900 3743 3954 τοῦ

2156 3982 2352 4053 χρέους
2377 3987 2706 4056 ποιήσασθαι
2728 3989 3005 4054 ἀπόδοσιν,
3030 3993 3362 4064 ἀνέγκλητος
3385 3993 3523 4046 ἔστω
3548 3993 3740 4062 ήγυνὴ

2157 4073 2345 4140 αὐτοῦ,
2366 4076 2460 4129 τοῦ
2491 4077 2668 4133 ταῦτα
2700 4082 2766 4133 ἐκ
2798 4081 2898 4152 τῆς
2942 4084 3169 4154 προικὸς
3214 4085 3384 4155 αὐτῆς
3435 4084 3744 4154 παρασχεῖν

2153 4165 2234 4235 τῷ
2283 4165 2590 4221 δανείσαντι
2622 4186 2636 4201 ο
2674 4171 2722 4223 εί
2777 4173 2975 4241 μήπως
3025 4172 3222 4245 εὑρέθη
3263 4175 3322 4226 ἐν
3377 4172 3455 4244 τῷ
3514 4173 3747 4244 τοιούτῳ

2156 4257 2307 4328 χρέει
2338 4260 2825 4334 συνομολογῆσασα
2849 4263 2926 4334 τῷ
2949 4264 3104 4334 ἀνδρὶ
3125 4265 3322 4334 αὐτῆς.

2232 4347 2320 4419 ιβ’.
2353 4351 2416 4403 Ol
2446 4351 2511 4403 ὲκ
2556 4350 2653 4404 τοῦ
2706 4351 2966 4422 ἐνεχύρου
3002 4353 3302 4423 ληφθέντες
3335 4352 3544 4423 καρποὶ
3569 4351 3748 4423 ψηφίσ-

463 4415 516 4469 in
548 4416 813 4483 debitum,
845 4434 910 4475 ac
935 4419 1205 4490 siquidem
1240 4423 1506 4495 integrum
1539 4427 1783 4484 debitum
1812 4441 2048 4501 aequant,

2164 4415 2340 4504 ζονται
2374 4443 2455 4506 είς
2483 4443 2544 4495 τὸ
2566 4443 2746 4514 χρέος,
2945 4445 3040 4499 ἐὰν
3057 4415 3248 4501 ’ί-κανοὶ
3294 4415 3561 4514 γένωνται

462 4517 573 4609 tam
626 4509 884 4580 obligatio
921 4512 1170 4580 solvitur,
1217 4529 1381 4584 quam
1438 4518 1632 4588 pignus
1656 4521 1922 4578 redditur.
1955 4522 2052 4578 Sin

2164 4531 2222 4585 τὸ
2271 4533 2393 4587 ὅλον
2443 4509 2626 4604 χρέος,
2652 4535 2895 4608 λύεταιή
2931 4537 3149 4609 ἀγωγὴ,
3177 4537 3272 4590 καὶ
3305 4509 3630 4590 ’ἀποδίδοται
3651 4509 3747 4586 ’τὸ

461 4594 674 4653 fructus
717 4615 986 4656 summam
1031 4603 1200 4659 debiti
1249 4617 1534 4676 superant,
1559 4608 1839 4680 _superllui
1900 4613 2052 4668 resti-

2164 4594 2531 4696 ἐνέχυρονίῑῐί
2559 4594 2623 4680 δὲ.
2653 4594 2900 4691 πλείονες
2929 4594 3035 4683 ὦσι
3185 4630 3380 4700 χρέους
3410 4630 3459 4681 οί
3516 4630 3740 4699 καρποὶ,

456 4698 713 4747 Utuntur.

544 4780 634 4837 13.
666 4781 857 4852 Operae
879 4798 1194 4852 servorum,
1223 4795 1278 4842 et
1297 4787 1660 4860 obligatarum
1685 4791 1883 4846 mdium
1915 4808 2056 4864 pen-

463 4879 670 4942 siones,
698 4879 750 4932 iu
783 4877 1022 4932 debitum
1053 4888 1438 4948 computantur
1467 4897 1484 4934 :
1530 4895 1595 4936 ac
1623 4882 1888 4952 siquidem
1918 4885 2056 4941 mul-

466 4981 580 5024 tum
611 4976 694 5022 est
725 4967 796 5034 id,
829 4969 973 5037 quod
1015 4969 1245 5038 cogitur,
1269 4971 1695 5053 exspiratactio.

537 5060 631 5117 14.
668 5060 726 5116 Si
759 5061 1004 5116 creditor
1034 5077 1141 5116 non
1172 5062 1333 5132 culpa
1375 5079 1472 5118 sua
1506 5065 1700 5136 pignus
1735 5067 2050 5138 perdiderit,

464 5167 572 5208 non
615 5161 848 5207 tenetur.
871 5151 986 5207 Sed
1017 5153 1360 5223 probandum
1388 5165 1471 5209 est
1495 5155 1568 5221 ei,
1605 5161 1748 5227 quod
1785 5160 2049 5216 amiserit.

463 5246 672 5315 Quippe
703 5259 864 5299 casus
890 5243 1102 5298 fortuiti
1157 5259 1262 5299 non
1291 5245 1541 5313 periculo
1589 5258 1714 5303 sunt
1741 5250 2050 5318 creditoris,

464 5339 558 5392 sed
592 5337 817 5407 potestis
850 5351 908 5390 re
942 5335 1173 5392 fortuito
1213 5339 1730 5402 amissaysummam
1757 5343 1865 5398 sibi
1902 5343 2053 5400 debi-

467 5439 575 5480 tam
608 5437 870 5498 repetere.
905 5426 962 5483 Si
1006 5442 1134 5483 vero
1161 5429 1240 5484 sic
1290 5433 1606 5487 convenerit
1655 5435 1798 5491 inter
1835 5447 2053 5493 contra-

466 5516 679 5580 hentes,
709 5525 768 5572 ut
795 5519 1017 5574 amissio
1045 5519 1321 5589 pignorum
1363 5520 1663 5580 debitorem
1694 5525 1906 5594 liberet,
1965 5543 2052 5584 ra-

464 5615 580 5664 tum
601 5617 711 5666 nec
739 5620 878 5667 esto.

2157 4716 2499 4772 ἀποδίδονται
2526 4719 2576 4772 oi
2598 4719 3030 4788 περιττεύοντες.

2230 4802 2321 4874 ιγ’.
2350 4806 2472 4860 Τῶν
2505 4807 2710 4861 δούλων
2739 4812 2786 4862 οί
2823 4811 3086 4878 κάματοι,
3125 4811 3219 4865 καὶ
3261 4811 3333 4864 τὰ
3375 4811 3586 4864 ἐνοίκια
3630 4811 3746 4862 τῶν

2159 4893 2532 4948 ὑποτεθέντων
2559 4898 2902 4968 οἰκημάτων,
2944 4901 3026 4962 εἰς
3062 4900 3122 4953 τὸ
3179 4901 3342 4970 χρέος
3387 4900 3698 4970 λογίζονται
3725 4915 3742 4932 ⁶

2159 4988 2253 5039 καὶ
2287 4987 2383 5041 ἐὰν
2413 4989 2549 5042 πολύ
2593 4991 2710 5043 ἐστι
2740 4991 2799 5044 τὸ
2823 4992 3215 5062 συναγόμενον,
3240 4993 3428 5047 λύεται
3461 4995 3495 5064 ή
3525 4995 3742 5063 ἀγωγή.

2232 5074 2313 5131 ιδ’.
2377 5077 2504 5131 Ἐὰν
2561 5080 2590 5130 6
2653 5079 2939 5149 δανειστὴς
3005 5081 3081 5151 μὴ
3149 5083 3281 5152 παρ’
3347 5080 3484 5134 ἰδίαν
3561 5082 3752 5134 αἰτίαν

2157 5168 2416 5223 ἀπολέσει
2441 5170 2504 5223 τὸ
2536 5171 2817 5242 ἐνέχυρον,
2846 5172 2947 5225 οὐκ
2979 5172 3318 5240 ἐγκαλεῖται.
3344 5172 3465 5243 Χρὴ
3483 5172 3544 5224 δὲ
3577 5173 3748 5225 αὐτῖν

2156 5258 2458 5326 ἀποδεῖξαι,
2499 5262 2582 5314 ὅτι
2616 5261 2889 5328 ἀπώλεσε,
2935 5264 3004 5316 τὰ
3051 5263 3160 5332 γὰρ
3213 5262 3430 5334 τυχηρὰ
3471 5263 3532 5315 οὐ
3565 5263 3750 5316 κινδυ-

2156 5352 2373 5406 νεύεται
2415 5353 2492 5424 τῷ
2520 5352 2795 5427 δανειστῇ,
2835 5356 2970 5410 ἀλλὰ
2996 5355 3227 5411 δύναται
3259 5357 3400 5411 κατὰ.
3430 5356 3601 5427 τύχην
3635 5357 3746 5408 ἀπ-

2156 5441 2350 5506 ολέσας
2370 5442 2431 5496 τὸ
2451 5446 2708 5515 πρᾶγμα,
2728 5447 2984 5499 ἀπαιτεῖν
3009 5445 3068 5500 τὸ
3093 5445 3243 5518 αὐτῷ
3267 5446 3543 5517 χρεωστού
3552 5460 3744 5513 μενον.

2169 5534 2294 5588 Ἐὰν
2341 5536 2399 5590 δὲ
2441 5536 2646 5607 μεταξὺ
2689 5537 2801 5591 τῶν
2856 5537 3331 5591 συναλλασσόντων
3379 5533 3597 5605 ῆρεσεν,
3656 5535 3747 5589 ἵνα

2154 5629 2188 5696 ἡ
2219 5627 2463 5680 ἀπώλεια
2482 5628 2589 5680 τῶν
2620 5629 2890 5700 ἐνεχύρων
2925 5625 3282 5698 ἐλευθερώσει
3313 5627 3402 5680 τὸν
3427 5630 3744 5702 χρεώστην,

2156 5717 2314 5773 τοῦτο
2353 5719 2506 5790 ίσχὺν
2542 5719 2674 5791 ἔχει.
