  <div class='ocr_page' id='page_1' title='image "/cluster/home/n/w/nwhite01/storage/ocr_20150623/113:no.2/coo.31924054870179/274.png"; bbox 0 0 4050 6416; ppageno 0'>
   <div class='ocr_carea' id='block_1_1' title="bbox 290 293 399 360">
    <p class='ocr_par' dir='ltr' id='par_1_1' title="bbox 290 293 399 360">
     <span class='ocr_line' id='line_1_1' title="bbox 290 293 399 360; baseline -0.018 0"><span class='ocrx_word' id='word_1_1' title='bbox 290 293 399 360; x_wconf 71' lang='lat'><strong>{25</strong></span> 
     </span>
    </p>
   </div>
   <div class='ocr_carea' id='block_1_2' title="bbox 277 503 1873 584">
    <p class='ocr_par' dir='ltr' id='par_1_2' title="bbox 277 503 1873 584">
     <span class='ocr_line' id='line_1_2' title="bbox 277 503 1873 584; baseline 0.004 -24"><span class='ocrx_word' id='word_1_2' title='bbox 277 503 591 576; x_wconf 75' lang='grc' dir='ltr'>γενομένην</span> <span class='ocrx_word' id='word_1_3' title='bbox 621 505 933 576; x_wconf 81' lang='grc' dir='ltr'>καταϐολὴν</span> <span class='ocrx_word' id='word_1_4' title='bbox 960 507 1318 580; x_wconf 81' lang='grc' dir='ltr'><strong>ἀρνούμενος,</strong></span> <span class='ocrx_word' id='word_1_5' title='bbox 1344 513 1404 564; x_wconf 82' lang='grc' dir='ltr'><strong>τὸ</strong></span> <span class='ocrx_word' id='word_1_6' title='bbox 1430 511 1718 568; x_wconf 83' lang='grc' dir='ltr'>διπλάσιον</span> <span class='ocrx_word' id='word_1_7' title='bbox 1754 513 1873 584; x_wconf 82' lang='grc' dir='ltr'>μετ’</span> 
     </span>
    </p>
   </div>
   <div class='ocr_carea' id='block_1_3' title="bbox 280 597 1870 676">
    <p class='ocr_par' dir='ltr' id='par_1_3' title="bbox 280 597 1870 676">
     <span class='ocr_line' id='line_1_3' title="bbox 280 597 1870 676; baseline 0.004 -24"><span class='ocrx_word' id='word_1_8' title='bbox 280 598 544 668; x_wconf 84' lang='grc' dir='ltr'>ἐλέγχους</span> <span class='ocrx_word' id='word_1_9' title='bbox 576 597 902 669; x_wconf 86' lang='grc' dir='ltr'>καταθήσει.</span> <span class='ocrx_word' id='word_1_10' title='bbox 945 597 1002 652; x_wconf 87' lang='lat'><strong>&#39;0</strong></span> <span class='ocrx_word' id='word_1_11' title='bbox 1023 599 1079 654; x_wconf 81' lang='grc' dir='ltr'>δὲ</span> <span class='ocrx_word' id='word_1_12' title='bbox 1103 601 1358 672; x_wconf 82' lang='grc' dir='ltr'>πάραυτα</span> <span class='ocrx_word' id='word_1_13' title='bbox 1380 603 1476 657; x_wconf 83' lang='grc' dir='ltr'><strong>τοῦ</strong></span> <span class='ocrx_word' id='word_1_14' title='bbox 1507 604 1870 676; x_wconf 79' lang='grc' dir='ltr'><strong>ἀρνήσασθαι,</strong></span> 
     </span>
    </p>
   </div>
   <div class='ocr_carea' id='block_1_4' title="bbox 276 690 1874 768">
    <p class='ocr_par' dir='ltr' id='par_1_4' title="bbox 276 690 1874 768">
     <span class='ocr_line' id='line_1_4' title="bbox 276 690 1874 768; baseline 0.004 -24"><span class='ocrx_word' id='word_1_15' title='bbox 276 690 338 757; x_wconf 79' lang='grc' dir='ltr'>ἐξ</span> <span class='ocrx_word' id='word_1_16' title='bbox 362 691 641 760; x_wconf 80' lang='grc' dir='ltr'>ἐπιφορᾶς</span> <span class='ocrx_word' id='word_1_17' title='bbox 671 691 836 761; x_wconf 85' lang='grc' dir='ltr'>ὅρκου</span> <span class='ocrx_word' id='word_1_18' title='bbox 893 690 994 762; x_wconf 77' lang='grc' dir='ltr'><strong>τήν</strong></span> <span class='ocrx_word' id='word_1_19' title='bbox 1055 693 1316 764; x_wconf 80' lang='grc' dir='ltr'>ἀλήθειαν</span> <span class='ocrx_word' id='word_1_20' title='bbox 1355 696 1628 768; x_wconf 78' lang='grc' dir='ltr'><strong>φανερῶν,</strong></span> <span class='ocrx_word' id='word_1_21' title='bbox 1675 696 1874 766; x_wconf 85' lang='grc' dir='ltr'>ἐκφεύ-</span> 
     </span>
    </p>
   </div>
   <div class='ocr_carea' id='block_1_5' title="bbox 277 785 1873 864">
    <p class='ocr_par' dir='ltr' id='par_1_5' title="bbox 277 785 1873 864">
     <span class='ocr_line' id='line_1_5' title="bbox 277 785 1873 864; baseline 0.005 -25"><span class='ocrx_word' id='word_1_22' title='bbox 277 786 429 852; x_wconf 78' lang='grc' dir='ltr'>ξεται</span> <span class='ocrx_word' id='word_1_23' title='bbox 459 785 562 857; x_wconf 74' lang='grc' dir='ltr'>τὴν</span> <span class='ocrx_word' id='word_1_24' title='bbox 590 786 894 858; x_wconf 77' lang='grc' dir='ltr'>καταδίκην</span> <span class='ocrx_word' id='word_1_25' title='bbox 946 788 1042 841; x_wconf 76' lang='grc' dir='ltr'>τοῦ</span> <span class='ocrx_word' id='word_1_26' title='bbox 1097 789 1407 847; x_wconf 79' lang='grc' dir='ltr'>διπλασίου.</span> <span class='ocrx_word' id='word_1_27' title='bbox 1455 790 1512 845; x_wconf 83' lang='grc' dir='ltr'>Ὀ</span> <span class='ocrx_word' id='word_1_28' title='bbox 1540 791 1593 846; x_wconf 75' lang='grc' dir='ltr'>δὲ</span> <span class='ocrx_word' id='word_1_29' title='bbox 1628 791 1873 864; x_wconf 77' lang='grc' dir='ltr'><strong>βραδέως</strong></span> 
     </span>
    </p>
   </div>
   <div class='ocr_carea' id='block_1_6' title="bbox 272 877 1872 957">
    <p class='ocr_par' dir='ltr' id='par_1_6' title="bbox 272 877 1872 957">
     <span class='ocr_line' id='line_1_6' title="bbox 272 877 1872 957; baseline 0.004 -26"><span class='ocrx_word' id='word_1_30' title='bbox 272 878 583 950; x_wconf 82' lang='grc' dir='ltr'>ὁμολογῶν.</span> <span class='ocrx_word' id='word_1_31' title='bbox 638 877 945 951; x_wconf 75' lang='grc' dir='ltr'>καταθήσει</span> <span class='ocrx_word' id='word_1_32' title='bbox 988 880 1088 944; x_wconf 75' lang='grc' dir='ltr'><strong>τὰς</strong></span> <span class='ocrx_word' id='word_1_33' title='bbox 1124 882 1371 946; x_wconf 79' lang='grc' dir='ltr'>δαπάνας</span> <span class='ocrx_word' id='word_1_34' title='bbox 1403 882 1504 954; x_wconf 81' lang='grc' dir='ltr'>τῆς</span> <span class='ocrx_word' id='word_1_35' title='bbox 1536 883 1691 956; x_wconf 90' lang='grc' dir='ltr'>δίκης</span> <span class='ocrx_word' id='word_1_36' title='bbox 1721 883 1872 957; x_wconf 80' lang='grc' dir='ltr'>ὅρκῳ</span> 
     </span>
    </p>
   </div>
   <div class='ocr_carea' id='block_1_7' title="bbox 269 969 706 1023">
    <p class='ocr_par' dir='ltr' id='par_1_7' title="bbox 269 969 706 1023">
     <span class='ocr_line' id='line_1_7' title="bbox 269 969 706 1023; baseline 0 0"><span class='ocrx_word' id='word_1_37' title='bbox 269 969 367 1023; x_wconf 78' lang='grc' dir='ltr'>τοῦ</span> <span class='ocrx_word' id='word_1_38' title='bbox 401 969 706 1023; x_wconf 77' lang='grc' dir='ltr'>ἀντιδίκου.</span> 
     </span>
    </p>
   </div>
   <div class='ocr_carea' id='block_1_8' title="bbox 343 1059 1868 1138">
    <p class='ocr_par' dir='ltr' id='par_1_8' title="bbox 343 1059 1868 1138">
     <span class='ocr_line' id='line_1_8' title="bbox 343 1059 1868 1138; baseline 0.005 -24"><span class='ocrx_word' id='word_1_39' title='bbox 343 1068 445 1126; x_wconf 78' lang='grc' dir='ltr'>ις’.</span> <span class='ocrx_word' id='word_1_40' title='bbox 482 1059 621 1114; x_wconf 75' lang='grc' dir='ltr'>Οὔτε</span> <span class='ocrx_word' id='word_1_41' title='bbox 653 1060 1018 1133; x_wconf 82' lang='grc' dir='ltr'>ὁδανειστὴς,</span> <span class='ocrx_word' id='word_1_42' title='bbox 1078 1061 1205 1116; x_wconf 73' lang='grc' dir='ltr'>οὔτε</span> <span class='ocrx_word' id='word_1_43' title='bbox 1258 1066 1287 1118; x_wconf 87' lang='grc' dir='ltr'><strong>δ</strong></span> <span class='ocrx_word' id='word_1_44' title='bbox 1337 1065 1432 1118; x_wconf 70' lang='grc' dir='ltr'><strong>τοῦ</strong></span> <span class='ocrx_word' id='word_1_45' title='bbox 1482 1065 1694 1120; x_wconf 80' lang='grc' dir='ltr'>δανείου</span> <span class='ocrx_word' id='word_1_46' title='bbox 1751 1065 1868 1138; x_wconf 85' lang='grc' dir='ltr'>[δα-</span> 
     </span>
    </p>
   </div>
   <div class='ocr_carea' id='block_1_9' title="bbox 271 1151 1867 1229">
    <p class='ocr_par' dir='ltr' id='par_1_9' title="bbox 271 1151 1867 1229">
     <span class='ocr_line' id='line_1_9' title="bbox 271 1151 1867 1229; baseline 0.005 -23"><span class='ocrx_word' id='word_1_47' title='bbox 271 1151 520 1224; x_wconf 83' lang='grc' dir='ltr'>νειστοῦ]</span> <span class='ocrx_word' id='word_1_48' title='bbox 579 1153 940 1224; x_wconf 75' lang='grc' dir='ltr'>κληρονόμος,</span> <span class='ocrx_word' id='word_1_49' title='bbox 993 1153 1072 1224; x_wconf 79' lang='grc' dir='ltr'><strong>τῷ</strong></span> <span class='ocrx_word' id='word_1_50' title='bbox 1126 1156 1378 1228; x_wconf 83' lang='grc' dir='ltr'>χρεώστῃ</span> <span class='ocrx_word' id='word_1_51' title='bbox 1433 1158 1573 1228; x_wconf 82' lang='grc' dir='ltr'>μετὰ</span> <span class='ocrx_word' id='word_1_52' title='bbox 1618 1158 1719 1229; x_wconf 79' lang='grc' dir='ltr'><strong>τὴν</strong></span> <span class='ocrx_word' id='word_1_53' title='bbox 1772 1160 1867 1214; x_wconf 82' lang='grc' dir='ltr'>τοῦ</span> 
     </span>
    </p>
   </div>
   <div class='ocr_carea' id='block_1_10' title="bbox 268 1243 1866 1324">
    <p class='ocr_par' dir='ltr' id='par_1_10' title="bbox 268 1243 1866 1324">
     <span class='ocr_line' id='line_1_10' title="bbox 268 1243 1866 1324; baseline 0.005 -26"><span class='ocrx_word' id='word_1_54' title='bbox 268 1245 467 1316; x_wconf 81' lang='grc' dir='ltr'>χρέους</span> <span class='ocrx_word' id='word_1_55' title='bbox 524 1243 871 1316; x_wconf 80' lang='grc' dir='ltr'>καταϐολὴν,</span> <span class='ocrx_word' id='word_1_56' title='bbox 936 1245 1126 1300; x_wconf 76' lang='grc' dir='ltr'>ἕνεκεν</span> <span class='ocrx_word' id='word_1_57' title='bbox 1174 1248 1269 1301; x_wconf 83' lang='grc' dir='ltr'>τοῦ</span> <span class='ocrx_word' id='word_1_58' title='bbox 1325 1250 1584 1324; x_wconf 87' lang='grc' dir='ltr'>ἐνεχύρου</span> <span class='ocrx_word' id='word_1_59' title='bbox 1642 1250 1866 1306; x_wconf 87' lang='grc' dir='ltr'>δύναται</span> 
     </span>
    </p>
   </div>
   <div class='ocr_carea' id='block_1_11' title="bbox 267 1336 1330 1408">
    <p class='ocr_par' dir='ltr' id='par_1_11' title="bbox 267 1336 1330 1408">
     <span class='ocr_line' id='line_1_11' title="bbox 267 1336 1330 1408; baseline 0.005 -21"><span class='ocrx_word' id='word_1_60' title='bbox 267 1337 469 1408; x_wconf 87' lang='grc' dir='ltr'>χρόνου</span> <span class='ocrx_word' id='word_1_61' title='bbox 505 1336 884 1408; x_wconf 73' lang='grc' dir='ltr'>παραγραφὴν</span> <span class='ocrx_word' id='word_1_62' title='bbox 917 1341 1330 1408; x_wconf 84' lang='grc' dir='ltr'>προσενεγκεῖν.</span> 
     </span>
    </p>
   </div>
   <div class='ocr_carea' id='block_1_12' title="bbox 344 1425 1864 1502">
    <p class='ocr_par' dir='ltr' id='par_1_12' title="bbox 344 1425 1864 1502">
     <span class='ocr_line' id='line_1_12' title="bbox 344 1425 1864 1502; baseline 0.006 -23"><span class='ocrx_word' id='word_1_63' title='bbox 344 1426 431 1492; x_wconf 77' lang='grc' dir='ltr'>ιζ’.</span> <span class='ocrx_word' id='word_1_64' title='bbox 481 1428 540 1478; x_wconf 78' lang='grc' dir='ltr'><strong>Ἰ)</strong></span> <span class='ocrx_word' id='word_1_65' title='bbox 573 1425 861 1498; x_wconf 80' lang='grc' dir='ltr'>χρεώστης</span> <span class='ocrx_word' id='word_1_66' title='bbox 887 1428 1223 1500; x_wconf 80' lang='grc' dir='ltr'>ἀρνούμενος</span> <span class='ocrx_word' id='word_1_67' title='bbox 1248 1431 1308 1484; x_wconf 85' lang='grc' dir='ltr'><strong>τὸ</strong></span> <span class='ocrx_word' id='word_1_68' title='bbox 1333 1431 1514 1502; x_wconf 80' lang='grc' dir='ltr'>χρέος,</span> <span class='ocrx_word' id='word_1_69' title='bbox 1535 1432 1598 1485; x_wconf 88' lang='grc' dir='ltr'><strong>ού</strong></span> <span class='ocrx_word' id='word_1_70' title='bbox 1639 1431 1864 1488; x_wconf 88' lang='grc' dir='ltr'>δύναται</span> 
     </span>
    </p>
   </div>
   <div class='ocr_carea' id='block_1_13' title="bbox 269 1519 1861 1596">
    <p class='ocr_par' dir='ltr' id='par_1_13' title="bbox 269 1519 1861 1596">
     <span class='ocr_line' id='line_1_13' title="bbox 269 1519 1861 1596; baseline 0.008 -25"><span class='ocrx_word' id='word_1_71' title='bbox 269 1519 418 1589; x_wconf 83' lang='grc' dir='ltr'><strong>μετά</strong></span> <span class='ocrx_word' id='word_1_72' title='bbox 445 1519 618 1572; x_wconf 79' lang='grc' dir='ltr'>ταῦτα</span> <span class='ocrx_word' id='word_1_73' title='bbox 651 1520 746 1572; x_wconf 74' lang='grc' dir='ltr'><strong>ἐπὶ</strong></span> <span class='ocrx_word' id='word_1_74' title='bbox 769 1523 836 1592; x_wconf 76' lang='grc' dir='ltr'>τῇ</span> <span class='ocrx_word' id='word_1_75' title='bbox 866 1522 1142 1593; x_wconf 80' lang='grc' dir='ltr'>καταϐολῇ</span> <span class='ocrx_word' id='word_1_76' title='bbox 1177 1525 1511 1596; x_wconf 80' lang='grc' dir='ltr'>προσφέρειν</span> <span class='ocrx_word' id='word_1_77' title='bbox 1533 1525 1861 1592; x_wconf 81' lang='grc' dir='ltr'>ἀποδείξεις.</span> 
     </span>
    </p>
   </div>
   <div class='ocr_carea' id='block_1_14' title="bbox 349 1613 1864 1688">
    <p class='ocr_par' dir='ltr' id='par_1_14' title="bbox 349 1613 1864 1688">
     <span class='ocr_line' id='line_1_14' title="bbox 349 1613 1864 1688; baseline 0.007 -24"><span class='ocrx_word' id='word_1_78' title='bbox 349 1613 446 1681; x_wconf 77' lang='grc' dir='ltr'><strong>Τῷ</strong></span> <span class='ocrx_word' id='word_1_79' title='bbox 502 1613 820 1685; x_wconf 73' lang='grc' dir='ltr'>ἀρνουμένῳ</span> <span class='ocrx_word' id='word_1_80' title='bbox 882 1615 1134 1688; x_wconf 82' lang='grc' dir='ltr'>χρεώστῃ</span> <span class='ocrx_word' id='word_1_81' title='bbox 1197 1617 1256 1670; x_wconf 85' lang='grc' dir='ltr'><strong>ού</strong></span> <span class='ocrx_word' id='word_1_82' title='bbox 1317 1617 1737 1688; x_wconf 80' lang='grc' dir='ltr'>λογισθήσονται</span> <span class='ocrx_word' id='word_1_83' title='bbox 1807 1622 1864 1674; x_wconf 87' lang='grc' dir='ltr'><strong>αἰ</strong></span> 
     </span>
    </p>
   </div>
   <div class='ocr_carea' id='block_1_15' title="bbox 287 1701 1864 1776">
    <p class='ocr_par' dir='ltr' id='par_1_15' title="bbox 287 1701 1864 1776">
     <span class='ocr_line' id='line_1_15' title="bbox 287 1701 1864 1776; baseline 0.008 -22"><span class='ocrx_word' id='word_1_84' title='bbox 287 1702 428 1770; x_wconf 80' lang='grc' dir='ltr'><strong>μετά</strong></span> <span class='ocrx_word' id='word_1_85' title='bbox 459 1701 617 1756; x_wconf 78' lang='grc' dir='ltr'>ταῦτα</span> <span class='ocrx_word' id='word_1_86' title='bbox 646 1706 1094 1776; x_wconf 79' lang='grc' dir='ltr'>προσφερόμεναι</span> <span class='ocrx_word' id='word_1_87' title='bbox 1121 1707 1229 1759; x_wconf 86' lang='grc' dir='ltr'><strong>τῶν</strong></span> <span class='ocrx_word' id='word_1_88' title='bbox 1288 1708 1605 1763; x_wconf 79' lang='grc' dir='ltr'>καταϐολῶν</span> <span class='ocrx_word' id='word_1_89' title='bbox 1646 1711 1864 1766; x_wconf 82' lang='grc' dir='ltr'>ἀποδεέ-</span> 
     </span>
    </p>
   </div>
   <div class='ocr_carea' id='block_1_16' title="bbox 286 1792 1299 1858">
    <p class='ocr_par' dir='ltr' id='par_1_16' title="bbox 286 1792 1299 1858">
     <span class='ocr_line' id='line_1_16' title="bbox 286 1792 1299 1858; baseline 0.008 -14"><span class='ocrx_word' id='word_1_90' title='bbox 286 1792 415 1858; x_wconf 83' lang='grc' dir='ltr'>ξεις,</span> <span class='ocrx_word' id='word_1_91' title='bbox 441 1793 574 1846; x_wconf 80' lang='grc' dir='ltr'><strong>ἀλλά</strong></span> <span class='ocrx_word' id='word_1_92' title='bbox 607 1795 698 1847; x_wconf 71' lang='grc' dir='ltr'>καὶ</span> <span class='ocrx_word' id='word_1_93' title='bbox 719 1795 780 1847; x_wconf 82' lang='grc' dir='ltr'><strong>τὸ</strong></span> <span class='ocrx_word' id='word_1_94' title='bbox 813 1797 924 1848; x_wconf 76' lang='grc' dir='ltr'>πᾶν</span> <span class='ocrx_word' id='word_1_95' title='bbox 963 1798 1299 1854; x_wconf 84' lang='grc' dir='ltr'>ἀπαιτεῖται.</span> 
     </span>
    </p>
   </div>
   <div class='ocr_carea' id='block_1_17' title="bbox 349 1883 1862 1965">
    <p class='ocr_par' dir='ltr' id='par_1_17' title="bbox 349 1883 1862 1965">
     <span class='ocr_line' id='line_1_17' title="bbox 349 1883 1862 1965; baseline 0.01 -29"><span class='ocrx_word' id='word_1_96' title='bbox 349 1883 436 1954; x_wconf 85' lang='grc' dir='ltr'>ιη’.</span> <span class='ocrx_word' id='word_1_97' title='bbox 487 1885 545 1938; x_wconf 83' lang='grc' dir='ltr'><strong>Ὀ</strong></span> <span class='ocrx_word' id='word_1_98' title='bbox 576 1885 862 1958; x_wconf 80' lang='grc' dir='ltr'>δανειστὴς</span> <span class='ocrx_word' id='word_1_99' title='bbox 896 1887 996 1953; x_wconf 88' lang='grc' dir='ltr'><strong>τάς</strong></span> <span class='ocrx_word' id='word_1_100' title='bbox 1047 1890 1257 1955; x_wconf 82' lang='grc' dir='ltr'>οἰκείας</span> <span class='ocrx_word' id='word_1_101' title='bbox 1303 1893 1684 1965; x_wconf 85' lang='grc' dir='ltr'>ἀρνησάμενος</span> <span class='ocrx_word' id='word_1_102' title='bbox 1726 1897 1862 1951; x_wconf 87' lang='grc' dir='ltr'>ἀπο-</span> 
     </span>
    </p>
   </div>
   <div class='ocr_carea' id='block_1_18' title="bbox 263 1976 1861 2054">
    <p class='ocr_par' dir='ltr' id='par_1_18' title="bbox 263 1976 1861 2054">
     <span class='ocr_line' id='line_1_18' title="bbox 263 1976 1861 2054; baseline 0.009 -24"><span class='ocrx_word' id='word_1_103' title='bbox 263 1976 486 2043; x_wconf 77' lang='grc' dir='ltr'>δείξεις,</span> <span class='ocrx_word' id='word_1_104' title='bbox 547 1977 830 2033; x_wconf 86' lang='grc' dir='ltr'>διπλάσιον</span> <span class='ocrx_word' id='word_1_105' title='bbox 887 1981 949 2034; x_wconf 84' lang='grc' dir='ltr'>τὺ</span> <span class='ocrx_word' id='word_1_106' title='bbox 1005 1986 1396 2054; x_wconf 81' lang='grc' dir='ltr'>περιεχόμενον</span> <span class='ocrx_word' id='word_1_107' title='bbox 1461 1988 1646 2052; x_wconf 77' lang='grc' dir='ltr'>αὐτοῖς</span> <span class='ocrx_word' id='word_1_108' title='bbox 1695 1991 1861 2045; x_wconf 82' lang='grc' dir='ltr'>ποσὸν</span> 
     </span>
    </p>
   </div>
   <div class='ocr_carea' id='block_1_19' title="bbox 268 2068 1539 2152">
    <p class='ocr_par' dir='ltr' id='par_1_19' title="bbox 268 2068 1539 2152">
     <span class='ocr_line' id='line_1_19' title="bbox 268 2068 1539 2152; baseline 0.01 -32"><span class='ocrx_word' id='word_1_109' title='bbox 268 2068 392 2139; x_wconf 83' lang='grc' dir='ltr'>μετ’</span> <span class='ocrx_word' id='word_1_110' title='bbox 425 2069 684 2142; x_wconf 76' lang='grc' dir='ltr'><strong>ἐλέγχους</strong></span> <span class='ocrx_word' id='word_1_111' title='bbox 707 2072 1130 2142; x_wconf 77' lang='grc' dir='ltr'>καταλογίζεται</span> <span class='ocrx_word' id='word_1_112' title='bbox 1161 2077 1239 2148; x_wconf 80' lang='grc' dir='ltr'>τῷ</span> <span class='ocrx_word' id='word_1_113' title='bbox 1269 2077 1539 2152; x_wconf 75' lang='grc' dir='ltr'>χρεώστῃ.</span> 
     </span>
    </p>
   </div>
   <div class='ocr_carea' id='block_1_20' title="bbox 339 2159 1862 2246">
    <p class='ocr_par' dir='ltr' id='par_1_20' title="bbox 339 2159 1862 2246">
     <span class='ocr_line' id='line_1_20' title="bbox 339 2159 1862 2246; baseline 0.01 -32"><span class='ocrx_word' id='word_1_114' title='bbox 339 2159 428 2216; x_wconf 72' lang='grc' dir='ltr'>ιϐ’.</span> <span class='ocrx_word' id='word_1_115' title='bbox 450 2161 612 2235; x_wconf 81' lang='grc' dir='ltr'>[Περί</span> <span class='ocrx_word' id='word_1_116' title='bbox 639 2165 1008 2239; x_wconf 77' lang='grc' dir='ltr'>κοινωνίας.]</span> <span class='ocrx_word' id='word_1_117' title='bbox 1034 2169 1358 2225; x_wconf 86' lang='grc' dir='ltr'>Συνίσταται</span> <span class='ocrx_word' id='word_1_118' title='bbox 1384 2171 1639 2228; x_wconf 87' lang='grc' dir='ltr'>κοινωνία</span> <span class='ocrx_word' id='word_1_119' title='bbox 1658 2175 1862 2246; x_wconf 77' lang='grc' dir='ltr'>ἐγγρά-</span> 
     </span>
    </p>
   </div>
   <div class='ocr_carea' id='block_1_21' title="bbox 261 2256 1858 2336">
    <p class='ocr_par' dir='ltr' id='par_1_21' title="bbox 261 2256 1858 2336">
     <span class='ocr_line' id='line_1_21' title="bbox 261 2256 1858 2336; baseline 0.011 -31"><span class='ocrx_word' id='word_1_120' title='bbox 261 2270 382 2322; x_wconf 85' lang='grc' dir='ltr'><strong>φως</strong></span> <span class='ocrx_word' id='word_1_121' title='bbox 442 2256 540 2308; x_wconf 75' lang='grc' dir='ltr'><strong>καὶ</strong></span> <span class='ocrx_word' id='word_1_122' title='bbox 591 2256 879 2328; x_wconf 77' lang='grc' dir='ltr'>ἀγράφως,</span> <span class='ocrx_word' id='word_1_123' title='bbox 938 2261 1144 2330; x_wconf 78' lang='grc' dir='ltr'>μεταξὺ</span> <span class='ocrx_word' id='word_1_124' title='bbox 1200 2261 1366 2336; x_wconf 79' lang='grc' dir='ltr'>δύοῆ</span> <span class='ocrx_word' id='word_1_125' title='bbox 1421 2265 1516 2319; x_wconf 74' lang='grc' dir='ltr'>καὶ</span> <span class='ocrx_word' id='word_1_126' title='bbox 1571 2265 1858 2334; x_wconf 88' lang='grc' dir='ltr'>πλειόνων,</span> 
     </span>
    </p>
   </div>
   <div class='ocr_carea' id='block_1_22' title="bbox 259 2347 1860 2424">
    <p class='ocr_par' dir='ltr' id='par_1_22' title="bbox 259 2347 1860 2424">
     <span class='ocr_line' id='line_1_22' title="bbox 259 2347 1860 2424; baseline 0.009 -26"><span class='ocrx_word' id='word_1_127' title='bbox 259 2347 466 2400; x_wconf 75' lang='grc' dir='ltr'>ὁπόταν</span> <span class='ocrx_word' id='word_1_128' title='bbox 515 2348 743 2412; x_wconf 79' lang='grc' dir='ltr'>ἕκαστος</span> <span class='ocrx_word' id='word_1_129' title='bbox 793 2350 974 2406; x_wconf 81' lang='grc' dir='ltr'>αὐτῶν</span> <span class='ocrx_word' id='word_1_130' title='bbox 1025 2351 1084 2420; x_wconf 77' lang='grc' dir='ltr'><strong>ἐξ</strong></span> <span class='ocrx_word' id='word_1_131' title='bbox 1141 2353 1385 2424; x_wconf 77' lang='grc' dir='ltr'>ἰσότητος</span> <span class='ocrx_word' id='word_1_132' title='bbox 1425 2357 1518 2411; x_wconf 86' lang='grc' dir='ltr'>καὶ</span> <span class='ocrx_word' id='word_1_133' title='bbox 1577 2359 1860 2424; x_wconf 82' lang='grc' dir='ltr'>ἐλάττονος</span> 
     </span>
    </p>
   </div>
   <div class='ocr_carea' id='block_1_23' title="bbox 260 2439 1859 2522">
    <p class='ocr_par' dir='ltr' id='par_1_23' title="bbox 260 2439 1859 2522">
     <span class='ocr_line' id='line_1_23' title="bbox 260 2439 1859 2522; baseline 0.01 -31"><span class='ocrx_word' id='word_1_134' title='bbox 260 2439 364 2510; x_wconf 79' lang='grc' dir='ltr'><strong>τὴν</strong></span> <span class='ocrx_word' id='word_1_135' title='bbox 418 2441 630 2494; x_wconf 82' lang='grc' dir='ltr'>οἰκείαν</span> <span class='ocrx_word' id='word_1_136' title='bbox 668 2443 866 2516; x_wconf 80' lang='grc' dir='ltr'>μοῖραν</span> <span class='ocrx_word' id='word_1_137' title='bbox 899 2445 980 2508; x_wconf 85' lang='grc' dir='ltr'><strong>είς</strong></span> <span class='ocrx_word' id='word_1_138' title='bbox 1007 2445 1246 2518; x_wconf 76' lang='grc' dir='ltr'>ἐνθήκην</span> <span class='ocrx_word' id='word_1_139' title='bbox 1270 2449 1557 2518; x_wconf 85' lang='grc' dir='ltr'>εἰσαγαγεῖ</span> <span class='ocrx_word' id='word_1_140' title='bbox 1582 2467 1598 2482; x_wconf 77' lang='grc' dir='ltr'><strong><em>ο</em></strong></span> <span class='ocrx_word' id='word_1_141' title='bbox 1630 2451 1662 2522; x_wconf 80' lang='grc' dir='ltr'>ἢ</span> <span class='ocrx_word' id='word_1_142' title='bbox 1695 2452 1859 2508; x_wconf 87' lang='grc' dir='ltr'>τινῶν</span> 
     </span>
    </p>
   </div>
   <div class='ocr_carea' id='block_1_24' title="bbox 261 2531 1860 2612">
    <p class='ocr_par' dir='ltr' id='par_1_24' title="bbox 261 2531 1860 2612">
     <span class='ocr_line' id='line_1_24' title="bbox 261 2531 1860 2612; baseline 0.01 -29"><span class='ocrx_word' id='word_1_143' title='bbox 261 2531 364 2601; x_wconf 77' lang='grc' dir='ltr'><strong>μὲν</strong></span> <span class='ocrx_word' id='word_1_144' title='bbox 421 2532 684 2604; x_wconf 84' lang='grc' dir='ltr'>ἐνθήκην,</span> <span class='ocrx_word' id='word_1_145' title='bbox 726 2535 931 2607; x_wconf 83' lang='grc' dir='ltr'>ἐτέρων</span> <span class='ocrx_word' id='word_1_146' title='bbox 969 2537 1027 2591; x_wconf 86' lang='grc' dir='ltr'>δὲ</span> <span class='ocrx_word' id='word_1_147' title='bbox 1059 2538 1186 2601; x_wconf 75' lang='grc' dir='ltr'>τοὺς</span> <span class='ocrx_word' id='word_1_148' title='bbox 1224 2539 1458 2604; x_wconf 83' lang='grc' dir='ltr'>οἰκείους</span> <span class='ocrx_word' id='word_1_149' title='bbox 1497 2541 1733 2612; x_wconf 81' lang='grc' dir='ltr'>μόχθους</span> <span class='ocrx_word' id='word_1_150' title='bbox 1765 2546 1860 2599; x_wconf 79' lang='grc' dir='ltr'><strong>καὶ</strong></span> 
     </span>
    </p>
   </div>
   <div class='ocr_carea' id='block_1_25' title="bbox 259 2624 1856 2708">
    <p class='ocr_par' dir='ltr' id='par_1_25' title="bbox 259 2624 1856 2708">
     <span class='ocr_line' id='line_1_25' title="bbox 259 2624 1856 2708; baseline 0.009 -30"><span class='ocrx_word' id='word_1_151' title='bbox 259 2625 469 2695; x_wconf 78' lang='grc' dir='ltr'>ὀπέρας</span> <span class='ocrx_word' id='word_1_152' title='bbox 530 2624 886 2701; x_wconf 79' lang='grc' dir='ltr'>[ὑπηρεσίας]</span> <span class='ocrx_word' id='word_1_153' title='bbox 941 2629 1457 2704; x_wconf 78' lang='grc' dir='ltr'>καταϐαλλομένων.</span> <span class='ocrx_word' id='word_1_154' title='bbox 1497 2635 1568 2688; x_wconf 69' lang='lat' dir='ltr'><strong>To</strong></span> <span class='ocrx_word' id='word_1_155' title='bbox 1603 2637 1661 2690; x_wconf 80' lang='grc' dir='ltr'>δὲ</span> <span class='ocrx_word' id='word_1_156' title='bbox 1703 2644 1856 2708; x_wconf 76' lang='grc' dir='ltr'>περι-</span> 
     </span>
    </p>
   </div>
   <div class='ocr_carea' id='block_1_26' title="bbox 260 2717 1858 2799">
    <p class='ocr_par' dir='ltr' id='par_1_26' title="bbox 260 2717 1858 2799">
     <span class='ocr_line' id='line_1_26' title="bbox 260 2717 1858 2799; baseline 0.011 -31"><span class='ocrx_word' id='word_1_157' title='bbox 260 2717 594 2788; x_wconf 74' lang='grc' dir='ltr'>ποιούμενον</span> <span class='ocrx_word' id='word_1_158' title='bbox 619 2719 804 2782; x_wconf 82' lang='grc' dir='ltr'>αὐτοῖς</span> <span class='ocrx_word' id='word_1_159' title='bbox 843 2721 1056 2794; x_wconf 78' lang='grc' dir='ltr'>κέρδος,</span> <span class='ocrx_word' id='word_1_160' title='bbox 1109 2725 1232 2795; x_wconf 87' lang='grc' dir='ltr'>μεθ’</span> <span class='ocrx_word' id='word_1_161' title='bbox 1268 2726 1557 2799; x_wconf 83' lang='grc' dir='ltr'>ὑφαίρεσιν</span> <span class='ocrx_word' id='word_1_162' title='bbox 1614 2727 1858 2799; x_wconf 86' lang='grc' dir='ltr'>δηλονότι</span> 
     </span>
    </p>
   </div>
   <div class='ocr_carea' id='block_1_27' title="bbox 257 2810 1858 2892">
    <p class='ocr_par' dir='ltr' id='par_1_27' title="bbox 257 2810 1858 2892">
     <span class='ocr_line' id='line_1_27' title="bbox 257 2810 1858 2892; baseline 0.009 -30"><span class='ocrx_word' id='word_1_163' title='bbox 257 2810 368 2863; x_wconf 84' lang='grc' dir='ltr'><strong>τῶν</strong></span> <span class='ocrx_word' id='word_1_164' title='bbox 398 2811 737 2881; x_wconf 85' lang='grc' dir='ltr'>κεφαλαίων,</span> <span class='ocrx_word' id='word_1_165' title='bbox 776 2813 918 2870; x_wconf 87' lang='grc' dir='ltr'><strong>κατά</strong></span> <span class='ocrx_word' id='word_1_166' title='bbox 957 2815 1020 2870; x_wconf 82' lang='grc' dir='ltr'>τὸ</span> <span class='ocrx_word' id='word_1_167' title='bbox 1050 2817 1108 2871; x_wconf 93' lang='grc' dir='ltr'><strong>ἐν</strong></span> <span class='ocrx_word' id='word_1_168' title='bbox 1157 2819 1326 2890; x_wconf 67' lang='grc' dir='ltr'><strong>μέσῳ⁸</strong></span> <span class='ocrx_word' id='word_1_169' title='bbox 1367 2818 1548 2873; x_wconf 86' lang='grc' dir='ltr'>αὐτῶν</span> <span class='ocrx_word' id='word_1_170' title='bbox 1598 2823 1858 2892; x_wconf 85' lang='grc' dir='ltr'>στιχηθὲν</span> 
     </span>
    </p>
   </div>
   <div class='ocr_carea' id='block_1_28' title="bbox 259 2903 801 2974">
    <p class='ocr_par' dir='ltr' id='par_1_28' title="bbox 259 2903 801 2974">
     <span class='ocr_line' id='line_1_28' title="bbox 259 2903 801 2974; baseline 0.009 -19"><span class='ocrx_word' id='word_1_171' title='bbox 259 2903 801 2974; x_wconf 72' lang='grc' dir='ltr'>ἐπιμερεζέσθωσαν.</span> 
     </span>
    </p>
   </div>
   <div class='ocr_carea' id='block_1_29' title="bbox 330 2998 1861 3079">
    <p class='ocr_par' dir='ltr' id='par_1_29' title="bbox 330 2998 1861 3079">
     <span class='ocr_line' id='line_1_29' title="bbox 330 2998 1861 3079; baseline 0.007 -29"><span class='ocrx_word' id='word_1_172' title='bbox 330 3003 398 3051; x_wconf 89' lang='grc' dir='ltr'>κ’.</span> <span class='ocrx_word' id='word_1_173' title='bbox 424 2998 491 3050; x_wconf 87' lang='grc' dir='ltr'>Εἰ</span> <span class='ocrx_word' id='word_1_174' title='bbox 523 2998 583 3051; x_wconf 83' lang='grc' dir='ltr'><strong>δέ</strong></span> <span class='ocrx_word' id='word_1_175' title='bbox 616 2999 803 3070; x_wconf 78' lang='grc' dir='ltr'>συμϐῇ</span> <span class='ocrx_word' id='word_1_176' title='bbox 835 2999 930 3054; x_wconf 80' lang='grc' dir='ltr'>ἐπὶ</span> <span class='ocrx_word' id='word_1_177' title='bbox 958 3003 1024 3072; x_wconf 83' lang='grc' dir='ltr'>τῇ</span> <span class='ocrx_word' id='word_1_178' title='bbox 1054 3001 1282 3075; x_wconf 75' lang='grc' dir='ltr'>τοιαύτῃ</span> <span class='ocrx_word' id='word_1_179' title='bbox 1329 3004 1585 3078; x_wconf 79' lang='grc' dir='ltr'>κοινωνίᾳ</span> <span class='ocrx_word' id='word_1_180' title='bbox 1627 3008 1861 3079; x_wconf 70' lang='grc' dir='ltr'>προσγίο</span> 
     </span>
    </p>
   </div>
   <div class='ocr_carea' id='block_1_30' title="bbox 1569 306 2286 373">
    <p class='ocr_par' dir='ltr' id='par_1_30' title="bbox 1569 306 2286 373">
     <span class='ocr_line' id='line_1_30' title="bbox 1569 306 2286 373; baseline 0.008 -6"><span class='ocrx_word' id='word_1_181' title='bbox 1569 306 1966 368; x_wconf 87' lang='lat' dir='ltr'><strong>DELECTUS</strong></span> <span class='ocrx_word' id='word_1_182' title='bbox 2001 308 2286 373; x_wconf 86' lang='lat' dir='ltr'><strong>LEGUM.</strong></span> 
     </span>
    </p>
   </div>
   <div class='ocr_carea' id='block_1_31' title="bbox 356 409 1948 494">
    <p class='ocr_par' dir='ltr' id='par_1_31' title="bbox 356 409 1948 494">
     <span class='ocr_line' id='line_1_31' title="bbox 356 409 1948 494; baseline 0.007 -27"><span class='ocrx_word' id='word_1_183' title='bbox 356 421 441 467; x_wconf 80' lang='grc' dir='ltr'>ιε’.</span> <span class='ocrx_word' id='word_1_184' title='bbox 493 409 552 465; x_wconf 89' lang='lat'><strong>&#39;0</strong></span> <span class='ocrx_word' id='word_1_185' title='bbox 596 409 698 482; x_wconf 77' lang='grc' dir='ltr'>τὴν</span> <span class='ocrx_word' id='word_1_186' title='bbox 756 412 890 467; x_wconf 86' lang='grc' dir='ltr'>ἰδίαν</span> <span class='ocrx_word' id='word_1_187' title='bbox 941 417 1287 488; x_wconf 79' lang='grc' dir='ltr'>συγγραφὴν,</span> <span class='ocrx_word' id='word_1_188' title='bbox 1348 419 1380 491; x_wconf 82' lang='grc' dir='ltr'>ἧ</span> <span class='ocrx_word' id='word_1_189' title='bbox 1435 419 1532 492; x_wconf 84' lang='grc' dir='ltr'>τὴν</span> <span class='ocrx_word' id='word_1_190' title='bbox 1587 423 1674 476; x_wconf 77' lang='grc' dir='ltr'>ἐπ’</span> <span class='ocrx_word' id='word_1_191' title='bbox 1719 421 1948 494; x_wconf 83' lang='grc' dir='ltr'>αύτῷΑ</span> 
     </span>
    </p>
   </div>
   <div class='ocr_carea' id='block_1_32' title="bbox 3435 303 3564 389">
    <p class='ocr_par' dir='ltr' id='par_1_32' title="bbox 3435 303 3564 389">
     <span class='ocr_line' id='line_1_32' title="bbox 3435 303 3564 389; baseline 0.008 -1"><span class='ocrx_word' id='word_1_192' title='bbox 3435 303 3439 314; x_wconf 89' lang='grc'><em>’</em></span> <span class='ocrx_word' id='word_1_193' title='bbox 3458 325 3564 389; x_wconf 82' lang='lat'><strong>526</strong></span> 
     </span>
    </p>
   </div>
   <div class='ocr_carea' id='block_1_33' title="bbox 2046 426 3563 502">
    <p class='ocr_par' dir='ltr' id='par_1_33' title="bbox 2046 426 3563 502">
     <span class='ocr_line' id='line_1_33' title="bbox 2046 426 3563 502; baseline 0.01 -22"><span class='ocrx_word' id='word_1_194' title='bbox 2046 426 2136 481; x_wconf 80' lang='lat' dir='ltr'><strong>I5.</strong></span> <span class='ocrx_word' id='word_1_195' title='bbox 2169 427 2271 494; x_wconf 83' lang='lat' dir='ltr'><strong>Qui</strong></span> <span class='ocrx_word' id='word_1_196' title='bbox 2301 430 2666 502; x_wconf 78' lang='lat' dir='ltr'><strong>syngrapham</strong></span> <span class='ocrx_word' id='word_1_197' title='bbox 2685 432 2986 502; x_wconf 85' lang='lat' dir='ltr'><strong>propriam,</strong></span> <span class='ocrx_word' id='word_1_198' title='bbox 3016 433 3100 489; x_wconf 85' lang='lat' dir='ltr'><strong>vel</strong></span> <span class='ocrx_word' id='word_1_199' title='bbox 3123 432 3322 491; x_wconf 89' lang='lat' dir='ltr'><strong>factam</strong></span> <span class='ocrx_word' id='word_1_200' title='bbox 3342 437 3445 494; x_wconf 78' lang='lat' dir='ltr'><strong>sibi</strong></span> <span class='ocrx_word' id='word_1_201' title='bbox 3472 453 3563 494; x_wconf 87' lang='lat' dir='ltr'><strong>so-</strong></span> 
     </span>
    </p>
   </div>
   <div class='ocr_carea' id='block_1_34' title="bbox 1981 511 3562 593">
    <p class='ocr_par' dir='ltr' id='par_1_34' title="bbox 1981 511 3562 593">
     <span class='ocr_line' id='line_1_34' title="bbox 1981 511 3562 593; baseline 0.011 -27"><span class='ocrx_word' id='word_1_202' title='bbox 1981 511 2245 570; x_wconf 85' lang='lat' dir='ltr'><strong>lutionem</strong></span> <span class='ocrx_word' id='word_1_203' title='bbox 2307 516 2595 575; x_wconf 86' lang='lat' dir='ltr'><strong>infitiando</strong></span> <span class='ocrx_word' id='word_1_204' title='bbox 2643 529 2828 590; x_wconf 86' lang='lat' dir='ltr'><strong>negat,</strong></span> <span class='ocrx_word' id='word_1_205' title='bbox 2885 521 3103 592; x_wconf 89' lang='lat' dir='ltr'><strong>duplum</strong></span> <span class='ocrx_word' id='word_1_206' title='bbox 3149 524 3562 593; x_wconf 73' lang='lat' dir='ltr'><strong>probationibus</strong></span> 
     </span>
    </p>
   </div>
   <div class='ocr_carea' id='block_1_35' title="bbox 1975 607 3561 688">
    <p class='ocr_par' dir='ltr' id='par_1_35' title="bbox 1975 607 3561 688">
     <span class='ocr_line' id='line_1_35' title="bbox 1975 607 3561 688; baseline 0.009 -30"><span class='ocrx_word' id='word_1_207' title='bbox 1975 607 2289 665; x_wconf 83' lang='lat' dir='ltr'><strong>subsecutis</strong></span> <span class='ocrx_word' id='word_1_208' title='bbox 2317 608 2572 680; x_wconf 93' lang='lat' dir='ltr'><strong>deponet.</strong></span> <span class='ocrx_word' id='word_1_209' title='bbox 2627 610 2729 678; x_wconf 86' lang='lat' dir='ltr'><strong>Qui</strong></span> <span class='ocrx_word' id='word_1_210' title='bbox 2767 627 2895 668; x_wconf 85' lang='lat' dir='ltr'><strong>vero</strong></span> <span class='ocrx_word' id='word_1_211' title='bbox 2920 614 3102 669; x_wconf 83' lang='lat' dir='ltr'><strong>statim</strong></span> <span class='ocrx_word' id='word_1_212' title='bbox 3133 623 3298 684; x_wconf 88' lang='lat' dir='ltr'><strong>atque</strong></span> <span class='ocrx_word' id='word_1_213' title='bbox 3333 631 3561 688; x_wconf 60' lang='lat' dir='ltr'><strong>negare.</strong></span> 
     </span>
    </p>
   </div>
   <div class='ocr_carea' id='block_1_36' title="bbox 1977 698 3561 777">
    <p class='ocr_par' dir='ltr' id='par_1_36' title="bbox 1977 698 3561 777">
     <span class='ocr_line' id='line_1_36' title="bbox 1977 698 3561 777; baseline 0.008 -25"><span class='ocrx_word' id='word_1_214' title='bbox 1977 698 2069 762; x_wconf 91' lang='lat' dir='ltr'><strong>rit,</strong></span> <span class='ocrx_word' id='word_1_215' title='bbox 2095 702 2406 768; x_wconf 65' lang='lat' dir='ltr'><strong>iuramento</strong></span> <span class='ocrx_word' id='word_1_216' title='bbox 2429 703 2531 760; x_wconf 91' lang='lat' dir='ltr'><strong>sibi</strong></span> <span class='ocrx_word' id='word_1_217' title='bbox 2562 703 2742 760; x_wconf 89' lang='lat' dir='ltr'><strong>delato</strong></span> <span class='ocrx_word' id='word_1_218' title='bbox 2765 705 3050 761; x_wconf 80' lang='lat' dir='ltr'><strong>veritatem</strong></span> <span class='ocrx_word' id='word_1_219' title='bbox 3084 705 3375 777; x_wconf 72' lang='lat' dir='ltr'><strong>patefacit,</strong></span> <span class='ocrx_word' id='word_1_220' title='bbox 3432 723 3561 764; x_wconf 88' lang='lat' dir='ltr'><strong>con-</strong></span> 
     </span>
    </p>
   </div>
   <div class='ocr_carea' id='block_1_37' title="bbox 1974 789 3562 868">
    <p class='ocr_par' dir='ltr' id='par_1_37' title="bbox 1974 789 3562 868">
     <span class='ocr_line' id='line_1_37' title="bbox 1974 789 3562 868; baseline 0.01 -24"><span class='ocrx_word' id='word_1_221' title='bbox 1974 789 2377 848; x_wconf 86' lang='lat' dir='ltr'><strong>demnationem</strong></span> <span class='ocrx_word' id='word_1_222' title='bbox 2411 795 2464 849; x_wconf 92' lang='lat' dir='ltr'><strong>in</strong></span> <span class='ocrx_word' id='word_1_223' title='bbox 2500 794 2718 866; x_wconf 91' lang='lat' dir='ltr'><strong>duplum</strong></span> <span class='ocrx_word' id='word_1_224' title='bbox 2755 795 2998 866; x_wconf 70' lang='lat' dir='ltr'><strong>effugiet.</strong></span> <span class='ocrx_word' id='word_1_225' title='bbox 3025 799 3096 852; x_wconf 83' lang='lat' dir='ltr'><strong>At</strong></span> <span class='ocrx_word' id='word_1_226' title='bbox 3125 799 3217 868; x_wconf 92' lang='lat' dir='ltr'><strong>qui</strong></span> <span class='ocrx_word' id='word_1_227' title='bbox 3249 803 3402 857; x_wconf 86' lang='lat' dir='ltr'><strong>tarde</strong></span> <span class='ocrx_word' id='word_1_228' title='bbox 3431 817 3562 859; x_wconf 87' lang='lat' dir='ltr'><strong>con-</strong></span> 
     </span>
    </p>
   </div>
   <div class='ocr_carea' id='block_1_38' title="bbox 1975 881 3560 963">
    <p class='ocr_par' dir='ltr' id='par_1_38' title="bbox 1975 881 3560 963">
     <span class='ocr_line' id='line_1_38' title="bbox 1975 881 3560 963; baseline 0.011 -29"><span class='ocrx_word' id='word_1_229' title='bbox 1975 881 2205 950; x_wconf 82' lang='lat' dir='ltr'><strong>litetur,</strong></span> <span class='ocrx_word' id='word_1_230' title='bbox 2260 883 2534 954; x_wconf 83' lang='lat' dir='ltr'><strong>impensas</strong></span> <span class='ocrx_word' id='word_1_231' title='bbox 2590 885 2701 941; x_wconf 89' lang='lat' dir='ltr'><strong>litis</strong></span> <span class='ocrx_word' id='word_1_232' title='bbox 2762 902 2832 941; x_wconf 79' lang='lat' dir='ltr'><strong>ex</strong></span> <span class='ocrx_word' id='word_1_233' title='bbox 2883 888 3185 945; x_wconf 82' lang='lat' dir='ltr'><strong>adversarii</strong></span> <span class='ocrx_word' id='word_1_234' title='bbox 3246 892 3560 963; x_wconf 86' lang='lat' dir='ltr'><strong>juramento</strong></span> 
     </span>
    </p>
   </div>
   <div class='ocr_carea' id='block_1_39' title="bbox 1973 970 2226 1041">
    <p class='ocr_par' dir='ltr' id='par_1_39' title="bbox 1973 970 2226 1041">
     <span class='ocr_line' id='line_1_39' title="bbox 1973 970 2226 1041; baseline 0.008 -17"><span class='ocrx_word' id='word_1_235' title='bbox 1973 970 2226 1041; x_wconf 86' lang='lat' dir='ltr'><strong>deponet.</strong></span> 
     </span>
    </p>
   </div>
   <div class='ocr_carea' id='block_1_40' title="bbox 2044 1058 3560 1138">
    <p class='ocr_par' dir='ltr' id='par_1_40' title="bbox 2044 1058 3560 1138">
     <span class='ocr_line' id='line_1_40' title="bbox 2044 1058 3560 1138; baseline 0.007 -25"><span class='ocrx_word' id='word_1_236' title='bbox 2044 1058 2134 1114; x_wconf 80' lang='grc'><strong>16.</strong></span> <span class='ocrx_word' id='word_1_237' title='bbox 2171 1060 2279 1116; x_wconf 86' lang='lat' dir='ltr'><strong>Nec</strong></span> <span class='ocrx_word' id='word_1_238' title='bbox 2318 1061 2574 1128; x_wconf 85' lang='lat' dir='ltr'><strong>creditor,</strong></span> <span class='ocrx_word' id='word_1_239' title='bbox 2611 1077 2710 1119; x_wconf 90' lang='lat' dir='ltr'><strong>nec</strong></span> <span class='ocrx_word' id='word_1_240' title='bbox 2745 1065 3039 1121; x_wconf 88' lang='lat' dir='ltr'><strong>creditoris</strong></span> <span class='ocrx_word' id='word_1_241' title='bbox 3086 1067 3283 1134; x_wconf 71' lang='lat' dir='ltr'><strong>haeres,</strong></span> <span class='ocrx_word' id='word_1_242' title='bbox 3315 1079 3433 1138; x_wconf 92' lang='lat' dir='ltr'><strong>post</strong></span> <span class='ocrx_word' id='word_1_243' title='bbox 3461 1071 3560 1126; x_wconf 89' lang='lat' dir='ltr'><strong>de-</strong></span> 
     </span>
    </p>
   </div>
   <div class='ocr_carea' id='block_1_41' title="bbox 1973 1149 3558 1232">
    <p class='ocr_par' dir='ltr' id='par_1_41' title="bbox 1973 1149 3558 1232">
     <span class='ocr_line' id='line_1_41' title="bbox 1973 1149 3558 1232; baseline 0.012 -30"><span class='ocrx_word' id='word_1_244' title='bbox 1973 1149 2068 1205; x_wconf 87' lang='lat' dir='ltr'><strong>biti</strong></span> <span class='ocrx_word' id='word_1_245' title='bbox 2103 1151 2427 1210; x_wconf 83' lang='lat' dir='ltr'><strong>solutionem</strong></span> <span class='ocrx_word' id='word_1_246' title='bbox 2468 1156 2706 1227; x_wconf 74' lang='lat' dir='ltr'><strong>pigneris</strong></span> <span class='ocrx_word' id='word_1_247' title='bbox 2756 1158 2975 1216; x_wconf 85' lang='lat' dir='ltr'><strong>nomine</strong></span> <span class='ocrx_word' id='word_1_248' title='bbox 3023 1159 3255 1216; x_wconf 88' lang='lat' dir='ltr'><strong>debitori</strong></span> <span class='ocrx_word' id='word_1_249' title='bbox 3296 1164 3558 1232; x_wconf 88' lang='lat' dir='ltr'><strong>temporis</strong></span> 
     </span>
    </p>
   </div>
   <div class='ocr_carea' id='block_1_42' title="bbox 1971 1243 2884 1318">
    <p class='ocr_par' dir='ltr' id='par_1_42' title="bbox 1971 1243 2884 1318">
     <span class='ocr_line' id='line_1_42' title="bbox 1971 1243 2884 1318; baseline 0.005 -19"><span class='ocrx_word' id='word_1_250' title='bbox 1971 1243 2351 1313; x_wconf 83' lang='lat' dir='ltr'><strong>exceptionem</strong></span> <span class='ocrx_word' id='word_1_251' title='bbox 2384 1259 2658 1316; x_wconf 87' lang='lat' dir='ltr'><strong>opponere</strong></span> <span class='ocrx_word' id='word_1_252' title='bbox 2687 1255 2884 1318; x_wconf 89' lang='lat' dir='ltr'><strong>potest.</strong></span> 
     </span>
    </p>
   </div>
   <div class='ocr_carea' id='block_1_43' title="bbox 2041 1422 3554 1501">
    <p class='ocr_par' dir='ltr' id='par_1_43' title="bbox 2041 1422 3554 1501">
     <span class='ocr_line' id='line_1_43' title="bbox 2041 1422 3554 1501; baseline 0.007 -24"><span class='ocrx_word' id='word_1_253' title='bbox 2041 1422 2128 1478; x_wconf 82' lang='lat' dir='ltr'><strong>I7.</strong></span> <span class='ocrx_word' id='word_1_254' title='bbox 2157 1422 2382 1479; x_wconf 86' lang='lat' dir='ltr'><strong>Debitor</strong></span> <span class='ocrx_word' id='word_1_255' title='bbox 2418 1424 2701 1481; x_wconf 85' lang='lat' dir='ltr'><strong>infitiando</strong></span> <span class='ocrx_word' id='word_1_256' title='bbox 2723 1426 2960 1483; x_wconf 89' lang='lat' dir='ltr'><strong>debitum</strong></span> <span class='ocrx_word' id='word_1_257' title='bbox 2990 1443 3212 1500; x_wconf 88' lang='lat' dir='ltr'><strong>negans,</strong></span> <span class='ocrx_word' id='word_1_258' title='bbox 3238 1445 3344 1486; x_wconf 92' lang='lat' dir='ltr'><strong>non</strong></span> <span class='ocrx_word' id='word_1_259' title='bbox 3369 1439 3554 1501; x_wconf 85' lang='lat' dir='ltr'><strong>potest</strong></span> 
     </span>
    </p>
   </div>
   <div class='ocr_carea' id='block_1_44' title="bbox 1968 1514 3458 1592">
    <p class='ocr_par' dir='ltr' id='par_1_44' title="bbox 1968 1514 3458 1592">
     <span class='ocr_line' id='line_1_44' title="bbox 1968 1514 3458 1592; baseline 0.005 -22"><span class='ocrx_word' id='word_1_260' title='bbox 1968 1514 2223 1586; x_wconf 86' lang='lat' dir='ltr'><strong>deinceps</strong></span> <span class='ocrx_word' id='word_1_261' title='bbox 2256 1516 2604 1586; x_wconf 86' lang='lat' dir='ltr'><strong>probationes</strong></span> <span class='ocrx_word' id='word_1_262' title='bbox 2639 1518 2795 1574; x_wconf 64' lang='lat' dir='ltr'><strong>factae</strong></span> <span class='ocrx_word' id='word_1_263' title='bbox 2826 1521 3114 1577; x_wconf 88' lang='lat' dir='ltr'><strong>solutionis</strong></span> <span class='ocrx_word' id='word_1_264' title='bbox 3139 1525 3458 1592; x_wconf 87' lang='lat' dir='ltr'><strong>producere.</strong></span> 
     </span>
    </p>
   </div>
   <div class='ocr_carea' id='block_1_45' title="bbox 1979 1606 3550 1681">
    <p class='ocr_par' dir='ltr' id='par_1_45' title="bbox 1979 1606 3550 1681">
     <span class='ocr_line' id='line_1_45' title="bbox 1979 1606 3550 1681; baseline 0.008 -21"><span class='ocrx_word' id='word_1_265' title='bbox 1979 1639 1988 1648; x_wconf 72' lang='grc' dir='ltr'><strong>ο</strong></span> <span class='ocrx_word' id='word_1_266' title='bbox 2040 1606 2288 1663; x_wconf 89' lang='lat' dir='ltr'><strong>Debitum</strong></span> <span class='ocrx_word' id='word_1_267' title='bbox 2325 1611 2542 1681; x_wconf 85' lang='lat' dir='ltr'><strong>neganti</strong></span> <span class='ocrx_word' id='word_1_268' title='bbox 2564 1610 2793 1667; x_wconf 91' lang='lat' dir='ltr'><strong>debitori</strong></span> <span class='ocrx_word' id='word_1_269' title='bbox 2831 1627 2938 1668; x_wconf 87' lang='lat' dir='ltr'><strong>non</strong></span> <span class='ocrx_word' id='word_1_270' title='bbox 2987 1614 3346 1671; x_wconf 88' lang='lat' dir='ltr'><strong>admittentur</strong></span> <span class='ocrx_word' id='word_1_271' title='bbox 3397 1615 3550 1673; x_wconf 81' lang='lat' dir='ltr'><strong>solu-</strong></span> 
     </span>
    </p>
   </div>
   <div class='ocr_carea' id='block_1_46' title="bbox 1968 1697 3550 1777">
    <p class='ocr_par' dir='ltr' id='par_1_46' title="bbox 1968 1697 3550 1777">
     <span class='ocr_line' id='line_1_46' title="bbox 1968 1697 3550 1777; baseline 0.008 -25"><span class='ocrx_word' id='word_1_272' title='bbox 1968 1697 2177 1753; x_wconf 90' lang='lat' dir='ltr'><strong>tionum</strong></span> <span class='ocrx_word' id='word_1_273' title='bbox 2205 1699 2577 1770; x_wconf 84' lang='lat' dir='ltr'><strong>probationes,</strong></span> <span class='ocrx_word' id='word_1_274' title='bbox 2601 1716 2738 1773; x_wconf 90' lang='lat' dir='ltr'><strong>quas</strong></span> <span class='ocrx_word' id='word_1_275' title='bbox 2767 1703 3023 1777; x_wconf 86' lang='lat' dir='ltr'><strong>deinceps</strong></span> <span class='ocrx_word' id='word_1_276' title='bbox 3051 1707 3336 1776; x_wconf 89' lang='lat' dir='ltr'><strong>producit,</strong></span> <span class='ocrx_word' id='word_1_277' title='bbox 3360 1709 3457 1766; x_wconf 84' lang='lat' dir='ltr'><strong>sed</strong></span> <span class='ocrx_word' id='word_1_278' title='bbox 3495 1709 3550 1765; x_wconf 90' lang='lat' dir='ltr'><strong>in</strong></span> 
     </span>
    </p>
   </div>
   <div class='ocr_carea' id='block_1_47' title="bbox 1965 1790 2477 1863">
    <p class='ocr_par' dir='ltr' id='par_1_47' title="bbox 1965 1790 2477 1863">
     <span class='ocr_line' id='line_1_47' title="bbox 1965 1790 2477 1863; baseline 0.012 -18"><span class='ocrx_word' id='word_1_279' title='bbox 1965 1790 2199 1846; x_wconf 86' lang='lat' dir='ltr'><strong>solidum</strong></span> <span class='ocrx_word' id='word_1_280' title='bbox 2223 1792 2477 1863; x_wconf 75' lang='lat' dir='ltr'><strong>exigitur.</strong></span> 
     </span>
    </p>
   </div>
   <div class='ocr_carea' id='block_1_48' title="bbox 2038 1882 3549 1961">
    <p class='ocr_par' dir='ltr' id='par_1_48' title="bbox 2038 1882 3549 1961">
     <span class='ocr_line' id='line_1_48' title="bbox 2038 1882 3549 1961; baseline 0.008 -24"><span class='ocrx_word' id='word_1_281' title='bbox 2038 1882 2127 1939; x_wconf 79' lang='grc'><strong>18.</strong></span> <span class='ocrx_word' id='word_1_282' title='bbox 2174 1884 2443 1950; x_wconf 83' lang='lat' dir='ltr'><strong>Creditur,</strong></span> <span class='ocrx_word' id='word_1_283' title='bbox 2480 1887 2570 1959; x_wconf 89' lang='lat' dir='ltr'><strong>qui</strong></span> <span class='ocrx_word' id='word_1_284' title='bbox 2603 1890 2954 1960; x_wconf 82' lang='lat' dir='ltr'><strong>probationes</strong></span> <span class='ocrx_word' id='word_1_285' title='bbox 2974 1905 3102 1949; x_wconf 89' lang='lat' dir='ltr'><strong>suas</strong></span> <span class='ocrx_word' id='word_1_286' title='bbox 3141 1893 3406 1950; x_wconf 85' lang='lat' dir='ltr'><strong>infitiatus</strong></span> <span class='ocrx_word' id='word_1_287' title='bbox 3431 1903 3549 1961; x_wconf 86' lang='lat' dir='ltr'><strong>est,</strong></span> 
     </span>
    </p>
   </div>
   <div class='ocr_carea' id='block_1_49' title="bbox 1965 1981 3555 2055">
    <p class='ocr_par' dir='ltr' id='par_1_49' title="bbox 1965 1981 3555 2055">
     <span class='ocr_line' id='line_1_49' title="bbox 1965 1981 3555 2055; baseline 0.009 -26"><span class='ocrx_word' id='word_1_288' title='bbox 1965 1990 2256 2044; x_wconf 90' lang='lat' dir='ltr'><strong>summam,</strong></span> <span class='ocrx_word' id='word_1_289' title='bbox 2289 1994 2411 2048; x_wconf 76' lang='lat' dir='ltr'><strong>quae</strong></span> <span class='ocrx_word' id='word_1_290' title='bbox 2436 1981 2750 2038; x_wconf 91' lang='lat' dir='ltr'><strong>continetur</strong></span> <span class='ocrx_word' id='word_1_291' title='bbox 2778 1984 2880 2050; x_wconf 90' lang='lat' dir='ltr'><strong>eis,</strong></span> <span class='ocrx_word' id='word_1_292' title='bbox 2914 1994 3036 2055; x_wconf 89' lang='lat' dir='ltr'><strong>post</strong></span> <span class='ocrx_word' id='word_1_293' title='bbox 3064 1987 3438 2043; x_wconf 82' lang='lat' dir='ltr'><strong>convictiones</strong></span> <span class='ocrx_word' id='word_1_294' title='bbox 3465 2001 3555 2043; x_wconf 86' lang='lat' dir='ltr'><strong>se-</strong></span> 
     </span>
    </p>
   </div>
   <div class='ocr_carea' id='block_1_50' title="bbox 1963 2067 3491 2140">
    <p class='ocr_par' dir='ltr' id='par_1_50' title="bbox 1963 2067 3491 2140">
     <span class='ocr_line' id='line_1_50' title="bbox 1963 2067 3491 2140; baseline 0.01 -21"><span class='ocrx_word' id='word_1_295' title='bbox 1963 2075 2137 2134; x_wconf 88' lang='lat' dir='ltr'><strong>cutas,</strong></span> <span class='ocrx_word' id='word_1_296' title='bbox 2175 2067 2406 2124; x_wconf 89' lang='lat' dir='ltr'><strong>debitori</strong></span> <span class='ocrx_word' id='word_1_297' title='bbox 2455 2070 2675 2140; x_wconf 88' lang='lat' dir='ltr'><strong>duplam</strong></span> <span class='ocrx_word' id='word_1_298' title='bbox 2713 2075 3016 2132; x_wconf 89' lang='lat' dir='ltr'><strong>rationibus</strong></span> <span class='ocrx_word' id='word_1_299' title='bbox 3053 2077 3202 2133; x_wconf 90' lang='lat' dir='ltr'><strong>initis</strong></span> <span class='ocrx_word' id='word_1_300' title='bbox 3231 2078 3491 2135; x_wconf 88' lang='lat' dir='ltr'><strong>refundit.</strong></span> 
     </span>
    </p>
   </div>
   <div class='ocr_carea' id='block_1_51' title="bbox 2037 2155 3554 2239">
    <p class='ocr_par' dir='ltr' id='par_1_51' title="bbox 2037 2155 3554 2239">
     <span class='ocr_line' id='line_1_51' title="bbox 2037 2155 3554 2239; baseline 0.011 -30"><span class='ocrx_word' id='word_1_301' title='bbox 2037 2155 2123 2210; x_wconf 66' lang='lat'><strong>19.</strong></span> <span class='ocrx_word' id='word_1_302' title='bbox 2150 2156 2229 2212; x_wconf 81' lang='lat' dir='ltr'><strong>De</strong></span> <span class='ocrx_word' id='word_1_303' title='bbox 2256 2159 2521 2215; x_wconf 78' lang='lat' dir='ltr'><strong>societate.</strong></span> <span class='ocrx_word' id='word_1_304' title='bbox 2551 2189 2621 2203; x_wconf 93' lang='lat'><strong><em>—</em></strong></span> <span class='ocrx_word' id='word_1_305' title='bbox 2647 2161 3002 2220; x_wconf 89' lang='lat' dir='ltr'><strong>Contrahitnr</strong></span> <span class='ocrx_word' id='word_1_306' title='bbox 3028 2167 3263 2223; x_wconf 85' lang='lat' dir='ltr'><strong>societas</strong></span> <span class='ocrx_word' id='word_1_307' title='bbox 3293 2181 3390 2239; x_wconf 89' lang='lat' dir='ltr'><strong>per</strong></span> <span class='ocrx_word' id='word_1_308' title='bbox 3413 2169 3554 2225; x_wconf 90' lang='lat' dir='ltr'><strong>scri-</strong></span> 
     </span>
    </p>
   </div>
   <div class='ocr_carea' id='block_1_52' title="bbox 1963 2249 3550 2330">
    <p class='ocr_par' dir='ltr' id='par_1_52' title="bbox 1963 2249 3550 2330">
     <span class='ocr_line' id='line_1_52' title="bbox 1963 2249 3550 2330; baseline 0.011 -29"><span class='ocrx_word' id='word_1_309' title='bbox 1963 2254 2197 2316; x_wconf 90' lang='lat' dir='ltr'><strong>pturam,</strong></span> <span class='ocrx_word' id='word_1_310' title='bbox 2230 2257 2286 2304; x_wconf 91' lang='lat' dir='ltr'><strong>et</strong></span> <span class='ocrx_word' id='word_1_311' title='bbox 2308 2249 2516 2322; x_wconf 83' lang='lat' dir='ltr'><strong>absque</strong></span> <span class='ocrx_word' id='word_1_312' title='bbox 2546 2254 2837 2324; x_wconf 88' lang='lat' dir='ltr'><strong>scriptura,</strong></span> <span class='ocrx_word' id='word_1_313' title='bbox 2862 2256 3003 2312; x_wconf 91' lang='lat' dir='ltr'><strong>inter</strong></span> <span class='ocrx_word' id='word_1_314' title='bbox 3033 2259 3172 2316; x_wconf 88' lang='lat' dir='ltr'><strong>duos</strong></span> <span class='ocrx_word' id='word_1_315' title='bbox 3201 2269 3295 2315; x_wconf 90' lang='lat' dir='ltr'><strong>aut</strong></span> <span class='ocrx_word' id='word_1_316' title='bbox 3330 2260 3550 2330; x_wconf 86' lang='lat' dir='ltr'><strong>plures;</strong></span> 
     </span>
    </p>
   </div>
   <div class='ocr_carea' id='block_1_53' title="bbox 1961 2345 3547 2423">
    <p class='ocr_par' dir='ltr' id='par_1_53' title="bbox 1961 2345 3547 2423">
     <span class='ocr_line' id='line_1_53' title="bbox 1961 2345 3547 2423; baseline 0.009 -29"><span class='ocrx_word' id='word_1_317' title='bbox 1961 2354 2127 2410; x_wconf 90' lang='lat' dir='ltr'><strong>quum</strong></span> <span class='ocrx_word' id='word_1_318' title='bbox 2162 2356 2352 2400; x_wconf 88' lang='lat' dir='ltr'><strong>eorum</strong></span> <span class='ocrx_word' id='word_1_319' title='bbox 2385 2345 2614 2416; x_wconf 88' lang='lat' dir='ltr'><strong>quilibet</strong></span> <span class='ocrx_word' id='word_1_320' title='bbox 2635 2361 2702 2403; x_wconf 81' lang='lat' dir='ltr'><strong>ex</strong></span> <span class='ocrx_word' id='word_1_321' title='bbox 2733 2363 2912 2416; x_wconf 69' lang='lat' dir='ltr'><strong>aequo,</strong></span> <span class='ocrx_word' id='word_1_322' title='bbox 2933 2358 2988 2406; x_wconf 87' lang='lat' dir='ltr'><strong>et</strong></span> <span class='ocrx_word' id='word_1_323' title='bbox 3019 2364 3084 2406; x_wconf 78' lang='lat' dir='ltr'><strong>ex</strong></span> <span class='ocrx_word' id='word_1_324' title='bbox 3113 2351 3310 2408; x_wconf 91' lang='lat' dir='ltr'><strong>minori</strong></span> <span class='ocrx_word' id='word_1_325' title='bbox 3335 2362 3547 2423; x_wconf 88' lang='lat' dir='ltr'><strong>partem</strong></span> 
     </span>
    </p>
   </div>
   <div class='ocr_carea' id='block_1_54' title="bbox 1961 2433 3547 2514">
    <p class='ocr_par' dir='ltr' id='par_1_54' title="bbox 1961 2433 3547 2514">
     <span class='ocr_line' id='line_1_54' title="bbox 1961 2433 3547 2514; baseline 0.008 -26"><span class='ocrx_word' id='word_1_326' title='bbox 1961 2446 2114 2488; x_wconf 91' lang='lat' dir='ltr'><strong>suam</strong></span> <span class='ocrx_word' id='word_1_327' title='bbox 2149 2433 2218 2490; x_wconf 89' lang='lat' dir='ltr'><strong>ad</strong></span> <span class='ocrx_word' id='word_1_328' title='bbox 2263 2451 2350 2492; x_wconf 91' lang='lat' dir='ltr'><strong>res</strong></span> <span class='ocrx_word' id='word_1_329' title='bbox 2393 2437 2571 2495; x_wconf 86' lang='lat' dir='ltr'><strong>illatas</strong></span> <span class='ocrx_word' id='word_1_330' title='bbox 2598 2441 2748 2497; x_wconf 89' lang='lat' dir='ltr'><strong>addit</strong></span> <span class='ocrx_word' id='word_1_331' title='bbox 2792 2457 2809 2493; x_wconf 87' lang='lat'>:</span> <span class='ocrx_word' id='word_1_332' title='bbox 2852 2452 2944 2497; x_wconf 91' lang='lat' dir='ltr'><strong>aut</strong></span> <span class='ocrx_word' id='word_1_333' title='bbox 3002 2443 3272 2514; x_wconf 81' lang='lat' dir='ltr'><strong>aliquibus</strong></span> <span class='ocrx_word' id='word_1_334' title='bbox 3315 2459 3547 2509; x_wconf 85' lang='lat' dir='ltr'><strong>merces,</strong></span> 
     </span>
    </p>
   </div>
   <div class='ocr_carea' id='block_1_55' title="bbox 1960 2525 3542 2603">
    <p class='ocr_par' dir='ltr' id='par_1_55' title="bbox 1960 2525 3542 2603">
     <span class='ocr_line' id='line_1_55' title="bbox 1960 2525 3542 2603; baseline 0.009 -24"><span class='ocrx_word' id='word_1_335' title='bbox 1960 2525 2080 2581; x_wconf 90' lang='lat' dir='ltr'><strong>aliis</strong></span> <span class='ocrx_word' id='word_1_336' title='bbox 2106 2525 2318 2583; x_wconf 89' lang='lat' dir='ltr'><strong>labores</strong></span> <span class='ocrx_word' id='word_1_337' title='bbox 2340 2537 2394 2585; x_wconf 91' lang='lat' dir='ltr'><strong>et</strong></span> <span class='ocrx_word' id='word_1_338' title='bbox 2416 2545 2609 2600; x_wconf 89' lang='lat' dir='ltr'><strong>operas</strong></span> <span class='ocrx_word' id='word_1_339' title='bbox 2648 2533 3080 2590; x_wconf 79' lang='lat' dir='ltr'><strong>conferentibus.</strong></span> <span class='ocrx_word' id='word_1_340' title='bbox 3113 2535 3352 2592; x_wconf 88' lang='lat' dir='ltr'><strong>Lucrum</strong></span> <span class='ocrx_word' id='word_1_341' title='bbox 3389 2552 3542 2603; x_wconf 88' lang='lat' dir='ltr'><strong>vero,</strong></span> 
     </span>
    </p>
   </div>
   <div class='ocr_carea' id='block_1_56' title="bbox 1958 2620 3547 2697">
    <p class='ocr_par' dir='ltr' id='par_1_56' title="bbox 1958 2620 3547 2697">
     <span class='ocr_line' id='line_1_56' title="bbox 1958 2620 3547 2697; baseline 0.007 -24"><span class='ocrx_word' id='word_1_342' title='bbox 1958 2621 2101 2689; x_wconf 90' lang='lat' dir='ltr'><strong>quod</strong></span> <span class='ocrx_word' id='word_1_343' title='bbox 2153 2620 2222 2676; x_wconf 92' lang='lat' dir='ltr'><strong>ab</strong></span> <span class='ocrx_word' id='word_1_344' title='bbox 2269 2621 2350 2678; x_wconf 91' lang='lat' dir='ltr'><strong>cis</strong></span> <span class='ocrx_word' id='word_1_345' title='bbox 2397 2623 2722 2694; x_wconf 87' lang='lat' dir='ltr'><strong>adquiritur,</strong></span> <span class='ocrx_word' id='word_1_346' title='bbox 2778 2635 2900 2697; x_wconf 88' lang='lat' dir='ltr'><strong>post</strong></span> <span class='ocrx_word' id='word_1_347' title='bbox 2956 2627 3350 2684; x_wconf 89' lang='lat' dir='ltr'><strong>detractionem</strong></span> <span class='ocrx_word' id='word_1_348' title='bbox 3381 2628 3547 2684; x_wconf 86' lang='lat' dir='ltr'><strong>sortis</strong></span> 
     </span>
    </p>
   </div>
   <div class='ocr_carea' id='block_1_57' title="bbox 1959 2703 3547 2790">
    <p class='ocr_par' dir='ltr' id='par_1_57' title="bbox 1959 2703 3547 2790">
     <span class='ocr_line' id='line_1_57' title="bbox 1959 2703 3547 2790; baseline 0.006 -23"><span class='ocrx_word' id='word_1_349' title='bbox 1959 2710 2192 2780; x_wconf 86' lang='lat' dir='ltr'><strong>scilicet,</strong></span> <span class='ocrx_word' id='word_1_350' title='bbox 2251 2724 2410 2784; x_wconf 87' lang='lat' dir='ltr'><strong>prout</strong></span> <span class='ocrx_word' id='word_1_351' title='bbox 2454 2714 2594 2773; x_wconf 91' lang='lat' dir='ltr'><strong>inter</strong></span> <span class='ocrx_word' id='word_1_352' title='bbox 2647 2732 2742 2773; x_wconf 89' lang='lat' dir='ltr'><strong>eos</strong></span> <span class='ocrx_word' id='word_1_353' title='bbox 2788 2729 3112 2776; x_wconf 86' lang='lat' dir='ltr'><strong>conventum</strong></span> <span class='ocrx_word' id='word_1_354' title='bbox 3160 2720 3348 2790; x_wconf 86' lang='lat' dir='ltr'><strong>fuerit,</strong></span> <span class='ocrx_word' id='word_1_355' title='bbox 3405 2703 3547 2776; x_wconf 69' lang='lat' dir='ltr'><strong>divi-</strong></span> 
     </span>
    </p>
   </div>
   <div class='ocr_carea' id='block_1_58' title="bbox 1957 2803 2147 2860">
    <p class='ocr_par' dir='ltr' id='par_1_58' title="bbox 1957 2803 2147 2860">
     <span class='ocr_line' id='line_1_58' title="bbox 1957 2803 2147 2860; baseline 0.011 -2"><span class='ocrx_word' id='word_1_356' title='bbox 1957 2803 2147 2860; x_wconf 84' lang='lat' dir='ltr'><strong>dunto.</strong></span> 
     </span>
    </p>
   </div>
   <div class='ocr_carea' id='block_1_59' title="bbox 2027 2992 3547 3069">
    <p class='ocr_par' dir='ltr' id='par_1_59' title="bbox 2027 2992 3547 3069">
     <span class='ocr_line' id='line_1_59' title="bbox 2027 2992 3547 3069; baseline 0.008 -21"><span class='ocrx_word' id='word_1_357' title='bbox 2027 2992 2119 3049; x_wconf 73' lang='grc'>20.</span> <span class='ocrx_word' id='word_1_358' title='bbox 2157 2992 2214 3049; x_wconf 91' lang='lat' dir='ltr'><strong>Si</strong></span> <span class='ocrx_word' id='word_1_359' title='bbox 2244 3009 2374 3051; x_wconf 85' lang='lat' dir='ltr'><strong>vero</strong></span> <span class='ocrx_word' id='word_1_360' title='bbox 2401 2995 2454 3052; x_wconf 92' lang='lat' dir='ltr'><strong>in</strong></span> <span class='ocrx_word' id='word_1_361' title='bbox 2483 2997 2795 3069; x_wconf 86' lang='lat' dir='ltr'><strong>bujusmodi</strong></span> <span class='ocrx_word' id='word_1_362' title='bbox 2818 3001 3079 3058; x_wconf 85' lang='lat' dir='ltr'><strong>societate</strong></span> <span class='ocrx_word' id='word_1_363' title='bbox 3108 3002 3366 3060; x_wconf 87' lang='lat' dir='ltr'><strong>damnum</strong></span> <span class='ocrx_word' id='word_1_364' title='bbox 3402 3020 3547 3062; x_wconf 88' lang='lat' dir='ltr'><strong>mer-</strong></span> 
     </span>
    </p>
   </div>
   <div class='ocr_carea' id='block_1_60' title="bbox 265 3087 1857 3186">
    <p class='ocr_par' dir='ltr' id='par_1_60' title="bbox 265 3089 1855 3164">
     <span class='ocr_line' id='line_1_60' title="bbox 265 3089 1855 3164; baseline 0.009 -22"><span class='ocrx_word' id='word_1_365' title='bbox 265 3089 443 3144; x_wconf 85' lang='grc' dir='ltr'>νεσθαι</span> <span class='ocrx_word' id='word_1_366' title='bbox 472 3093 544 3162; x_wconf 78' lang='grc' dir='ltr'>τῇ</span> <span class='ocrx_word' id='word_1_367' title='bbox 597 3090 804 3164; x_wconf 62' lang='grc' dir='ltr'>ἐειθήκῃ</span> <span class='ocrx_word' id='word_1_368' title='bbox 841 3093 1068 3164; x_wconf 79' lang='grc' dir='ltr'>ζημίαν,</span> <span class='ocrx_word' id='word_1_369' title='bbox 1131 3095 1362 3150; x_wconf 78' lang='grc' dir='ltr'>ἕκαστον</span> <span class='ocrx_word' id='word_1_370' title='bbox 1415 3097 1673 3160; x_wconf 74' lang='grc' dir='ltr'>κοινωνὸν</span> <span class='ocrx_word' id='word_1_371' title='bbox 1713 3100 1855 3156; x_wconf 86' lang='grc' dir='ltr'><strong>κατά</strong></span> 
     </span>
    </p>
   </div>
   <div class='ocr_carea' id='block_1_61' title="bbox 1966 3087 3547 3186">
    <p class='ocr_par' dir='ltr' id='par_1_61' title="bbox 1966 3087 3547 3167">
     <span class='ocr_line' id='line_1_61' title="bbox 1966 3087 3547 3167; baseline 0.008 -25"><span class='ocrx_word' id='word_1_372' title='bbox 1966 3087 2117 3144; x_wconf 81' lang='lat' dir='ltr'><strong>cibus</strong></span> <span class='ocrx_word' id='word_1_373' title='bbox 2172 3090 2422 3146; x_wconf 89' lang='lat' dir='ltr'><strong>accidere</strong></span> <span class='ocrx_word' id='word_1_374' title='bbox 2462 3095 2772 3163; x_wconf 79' lang='lat' dir='ltr'><strong>contigerit,</strong></span> <span class='ocrx_word' id='word_1_375' title='bbox 2831 3096 3058 3167; x_wconf 89' lang='lat' dir='ltr'><strong>quilibet</strong></span> <span class='ocrx_word' id='word_1_376' title='bbox 3105 3111 3171 3154; x_wconf 77' lang='lat' dir='ltr'><strong>ex</strong></span> <span class='ocrx_word' id='word_1_377' title='bbox 3225 3098 3392 3157; x_wconf 89' lang='lat' dir='ltr'><strong>sociis</strong></span> <span class='ocrx_word' id='word_1_378' title='bbox 3443 3100 3547 3156; x_wconf 84' lang='lat' dir='ltr'><strong>hoc</strong></span> 
     </span>
    </p>
   </div>
   <div class='ocr_carea' id='block_1_62' title="bbox 263 3182 1779 3261">
    <p class='ocr_par' dir='ltr' id='par_1_62' title="bbox 263 3182 1779 3261">
     <span class='ocr_line' id='line_1_62' title="bbox 263 3182 1779 3261; baseline 0.008 -25"><span class='ocrx_word' id='word_1_379' title='bbox 263 3182 357 3252; x_wconf 74' lang='grc' dir='ltr'><strong>τήν</strong></span> <span class='ocrx_word' id='word_1_380' title='bbox 392 3183 490 3238; x_wconf 81' lang='grc' dir='ltr'>τοῦ</span> <span class='ocrx_word' id='word_1_381' title='bbox 525 3184 754 3255; x_wconf 77' lang='grc' dir='ltr'>κέρδους</span> <span class='ocrx_word' id='word_1_382' title='bbox 785 3187 986 3257; x_wconf 86' lang='grc' dir='ltr'>μοῖραν</span> <span class='ocrx_word' id='word_1_383' title='bbox 1018 3188 1114 3242; x_wconf 70' lang='grc' dir='ltr'><strong>καὶ</strong></span> <span class='ocrx_word' id='word_1_384' title='bbox 1144 3188 1350 3261; x_wconf 87' lang='grc' dir='ltr'>ταύτην</span> <span class='ocrx_word' id='word_1_385' title='bbox 1373 3190 1779 3260; x_wconf 77' lang='grc' dir='ltr'>ἐπιγινώσκειν.</span> 
     </span>
    </p>
   </div>
   <div class='ocr_carea' id='block_1_63' title="bbox 327 3273 1856 3352">
    <p class='ocr_par' dir='ltr' id='par_1_63' title="bbox 327 3273 1856 3352">
     <span class='ocr_line' id='line_1_63' title="bbox 327 3273 1856 3352; baseline 0.007 -24"><span class='ocrx_word' id='word_1_386' title='bbox 327 3273 434 3332; x_wconf 66' lang='grc' dir='ltr'>κε’.</span> <span class='ocrx_word' id='word_1_387' title='bbox 490 3275 828 3331; x_wconf 81' lang='grc' dir='ltr'>Συνίσταται</span> <span class='ocrx_word' id='word_1_388' title='bbox 885 3278 1144 3333; x_wconf 84' lang='grc' dir='ltr'>κοινωνία</span> <span class='ocrx_word' id='word_1_389' title='bbox 1173 3279 1206 3352; x_wconf 80' lang='grc' dir='ltr'>ἢ</span> <span class='ocrx_word' id='word_1_390' title='bbox 1233 3280 1338 3345; x_wconf 72' lang='grc' dir='ltr'>ἕως</span> <span class='ocrx_word' id='word_1_391' title='bbox 1371 3275 1433 3337; x_wconf 74' lang='grc' dir='ltr'><strong>οὗ</strong></span> <span class='ocrx_word' id='word_1_392' title='bbox 1466 3281 1632 3347; x_wconf 79' lang='grc' dir='ltr'>ζῶσιν</span> <span class='ocrx_word' id='word_1_393' title='bbox 1661 3285 1710 3352; x_wconf 86' lang='grc' dir='ltr'><strong>οἰ</strong></span> <span class='ocrx_word' id='word_1_394' title='bbox 1741 3302 1856 3338; x_wconf 84' lang='grc' dir='ltr'>κοι-</span> 
     </span>
    </p>
   </div>
   <div class='ocr_carea' id='block_1_64' title="bbox 258 3369 1855 3452">
    <p class='ocr_par' dir='ltr' id='par_1_64' title="bbox 258 3369 1855 3452">
     <span class='ocr_line' id='line_1_64' title="bbox 258 3369 1855 3452; baseline 0.009 -30"><span class='ocrx_word' id='word_1_395' title='bbox 258 3369 588 3438; x_wconf 81' lang='grc' dir='ltr'>νωνοῦντες,</span> <span class='ocrx_word' id='word_1_396' title='bbox 634 3370 668 3442; x_wconf 77' lang='grc' dir='ltr'>ἢ</span> <span class='ocrx_word' id='word_1_397' title='bbox 720 3370 857 3442; x_wconf 72' lang='grc' dir='ltr'>πρὸς</span> <span class='ocrx_word' id='word_1_398' title='bbox 892 3373 1104 3446; x_wconf 75' lang='grc' dir='ltr'>καιρὸν,</span> <span class='ocrx_word' id='word_1_399' title='bbox 1149 3373 1183 3445; x_wconf 81' lang='grc' dir='ltr'>ἢ</span> <span class='ocrx_word' id='word_1_400' title='bbox 1230 3375 1339 3430; x_wconf 83' lang='grc' dir='ltr'><strong>ἀπὸ</strong></span> <span class='ocrx_word' id='word_1_401' title='bbox 1388 3379 1606 3450; x_wconf 83' lang='grc' dir='ltr'>καιροῦ,</span> <span class='ocrx_word' id='word_1_402' title='bbox 1656 3380 1689 3452; x_wconf 81' lang='grc' dir='ltr'>ἢ</span> <span class='ocrx_word' id='word_1_403' title='bbox 1749 3382 1855 3437; x_wconf 80' lang='grc' dir='ltr'>ὑπὸ</span> 
     </span>
    </p>
   </div>
   <div class='ocr_carea' id='block_1_65' title="bbox 256 3459 648 3534">
    <p class='ocr_par' dir='ltr' id='par_1_65' title="bbox 256 3459 648 3534">
     <span class='ocr_line' id='line_1_65' title="bbox 256 3459 648 3534; baseline 0.013 -20"><span class='ocrx_word' id='word_1_404' title='bbox 256 3461 497 3534; x_wconf 76' lang='grc' dir='ltr'>αἵρεσιν.</span> <span class='ocrx_word' id='word_1_405' title='bbox 639 3459 648 3464; x_wconf 67' lang='grc'><strong>’</strong></span> 
     </span>
    </p>
   </div>
   <div class='ocr_carea' id='block_1_66' title="bbox 327 3553 1848 3633">
    <p class='ocr_par' dir='ltr' id='par_1_66' title="bbox 327 3553 1848 3633">
     <span class='ocr_line' id='line_1_66' title="bbox 327 3553 1848 3633; baseline 0.009 -27"><span class='ocrx_word' id='word_1_406' title='bbox 327 3554 435 3625; x_wconf 59' lang='grc' dir='ltr'>κβκ</span> <span class='ocrx_word' id='word_1_407' title='bbox 506 3555 589 3610; x_wconf 81' lang='grc' dir='ltr'><strong>Τὰ</strong></span> <span class='ocrx_word' id='word_1_408' title='bbox 641 3557 860 3629; x_wconf 84' lang='grc' dir='ltr'>τυχηρά</span> <span class='ocrx_word' id='word_1_409' title='bbox 915 3553 944 3612; x_wconf 80' lang='grc' dir='ltr'><strong><em>ὃ</em></strong></span> <span class='ocrx_word' id='word_1_410' title='bbox 996 3560 1252 3624; x_wconf 72' lang='grc' dir='ltr'>κοινωνὸς</span> <span class='ocrx_word' id='word_1_411' title='bbox 1306 3561 1406 3616; x_wconf 73' lang='grc' dir='ltr'>οὐκ</span> <span class='ocrx_word' id='word_1_412' title='bbox 1470 3563 1848 3633; x_wconf 81' lang='grc' dir='ltr'>ἐπιγινώσκει.</span> 
     </span>
    </p>
   </div>
   <div class='ocr_carea' id='block_1_67' title="bbox 257 3645 1852 3724">
    <p class='ocr_par' dir='ltr' id='par_1_67' title="bbox 257 3645 1852 3724">
     <span class='ocr_line' id='line_1_67' title="bbox 257 3645 1852 3724; baseline 0.006 -26"><span class='ocrx_word' id='word_1_413' title='bbox 257 3645 426 3700; x_wconf 86' lang='grc' dir='ltr'>Ὅθεν</span> <span class='ocrx_word' id='word_1_414' title='bbox 461 3646 528 3700; x_wconf 82' lang='grc' dir='ltr'><strong>τά</strong></span> <span class='ocrx_word' id='word_1_415' title='bbox 558 3646 783 3703; x_wconf 82' lang='grc' dir='ltr'>δοθέντα</span> <span class='ocrx_word' id='word_1_416' title='bbox 817 3649 1256 3723; x_wconf 80' lang='grc' dir='ltr'>διατετιμημένα</span> <span class='ocrx_word' id='word_1_417' title='bbox 1308 3651 1625 3724; x_wconf 76' lang='grc' dir='ltr'>θρέμματα,</span> <span class='ocrx_word' id='word_1_418' title='bbox 1655 3655 1705 3707; x_wconf 88' lang='grc' dir='ltr'><strong>εἰ</strong></span> <span class='ocrx_word' id='word_1_419' title='bbox 1751 3654 1852 3724; x_wconf 77' lang='grc' dir='ltr'>μὲν</span> 
     </span>
    </p>
   </div>
   <div class='ocr_carea' id='block_1_68' title="bbox 257 3737 1848 3818">
    <p class='ocr_par' dir='ltr' id='par_1_68' title="bbox 257 3737 1848 3818">
     <span class='ocr_line' id='line_1_68' title="bbox 257 3737 1848 3818; baseline 0.005 -25"><span class='ocrx_word' id='word_1_420' title='bbox 257 3737 373 3793; x_wconf 74' lang='grc' dir='ltr'>ὑπὸ</span> <span class='ocrx_word' id='word_1_421' title='bbox 403 3739 615 3809; x_wconf 69' lang='grc' dir='ltr'>λῃστῶν</span> <span class='ocrx_word' id='word_1_422' title='bbox 645 3743 1012 3814; x_wconf 84' lang='grc' dir='ltr'>ἀφαιρεθῶσι,</span> <span class='ocrx_word' id='word_1_423' title='bbox 1071 3744 1228 3816; x_wconf 82' lang='grc' dir='ltr'>κοινὴ</span> <span class='ocrx_word' id='word_1_424' title='bbox 1279 3745 1492 3814; x_wconf 88' lang='grc' dir='ltr'>γίνεται</span> <span class='ocrx_word' id='word_1_425' title='bbox 1545 3748 1578 3818; x_wconf 84' lang='grc' dir='ltr'><strong>ἡ</strong></span> <span class='ocrx_word' id='word_1_426' title='bbox 1630 3747 1801 3818; x_wconf 79' lang='grc' dir='ltr'>ζημία</span> <span class='ocrx_word' id='word_1_427' title='bbox 1832 3765 1848 3782; x_wconf 87' lang='grc'><strong>·</strong></span> 
     </span>
    </p>
   </div>
   <div class='ocr_carea' id='block_1_69' title="bbox 266 3829 1848 3908">
    <p class='ocr_par' dir='ltr' id='par_1_69' title="bbox 266 3829 1848 3908">
     <span class='ocr_line' id='line_1_69' title="bbox 266 3829 1848 3908; baseline 0.009 -29"><span class='ocrx_word' id='word_1_428' title='bbox 266 3829 316 3880; x_wconf 79' lang='grc' dir='ltr'><strong>εἰ</strong></span> <span class='ocrx_word' id='word_1_429' title='bbox 351 3829 410 3881; x_wconf 77' lang='grc' dir='ltr'>δὲ</span> <span class='ocrx_word' id='word_1_430' title='bbox 444 3829 706 3896; x_wconf 85' lang='grc' dir='ltr'>κλαπῶσι,</span> <span class='ocrx_word' id='word_1_431' title='bbox 739 3833 902 3904; x_wconf 89' lang='grc' dir='ltr'>μόνος</span> <span class='ocrx_word' id='word_1_432' title='bbox 937 3837 965 3887; x_wconf 87' lang='grc' dir='ltr'><strong>ό</strong></span> <span class='ocrx_word' id='word_1_433' title='bbox 1024 3835 1278 3908; x_wconf 82' lang='grc' dir='ltr'>ἐσχηκὼς</span> <span class='ocrx_word' id='word_1_434' title='bbox 1336 3837 1477 3890; x_wconf 88' lang='grc' dir='ltr'><strong>αύτά</strong></span> <span class='ocrx_word' id='word_1_435' title='bbox 1532 3837 1848 3908; x_wconf 77' lang='grc' dir='ltr'>ζημιοῦται.</span> 
     </span>
    </p>
   </div>
   <div class='ocr_carea' id='block_1_70' title="bbox 263 3921 1849 4001">
    <p class='ocr_par' dir='ltr' id='par_1_70' title="bbox 263 3921 1849 4001">
     <span class='ocr_line' id='line_1_70' title="bbox 263 3921 1849 4001; baseline 0.006 -27"><span class='ocrx_word' id='word_1_436' title='bbox 263 3921 550 3991; x_wconf 83' lang='grc' dir='ltr'>Χρεωστετ</span> <span class='ocrx_word' id='word_1_437' title='bbox 569 3925 674 3997; x_wconf 87' lang='grc' dir='ltr'><strong>γάρ</strong></span> <span class='ocrx_word' id='word_1_438' title='bbox 705 3926 1117 3998; x_wconf 85' lang='grc' dir='ltr'>ἀκριϐεστάτην</span> <span class='ocrx_word' id='word_1_439' title='bbox 1139 3927 1447 3996; x_wconf 82' lang='grc' dir='ltr'>ἀσφάλειαν</span> <span class='ocrx_word' id='word_1_440' title='bbox 1486 3928 1513 3981; x_wconf 86' lang='grc' dir='ltr'><strong>ό</strong></span> <span class='ocrx_word' id='word_1_441' title='bbox 1555 3929 1849 4001; x_wconf 83' lang='grc' dir='ltr'>δεξάμενος</span> 
     </span>
    </p>
   </div>
   <div class='ocr_carea' id='block_1_71' title="bbox 257 4011 1844 4092">
    <p class='ocr_par' dir='ltr' id='par_1_71' title="bbox 257 4011 1844 4092">
     <span class='ocr_line' id='line_1_71' title="bbox 257 4011 1844 4092; baseline 0.007 -28"><span class='ocrx_word' id='word_1_442' title='bbox 257 4011 697 4086; x_wconf 83' lang='grc' dir='ltr'>διατετιμημένα</span> <span class='ocrx_word' id='word_1_443' title='bbox 729 4031 745 4048; x_wconf 77' lang='grc' dir='ltr'><strong>ο</strong></span> <span class='ocrx_word' id='word_1_444' title='bbox 793 4016 889 4071; x_wconf 82' lang='grc' dir='ltr'>καὶ</span> <span class='ocrx_word' id='word_1_445' title='bbox 917 4017 1149 4088; x_wconf 75' lang='grc' dir='ltr'>ἁρμόζει</span> <span class='ocrx_word' id='word_1_446' title='bbox 1180 4019 1273 4072; x_wconf 81' lang='grc' dir='ltr'>ἐπὶ</span> <span class='ocrx_word' id='word_1_447' title='bbox 1301 4019 1590 4084; x_wconf 81' lang='grc' dir='ltr'>κοινωνίας</span> <span class='ocrx_word' id='word_1_448' title='bbox 1629 4020 1844 4092; x_wconf 68' lang='grc' dir='ltr'>ἀγωγὴ,</span> 
     </span>
    </p>
   </div>
   <div class='ocr_carea' id='block_1_72' title="bbox 255 4106 1845 4182">
    <p class='ocr_par' dir='ltr' id='par_1_72' title="bbox 255 4106 1845 4182">
     <span class='ocr_line' id='line_1_72' title="bbox 255 4106 1845 4182; baseline 0.006 -24"><span class='ocrx_word' id='word_1_449' title='bbox 255 4106 352 4161; x_wconf 73' lang='grc' dir='ltr'>ἐὰν</span> <span class='ocrx_word' id='word_1_450' title='bbox 399 4109 496 4161; x_wconf 80' lang='grc' dir='ltr'>ἐπὶ</span> <span class='ocrx_word' id='word_1_451' title='bbox 567 4109 827 4181; x_wconf 79' lang='grc' dir='ltr'>κοινωνίᾳ</span> <span class='ocrx_word' id='word_1_452' title='bbox 876 4109 1140 4181; x_wconf 86' lang='grc' dir='ltr'>ἐδόθησαν</span> <span class='ocrx_word' id='word_1_453' title='bbox 1176 4111 1507 4182; x_wconf 85' lang='grc' dir='ltr'>βώσκεσθαι,</span> <span class='ocrx_word' id='word_1_454' title='bbox 1541 4114 1590 4166; x_wconf 87' lang='grc' dir='ltr'><strong>εἰ</strong></span> <span class='ocrx_word' id='word_1_455' title='bbox 1628 4118 1724 4168; x_wconf 74' lang='grc' dir='ltr'><strong>καὶ</strong></span> <span class='ocrx_word' id='word_1_456' title='bbox 1777 4114 1845 4168; x_wconf 75' lang='grc' dir='ltr'>τὰ</span> 
     </span>
    </p>
   </div>
   <div class='ocr_carea' id='block_1_73' title="bbox 262 4198 987 4273">
    <p class='ocr_par' dir='ltr' id='par_1_73' title="bbox 262 4198 987 4273">
     <span class='ocr_line' id='line_1_73' title="bbox 262 4198 987 4273; baseline 0.007 -21"><span class='ocrx_word' id='word_1_457' title='bbox 262 4198 501 4268; x_wconf 71' lang='grc' dir='ltr'>μάλιστα</span> <span class='ocrx_word' id='word_1_458' title='bbox 530 4200 818 4273; x_wconf 87' lang='grc' dir='ltr'>διατετιμη</span> <span class='ocrx_word' id='word_1_459' title='bbox 829 4201 987 4272; x_wconf 82' lang='grc' dir='ltr'>μένα.</span> 
     </span>
    </p>
   </div>
   <div class='ocr_carea' id='block_1_74' title="bbox 319 4290 1840 4370">
    <p class='ocr_par' dir='ltr' id='par_1_74' title="bbox 319 4290 1840 4370">
     <span class='ocr_line' id='line_1_74' title="bbox 319 4290 1840 4370; baseline 0.006 -26"><span class='ocrx_word' id='word_1_460' title='bbox 319 4290 430 4359; x_wconf 88' lang='grc' dir='ltr'>κγ’.</span> <span class='ocrx_word' id='word_1_461' title='bbox 467 4290 635 4364; x_wconf 85' lang='grc' dir='ltr'>[Περί</span> <span class='ocrx_word' id='word_1_462' title='bbox 671 4293 1022 4367; x_wconf 75' lang='grc' dir='ltr'>ἐνεχύρων.]</span> <span class='ocrx_word' id='word_1_463' title='bbox 1058 4293 1187 4349; x_wconf 81' lang='grc' dir='ltr'><strong>Ἐάν</strong></span> <span class='ocrx_word' id='word_1_464' title='bbox 1234 4313 1316 4359; x_wconf 85' lang='grc' dir='ltr'><strong>τις</strong></span> <span class='ocrx_word' id='word_1_465' title='bbox 1376 4297 1464 4350; x_wconf 81' lang='grc' dir='ltr'>διὰ</span> <span class='ocrx_word' id='word_1_466' title='bbox 1520 4297 1840 4370; x_wconf 78' lang='grc' dir='ltr'>οἱανδήποτε</span> 
     </span>
    </p>
   </div>
   <div class='ocr_carea' id='block_1_75' title="bbox 250 4385 1838 4460">
    <p class='ocr_par' dir='ltr' id='par_1_75' title="bbox 250 4385 1838 4460">
     <span class='ocr_line' id='line_1_75' title="bbox 250 4385 1838 4460; baseline 0.006 -24"><span class='ocrx_word' id='word_1_467' title='bbox 250 4386 554 4454; x_wconf 82' lang='grc' dir='ltr'>πρόφασιν,</span> <span class='ocrx_word' id='word_1_468' title='bbox 593 4385 626 4454; x_wconf 84' lang='grc' dir='ltr'>ἢ</span> <span class='ocrx_word' id='word_1_469' title='bbox 680 4385 866 4455; x_wconf 86' lang='grc' dir='ltr'>φόϐον,</span> <span class='ocrx_word' id='word_1_470' title='bbox 910 4386 1244 4459; x_wconf 84' lang='grc' dir='ltr'>παραθήκην</span> <span class='ocrx_word' id='word_1_471' title='bbox 1305 4390 1669 4460; x_wconf 84' lang='grc' dir='ltr'>παρατίθεται</span> <span class='ocrx_word' id='word_1_472' title='bbox 1709 4391 1838 4459; x_wconf 81' lang='grc' dir='ltr'>τινὶ,</span> 
     </span>
    </p>
   </div>
   <div class='ocr_carea' id='block_1_76' title="bbox 1959 3179 3546 3257">
    <p class='ocr_par' dir='ltr' id='par_1_76' title="bbox 1959 3179 3546 3257">
     <span class='ocr_line' id='line_1_76' title="bbox 1959 3179 3546 3257; baseline 0.012 -24"><span class='ocrx_word' id='word_1_473' title='bbox 1959 3179 2122 3234; x_wconf 87' lang='lat' dir='ltr'><strong>etiam</strong></span> <span class='ocrx_word' id='word_1_474' title='bbox 2154 3197 2254 3252; x_wconf 89' lang='lat' dir='ltr'><strong>pro</strong></span> <span class='ocrx_word' id='word_1_475' title='bbox 2283 3190 2440 3253; x_wconf 90' lang='lat' dir='ltr'><strong>parte</strong></span> <span class='ocrx_word' id='word_1_476' title='bbox 2474 3183 2608 3240; x_wconf 89' lang='lat' dir='ltr'><strong>lucri</strong></span> <span class='ocrx_word' id='word_1_477' title='bbox 2655 3187 2970 3257; x_wconf 80' lang='lat' dir='ltr'><strong>adgnoscat.</strong></span> <span class='ocrx_word' id='word_1_478' title='bbox 3544 3249 3546 3252; x_wconf 75' lang='grc'><strong>,</strong></span> 
     </span>
    </p>
   </div>
   <div class='ocr_carea' id='block_1_77' title="bbox 2027 3273 3544 3341">
    <p class='ocr_par' dir='ltr' id='par_1_77' title="bbox 2027 3273 3544 3341">
     <span class='ocr_line' id='line_1_77' title="bbox 2027 3273 3544 3341; baseline 0.009 -14"><span class='ocrx_word' id='word_1_479' title='bbox 2027 3273 2118 3329; x_wconf 75' lang='lat' dir='ltr'><strong>2i.</strong></span> <span class='ocrx_word' id='word_1_480' title='bbox 2161 3274 2518 3333; x_wconf 87' lang='lat' dir='ltr'><strong>Contrahitur</strong></span> <span class='ocrx_word' id='word_1_481' title='bbox 2579 3279 2816 3336; x_wconf 89' lang='lat' dir='ltr'><strong>societas</strong></span> <span class='ocrx_word' id='word_1_482' title='bbox 2871 3281 2956 3336; x_wconf 82' lang='lat' dir='ltr'><strong>vel</strong></span> <span class='ocrx_word' id='word_1_483' title='bbox 3012 3282 3189 3339; x_wconf 91' lang='lat' dir='ltr'><strong>donec</strong></span> <span class='ocrx_word' id='word_1_484' title='bbox 3226 3287 3544 3341; x_wconf 88' lang='lat' dir='ltr'><strong>societatem</strong></span> 
     </span>
    </p>
   </div>
   <div class='ocr_carea' id='block_1_78' title="bbox 1955 3359 3541 3446">
    <p class='ocr_par' dir='ltr' id='par_1_78' title="bbox 1955 3359 3541 3446">
     <span class='ocr_line' id='line_1_78' title="bbox 1955 3359 3541 3446; baseline 0.007 -27"><span class='ocrx_word' id='word_1_485' title='bbox 1955 3359 2210 3438; x_wconf 84' lang='lat' dir='ltr'><strong>ineuntes</strong></span> <span class='ocrx_word' id='word_1_486' title='bbox 2238 3365 2432 3426; x_wconf 84' lang='lat' dir='ltr'><strong>vivunt</strong></span> <span class='ocrx_word' id='word_1_487' title='bbox 2487 3367 2572 3423; x_wconf 89' lang='lat' dir='ltr'><strong>vel</strong></span> <span class='ocrx_word' id='word_1_488' title='bbox 2603 3370 2670 3424; x_wconf 88' lang='lat' dir='ltr'><strong>ad</strong></span> <span class='ocrx_word' id='word_1_489' title='bbox 2701 3379 2934 3441; x_wconf 91' lang='lat' dir='ltr'><strong>tempus,</strong></span> <span class='ocrx_word' id='word_1_490' title='bbox 2969 3375 3052 3428; x_wconf 86' lang='lat' dir='ltr'><strong>vel</strong></span> <span class='ocrx_word' id='word_1_491' title='bbox 3082 3389 3115 3428; x_wconf 93' lang='lat' dir='ltr'><strong>a</strong></span> <span class='ocrx_word' id='word_1_492' title='bbox 3157 3382 3421 3446; x_wconf 85' lang='lat' dir='ltr'><strong>tempore,</strong></span> <span class='ocrx_word' id='word_1_493' title='bbox 3458 3377 3541 3431; x_wconf 82' lang='lat' dir='ltr'><strong>vel</strong></span> 
     </span>
    </p>
   </div>
   <div class='ocr_carea' id='block_1_79' title="bbox 1958 3457 2424 3514">
    <p class='ocr_par' dir='ltr' id='par_1_79' title="bbox 1958 3457 2424 3514">
     <span class='ocr_line' id='line_1_79' title="bbox 1958 3457 2424 3514; baseline 0.006 -3"><span class='ocrx_word' id='word_1_494' title='bbox 1958 3457 2060 3512; x_wconf 88' lang='lat' dir='ltr'><strong>sub</strong></span> <span class='ocrx_word' id='word_1_495' title='bbox 2089 3457 2424 3514; x_wconf 88' lang='lat' dir='ltr'><strong>conditione.</strong></span> 
     </span>
    </p>
   </div>
   <div class='ocr_carea' id='block_1_80' title="bbox 2025 3548 3543 3625">
    <p class='ocr_par' dir='ltr' id='par_1_80' title="bbox 2025 3548 3543 3625">
     <span class='ocr_line' id='line_1_80' title="bbox 2025 3548 3543 3625; baseline 0.008 -22"><span class='ocrx_word' id='word_1_496' title='bbox 2025 3548 2118 3604; x_wconf 70' lang='grc'><strong>22.</strong></span> <span class='ocrx_word' id='word_1_497' title='bbox 2148 3549 2341 3604; x_wconf 87' lang='lat' dir='ltr'><strong>Socius</strong></span> <span class='ocrx_word' id='word_1_498' title='bbox 2375 3550 2634 3607; x_wconf 86' lang='lat' dir='ltr'><strong>fortuitos</strong></span> <span class='ocrx_word' id='word_1_499' title='bbox 2697 3566 2860 3608; x_wconf 91' lang='lat' dir='ltr'><strong>casus</strong></span> <span class='ocrx_word' id='word_1_500' title='bbox 2907 3569 3013 3609; x_wconf 93' lang='lat' dir='ltr'><strong>non</strong></span> <span class='ocrx_word' id='word_1_501' title='bbox 3059 3559 3326 3625; x_wconf 83' lang='lat' dir='ltr'><strong>agnoscit.</strong></span> <span class='ocrx_word' id='word_1_502' title='bbox 3387 3559 3543 3616; x_wconf 89' lang='lat' dir='ltr'><strong>Unde</strong></span> 
     </span>
    </p>
   </div>
   <div class='ocr_carea' id='block_1_81' title="bbox 1956 3642 3543 3719">
    <p class='ocr_par' dir='ltr' id='par_1_81' title="bbox 1956 3642 3543 3719">
     <span class='ocr_line' id='line_1_81' title="bbox 1956 3642 3543 3719; baseline 0.006 -23"><span class='ocrx_word' id='word_1_503' title='bbox 1956 3642 2166 3699; x_wconf 67' lang='lat' dir='ltr'><strong>tradita:</strong></span> <span class='ocrx_word' id='word_1_504' title='bbox 2219 3643 2459 3712; x_wconf 83' lang='lat' dir='ltr'><strong>pecudes</strong></span> <span class='ocrx_word' id='word_1_505' title='bbox 2495 3645 2801 3712; x_wconf 64' lang='lat' dir='ltr'><strong>aestimatae,</strong></span> <span class='ocrx_word' id='word_1_506' title='bbox 2836 3648 3101 3718; x_wconf 90' lang='lat' dir='ltr'><strong>siquidem</strong></span> <span class='ocrx_word' id='word_1_507' title='bbox 3129 3664 3157 3703; x_wconf 93' lang='lat' dir='ltr'><strong>a</strong></span> <span class='ocrx_word' id='word_1_508' title='bbox 3193 3651 3543 3719; x_wconf 60' lang='lat' dir='ltr'><strong>praedonibus</strong></span> 
     </span>
    </p>
   </div>
   <div class='ocr_carea' id='block_1_82' title="bbox 1953 3733 3542 3800">
    <p class='ocr_par' dir='ltr' id='par_1_82' title="bbox 1953 3733 3542 3800">
     <span class='ocr_line' id='line_1_82' title="bbox 1953 3733 3542 3800; baseline 0.005 -12"><span class='ocrx_word' id='word_1_509' title='bbox 1953 3733 2145 3790; x_wconf 69' lang='lat' dir='ltr'><strong>ablatae</strong></span> <span class='ocrx_word' id='word_1_510' title='bbox 2178 3735 2402 3800; x_wconf 90' lang='lat' dir='ltr'><strong>fuerint,</strong></span> <span class='ocrx_word' id='word_1_511' title='bbox 2459 3739 2737 3792; x_wconf 91' lang='lat' dir='ltr'><strong>communi</strong></span> <span class='ocrx_word' id='word_1_512' title='bbox 2800 3747 2929 3793; x_wconf 91' lang='lat' dir='ltr'><strong>sunt</strong></span> <span class='ocrx_word' id='word_1_513' title='bbox 2969 3741 3217 3797; x_wconf 74' lang='lat' dir='ltr'><strong>damno:</strong></span> <span class='ocrx_word' id='word_1_514' title='bbox 3259 3742 3343 3797; x_wconf 91' lang='lat' dir='ltr'><strong>sin</strong></span> <span class='ocrx_word' id='word_1_515' title='bbox 3397 3740 3542 3797; x_wconf 90' lang='lat' dir='ltr'><strong>furto</strong></span> 
     </span>
    </p>
   </div>
   <div class='ocr_carea' id='block_1_83' title="bbox 1952 3827 3540 3902">
    <p class='ocr_par' dir='ltr' id='par_1_83' title="bbox 1952 3827 3540 3902">
     <span class='ocr_line' id='line_1_83' title="bbox 1952 3827 3540 3902; baseline 0.006 -22"><span class='ocrx_word' id='word_1_516' title='bbox 1952 3828 2235 3896; x_wconf 88' lang='lat' dir='ltr'><strong>perierint,</strong></span> <span class='ocrx_word' id='word_1_517' title='bbox 2270 3827 2419 3883; x_wconf 91' lang='lat' dir='ltr'><strong>solus</strong></span> <span class='ocrx_word' id='word_1_518' title='bbox 2453 3828 2498 3883; x_wconf 91' lang='lat' dir='ltr'><strong>is</strong></span> <span class='ocrx_word' id='word_1_519' title='bbox 2528 3828 2728 3884; x_wconf 89' lang='lat' dir='ltr'><strong>damno</strong></span> <span class='ocrx_word' id='word_1_520' title='bbox 2787 3829 3046 3896; x_wconf 85' lang='lat' dir='ltr'><strong>afficitur,</strong></span> <span class='ocrx_word' id='word_1_521' title='bbox 3084 3833 3176 3902; x_wconf 89' lang='lat' dir='ltr'><strong>qui</strong></span> <span class='ocrx_word' id='word_1_522' title='bbox 3201 3846 3295 3889; x_wconf 89' lang='lat' dir='ltr'><strong>eas</strong></span> <span class='ocrx_word' id='word_1_523' title='bbox 3329 3831 3540 3889; x_wconf 91' lang='lat' dir='ltr'><strong>habuit.</strong></span> 
     </span>
    </p>
   </div>
   <div class='ocr_carea' id='block_1_84' title="bbox 1952 3916 3544 3988">
    <p class='ocr_par' dir='ltr' id='par_1_84' title="bbox 1952 3916 3544 3988">
     <span class='ocr_line' id='line_1_84' title="bbox 1952 3916 3544 3988; baseline 0.006 -18"><span class='ocrx_word' id='word_1_524' title='bbox 1952 3916 2084 3971; x_wconf 86' lang='lat' dir='ltr'><strong>Nam</strong></span> <span class='ocrx_word' id='word_1_525' title='bbox 2125 3917 2216 3986; x_wconf 92' lang='lat' dir='ltr'><strong>qui</strong></span> <span class='ocrx_word' id='word_1_526' title='bbox 2265 3917 2470 3988; x_wconf 87' lang='lat' dir='ltr'><strong>recepit</strong></span> <span class='ocrx_word' id='word_1_527' title='bbox 2495 3918 2812 3986; x_wconf 75' lang='lat' dir='ltr'><strong>aestimatas,</strong></span> <span class='ocrx_word' id='word_1_528' title='bbox 2847 3922 3320 3978; x_wconf 88' lang='lat' dir='ltr'><strong>accuratissimam</strong></span> <span class='ocrx_word' id='word_1_529' title='bbox 3354 3934 3544 3981; x_wconf 80' lang='lat' dir='ltr'><strong>custo-</strong></span> 
     </span>
    </p>
   </div>
   <div class='ocr_carea' id='block_1_85' title="bbox 1949 4008 3541 4080">
    <p class='ocr_par' dir='ltr' id='par_1_85' title="bbox 1949 4008 3541 4080">
     <span class='ocr_line' id='line_1_85' title="bbox 1949 4008 3541 4080; baseline 0.006 -16"><span class='ocrx_word' id='word_1_530' title='bbox 1949 4008 2093 4064; x_wconf 78' lang='lat' dir='ltr'><strong>diam</strong></span> <span class='ocrx_word' id='word_1_531' title='bbox 2120 4008 2302 4064; x_wconf 84' lang='lat' dir='ltr'><strong>debet.</strong></span> <span class='ocrx_word' id='word_1_532' title='bbox 2361 4009 2635 4080; x_wconf 86' lang='lat' dir='ltr'><strong>Competit</strong></span> <span class='ocrx_word' id='word_1_533' title='bbox 2658 4018 2712 4064; x_wconf 89' lang='lat' dir='ltr'><strong>et</strong></span> <span class='ocrx_word' id='word_1_534' title='bbox 2742 4011 3019 4067; x_wconf 90' lang='lat' dir='ltr'><strong>societatis</strong></span> <span class='ocrx_word' id='word_1_535' title='bbox 3045 4013 3211 4080; x_wconf 89' lang='lat' dir='ltr'><strong>actio,</strong></span> <span class='ocrx_word' id='word_1_536' title='bbox 3241 4014 3287 4070; x_wconf 89' lang='lat' dir='ltr'><strong>si</strong></span> <span class='ocrx_word' id='word_1_537' title='bbox 3317 4016 3541 4072; x_wconf 88' lang='lat' dir='ltr'><strong>nomine</strong></span> 
     </span>
    </p>
   </div>
   <div class='ocr_carea' id='block_1_86' title="bbox 1949 4090 3540 4175">
    <p class='ocr_par' dir='ltr' id='par_1_86' title="bbox 1949 4090 3540 4175">
     <span class='ocr_line' id='line_1_86' title="bbox 1949 4090 3540 4175; baseline 0.005 -19"><span class='ocrx_word' id='word_1_538' title='bbox 1949 4100 2226 4156; x_wconf 86' lang='lat' dir='ltr'><strong>societatis</strong></span> <span class='ocrx_word' id='word_1_539' title='bbox 2249 4101 2315 4156; x_wconf 88' lang='lat' dir='ltr'><strong>ad</strong></span> <span class='ocrx_word' id='word_1_540' title='bbox 2345 4101 2675 4169; x_wconf 84' lang='lat' dir='ltr'><strong>pascendum</strong></span> <span class='ocrx_word' id='word_1_541' title='bbox 2705 4090 2918 4160; x_wconf 70' lang='lat' dir='ltr'><strong>traditae</strong></span> <span class='ocrx_word' id='word_1_542' title='bbox 2943 4103 3164 4175; x_wconf 88' lang='lat' dir='ltr'><strong>fuerint,</strong></span> <span class='ocrx_word' id='word_1_543' title='bbox 3193 4107 3360 4164; x_wconf 90' lang='lat' dir='ltr'><strong>etiam</strong></span> <span class='ocrx_word' id='word_1_544' title='bbox 3391 4109 3540 4166; x_wconf 69' lang='lat' dir='ltr'><strong>resti-</strong></span> 
     </span>
    </p>
   </div>
   <div class='ocr_carea' id='block_1_87' title="bbox 1948 4207 2124 4252">
    <p class='ocr_par' dir='ltr' id='par_1_87' title="bbox 1948 4207 2124 4252">
     <span class='ocr_line' id='line_1_87' title="bbox 1948 4207 2124 4252; baseline 0 -1"><span class='ocrx_word' id='word_1_545' title='bbox 1948 4207 2124 4252; x_wconf 60' lang='lat' dir='ltr'><strong>mane.</strong></span> 
     </span>
    </p>
   </div>
   <div class='ocr_carea' id='block_1_88' title="bbox 2017 4289 3534 4366">
    <p class='ocr_par' dir='ltr' id='par_1_88' title="bbox 2017 4289 3534 4366">
     <span class='ocr_line' id='line_1_88' title="bbox 2017 4289 3534 4366; baseline 0.005 -24"><span class='ocrx_word' id='word_1_546' title='bbox 2017 4289 2104 4344; x_wconf 74' lang='grc'><strong>23.</strong></span> <span class='ocrx_word' id='word_1_547' title='bbox 2142 4289 2217 4345; x_wconf 87' lang='lat' dir='ltr'><strong>De</strong></span> <span class='ocrx_word' id='word_1_548' title='bbox 2237 4291 2538 4361; x_wconf 81' lang='lat' dir='ltr'><strong>pigneribus</strong></span> <span class='ocrx_word' id='word_1_549' title='bbox 2569 4323 2636 4333; x_wconf 88' lang='lat'><strong>--</strong></span> <span class='ocrx_word' id='word_1_550' title='bbox 2669 4291 2726 4348; x_wconf 90' lang='lat' dir='ltr'><strong>Si</strong></span> <span class='ocrx_word' id='word_1_551' title='bbox 2755 4295 2878 4364; x_wconf 87' lang='lat' dir='ltr'><strong>quis</strong></span> <span class='ocrx_word' id='word_1_552' title='bbox 2897 4309 2962 4350; x_wconf 81' lang='lat' dir='ltr'><strong>ex</strong></span> <span class='ocrx_word' id='word_1_553' title='bbox 2985 4309 3325 4366; x_wconf 85' lang='lat' dir='ltr'><strong>quacumque</strong></span> <span class='ocrx_word' id='word_1_554' title='bbox 3345 4311 3534 4361; x_wconf 86' lang='lat' dir='ltr'><strong>causa,</strong></span> 
     </span>
    </p>
   </div>
   <div class='ocr_carea' id='block_1_89' title="bbox 1945 4378 3537 4454">
    <p class='ocr_par' dir='ltr' id='par_1_89' title="bbox 1945 4378 3537 4454">
     <span class='ocr_line' id='line_1_89' title="bbox 1945 4378 3537 4454; baseline 0.008 -24"><span class='ocrx_word' id='word_1_555' title='bbox 1945 4378 2028 4431; x_wconf 81' lang='lat' dir='ltr'><strong>vel</strong></span> <span class='ocrx_word' id='word_1_556' title='bbox 2058 4387 2227 4444; x_wconf 88' lang='lat' dir='ltr'><strong>metu,</strong></span> <span class='ocrx_word' id='word_1_557' title='bbox 2258 4394 2374 4434; x_wconf 89' lang='lat' dir='ltr'><strong>rem</strong></span> <span class='ocrx_word' id='word_1_558' title='bbox 2399 4381 2690 4449; x_wconf 87' lang='lat' dir='ltr'><strong>quamdam</strong></span> <span class='ocrx_word' id='word_1_559' title='bbox 2724 4384 2866 4453; x_wconf 89' lang='lat' dir='ltr'><strong>apud</strong></span> <span class='ocrx_word' id='word_1_560' title='bbox 2899 4383 3134 4452; x_wconf 87' lang='lat' dir='ltr'><strong>aliquem</strong></span> <span class='ocrx_word' id='word_1_561' title='bbox 3185 4385 3445 4454; x_wconf 88' lang='lat' dir='ltr'><strong>deponit:</strong></span> <span class='ocrx_word' id='word_1_562' title='bbox 3479 4395 3537 4442; x_wconf 89' lang='lat' dir='ltr'><strong>et</strong></span> 
     </span>
    </p>
   </div>
   <div class='ocr_carea' id='block_1_90' title="bbox 249 4468 1857 4549">
    <p class='ocr_par' dir='ltr' id='par_1_90' title="bbox 249 4475 1839 4549">
     <span class='ocr_line' id='line_1_90' title="bbox 249 4475 1839 4549; baseline 0.005 -21"><span class='ocrx_word' id='word_1_563' title='bbox 249 4475 344 4528; x_wconf 68' lang='lat' dir='ltr'><strong>xui</strong></span> <span class='ocrx_word' id='word_1_564' title='bbox 382 4477 571 4548; x_wconf 74' lang='grc' dir='ltr'>συμϐῇ</span> <span class='ocrx_word' id='word_1_565' title='bbox 611 4476 702 4530; x_wconf 82' lang='grc' dir='ltr'>τὸν</span> <span class='ocrx_word' id='word_1_566' title='bbox 741 4475 950 4545; x_wconf 85' lang='grc' dir='ltr'>ταύτην</span> <span class='ocrx_word' id='word_1_567' title='bbox 973 4477 1364 4548; x_wconf 83' lang='grc' dir='ltr'>παραλαϐόντα</span> <span class='ocrx_word' id='word_1_568' title='bbox 1388 4480 1839 4549; x_wconf 78' lang='grc' dir='ltr'>ἀπαρνήσασθαι,</span> 
     </span>
    </p>
   </div>
   <div class='ocr_carea' id='block_1_91' title="bbox 1966 4468 3534 4549">
    <p class='ocr_par' dir='ltr' id='par_1_91' title="bbox 1966 4468 3534 4545">
     <span class='ocr_line' id='line_1_91' title="bbox 1966 4468 3534 4545; baseline 0.006 -24"><span class='ocrx_word' id='word_1_569' title='bbox 1966 4468 2262 4537; x_wconf 71' lang='lat' dir='ltr'><strong>rontigcrit,</strong></span> <span class='ocrx_word' id='word_1_570' title='bbox 2292 4479 2346 4522; x_wconf 88' lang='grc' dir='ltr'><strong>ιιι</strong></span> <span class='ocrx_word' id='word_1_571' title='bbox 2371 4470 2462 4538; x_wconf 92' lang='lat' dir='ltr'><strong>qui</strong></span> <span class='ocrx_word' id='word_1_572' title='bbox 2497 4485 2616 4525; x_wconf 89' lang='lat' dir='ltr'><strong>eam</strong></span> <span class='ocrx_word' id='word_1_573' title='bbox 2646 4472 2880 4541; x_wconf 84' lang='lat' dir='ltr'><strong>accepit,</strong></span> <span class='ocrx_word' id='word_1_574' title='bbox 2901 4473 3184 4527; x_wconf 85' lang='lat' dir='ltr'><strong>infitiando</strong></span> <span class='ocrx_word' id='word_1_575' title='bbox 3215 4475 3534 4545; x_wconf 87' lang='lat' dir='ltr'><strong>negaverit;</strong></span> 
     </span>
    </p>
   </div>
   <div class='ocr_carea' id='block_1_92' title="bbox 249 4569 1841 4644">
    <p class='ocr_par' dir='ltr' id='par_1_92' title="bbox 249 4569 1841 4644">
     <span class='ocr_line' id='line_1_92' title="bbox 249 4569 1841 4644; baseline 0.004 -22"><span class='ocrx_word' id='word_1_576' title='bbox 249 4569 593 4640; x_wconf 78' lang='grc' dir='ltr'>ζητουμένου</span> <span class='ocrx_word' id='word_1_577' title='bbox 653 4571 748 4624; x_wconf 82' lang='grc' dir='ltr'>τοῦ</span> <span class='ocrx_word' id='word_1_578' title='bbox 811 4571 1109 4642; x_wconf 84' lang='grc' dir='ltr'>κεφαλαίου</span> <span class='ocrx_word' id='word_1_579' title='bbox 1134 4612 1150 4638; x_wconf 93' lang='grc'><strong>,</strong></span> <span class='ocrx_word' id='word_1_580' title='bbox 1222 4572 1318 4626; x_wconf 79' lang='grc' dir='ltr'><strong>καί¹</strong></span> <span class='ocrx_word' id='word_1_581' title='bbox 1376 4573 1841 4644; x_wconf 77' lang='grc' dir='ltr'>ἀποδεικνυμένου</span> 
     </span>
    </p>
   </div>
   <div class='ocr_carea' id='block_1_93' title="bbox 246 4661 1841 4737">
    <p class='ocr_par' dir='ltr' id='par_1_93' title="bbox 246 4661 1841 4737">
     <span class='ocr_line' id='line_1_93' title="bbox 246 4661 1841 4737; baseline 0.003 -21"><span class='ocrx_word' id='word_1_582' title='bbox 246 4661 415 4716; x_wconf 80' lang='grc' dir='ltr'>αὑτοῦ</span> <span class='ocrx_word' id='word_1_583' title='bbox 451 4661 717 4732; x_wconf 69' lang='grc' dir='ltr'>ψεύστου,</span> <span class='ocrx_word' id='word_1_584' title='bbox 762 4664 904 4717; x_wconf 84' lang='grc' dir='ltr'><strong>κατά</strong></span> <span class='ocrx_word' id='word_1_585' title='bbox 959 4663 1182 4718; x_wconf 81' lang='grc' dir='ltr'>διπλοῦν</span> <span class='ocrx_word' id='word_1_586' title='bbox 1238 4664 1540 4719; x_wconf 86' lang='grc' dir='ltr'>ἀποδιδότω</span> <span class='ocrx_word' id='word_1_587' title='bbox 1590 4666 1732 4721; x_wconf 89' lang='grc' dir='ltr'><strong>αύτά</strong></span> <span class='ocrx_word' id='word_1_588' title='bbox 1759 4666 1841 4737; x_wconf 81' lang='grc' dir='ltr'>τῷ</span> 
     </span>
    </p>
   </div>
   <div class='ocr_carea' id='block_1_94' title="bbox 246 4755 647 4826">
    <p class='ocr_par' dir='ltr' id='par_1_94' title="bbox 246 4755 647 4826">
     <span class='ocr_line' id='line_1_94' title="bbox 246 4755 647 4826; baseline 0.012 -20"><span class='ocrx_word' id='word_1_589' title='bbox 246 4755 468 4826; x_wconf 78' lang='grc' dir='ltr'>παραθε</span> <span class='ocrx_word' id='word_1_590' title='bbox 476 4757 647 4826; x_wconf 80' lang='grc' dir='ltr'>μένῳ.</span> 
     </span>
    </p>
   </div>
   <div class='ocr_carea' id='block_1_95' title="bbox 316 4843 1841 4923">
    <p class='ocr_par' dir='ltr' id='par_1_95' title="bbox 316 4843 1841 4923">
     <span class='ocr_line' id='line_1_95' title="bbox 316 4843 1841 4923; baseline 0.004 -24"><span class='ocrx_word' id='word_1_591' title='bbox 316 4843 421 4900; x_wconf 91' lang='grc' dir='ltr'>κδ’.</span> <span class='ocrx_word' id='word_1_592' title='bbox 469 4847 532 4900; x_wconf 84' lang='lat' dir='ltr'><strong>Ei</strong></span> <span class='ocrx_word' id='word_1_593' title='bbox 553 4846 610 4900; x_wconf 71' lang='grc' dir='ltr'>δὲ</span> <span class='ocrx_word' id='word_1_594' title='bbox 641 4847 734 4901; x_wconf 73' lang='grc' dir='ltr'><strong>καὶ</strong></span> <span class='ocrx_word' id='word_1_595' title='bbox 776 4850 1032 4919; x_wconf 75' lang='grc' dir='ltr'>συμφορᾷ</span> <span class='ocrx_word' id='word_1_596' title='bbox 1065 4865 1170 4902; x_wconf 87' lang='grc' dir='ltr'>τινι</span> <span class='ocrx_word' id='word_1_597' title='bbox 1201 4848 1310 4903; x_wconf 84' lang='grc' dir='ltr'><strong>ἀπὸ</strong></span> <span class='ocrx_word' id='word_1_598' title='bbox 1341 4849 1640 4922; x_wconf 78' lang='grc' dir='ltr'>πυρκαῖας,</span> <span class='ocrx_word' id='word_1_599' title='bbox 1670 4850 1702 4923; x_wconf 75' lang='grc' dir='ltr'>ἢ</span> <span class='ocrx_word' id='word_1_600' title='bbox 1732 4851 1841 4905; x_wconf 82' lang='grc' dir='ltr'>ἀπὸ</span> 
     </span>
    </p>
   </div>
   <div class='ocr_carea' id='block_1_96' title="bbox 245 4939 1838 5014">
    <p class='ocr_par' dir='ltr' id='par_1_96' title="bbox 245 4939 1838 5014">
     <span class='ocr_line' id='line_1_96' title="bbox 245 4939 1838 5014; baseline 0.004 -22"><span class='ocrx_word' id='word_1_601' title='bbox 245 4939 482 5011; x_wconf 79' lang='grc' dir='ltr'>κλοπῆς,</span> <span class='ocrx_word' id='word_1_602' title='bbox 515 4941 720 5013; x_wconf 86' lang='grc' dir='ltr'>ἐπέλθῃ</span> <span class='ocrx_word' id='word_1_603' title='bbox 746 4941 896 5012; x_wconf 84' lang='grc' dir='ltr'>αύτῷ</span> <span class='ocrx_word' id='word_1_604' title='bbox 927 4943 1022 4996; x_wconf 79' lang='grc' dir='ltr'><strong>καὶ</strong></span> <span class='ocrx_word' id='word_1_605' title='bbox 1071 4943 1168 4996; x_wconf 77' lang='grc' dir='ltr'><strong>σὺν</strong></span> <span class='ocrx_word' id='word_1_606' title='bbox 1191 4942 1268 5014; x_wconf 81' lang='grc' dir='ltr'>τῷ</span> <span class='ocrx_word' id='word_1_607' title='bbox 1298 4943 1413 5014; x_wconf 84' lang='grc' dir='ltr'>ἰδίῳ</span> <span class='ocrx_word' id='word_1_608' title='bbox 1439 4943 1606 4998; x_wconf 81' lang='grc' dir='ltr'>αὐτοῦ</span> <span class='ocrx_word' id='word_1_609' title='bbox 1633 4945 1838 4998; x_wconf 88' lang='grc' dir='ltr'>ἀπολε-</span> 
     </span>
    </p>
   </div>
   <div class='ocr_carea' id='block_1_97' title="bbox 246 5029 1840 5106">
    <p class='ocr_par' dir='ltr' id='par_1_97' title="bbox 246 5029 1840 5106">
     <span class='ocr_line' id='line_1_97' title="bbox 246 5029 1840 5106; baseline 0.007 -27"><span class='ocrx_word' id='word_1_610' title='bbox 246 5029 443 5098; x_wconf 79' lang='grc' dir='ltr'>σθῆναι</span> <span class='ocrx_word' id='word_1_611' title='bbox 480 5031 734 5096; x_wconf 77' lang='grc' dir='ltr'>κάκεῖνα,</span> <span class='ocrx_word' id='word_1_612' title='bbox 770 5032 1112 5102; x_wconf 86' lang='grc' dir='ltr'>τηρείτωσαν</span> <span class='ocrx_word' id='word_1_613' title='bbox 1141 5034 1190 5086; x_wconf 89' lang='grc' dir='ltr'><strong>οἰ</strong></span> <span class='ocrx_word' id='word_1_614' title='bbox 1239 5033 1528 5104; x_wconf 77' lang='grc' dir='ltr'>ἀκροαταὶ,</span> <span class='ocrx_word' id='word_1_615' title='bbox 1568 5035 1840 5106; x_wconf 79' lang='grc' dir='ltr'>καὶάνέγ-</span> 
     </span>
    </p>
   </div>
   <div class='ocr_carea' id='block_1_98' title="bbox 1948 4559 3532 4634">
    <p class='ocr_par' dir='ltr' id='par_1_98' title="bbox 1948 4559 3532 4634">
     <span class='ocr_line' id='line_1_98' title="bbox 1948 4559 3532 4634; baseline 0.006 -22"><span class='ocrx_word' id='word_1_616' title='bbox 1948 4572 2114 4614; x_wconf 90' lang='lat' dir='ltr'><strong>causa</strong></span> <span class='ocrx_word' id='word_1_617' title='bbox 2145 4559 2426 4628; x_wconf 86' lang='lat' dir='ltr'><strong>inquisita.</strong></span> <span class='ocrx_word' id='word_1_618' title='bbox 2461 4561 2506 4616; x_wconf 91' lang='lat' dir='ltr'><strong>si</strong></span> <span class='ocrx_word' id='word_1_619' title='bbox 2550 4560 2785 4616; x_wconf 81' lang='lat' dir='ltr'><strong>mendax</strong></span> <span class='ocrx_word' id='word_1_620' title='bbox 2817 4562 2907 4617; x_wconf 91' lang='lat' dir='ltr'><strong>ille</strong></span> <span class='ocrx_word' id='word_1_621' title='bbox 2931 4561 3214 4633; x_wconf 88' lang='lat' dir='ltr'><strong>probetur,</strong></span> <span class='ocrx_word' id='word_1_622' title='bbox 3242 4565 3324 4618; x_wconf 90' lang='lat' dir='ltr'><strong>rei</strong></span> <span class='ocrx_word' id='word_1_623' title='bbox 3361 4567 3532 4634; x_wconf 90' lang='lat' dir='ltr'><strong>depo-</strong></span> 
     </span>
    </p>
   </div>
   <div class='ocr_carea' id='block_1_99' title="bbox 1947 4649 3113 4722">
    <p class='ocr_par' dir='ltr' id='par_1_99' title="bbox 1947 4649 3113 4722">
     <span class='ocr_line' id='line_1_99' title="bbox 1947 4649 3113 4722; baseline 0.001 -16"><span class='ocrx_word' id='word_1_624' title='bbox 1947 4649 2069 4706; x_wconf 77' lang='lat' dir='ltr'><strong>sita:</strong></span> <span class='ocrx_word' id='word_1_625' title='bbox 2105 4650 2324 4722; x_wconf 92' lang='lat' dir='ltr'><strong>duplum</strong></span> <span class='ocrx_word' id='word_1_626' title='bbox 2358 4650 2456 4718; x_wconf 91' lang='lat' dir='ltr'><strong>illi,</strong></span> <span class='ocrx_word' id='word_1_627' title='bbox 2481 4652 2574 4722; x_wconf 90' lang='lat' dir='ltr'><strong>qui</strong></span> <span class='ocrx_word' id='word_1_628' title='bbox 2610 4652 2882 4721; x_wconf 88' lang='lat' dir='ltr'><strong>deposuit,</strong></span> <span class='ocrx_word' id='word_1_629' title='bbox 2919 4653 3113 4710; x_wconf 86' lang='lat' dir='ltr'><strong>solvat.</strong></span> 
     </span>
    </p>
   </div>
   <div class='ocr_carea' id='block_1_100' title="bbox 2013 4836 3535 4912">
    <p class='ocr_par' dir='ltr' id='par_1_100' title="bbox 2013 4836 3535 4912">
     <span class='ocr_line' id='line_1_100' title="bbox 2013 4836 3535 4912; baseline 0.008 -22"><span class='ocrx_word' id='word_1_630' title='bbox 2013 4836 2104 4892; x_wconf 69' lang='grc'><strong>26.</strong></span> <span class='ocrx_word' id='word_1_631' title='bbox 2149 4836 2244 4893; x_wconf 88' lang='lat' dir='ltr'><strong>Sin</strong></span> <span class='ocrx_word' id='word_1_632' title='bbox 2273 4851 2402 4893; x_wconf 81' lang='lat' dir='ltr'><strong>casu</strong></span> <span class='ocrx_word' id='word_1_633' title='bbox 2433 4839 2666 4910; x_wconf 88' lang='lat' dir='ltr'><strong>quodam</strong></span> <span class='ocrx_word' id='word_1_634' title='bbox 2693 4841 2923 4896; x_wconf 90' lang='lat' dir='ltr'><strong>adverso</strong></span> <span class='ocrx_word' id='word_1_635' title='bbox 2947 4841 3229 4912; x_wconf 89' lang='lat' dir='ltr'><strong>acciderit,</strong></span> <span class='ocrx_word' id='word_1_636' title='bbox 3263 4851 3322 4900; x_wconf 93' lang='lat' dir='ltr'><strong>ut</strong></span> <span class='ocrx_word' id='word_1_637' title='bbox 3347 4845 3535 4901; x_wconf 88' lang='lat' dir='ltr'><strong>incen-</strong></span> 
     </span>
    </p>
   </div>
   <div class='ocr_carea' id='block_1_101' title="bbox 1946 4930 3533 4996">
    <p class='ocr_par' dir='ltr' id='par_1_101' title="bbox 1946 4930 3533 4996">
     <span class='ocr_line' id='line_1_101' title="bbox 1946 4930 3533 4996; baseline 0.006 -11"><span class='ocrx_word' id='word_1_638' title='bbox 1946 4930 2056 4994; x_wconf 89' lang='lat' dir='ltr'><strong>dio,</strong></span> <span class='ocrx_word' id='word_1_639' title='bbox 2091 4931 2176 4986; x_wconf 88' lang='lat' dir='ltr'><strong>vel</strong></span> <span class='ocrx_word' id='word_1_640' title='bbox 2206 4931 2377 4996; x_wconf 88' lang='lat' dir='ltr'><strong>furto,</strong></span> <span class='ocrx_word' id='word_1_641' title='bbox 2403 4948 2525 4987; x_wconf 90' lang='lat' dir='ltr'><strong>cum</strong></span> <span class='ocrx_word' id='word_1_642' title='bbox 2557 4934 2720 4988; x_wconf 88' lang='lat' dir='ltr'><strong>rebus</strong></span> <span class='ocrx_word' id='word_1_643' title='bbox 2753 4933 2869 4989; x_wconf 90' lang='lat' dir='ltr'><strong>suis</strong></span> <span class='ocrx_word' id='word_1_644' title='bbox 2905 4945 2961 4991; x_wconf 87' lang='lat' dir='ltr'><strong>et</strong></span> <span class='ocrx_word' id='word_1_645' title='bbox 2989 4935 3107 4992; x_wconf 86' lang='lat' dir='ltr'><strong>illas</strong></span> <span class='ocrx_word' id='word_1_646' title='bbox 3140 4937 3355 4994; x_wconf 88' lang='lat' dir='ltr'><strong>amittat</strong></span> <span class='ocrx_word' id='word_1_647' title='bbox 3383 4955 3396 4992; x_wconf 93' lang='lat'>:</span> <span class='ocrx_word' id='word_1_648' title='bbox 3427 4939 3533 4995; x_wconf 84' lang='lat' dir='ltr'><strong>ob--</strong></span> 
     </span>
    </p>
   </div>
   <div class='ocr_carea' id='block_1_102' title="bbox 1943 5025 3530 5102">
    <p class='ocr_par' dir='ltr' id='par_1_102' title="bbox 1943 5025 3530 5102">
     <span class='ocr_line' id='line_1_102' title="bbox 1943 5025 3530 5102; baseline 0.006 -25"><span class='ocrx_word' id='word_1_649' title='bbox 1943 5033 2164 5078; x_wconf 89' lang='lat' dir='ltr'><strong>servent</strong></span> <span class='ocrx_word' id='word_1_650' title='bbox 2198 5025 2300 5078; x_wconf 92' lang='lat' dir='ltr'><strong>hoc</strong></span> <span class='ocrx_word' id='word_1_651' title='bbox 2352 5040 2644 5080; x_wconf 86' lang='lat' dir='ltr'><strong>causarum</strong></span> <span class='ocrx_word' id='word_1_652' title='bbox 2679 5027 3008 5096; x_wconf 84' lang='lat' dir='ltr'><strong>cognitores,</strong></span> <span class='ocrx_word' id='word_1_653' title='bbox 3043 5038 3098 5085; x_wconf 91' lang='lat' dir='ltr'><strong>et</strong></span> <span class='ocrx_word' id='word_1_654' title='bbox 3126 5041 3285 5086; x_wconf 77' lang='lat' dir='ltr'><strong>extra</strong></span> <span class='ocrx_word' id='word_1_655' title='bbox 3310 5031 3530 5102; x_wconf 89' lang='lat' dir='ltr'><strong>culpam</strong></span> 
     </span>
    </p>
   </div>
   <div class='ocr_carea' id='block_1_103' title="bbox 246 5116 1857 5197">
    <p class='ocr_par' dir='ltr' id='par_1_103' title="bbox 246 5120 1838 5197">
     <span class='ocr_line' id='line_1_103' title="bbox 246 5120 1838 5197; baseline 0.006 -25"><span class='ocrx_word' id='word_1_656' title='bbox 246 5120 446 5192; x_wconf 87' lang='grc' dir='ltr'>κλητον</span> <span class='ocrx_word' id='word_1_657' title='bbox 485 5123 578 5176; x_wconf 80' lang='grc' dir='ltr'><strong>τὸν</strong></span> <span class='ocrx_word' id='word_1_658' title='bbox 610 5124 711 5195; x_wconf 82' lang='grc' dir='ltr'><strong>τὴν</strong></span> <span class='ocrx_word' id='word_1_659' title='bbox 745 5123 1004 5195; x_wconf 85' lang='grc' dir='ltr'>τοιαύτην</span> <span class='ocrx_word' id='word_1_660' title='bbox 1053 5125 1532 5196; x_wconf 75' lang='grc' dir='ltr'>παρακαταθήκην</span> <span class='ocrx_word' id='word_1_661' title='bbox 1564 5125 1838 5197; x_wconf 86' lang='grc' dir='ltr'>ἐσχηκότα</span> 
     </span>
    </p>
   </div>
   <div class='ocr_carea' id='block_1_104' title="bbox 1966 5116 3527 5197">
    <p class='ocr_par' dir='ltr' id='par_1_104' title="bbox 1966 5116 3527 5196">
     <span class='ocr_line' id='line_1_104' title="bbox 1966 5116 3527 5196; baseline 0.006 -27"><span class='ocrx_word' id='word_1_662' title='bbox 1966 5123 2147 5170; x_wconf 75' lang='lat' dir='ltr'><strong>tonant</strong></span> <span class='ocrx_word' id='word_1_663' title='bbox 2166 5131 2312 5181; x_wconf 88' lang='lat' dir='ltr'><strong>eum,</strong></span> <span class='ocrx_word' id='word_1_664' title='bbox 2332 5117 2421 5186; x_wconf 87' lang='lat' dir='ltr'><strong>qui</strong></span> <span class='ocrx_word' id='word_1_665' title='bbox 2455 5116 2594 5186; x_wconf 91' lang='lat' dir='ltr'><strong>apud</strong></span> <span class='ocrx_word' id='word_1_666' title='bbox 2618 5132 2678 5172; x_wconf 89' lang='lat' dir='ltr'><strong>se</strong></span> <span class='ocrx_word' id='word_1_667' title='bbox 2703 5119 3008 5190; x_wconf 87' lang='lat' dir='ltr'><strong>depositum</strong></span> <span class='ocrx_word' id='word_1_668' title='bbox 3034 5122 3299 5192; x_wconf 87' lang='lat' dir='ltr'><strong>ejusmodi</strong></span> <span class='ocrx_word' id='word_1_669' title='bbox 3317 5123 3527 5196; x_wconf 76' lang='lat' dir='ltr'><strong>habuit,</strong></span> 
     </span>
    </p>
   </div>
   <div class='ocr_carea' id='block_1_105' title="bbox 245 5199 1693 5281">
    <p class='ocr_par' dir='ltr' id='par_1_105' title="bbox 245 5199 1693 5281">
     <span class='ocr_line' id='line_1_105' title="bbox 245 5199 1693 5281; baseline 0.006 -16"><span class='ocrx_word' id='word_1_670' title='bbox 245 5199 732 5281; x_wconf 75' lang='grc' dir='ltr'>φύλαττέσθωσαν,</span> <span class='ocrx_word' id='word_1_671' title='bbox 767 5215 844 5278; x_wconf 88' lang='grc' dir='ltr'><strong>ώς</strong></span> <span class='ocrx_word' id='word_1_672' title='bbox 866 5217 1138 5280; x_wconf 87' lang='grc' dir='ltr'>ἀκουσίως</span> <span class='ocrx_word' id='word_1_673' title='bbox 1161 5217 1302 5272; x_wconf 87' lang='grc' dir='ltr'><strong>αύτά</strong></span> <span class='ocrx_word' id='word_1_674' title='bbox 1327 5218 1693 5276; x_wconf 86' lang='grc' dir='ltr'>ἀπολέσαντα.</span> 
     </span>
    </p>
   </div>
   <div class='ocr_carea' id='block_1_106' title="bbox 830 5345 1244 5403">
    <p class='ocr_par' dir='ltr' id='par_1_106' title="bbox 830 5345 1244 5403">
     <span class='ocr_line' id='line_1_106' title="bbox 830 5345 1244 5403; baseline 0.012 -5"><span class='ocrx_word' id='word_1_675' title='bbox 830 5345 1084 5401; x_wconf 79' lang='grc' dir='ltr'><strong>ΤΙΤΛΟΣ</strong></span> <span class='ocrx_word' id='word_1_676' title='bbox 1121 5345 1244 5403; x_wconf 81' lang='lat' dir='ltr'><strong>Kl&quot;.</strong></span> 
     </span>
    </p>
   </div>
   <div class='ocr_carea' id='block_1_107' title="bbox 673 5455 1406 5526">
    <p class='ocr_par' dir='ltr' id='par_1_107' title="bbox 673 5455 1406 5526">
     <span class='ocr_line' id='line_1_107' title="bbox 673 5455 1406 5526; baseline 0.005 -18"><span class='ocrx_word' id='word_1_677' title='bbox 673 5455 812 5525; x_wconf 85' lang='grc' dir='ltr'>Περί</span> <span class='ocrx_word' id='word_1_678' title='bbox 881 5456 1406 5526; x_wconf 80' lang='grc' dir='ltr'>παρακαταθήκης.</span> 
     </span>
    </p>
   </div>
   <div class='ocr_carea' id='block_1_108' title="bbox 311 5566 1835 5642">
    <p class='ocr_par' dir='ltr' id='par_1_108' title="bbox 311 5566 1835 5642">
     <span class='ocr_line' id='line_1_108' title="bbox 311 5566 1835 5642; baseline 0.006 -20"><span class='ocrx_word' id='word_1_679' title='bbox 311 5566 415 5622; x_wconf 87' lang='grc' dir='ltr'>κε’.</span> <span class='ocrx_word' id='word_1_680' title='bbox 452 5566 567 5638; x_wconf 69' lang='grc' dir='ltr'><strong>¹Γῆς</strong></span> <span class='ocrx_word' id='word_1_681' title='bbox 605 5569 1084 5642; x_wconf 82' lang='grc' dir='ltr'>παρακαταθήκης</span> <span class='ocrx_word' id='word_1_682' title='bbox 1111 5571 1208 5624; x_wconf 78' lang='grc' dir='ltr'>καὶ</span> <span class='ocrx_word' id='word_1_683' title='bbox 1233 5572 1280 5623; x_wconf 89' lang='grc' dir='ltr'><strong>οἰ</strong></span> <span class='ocrx_word' id='word_1_684' title='bbox 1303 5571 1528 5642; x_wconf 70' lang='grc' dir='ltr'>καρποὶ,</span> <span class='ocrx_word' id='word_1_685' title='bbox 1553 5573 1646 5628; x_wconf 74' lang='grc' dir='ltr'><strong>καὶ</strong></span> <span class='ocrx_word' id='word_1_686' title='bbox 1679 5575 1726 5629; x_wconf 89' lang='grc' dir='ltr'>οἱ</span> <span class='ocrx_word' id='word_1_687' title='bbox 1747 5593 1835 5630; x_wconf 88' lang='grc' dir='ltr'>το-</span> 
     </span>
    </p>
   </div>
   <div class='ocr_carea' id='block_1_109' title="bbox 247 5659 1330 5731">
    <p class='ocr_par' dir='ltr' id='par_1_109' title="bbox 247 5659 1330 5731">
     <span class='ocr_line' id='line_1_109' title="bbox 247 5659 1330 5731; baseline 0.005 -19"><span class='ocrx_word' id='word_1_688' title='bbox 247 5659 410 5725; x_wconf 76' lang='grc' dir='ltr'>κετοί,</span> <span class='ocrx_word' id='word_1_689' title='bbox 445 5665 544 5715; x_wconf 73' lang='grc' dir='ltr'><strong>καὶ</strong></span> <span class='ocrx_word' id='word_1_690' title='bbox 580 5661 694 5713; x_wconf 77' lang='grc' dir='ltr'>πᾶν</span> <span class='ocrx_word' id='word_1_691' title='bbox 729 5660 960 5731; x_wconf 72' lang='grc' dir='ltr'>πρᾶγμα</span> <span class='ocrx_word' id='word_1_692' title='bbox 991 5663 1330 5718; x_wconf 81' lang='grc' dir='ltr'>ἀπαιτεῖται.</span> 
     </span>
    </p>
   </div>
   <div class='ocr_carea' id='block_1_110' title="bbox 313 5753 1832 5834">
    <p class='ocr_par' dir='ltr' id='par_1_110' title="bbox 313 5753 1832 5834">
     <span class='ocr_line' id='line_1_110' title="bbox 313 5753 1832 5834; baseline 0.009 -28"><span class='ocrx_word' id='word_1_693' title='bbox 313 5753 420 5820; x_wconf 69' lang='grc' dir='ltr'>κςῖ</span> <span class='ocrx_word' id='word_1_694' title='bbox 458 5753 662 5818; x_wconf 80' lang='grc' dir='ltr'>Δοῦλός</span> <span class='ocrx_word' id='word_1_695' title='bbox 694 5770 786 5806; x_wconf 88' lang='grc' dir='ltr'><strong>σου</strong></span> <span class='ocrx_word' id='word_1_696' title='bbox 831 5754 1102 5824; x_wconf 79' lang='grc' dir='ltr'>παρέθετό</span> <span class='ocrx_word' id='word_1_697' title='bbox 1155 5773 1246 5827; x_wconf 90' lang='grc' dir='ltr'><strong>μοι</strong></span> <span class='ocrx_word' id='word_1_698' title='bbox 1292 5761 1574 5834; x_wconf 70' lang='grc' dir='ltr'>χρήματα,</span> <span class='ocrx_word' id='word_1_699' title='bbox 1619 5761 1711 5818; x_wconf 72' lang='grc' dir='ltr'><strong>ἐπὶ</strong></span> <span class='ocrx_word' id='word_1_700' title='bbox 1773 5765 1832 5819; x_wconf 74' lang='grc' dir='ltr'>τὸ</span> 
     </span>
    </p>
   </div>
   <div class='ocr_carea' id='block_1_111' title="bbox 1940 5209 2777 5280">
    <p class='ocr_par' dir='ltr' id='par_1_111' title="bbox 1940 5209 2777 5280">
     <span class='ocr_line' id='line_1_111' title="bbox 1940 5209 2777 5280; baseline 0.001 -14"><span class='ocrx_word' id='word_1_701' title='bbox 1940 5210 2110 5266; x_wconf 86' lang='lat' dir='ltr'><strong>veluti</strong></span> <span class='ocrx_word' id='word_1_702' title='bbox 2140 5209 2236 5280; x_wconf 91' lang='lat' dir='ltr'><strong>qui</strong></span> <span class='ocrx_word' id='word_1_703' title='bbox 2266 5211 2515 5267; x_wconf 81' lang='lat' dir='ltr'><strong>amiserit</strong></span> <span class='ocrx_word' id='word_1_704' title='bbox 2549 5211 2777 5267; x_wconf 87' lang='lat' dir='ltr'><strong>invitus.</strong></span> 
     </span>
    </p>
   </div>
   <div class='ocr_carea' id='block_1_112' title="bbox 2475 5355 3000 5416">
    <p class='ocr_par' dir='ltr' id='par_1_112' title="bbox 2475 5355 3000 5416">
     <span class='ocr_line' id='line_1_112' title="bbox 2475 5355 3000 5416; baseline 0.008 -4"><span class='ocrx_word' id='word_1_705' title='bbox 2475 5355 2780 5415; x_wconf 81' lang='lat' dir='ltr'><strong>TITULUS</strong></span> <span class='ocrx_word' id='word_1_706' title='bbox 2813 5359 3000 5416; x_wconf 76' lang='lat' dir='ltr'><strong>XXIII.</strong></span> 
     </span>
    </p>
   </div>
   <div class='ocr_carea' id='block_1_113' title="bbox 2548 5467 2916 5541">
    <p class='ocr_par' dir='ltr' id='par_1_113' title="bbox 2548 5467 2916 5541">
     <span class='ocr_line' id='line_1_113' title="bbox 2548 5467 2916 5541; baseline 0.005 -18"><span class='ocrx_word' id='word_1_707' title='bbox 2548 5467 2622 5523; x_wconf 82' lang='lat' dir='ltr'><strong>De</strong></span> <span class='ocrx_word' id='word_1_708' title='bbox 2657 5470 2916 5541; x_wconf 79' lang='lat' dir='ltr'><strong>deposito.</strong></span> 
     </span>
    </p>
   </div>
   <div class='ocr_carea' id='block_1_114' title="bbox 2007 5578 3521 5652">
    <p class='ocr_par' dir='ltr' id='par_1_114' title="bbox 2007 5578 3521 5652">
     <span class='ocr_line' id='line_1_114' title="bbox 2007 5578 3521 5652; baseline 0.001 -19"><span class='ocrx_word' id='word_1_709' title='bbox 2007 5578 2098 5636; x_wconf 75' lang='lat'><strong>25.</strong></span> <span class='ocrx_word' id='word_1_710' title='bbox 2132 5578 2188 5636; x_wconf 93' lang='lat' dir='ltr'><strong>In</strong></span> <span class='ocrx_word' id='word_1_711' title='bbox 2217 5581 2463 5652; x_wconf 88' lang='lat' dir='ltr'><strong>deposito</strong></span> <span class='ocrx_word' id='word_1_712' title='bbox 2483 5592 2538 5639; x_wconf 90' lang='lat' dir='ltr'><strong>et</strong></span> <span class='ocrx_word' id='word_1_713' title='bbox 2563 5583 2791 5649; x_wconf 87' lang='lat' dir='ltr'><strong>fructus,</strong></span> <span class='ocrx_word' id='word_1_714' title='bbox 2817 5591 2868 5638; x_wconf 88' lang='lat' dir='ltr'><strong>et</strong></span> <span class='ocrx_word' id='word_1_715' title='bbox 2891 5591 3102 5652; x_wconf 90' lang='lat' dir='ltr'><strong>partus,</strong></span> <span class='ocrx_word' id='word_1_716' title='bbox 3136 5589 3188 5636; x_wconf 89' lang='lat' dir='ltr'><strong>et</strong></span> <span class='ocrx_word' id='word_1_717' title='bbox 3218 5587 3326 5635; x_wconf 89' lang='lat' dir='ltr'><strong>tota</strong></span> <span class='ocrx_word' id='word_1_718' title='bbox 3356 5593 3521 5634; x_wconf 84' lang='lat' dir='ltr'><strong>causa</strong></span> 
     </span>
    </p>
   </div>
   <div class='ocr_carea' id='block_1_115' title="bbox 1935 5684 2222 5742">
    <p class='ocr_par' dir='ltr' id='par_1_115' title="bbox 1935 5684 2222 5742">
     <span class='ocr_line' id='line_1_115' title="bbox 1935 5684 2222 5742; baseline 0 -15"><span class='ocrx_word' id='word_1_719' title='bbox 1935 5684 2222 5742; x_wconf 89' lang='lat' dir='ltr'><strong>petuntur.</strong></span> 
     </span>
    </p>
   </div>
   <div class='ocr_carea' id='block_1_116' title="bbox 2010 5763 3522 5868">
    <p class='ocr_par' dir='ltr' id='par_1_116' title="bbox 2010 5763 3522 5850">
     <span class='ocr_line' id='line_1_116' title="bbox 2010 5763 3522 5850; baseline 0.001 -30"><span class='ocrx_word' id='word_1_720' title='bbox 2010 5765 2101 5822; x_wconf 72' lang='lat'><strong>26.</strong></span> <span class='ocrx_word' id='word_1_721' title='bbox 2140 5763 2344 5825; x_wconf 84' lang='lat' dir='ltr'><strong>Servus</strong></span> <span class='ocrx_word' id='word_1_722' title='bbox 2376 5776 2499 5826; x_wconf 91' lang='lat' dir='ltr'><strong>tuus</strong></span> <span class='ocrx_word' id='word_1_723' title='bbox 2525 5769 2666 5840; x_wconf 86' lang='lat' dir='ltr'><strong>apud</strong></span> <span class='ocrx_word' id='word_1_724' title='bbox 2713 5781 2796 5823; x_wconf 89' lang='lat' dir='ltr'><strong>mc</strong></span> <span class='ocrx_word' id='word_1_725' title='bbox 2836 5765 3120 5850; x_wconf 85' lang='lat' dir='ltr'><strong>pecuniam</strong></span> <span class='ocrx_word' id='word_1_726' title='bbox 3159 5763 3422 5838; x_wconf 82' lang='lat' dir='ltr'><strong>deposuit,</strong></span> <span class='ocrx_word' id='word_1_727' title='bbox 3463 5771 3522 5822; x_wconf 81' lang='lat' dir='ltr'><strong>ut</strong></span> 
     </span>
    </p>
   </div>
   <div class='ocr_carea' id='block_1_117' title="bbox 2093 5848 2410 5861">
    <p class='ocr_par' dir='ltr' id='par_1_117' title="bbox 2093 5848 2410 5861">
     <span class='ocr_line' id='line_1_117' title="bbox 2093 5848 2410 5861; baseline 0.009 -2"><span class='ocrx_word' id='word_1_728' title='bbox 2093 5848 2301 5861; x_wconf 51' lang='grc' dir='ltr'><strong>σφα-*ν*</strong></span> <span class='ocrx_word' id='word_1_729' title='bbox 2315 5848 2410 5861; x_wconf 63' lang='lat'><strong><em>1&quot;.—</em></strong></span> 
     </span>
    </p>
   </div>
  </div>
