4050 6418
463 318 571 383 527
1424 320 1937 385 CONSTANTINI
1976 318 2661 381 PORPHYROGENITI
3639 314 3751 379 528

464 448 532 489 ea
570 430 668 487 tibi
698 429 941 499 daretur,
966 443 1076 501 quo
1105 428 1256 489 illum
1277 431 1718 487 manumitteres.
1752 427 1810 481 Si
1837 443 1899 482 ea
1935 427 2060 481 data

2191 424 2354 480 ῐοῦναί
2385 444 2491 490 σοι,
2547 427 2691 498 ὑπὲρ
2743 424 2843 480 τοῦ
2892 423 3261 497 ἐλευθερῶσαι
3303 422 3489 478 αὐτόν.
3538 423 3601 478 El
3651 425 3758 495 μὲν

404 568 412 573 .
466 524 603 582 fecit
648 537 876 580 usuram
926 523 1130 590 sciens,
1161 538 1282 594 quae
1348 531 1402 578 te
1463 521 1865 587 comitaretur;
1903 520 2060 574 aliter

2194 519 2289 584 οὓς
2335 520 2638 592 ἐποιήσατο
2660 518 2906 585 τοκετδν,
2940 520 3034 573 τόν
3087 535 3147 572 σε
3194 515 3758 590 παρακολουθήσοντα

470 630 576 686 ego
607 630 716 671 non
742 625 953 682 teneor,
1002 616 1104 671 nisi
1160 615 1305 685 quod
1338 613 1608 684 obligatus
1641 627 1759 667 sum
1807 613 1884 678 id,
1916 613 2059 682 quod

2193 630 2223 666 ν
2268 613 2495 684 είδήσει,
2554 612 2655 667 οὐκ
2703 614 2986 685 ἐνέχομαι,
3034 614 3083 666 εί
3123 611 3201 682 μὴ
3230 609 3259 664 ὅ
3298 627 3389 681 μοι
3440 608 3755 675 διαδέδωκε,

468 709 607 764 mihi
639 706 883 774 tradidit,
911 716 1167 777 tanquam
1193 705 1501 774 depositum
1528 705 1775 760 reddere.
1835 702 2062 775 Deposi-

476 808 593 854 tmn
637 807 722 854 est
749 799 893 853 inter
939 811 1036 852 eas
1068 810 1177 862 res,
1205 810 1328 867 quae
1374 795 1442 851 ad
1492 795 1854 867 deponentem
1888 794 2063 866 perti-

476 902 632 948 nent.
668 889 821 949 Unde
854 890 899 945 is
916 899 973 944 et
996 888 1230 955 fructus,
1256 896 1312 944 et
1337 898 1549 958 partus,
1572 897 1626 943 et
1648 902 1868 944 causam
1893 896 2061 942 totum

476 987 633 1056 petit.

551 1077 703 1131 l7.Si
743 1076 871 1144 quis
897 1074 1204 1143 depositum
1235 1074 1303 1127 ab
1333 1088 1404 1128 se
1446 1084 1723 1144 receptum
1779 1074 2064 1129 inﬁtiando

477 1169 778 1241 negaverit,
811 1178 867 1223 et
898 1177 1067 1222 testes
1122 1168 1174 1221 in
1219 1169 1328 1222 hoc
1355 1169 1604 1238 producti
1639 1169 1863 1235 fuerint,
1900 1167 2065 1237 idque

476 1262 783 1334 depositum
820 1261 1096 1315 inventum
1130 1259 1291 1314 luerit
1319 1274 1387 1314 eo
1432 1271 1695 1330 tempore,
1722 1276 1829 1330 quo
1863 1261 1953 1315 ille
1975 1261 2064 1328 ju-

481 1353 706 1414 raverit,
739 1358 831 1405 aut
858 1365 954 1419 per
1003 1350 1334 1420 scripturam
1367 1351 1797 1407 renuntiaverit:
1840 1350 2063 1421 duplum

476 1445 596 1516 ejus
624 1442 855 1513 depositi
887 1442 1080 1509 solvet,
1126 1456 1191 1496 ac
1248 1451 1509 1512 praeterea
1570 1441 1792 1512 perjurii
1848 1457 2064 1513 pmuam

478 1537 769 1593 sustineat.

547 1629 641 1685 ΞΒ.
681 1629 857 1685 Omne
887 1624 1190 1698 depositum
1228 1638 1296 1681 ex
1329 1623 1658 1680 inﬁtiatione
1694 1623 1967 1695 duplatur.

998 1812 1309 1871 TITULUS
1340 1810 1538 1869 XXIV.

1043 1908 1121 1963 De
1162 1907 1508 1978 emphyleuu'.

549 2010 609 2064 1.
640 2003 1032 2077 Emplryteusis
1059 2011 1321 2074 perpetua
1350 2001 1556 2073 jurium
1597 2000 1960 2056 immobilium
2009 1999 2070 2055 lit

480 2117 605 2157 eum
646 2097 961 2156 conditione
999 2095 1279 2167 pensionis
1312 2110 1531 2161 annum,
1582 2096 1649 2150 de
1675 2110 1781 2166 qua
1812 2110 2070 2166 expresse

480 2192 821 2257 convenitur,
854 2189 1037 2246 addita
1062 2188 1334 2245 mentione
1351 2187 1645 2258 diligentia:
1670 2203 1733 2243 ac
1766 2189 2066 2244 correctio-

483 2288 568 2343 nis
596 2299 806 2353 eorum,
839 2299 958 2356 qua:
986 2282 1255 2340 locantur.

550 2380 608 2435 2.
648 2378 704 2434 Si
734 2377 857 2448 quis
878 2378 1007 2433 vero
1039 2384 1381 2444 euratorum,
1420 2373 1907 2439 citartulariorum,
1944 2373 2072 2429 ιεριί-

477 2484 827 2542 quorumque
877 2466 1256 2532 militantium,
1301 2464 1369 2521 ad
1417 2466 1800 2522 detrimentum
1839 2465 1922 2521 vel
1962 2466 2072 2522 cir-

481 2559 963 2631 cumscriptionem
1008 2556 1214 2614 domini
1274 2555 1590 2629 principalis
1639 2554 1847 2626 aliquid
1887 2553 2073 2610 facere

477 2659 630 2713 visus
667 2653 867 2722 fuerit,
915 2652 961 2709 is
1004 2650 1199 2707 militia
1251 2665 1351 2707 sua
1405 2648 1696 2707 confestim
1738 2649 1978 2718 excidat,
2018 2657 2075 2704 et

479 2752 638 2807 irrita
678 2749 752 2805 sit
790 2746 1058 2818 ejusmodi
1091 2746 1314 2802 locatio.

555 2843 610 2897 3.
652 2839 755 2906 Qui
786 2838 1183 2910 emphyteusim
1219 2842 1536 2907 perpetuam
1583 2833 1828 2905 accepit,
1860 2847 2076 2903 pensm—

483 2944 608 2983 nem
638 2940 877 2983 annuam
910 2927 1030 2993 sine
1065 2923 1519 2994 tergiversatione
1550 2922 1763 2979 solvere
1793 2921 1981 2977 debet:
2019 2930 2075 2976 et

474 3017 570 3088 qui
596 3015 739 3088 juris
764 3012 1060 3071 immobilis
1090 3013 1144 3067 in
1177 3022 1323 3068 statu
1355 3027 1460 3068 suo
1495 3011 1860 3070 conservandi
1891 3019 1947 3066 et
1977 3025 2073 3066 ex-

2165 704 2466 775 ύπόκειμαι
2491 705 2692 760 διδόναι
2730 706 2807 769 ὡς
2866 703 3366 776 παρακαταθήκην.
3408 702 3473 756 Ἦ
3503 718 3760 773 παρακα-

2162 798 2377 870 ταθήκη
2400 798 2511 851 τῶν
2533 797 2905 870 διαφερόντων
2929 798 3010 871 τῷ
3040 794 3558 869 παρακαταθεμένῳ
3582 794 3755 848 ἐστίν.

2166 888 2332 944 Ὅθεν
2365 890 2459 944 καὶ
2490 891 2759 958 καρποὺς,
2785 890 2881 945 καὶ
2908 891 3190 956 τοκετοὺς,
3219 889 3314 943 καὶ⁹
3339 888 3522 942 πᾶσαν
3575 886 3762 942 αἰτίαν

2155 982 2410 1035 ἀπαιτεῖ.

2240 1073 2344 1138 κζ’.
2393 1074 2520 1128 Ἐάν
2555 1093 2640 1139 τις
2693 1075 2988 1148 δεξάμενος
3038 1074 3536 1146 παρακαταθήκην,
3583 1070 3761 1143 ἀρνήο

2170 1183 2333 1234 σηται
2373 1168 2566 1240 αὐτὴν,
2608 1170 2703 1223 καὶ
2739 1169 3068 1240 μαρτυρηθῇ
3108 1170 3168 1220 ἐν
3201 1166 3380 1237 αύτῷ,
3424 1166 3520 1217 καὶ
3552 1162 3759 1233 εὑρεθῇ

2167 1261 2228 1313 ἐν
2264 1260 2445 1332 καιρῷ
2484 1261 2652 1316 αὐτοῦ
2685 1261 3028 1333 όμώσαντος,
3061 1263 3094 1332 ἢ
3141 1259 3437 1331 ἐγγράφως
3478 1254 3765 1319 ἀποταξα-

2174 1353 2357 1422 μένου,
2390 1354 2587 1409 διπὶᾶν
2631 1353 2839 1426 ταύτην
2880 1352 3175 1419 ἀποδώσει,
3207 1353 3301 1407 καὶ
3331 1351 3430 1423 τῆς
3474 1347 3767 1420 ἐπιορκίας

2175 1441 2269 1513 τὴν
2292 1442 2566 1515 τιμωρίαν
2606 1442 2949 1515 ὑπομενέτω.

2241 1634 2352 1700 κη’.
2395 1629 2551 1684 Πᾶσα
2579 1628 3024 1701 παρακαταθήκη
3057 1626 3118 1692 ἐξ
3146 1624 3437 1697 ἀρνήσεως
3475 1621 3768 1676 διπλασιάο

2170 1720 2345 1787 ζεται.

2753 1810 3006 1864 ΤῙΤΛΟΣ
3045 1810 3171 1865 ΚΔ’.

2635 1902 2778 1972 Περὶ
2844 1902 3294 1973 ἐμφυτεύσεως.

2244 2001 2312 2051 α’.
2356 1995 2622 2067 Διηνεκὴς
2650 1995 2991 2066 ἐμφύτευσις
3024 1992 3304 2061 ἀκινήτων
3353 1988 3581 2043 δικαίων
3612 1988 3769 2057 γίνε-

2171 2106 2263 2145 ται
2298 2089 2392 2142 ἐπὶ
2414 2088 2713 2159 τελέσματι
2735 2084 3056 2157 ἐνιαυσιαίῳ
3087 2083 3270 2157 ῥητῶς
3292 2083 3771 2154 συμφωνουμένην,

2172 2181 2269 2237 καὶ
2308 2180 2597 2255 ἐπιμελείᾳ
2652 2195 2714 2235 τε
2748 2178 2846 2233 καὶ
2895 2176 3180 2249 διορθώσει
3229 2174 3340 2230 τῶν
3380 2173 3771 2242 ἐκδιδομένων.

2249 2371 2315 2442 β’.
2350 2369 2498 2424 Εἱδέ
2527 2386 2611 2431 τις
2644 2369 2708 2422 ἐκ
2757 2366 2866 2422 τῶν
2917 2364 3276 2437 φροντιστῶν,
3333 2359 3772 2433 χαρτου).αρίων,

2177 2465 2270 2518 καὶ
2296 2461 2503 2516 λοιπῶν
2540 2457 2940 2533 [στρατιωτῶν]
2987 2456 3121 2529 πρὸς
3170 2453 3377 2526 βλάϐην
3409 2453 3443 2525 ἢ
3473 2469 3776 2524 παραγραι

2177 2554 2285 2626 φὴν
2320 2552 2420 2623 τῆς
2465 2549 2829 2625 πρωτοτύπου
2884 2547 3205 2610 δεσποτείας
3261 2548 3403 2617 φανῇ
3458 2541 3778 2615 ἀπεργαζό-

2180 2662 2364 2717 μενος,
2403 2638 2559 2709 οὗτος
2604 2643 2703 2715 μὲν
2737 2640 2984 2712 παρευθὺ
3028 2638 3345 2694 ἐκπιπτέτω
3372 2635 3466 2690 τοῦ
3498 2635 3774 2707 στρατεύ-

2180 2756 2351 2810 ματος
2378 2736 2565 2798 αύτοῦ,
2599 2735 2925 2805 ἀκυρούσθω
2953 2734 3011 2788 δὲ
3033 2733 3129 2787 καὶ
3174 2734 3207 2802 ὴ
3261 2729 3492 2799 τοιαύτη
3532 2727 3773 2791 ἐκδοσις.

2248 2828 2322 2901 γ’.
2372 2830 2478 2884 Τὸν
2522 2827 2791 2900 διηνεκῶς
2838 2825 3321 2898 ἐμφυτευσάμενον
3350 2823 3461 2876 δεῖν
3489 2820 3550 2874 re
3582 2822 3777 2874 ἐνιαυ-

2181 2927 2354 2980 σιαῖον
2403 2923 2783 2993 ἀδιαστρὸφως
2838 2919 3200 2975 καταϐάλλειν
3239 2917 3503 2988 τέλεσμα,
3562 2912 3659 2968 καὶ
3689 2915 3776 2976 εἰς

2179 3018 2281 3090 τὴν
2308 3015 2403 3071 τοῦ
2456 3017 2717 3087 ἀκινήτου
2769 3013 2980 3069 δικαίου
3027 3010 3350 3080 ἀγωνιῶντα
3404 3008 3674 3063 σύστασίν
3711 3025 3776 3061 τε

478 3107 696 3165 colendi
752 3121 918 3164 causa
972 3105 1173 3161 virium
1237 3105 1647 3161 contentionem
1688 3103 1950 3170 adhibet,
2002 3100 2072 3158 ab

2191 3112 2280 3165 καὶ
2335 3108 2679 3180 ἐπιμέλειαν,
2736 3106 2810 3178 μὴ
2841 3104 3225 3160 ἀποκινεῖσθαι
3247 3104 3313 3156 ἐκ
3368 3102 3468 3171 τῆς
3512 3099 3777 3170 τοιαύτης

472 3197 747 3267 ejusmodi
789 3195 1150 3255 conductione
1188 3210 1296 3252 non
1341 3203 1688 3251 removeatur
1720 3212 1735 3250 :
1766 3193 1865 3250 sed
1909 3192 2070 3249 liceat

479 3299 537 3347 et
567 3291 658 3361 jus
690 3289 810 3346 talis
836 3287 1211 3359 empbyteusis
1242 3288 1548 3344 hazredibus
1574 3287 1690 3343 suis
1733 3285 2066 3356 relinquere,

474 3384 708 3451 donare,
742 3382 798 3438 in
824 3382 1010 3440 dotem
1037 3378 1190 3446 dare,
1224 3378 1306 3434 vel
1350 3379 1457 3436 alio
1486 3380 1649 3435 modo
1681 3377 1934 3449 quopiam
1967 3376 2072 3432 hoc

477 3474 576 3531 alii
605 3476 821 3544 cedere,
861 3489 928 3531 ac
968 3473 1204 3529 vendere
1239 3485 1254 3523 :
1301 3472 1461 3528 modo
1503 3467 2071 3541 scilicctprwlationis

479 3581 668 3632 causa,
717 3581 814 3637 per
864 3563 1285 3622 adtestationem
1349 3562 1573 3620 domino
1611 3560 1899 3634 principali
1943 3570 2071 3614 ante

479 3657 850 3713 venditionem
877 3655 1171 3711 emendum
1208 3653 1524 3724 hujusmodi
1551 3653 1644 3725 jus
1675 3651 1950 3707 exhibeat.
1974 3648 2071 3705 illo

477 3762 613 3805 vero
636 3749 970 3819 emptionem
1000 3756 1312 3814 recusante,
1364 3746 1484 3803 sine
1528 3744 1639 3800 ullo
1681 3743 2071 3812 impedimento

478 3848 605 3908 post
641 3852 860 3895 menses
895 3839 1034 3894 duos
1068 3838 1137 3894 ab
1168 3839 1554 3913 exbortatione
1601 3835 1670 3891 ad
1708 3835 1858 3891 illum
1887 3834 2031 3890 facta
2053 3873 2070 3900 ,

480 3930 733 3999 personis
772 3945 879 3986 non
894 3929 1192 4000 prohibitis
1218 3937 1274 3984 et
1293 3926 1725 3994 meliorationes,
1760 3937 1815 3983 et
1845 3927 2073 3997 empby-

481 4022 655 4078 teusis
681 4021 947 4093 ejusmodi
977 4022 1068 4093 jus
1104 4023 1222 4093 ipse
1255 4020 1471 4077 vendat.

552 4199 610 4254 4.
647 4200 757 4257 Res
784 4200 1094 4258 immobiles
1123 4216 1403 4259 sacrarum
1439 4200 1825 4268 ecclesiarum,
1850 4199 2074 4271 religio-

480 4308 669 4350 sarum
702 4296 963 4351 domuum
984 4332 1001 4361 ,
1031 4304 1129 4351 aut
1163 4290 1647 4359 monasteriorum,
1685 4303 1781 4351 aut
1813 4293 2075 4362 collegio-

483 4403 627 4456 rum,
664 4389 885 4461 (quibus
911 4389 1078 4445 rebus
1107 4397 1544 4445 annumerantur
1570 4397 1628 4444 et
1668 4388 1875 4444 rustica
1912 4402 2072 4442 mau-

2180 3203 2471 3270 ἐκδόσεως,
2507 3201 2624 3256 ἀλλ’
2654 3200 2854 3266 ἐξεῖναι
2882 3198 3032 3269 αύτῷ
3063 3198 3125 3251 τδ
3153 3197 3361 3251 δίκαιον
3385 3196 3485 3266 τῆς
3515 3192 3776 3261 τοιαύτης

2180 3295 2571 3370 ἐμφυτεύσεως
2596 3292 2957 3366 κληρονόμοις
2979 3289 3437 3361 καταλιμπάνειν,
3455 3283 3769 3357 δωρεῖσθαι,

2178 3391 2277 3444 καὶ
2302 3386 2623 3462 ἐμπροίκως
2653 3385 2735 3459 [ἐν
2763 3382 2976 3457 προικὶ]
3011 3381 3325 3447 ἐπιδιδόναι,
3360 3379 3393 3450 ἢ
3423 3378 3547 3434 καθ’
3583 3377 3775 3448 ἕτερον

2178 3481 2379 3551 τρόπον
2412 3479 2809 3551 μετεκχωρεῖν,
2847 3477 2946 3530 καὶ
2973 3474 3421 3542 διαπιπράσκειν,
3462 3470 3551 3525 διὰ
3579 3468 3778 3541 προτί-

2182 3587 2354 3642 μησιν
2409 3572 2476 3623 ἐκ
2521 3566 2926 3639 διαμαρτυρίας
2987 3564 3236 3636 δηλονότι
3286 3562 3367 3634 τῷ
3425 3559 3780 3633 πρωτοτύπῳ

2187 3664 2433 3738 δεσπότῃ
2469 3663 2577 3734 πρδ
2626 3660 2979 3732 διαπράσεως
3030 3656 3331 3728 παρέχοντι
3369 3654 3500 3709 αύτδ
3527 3653 3778 3706 τοιοῦτον

2179 3757 2498 3828 ὠνήσασθαι
2520 3755 2748 3811 δίκαιον.
2783 3752 3028 3807 Ἐκείνου
3044 3750 3101 3804 δὲ
3123 3748 3198 3819 μὴ
3222 3746 3573 3819 βουλομένου,
3592 3745 3779 3813 ἀπαρ-

2179 3851 2525 3922 εμποδίστως
2578 3851 2717 3922 μετὰ
2763 3847 2858 3902 δύο
2913 3847 3090 3919 μῆνας
3135 3843 3235 3914 τῆς
3293 3840 3484 3895 τούτου
3540 3854 3782 3910 προτρο-

2182 3945 2292 4016 πῆς
2325 3945 2668 4015 πιπράσκειν
2700 3942 2864 3998 αὐτὸν
2894 3942 3008 4003 τοῖς
3048 3937 3124 4011 μὴ
3169 3934 3570 4005 κεκωλυμένοις
3598 3947 3782 4001 προσ-

2180 4037 2348 4101 ώποις
2378 4039 2447 4091 τά
2474 4054 2532 4088 τε
2555 4036 2922 4107 ἐμπονήματα
2950 4030 3049 4088 καὶ
3090 4034 3150 4084 τὸ
3178 4029 3280 4101 τῆς
3312 4024 3565 4096 τοιαύτης
3595 4024 3782 4093 ἐμφυ-

2181 4128 2423 4191 τεύσεως
2450 4127 2678 4182 δίκαιον.

2255 4218 2319 4276 δ’.
2382 4219 2465 4273 Τὰ
2511 4219 2746 4291 ἀκίνητα
2793 4216 2906 4271 τῶν
2957 4213 3121 4288 ἱερῶν
3176 4208 3508 4282 ἐκκλησιῶν,
3558 4204 3780 4275 εὒαγῶν

2181 4307 2368 4374 οἴκων,
2433 4306 2468 4378 ἢ
2533 4307 2936 4379 μοναστηρίων,
2982 4308 3016 4378 ἦ
3043 4304 3409 4374 συστημάτων
3447 4300 3780 4371 πράγματα,

2182 4397 2270 4467 οἷς
2303 4401 2721 4474 συναριθμεῖται
2758 4403 2854 4456 καὶ
2901 4401 2971 4454 τὰ
2998 4397 3284 4471 γεωργικὰ
3316 4393 3654 4468 ἀνδράποδα,
3684 4393 3782 4445 καὶ

478 4482 645 4553 eipia)
705 4484 945 4553 itemque
995 4494 1288 4541 structum
1349 4484 1593 4551 urbanae,
1644 4483 1792 4538 nullo
1841 4482 2001 4537 modo
2044 4495 2072 4534 a

2191 4496 2284 4561 τὰς
2321 4495 2607 4559 πολιτικὰς
2633 4494 2962 4561 ἐπικτίσεις,
3021 4494 3144 4549 κατ’
3195 4492 3389 4547 οὐδένα
3445 4489 3650 4561 τρόπον
3691 4488 3783 4540 ἐκ-

484 4588 760 4646 quoquam
824 4576 1172 4644 alienentur;
1239 4577 1572 4646 imperatore
1630 4573 1751 4631 solo
1814 4583 2072 4644 excepto,

478 4677 709 4737 propter
725 4681 865 4723 usus
894 4669 1260 4725 necessarios.

555 4750 699 4824 Fiat,
743 4758 948 4828 inquit,
998 4760 1358 4829 immobilium
1408 4774 1591 4816 rerum
1633 4772 1917 4815 sacrarum
1962 4771 2078 4813 ent-

481 4851 769 4923 pbyteusls
802 4854 1150 4923 temporaria,
1188 4868 1362 4924 usque
1392 4855 1458 4908 ad
1491 4865 1703 4923 tempus
1744 4850 2076 4918 vita‘illius,

416 4976 423 4987 ι
482 4945 579 5013 qui
617 4944 979 5014 conduxerit,
1004 4954 1062 5001 et
1098 4946 1396 5003 liberorum
1441 4946 1633 5016 ipsius,
1678 4953 1736 5001 et
1779 4954 2076 5016 nepotum,

446 5106 449 5109 _
487 5045 650 5105 atque
689 5037 858 5093 etiam
893 5038 1084 5101 uxoris
1129 5039 1272 5108 ejus,
1320 5038 1592 5109 siquidem
1642 5037 1720 5094 ita
1759 5036 2081 5093 convenerit

487 5142 939 5200 expressemum
964 5132 1279 5189 conditione
1321 5143 1488 5188 sextae
1528 5132 1701 5204 partis
1732 5130 1949 5203 pristini
1989 5144 2080 5186 rc-

487 5223 632 5280 ditus
668 5225 959 5282 solvendae.

558 5315 612 5371 5.
655 5315 1051 5386 Eeclesiarum,
1091 5324 1148 5373 et
1177 5315 1575 5373 venerabilius:
1610 5314 1901 5373 domorum
1932 5315 2080 5371 sub-

489 5410 730 5478 urbana,
762 5427 873 5468 non
906 5413 976 5468 ad
996 5425 1308 5483 proventus
1338 5425 1433 5468 eos
1464 5412 1734 5475 locentur,
1773 5410 1864 5481 qui
1902 5409 2082 5465 adhuc

490 5514 823 5575 supersunt:
853 5506 950 5560 sed
988 5510 1227 5577 oportet,
1277 5520 1465 5561 eorum
1519 5505 1883 5560 aestimatione
1916 5504 2080 5570 facta,

490 5604 755 5663 quantum
817 5596 1115 5653 suburbani
1171 5597 1463 5654 aestimatio
1517 5582 1754 5654 reditum
1825 5597 2084 5669 colligere

491 5696 686 5755 potest,
720 5689 773 5743 in
804 5704 979 5747 annos
1013 5689 1115 5746 XX
1140 5691 1338 5759 divisa,
1372 5699 1582 5747 tantum
1612 5702 1674 5748 ut
1714 5702 2008 5763 proventus
2040 5692 2086 5747 is

499 5777 816 5849 'iipuletur,
854 5784 945 5853 qui
993 5786 1371 5859 emphytettsin
1418 5790 1534 5857 ejus
1574 5794 1899 5857 accepturus
1944 5795 2084 5861 est”:

2179 4586 2476 4651 ποιεῖσθαι,
2513 4585 2655 4659 πλὴν
2686 4587 2836 4672 μόνῳ
2870 4586 3101 4659 βασιλεῖ,
3129 4584 3198 4642 δι’
3225 4584 3533 4654 ἀναγκαίας
3560 4579 3778 4653 χρείας.

2254 4774 2528 4845 Γενέσθω,
2575 4773 2765 4845 φησιν,
2796 4772 3076 4843 ἀκινήτων
3108 4768 3403 4843 ίερατικῶν
3431 4765 3782 4840 πραγμάτων

2183 4868 2521 4938 πρόσκαιρος
2546 4863 2883 4936 ἐμφύτευσις
2920 4862 3084 4936 μέχρι
3114 4861 3211 4933 τῆς
3249 4859 3396 4931 ζωῆς
3448 4857 3544 4912 τοῦ
3594 4861 3782 4928 ἐμφυ-

2181 4958 2553 5030 τευσαμένου,
2607 4957 2703 5011 καὶ
2738 4957 2849 5010 τῶν
2894 4955 3103 5009 παίδων
3129 4952 3321 5018 αὐτοῦ,
3356 4949 3454 5006 καὶ
3512 4950 3778 5019 ἐκγόνων,

2183 5051 2322 5106 ἀλλά
2356 5047 2466 5122 μὴν
2497 5050 2593 5103 καὶ
2626 5049 2875 5121 γαμετῆς
2921 5046 3136 5119 ἀνδρὸς,
3171 5046 3219 5099 εί
3263 5045 3444 5117 ῥητῶς
3472 5041 3630 5098 τοῦτο
3657 5058 3782 5094 συν-

2185 5142 2497 5214 εφώνησαν,
2527 5141 2625 5213 τῆς
2649 5142 2816 5213 ἐκτης
2863 5139 3059 5211 μοίρας
3110 5136 3481 5210 κομιζομένης
3523 5135 3625 5205 τῆς
3674 5136 3782 5205 ἀρ⁶

2183 5234 2353 5307 χαὶας
2382 5233 2674 5304 προσόδου.

2257 5323 2322 5381 ε’.
2380 5326 2464 5379 Τὰ
2509 5325 2620 5379 τῶν
2667 5322 3000 5396 ἐκκλησιῶν,
3032 5322 3131 5377 καὶ
3160 5320 3377 5376 σεπτῶν
3424 5320 3591 5373 οἴκων
3645 5336 3783 5389 προ-

2187 5417 2402 5484 άστεια,
2436 5417 2512 5489 μὴ
2534 5417 2671 5488 πρὸς
2705 5416 2806 5488 τὴν
2828 5414 3148 5487 σωζομένην
3177 5412 3576 5469 ἐκδιδόσθωσαν
3606 5410 3783 5480 πρόσ-

2185 5511 2325 5578 οδον,
2350 5511 2489 5565 ἀλλὰ
2519 5511 2602 5564 δεῖ
2628 5509 2725 5581 τῆς
2758 5510 3035 5582 τιμήσεως
3064 5508 3273 5565 τούτων
3302 5507 3617 5576 γινομένης,
3644 5503 3782 5575 ὅσην

2188 5604 2448 5673 συνάγειν
2498 5602 2722 5658 δύναται
2769 5602 3033 5675 πρόσοδον
3067 5605 3100 5672 ἡ
3148 5600 3480 5671 ἀποτίμησις
3510 5596 3606 5651 τοῦ
3638 5613 3784 5668 προ‹

2189 5697 2426 5764 αστείου,
2454 5698 2535 5760 εἰς
2578 5693 2825 5749 εἰκοστὸν
2864 5695 2985 5757 ἔτος
3026 5693 3405 5765 διαιρουμένη,
3444 5692 3719 5764 τοσαύτην
3753 5694 3784 5745 ὁ

2194 5786 2405 5856 μέλλων
2459 5787 2607 5856 αύτῷ
2660 5785 2841 5862 [αὐτὸ]
2922 5785 3324 5857 ὲμφυτεύεσθν
3394 5783 3785 5853 ἐπερωτᾶσθαι
