4050 6416
277 340 376 404 δὶθ

1549 328 1945 396 DELECTUS
1983 325 2272 388 LEGUM.

3441 315 3566 378 530"

280 455 570 527 πρόσοδον,
593 455 848 510 τουτέστι
875 455 935 507 τὸ
965 452 1211 507 εἰκοστὸν
1241 451 1405 524 μέρος
1434 451 1534 523 τῆς
1563 451 1858 522 γινομένης

1970 446 2064 499 boc
2089 449 2194 508 est,
2231 436 2501 510 promittit
2521 435 2898 506 empliyteuta,
2924 431 3316 488 sevicesimam
3340 439 3548 500 partem

274 551 658 620 ὃιατιμήσεως
683 550 780 602 τοῦ
817 547 1147 618 προαστείου
1177 545 1670 618 προσομολογεῖται
1703 544 1732 597 ὁ
1763 546 1864 614 έμ-

274 641 552 711 φυτευτὴς
580 641 666 704 είς
691 639 917 708 ὲτησίαν
941 636 1206 707 παρέχειν
1229 635 1516 707 πρόσοδον.

348 733 428 800 ς’.
465 734 526 786 '0
547 732 827 802 τολμήσας
853 729 1110 800 ἀκίνητον
1153 727 1426 798 ἱερατικὸν
1465 729 1702 799 πρᾶγμα
1736 724 1866 793 ἀγοο

277 827 473 898 ρξισαι,
506 823 620 876 τῶν
655 820 984 892 τιμημάτων
1014 819 1109 873 καὶ
1151 817 1246 871 τοῦ
1269 817 1596 887 πράγματος
1624 817 1863 870 ἀποστε-

270 923 474 991 ρεῖται,
498 915 779 976 ἀναδιδοὺς
802 914 1044 977 καὶτοὺς
1065 913 1313 984 καρποὺς
1337 911 1430 964 τοῦ
1460 911 1625 982 μέσου
1642 907 1862 980 χρόνον

268 1011 381 1065 τῶν
405 1007 833 1078 πιπρασκόντων
853 1005 1152 1074 οἰκονόμων
1181 1021 1262 1069 τε,
1289 1003 1385 1056 καὶ
1410 1001 1718 1072 διοικητῶν,
1741 1001 1862 1065 ταῖς

269 1104 485 1164 ποιναῖς
511 1097 968 1168 ὑποῦαλλομένων
1002 1099 1102 1167 τῆς
1131 1095 1428 1162 διατάξεως
1453 1094 1704 1157 Λέοντος.

339 1192 410 1256 ζ’.
459 1192 520 1245 '0
553 1192 694 1245 κατὰ.
725 1189 936 1260 δωρεὰν
964 1188 1167 1253 λαϐὼν,
1193 1187 1342 1258 πρὸς
1376 1185 1456 1256 τῷ
1511 1185 1586 1257 μὴ
1617 1183 1858 1239 ἁπολαῦ·

273 1304 363 1338 σαι
399 1283 496 1336 τοῦ
531 1281 893 1356 δωρηθέντος,
929 1281 1024 1334 καὶ
1062 1280 1248 1351 ἕτερον
1300 1277 1684 1349 παραπλήσιον
1714 1276 1858 1329 ἁπο-

270 1381 457 1432 δὼσει.
499 1377 558 1432 '0
591 1376 715 1430 κατ’
745 1375 1049 1447 ἐναλλαγὴν
1075 1373 1441 1445 κτησάμενος,
1481 1373 1576 1424 καὶ
1607 1369 1637 1423 δ
1666 1368 1856 1424 ἔλαϐεν

273 1472 569 1541 ἀποδώσει,
593 1471 686 1524 καὶ
723 1468 819 1524 τοῦ
849 1467 1100 1530 δοθέντος
1131 1467 1465 1520 ἐκπεσεῖται.

861 1650 1114 1704 ΤΙΤΛΟΣ
1133 1645 1264 1703 KE'.

799 1740 940 1810 Περὶ
968 1737 1342 1810 μισθώσεω.

1971 534 2090 603 eius
2119 533 2301 604 pretii,
2333 545 2442 602 quo
2469 528 2842 585 suburbanum
2869 523 3194 590 aestimatur,
3218 520 3423 576 reditus
3447 537 3550 576 an-

1970 628 2064 683 nui
2097 625 2316 681 nomine
2349 630 2754 694 praestaturum.

2043 720 2096 776 6.
2127 717 2228 786 Qui
2262 730 2446 772 emere
2477 713 2643 767 fuerit
2683 724 2847 764 ausus
2885 722 3000 763 rem
3040 720 3250 762 sacram
3298 703 3550 758 immobi-

1972 811 2099 876 lem,
2132 818 2238 864 tam
2273 807 2469 878 pretio,
2499 819 2662 875 quam
2694 803 2810 871 ipsa
2829 816 2893 856 re
2915 800 3180 869 privatur,
3213 795 3377 850 etiam
3411 803 3550 849 tem-

1969 903 2118 974 poris
2146 897 2451 956 intermedii
2485 896 2694 950 fructus
2721 892 2955 948 reddens
2988 905 3002 942 :
3037 887 3400 943 vendentibus
3427 899 3549 938 eam

1971 1007 2082 1050 tam
2121 989 2447 1053 mconomis,
2478 1002 2641 1058 quam
2685 980 3246 1043 administratoribus,
3281 979 3551 1032 constitu-

1969 1087 2132 1142 tionis
2166 1083 2422 1139 Leontina:
2453 1078 2629 1149 pmnis
2654 1073 3030 1145 subiiciendis.

2037 1179 2090 1232 7.
2123 1175 2224 1243 Qui
2251 1173 2408 1228 titulo
2428 1169 2740 1226 donationis
2775 1167 3024 1223 eamdem
3075 1161 3362 1229 acceperit,
3399 1171 3549 1243 prte-f

1967 1242 2213 1332 terquam
2247 1263 2392 1335 quod
2422 1277 2481 1317 re
2519 1262 2718 1314 deusta
2764 1271 2870 1311 non
2927 1253 3154 1314 fruetur,
3192 1249 3356 1303 etiam
3401 1242 3549 1296 aliud

1966 1357 2223 1426 quiddam
2252 1353 2400 1423 paris
2425 1346 2808 1407 aestimationis
2837 1346 3034 1400 solvet.
3063 1341 3163 1408 Qui
3191 1338 3406 1392 nomine
3428 1348 3549 1403 per-

1965 1425 2284 1503 mutationis
2307 1440 2683 1514 adquisiverit,
2713 1446 2823 1493 tam
2851 1436 2994 1504 quod
3020 1425 3547 1503 acceperit,treddet,

1964 1552 2127 1608 quam
2157 1551 2247 1603 eo,
2279 1535 2422 1605 quod
2446 1531 2678 1596 dederit,
2712 1527 2948 1583 excidet.

2497 1635 2798 1695 TITULUS
2845 1631 3014 1690 XXV.

2246 1734 2325 1789 De
2357 1731 2700 1787 locationibus
2729 1738 2778 1783 et
2809 1720 3262 1780 conductionibus.

356 1835 422 1891 a'.
455 1835 520 1889 Ai
554 1833 852 1906 μισθώσεις
877 1807 1166 1903 τέγγραφοί
1216 1847 1277 1882 τε
1328 1827 1422 1882 καὶ
1470 1826 1709 1898 ἄγραφοι
1769 1827 1863 1881 ἐπὶ

2043 1833 2094 1886 l.
2131 1827 2452 1884 Locationes
2482 1833 2591 1880 tam
2633 1822 2690 1876 in
2736 1818 2974 1888 scriptis,
3013 1829 3173 1885 quam
3221 1812 3358 1866 citra
3413 1810 3551 1864 scri-

278 1927 566 2000 όνομαστῷ
613 1927 932 1995 ὲνιαυσιαίῳ
967 1920 1415 1994 συμφωνουμένῳ
1445 1919 1742 1990 τελέσματι
1772 1921 1867 1973 καὶ

273 2020 442 2075 αὑταὶ
474 2018 839 2088 γενέσθωσαν,
869 2017 1001 2088 παρ’
1025 2016 1232 2086 ἑτέρων
1256 2011 1620 2085 [περαιτέρω]
1643 2011 1754 2065 τῶν
1785 2011 1866 2066 κθν

271 2113 493 2184 χρόνων
521 2113 598 2183 μὴ
635 2112 1034 2180 ὲκτεινόμεναι,
1085 2109 1196 2162 εἴτε
1244 2107 1337 2161 ἐπὶ
1369 2105 1864 2177 ὲκκλησιαστικῶν,

271 2208 386 2260 εἴτε
417 2204 515 2258 τοῦ
549 2204 750 2276 μέρους
773 2202 868 2257 τοῦ
908 2201 1195 2272 δημοσίου,
1231 2199 1264 2270 ἢ
1303 2198 1586 2269 βασιλικοῦ
1622 2200 1794 2264 οἴκου,
1828 2198 1862 2269 ἢ

269 2296 513 2366 εὐαγοῦς
552 2298 742 2362 τόπου,
800 2295 1118 2366 κτημάτων,
1178 2292 1418 2363 χωρίων,
1459 2290 1668 2362 ἀγρῶν,
1705 2291 1738 2362 ἢ
1772 2291 1866 2344 ἐπὶ

267 2390 487 2444 λοιπῶν
513 2387 848 2444 αἱτοιαῦται
877 2387 1118 2449 ἐκδόσεις
1159 2384 1450 2454 γένωνται,
1486 2383 1582 2437 καὶ
1625 2383 1763 2455 πρὸς
1804 2382 1866 2436 τὸ

270 2482 647 2552 συμφωνηθὲν
669 2483 733 2534 ὲκ
757 2479 850 2534 τοῦ
883 2478 1364 2549 ὲκλαμϐανομένου
1407 2477 1501 2532 καὶ
1531 2478 1867 2548 όμολογηθὲν

272 2576 616 2628 ἐνιαυσιαῖον
640 2572 974 2644 μισθωτικὺν
996 2572 1236 2642 τέλεσμα
1262 2569 1415 2641 παρὰ
1442 2569 1539 2623 τοῦ
1567 2570 1865 2624 έκδεδωκό·

270 2682 389 2728 τος.
423 2665 593 2718 ’Ὥστε
620 2663 717 2716 τοῦ
757 2661 1242 2732 ὲκλαμδανομένου
1283 2659 1736 2730 μεταμελοῦντος,
1765 2658 1866 2730 τὴν

277 2757 552 2826 μίσθωσιν
587 2756 736 2818 ἐντὸς
770 2753 1020 2809 ἐνιαυτοῦ
1056 2750 1467 2824 προστίθεσθαι,
1493 2750 1589 2805 ἐὰν
1615 2751 1680 2805 ἐκ
1727 2768 1866 2822 συμ-

275 2850 463 2918 φώνου
493 2851 623 2920 περὶ
651 2848 841 2903 τούτου
867 2847 1128 2918 ὀνομαστὶ
1150 2844 1510 2909 ἁπετόιξαντο.

349 2943 414 3011 β’.
463 2942 591 2996 Ἐὰν
621 2941 984 3012 συμφωνηθῇ,
1035 2939 1162 3001 τοὺς
1214 2938 1667 3009 μισθωσαμένους
1713 2933 1865 2992 οἷκον

281 3033 520 3097 ἀϐλαϐὲς
551 3034 700 3102 ἔχειν
733 3031 868 3103 πῦρ,
901 3032 998 3087 καὶ⁹
1020 3030 1239 3103 τυχηρὰ
1267 3031 1494 3101 γένηται
1524 3028 1742 3096 καῦσις,
1763 3030 1866 3084 οὐκ

284 3125 527 3194 ἐνέχεται
585 3125 614 3177 ό
671 3123 1131 3194 μισθωσάμενος·
1177 3123 1226 3176 εί
1273 3122 1331 3176 δὲ
1391 3120 1532 3176 κατὰ
1588 3120 1864 3192 ῥαθυμίαν

277 3217 442 3272 αὑτοῦ
480 3217 705 3288 συνέση,
738 3216 1003 3286 ἐνέχεται.

344 3316 416 3378 γ’.
499 3308 558 3362 Ὀ
617 3308 1033 3379 μισθωσάμενος
1083 3307 1322 3378 ἀγέλην,
1382 3310 1478 3363 ἐὰν
1516 3307 1726 3378 δειχθῇ,
1781 3309 1863 3362 ὅτι

275 3401 449 3471 χωρὶς
480 3399 649 3453 αὐτοῦ
682 3400 878 3472 λῃσταὶ
905 3399 1076 3469 αὐτὴν
1103 3400 1408 3468 ἀφείλοντο,
1437 3401 1536 3454 οὐκ
1579 3400 1824 3470 ἐνέχεται
1845 3417 1858 3430 ·

275 3494 419 3548 ἀλλὰ
448 3492 870 3564 λαμϐάνειτοὺς
908 3491 1140 3564 μισθοὺς
1171 3492 1266 3546 τοῦ
1298 3493 1624 3563 λειπομένου
1647 3495 1861 3564 χρόνον.

351 3673 417 3727 δ’.
479 3672 604 3726 Ἐάν
651 3672 851 3745 εὑρεθῇ
912 3671 1118 3744 ποιμὴν
1171 3672 1440 3744 μισθωτὸς
1490 3671 1747 3743 ἁμέλγων
1795 3673 1866 3726 τὰ

283 3765 614 3835 βοσκήματα
658 3765 834 3836 λάθρα
867 3765 976 3818 τῶν
1026 3765 1234 3836 κυρίων
1291 3763 1486 3833 αὐτοῦ,
1531 3764 1865 3836 τυπτόμενος

287 3855 404 3909 τῶν
430 3855 628 3926 μισθῶν
655 3856 839 3911 αὐτῶν
871 3856 1189 3925 στερείσθω.

361 3945 423 4000 ε’.
471 3946 526 3999 ’0
549 3947 772 4018 ποιμὴν,
797 3947 891 4001 καὶ
934 3947 964 4000 ό
996 3945 1231 4019 ράπτης,
1259 3945 1355 4000 καὶ⁵
1400 3947 1430 3999 ό
1459 3948 1722 4016 γναφεὺς,
1757 3945 1866 4001 ἀπὸ

276 4039 559 4111 ῥᾳθυμίας
583 4040 850 4110 ἐνέχεται.

349 4131 428 4196 ς’.
469 4132 599 4187 Ἐὰν
621 4132 914 4205 μυόϐρωτα
935 4131 1215 4200 γίνωνται,
1243 4131 1276 4202 ἧ
1302 4131 1528 4188 κολύσια
1559 4131 1866 4205 [σκωληκό-

273 4219 519 4292 Epona],
546 4221 580 4292 ἢ
613 4219 804 4292 ἕτερον
831 4220 926 4275 τοῦ
951 4220 1143 4292 ἑτέρου
1176 4221 1550 4292 παρασχισθῇ,
1582 4219 1865 4283 ὡσαύτως.

271 4312 391 4366 Καὶ
418 4313 449 4365 ό
477 4313 748 4381 γναφεὺς,
778 4311 877 4366 ἐὰν
907 4311 1250 4385 συμφωνηθῇ
1294 4311 1370 4384 μὴ
1413 4311 1559 4384 ἔχειν
1594 4311 1728 4382 πῦρ,
1773 4312 1868 4366 καὶ

269 4404 404 4472 σχῇ,
446 4401 720 4471 ἐνέχεται.
739 4449 769 4456 -

1968 1928 2184 1991 pturam
2217 1925 2271 1971 et
2310 1915 2441 1986 ipsae
2487 1912 2590 1968 sub
2626 1922 2882 1979 expressa
2924 1903 3244 1960 nominatim
3288 1901 3550 1970 pensione

1967 2027 2172 2076 annua,
2209 2009 2275 2064 de
2297 2024 2402 2080 qua
2433 2003 2777 2068 convenerit,
2810 2001 2978 2066 ﬁant,
3014 1998 3158 2052 ultra
3179 1993 3349 2052 XXIX
3378 2006 3551 2047 annos

1967 2116 2026 2156 se
2051 2114 2157 2154 non
2181 2096 2563 2160 extendentes,
2587 2093 2705 2148 sire
2733 2091 2786 2146 in
2820 2102 3001 2143 rerum
3031 2083 3548 2144 ecclesiasticarum,

1967 2209 2061 2251 seu
2093 2192 2234 2258 ﬁsci,
2267 2206 2363 2246 seu
2402 2191 2598 2245 domus
2638 2185 2958 2257 augustalis,
3012 2196 3108 2237 seu
3149 2179 3251 2234 loci
3303 2175 3548 2246 reiigiosi

1966 2281 2427 2354 possessionibus,
2461 2277 2700 2348 praediis.
2736 2275 2943 2340 fundis,
2972 2281 3066 2327 aut
3101 2273 3153 2326 in
3193 2271 3315 2325 aliis
3355 2268 3550 2338 hujus-

1967 2375 2110 2430 tnodi
2141 2372 2445 2431 locationes
2471 2379 2526 2425 et
2549 2368 2941 2424 conductiones
2965 2365 3116 2429 ﬂant,
3137 2363 3203 2417 ad
3231 2360 3565 2430 stipulatam-

1967 2482 2000 2521 α
2033 2468 2402 2530 conductore,
2441 2461 2810 2530 locatorisque
2852 2472 3123 2513 consensu
3182 2453 3544 2524 approbatum

1966 2559 2281 2630 pensionem
2331 2570 2567 2611 annuam
2610 2550 3004 2610 conductitiam
3055 2564 3069 2600 :
3105 2548 3181 2601 ita
3214 2547 3454 2615 quidem,
3492 2554 3554 2596 ut

1966 2653 2011 2708 si
2057 2651 2441 2708 conductorem
2480 2647 2600 2718 eius
2637 2642 2920 2716 poeniteat,
2961 2643 3103 2697 intra
3152 2638 3388 2708 spatium
3419 2637 3548 2689 anni

1967 2743 2382 2800 conductionem
2409 2741 2670 2811 resignet,
2695 2738 2854 2793 modo
2883 2738 2950 2793 de
2984 2736 3086 2791 hoc
3115 2734 3256 2789 inter
3276 2747 3339 2788 se
3365 2731 3546 2786 nomi-

1969 2837 2136 2891 natim
2163 2851 2231 2891 ex
2263 2844 2422 2906 pacto
2453 2832 2831 2888 convenerint.
3570 2900 3573 2902 _

2036 2930 2093 2983 2.
2137 2927 2192 2983 Si
2235 2926 2570 2990 convenerit,
2616 2931 2676 2978 ut
2712 2923 2904 2977 domus
2943 2919 3306 2976 conductores
3365 2914 3549 2982 ignem

1969 3021 2150 3077 damni
2191 3028 2470 3090 expertem
2499 3015 2768 3078 habeant,
2801 3021 2858 3067 et
2917 3010 3199 3066 fortuitum
3238 3007 3548 3063 incendium

1969 3113 2274 3172 exstiterit.
2312 3109 2613 3166 conductor
2655 3120 2762 3161 non
2804 3113 3058 3159 tenetur:
3089 3101 3174 3159 sin
3217 3099 3556 3171 negligentia.

1971 3204 2141 3274 ipsius
2169 3201 2453 3267 acciderit,
2479 3209 2720 3256 tenetur.

2039 3297 2092 3351 5.
2126 3295 2226 3362 Qui
2272 3288 2490 3366 gregem
2527 3292 2861 3364 pascendum
2897 3287 3244 3352 conduxerit,
3276 3286 3320 3340 si
3353 3286 3549 3354 proba-

1970 3397 2081 3442 tum
2109 3387 2293 3450 fuerit,
2315 3400 2439 3441 eum
2473 3385 2681 3454 absque
2713 3384 2814 3440 hoc
2839 3398 2869 3438 a
2908 3381 3210 3438 latronibus
3239 3379 3568 3446 abreptum,‘

1971 3497 2076 3536 non
2114 3490 2357 3545 tenetur;
2387 3478 2480 3533 sed
2511 3477 2818 3533 mercedem
2855 3473 3054 3545 reliqui
3101 3473 3362 3543 temporis
3399 3471 3550 3530 acci-

1969 3570 2068 3639 pit.

2039 3660 2092 3714 4.
2124 3658 2179 3714 Si
2204 3656 2571 3713 conductitios
2600 3665 2784 3724 pastor
2803 3655 3184 3726 deprehensus
3210 3652 3371 3707 fuerit
3403 3653 3544 3706 clam

1969 3751 2207 3807 dominis
2249 3749 2364 3805 suis
2413 3748 2654 3818 tnulgere
2698 3748 2958 3817 pecudes,
2993 3745 3311 3801 verberibus
3355 3759 3549 3809 Cissus,

1969 3845 2131 3900 etiam
2159 3844 2273 3913 ipse
2300 3843 2549 3898 mercede
2579 3841 2840 3910 privator.

2040 3938 2092 3993 5.
2127 3938 2345 4002 Pastor,
2379 3945 2434 3992 et
2465 3935 2792 4001 sa’rcinator,
2817 3942 2872 3989 et
2901 3931 3060 3998 fullo,
3088 3928 3428 4001 negligentiae
3459 3941 3552 3980 no-

1970 4029 2115 4084 mine
2156 4036 2427 4083 tenentur.

2041 4121 2096 4177 6.
2130 4120 2186 4176 Si
2218 4135 2248 4174 a
2278 4118 2525 4174 muribus
2554 4118 2907 4182 arrodantur,
2945 4124 3038 4172 aut
3071 4131 3101 4170 ει
3137 4114 3436 4179 vermibus,
3459 4121 3554 4165 aut

1970 4213 2202 4268 alterum
2237 4211 2307 4268 ab
2336 4211 2512 4267 altero
2540 4210 2897 4277 discindatur,
2925 4207 3151 4279 perinde
3170 4207 3301 4261 fullo
3319 4215 3553 4260 tenetur.

1969 4305 2283 4373 ldemJ‘ullo,
2302 4307 2347 4360 si
2376 4304 2714 4372 convenerit,
2739 4313 2797 4358 ut
2819 4305 2996 4372 ignem
3025 4300 3356 4363 nonhabcat,
3378 4307 3432 4352 ct
3455 4297 3554 4352 ba-

1970 4398 2151 4454 buerit
2171 4437 2186 4460 ,
2219 4404 2455 4453 tenetur.

346 4492 417 4566 ζξ.
465 4493 590 4548 Ἐάν
638 4494 780 4566 λάϐῃ
833 4512 919 4559 τις
975 4495 1072 4550 ἐπὶ
1109 4495 1170 4549 τὸ
1227 4495 1533 4566 ἐγκλεῖσαι,
1584 4496 1618 4566 ἥ
1668 4495 1866 4566 γλύψαι

2053 4489 2105 4542 7.
2144 4486 2201 4543 Si
2239 4502 2509 4558 gemmam
2541 4487 2664 4556 quis
2707 4483 3002 4554 acceperit,
3050 4491 3108 4537 ut
3142 4497 3263 4537 eam
3309 4480 3553 4535 includat

271 4583 492 4647 λιθέαν,
519 4585 614 4638 καὶ
640 4584 874 4657 κλασθῇ,
911 4588 962 4640 εί
987 4587 1087 4658 μὲν
1116 4588 1176 4654 ἐξ
1204 4587 1462 4658 ἀπειρίας
1482 4585 1578 4642 τοῦ
1603 4587 1872 4659 τεχνίτου,

270 4675 534 4746 ἐνέχεται
559 4691 574 4705 ·
606 4679 656 4729 ei
689 4677 748 4730 δὲ
779 4677 891 4732 ἀπὸ
920 4677 1101 4740 αἰτίας
1130 4678 1230 4748 τῆς
1264 4675 1419 4749 ὕλης,
1458 4679 1560 4733 οὐκ
1605 4678 1871 4749 ἐνέχεται,

271 4771 323 4822 εἰ
353 4768 433 4840 μὴ
463 4769 556 4822 τὸν
585 4767 834 4823 κίνδυνον
865 4769 1174 4836 ἀνεδέξατο.
1444 4794 1448 4798 ·

345 4857 416 4928 η’.
467 4858 596 4912 Ἐάν
619 4876 704 4922 τις
738 4858 1084 4930 μισθώσηται
1117 4858 1294 4923 κίονα,
1333 4859 1367 4930 ἢ
1406 4858 1584 4925 πίθον,
1621 4859 1655 4931 ἢ
1694 4859 1871 4927 ξύλον,

273 4949 308 5017 ἢ
341 4947 476 5002 ἄλλο
518 4949 780 5018 πρᾶγμα.
834 4949 914 5013 είς
950 4948 1013 5002 τὸ
1068 4951 1458 5020 μετακομίσαι,
1517 4952 1614 5004 καὶ
1660 4951 1872 5024 κλασθῇ

274 5043 336 5092 ἐν
382 5039 464 5110 τῷ
489 5039 870 5110 κουφίζεσθαι,
907 5040 940 5111 ἢ
987 5042 1044 5094 ἐν
1090 5041 1168 5112 τῷ
1217 5042 1598 5105 ἀποτίθεσθαι.
1638 5044 1740 5097 οὐκ
1787 5045 1874 5098 έν-

275 5133 487 5202 ἑχεται,
525 5133 573 5184 εί
607 5131 684 5202 μὴ
718 5131 827 5184 ἀπὸ
874 5131 1148 5203 ῥᾳθυμίας
1179 5132 1411 5200 οἰκείας,
1457 5132 1491 5203 ἢ
1531 5131 1640 5186 τῶν
1668 5133 1874 5202 ὑπουρι

274 5224 519 5291 γοῦντων
549 5222 720 5294 αὐτῷ.
929 5235 942 5258 ⁴

350 5313 418 5368 θ’.
465 5315 592 5368 Ἐὰν
620 5313 930 5385 παριόντων
988 5315 1360 5385 στρατιωτῶν,
1416 5315 1875 5386 παραχωρήσειό

281 5405 725 5475 μισθωσάμενος,
754 5407 848 5458 καὶ
885 5407 934 5460 oi
984 5407 1318 5477 στρατιῶται
1351 5407 1451 5470 τὰς
1483 5406 1705 5478 θυρίδας
1741 5406 1873 5477 [μυ-

283 5495 519 5566 pinax],
561 5495 595 5565 ἢ
629 5496 819 5566 ἕτερόν
845 5514 898 5550 τι
925 5498 1252 5568 ἀφέλωνται,
1295 5499 1408 5567 εῐγε
1444 5498 1744 5569 δυνάμενος
1772 5496 1873 5550 οὐκ

279 5582 588 5655 ἀπήγγειλε
642 5583 719 5654 τῷ
751 5585 1014 5656 δεσπότῃ,
1050 5587 1083 5657 ἢ
1122 5588 1422 5659 δυνάμενος
1464 5589 1565 5640 οὐκ
1613 5586 1868 5654 ἀντέστη,

283 5679 549 5747 ἐνέχεται.

357 5773 417 5822 ι’.
482 5766 544 5820 '0
577 5767 995 5836 μισθωσάμενος
1042 5770 1248 5835 ἄλογον
1268 5773 1344 5837 είς
1376 5771 1435 5826 τὸ
1496 5769 1766 5837 βαστάσαι
1815 5787 1864 5823 τι

1978 4590 2072 4636 aut
2107 4581 2356 4652 sculpat,
2397 4581 2443 4635 si
2474 4579 2646 4634 fracta
2689 4578 2853 4634 fuerit
2890 4577 3118 4632 artiﬁcis
3144 4575 3436 4645 imperitia,
3473 4584 3556 4628 te.

1979 4683 2137 4730 netur
2165 4691 2180 4730 :
2213 4675 2296 4728 sin
2340 4672 2578 4727 materiae
2603 4671 2755 4736 vitio,
2793 4685 2899 4726 non
2924 4678 3155 4735 tenetur,
3187 4668 3289 4724 nisi
3328 4667 3556 4739 pericu—

1977 4766 2085 4821 lum
2121 4766 2173 4820 in
2206 4781 2266 4821 se
2301 4765 2583 4835 receperit.

2049 4857 2101 4910 8.
2143 4855 2199 4911 Si
2228 4857 2312 4911 cui
2351 4855 2603 4910 columna
2643 4855 2815 4919 locata
2860 4853 3040 4920 fuerit,
3074 4862 3167 4909 aut
3196 4852 3432 4917 dolium,
3462 4865 3560 4907 aut

1977 4950 2204 5020 lignum,
2246 4949 2418 5004 aliave
2451 4964 2538 5004 res
2572 4949 2755 5018 aliquo
2784 4948 3228 5016 transportanda,
3271 4947 3554 5015 fractaque

1977 5042 2144 5098 luerit
2183 5043 2323 5098 inter
2377 5040 2796 5103 subievandum,
2844 5039 2930 5095 vel
2976 5039 3394 5109 deponendum,
3444 5051 3551 5093 non

1980 5146 2215 5202 tenetur,
2253 5136 2354 5192 nisi
2393 5149 2610 5202 exsua,
2648 5133 2728 5188 vel
2753 5149 2950 5204 operas
2977 5133 3084 5190 sibi
3117 5135 3427 5189 navantium
3462 5146 3560 5186 nc-

1977 5229 2256 5299 gligvntia.
3367 5208 3374 5214 ’

2046 5320 2100 5374 9.
2136 5318 2193 5372 Si
2243 5317 2506 5372 militibus
2551 5316 2979 5385 transeuntibus,
3023 5317 3372 5374 conductoris
3412 5330 3556 5384 pcr-

1977 5413 2145 5466 missu
2168 5411 2462 5476 fenestras,
2483 5419 2576 5464 aut
2595 5409 2799 5480 aliquid
2822 5411 2969 5466 aliud
3000 5411 3195 5465 milites
3211 5405 3555 5462 abstulerint:

1978 5505 2265 5575 siquidem,
2318 5518 2438 5556 cum
2503 5511 2722 5573 posset;
2758 5506 2808 5557 id
2838 5503 3060 5559 domino
3108 5515 3213 5555 non
3253 5497 3552 5559 nuntiavit,

1979 5607 2069 5648 aut
2099 5595 2178 5648 eis
2210 5611 2316 5648 non
2353 5594 2570 5661 restitit,
2611 5610 2732 5650 cum
2761 5602 2975 5663 posset,
3005 5600 3242 5646 tenetur.
3342 5659 3346 5664 ι

2056 5767 2134 5821 ιο.
2176 5766 2275 5832 Qui
2321 5763 2622 5835 juincntum
2661 5758 2918 5816 conduxit
2950 5757 3014 5814 ad
3051 5755 3229 5814 oneris
3255 5753 3391 5812 certi
3432 5767 3554 5826 ger
