4050 6430
467 310 567 376 531

1509 324 1929 388 CONSTANTI
1938 327 2019 389 NI
2039 320 2044 324 ’
2059 327 2746 394 PORPHYROGENITI

3625 338 3735 404 532

467 421 754 492 tationem,
801 426 846 482 si
887 426 1018 498 quid
1057 443 1216 501 aequo
1265 426 1486 505 gravius
1547 435 1892 508 imposuerit,
1941 455 2037 510 quc

2175 443 2330 514 ὶῆλον,
2358 445 2406 498 εἰ
2455 442 2756 518 βαρύτερον
2804 445 3073 518 ἐπιθήσει,
3139 447 3514 521 βλαπτομένου
3566 453 3740 508 αὐτοῦ

459 513 706 586 iumento
740 516 975 588 lmditur,
1001 537 1066 578 eo
1098 526 1319 581 nomine
1346 535 1575 584 tenetur.

537 605 626 660 ii:
669 605 938 665 Similiter
962 621 1014 666 et
1047 614 1113 680 is,
1149 615 1242 684 qui
1278 618 1540 672 conduxit
1587 621 1652 674 ad
1694 619 1870 677 locum
1913 623 2047 679 deii-

461 695 663 762 nitum,
693 706 748 754 et
784 699 1012 756 ulterius
1037 706 1230 773 pergit.

534 788 624 844 12.
657 790 759 857 Qui
807 793 998 848 bavem
1042 795 1273 867 alicujus
1315 814 1497 871 operae
1537 819 1702 860 causa
1765 802 2060 874 conduxit,

462 878 508 935 si
541 881 810 937 moriatur
845 884 898 939 in
931 899 996 940 eo
1023 885 1233 954 labore,
1265 891 1332 945 ad
1365 906 1528 963 quem
1565 895 1718 950 illum
1753 899 1930 968 petiit,
1958 901 2046 954 iu-

461 971 676 1028 domuis
722 983 840 1030 esto
876 993 890 1030 :
927 977 1010 1031 sin
1053 981 1358 1039 exstinctus
1403 984 1459 1040 in
1499 987 1608 1043 alio
1657 988 1821 1043 fuerit
1859 1003 2045 1062 opere,

459 1062 633 1119 solvet
653 1080 775 1120 eum
805 1067 856 1121 in
891 1069 1146 1126 solidum.
1639 1093 1642 1095 λ

449 1223 459 1231 _
534 1151 621 1208 15.
650 1153 752 1221 Qui
794 1171 982 1227 agrum
1027 1163 1392 1234 conduxerit,
1432 1176 1488 1224 et
1529 1180 1772 1242 tempore
1813 1173 2044 1228 necdum

458 1241 612 1299 ﬁnito
659 1245 866 1317 absque
925 1265 1092 1308 causa
1142 1256 1460 1328 reliquerit,
1508 1241 1828 1331 pensionem
1881 1265 2048 1320 totius

461 1338 722 1407 temporis
751 1341 932 1399 solvit.

530 1430 621 1485 M.
654 1431 757 1499 Qui
797 1436 876 1491 rei
908 1441 1252 1498 custodiendi
1279 1458 1445 1501 causa
1501 1449 1807 1505 mercedem
1873 1466 2043 1507 acce-

457 1522 624 1590 perit,
653 1527 914 1583 custodiae
941 1532 1243 1599 periculum
1285 1537 1338 1591 in
1378 1553 1438 1594 se
1464 1540 1676 1608 recipit.

527 1613 618 1669 15.
655 1613 758 1682 Qui
794 1616 947 1674 linito
976 1628 1217 1691 tempore
1246 1627 1644 1695 conductionis,
1673 1645 1786 1686 rem
1817 1647 1922 1687 non
1961 1647 2046 1687 rc-

455 1704 663 1773 stituit,
695 1719 750 1764 et
779 1709 951 1780 ipsam
983 1729 1119 1784 rem,
1150 1727 1205 1772 et
1243 1720 1662 1779 aestimationem
1696 1723 1816 1794 ejus
1847 1725 2040 1782 solvat.

529 1891 623 1948 16.
660 1874 874 1951 Omnis”
889 1899 1219 1972 redemptor,
1245 1906 1330 1961 vel
1360 1907 1688 1981 artifex,qui
1722 1924 1858 1980 opus
1873 1913 2040 1982 cepit,

456 1992 512 2038 et
550 1997 657 2039 non
702 1987 961 2055 absolvit,
1022 1993 1279 2052 damnum
1321 1999 1587 2071 integrum
1619 2012 1871 2073 praestet,
1908 2020 2040 2073 ,cum

455 2073 666 2132 scilicet
688 2080 994 2136 mercedem
1026 2098 1181 2140 suam
1213 2088 1428 2159 accipit.

526 2165 615 2221 17.
648 2165 742 2260 Sin
777 2184 986 2241 pauper
1011 2185 1115 2244 est,
1139 2187 1193 2234 et
1231 2180 1488 2237 damnum
1531 2195 1793 2254 praestare
1826 2188 2039 2260 nequit,

453 2257 777 2315 verberibus
806 2277 1001 2334 caesus,
1029 2269 1312 2340 relegator.

526 2349 614 2404 18.
653 2352 710 2407 Si
727 2359 1076 2414 caenaculum
1107 2362 1160 2418 in
1193 2381 1395 2422 annum
1433 2373 1693 2440 conduxi,
1724 2377 2039 2445 pensionem

454 2439 720 2512 integram
751 2449 924 2505 solvo.
959 2449 1110 2518 Quod
1134 2456 1177 2510 si
1201 2461 1492 2527 corruerit,
1523 2463 1687 2518 etiam
1711 2466 1857 2523 circa
1890 2485 2040 2525 men-

451 2550 567 2590 sem
598 2549 810 2596 sextum
831 2585 846 2609 ,
877 2546 1142 2615 reliquum
1177 2553 1454 2620 pensionis
1489 2557 1711 2628 recipio.

389 2620 403 2630 '
523 2629 610 2686 19.
635 2631 691 2688 Si
724 2648 962 2706 ereptum
994 2655 1131 2711 Opus
1156 2658 1185 2697 a
1214 2652 1374 2702 terra:
1403 2657 1550 2704 motu
1580 2620 1906 2710 concussum
1931 2655 2041 2714 iue-

451 2720 560 2792 rit,’
585 2728 828 2797 periculo
853 2732 904 2787 id
947 2734 1179 2792 locantis
1204 2750 1312 2795 est.

522 2817 614 2874 20.
647 2820 748 2887 Qui
796 2837 1012 2880 servum
1058 2828 1126 2884 ab
1175 2844 1236 2885 se
1273 2830 1506 2888 locatum
1560 2835 1706 2892 furto
1743 2837 2036 2907 subtrahit,

449 2909 579 2966 furti
623 2921 854 2970 tenetur.

523 3001 613 3057 21.
648 3002 704 3059 Si
731 3019 859 3062 ante
887 3008 1090 3068 factum
1132 3015 1431 3082 periculum
1481 3025 1822 3084 corruerit...
1857 3027 2034 3098 siqui-

2150 535 2422 607 ἐνέχεται.

2223 635 2312 684 ια’.
2359 630 2594 701 Ὀμοίως
2626 631 2720 687 καὶ
2755 636 2836 698 εἰς
2866 633 3175 706 ὡρισμένον
3199 634 3388 704 τόπον,
3435 636 3530 689 καὶ
3566 636 3741 708 ὕπερο

2149 720 2372 777 ϐαίνων.

2224 813 2310 883 ιβ’.
2355 815 2412 870 Ὀ
2441 816 2622 870 λαϐὼν
2653 817 2782 888 βοῦν
2813 818 2952 891 πρὸς
2985 819 3275 890 ἐργασίαν,
3307 820 3355 874 εί
3393 819 3646 892 ἀποθάνῃ
3679 821 3741 873 ἐν

2147 901 2192 974 ᾧ
2221 906 2368 977 ἔργῳ
2403 907 2669 979 ἐζήτησεν
2720 909 2906 976 αὐτὸν,
2963 911 3200 983 ἀζήμιος
3249 911 3392 965 ἔστω
3420 927 3434 942 ’
3495 911 3543 963 εἰ
3567 910 3612 964 δ’
3647 911 3754 964 ἐπ’Δ

2147 999 2295 1071 ἄλλῳ
2329 999 2478 1072 ἔργῳ
2505 1001 2771 1069 ἀπέθανε,
2805 1001 2970 1058 δώσει
2991 1003 3154 1059 αὑτὸν
3187 1004 3521 1074 ὁλοκλήρως.

2223 1183 2312 1253 ιγ’.
2348 1185 2409 1239 Ὀ
2471 1185 2894 1257 μισθωσάμενος
2942 1185 3134 1258 ἀγρὸν,
3188 1186 3282 1239 καὶ
3330 1184 3502 1257 χωρὶς
3557 1182 3782 1247 αἰτίας-

2149 1274 2255 1346 πρδ
2305 1273 2402 1328 τοῦ
2451 1273 2938 1346 συμπληρώματος
2990 1273 3088 1328 τοῦ
3150 1274 3344 1343 χρόνου
3395 1267 3740 1332 καταλιπὼν,

2147 1366 2511 1438 δίδωσινκὸλου
2542 1365 2634 1420 τοῦ
2667 1367 2862 1438 χρόνου
2894 1367 2988 1420 τὸν
3018 1365 3233 1438 μισθόν.

2222 1457 2304 1515 ιδ’.
2339 1459 2399 1512 '0
2427 1458 2609 1513 λαϐὼν
2651 1459 2846 1529 μισθὸν
2867 1457 2964 1512 ἐπὶ⁸
2988 1457 3206 1528 φυλακῇ
3262 1455 3616 1528 πράγματος,
3644 1453 3740 1505 ἐκ⁸

2148 1550 2450 1606 κινδυνεύει
2483 1550 2611 1623 περὶ
2637 1551 2736 1622 τὴν
2769 1550 2934 1604 αὑτοῦ
2964 1549 3232 1620 φυλακήν.

2221 1649 2304 1698 ιε’.
2359 1645 2421 1697 '0
2460 1643 2601 1714 μετά
2647 1643 2746 1716 τὴν
2776 1643 3180 1714 συμπλήρωσιν
3219 1640 3294 1713 μὴ
3346 1637 3740 1694 άποκαθιστῶν

2146 1735 2208 1790 cz.
2261 1738 2518 1808 πρᾶγμα,
2584 1735 2680 1790 καὶ
2735 1737 2796 1791 τὸ
2845 1737 3082 1806 πρᾶγμα
3137 1731 3458 1798 ἀποδιδότω,
3516 1732 3609 1785 καὶ
3641 1730 3743 1798 τὴν

2068 1807 2118 1868 Β
2146 1824 2287 1878 διατί
2292 1843 2365 1897 μη
2374 1807 2458 1879 σιν
2512 1825 2704 1883 αὐτοῦ.

2219 1917 2315 1984 ις’.
2353 1921 2468 1983 Πᾶς
2507 1919 2824 1990 ἐργολάϐος,
2857 1919 2891 1990 ἢ
2919 1917 3194 1988 τεχνίτης,
3237 1915 3520 1986 ἁψάμενος
3548 1912 3739 1986 ἔργου,

2145 2013 2240 2066 καὶ
2266 2011 2340 2083 μή
2374 2011 2600 2082 πληρῶν
2631 2010 2783 2075 αὐτὸ,
2843 2009 3033 2062 διδότω
3081 2009 3181 2080 τὴν
3242 2007 3537 2078 σύμπασαν
3570 2003 3741 2058 αὑτοῦ

2145 2103 2374 2174 ζημίαν,
2401 2102 2644 2173 δηλονότι
2673 2101 2971 2172 λαμϐάνων
3002 2100 3094 2153 τὸν
3131 2099 3323 2170 μισθὸν
3354 2097 3543 2153 αὐτοῦ.

2217 2193 2303 2259 ιζ’.
2330 2195 2393 2248 El
2422 2195 2477 2248 δὲ
2509 2195 2681 2266 πένης
2713 2195 2851 2257 ἐστὶ,
2881 2194 2975 2247 καὶ
3009 2193 3084 2264 μὴ
3123 2191 3308 2262 ἀρκῶν
3331 2190 3468 2261 πρὸς
3496 2188 3741 2245 καταϐο-

2142 2286 2239 2360 λὴν
2267 2288 2367 2358 τῆς
2395 2286 2622 2357 ζημίας,
2648 2283 2937 2338 τυπτέσθω
2967 2283 3063 2338 καὶ
3097 2281 3450 2354 ἐξοριζέσθω.

2215 2382 2305 2448 ιη’.
2378 2375 2504 2430 Ἐἀν
2573 2375 2786 2430 δίαιταν
2855 2375 2937 2440 εἰς
2995 2374 3244 2428 ἐνιαυτὸν
3299 2371 3733 2442 ἐμισθωσάμην,

2141 2470 2263 2523 ὅλον
2288 2469 2562 2540 παράσχω
2583 2468 2676 2522 τὸν
2709 2467 2901 2538 μισθόν
2927 2483 2941 2498 ο
2975 2468 3023 2519 εί
3046 2466 3104 2520 δὲ
3131 2465 3226 2520 καὶ
3252 2465 3413 2537 πέσῃ,
3441 2463 3626 2536 κάμφὶ
3652 2463 3734 2534 τῷ

2141 2563 2288 2633 ἕκτῳ
2319 2561 2474 2634 μηνὶ,
2503 2560 2875 2630 ἀναλαμϐάνω
2907 2560 2968 2614 τὸ
2994 2558 3203 2613 λοιπόν.

2214 2655 2304 2710 ιθν.
2349 2654 2477 2708 Ἐάν
2497 2654 2557 2708 τὸ
2586 2654 2871 2725 γινόμενον
2902 2653 3063 2724 ἔργον
3085 2651 3192 2708 ἀπὸ
3216 2648 3444 2721 σεισμοῦ
3477 2664 3734 2720 παρασα-

2140 2749 2330 2822 λευθῇ,
2361 2748 2456 2803 τοῦ
2496 2747 2869 2819 μισθώσαντός
2897 2747 3044 2801 ἐστιν
3076 2748 3104 2799 ὁ
3142 2744 3407 2807 κίνδυνος.

2212 2849 2280 2898 κ’.
2353 2843 2411 2896 'O
2459 2842 2710 2896 κλέπτων
2756 2841 2849 2897 τὸν
2901 2837 3246 2913 μισθωθέντα
3297 2835 3464 2892 αὐτοῦ
3515 2833 3734 2900 δοῦλον,

2139 2933 2387 3005 ἐνέχεται
2431 2935 2506 2998 ὡς
2545 2934 2806 3002 κλέπτης.

2212 3024 2321 3080 κα’.
2367 3025 2494 3078 Ἐάν
2532 3025 2638 3094 πρὸ
2671 3024 2998 3094 δοκιμασίας
3025 3024 3168 3096 πέσῃ
3193 3021 3255 3076 τὸ
3286 3020 3524 3093 ῥεῖθρον,
3550 3019 3599 3072 εί
3626 3015 3730 3086 μὲν

451 3093 572 3148 dem
605 3096 707 3153 soli
739 3099 893 3164 vitio,
940 3104 1022 3158 vel
1048 3121 1116 3162 ex
1151 3117 1308 3166 terra:
1354 3124 1499 3170 motu
1523 3155 1537 3182 ,
1574 3116 1804 3176 iocantis
1839 3121 2037 3178 damno

2175 3119 2250 3172 arb
2273 3118 2451 3181 αἰτίας
2477 3093 2850 3185 τοῦνὲδάφους,
2889 3115 2923 3186 ἢ
2969 3115 3076 3168 ἀπὸ
3112 3093 3425 3212 σεισμοῦ,ῌό
3448 3109 3734 3212 μισθώσας

449 3196 534 3243 est
576 3206 590 3243 :
633 3189 719 3245 sin
745 3193 926 3262 operis
959 3195 1107 3266 vitio,
1145 3205 1513 3262 conductoris.

521 3372 613 3429 2‘2.
648 3375 706 3432 Si
745 3379 870 3450 quis
915 3397 944 3436 a
997 3385 1172 3443 vicino
1219 3388 1526 3456 iumentum
1575 3397 1812 3466 petierit,
1876 3398 2037 3470 idque

449 3462 615 3522 fuerit
641 3471 922 3541 adtritum,
950 3477 1033 3532 vel
1065 3490 1307 3549 captum,
1344 3485 1425 3540 vel
1458 3497 1730 3546 mortuum
1755 3530 1770 3556 ,
1811 3492 2032 3550 domino

451 3575 558 3616 non
593 3576 881 3634 praesente,
908 3570 1113 3628 solvet:
1138 3575 1220 3629 sin
1248 3578 1497 3637 dominus
1514 3582 1678 3647 adsit,
1707 3599 1814 3639 non
1839 3585 2034 3641 solvet.

453 3653 515 3709 Si
546 3659 917 3719 co’nductitius
956 3664 1153 3735 aliquis
1192 3668 1385 3739 fuerit,
1417 3675 1489 3730 sit
1517 3675 1565 3731 ei
1601 3676 1722 3733 loco
1745 3680 2033 3736 mercedis.

983 3887 1282 3948 TITULUS
1343 3893 1532 3955 XXVI.

1065 4003 1146 4061 De
1177 4007 1412 4066 testibus.

523 4111 575 4164 1.
613 4110 667 4165 lu
699 4113 928 4170 testibus
961 4119 1536 4194 requiriturdignitas,
1569 4137 1624 4184 et
1653 4129 1808 4195 ﬁdes,
1835 4141 1888 4188 et
1914 4148 2032 4189 mo-

447 4218 556 4267 res,
588 4212 642 4259 ct
663 4207 923 4275 gravitas.
958 4207 1151 4267 Testes
1185 4212 1289 4268 fide
1312 4217 1458 4284 digni
1479 4228 1662 4286 sunto,
1697 4236 1802 4276 non
1832 4225 2030 4278 seden-

446 4297 571 4350 tarii
605 4307 657 4352 et
701 4298 906 4355 sordidi
951 4301 1192 4370 quidam,
1239 4320 1339 4361 nec
1379 4308 1632 4377 humiles,
1673 4327 1773 4368 nec
1805 4314 2031 4370 omnino

443 4387 664 4444 obscuri
699 4407 712 4443 :
747 4391 840 4446 sed
873 4403 1090 4462 oportet
1124 4410 1218 4451 eos
1263 4399 1682 4459 existimationis
1715 4419 1836 4461 esse
1875 4407 2030 4462 bona:

2144 3209 2482 3283 ζημιοῦται·
2541 3209 2589 3262 εἰ
2637 3207 2695 3262 δὲ
2753 3208 2814 3274 ἐξ
2865 3206 3251 3278 ἐλαττώματος
3301 3202 3397 3258 τοῦ
3459 3203 3649 3275 ἔργου,
3697 3201 3731 3252 ὁ

2145 3304 2584 3376 μισθωσάμενος.

2214 3393 2319 3466 κβ¹.
2369 3394 2499 3449 Ἐὰν
2544 3391 2750 3468 αἰτήσῃ
2778 3413 2860 3458 τις
2887 3395 3039 3466 παρὰ
3082 3393 3176 3448 τοῦ
3225 3390 3456 3463 πλησίον
3506 3387 3727 3456 κτῆνος,

2141 3485 2237 3538 καὶ
2277 3486 2559 3557 συντριϐῇ,
2602 3487 2635 3558 ἢ
2695 3485 3044 3556 αἰχμάλωτον
3083 3484 3326 3555 γένηται,
3381 3479 3414 3551 ἢ
3455 3477 3730 3546 ἀποθάνῃ.

2139 3577 2169 3629 ὁ
2220 3576 2278 3630 δὲ
2330 3578 2523 3648 κύριος
2579 3579 2655 3649 μὴ
2754 3579 2871 3648 μετ’
2924 3576 3117 3641 αὑτοῦ,
3167 3575 3458 3630 ἀποτίσειο
3523 3571 3617 3624 ἐὰν
3669 3568 3730 3621 δὲ

2138 3666 2168 3717 ὁ
2201 3665 2390 3737 κύριος
2436 3667 2603 3722 αὑτοῦ
2663 3670 2780 3739 μετ’
2840 3667 3008 3722 αὐτοῦ
3063 3663 3121 3739 ᾗ,
3168 3666 3270 3719 οὐκ
3303 3664 3554 3718 ἀποτίσει
3583 3675 3597 3689 ’
3631 3657 3732 3711 ἐὰν

2138 3761 2196 3816 δὲ
2233 3763 2504 3833 μισθωτὸς
2530 3759 2587 3837 ᾖ,
2616 3764 2758 3818 ἔστω
2789 3764 2938 3836 αὐτῷ
2964 3762 3086 3818 ἀντὶ
3114 3761 3210 3816 τοῦ
3235 3758 3429 3833 μισθοῦ
3462 3752 3654 3847 αὐτοῦ.

2716 3899 2964 3955 ΤιΤΑοΣ
2998 3896 3144 3967 Kq'.

2666 4011 2808 4080 Περὶ
2848 4011 3188 4081 μαρτύρων.

2211 4126 2279 4182 α’.
2343 4125 2470 4180 Ἐπὶ
2514 4124 2624 4179 τῶν
2687 4128 2983 4198 μαρτύρων
3050 4125 3298 4197 ζητεῖται
3339 4125 3372 4194 ή
3427 4120 3575 4187 ἀξία,
3626 4118 3728 4175 καὶ
3784 4116 3787 4117 ⁷

2136 4223 2170 4292 ή
2213 4220 2414 4284 πίστις,
2444 4219 2540 4274 καὶ
2573 4219 2641 4274 τά
2668 4219 2797 4292 non,
2827 4221 2923 4273 καὶ
2961 4221 2996 4291 ἡ
3027 4219 3346 4292 στεῤῥὸτης.
3390 4215 3726 4281 Ἀξιόπιστοι

2135 4312 2382 4366 ἔστωσαν
2434 4312 2484 4364 oi
2540 4311 2838 4383 μάρτυρες,
2886 4311 2960 4382 μή
3010 4328 3156 4375 τινες
3204 4309 3526 4380 ἑπιδίφριοι,
3588 4305 3726 4377 μηδὲ

2133 4408 2462 4478 χαμερπεῖς,
2484 4403 2619 4475 μηδὲ
2641 4404 2910 4466 παντοίως
2929 4402 3032 4473 ἄση
3043 4421 3154 4474 μοι,
3173 4401 3288 4456 ἀλλ’
3309 4399 3724 4472 εὐῦπολήπτους

441 4491 668 4551 propter
697 4482 1032 4553 dignitatem,
1061 4498 1155 4542 aut
1187 4488 1460 4558 militiam,
1490 4502 1583 4548 aut
1605 4495 1910 4566 facultates,
1935 4509 2026 4554 aut

2175 4496 2276 4552 [ναι
2315 4497 2396 4552 δεῖ
2439 4497 2528 4550 διὰ
2577 4497 2677 4566 τὴν
2701 4495 2918 4567 ἀξίανῆ
2972 4494 3310 4567 στρατηγίαν
3354 4488 3720 4566 [etpassim],

443 4572 862 4643 professionem.

511 4662 568 4717 2.
611 4663 706 4718 Sin
753 4666 922 4736 ignoti
965 4678 1113 4736 sunt,
1163 4680 1220 4726 et
1273 4674 1649 4743 circulatores,
1714 4683 2029 4736 exatniucnt

2132 4591 2166 4660 ἢ
2209 4589 2493 4660 εὐπορίαν,
2529 4589 2563 4659 ἢ
2610 4588 2983 4660 ἐπιτήδευσιν.

2207 4681 2271 4752 β’.
2301 4681 2362 4736 Εἰ
2391 4682 2450 4734 δέ
2481 4682 2620 4734 εἰσιν
2657 4682 2929 4749 ἄγνωστοι
2977 4681 3070 4736 καὶ
3107 4678 3456 4751 ἁμφιτισταλ,
3507 4677 3574 4731 τά
3619 4676 3721 4746 τῆς

440 4768 630 4810 eorum
673 4758 981 4814 testimonia
1009 4759 1240 4830 iudices,
1266 4773 1323 4820 et.
1347 4781 1441 4834 per
1467 4769 1794 4837 qurestione‘s
1825 4773 1893 4827 ad
1932 4789 2027 4829 eos

2175 4775 2312 4828 ὑτῶν
2348 4773 2656 4846 μαρτυρίας
2706 4773 3183 4838 κακονιζὲσθωσαν
3235 4775 3284 4826 οἱ
3313 4771 3590 4833 δικασταὶ,
3622 4768 3720 4822 καὶ

439 4849 724 4917 accedant,
768 4860 827 4905 ut
859 4853 1264 4924 perceptionem
1288 4858 1532 4916 veritatis
1560 4861 1862 4921 inveniant.

506 5026 562 5080 5.
601 5025 886 5096 Parentes,
911 5039 960 5085 et
994 5030 1172 5100 liberi,
1201 5043 1393 5091 contra
1419 5052 1478 5092 sc
1503 5038 1808 5095 testimonia
1839 5041 2026 5097 dicen-

434 5126 536 5184 tes,
569 5135 676 5175 non
709 5122 1068 5182 adtnittuntor
1105 5142 1117 5179 :
1154 5142 1219 5183 ac
1247 5144 1425 5199 neque.
1451 5146 1552 5200 pro
1585 5133 1824 5200 domino,
1852 5151 2024 5205 neque

2128 4867 2216 4921 διὰ
2246 4866 2501 4936 βασάνων
2546 4865 2896 4937 ἐρχέσθωσαν
2943 4866 3082 4938 πρὸς
3129 4864 3350 4928 αὐτοὺς,

2130 4959 2228 5030 τῆς
2259 4959 2519 5031 ἀληθείας
2545 4959 2850 5028 κατάληψιν
2884 4958 3140 5030 εὕρωσιν.

3414 4864 3563 4925 ὅπως
3619 4860 3720 4933 τὴν

2201 5049 2271 5119 γ’.
2304 5053 2366 5104 Οί
2395 5054 2575 5120 γονεῖς
2602 5051 2696 5104 καὶ
2732 5051 2803 5104 τὰ
2829 5050 2997 5103 τέκνα
3032 5051 3154 5104 κατ’
3185 5049 3435 5120 ἀλλήλων
3462 5048 3717 5117 λέγοντες

2132 5143 2207 5213 μὴ
2257 5142 2789 5212 προσδεχέσθωσανσ
2849 5144 2986 5213 μήτε
3042 5141 3184 5212 ὑπὲρ
3228 5142 3514 5206 δεσπότου,
3575 5138 3717 5208 μήτε

433 5221 625 5267 contra
671 5213 952 5271 dominum
994 5233 1185 5273 servus
1231 5231 1324 5276 aut
1377 5221 1603 5279 libertus
1653 5227 2020 5281 testimonium

2175 5235 2269 5289 ιτὰ
2297 5236 2583 5311 δεσπότου,
2625 5235 2810 5300 δοῦλος
2854 5235 2887 5306 ἥ
2931 5235 3298 5306 ἀπελεύθερος
3329 5235 3716 5304 μαρτυρεῖται.

325 5309 330 5313 ’
431 5303 583 5359 dicit.

501 5397 558 5453 4.
600 5398 783 5467 Pater,
821 5412 875 5458 et
925 5402 1068 5458 lilius
1118 5405 1376 5476 familias,
1419 5419 1474 5464 et
1512 5410 1617 5466 duo
1668 5411 1866 5468 fratres
1922 5413 2017 5469 ﬁlii

433 5488 686 5557 familias,
729 5493 782 5546 in
818 5494 1006 5549 eodem
1037 5496 1252 5566 negotio
1279 5505 1447 5553 testes
1482 5515 1602 5554 esse
1632 5512 1874 5570 possunt.

503 5581 560 5636 5.
591 5580 729 5638 Cum
774 5594 940 5642 testes
992 5589 1133 5656 apud
1157 5589 1374 5658 judices
1407 5600 1594 5646 contra
1624 5603 1784 5650 testes
1812 5597 2018 5665 produ-

2200 5411 2260 5467 δ’.
2296 5414 2510 5483 Πατὴρ,
2545 5414 2641 5466 καὶ
2672 5414 2785 5477 υἱὸς
2819 5413 3164 5478 ὑπεξούσιος,
3213 5416 3308 5467 καὶ
3340 5415 3434 5467 δύο
3487 5413 3714 5481 ἀδελφοὶ

2125 5507 2459 5576 ὑπεξούσιοι,
2499 5508 2908 5579 μαρτυροῦνται
2944 5511 3002 5562 ἐν
3033 5509 3116 5562 ἐνὶ
3149 5510 3458 5580 πράγματι.

2194 5597 2255 5656 ε’.
2299 5601 2362 5653 υἱ
2395 5603 2670 5672 μάρτυρες
2694 5601 2921 5654 ἐπὶτῶν
2957 5601 3232 5658 δικαστῶν
3285 5603 3366 5665 είς
3425 5600 3710 5670 μάρτυρας

433 5680 650 5739 cuntur,
683 5676 918 5745 primum
951 5679 1154 5749 absque
1184 5679 1505 5749 juramcuto
1551 5684 1604 5739 in
1661 5685 1875 5743 duobus
1923 5696 2018 5743 aut

2175 5693 2406 5762 (ὀμενοι,
2465 5693 2684 5764 πρῶτον
2740 5692 2868 5748 ἄνευ
2892 5694 3058 5766 ὅρκου
3095 5693 3190 5746 ἐπὶ
3238 5692 3390 5747 δυσὶν
3442 5691 3475 5763 ἢ
3531 5690 3710 5760 τρισὶν

435 5760 609 5822 tribus
638 5769 981 5829 examinibus
1009 5772 1107 5830 sibi
1154 5776 1370 5846 cognita
1399 5777 1680 5847 proferant
1719 5795 1731 5834 :
1767 5780 1907 5857 ac_si
1950 5783 2014 5840 dc

2175 5784 2446 5857 θακρίσεσι
2476 5785 2544 5842 τά
2567 5785 2666 5856 τῆς
2697 5786 2956 5859 εἰδήσεως
2997 5785 3178 5842 αὐτῶν
3232 5786 3560 5856 λεγέτωσαν·
3616 5783 3710 5838 καὶ
