4050 6418
270 320 376 380 53,

1547 315 1940 378 DELECTUS
1981 317 2270 380 LEGUM.

3435 315 3501 382 53
3511 316 3546 380 ι

269 429 367 483 εὰν
395 424 525 498 περὶ
557 424 652 479 τοῦ
677 424 1013 498 ζητουμένου
1044 423 1314 497 εὑρεθῶσι
1345 423 1595 495 λέγοντες
1628 427 1681 481 τί
1706 443 1860 492 ποτε,

2001 444 2048 494 e,
2082 446 2203 499 quas
2246 429 2562 498 inquiritur,
2590 429 2798 486 invenlt
2837 428 3042 485 fuerint
3084 427 3285 499 aliquid
3337 432 3542 499 dicere,

269 520 395 573 τότε
426 517 805 587 ὁμνυέτωσαν.

342 610 418 677 ς’.
451 612 519 667 Oi
551 611 773 681 μακρὰν
794 609 1075 678 διάγοντες
1099 610 1378 684 μάρτυρες
1406 612 1464 664 ὲν
1493 611 1615 676 ταῖς
1645 628 1863 682 χρημα-

269 709 458 771 τικαίς
516 705 812 760 ὑποθέσεσι
847 706 988 760 κατὰ
1017 707 1110 759 τὸν
1143 707 1310 760 τόπον
1341 706 1418 777 μὴ
1445 706 1865 775 ἁναγκαζέσθωο

272 820 380 855 σαν
439 799 881 872 παραγενέσθαι,
933 799 1073 854 ἀλλὰ
1103 800 1171 854 δι’
1211 799 1472 854 ἐντολέων
1500 800 1636 872 πρὸς
1663 801 1863 864 αὐτοὺς

268 893 648 964 στελλομένων
668 893 738 947 τὰ
761 892 862 963 τῆς
883 893 1144 964 εἰδήσεως
1169 892 1352 947 αὐτῶν
1379 884 1858 964 μαρτυρείτωσαν.

345 983 386 1007 νο
482 985 497 1004 v

339 983 408 1049 ζ’.
482 985 573 1037 Ἐν
632 983 988 1054 ὲκμαρτυρίῳ
1073 983 1150 1056 μὴ
1227 984 1535 1038 πιστευέτω
1590 982 1861 1037 ταϐουλὰ-

268 1095 410 1148 ριος.

339 1177 412 1240 η’.
447 1171 513 1224 0i
548 1168 853 1240 μάρτυρες,
887 1169 1003 1223 ὅσοι
1033 1169 1235 1240 δήποτε
1277 1169 1497 1242 ἀριθμῷ
1539 1164 1662 1236 ὦσι,
1702 1171 1865 1244 μέχρι

267 1260 561 1331 τεσσάρων
595 1259 848 1325 ταξιδίων
898 1261 995 1313 καὶ
1033 1260 1194 1332 μόνον
1243 1262 1587 1331 ἀγέσοωσαν,
1629 1263 1865 1334 ἑκάστης

267 1353 621 1423 παραγωγῆς
645 1351 776 1420 μίαν
809 1352 919 1422 ἡμέ
929 1369 1050 1424 ραν.
1487 1404 1489 1407 .

342 1444 408 1496 0'.
465 1437 560 1506 Εἷς
615 1442 830 1514 μάρτυς
881 1444 1176 1516 μαρτυρῶν
1217 1446 1278 1500 ού
1333 1446 1698 1512 πιστεύεται,
1749 1445 1865 1501 ἀλλ’

272 1538 288 1585 Ξ
302 1533 507 1587 κϐαλλέ
516 1533 652 1588 σθω.

358 1623 412 1678 ι’.
477 1625 599 1679 Ἐὰν
655 1625 716 1680 δὲ
777 1626 1024 1683 τοιοῦτόν
1079 1632 1198 1687 ἐστι
1267 1633 1330 1688 τδ
1390 1639 1660 1712 πρᾶγμα,
1722 1643 1865 1698 ὥστε

1968 531 2094 575 tunc
2119 520 2499 591 jusjurandum
2533 532 2813 591 prmstent.

2034 614 2089 668 6.
2121 614 2224 680 Qui
2275 614 2460 683 procul
2491 614 2697 685 degunt
2735 623 2926 682 testes,
2966 616 3018 669 iu
3047 615 3228 671 causis
3281 617 3550 685 pecunia-

1966 705 2062 760 riis
2087 705 2156 759 ad
2187 704 2362 774 ipsum
2391 705 2568 760 locum
2601 720 2659 760 se
2691 705 2948 761 conferre
2976 719 3082 760 non
3113 716 3381 774 coguntor
3404 743 3420 770 ,
3458 707 3552 760 sed

1968 811 2065 864 per
2128 794 2516 862 mandatores',
2548 797 2616 851 ad
2655 811 2753 853 eos
2792 795 3014 861 missos,
3056 807 3320 866 quantum
3371 797 3557 851 norint

1968 894 2252 942 testantor.

2037 981 2088 1033 7.
2125 979 2183 1034 In
2210 979 2500 1036 testimonii
2530 980 2768 1037 dictione
2809 981 2942 1035 fides
2987 980 3258 1035 tabulario
3304 995 3410 1035 non
3449 981 3553 1035 ba-

1967 1069 2146 1124 b'etor.

2035 1160 2089 1214 8.
2129 1159 2342 1227 Testes,
2385 1170 2734 1232 quotcunque
2773 1163 2996 1218 tandem
3053 1178 3285 1219 numero
3331 1162 3553 1230 fuerint,

1965 1251 2033 1305 ad
2063 1265 2298 1322 quatuor
2337 1253 2621 1308 dumtaxat
2657 1257 2999 1311 accessiones
3049 1256 3438 1326 producuntur,
3487 1255 3556 1308 ad

1967 1359 2132 1398 unum
2170 1345 2312 1401 diem
2347 1347 2699 1416 productione
2733 1348 2992 1418 qualibet.

2037 1435 2090 1492 9.
2124 1435 2229 1493 Uni
2262 1437 2409 1501 testi,
2443 1438 2814 1498 testimonium
2852 1438 3076 1506 dicenti,
3105 1437 3236 1493 fides
3262 1453 3366 1493 non
3392 1437 3557 1493 Imber

1967 1534 2056 1580 tur
2072 1567 2086 1593 ,
2123 1528 2218 1581 sed
2247 1526 2512 1596 rejicitor.

2040 1619 2127 1675 10.
2165 1619 2222 1675 Si
2248 1634 2373 1675 vero
2401 1620 2506 1675 tale
2547 1621 2820 1692 negotium
2843 1622 2936 1687 sit,
2963 1628 3022 1674 ut
3051 1619 3369 1674 admittatur
3401 1622 3558 1677 testis

285 1717 540 1782 δέξασθαι
589 1720 975 1790 μαρτυροῦντα
1035 1723 1164 1791 ἕνα,
1225 1726 1259 1798 ἢ
1319 1731 1591 1801 κυνηγὸν,
1643 1733 1677 1804 ἢ
1737 1737 1866 1801 τοὺς

2007 1728 2131 1778 nus,
2153 1712 2238 1768 vel
2259 1713 2544 1768 arenarius
2563 1711 2666 1784 (ὅ),
2689 1713 2772 1768 vel
2794 1712 2880 1768 bis
2904 1711 3135 1779 similes,
3162 1711 3280 1766 sine
3297 1715 3557 1782 qurestios

285 1808 516 1878 ὁμοίους,
543 1816 712 1881 χωρὶς
733 1812 986 1882 βασάνων
1017 1817 1079 1869 οὑ
1101 1819 1438 1877 πιστεύεται.

350 1907 438 1955 ια’.
477 1903 540 1954 Oi
595 1902 850 1973 πένητες,
895 1907 945 1959 οἱ
1001 1906 1078 1979 μὴ
1129 1908 1347 1980 ἔχοντες
1399 1917 1741 1988 πεντήκοντα
1772 1939 1859 1976 νο·

272 1993 573 2062 μισμάτων
597 1997 937 2067 περιουσίαν,
964 1999 1024 2052 οὐ
1057 2003 1452 2074 μαρτυροῦσιν.

347 2081 440 2152 ιβ’.
471 2085 537 2137 Oi
573 2087 850 2157 μάρτυρες
877 2087 909 2158 ἢ
937 2088 1116 2158 ἀξίαν,
1147 2092 1181 2162 ἢ
1210 2097 1469 2163 στρατιὰν
1496 2101 1865 2173 [στρατείαν],

271 2174 306 2242 ἢ
347 2176 785 2266 ἐπιτηδεύματα,
839 2179 872 2251 ἢ
928 2181 1202 2254 ἐμπορίαν
1257 2187 1568 2264 [εὐπορίαν]
1627 2194 1874 2266 ἔχοντες,

273 2265 423 2317 κατὰ
446 2267 718 2339 πρόληψιν
735 2269 977 2324 δεκταῖοι
999 2275 1383 2345 τυγχάνουσιν.

310 2356 441 2461 ,ιγ⁹.
493 2359 552 2413 Ὀ
605 2362 1024 2461 καταδικασθεὶς
1074 2369 1204 2439 περὶ
1237 2371 1510 2442 μοιχείας,
1559 2377 1620 2430 ού
1655 2376 1871 2451 δέχεται

273 2451 360 2510 εἰς
392 2451 730 2521 μαρτυρίαν.

353 2539 440 2595 ιδ’.
479 2541 540 2595 '0
562 2543 742 2613 ἥττων
762 2544 870 2599 τῶν
889 2547 1062 2602 εἰκοσι
1085 2551 1245 2616 ἐτῶν,
1269 2551 1332 2606 ού
1359 2561 1654 2628 μαρτυρεῖ.

355 2633 440 2691 ιε’.
503 2636 564 2691 '0
611 2637 819 2706 δοῦλος,
857 2641 950 2695 καὶ
980 2643 1008 2695 6
1037 2644 1242 2714 κωφὸς,
1295 2648 1390 2700 καὶ
1434 2651 1463 2704 6
1515 2653 1870 2724 μαινόμενος,

277 2725 343 2777 ού
377 2743 454 2795 μα
462 2730 666 2799 ρτυρεί.

354 2824 458 2910 ιςξ.
505 2818 690 2910 Ὀντὴν
715 2822 926 2880 οίκείαν
961 2825 1248 2901 ίδιόχειρον
1277 2828 1372 2883 τοῦ
1401 2833 1595 2906 χρέους
1625 2831 1871 2910 σύγγρα-

281 2908 393 2976 φῆν
418 2909 776 2980 ἀρνούμενος,
810 2913 844 2984 ἢ
872 2913 942 2969 τὰ
979 2917 1160 2971 οἰκεῖα
1191 2919 1502 2993 γράμματα
1523 2908 1870 2999 ἐπιθέμενος,

282 2999 620 3070 ἀρνούμενος
655 3003 712 3056 δὲ
740 3003 842 3074 τὴν
898 3007 1209 3081 καταϐολὴν
1260 3011 1359 3084 τῆς
1384 3016 1704 3086 ποσότητος,
1733 3021 1875 3090 μετὰ

1892 1789 1940 1848 Β
1970 1805 2128 1862 nibus
2161 1807 2241 1861 eis
2275 1807 2408 1862 fides
2440 1821 2547 1862 non
2577 1806 2825 1862 habetur.

2044 1897 2130 1952 11.
2166 1897 2460 1969 Pa'uperes,
2485 1899 2576 1969 qui
2602 1914 2855 1954 nummos
2882 1901 3281 1972 quinquaginta
3308 1901 3360 1956 in
3395 1899 3586 1956 bonis.

1973 2006 2078 2045 non
2115 1990 2336 2057 habent,
2363 2000 2529 2048 testes
2561 2007 2684 2048 esse
2709 2004 3008 2062 nequeunt.

2049 2085 2130 2140 12.
2168 2085 2268 2153 Qui
2308 2094 2482 2143 testes
2521 2095 2616 2142 aut
2645 2087 2968 2158 dignitatem
3013 2086 3240 2152 habent,
3280 2094 3374 2142 aut
3420 2085 3562 2141 mili-

1976 2177 2130 2242 tiam,
2159 2186 2251 2232 aut
2281 2177 2707 2248 professionem,
2750 2188 2846 2232 aut
2877 2177 3166 2234 facultates
3192 2177 3440 2244 idoneas,
3464 2192 3562 2246 per

1977 2270 2453 2340 prmsumpt‘ionem
2483 2271 2864 2326 admittuntur.

2047 2362 2136 2418 15.
2173 2360 2470 2418 Damnatus
2493 2363 2546 2417 in
2569 2361 2774 2431 judicio
2803 2361 3079 2429 adulterii,
3102 2377 3212 2418 non
3241 2362 3551 2419 admittitur

1977 2454 2044 2509 ad
2079 2453 2371 2510 dicendum
2395 2454 2792 2512 teStimonium.

2047 2544 2135 2599 14.
2173 2542 2347 2601 Minor
2370 2545 2529 2600 annis
2558 2545 2748 2616 viginti
2782 2545 2941 2600 testis
2968 2560 3094 2603 esse
3132 2561 3238 2601 non
3267 2554 3466 2617 potest.

2051 2635 2142 2692 15.
2167 2635 2370 2693 Servus
2389 2645 2440 2694 et
2467 2638 2686 2702 surdus,
2717 2646 2771 2694 ct
2803 2637 3063 2706 furiosus,
3095 2646 3350 2708 nonsunt
3370 2644 3559 2693 testes.

2065 2820 2150 2877 16.
2182 2819 2283 2888 Qui
2319 2821 2580 2892 scriptam
2628 2834 2790 2876 manu
2838 2834 2935 2876 sua
2983 2818 3352 2892 syngrapham
3392 2816 3568 2874 debiti

1978 2924 2157 2984 negat,
2194 2923 2287 2969 aut
2323 2928 2478 2969 suam
2507 2913 2726 2985 quidem
2757 2913 2871 2970 edit
2907 2913 3255 2984 scripturam,
3289 2911 3385 2967 sed
3411 2909 3563 2966 solu-

1980 3007 2184 3062 tionem
2226 3021 2452 3062 summa:
2475 3005 2758 3063 inﬁtiando
2784 3015 2976 3076 negat;
3018 3005 3339 3076 probatione
3367 3003 3567 3060 verita-

289 3090 562 3203 ἀπόδειξιν
586 3093 688 3203 τῆς
719 3095 1002 3167 ἀληθείᾰς,
1040 3101 1201 3174 διπλῇ
1252 3105 1511 3178 ποσότητι
1557 3110 1587 3163 6
1628 3111 1868 3180 ἀρνησά-

2004 3098 2048 3153 is
2084 3108 2290 3167 secuta,
2333 3099 2388 3154 in
2420 3098 2636 3168 duplam
2664 3113 2934 3155 summam
2967 3099 3382 3154 condemnatur.

291 3199 452 3251 μενος
487 3184 549 3238 τὺ
580 3187 743 3257 χρέος
767 3192 1215 3258 καταδικάζεται.

358 3273 446 3339 ιζ’.
477 3278 540 3330 El
570 3277 628 3332 δέ
646 3296 732 3344 τις
759 3279 970 3355 ἀρνηθῇ
991 3285 1053 3340 τὸ
1073 3288 1449 3364 ὲκμαρτύριον
1467 3294 1636 3349 αὑτοῦ
1659 3296 1874 3368 {6:6st-

287 3385 402 3438 ρον,
431 3369 598 3440 ὅρκος
631 3371 927 3443 ὲπαγέσθω
958 3377 1036 3449 τῷ
1075 3378 1356 3456 λεγομένῳ
1402 3383 1663 3462 [λέγοντι]
1696 3389 1870 3445 ταῦτα

286 3463 366 3533 μὴ
392 3468 858 3538 χειρογραφῆσαι.

359 3561 455 3624 ιη’.
492 3555 551 3610 ’0
585 3557 758 3614 θέλων
809 3560 1058 3632 ἐπισχεῖν
1105 3567 1235 3632 τοὺς
1278 3569 1586 3645 μάρτυρας,
1629 3577 1872 3645 δαπάνας

286 3645 476 3712 αὐτοῖς
498 3648 708 3706 διδότω.

366 3739 456 3795 ιϐ’.
488 3743 598 3798 Ούκ
624 3745 850 3801 ἀπαιτεῖ
878 3749 908 3802 6
937 3750 1270 3823 ὲναγόμενος
1298 3756 1488 3828 φέρειν
1515 3761 1640 3816 καθ’
1671 3765 1870 3820 ἑαυτοῦ

298 3832 638 3927 δικαιώματα
667 3839 804 3910 πρὸς
831 3841 1137 3912 ἀπόδειξιν.
1172 3847 1230 3901 '0
1253 3850 1364 3921 γὰρ
1406 3853 1616 3922 ὲνάγων
1667 3857 1873 3927 ὀφείλει

296 3922 487 3992 δεῖξαι,
517 3929 606 3982 καὶ
627 3932 676 3985 εί
702 3933 780 4005 μὴ
804 3933 975 4009 δείξῃ,
1001 3939 1131 4010 νικᾷ
1149 3941 1179 3993 6
1208 3942 1559 4014 ἐναγόμενος.

362 4018 432 4074 κ’.
477 4021 535 4075 ὐ
576 4024 860 4098 ἐπιφέρων
908 4031 1019 4084 τινὶ
1070 4033 1256 4105 ὅρκον,
1311 4037 1419 4108 πρὸ
1468 4040 1563 4094 τοῦ
1615 4041 1874 4107 δέξασθαι

286 4114 380 4169 τον
411 4117 581 4188 ὅρκον
604 4119 830 4177 δύναται
874 4124 1013 4195 μετὰ
1057 4127 1219 4182 τοῦτο
1252 4127 1422 4202 ἱμετὰ
1486 4133 1572 4205 τοι
1600 4139 1875 4208 τραπῆναι

286 4207 369 4271 είς
423 4208 726 4275 ἀπόδειξιν.
794 4213 854 4267 'U
909 4214 1316 4273 διαϐεϐαιοῦται
1381 4219 1484 4294 [δὶς
1543 4207 1872 4300 βεϐαιώσας]

286 4300 348 4353 ού
380 4300 612 4356 δύναται
643 4305 740 4359 ἐπὶ
762 4305 854 4360 τὸν
877 4307 1041 4379 ὅρκον
1067 4311 1410 4368 ἐπανελθεῖν.

356 4393 468 4449 xa'.
515 4395 576 4450 '0
597 4397 805 4470 ὀμόσας
836 4399 971 4456 ἴδιον
997 4399 1138 4460 εῖναι
1165 4405 1228 4460 τὸ
1265 4409 1524 4480 πρᾶγμα,
1561 4411 1789 4468 ἀπαιτεῖ
1811 4431 1874 4468 τε

287 4488 541 4557 καρποὺς
579 4490 673 4543 καὶ
699 4492 924 4546 τοκετδν
951 4493 1310 4566 θρεμμάτων.

356 4576 467 4648 κβ¹.
519 4579 578 4633 '0
609 4581 772 4652 ὅρκος
816 4583 1048 4656 δύναμιν
1090 4589 1422 4659 ἀποφάσεως
1467 4592 1604 4664 ἔχει.
1665 4595 1724 4650 '0
1768 4595 1877 4670 γὰρ

287 4671 573 4741 ἐπιφέρων
603 4674 786 4745 ὅρκον,
818 4676 913 4731 τοῦ
943 4679 1220 4737 ἀντιδίκου
1243 4682 1409 4738 αὐτοῦ
1442 4685 1591 4740 δοκεῖ
1611 4685 1877 4761 δικαστὴν

288 4763 457 4816 αὑτὸν
489 4764 685 4820 ποιεῖν.

359 4861 466 4925 κγ’.
510 4857 575 4910 Οἱ
615 4856 887 4927 ἄγνωστοι
937 4860 1048 4916 τῶν
1102 4860 1397 4934 μαρτύρων
1451 4863 1548 4918 καὶ
1597 4863 1878 4934 βασανιζέ-

291 4948 526 5016 σθωσαν,
560 4953 609 5005 εἰ
639 4953 841 5024 δεήσει.

359 5041 459 5096 κδ’.
503 5043 592 5096 Ἐν
621 5047 742 5110 ταῖς
780 5049 1178 5120 παραγῳφαίς
1201 5050 1228 5102 6
1255 5051 1584 5122 έναγόμενος
1629 5053 1876 5125 βαρετται

291 5135 354 5202 τῇ
380 5133 682 5200 ἀποδείξει.

361 5222 463 5278 κε’.
496 5226 667 5279 Ὅταν
724 5229 774 5281 οἱ
830 5227 1109 5302 μάρτυρες
1159 5232 1378 5297 ἑαυτοῖς
1411 5233 1804 5302 ἐναντιοῦνται,
1839 5236 1874 5306 ἢ

288 5314 466 5379 ἄλλως
508 5317 562 5370 οι
620 5319 920 5390 μάρτυρες,
974 5321 1009 5392 ἤ
1047 5322 1302 5389 πλαστῶς
1339 5324 1700 5397 μαρτυροῦσι,
1754 5328 1877 5382 τότε

289 5406 532 5478 δεχέσθω
561 5411 590 5463 6
623 5410 885 5484 δικαστὴς
908 5412 1036 5478 τοὺς
1069 5414 1128 5478 ἐξ
1150 5414 1333 5468 αὐτῶν
1365 5416 1871 5489 ἁξιοπιστοτέρους,

294 5501 384 5552 καὶ
420 5501 738 5566 κολαζέσθω
768 5505 896 5569 τοὺς
922 5505 1222 5573 ὑπόπτους,
1263 5509 1423 5579 εῐπερ
1467 5509 1722 5580 ἐπίτηδες
1757 5527 1877 5580 φα·-

293 5595 433 5649 νοῖεν
456 5596 919 5667 κακουργοῦντες.

368 5771 446 5846 (5)
479 5773 591 5834 Hoc
620 5788 724 5847 est,
765 5781 854 5850 qui
887 5781 1128 5835 decertat
1188 5779 1241 5834 in
1296 5795 1461 5836 arena
1495 5781 1579 5837 vel
1641 5779 1872 5838 theatro.

2049 3283 2136 3338 l7.
2162 3282 2232 3339 At
2257 3283 2303 3340 si
2344 3283 2465 3354 quis
2501 3284 2871 3339 testimonium
2904 3297 3066 3340 suum
3108 3297 3300 3338 manus
3330 3283 3564 3354 propria

1981 3375 2281 3447 negaverit,
2312 3375 2829 3445 tuncjnramentum
2866 3376 2939 3430 illi
2972 3376 3234 3443 defertur,
3258 3375 3351 3447 qui
3380 3389 3440 3432 se
3470 3373 3562 3428 illa

1977 3484 2142 3524 manu
2177 3469 2403 3540 propria
2439 3485 2546 3524 non
2569 3469 2863 3540 scripsisse
2893 3469 3047 3526 dicit.

2047 3561 2137 3618 18.
2175 3561 2278 3630 Qui
2315 3570 2479 3618 testes
2507 3562 2740 3618 retinere
2761 3562 2896 3618 vult.
2923 3562 3011 3617 det
3039 3561 3121 3619 eis
3157 3561 3452 3631 impensas.

2050 3749 2139 3806 19.
2176 3749 2322 3806 Reus
2351 3751 2710 3806 instrumenta
2741 3759 2935 3804 contra
2971 3761 3029 3803 se
3066 3744 3295 3816 proferri
3339 3745 3411 3800 ad
3434 3759 3564 3815 pro-

1979 3843 2214 3900 bandum
2241 3858 2346 3899 non
2379 3842 2537 3912 petit.
2562 3840 2696 3896 Nam
2720 3851 2874 3896 actor
2897 3840 3130 3911 probare
3151 3839 3335 3907 debet,
3365 3852 3429 3893 ac
3455 3837 3568 3894 nisi

1979 3935 2312 4007 probaverit,
2347 3936 2515 3990 vineit
2546 3951 2695 3990 reus.

2033 4027 2139 4082 ἑο,
2174 4026 2666 4097 Quijuramentum
2697 4023 2860 4080 alicui
2914 4025 3110 4090 defert,
3166 4025 3212 4078 is
3256 4031 3554 4095 antequam

1972 4119 2345 4190 jurameutum
2382 4117 2726 4183 admittatur,
2757 4117 2824 4173 ad
2868 4118 3209 4189 probandum
3243 4123 3589 4173 convertere--

1979 4227 2037 4268 se
2061 4220 2260 4283 potest.
2294 4212 2395 4281 Qui
2423 4211 2509 4268 bis
2546 4211 2754 4282 aliquid
2794 4211 3151 4278 asseveravit,
3189 4211 3256 4266 ad
3284 4210 3569 4280 juramen-

1981 4314 2096 4360 tum
2117 4305 2296 4360 redire
2325 4303 2539 4374 nequit.
3621 4301 3624 4303 λ

2051 4397 2142 4452 21.
2169 4396 2272 4464 Qui
2305 4411 2420 4452 rem
2460 4410 2615 4451 suam
2645 4408 2768 4451 esse
2802 4393 3025 4465 iuravit,
3049 4401 3102 4448 et
3130 4391 3341 4447 fructus
3372 4401 3427 4447 ct
3465 4391 3570 4446 foe-

1907 4484 1954 4544 D
1983 4499 2159 4546 turam
2187 4487 2459 4560 pecudum
2495 4486 2652 4557 petit.

2047 4582 2141 4638 22.
2172 4580 2549 4637 Juramentum
2594 4577 2880 4635 sententia:
2904 4577 3013 4631 vim
3048 4575 3280 4631 obtinet.
3314 4573 3444 4630 Nam
3477 4577 3574 4646 qui

1975 4674 2343 4744 juramentum
2367 4670 2562 4739 defert,
2588 4670 2885 4728 adversarii
2910 4669 2994 4725 sui
3020 4669 3262 4741 judirem
3295 4684 3354 4724 se
3389 4668 3571 4723 facere

1981 4767 2214 4823 videtur.

2048 4858 2142 4913 25.
2171 4856 2345 4929 Ignoti
2378 4864 2544 4913 testes
2568 4859 2732 4913 etiam
2758 4853 3155 4926 quaestionibus
3184 4853 3567 4924 subjiciuutor,

1981 4951 2026 5007 si
2056 4965 2196 5020 opus
2229 4949 2414 5004 fuerit.

2049 5043 2143 5098 94.
2171 5040 2231 5096 In
2270 5039 2682 5112 exceptionibus
2715 5052 2840 5095 reus
2865 5047 3128 5094 oneratur
3158 5037 3499 5109 probatione.
3609 5065 3614 5074 ε

2051 5230 2144 5286 25.
2175 5230 2312 5286 Cum
2345 5238 2515 5286 testes
2563 5228 2667 5285 sibi
2698 5226 2832 5299 ipsis
2859 5227 3240 5293 adversantur,
3267 5235 3350 5280 vet
3381 5223 3565 5280 diver-

1979 5340 2061 5391 sa,
2097 5323 2183 5380 vel
2220 5323 2346 5378 ficta
2377 5322 2685 5379 testimonia
2719 5319 3006 5392 proferunt
3041 5337 3057 5376 ι
3091 5330 3220 5375 tunc
3259 5318 3424 5389 judex
3459 5315 3564 5370 flde

1980 5418 2254 5490 digniores
2288 5434 2355 5475 ex
2390 5417 2469 5472 eis
2505 5415 2774 5484 admittat,
2829 5424 2886 5470 et
2933 5421 3218 5483 suspectos
3255 5409 3472 5483 puniat,
3515 5405 3564 5462 si

1980 5509 2105 5565 data
2137 5525 2300 5582 opera
2329 5508 2576 5579 improbe
2601 5522 2764 5580 agere
2792 5507 2895 5564 visi
2926 5503 3151 5561 fuerint.
