4050 6428
418 303 445 337 ιτ

416 303 521 363 535
1455 307 1594 371 CON
1604 308 1970 370 STANTIN]:
2008 308 2689 378 PORPHYROGENITI
3575 327 3677 385 536

478 411 572 468 9.6.
603 410 707 479 Qui
736 412 1036 470 advocatus
1069 414 1122 470 in
1147 413 1331 486 aliqua
1370 430 1543 472 causa
1571 416 1695 483 fuit,
1725 417 1781 472 in
1804 417 1990 473 eadem

2172 424 2286 490 κς¹.
2333 425 2390 479 '0
2419 430 2799 500 συνηγορήσας
2834 430 2891 483 ἐν
2917 429 3197 498 ὑποθέσει,
3230 430 3291 485 οὗ
3325 436 3596 506 μαρτυρεῖ
3621 436 3685 489 ba

403 519 516 561 non
545 513 630 560 est
654 506 831 561 testis.

472 597 568 653 27.
603 597 934 655 Prohibetur
960 612 1087 657 esse
1117 603 1276 657 testis
1306 599 1579 671 impubes,
1611 615 1825 670 servus,
1862 614 1988 656 sur-

403 689 532 757 dus,
563 699 619 747 et
640 702 852 757 mutus,
877 701 971 747 aut
1003 691 1264 758 furiosus,
1296 702 1393 749 aut
1420 692 1560 749 illius
1589 692 1823 749 familias
1862 707 1993 764 pro-

404 782 588 854 digus,
627 798 753 841 cum
777 794 932 855 pater
956 783 1078 855 ejus
1098 784 1167 840 ab
1194 783 1304 841 alio
1335 782 1571 856 scriptus
1599 784 1768 843 fuerit
1793 786 1988 842 haeres.

910 984 1218 1043 TITULUS
1267 984 1488 1043 XXVII.

948 1076 1026 1133 De
1065 1079 1447 1134 lransactione.

470 1186 796 1245 Transactio
852 1204 950 1261 per
1008 1191 1360 1262 scripturam,
1397 1207 1522 1248 cum
1576 1193 1740 1248 trium
1769 1192 1991 1249 testium

398 1280 822 1352 subscriptione,
855 1281 966 1337 liat.
994 1280 1050 1338 Si
1084 1283 1206 1352 quis
1233 1299 1405 1350 annos
1439 1285 1619 1341 aetatis
1651 1284 1826 1356 plena:
1854 1298 1990 1339 non-

397 1374 526 1428 dum
565 1375 792 1440 habens,
818 1390 940 1430 cum
976 1376 1159 1447 aliquo
1190 1378 1606 1449 transegerit,et
1639 1387 1861 1449 propter
1891 1376 1994 1430 im-

397 1466 793 1536 perfectionem
834 1468 1374 1543 annorum-fortasse
1403 1480 1750 1541 contemptus
1773 1510 1790 1534 ,
1823 1474 1878 1523 et
1914 1466 1995 1523 af-

398 1555 576 1614 fectus
610 1558 810 1615 damno
849 1558 1038 1628 fuerit,
1084 1575 1150 1617 ac
1192 1561 1351 1631 plene
1401 1562 1663 1629 deinceps
1705 1559 1904 1628 viginti
1938 1568 1996 1614 et

397 1650 643 1720 quinque
667 1660 829 1708 natus
854 1666 1050 1724 annos,
1075 1654 1333 1707 damnum
1365 1651 1466 1709 sibi
1499 1653 1651 1724 prius
1675 1651 1879 1706 illatum
1908 1648 1996 1704 in-

2101 519 2262 588 αὐτῇ.

2170 611 2276 679 κζ’.
2315 614 2605 670 κωλύεται
2639 618 2944 690 μαρτυρεῖν
2969 617 2999 673 ὁ
3033 617 3256 690 ἄνηϐος,
3301 618 3542 689 οἰκέτης,
3573 636 3685 673 κω-

2100 703 2222 773 φὸς»
2266 705 2362 758 καὶ
2389 704 2608 772 diales.
2656 707 2691 779 ἢ
2726 710 3075 779 μαινόμενος,
3124 710 3394 782 ἢᾶσωτος
3437 709 3551 772 υίὸς
3576 710 3685 762 ὑπ-

2099 793 2363 863 εξούσιος,
2386 797 2479 850 ὅτε
2506 798 2536 850 ό
2562 798 2746 871 πατὴρ
2774 800 2941 855 αὐτοῦ
2981 804 3113 875 παρ’
3138 802 3303 859 ἄλλου
3334 795 3521 874 γραφῇ
3549 801 3684 871 κλη-

2103 887 2349 958 ρονόμος.

2682 1006 2932 1061 ΤΙΤΛΟΣ
2971 1008 3097 1064 ΚΖ’.

2618 1095 2758 1165 Περὶ
2797 1097 3161 1168 διαλύσεως.

2182 1207 2249 1259 Ἦ
2281 1204 2523 1269 διάλυσις
2558 1206 2874 1277 ἐγγράφως,
2902 1206 2970 1260 δι’
2995 1208 3323 1279 ὑπογραφῆς
3346 1207 3516 1280 τριῶν
3543 1222 3685 1278 μαρο

2100 1299 2303 1370 τύρων,
2327 1296 2595 1368 γενέσθω.
2643 1293 2770 1353 Ἐάν
2818 1317 2903 1364 τις
2950 1300 3060 1354 τῶν
3100 1301 3308 1372 χρόνων
3341 1300 3416 1372 μὴ
3450 1298 3526 1353 ὣν
3565 1298 3683 1354 διὰ-

2099 1394 2256 1447 λυσιν
2285 1393 2494 1464 ποιήσῃ
2527 1391 2663 1464 πρός
2691 1410 2836 1459 τινα,
2897 1392 2993 1447 καὶ
3045 1393 3135 1448 διὰ
3172 1394 3272 1464 τὴν
3319 1392 3427 1447 τῶν
3473 1390 3683 1462 χρόνων

2102 1485 2354 1539 ἀτέλειαν
2381 1486 2513 1549 ῐσως
2544 1485 2956 1557 καταφρονηθῇ,
2987 1486 3082 1539 καὶ
3115 1485 3310 1558 βλαϐῇ,
3351 1487 3445 1539 καὶ
3474 1486 3555 1548 εἰς
3581 1482 3683 1553 τὴν
3799 1539 3804 1543 ,

2100 1576 2209 1630 τῶν
2242 1577 2582 1632 εἰκοσιπέντε
2635 1580 2842 1650 χρόνων
2873 1581 3150 1635 ἐντέλειαν
3181 1579 3386 1652 διαγνῷ
3415 1579 3512 1650 τὴν
3547 1594 3685 1649 προ-

2101 1668 2401 1742 γενομένην
2441 1669 2593 1741 αὑτῷ
2644 1670 2869 1743 βλάϐην,
2903 1673 3089 1728 ἄδειαν
3121 1674 3292 1744 ἐχέτω
3336 1672 3487 1744 παρά
3530 1673 3688 1726 δικα-

399 1738 705 1805 tellexerit;
747 1723 1074 1810 potestatem
1106 1741 1306 1797 habeat
1338 1723 1530 1811 agendi
1570 1740 1711 1796 hanc
1772 1753 1990 1795 causam

2103 1723 2260 1823 σταῖς
2307 1723 2479 1814 xiver

397 1830 539 1898 apud
562 1830 796 1900 iudices,
828 1847 892 1887 ac
918 1832 1151 1887 veritate
1182 1830 1430 1903 probata,
1459 1830 1549 1902 jus
1576 1831 1627 1886 ei
1659 1843 1819 1887 suum
1864 1843 1985 1885 ser-

400 1932 580 1978 vatur.

902 2035 1206 2093 TITULUS
1254 2034 1495 2093 XXVIII.

867 2125 1099 2183 l’aenalis
1147 2129 1524 2183 criminalium.

473 2237 528 2293 1.
554 2235 727 2294 Nemo
753 2238 1157 2311 confugientem
1187 2240 1253 2294 ad
1279 2241 1591 2307 ecclesiam,
1621 2242 1673 2296 vi
1703 2238 1991 2297 abstrahi-

400 2340 457 2386 to
490 2347 505 2388 :
541 2333 637 2388 sed
667 2333 916 2404 coniuga}
963 2347 1185 2388 causam
1238 2333 1493 2404 episcopo
1521 2332 1872 2389 manifestam
1902 2331 1989 2387 fa-

399 2423 532 2489 cito,
563 2434 616 2481 et
645 2425 713 2479 ab
745 2439 833 2491 eo,
867 2425 1213 2482 cautionibus
1250 2426 1762 2495 intervenientibus,
1795 2425 1991 2483 confu-

399 2515 634 2586 gientem
662 2516 730 2572 ad
770 2517 1062 2573 ecclesiam
1108 2518 1362 2589 accipiat,
1405 2526 1465 2576 ut
1512 2519 1578 2574 de
1614 2518 1883 2575 intentato
1914 2517 1989 2573 illi

398 2608 576 2676 capite
606 2605 844 2677 legitime
879 2617 1159 2678 qnzeratur
1192 2617 1247 2663 et
1271 2618 1487 2679 agatur.
1521 2607 1676 2675 Quod
1702 2608 1749 2664 si
1780 2609 1866 2665 cui
1899 2623 1989 2678 po-

400 2698 510 2753 tius
545 2700 722 2753 visum
770 2699 951 2763 fuerit,
982 2715 1367 2770 quemcunque
1400 2699 1691 2773 coniugam
1723 2715 1884 2755 manu
1921 2701 1990 2755 ab

398 2790 631 2846 ecclesia
662 2789 880 2846 auferre
913 2809 929 2847 :
968 2790 1015 2847 is
1040 2790 1235 2848 allacta
1275 2791 1485 2864 (ﬂagra)
1524 2792 1812 2850 duodecim
1844 2792 1990 2848 acci-

399 2881 537 2952 piat,
566 2896 676 2952 quo
723 2880 892 2950 facto,
938 2898 1104 2940 causa
1139 2883 1407 2954 coniuges.
1439 2900 1537 2941 ceu
1568 2887 1726 2942 decet
1775 2885 1989 2941 exami-

400 2980 582 3028 nctnr.

470 3064 527 3119 2.
560 3064 645 3132 Ei,
681 3065 772 3137 qui
808 3066 876 3123 de
902 3068 1171 3124 sententia
1196 3067 1422 3138 judicis,
1455 3068 1539 3124 vel
1578 3068 1794 3125 dicendi
1836 3067 1989 3124 testi-

409 3157 585 3214 monii
620 3173 786 3213 causa
817 3159 1156 3229 producitur,
1205 3160 1292 3218 vel
1323 3161 1652 3217 adversariis
1675 3160 1991 3232 urgentibus
2018 3133 2061 3190 θ

399 3262 556 3305 sacra
596 3247 691 3304 Dei
718 3250 1009 3322 Evangelia
1047 3252 1235 3325 tangit,
1254 3260 1310 3308 et
1335 3252 1715 3324 jusjurandum
1746 3259 1990 3324 praestat,

405 3354 473 3396 ac
497 3340 692 3398 deinde
711 3343 961 3416 perjurus
983 3342 1105 3400 esse
1134 3344 1420 3415 probatur,
1453 3344 1634 3415 lingua
1661 3342 1989 3416 praeciditor.

467 3530 522 3586 ὅ.
562 3527 665 3598 Qui
698 3530 964 3588 adversus
989 3531 1374 3602 imperatorem
1409 3535 1597 3591 turbas
1626 3533 1887 3611 concitat,
1905 3533 1991 3589 vel

396 3622 626 3680 insidias
664 3625 846 3692 struit,
871 3624 955 3679 vel
991 3624 1391 3693 conjurationes
1418 3625 1681 3682 adversus
1712 3640 1866 3690 eum,
1910 3624 1992 3680 vel

395 3717 656 3774 adversus
699 3717 1087 3788 rempublicam
1132 3717 1504 3773 Christianam
1550 3717 1774 3775 molitur
1799 3757 1815 3784 ,
1842 3718 1993 3790 ejus-

399 3809 542 3866 modi
590 3809 863 3865 hominem
915 3824 1015 3880 par
1079 3810 1297 3881 quidem
1351 3824 1491 3877 erat,
1549 3810 1637 3867 illa
1690 3811 1808 3882 ipsa
1857 3810 1990 3867 hora

401 3910 580 3957 morte
618 3901 784 3967 allici,
832 3902 999 3958 veluti
1028 3904 1119 3971 qui
1165 3901 1591 3958 destructionem
1638 3917 1821 3958 rerum
1863 3903 1987 3957 uni-

399 3993 665 4050 versalem
698 3994 989 4051 meditatus
1012 3994 1195 4050 fuerit.
1220 3984 1423 4051 Verum
1457 4009 1528 4050 ne
1547 3996 1638 4065 qui
1663 4010 1791 4068 erga
1812 4011 1982 4067 quos-

399 4087 527 4142 dam
553 4087 873 4159 plerumque
891 4087 1158 4145 hostiliter
1194 4087 1402 4157 affecti,
1436 4089 1586 4145 nullo
1609 4091 1982 4145 intervenien-

406 4190 461 4235 te
502 4177 709 4249 judicie
764 4179 1116 4247 interﬁciant,
1173 4181 1582 4247 satisfactiones
1617 4191 1990 4251 extremolco-

403 4280 534 4327 natu
578 4269 899 4337 afferentes,
925 4304 941 4321 μ
964 4286 1128 4342 quam
1185 4274 1355 4329 multa
1401 4273 1610 4330 scilicet
1665 4273 1741 4329 illi
1799 4284 1988 4331 contra

403 4364 744 4432 majestatem
795 4365 1060 4436 principis
1115 4366 1282 4423 locuti
1333 4368 1446 4423 sint
1489 4384 1504 4421 :
1553 4376 1776 4439 oportet
1827 4369 1970 4424 hunc

2093 1844 2586 1924 ἀποδεικνυμένης,
2616 1853 2970 1924 φυλαττέσθω
2992 1853 3159 1909 αὑτοῦ
3182 1854 3242 1909 τὸ
3269 1854 3502 1910 δίκαιον.

2372 2104 2384 2114 ,
2668 2047 2923 2103 ΤΙΤΛΟΣ
2959 2047 3097 2104 KH'.

2387 2139 2708 2208 Ποινάλιος
2736 2141 2856 2195 τῶν
2876 2142 3356 2214 ἐγκληματικῶν.

2163 2251 2236 2306 α’.
2276 2252 2486 2323 Μηδεὶς
2511 2254 2604 2308 τὸν
2629 2255 2898 2327 ἐκκλησίᾳ
2946 2256 3363 2328 προσφεύγοντα
3393 2255 3485 2328 βία
3512 2256 3681 2326 ἀφαι-

2095 2341 2316 2414 ρείσθω,
2342 2342 2479 2397 ἀλλά
2506 2344 2606 2413 τὴν
2627 2344 2809 2398 αἰτίαν
2836 2343 2932 2398 τοῦ
2977 2345 3296 2416 πρόσφυγος
3338 2345 3685 2417 δηλοποιήτω

2090 2432 2167 2504 τῷ
2194 2434 2351 2505 ἱερεῖ,
2380 2434 2472 2488 καὶ
2506 2434 2637 2507 παρ’
2666 2434 2834 2488 αὐτοῦ
2868 2436 3006 2506 μετὰ
3038 2436 3148 2492 τῶν
3172 2436 3434 2507 ἀσφαλῶν
3481 2437 3687 2510 [ἀσφα-

2090 2526 2273 2598 λειῶν]
2304 2527 2782 2598 παραλαμϐανέτω
2803 2528 2895 2581 τὸν
2921 2529 3361 2601 προσφεύγοντα,
3390 2529 3487 2583 τοῦ
3518 2529 3678 2601 νομί-

2094 2636 2211 2691 μως
2238 2621 2541 2692 ζητηθῆναι
2582 2621 2680 2674 καὶ
2709 2620 3056 2693 διοικηθῆναι
3094 2620 3157 2675 τὸ
3182 2620 3301 2675 κατ’
3324 2620 3491 2675 αὐτοῦ
3517 2620 3683 2688 κεφά-

2090 2711 2264 2766 λαιον.
2297 2710 2366 2764 Εἴ
2394 2728 2474 2774 τις
2518 2711 2805 2781 δοκιμάσει
2834 2711 2982 2782 χειρὶ
3011 2711 3120 2765 ἀπὸ
3160 2712 3460 2785 ἐκκλησίας
3508 2712 3684 2782 7:960-

2095 2822 2245 2875 φυγα
2295 2806 2505 2876 ἐπᾶραι
2551 2804 2644 2859 τὸν
2701 2803 3039 2879 οίονδήποτε,
3090 2807 3119 2859 ὁ
3172 2803 3419 2870 τοιοῦτος
3469 2804 3685 2859 δώδεκα

2091 2897 2335 2952 ἀλλακτά
2365 2896 2713 2967 λαμϐανέτω,
2761 2898 2855 2951 καὶ
2892 2897 3017 2951 τότε
3051 2898 3193 2953 κατά
3245 2898 3307 2951 τὺ
3349 2897 3562 2969 πρέπον
3615 2896 3681 2950 τὸ

2092 2987 2188 3043 τοῦ
2219 2986 2386 3042 αὐτοῦ
2415 2987 2731 3059 πρόσφυγος
2753 2986 3023 3058 ζητείσθω
3043 2987 3359 3057 κεφάλαιον.
3493 2985 3499 2991 ⁷

2167 3083 2234 3154 β’.
2278 3082 2336 3136 ’0
2381 3083 2447 3136 ἐκ
2482 3081 2802 3152 δικαστικῆς
2833 3080 3099 3152 ψήφου,ἢ
3134 3081 3230 3135 καὶ
3257 3082 3351 3134 ἐπὶ
3401 3077 3682 3151 μαρτυρίᾳ

2097 3176 2506 3249 παραγόμενος,
2535 3175 2568 3247 ἢ
2597 3170 2659 3239 ἐξ
2704 3173 3002 3243 ἐπαγωγῆς
3045 3172 3331 3228 ἀντιδίκων
3362 3173 3683 3243 ἐφαπτόμε-

2096 3291 2186 3338 νος
2212 3271 2324 3327 τῶν
2347 3270 2522 3340 ἁγίων
2550 3267 2647 3323 τοῦ
2673 3268 2812 3323 Θεοῦ
2838 3268 3213 3345 Εὐαγγελίων.
3232 3268 3328 3322 καὶ
3351 3266 3675 3337 ὀμνύμενος,

2096 3366 2356 3438 ἐπίορκος
2384 3364 2444 3419 δὲ
2475 3362 2618 3436 μετά
2641 3359 2816 3418 ταῦτα
2854 3361 3344 3434 ἀποδεικνύμενος,
3369 3360 3682 3431 γλωσσοκοο

2096 3456 2325 3514 πείσθω.

2164 3551 2234 3621 γ’.
2273 3550 2332 3604 '0
2371 3548 2514 3604 κατὰ
2555 3546 2837 3618 βασιλείας
2876 3545 3160 3619 φατρίξων
3224 3543 3613 3619 [φατρίάεων]’
3644 3542 3682 3615 ἦ

2094 3641 2623 3712 ἐπιϐουλευόμενος,
2667 3638 2703 3709 ἦ
2747 3639 3074 3711 συνομοσίας
3119 3640 3241 3693 κατ’
3276 3637 3468 3703 αὑτοῦ,
3504 3637 3537 3707 ἢ
3579 3636 3683 3705 τῆς

2094 3733 2373 3797 πολιτείας
2399 3732 2510 3786 τῶν
2536 3729 2878 3802 Χριστιανῶν
2924 3729 3119 3796 ποιῶν,
3165 3728 3258 3783 τὸν
3305 3729 3408 3800 μὲν
3435 3725 3683 3781 τοιοῦτον

2093 3828 2305 3902 ἥρμοζε
2349 3826 2492 3881 κατά
2520 3825 2622 3896 τὴν
2650 3825 2805 3897 ὥραν
2868 3823 3259 3888 θανατοῦσθαι,
3313 3823 3391 3887 ὡς
3451 3823 3549 3894 τὴν
3583 3819 3687 3875 τοῦ

2093 3920 2295 3986 παντὸς
2319 3919 2617 3975 κατάλυσιν
2648 3916 3047 3989 μελετήσαντα.
3094 3915 3234 3970 Ἀλλ’
3286 3914 3374 3969 ἵνα
3426 3916 3501 3986 μή
3534 3930 3684 3977 τινες

2092 4017 2188 4073 καὶ
2239 4013 2528 4089 ἐχθρωδῶς
2591 4011 2851 4076 πολλάκις
2901 4010 3241 4078 διακείμενοι
3303 4008 3445 4082 πρός
3497 4023 3678 4070 τινας,

2092 4107 2335 4180 ἀκρίτως
2383 4104 2742 4176 φονεύσωσιν,
2792 4102 3095 4171 ἀπολογίας
3152 4101 3401 4173 ἐσχάτως
3433 4097 3679 4171 προσφέ-

2097 4217 2303 4273 ροντες,
2334 4201 2435 4254 ὅσα
2464 4197 2610 4252 κατὰ
2642 4196 2744 4267 τῆς
2798 4194 3079 4266 βασιλείας
3110 4193 3406 4265 ἐλάλησαν,
3436 4193 3554 4246 δέον
3585 4190 3682 4244 τὸν

2090 4294 2336 4350 τοιοῦτον
2368 4291 2512 4347 κατὰ
2542 4292 2636 4345 τὸν
2664 4291 2831 4345 τόπον
2861 4288 2967 4343 ὑπὸ
2998 4287 3228 4361 στερεὰν
3255 4286 3505 4356 φυλακὴν
3533 4283 3684 4353 γίνε-

2094 4389 2240 4452 σθαι,
2274 4386 2369 4441 καὶ
2405 4386 2476 4440 τὰ
2518 4386 2652 4455 περὶ
2680 4381 2873 4437 τούτου
2926 4380 3139 4452 βασιλεί
3161 4377 3561 4451 ἀναφέρεσθαι,
3585 4375 3684 4431 καὶ

399 4455 674 4513 hominem
732 4471 799 4512 eo
860 4457 980 4514 loco
1029 4459 1132 4513 sub
1169 4458 1323 4513 ﬁrma
1382 4458 1568 4515 haberi
1616 4461 1884 4528 custodia,
1932 4469 1988 4517 et

2100 4481 2278 4545 καθὼς
2325 4478 2510 4534 λοιπὸν
2566 4475 2733 4542 αὐτὸς
2788 4478 3078 4549 ἀνακρινεῐ
3129 4474 3227 4530 καὶ
3285 4471 3682 4545 βουλεύσεται.

402 4548 578 4618 ipsius
605 4548 913 4605 molitiones
942 4549 1013 4604 ad
1048 4549 1432 4620 imperatorem
1456 4552 1670 4618 referri,
1692 4567 1758 4609 ac
1787 4568 1984 4623 quern-

402 4642 693 4699 admodum
728 4641 818 4699 ille
863 4642 1122 4714 deinceps
1173 4659 1291 4700 rem
1333 4645 1660 4713 examinarit
1686 4645 1988 4703 etconsul-

402 4734 553 4801 tarit,
593 4733 791 4791 facere.

473 4825 530 4883 4.
561 4824 642 4882 De
673 4826 972 4882 homicidia.
997 4858 1069 4868 —
1100 4828 1202 4896 Qui
1230 4819 1421 4885 volens
1447 4829 1669 4897 occidit,
1698 4827 1991 4901 cujuscun-

402 4931 509 4987 que
545 4916 722 4972 aelatis
767 4925 871 4984 est,
914 4917 1091 4988 gladio
1127 4919 1367 4989 punitor.
1416 4918 1472 4974 Si
1521 4934 1651 4975 vero
1693 4933 1990 4990 percussus

401 5026 512 5069 non
544 5011 875 5079 decesserit,
909 5027 1103 5070 manus
1141 5015 1224 5081 ei,
1270 5016 1361 5087 qui
1391 5014 1589 5071 vulnus
1622 5015 1838 5083 inﬂixit,
1881 5032 1992 5070 am-

400 5115 621 5176 putator
650 5123 666 5161 :
702 5107 844 5176 quod
873 5106 1097 5162 omnino
1125 5106 1307 5176 gladio
1327 5107 1601 5162 hominem
1633 5106 1799 5162 ferire
1827 5106 1990 5163 fuerit

397 5216 584 5259 ausus.

468 5292 525 5346 5.
563 5293 621 5349 Si
651 5294 771 5364 quis
814 5309 1032 5350 servum
1079 5293 1213 5349 loris
1255 5302 1352 5349 aut
1396 5293 1632 5350 fustibus
1670 5295 1946 5349 caeciderit
1973 5337 1989 5362 ,

399 5394 565 5455 atque
586 5384 677 5441 ille
692 5387 1017 5448 decesserit,
1053 5385 1309 5442 dominus
1334 5387 1456 5457 ejus
1489 5397 1548 5441 ut
1567 5387 1836 5445 homicida
1859 5404 1990 5445 con-

402 5479 709 5534 demnatur.
733 5479 830 5534 Sin
850 5496 974 5536 cum
1002 5479 1291 5535 immodice
1315 5482 1600 5536 tormentis
1625 5482 1879 5554 subjecit,
1897 5492 1991 5537 aut

401 5583 617 5626 veneno
669 5572 909 5641 sustulit,
945 5572 1029 5626 vel
1074 5572 1301 5638 adussit,
1336 5572 1605 5641 plcetitor,
1643 5575 1719 5628 uti
1765 5576 1858 5645 qui
1885 5590 1987 5630 cce-

402 5659 523 5714 dem
555 5661 852 5718 admiserit.

440 5764 447 5773 ·
474 5752 529 5807 8.
558 5750 616 5809 Si
648 5754 764 5810 rixa
787 5759 842 5814 in
869 5759 1129 5826 quosdam
1155 5759 1415 5830 excitata,
1442 5773 1590 5819 mors
1626 5758 1987 5828 quorumdam

2094 4574 2291 4630 ποιεῖν.

2162 4839 2227 4895 δ’.
2250 4838 2393 4908 Περὶ
2419 4836 2677 4908 φονέων.
2701 4865 2764 4877 -
2784 4833 2844 4890 ’0
2871 4831 3116 4904 φονεύων
3136 4829 3422 4894 ἑκουσίωθ
3452 4827 3679 4898 δικῶν

2093 4950 2225 4988 ποτε
2256 4931 2473 4997 ἡλικίας
2500 4931 2636 4995 ἐστὶ,
2665 4928 2814 4999 ξίφει
2844 4924 3227 4997 τιμωρείσθω·
3256 4924 3305 4977 εἰ
3333 4922 3391 4977 δὲ
3415 4922 3516 4976 οὐκ
3542 4921 3684 4975 ἀπο-

2093 5022 2284 5095 θάνῃὸ
2313 5021 2567 5092 πληγεὶς,
2602 5014 3035 5092 χειροκοπείσθω
3085 5018 3114 5069 ὁ
3160 5014 3438 5077 δεδωκὼς,
3488 5011 3556 5066 δι’
3603 5005 3684 5064 ὢν

2091 5116 2231 5178 ὅλως
2263 5110 2405 5184 μετὰ
2435 5112 2622 5183 ξίφους
2654 5109 2841 5166 δοῦναι
2872 5108 3198 5179 ἐτόλμησεν.

2161 5300 2223 5348 ε’.
2269 5292 2396 5347 Ἐάν
2442 5309 2528 5355 τις
2567 5292 2659 5345 τξν
2709 5292 2840 5345 ἴδιον
2882 5290 3105 5362 οἰκέτην
3154 5290 3351 5362 λὼροις
3389 5291 3422 5362 ἦ
3459 5289 3685 5362 ῥάϐδοις

2092 5388 2263 5460 τύψῃ,
2293 5386 2389 5440 καὶ
2415 5386 2687 5458 ἀποθάνῃ,
2708 5384 3104 5456 κατακρίνεται
3126 5387 3154 5439 ὀ
3185 5385 3456 5455 δεσπότης
3488 5382 3684 5448 αὐτοῦ,

2094 5480 2169 5543 ὡς
2203 5477 2550 5549 ἀνδροφόνος.
2597 5476 2661 5530 Εἰ
2697 5477 2756 5530 δέ
2786 5476 3042 5546 ἀμέτρως
3073 5476 3240 5529 αὑτὸν
3273 5475 3618 5536 ἐϐασάνισεν,
3645 5471 3683 5542 ἦ

2096 5574 2376 5643 φαρμάκῳ
2409 5568 2644 5632 ἀνεῖλεν,
2701 5567 2735 5639 ἢ
2798 5565 3201 5637 προσέκαυσεν,
3257 5563 3333 5628 ὡς
3387 5562 3547 5633 φόνον
3583 5576 3686 5613 πε-

2096 5664 2345 5734 ποιηκὼς
2375 5660 2751 5733 τιμωρείσθω.

2167 5763 2240 5825 ς’·
2286 5757 2411 5814 Ἐὰν
2462 5755 2641 5828 μάχης
2699 5754 2903 5827 μεταξῦ
2949 5753 3113 5811 τινῶν
3146 5750 3444 5822 γινομένης
3496 5746 3683 5821 συμϐῇ
