4050 6420
336 317 440 384 537

1608 323 2003 386 DELECTUS
2044 324 2188 386 LEG
2197 325 2330 387 UM.

3485 325 3596 391 538

335 437 563 491 θάνατον
592 433 903 504 προελθεῖν,
935 424 1400 507 ’συγκρινέτωσαν
1425 438 1476 494 οί
1509 438 1779 510 ἀκροαταὶ
1809 440 1906 494 καὶ

2028 444 2353 506 ίιιεοοεεοτῑι,
2397 439 2688 495 conferant
2737 438 2882 494 inter
2935 451 2995 493 se
3021 437 3253 508 iudices,
3290 446 3344 495 et
3389 440 3597 499 instru-

335 526 676 599 τηρείτωσαν
708 527 776 581 τὰ
809 527 1039 599 ὄργανα,
1073 527 1138 581 δι’
1172 521 1249 582 ὧν
1292 530 1662 601 κατειργάσθη
1693 533 1722 584 6
1749 529 1913 584 θάνα⁶

333 639 446 685 τος.
473 620 585 673 Καὶ
606 621 654 673 εἰ
687 618 892 690 εὕρωσι
923 620 1011 676 διὰ
1032 621 1207 688 ξύλων
1235 623 1481 690 τελείων,
1534 623 1569 693 ἧ
1616 622 1781 676 λίθων
1809 640 1910 694 με-

2011 540 2190 586 tncnta
2219 532 2588 595 considerent,
2619 546 2720 602 per
2749 545 2870 601 quae
2908 529 3086 584 caedes
3120 539 3427 600 perpetrata
3467 533 3597 587 fuit.

2007 625 2086 680 Ac
2105 623 2150 679 si
2180 623 2402 694 quidem
2460 621 2946 693 deprehenderint,
2988 622 3222 678 fustibus
3262 623 3472 689 solidis,
3505 632 3600 678 aut

333 715 541 784 γάλων,
601 713 637 783 ἢ
693 713 938 768 λακτέων
987 715 1080 769 τὸν
1133 716 1294 785 φόνον
1344 716 1622 787 γενέσθαι,
1670 717 1699 770 6
1751 715 1913 770 τοῦτο

2028 713 2222 783 nagnis
2259 712 2547 782 lapidibus,
2599 721 2694 768 aut
2748 711 2946 768 calcib.
2998 711 3202 768 eadem
3251 711 3593 777 admissam,

333 806 529 872 ποιῶν,
560 807 1011 876 χειροκοπείσθω.

403 900 470 964 ζ’.
512 900 577 953 El
614 899 672 954 δὲ
715 900 781 952 δι’
829 900 1080 971 ἐλαφρῶν
1121 919 1284 956 τινων
1326 901 1508 974 συμϐῇ
1540 901 1795 970 γενέσθαι
1821 901 1916 958 τὸν

334 991 589 1058 θάνατον,
613 990 912 1045 τύπτεσθαι
944 991 1109 1046 αὑτὸν
1160 993 1256 1048 κα)⁸
1282 992 1651 1057 ὲΡοοίζεσθαι.

403 1175 479 1237 η’.
517 1167 576 1220 '0
607 1166 668 1218 ὲν
698 1166 848 1238 μάχῃ
881 1166 1022 1237 μετὰ
1054 1167 1240 1238 χειρὸς
1264 1166 1488 1223 τύπτων
1519 1169 1610 1222 καὶ
1645 1169 1915 1236 φονεύων,

333 1253 625 1306 τυπτέσθω
654 1254 748 1306 καὶ
782 1254 1130 1324 ἐξοριζέσθω,
1153 1257 1230 1340 (ξς
1256 1257 1531 1322 ἀκουσίως
1553 1259 1821 1328 φονεύων.

406 1371 479 1435 η’.
505 1365 646 1432 Περὶ
673 1363 922 1434 μοιχῶν.
946 1365 1089 1420 -Ὀ
1116 1367 1196 1430 είς
1226 1371 1462 1436 γυναῖκα
1497 1367 1770 1439 ὔπανδρον
1796 1387 1917 1440 μοι·

337 1457 534 1528 χεύων,
568 1457 964 1526 ῥινοκοπείσθω
990 1459 1086 1511 καὶ
1107 1459 1295 1526 αὐτὸς,
1332 1459 1429 1513 καὶ
1462 1461 1496 1531 ἡ
1539 1461 1809 1531 μοιχαλὶς,
1841 1463 1920 1526 ὡς

342 1549 595 1603 ἐντεῦθεν
618 1548 903 1619 χωρισμοῦ
933 1550 1219 1620 γινομένου
1242 1590 1258 1615 ,
1287 1553 1380 1605 καὶ
1404 1551 1682 1618 ἀπωλείας
1709 1555 1918 1608 τέκνων

351 1639 807 1710 προσερχομένης,
841 1640 936 1693 καλ⁵
963 1639 1058 1694 τοῦ
1091 1643 1376 1713 Κυριακοῢ
1415 1645 1576 1714 λόγου
1607 1646 1682 1718 μὴ
1711 1647 1920 1717 φυλατ-

355 1733 591 1801 τομένου,
621 1731 718 1784 τοῦ
740 1731 1211 1798 διδάσκοντος,ὃτι
1243 1735 1273 1788 6
1294 1735 1428 1800 Θεὸς
1460 1738 1542 1800 είς
1568 1738 1750 1806 σάρκα
1787 1739 1918 1810 μίαν

350 1823 565 1886 τούτους
593 1825 900 1894 συνήνωσε·
961 1829 1100 1896 μετὰ
1151 1827 1303 1882 δὲτὸ
1356 1830 1784 1902 ῥινοκοπηθῆναι
1817 1832 1919 1903 τὴν

343 1915 651 1985 μοιχαλίδα,
709 1916 1010 1986 λαμϐάνειν
1065 1917 1236 1989 αὐτὴν
1279 1918 1350 1972 τὰ
1397 1919 1507 1974 ίδια
1557 1922 1728 1992 αὐτῆς
1777 1923 1918 1993 πρά-

337 2026 549 2079 γματα,
602 2011 745 2084 ἅπερ
777 2012 1042 2081 εἰσήγαγε
1072 2012 1151 2082 τῷ
1183 2014 1340 2084 ἀνδρὶ
1392 2015 1582 2086 αὐτῆς,
1621 2016 1717 2069 καὶ
1752 2016 1920 2086 μηδὲν

2023 807 2234 862 auctori
2266 807 2433 862 caedis
2471 820 2666 862 manus
2689 815 3020 876 amputatur.

2083 898 2138 951 7.
2175 897 2274 955 Sin
2327 897 2536 952 levibus
2583 897 2906 967 quibusdam
2968 895 3346 952 instrumentis
3397 896 3600 952 caedem

2013 987 2132 1043 ﬂeri
2157 987 2469 1059 contigerit,
2491 997 2684 1044 auctor
2698 986 2814 1057 ejus
2827 988 3168 1055 verberator,
3185 996 3243 1045 et
3267 989 3321 1044 in
3345 989 3599 1046 exsilium

2015 1079 2270 1135 mittitur.

2086 1172 2142 1228 8.
2171 1171 2272 1240 Qui
2307 1171 2363 1227 in
2397 1171 2513 1227 rixa
2548 1186 2710 1228 manu
2749 1171 3004 1242 percutit,
3041 1185 3097 1230 et
3129 1173 3353 1240 occidit,
3399 1172 3601 1231 verbe-

2015 1274 2166 1319 rator
2197 1272 2252 1319 et
2283 1263 2572 1334 relegatur,
2604 1273 2664 1319 ut
2688 1263 3088 1320 involuntarius
3107 1265 3401 1321 homicida.

2087 1372 2144 1430 9.
2178 1371 2256 1429 De
2285 1373 2562 1429 adulteris.
2593 1402 2659 1417 —
2690 1373 2792 1440 Qui
2838 1371 3166 1430 adulterium
3212 1389 3334 1430 cum
3376 1375 3604 1430 muliere

2019 1465 2275 1520 maritata
2302 1466 2618 1534 committit,
2654 1474 2762 1520 tam
2797 1467 2930 1536 ipse,
2952 1481 3117 1536 quam
3166 1466 3406 1522 adultera
3437 1483 3604 1522 narcs

2019 1557 2234 1612 amittat
2281 1575 2296 1612 :
2347 1572 2469 1612 cum
2509 1573 2576 1613 ex
2619 1573 2684 1613 eo
2713 1557 2879 1625 facto,
2905 1559 3199 1614 divortium
3233 1569 3509 1629 sequatur,
3549 1568 3606 1614 et

2019 1649 2323 1706 interneciu
2354 1649 2646 1706 liberorum
2681 1650 2986 1720 proveniat,
3012 1661 3064 1706 et
3093 1651 3434 1706 Dominicnm
3473 1649 3602 1706 illud

2020 1740 2246 1795 verbum
2275 1754 2384 1795 non
2409 1751 2680 1808 servetur,
2713 1755 2820 1808 quo
2851 1739 3130 1806 docemur,
3157 1741 3326 1796 Deum
3358 1741 3420 1795 in-
3439 1755 3602 1795 unam

2022 1846 2240 1889 carnem
2288 1833 2391 1888 hos
2438 1831 2808 1901 coniunxisse.
2847 1833 3206 1904 Posteaquam
3259 1848 3390 1889 vero
3442 1847 3607 1887 nares

2022 1923 2280 1980 adulterae
2315 1925 2554 1994 praecisa:
2600 1925 2822 1989 fuerint,
2871 1941 2960 1981 res
3016 1929 3128 1996 ipsa
3190 1940 3318 1980 suas
3370 1923 3607 1993 accipiat

2021 2031 2156 2086 quas
2181 2017 2250 2072 ad
2281 2018 2457 2072 virum
2489 2033 2645 2073 suum
2694 2017 2913 2084 attulit,
2947 2031 3050 2074 nec
3083 2017 3230 2073 aliud
3266 2017 3560 2086 quidquam
3591 2031 3607 2069 :

335 2103 531 2172 ἕτερον
551 2119 566 2132 ⁸
601 2103 694 2156 τὸν
725 2103 782 2156 δὲ
817 2104 1006 2174 μοιχὸν
1037 2105 1102 2158 ὲκ
1128 2107 1226 2173 τῆς
1257 2106 1393 2171 ἰδίας
1422 2107 1682 2175 γυναικὸς
1711 2107 1785 2179 μὴ
1813 2126 1920 2178 χω-

2028 2107 2234 2164 adulter
2262 2116 2445 2165 autem
2475 2110 2544 2164 ab
2577 2125 2750 2165 uxore.
2791 2124 2887 2165 sua
2923 2125 3031 2165 non
3060 2118 3363 2178 separetur,
3393 2105 3609 2161 tametsi

335 2193 591 2265 ρίζεσθαι
608 2237 625 2261 ,
652 2197 702 2248 εί
725 2197 820 2250 καὶ
845 2196 1236 2268 ὲρινοκοπήθη.
1275 2197 1431 2252 Μετά
1453 2198 1654 2269 πολλῆς
1674 2199 1732 2252 δὲ
1759 2201 1920 2270 ἀκρι-

329 2287 495 2349 δείας
542 2287 606 2339 τὸ
656 2286 786 2358 περὶ
833 2287 1080 2358 μοιχείας
1133 2289 1403 2359 ζητείσθω
1447 2290 1768 2359 κεφάλαιον,
1826 2291 1920 2344 καὶ

327 2379 779 2450 ὲπιτηρείτωσαν
831 2381 882 2433 οἱ
935 2381 1205 2450 ἀκροαταὶ
1247 2381 1377 2445 τοὺς
1426 2381 1766 2452 κατηγόρους
1817 2382 1920 2452 τῆς

324 2471 596 2540 τοιαύτης
629 2470 960 2534 ὑποθέσεως.
990 2471 1101 2524 Καὶ
1130 2471 1180 2524 εί
1222 2473 1324 2542 μέν
1352 2475 1501 2526 ἐστιν
1534 2472 1665 2536 ίδιος
1692 2472 1854 2545 ἀνὴρ,
1883 2472 1918 2545 ἢ
1964 2547 1984 2561 ι

324 2563 358 2614 6
382 2563 573 2633 πατὴρ
595 2563 791 2631 αὐτῆς,
839 2564 872 2635 ἢ
902 2565 930 2616 6
962 2562 1214 2633 ἀδελφὸς,
1248 2563 1280 2634 ἢ
1319 2564 1464 2628 θεῖος
1506 2567 1535 2618 6
1568 2567 1919 2636 κατηγορῶν,

326 2655 701 2725 εύπιστοτέρα
735 2657 769 2726 ἡ
799 2657 1076 2727 πρόφασις
1103 2657 1206 2726 τῆς
1237 2657 1521 2730 ζητήσεως
1566 2658 1819 2726 γίνεται·
1869 2661 1920 2714 εί

323 2744 386 2796 δὲ
408 2745 554 2809 ξένοι
584 2742 726 2798 είσὶν
751 2745 804 2797 οί
833 2745 1289 2816 κατηγοροῦντες,
1313 2746 1431 2801 δέον
1451 2747 1829 2812 κανονίζεσθαι
1853 2747 1923 2802 τὰ

323 2835 628 2906 πρόσωπα,
661 2835 821 2900 ποίας
853 2836 1130 2900 πολιτείας
1186 2837 1295 2890 εἰσὶ
1324 2876 1340 2901 ,
1392 2837 1486 2891 καὶ
1534 2837 1760 2902 τούτους
1798 2855 1923 2894 κατ·

325 2927 762 2997 ασφαλίζεσθαι,
793 2930 890 2983 καὶ
916 2930 1169 2983 ἀπαιτεῖν
1217 2930 1418 2993 αὐτοὺς
1446 2931 1544 3002 τὴν
1570 2931 1701 2999 περὶ
1726 2931 1919 2984 τούτου

329 3019 637 3083 ἀπόδειξιν.
671 3021 779 3073 Καὶ
811 3022 860 3073 εί
894 3020 992 3090 μὲν
1029 3021 1358 3088 ἀποδείξωσι
1385 3021 1485 3088 τὴν
1535 3025 1806 3091 μοιχείαν,
1839 3023 1923 3091 ῥι-

2021 2212 2181 2254 nanes
2204 2198 2252 2253 ei
2278 2199 2518 2268 praecisae
2547 2199 2682 2256 sint.
2711 2199 2905 2270 Magna
2933 2214 3065 2255 vero
3096 2215 3222 2255 cum
3253 2198 3602 2254 accuratiunc

2021 2288 2274 2346 adulterii
2314 2297 2478 2360 caput
2510 2292 2874 2358 examinator,
2935 2299 2990 2347 et
3041 2299 3387 2346 accusatores
3440 2290 3491 2342 in
3546 2304 3611 2344 ea

2020 2393 2184 2435 causa
2215 2379 2426 2447 judices
2466 2380 2834 2436 considerent.
2874 2381 2952 2436 Ac
2981 2379 3026 2435 si
3054 2380 3271 2450 quidem
3315 2381 3399 2433 vir
3440 2379 3613 2448 ipsius

2021 2480 2126 2533 est,
2156 2479 2250 2524 aut
2279 2478 2433 2540 pater
2455 2469 2719 2535 mulieris,
2749 2471 3041 2538 autfrater,
3069 2479 3163 2523 aut
3192 2478 3418 2539 patruus
3437 2485 3614 2522 avun~

2021 2560 2267 2626 cuiusve,
2332 2562 2426 2630 qui
2495 2569 2719 2616 accusat
2759 2578 2774 2615 :
2823 2560 2929 2614 nde
2971 2560 3186 2628 dignior
3227 2559 3286 2613 fit
3345 2559 3616 2613 examinis

2022 2667 2210 2706 causa.
2263 2651 2359 2706 Sin
2399 2654 2649 2709 extranei
2680 2663 2826 2717 sunt,
2867 2652 2956 2720 qui
2999 2651 3404 2706 accusationem
3449 2650 3614 2704 insti-

2021 2750 2201 2810 tuunt,
2235 2744 2383 2800 velut
2415 2745 2482 2798 ad
2521 2744 2759 2815 regulam
2793 2745 3084 2814 quamdam
3116 2743 3460 2813 explorandae
3487 2751 3616 2796 sunt

2021 2850 2294 2906 personat,
2342 2835 2558 2906 qualetn
2593 2836 2759 2890 vitam
2797 2841 2980 2907 agant,
3012 2843 3066 2890 et
3104 2833 3386 2890 cautiones
3424 2833 3492 2887 ab
3523 2831 3614 2898 iis,

2026 2945 2148 2985 cum
2179 2931 2592 3000 probationibus
2617 2932 2684 2986 de
2716 2930 2955 2987 admisso
2987 2928 3275 2994 adulterio,
3308 2928 3607 2996 exigendrc.

2024 3024 2125 3091 Qui
2177 3025 2222 3078 si
2270 3023 2623 3079 commissum
2692 3023 3017 3078 adulterium
3075 3021 3453 3092 probaverint,
3504 3030 3612 3073 tam

332 3111 800 3176 νοκοπείσθωσαν,
829 3113 858 3166 ὅ
891 3129 952 3165 τε
985 3113 1194 3182 μοιχὸς,
1228 3114 1324 3165 καὶ
1377 3114 1410 3183 ἡ
1443 3112 1724 3182 μοιχαλίς’
1780 3112 1832 3166 sl
1860 3112 1920 3166 δὲ

2028 3115 2294 3182 adultero,
2323 3130 2486 3186 quam
2512 3113 2790 3178 adulterae,
2820 3129 2981 3169 nares
3018 3113 3399 3182 prmeiduntor.
3428 3110 3484 3164 Si
3510 3127 3613 3164 non

328 3204 434 3256 οὐκ
459 3203 852 3269 ἀποδείξωσιν,
886 3203 1025 3257 ἀλλὰ
1053 3203 1122 3258 δι’
1159 3203 1362 3276 ἔχθραν
1390 3203 1514 3258 τινὰ
1551 3203 1652 3276 τὴν
1681 3221 1923 3276 κατηγο-

328 3297 456 3365 ρίαν
503 3295 805 3364 εποίησαν,
854 3295 954 3366 τὴν
997 3297 1405 3353 ταυτοπάθειαν
1481 3297 1534 3352 ul
1584 3297 1924 3368 συκοφάνται

329 3385 783 3456 ὑπομενέτωσαν.

404 3503 462 3551 ι’.
521 3497 666 3566 Περὶ
713 3497 1003 3567 φθορέων.
1033 3529 1103 3542 -
1141 3497 1203 3552 Ὀ
1235 3497 1556 3570 βιαζόμενος
1582 3499 1753 3571 κόρην
1827 3499 1926 3555 καὶ

329 3589 577 3658 φθείρων
606 3590 798 3662 αὐτὴν,
832 3591 1245 3662 ρινοκοπείσθω.

409 3687 502 3736 ια’.
555 3682 614 3735 ’0
647 3682 746 3751 τὴν
796 3681 1084 3752 ἀλλοτρίαν
1112 3684 1358 3754 μνήστην
1393 3683 1669 3755 φθείρων,
1727 3683 1776 3736 εί
1829 3684 1926 3738 καὶ

339 3773 660 3843 προαιρέσει
736 3773 840 3844 τῆς
910 3773 1082 3846 κόρης
1151 3775 1310 3829 τοῦτο
1376 3775 1638 3844 ἐγένετο,
1715 3777 1924 3846 ρινοκο-

345 3862 574 3917 πείσθω.

409 3968 499 4040 ιβ’.
553 3971 609 4025 '0
668 3971 908 4042 φθείρων
943 3974 1112 4044 κόρην
1163 3973 1270 4043 πρὸ
1311 3973 1409 4044 τῆς
1426 3973 1588 4044 ἥϐης,
1620 3974 1788 4044 ἤγουν
1819 3975 1928 4046 πρὸ

327 4061 427 4116 τοῦ
459 4062 970 4132 τρισκαιδεκαετοΰς
995 4064 1209 4134 χρόνου,
1247 4063 1642 4135 ρινοκοπείσοω
1667 4081 1680 4095 ⁸
1739 4067 1833 4119 καὶ
1862 4067 1924 4120 τὸ

323 4155 509 4224 ἥμισυ
529 4154 628 4224 τῆς
652 4155 1003 4219 ὑποστάσεως
1027 4155 1194 4209 αὑτοῦ
1220 4155 1521 4226 παρεχέτω
1552 4159 1620 4228 τῇ
1653 4157 1924 4230 φθαρείσῃ

325 4247 497 4318 κόρῃ.

398 4376 463 4428 ιγ
487 4399 502 4413 .
539 4357 599 4410 '0
633 4355 898 4428 ἁρπάζων
923 4374 1257 4430 μοναστριαν
1286 4358 1319 4430 ἢ
1357 4359 1626 4431 παρθένον
1656 4359 1921 4434 βιωτικὴν

2030 3207 2402 3277 probaverint,
2426 3207 2519 3262 sed
2546 3220 2614 3260 ex
2645 3205 2928 3261 inimicitia
2953 3205 3185 3274 quadam
3210 3201 3614 3258 accusationem

2026 3300 2380 3364 instituerint,
2420 3298 2637 3354 easdem
2683 3312 2876 3368 prunas
2917 3297 3020 3366 ipsi
3067 3295 3492 3352 calumniatores
3527 3307 3620 3347 suo

2028 3392 2292 3447 stinento.

2102 3500 2190 3557 10.
2227 3499 2305 3555 De
2333 3495 2877 3570 stupratoribus.—Ei
2901 3497 2992 3568 qui
3029 3495 3218 3566 puclla:
3257 3495 3366 3550 vim
3416 3492 3619 3558 adfert,

2028 3609 2259 3662 eamque
2290 3603 2523 3663 stuprat,
2551 3608 2712 3646 nares
2744 3589 3159 3645 abscinduntur.

2100 3685 2188 3740 11.
2222 3684 2280 3739 Ei
2313 3685 2404 3753 qui
2453 3697 2708 3756 sponsam
2763 3682 2996 3736 alienam
3054 3686 3294 3746 stuprat,
3344 3675 3471 3730 licet
3515 3675 3621 3730 hoc

2030 3778 2209 3849 puella
2237 3777 2448 3833 volente
2477 3777 2678 3833 factum
2721 3775 2812 3840 sit,
2859 3787 3018 3830 nares
3055 3771 3469 3828 abscinduntur.

2106 3971 2194 4025 19..
2221 3969 2291 4026 Ei
2321 3969 2412 4041 qui
2466 3970 2620 4024 vitiat
2663 3967 2897 4040 puellam
2932 3975 3059 4022 ante
3103 3964 3474 4036 pubertatem,
3517 3961 3621 4015 huc

2033 4071 2139 4129 est,
2171 4073 2298 4118 ante
2344 4063 2616 4118 decimum
2661 4061 2879 4116 tertium
2926 4073 3152 4126 annum,
3196 4071 3356 4112 nares
3404 4055 3621 4108 abscin-

2033 4154 2252 4220 duntur,
2286 4162 2341 4206 et
2371 4154 2656 4207 semissem
2699 4149 2789 4206 ille
2834 4149 3100 4205 bonorum
3146 4161 3367 4202 suorum
3409 4143 3622 4198 violatae

2031 4245 2224 4315 puella:
2257 4254 2531 4314 praestato.

2104 4357 2193 4413 15.
2231 4354 2290 4411 Ei
2331 4355 2425 4426 qui
2464 4355 2875 4423 [monastriam,
2944 4349 3029 4407 vel
3080 4347 3409 4403 mundanam
3450 4345 3622 4414 virgi-

319 4449 384 4516 ἒξ
439 4447 784 4518 οίουδήποτε,
833 4447 929 4500 ἐὰν
961 4448 1159 4524 φθείρῃ
1193 4449 1384 4521 αὐτὴν,
1412 4452 1807 4522 ῥινοκοπείσθω
1827 4467 1842 4485 ⁸
1873 4453 1922 4507 οἱ

2031 4463 2176 4514 nem,
2203 4447 2596 4518 cujuscumque
2635 4445 2726 4506 sit.
2752 4443 2894 4512 rapit
2932 4455 2996 4495 ac
3043 4445 3278 4506 stuprat,
3321 4450 3483 4489 nares
3512 4436 3626 4489 ab-

317 4545 376 4599 δὲ
403 4544 496 4606 είς
525 4541 624 4613 τὴν
641 4541 899 4613 τοιαύτην
932 4543 1190 4613 ἁρπαγὴν
1226 4543 1635 4616 συντρέχοντες,
1674 4545 1918 4618 ὲξοριζέ-

320 4641 581 4693 σθωσαν.

397 4744 491 4800 ιδ’.
533 4745 674 4815 Περὶ
707 4747 1089 4816 αἱμομίκτων.
1120 4775 1191 4789 -—
1219 4747 1284 4800 Οί
1303 4747 1652 4820 αίμομίκται,
1682 4747 1714 4818 ἢ
1745 4749 1926 4816 γονεῖς

317 4839 473 4910 πρὸς
518 4837 707 4905 τέκνα,
755 4837 790 4909 ἦ
827 4838 993 4894 τέκνα
1031 4839 1168 4912 πρὸς
1199 4843 1398 4906 γονεῖς,
1447 4839 1480 4910 ἢ
1520 4839 1744 4908 ἀδελφοὶ
1782 4839 1923 4912 πρὸς

317 4930 592 5000 ἀδελφὰς,
653 4929 796 4999 ξίφει
832 4929 1328 5002 τιμωρείσθωσαν·
1375 4933 1427 4986 οἱ
1473 4932 1532 4986 δὲ
1569 4933 1707 5002 πρὸς
1754 4931 1923 5004 ἄλλην

320 5023 664 5092 συγγένειαν
726 5024 1234 5095 συμφθειρόμενοι,
1279 5023 1533 5077 τουτέστι
1596 5023 1778 5094 πατὴρ
1843 5026 1920 5088 είς

318 5118 567 5182 γυναῖκα
610 5114 769 5181 υἱοῦ,
803 5115 917 5179 υἱὸς
967 5117 1106 5186 πρὸς
1159 5119 1398 5185 γυναῖκα
1449 5115 1698 5187 πατρὸς,
1750 5117 1921 5187 ἡγουν

319 5211 467 5282 πρὸς
505 5209 801 5280 μητρυιὰν,
831 5211 864 5280 ἢ
899 5209 1154 5281 πατρωὸς
1181 5211 1262 5272 είς
1296 5209 1594 5282 προγόνην,
1635 5209 1921 5280 ῆάδελφὸς

316 5301 400 5362 εἰς
438 5303 682 5367 γυναῖκα
704 5299 958 5367 ἀδελφοῦ,
997 5301 1028 5372 ἢ
1060 5299 1203 5365 Θεῖος
1232 5301 1313 5363 είς
1343 5301 1592 5371 ἀνεψιὰν,
1626 5300 1659 5372 ἢ
1695 5301 1921 5370 ἀνεψιὸς

318 5396 404 5455 εἰς
438 5391 617 5462 θείαν,
653 5393 1176 5463 ρινοκοπείσθωσαν.
1240 5393 1473 5466 Ὁμοίως
1508 5393 1604 5448 καὶ
1632 5395 1660 5447 ὁ
1694 5396 1774 5458 είς
1821 5394 1919 5450 δύο

317 5481 566 5552 ἀδελφὰς
597 5483 804 5556 εἰδήσει
834 5485 1188 5557 μιγνύμενος.

400 5745 487 5804 ιε’.
543 5747 672 5803 Ἐὰν
703 5749 838 5818 γυνὴ
872 5750 1169 5821 πορνεύσῃ,
1211 5750 1302 5804 καὶ
1328 5750 1551 5822 γένηται
1574 5749 1790 5821 ἔγκυος,
1819 5749 1913 5806 καὶ

2031 4539 2354 4595 scinduntur
2381 4557 2395 4595 :
2427 4546 2484 4594 ct
2522 4536 2615 4610 qui
2644 4537 2746 4592 hac
2785 4535 2839 4590 in
2871 4530 3060 4602 rapina
3093 4528 3496 4592 concurrerint,
3531 4540 3621 4582 rc-

2031 4630 2298 4702 legantur.

2101 4741 2193 4798 14.
2226 4741 2305 4798 De
2333 4743 2547 4812 proprio
2585 4741 2837 4812 sanguini
2873 4757 2928 4797 se
2965 4739 3332 4796 mtscentibus.
3392 4763 3460 4776 —
3516 4731 3620 4800 Qui

2028 4849 2154 4891 cum
2211 4835 2431 4906 proprio
2479 4835 2742 4904 sanguine
2794 4848 2854 4890 se
2906 4833 3285 4894 commiscent,
3357 4827 3473 4884 sive
3529 4840 3622 4895 pa-

2026 4936 2212 4984 rentes
2242 4943 2367 4984 cum
2399 4927 2605 4990 liberis,
2649 4926 2766 4982 sive
2793 4925 2948 4982 liberi
2989 4940 3113 4982 cum
3155 4920 3491 4994 parentibus,
3534 4918 3623 4974 vel

2025 5018 2224 5076 fratres
2255 5036 2376 5077 cum
2418 5020 2720 5084 sororibus,
2767 5018 2948 5090 gladio
2990 5017 3308 5088 puniuntur.
3349 5015 3443 5070 Eis
3465 5027 3620 5076 vero,

2025 5112 2118 5180 qui
2147 5127 2214 5167 cx
2243 5113 2352 5169 alio
2382 5111 2722 5181 cognationis
2743 5111 2917 5182 gradu
2951 5109 3184 5166 invicem
3215 5108 3321 5164 sibi
3362 5116 3616 5175 stuprum

2025 5200 2329 5270 intulerint,
2371 5201 2532 5257 veluti
2562 5210 2717 5272 pater
2741 5200 2899 5256 nurui
2942 5199 3027 5255 vel
3053 5199 3197 5255 filius
3224 5197 3376 5253 uxori
3419 5192 3613 5262 patris,

2022 5293 2141 5349 sive
2201 5294 2627 5361 novercm,'vel
2683 5294 2912 5351 vitricus
2951 5293 3236 5364 privignae,
3293 5288 3380 5344 vel
3444 5288 3615 5342 frater

2022 5383 2180 5439 uxori
2223 5382 2430 5450 fratris,
2481 5382 2566 5438 vel
2592 5390 2818 5453 patruus
2845 5378 3210 5436 avunculusve
3246 5374 3371 5430 filiae
3422 5369 3612 5427 fratris

2022 5483 2118 5528 aut
2167 5474 2397 5540 sororis,
2451 5473 2635 5529 amitte
2678 5483 2775 5528 aut
2808 5479 3116 5528 matertera
3147 5504 3163 5532 ,
3195 5479 3357 5520 nares
3379 5460 3612 5518 abscin-

2023 5566 2240 5623 duntur.
2282 5565 2548 5623 Similitcr
2587 5574 2643 5623 ct
2671 5565 2769 5630 illi,
2795 5563 3035 5636 quicum
3073 5557 3284 5615 duabus
3318 5552 3610 5610 sororibus
3668 5589 3678 5605 .

2022 5660 2201 5715 sciens
2231 5658 2481 5714 coiverit.

2094 5749 2181 5806 15.
2219 5750 2276 5807 Si
2333 5752 2528 5810 ntulicr
2576 5757 2813 5820 scortatu
2867 5743 3053 5814 fuerit,
3086 5750 3140 5800 et
3183 5737 3404 5814 gravida
3461 5733 3610 5788 facta
