4050 6472
355 343 461 408 539
1385 349 1906 413 CONSTANTINI
1948 346 2406 414 PORPHYROG
2419 347 2640 415 ENITI
3510 353 3618 418 540

343 459 522 515 ventri
553 474 652 518 suo
682 463 944 518 struxerit
985 461 1234 530 insidias,
1263 473 1323 520 ut
1353 465 1586 520 abortiat
1609 506 1624 530 ,
1652 467 1929 522 verberata
1957 517 1965 527 ,

2074 469 2392 538 πιῦουλεύσῃ
2449 471 2514 540 τῇ
2570 468 2678 538 ἰδίᾳ
2733 467 2933 537 γαστρὶ
2992 466 3126 538 πρὸς
3198 467 3257 520 τὸ
3316 466 3606 539 ἐκτρῶσαι,

345 549 522 620 relega
531 560 634 606 tor.
1005 583 1010 589 -

2074 559 2347 629 νπτομένη
2374 559 2729 629 ὲξοριζέσθω.

419 643 506 698 16.
534 644 636 711 Qui
666 661 787 701 cum
810 647 987 715 puella
1018 648 1224 716 virgine
1246 647 1434 712 coivit,
1456 663 1517 703 ea
1537 649 1930 714 consentiente,

2106 658 2203 716 ις’.
2258 653 2316 705 ὐ
2346 654 2750 721 συγγενόμενος
2791 651 2928 721 κόρῃ
2971 649 3250 720 παρθένῳ,
3298 647 3618 718 προαιρέσει

345 736 670 806 parentibus
700 738 1098 809 ignorantibus,
1135 739 1350 794 tandem
1385 755 1445 794 re
1468 740 1702 810 cognita,
1735 741 1780 795 si
1805 739 1936 795 velit

2078 745 2135 796 ὲν
2173 747 2268 814 τῆς
2311 745 2480 813 κόρης
2509 786 2524 808 ,
2589 743 2822 813 άγνὼμῃ
2872 741 3118 814 [ἀγνοίᾳ]
3177 741 3234 794 δὲ
3292 740 3402 793 τῶν
3451 741 3619 809 αὑτῆς

347 844 469 883 eam
501 844 729 885 uxorem
765 831 982 892 ducere.
1026 830 1342 899 parentibus
1379 831 1610 902 virginis
1654 832 1795 887 idem
1833 846 1933 887 vo-

2074 832 2258 896 ονέων,
2296 835 2355 885 ὲν
2390 832 2606 902 ὑστέρῳ
2636 833 2844 885 τούτων
2893 831 3368 899 διαγινωσκόντων
3391 829 3619 902 [τούτου

348 919 606 985 lentibus,
631 920 1033 975 matrimonium
1055 921 1412 977 contrahitur.
1452 923 1548 977 Sin
1569 939 1673 977 una
1699 923 1931 993 partium

2074 923 2581 995 ιαγινωσκομένου],
2630 925 2678 977 εί
2722 924 2821 994 μὲν
2854 923 3275 996 θελήσειλαὸεῖν
3304 923 3492 993 αὐτὴν,
3528 924 3623 975 καὶ

349 1010 504 1079 ηοΙίι,
534 1020 587 1067 et
615 1022 892 1082 stuprator
917 1012 1157 1080 locuples
1180 1013 1274 1079 sit,
1312 1013 1532 1068 violatae
1565 1014 1758 1083 puellae
1812 1013 1932 1068 auri

2074 1017 2304 1088 ελήσωσι
2328 1016 2420 1070 καὶ
2440 1017 2490 1068 oi
2527 1017 2708 1082 γονεῖς
2738 1015 2932 1084 αὐτῆς,
2967 1013 3206 1082 γινέσθω
3235 1015 3328 1068 τὸν
3359 1011 3624 1066 συνάλλα·

350 1104 542 1158 libram
569 1119 760 1168 unam;
789 1105 834 1159 si
866 1104 1130 1172 egentior,
1172 1106 1452 1162 semissem
1484 1107 1799 1176 patrimonii
1844 1107 1925 1160 sui

2080 1126 2180 1178 μα.
2230 1108 2293 1160 Ei
2340 1106 2397 1160 δὲ
2438 1105 2497 1160 ἓν
2537 1105 2646 1160 τῶν
2678 1106 2860 1176 μερῶν
2893 1108 2968 1176 μὴ
3002 1105 3232 1177 θελήσῃ,
3260 1106 3310 1159 εί
3345 1104 3443 1175 μέν
3477 1106 3625 1157 ἐστιν

350 1203 628 1262 prmstato.
654 1195 709 1249 Si
736 1197 960 1250 omnino
994 1196 1064 1252 sit
1088 1212 1294 1268 pauper
1323 1209 1378 1254 et
1414 1199 1589 1269 inops,
1613 1200 1935 1256 verberatus

2074 1199 2272 1269 ὑπορος
2322 1198 2351 1250 ὁ
2386 1196 2641 1268 φθορεὺς,
2693 1197 2883 1251 διδότω
2933 1200 3001 1269 τῇ
3046 1197 3185 1269 κόρῃ
3235 1199 3302 1267 τῇ
3356 1195 3626 1266 φθαρείσῃ

355 1295 411 1340 et
444 1294 631 1341 tonsus
667 1285 956 1356 relegator.

2043 1290 2269 1360 χρυσίου
2289 1289 2482 1360 λίτραν
2517 1288 2666 1359 μίαν·
2703 1290 2752 1342 εἰ
2777 1288 2834 1342 δέ
2864 1291 3014 1342 ἐστιν
3045 1288 3414 1358 ἐνδεέστερος,
3437 1286 3629 1340 διδότω

347 1377 411 1429 τδ
452 1377 625 1447 ἥμισυ
660 1379 755 1448 τῆς
791 1378 1144 1445 ὑποστάσεως
1191 1381 1379 1437 αὑτοῦ.
1435 1384 1498 1437 El
1543 1384 1602 1439 δὲ
1641 1381 1923 1448 παντελῶς
1962 1383 2188 1455 ὑπάρχῃ
2222 1385 2395 1454 πένης
2424 1383 2518 1436 καὶ
2584 1382 2924 1454 ἅνεύπορος,
2973 1381 3313 1452 τυπτόμενος
3381 1382 3475 1435 καὶ
3508 1399 3633 1436 κου·

353 1470 648 1536 ρευόμενος
675 1468 1026 1540 ὲξοριζέσθω.

426 1558 512 1614 l7.
549 1559 649 1624 Qui
694 1576 799 1614 non
827 1560 990 1616 habet
1023 1577 1268 1631 uxorem,
1291 1573 1346 1619 et
1367 1573 1658 1631 scortatur,
1715 1579 1811 1620 sex
1838 1564 1933 1619 al-

352 1649 508 1704 lactis
535 1651 872 1708 verberator.

426 1741 515 1796 l8.
541 1740 643 1807 Qui
677 1741 970 1811 legitimam
995 1761 1218 1802 uxorem
1241 1745 1423 1814 habet,
1443 1762 1507 1803 ac
1532 1748 1583 1802 in
1609 1749 1940 1803 scortatione

358 1833 827 1902 deprehenditur:
857 1836 1021 1892 veluti
1053 1838 1143 1908 qui
1167 1838 1371 1894 dictum
1397 1840 1528 1894 illud
1563 1840 1776 1895 Domini
1812 1854 1946 1895 con-

359 1924 572 1989 temnit,
603 1937 710 1992 quo
741 1926 984 1993 docetur,
1042 1926 1157 1983 Non
1205 1930 1556 1997 scortaberis,
1609 1930 1824 1987 allactis
1857 1945 1947 1986 ca-

358 2015 664 2086 stigationis
689 2032 849 2073 causa
881 2019 1164 2076 duodecim
1197 2020 1527 2076 verberator.

431 2127 725 2205 Scholium.
749 2162 820 2205 τ-
843 2133 944 2205 Qui
985 2143 1276 2200 scortatur,
1316 2135 1511 2205 inquit,
1539 2137 1583 2190 si
1616 2136 1780 2191 habet
1811 2152 1948 2192 uxo-

360 2213 520 2274 rem,
551 2199 835 2274 duodecim
863 2199 1095 2274 allactis,
1131 2207 1232 2259 hoc
1280 2199 1405 2271 est;
1427 2207 1621 2274 plagis,
1650 2207 1767 2262 sive
1797 2223 1950 2262 tuan—

363 2269 574 2335 claviis,
606 2279 663 2324 ut
690 2272 848 2342 vulgo
876 2272 1189 2342 loquuntur,
1228 2269 1542 2346 castiga-tor.

437 2384 526 2440 l9.
565 2384 623 2440 Si
649 2388 769 2455 quis
794 2402 1018 2442 uxorem
1051 2388 1277 2456 habens,
1306 2403 1429 2443 cum
1459 2390 1651 2444 ancilla
1679 2405 1776 2445 sua
1809 2407 1947 2446 con-

365 2474 626 2539 sueverit,
659 2491 716 2530 rc
742 2476 978 2546 cognita,
1003 2477 1202 2532 auferri
1231 2493 1293 2533 ea
1314 2478 1467 2534 debet
1500 2495 1530 2532 a
1564 2481 1793 2550 praeside
1820 2481 1950 2546 loci,

365 2577 420 2621 ct
460 2576 610 2622 extra
653 2569 986 2637 provinciam
1023 2571 1092 2627 ab
1125 2571 1216 2627 illo
1257 2569 1488 2628 distrahi
1519 2590 1532 2627 :
1566 2574 1741 2642 pretio
1783 2573 1836 2628 in
1881 2575 1949 2627 li-

367 2675 520 2718 scutn
557 2661 863 2718 inferendo.

438 2839 531 2896 20.
563 2841 663 2907 Qui
711 2855 833 2896 cum
883 2843 1058 2898 aliena
1101 2845 1298 2900 ancilla
1329 2855 1620 2911 scortatur,
1654 2847 1700 2902 si
1748 2847 1820 2902 sit
1853 2847 1952 2900 bo-

371 2935 578 2989 uestior
651 2934 749 3007 [ιιι.
803 2936 1090 3007 locuples],
1155 2936 1459 3005 huiusmodi
1510 2938 1691 2993 delicti
1738 2938 1956 2993 nomine

372 3025 591 3080 domino
621 3025 832 3081 ancillae
860 3027 1077 3095 triginta
1109 3044 1201 3082 sex
1229 3025 1684 3099 solidos'prazstet
1716 3048 1729 3085 :
1765 3028 1950 3084 Immi-

2117 1560 2202 1624 ιζ’.
2234 1559 2293 1612 '0
2317 1559 2393 1629 μὴ
2423 1558 2565 1630 ἔχων
2596 1559 2856 1628 γυναῖκα,
2891 1559 2982 1609 καὶ
3009 1554 3313 1625 πορνεύων,
3343 1555 3634 1608 τυπτέσθω

2046 1651 2291 1709 ἀλλακτὰ
2323 1648 2403 1716 ἒξ.

2125 1741 2214 1812 ιη’.
2265 1743 2324 1797 '0
2354 1744 2592 1811 γυναῖκα
2629 1740 2881 1812 νομίμως
2928 1739 3091 1810 ἔχων,
3143 1738 3238 1793 καὶ
3270 1739 3351 1800 είς
3377 1736 3636 1807 πορνείαν

2049 1836 2456 1906 εὑρισκόμενος,
2485 1834 2562 1898 ὡς
2588 1833 2650 1887 τὸ
2687 1833 2843 1904 ῥῆμα
2868 1831 2965 1885 τοῦ
3001 1830 3210 1902 Κυρίου
3252 1829 3636 1900 καταφρονῶν,

2048 1929 2110 1983 τὸ
2130 1929 2400 1994 διδάσκον,
2437 1927 2526 1999 Μὴ
2555 1926 2886 1998 πορνεύσῃς,
2911 1923 3200 1979 τυπτέσθω
3226 1923 3470 1978 ἀλλακτά
3498 1921 3638 1994 πρὸς

2052 2019 2434 2094 σωφρονισμὸν
2467 2020 2702 2074 δώδεκα.

2124 2138 2553 2208 Σχόλιον.-Ὀ
2589 2137 2893 2208 πορνεύων,
2927 2135 3116 2208 φησὶν,
3153 2135 3200 2208 εί
3233 2133 3347 2208 ἔχει
3379 2132 3642 2208 γυναῖκα,

2049 2209 2138 2262 διὰ
2259 2207 2564 2272 άλλακτῶν,
2585 2203 2835 2278 τουτέστι
2859 2203 3104 2278 δαρμῶν,
3138 2203 3353 2278 ἢιπαρὰ
3389 2205 3498 2266 τοῖς
3527 2217 3638 2255 κοι·

1971 2327 1974 2332 .
2051 2281 2159 2342 νοῖς
2185 2274 2494 2348 λεγομένων
2528 2277 2904 2348 μαγκλαὸίων,
2929 2274 3369 2346 σωφρονιζέσθω.

2127 2394 2212 2448 ιθ’.
2265 2395 2324 2446 ’0
2353 2393 2492 2463 ἔχων
2530 2395 2788 2462 γυναῖκα,
2827 2393 2924 2446 καὶ
2970 2392 3040 2461 τῇ
3094 2389 3204 2460 ίδίᾳ
3242 2385 3643 2456 συγγενόμενος

2052 2486 2235 2558 δούλῃ,
2267 2485 2768 2556 διαγινιυσκομένου
2803 2482 2898 2538 τοῦ
2929 2481 3279 2554 πράγματος,
3306 2479 3515 2550 ταύτην
3535 2477 3643 2530 ὑπὸ

2052 2577 2147 2632 τοῦ
2184 2577 2327 2630 κατὰ
2355 2576 2448 2631 τὸν
2484 2577 2652 2630 τόπον
2701 2575 2964 2647 ἄρχοντος
3004 2573 3351 2643 ἐπαίρεσθαι,
3383 2571 3476 2623 καὶ
3509 2568 3641 2637 παρ’

2053 2666 2222 2722 αὑτοῦ
2282 2667 2425 2736 ὑπὲρ
2475 2665 2748 2736 ἐπαρχίαν
2804 2663 3252 2736 πιπράσκεσθαιο
3304 2661 3413 2714 τῶν
3465 2659 3643 2729 τιμῶν

2058 2758 2232 2828 αὑτῆς
2266 2757 2736 2828 εἰσκομιζομένων
2768 2758 2826 2810 ὲν
2847 2755 2925 2827 τῷ
2951 2755 3108 2828 μέρει
3131 2754 3226 2807 τοῦ
3250 2752 3533 2822 δημοσίου.

2130 2857 2200 2904 κ’.
2239 2849 2299 2905 '0
2343 2849 2622 2921 πορνεύων
2667 2851 2746 2914 είς
2797 2845 2991 2919 δούλην
3057 2847 3368 2918 ἀλλοτρίαν,
3426 2844 3642 2912 ἔντιμος

2058 2942 2222 3015 [ἄλλ.
2259 2943 2354 2996 καὶ
2371 2941 2626 3014 εὔπορος]
2669 2943 2744 2996 ὢν
2793 2942 3082 3014 παρεχέτω
3123 2939 3262 3010 ὑπὲρ
3288 2937 3380 2992 τοῦ
3399 2935 3644 2990 τοιούτου

2061 3034 2406 3106 πταίσματος
2431 3035 2509 3106 τῷ
2539 3034 2773 3107 αὐθέντῃ
2801 3034 2900 3104 τῆς
2921 3034 3114 3103 δούλης
3145 3032 3460 3102 νομίσματα
3489 3028 3646 3098 τριά-

372 3113 479 3169 lior
521 3125 725 3183 autem,
756 3117 1088 3184 verberator,
1118 3129 1172 3173 ct
1212 3120 1264 3173 in
1315 3129 1572 3188 quantum
1612 3129 1809 3189 potest,
1859 3134 1957 3190 pro

2074 3142 2225 3180 ιιοντα
2243 3126 2324 3192 ἒξ.
2355 3127 2593 3198 Εὑτελὴς
2618 3127 2672 3181 δὲ
2691 3127 2766 3179 ὢν
2787 3127 3098 3186 τυπτέσθω,
3121 3127 3215 3180 καὶ
3236 3126 3317 3187 είς
3345 3123 3373 3176 δ
3397 3122 3644 3192 εὐπορεῖ,

373 3214 490 3260 rata
521 3206 813 3261 solidorum
847 3208 1064 3277 triginta
1091 3225 1186 3264 sex
1221 3210 1417 3265 solvat.

449 3295 540 3352 11.
590 3297 670 3352 De
722 3300 1100 3367 pa’diconibus.
1133 3300 1560 3370 —Pzedicones,
1615 3312 1722 3356 tam
1775 3303 1821 3358 is
1864 3305 1955 3374 qui

373 3387 528 3458 facit,
554 3406 716 3460 quam
737 3393 826 3462 qui
853 3393 1075 3462 patitur,
1103 3393 1280 3464 gladio
1310 3397 1628 3465 puniuntur.
1655 3395 1748 3452 Sin
1777 3397 1846 3463 is,
1866 3397 1960 3468 qui

377 3480 623 3548 patitur,
673 3481 856 3536 minor
895 3483 1056 3558 anuis
1105 3485 1392 3540 duodecim
1447 3486 1702 3540 inventus
1762 3486 1958 3556 fuerit,

378 3570 674 3639 ignoscitor
727 3573 817 3625 ei:
853 3589 978 3626 cum
1014 3584 1147 3628 aetas
1181 3574 1295 3644 ipsa
1332 3576 1402 3631 sit
1437 3575 1667 3642 indicio,
1698 3592 1803 3633 non
1838 3593 1960 3634 eum

375 3658 544 3722 scire,
577 3660 704 3727 quid
735 3661 992 3724 patiatur.
1688 3659 1690 3662 ’

444 3749 535 3804 22.
571 3751 646 3805 De
678 3753 978 3806 ineuntibus
1001 3753 1266 3820 jumenla.
1287 3787 1359 3797 —
1382 3756 1495 3825 Eis,
1518 3759 1610 3829 qui
1637 3773 1760 3813 cum
1793 3757 1967 3813 brutis

375 3853 759 3909 consuescunt,
789 3845 890 3900 hoc
919 3854 1022 3909 est,
1052 3847 1142 3914 qui
1167 3846 1414 3916 jumeuta
1441 3849 1654 3915 ineunt,
1687 3849 1842 3917 peltis
1872 3849 1969 3904 ab-

388 3935 675 3989 scinditor.

443 4025 539 4080 25.
585 4025 661 4079 De
689 4029 1044 4096 sycophanlis.
1081 4057 1154 4070 —-
1197 4029 1660 4095 Calumniatores,
1709 4033 1760 4084 iu
1812 4046 1954 4100 qua-

378 4131 614 4185 cumque
679 4131 840 4171 causa
885 4118 1203 4174 calumniati
1271 4117 1509 4185 fuerint,
1560 4121 1752 4175 iisdem
1793 4120 1971 4192 poenis

380 4217 599 4262 teucnlu
609 4225 652 4263 r.
1183 4276 1189 4282 ,

450 4302 542 4356 ει.
577 4302 654 4357 De
688 4305 950 4375 veneﬁcis.
980 4337 1054 4347 —
1077 4307 1216 4376 Magi
1257 4317 1313 4362 et
1349 4305 1600 4368 veneﬁci,
1645 4306 1736 4375 qui
1774 4314 1835 4362 ut
1873 4307 1973 4362 ho-

384 4394 619 4449 rninibus
653 4409 906 4464 noceant,
933 4399 1206 4456 daemones
1239 4398 1618 4469 alloquuntur,
1659 4398 1838 4470 gladio
1872 4415 1972 4469 pu-

383 4485 620 4543 niunlor.

459 4583 550 4636 '25.
594 4583 695 4649 Qui
727 4584 966 4640 amuleta
998 4584 1311 4648 coniiciunt,
1349 4585 1532 4652 specie
1565 4593 1726 4640 tenus
1772 4585 1838 4640 ad
1871 4587 1971 4640 bo-

383 4684 592 4733 minum
617 4679 1115 4748 utilitatcm,turpis
1145 4676 1283 4732 lucri
1308 4679 1392 4734 sui
1436 4693 1626 4746 causa,
1677 4681 1972 4751 publicatis

385 4772 542 4826 bouis
571 4771 902 4840 relegantor.

454 4862 544 4916 “26.
585 4862 714 4918 Sive
744 4878 956 4929 servus,
997 4865 1116 4920 sive
1169 4861 1457 4935 ingenuus,
1488 4867 1576 4935 qui
1631 4881 1977 4936 quocumque

385 4967 660 5027 pra~textn
717 4969 902 5025 p0tutn
949 4956 1083 5012 dare
1139 4960 1584 5030 deprehenditur,
1631 4969 1724 5013 aut
1780 4960 1976 5013 marito

388 5049 607 5113 mulier,
651 5057 744 5103 aut
784 5050 995 5105 mulieri
1028 5054 1281 5119 maritus,
1333 5065 1427 5107 aut
1480 5053 1678 5108 ancilla
1707 5053 1974 5119 domium;

383 5149 549 5210 atque
591 5141 692 5196 hac
726 5143 1013 5198 occasione
1043 5144 1138 5214 qui
1183 5155 1365 5215 potum
1412 5144 1644 5212 sumpsit
1673 5144 1973 5199 exhibitum

387 5232 579 5290 abillo
614 5234 739 5300 sibi,
773 5236 818 5290 si
857 5236 1018 5291 cadat
1048 5237 1101 5291 iu
1141 5241 1409 5304 morbum,
1448 5237 1716 5308 quasique
1758 5235 1976 5301 deﬂuat,

382 5338 438 5381 et
467 5326 731 5381 moriatur
757 5367 773 5393 ,
808 5327 987 5396 gladio
1017 5329 1290 5399 plectitor.

460 5418 553 5474 27.
583 5418 644 5473 Ei
670 5423 759 5488 qui
781 5438 904 5476 cum
932 5424 1227 5477 mouastria
1250 5431 1541 5489 scortatur,
1568 5433 1845 5491 tamquam
1875 5417 1979 5474 Ec-

387 5510 609 5566 clesiam
631 5511 726 5567 Dei
749 5514 1075 5570 contumelia
1107 5513 1392 5583 allicienti,
1413 5530 1574 5570 nares
1592 5513 1980 5569 abscinduntur

390 5613 696 5672 propterea,
729 5607 871 5674 quod
901 5611 1063 5663 etiam
1097 5611 1214 5680 ipse
1241 5611 1568 5665 adulterium
1613 5609 1975 5671 commiserit,

391 5693 486 5746 illa
526 5696 595 5749 ab
620 5695 862 5752 Ecclesia
912 5700 1148 5755 alienata
1201 5719 1213 5754 :
1263 5703 1455 5758 eadem
1501 5701 1848 5759 exsecutione
1884 5701 1977 5755 ad-

400 5796 588 5841 versus
614 5788 786 5857 ipsam
827 5806 1041 5862 quoque
1072 5797 1359 5850 servanda.

2058 3220 2198 3291 πρὸς
2222 3220 2517 3289 ἀναλογίαν
2549 3222 2656 3276 τῶν
2685 3220 2774 3286 λς’
2807 3223 3160 3292 νομισμάτων
3189 3219 3398 3272 διδότω.

2129 3310 2236 3367 κα’.
2272 3312 2412 3379 Περὶ
2441 3310 2742 3381 ἀσελγῶν.
2772 3311 2836 3365 Oi
2861 3311 3132 3379 ἀσελγεῖς,
3173 3310 3200 3363 ὅ
3225 3324 3286 3362 τε
3317 3305 3508 3368 ποιῶν,
3548 3303 3639 3357 καὶ

2060 3406 2088 3458 ὁ
2113 3404 2424 3476 ὑπομένων,
2449 3403 2592 3474 ξίφει
2618 3403 3090 3475 τιμωρείσθωσαν.
3114 3403 3177 3455 Εί
3210 3402 3266 3456 δὲ
3297 3402 3324 3454 ὁ
3354 3397 3646 3468 ὑπομένων

2061 3497 2238 3566 ἥττων
2286 3496 2396 3550 τῶν
2432 3494 2499 3565 ιβ’
2552 3496 2690 3549 ἐτῶν
2720 3495 2947 3566 εὑρεθῇ,
2983 3492 3400 3564 συγχωρείσθω·
3445 3489 3521 3552 ὡς
3547 3490 3646 3557 τῆς

2063 3584 2284 3655 ἡλικίας
2329 3584 2596 3655 δηλούσης
2625 3623 2640 3650 ,
2705 3583 2780 3655 μὴ
2833 3584 3035 3638 εἰδέναι
3088 3581 3254 3637 αὑτὸν
3303 3580 3366 3634 ea
3410 3578 3464 3632 τί
3515 3577 3651 3632 ὑπο-

2068 3675 2242 3744 μένει.

2139 3767 2242 3821 κδ’.
2284 3767 2424 3836 Περὶ
2452 3764 3018 3835 κτηνοϐατῶν.-Οί
3045 3761 3451 3834 ἁλογευόμενοι,
3479 3757 3654 3830 ἧγουν

2067 3859 2417 3931 κτηνοϐάται,
2442 3857 3014 3913 καυλοκοπείσθωσαν.

2143 4034 2249 4105 κγ’.
2291 4031 3049 4103 Περίσυκοφαντῶν.-Οί
3080 4028 3414 4098 συκοφάνται
3459 4026 3516 4078 ἐν
3562 4023 3654 4093 οἵᾳ

2072 4129 2118 4183 δ’
2144 4129 2211 4183 ἂν
2240 4129 2390 4199 αἰτίᾳ
2419 4127 2892 4197 συκοφαντήσωσι,
2927 4128 2996 4197 τῇ
3031 4120 3398 4189 ταυτοπαθείᾳ
3436 4116 3660 4173 ὑποκεί-

2076 4220 2312 4274 σθωσαν.

2145 4311 2244 4368 κδ’.
2282 4313 2421 4381 Περὶ
2452 4308 2868 4382 φαρμακῶν.-
2881 4312 2942 4364 Οἱ
2961 4311 3156 4381 γόητες
3174 4310 3267 4362 καὶ
3282 4309 3330 4360 οί
3352 4302 3661 4375 φαρμακοὶ,

2077 4406 2125 4458 οἱ
2149 4405 2240 4458 ἐπὶ
2253 4404 2426 4477 βλάϐῃ
2457 4405 2764 4474 ἀνθρώπων
2795 4401 3231 4474 προσλαλοῦντες
3277 4400 3390 4462 τοῖς
3417 4395 3665 4466 δαίμοσι,

2001 4502 2044 4556 ι)
2075 4499 2220 4568 ξίφει
2252 4497 2734 4569 τιμωρείσθωσαν.

2149 4586 2246 4643 κε’.
2321 4588 2387 4641 Οί
2441 4588 2498 4640 δὲ
2552 4587 2835 4650 ποιοῦντες
2894 4585 3147 4656 φυλακτὰ
3197 4582 3292 4637 τού
3346 4581 3526 4636 δοκεῖν
3577 4580 3687 4654 ἐπέ

2075 4679 2314 4751 ὠφελείᾳ
2325 4678 2647 4750 ἀνθρώπων,
2667 4678 2757 4732 διὰ
2778 4678 2916 4732 ἰδίαν
2933 4675 3403 4750 αἰσχροκέρδειαν,
3423 4673 3487 4745 δη
3496 4672 3664 4744 μευό-

2079 4789 2232 4842 μενοι
2263 4770 2720 4842 ὲξοριζέσθωσαν.

2149 4862 2262 4930 κς⁹.
2307 4865 2368 4919 Ὀ
2409 4865 2824 4934 εὑρισκόμενος,
2849 4864 2959 4916 εἴτε
2985 4861 3196 4927 δοῦλος,
3218 4859 3330 4914 εἴτε
3359 4859 3664 4928 ἐλεύθερος,

2078 4959 2170 5010 ἐπὶ
2222 4958 2497 5028 προφάσει
2552 4956 2843 5028 οίαδήποτε
2909 4955 3088 5017 διδοὺς
3136 4952 3321 5016 ποτὸν,
3368 4953 3479 5005 εῐτε
3526 4950 3668 5020 γυνὴ

2078 5049 2251 5119 ἀνδρὶ,
2290 5049 2401 5102 εἶτε
2440 5047 2579 5119 ἀνὴρ
2608 5047 2854 5116 γυναικὶ,
2889 5047 3000 5100 εἴτε
3025 5046 3188 5116 δούλη
3233 5049 3300 5115 τῇ
3347 5043 3666 5113 αὐθεντρίᾳ.

2079 5141 2174 5195 καὶ
2189 5139 2388 5210 διάτῆς
2414 5138 2674 5210 τοιαύτης
2689 5139 3021 5210 προφάσεως
3043 5135 3300 5207 ἀσθενείᾳ
3331 5136 3617 5206 περιπέσοι
3639 5134 3671 5184 ὁ

2078 5231 2259 5288 λαὸὼν
2294 5233 2386 5286 τδιν
2440 5231 2546 5285 ὑπὸ
2599 5231 2791 5286 τούτου
2847 5231 3012 5284 ποτὸν
3044 5270 3060 5296 ,
3107 5231 3201 5282 καὶ.
3257 5227 3440 5298 συμϐῇ
3499 5225 3665 5279 αὑτὸν

2081 5324 2413 5395 καταρεῦσαι
2452 5325 2546 5377 καὶ
2575 5323 2892 5385 ἀποθανεῖν,
2927 5321 3070 5389 ξίφει
3103 5320 3476 5390 τιμωρείσθω.

2151 5415 2252 5482 κζ’.
2307 5418 2364 5472 '0
2394 5417 2673 5488 πορνεύων
2707 5418 2786 5479 εἰς
2822 5415 3175 5486 μονάστριαν,
3199 5413 3275 5476 ὼς
3303 5409 3673 5482 τὴν”Ἐκκ).η-

2083 5511 2206 5566 σίαν
2272 5510 2366 5563 τοῦ
2414 5510 2550 5563 Θεοῦ
2583 5507 2975 5578 καθυϐρίζων,
3038 5504 3473 5578 ρινοκοπείσθω·
3531 5503 3668 5555 διότι

2081 5605 2333 5667 κάκεῖνος
2373 5601 2618 5672 μοιχείαν
2657 5601 2974 5670 εἰργάσατο,
3011 5599 3110 5668 τῆς
3136 5595 3469 5667 Ἐκκλησίας
3495 5593 3670 5660 αὑτὴν

2083 5696 2469 5768 ἁλλοτριώσαςο
2510 5697 2606 5767 τῆς
2632 5695 2821 5766 ὁμοίας
2851 5695 2946 5747 καὶ
2975 5693 3062 5747 ἐπ’
3086 5693 3222 5762 αὐτῇ
3254 5687 3669 5763 φυλαττομένης

2085 5788 2505 5855 ἐπεξελεύσεως.
