4050 6430
345 332 440 400 ιιι

1610 342 2006 406 DELECTUS
2047 341 2340 406 LEGUM.

3509 337 3618 401 542

407 451 517 522 κη’.
582 451 644 503 '0
699 450 957 522 ἀλλοτρίᾳ
1011 451 1182 532 μητρὶ
1220 451 1316 506 καὶ
1363 455 1432 524 τῇ
1481 453 1654 525 αὐτῆς
1693 454 1929 526 θυγατρὶ

2112 455 2203 512 28.
2247 455 2307 510 Ei
2353 454 2444 526 qui
2493 467 2614 509 cum
2649 439 2906 509 extranea
2946 457 3144 515 matre,
3177 463 3238 504 ac
3286 449 3434 507 illius
3482 453 3613 516 lilia,

335 543 621 617 σαρκικῶς
643 545 699 596 ἐν
731 543 938 613 είδῄσει
988 543 1356 614 μιγνύμενος,
1385 546 1779 616 ρινοκοπείσθω
1803 562 1818 577 ·
1853 549 1922 618 τῇ

333 637 475 708 αὐτῇ
507 633 798 706 ποινῇκαὶ
825 635 924 704 τῆς
953 635 1011 688 ἐν
1039 635 1244 707 εἰδήσει
1264 635 1744 709 πλημμλησάσης
1773 637 1924 708 αὐτῷ

335 727 730 797 ὑποκειμένης.

409 819 518 877 κθ’.
551 818 613 872 ⁸0
629 817 722 872 δύο
744 835 813 886 γα
822 816 992 888 μετάς
1009 817 1172 890 ἔχων,
1192 820 1496 874 τυπτέσθω·
1526 818 1923 889 ἐκδιωκομένου

333 910 430 966 τοῦ
462 908 798 963 ἐπεισάκτου
832 906 1060 976 γυναίου
1082 909 1220 978 μετά
1255 907 1366 963 τῶν
1409 907 1470 972 ἐξ
1498 907 1668 976 αὐτῆς
1705 905 1929 976 τεχθέν-

332 1021 444 1058 των
467 1002 699 1056 τέκνων.

405 1093 473 1147 λ’.
508 1093 571 1145 ’0
593 1091 881 1163 ἀλλοτρίας
909 1089 1112 1160 ἀγέλης
1133 1090 1235 1161 τῆς
1259 1088 1584 1161 οἱασδήποτε
1622 1087 1926 1143 ἀπελασίαν

332 1179 683 1250 ποιούμενος,
708 1183 767 1234 ἐν
797 1179 898 1251 μὲν
936 1181 1180 1251 πρώτοις
1206 1180 1368 1234 τοῦτο
1398 1179 1591 1246 ποιῶν,
1616 1178 1924 1232 τυπτέσθω·

331 1268 590 1339 δεύτερον
604 1267 683 1332 δὲ,
712 1269 899 1341 ἐξορέᾳ
920 1269 1401 1340 παραπεμπέσθωο
1433 1269 1617 1339 τρίτον
1645 1269 1722 1333 δὲ,
1748 1285 1926 1339 χειρο-

336 1360 617 1414 κοπείσθω
645 1376 661 1391 ⁸
713 1360 1041 1429 ὀφειλόντων
1087 1361 1335 1434 δηλονότι
1380 1360 1489 1414 τῶν
1559 1361 1690 1432 παρ’
1755 1360 1925 1415 αὐτοῦ

335 1453 758 1523 ἀπολλυομὲνων
784 1455 849 1523 τῇ
879 1453 985 1526 ίδίᾳ
1009 1452 1484 1508 ἀποκαθίστασθαι
1508 1451 1818 1524 δεσποτεία.

407 1546 510 1598 λα’.
545 1544 604 1597 Ὅ
626 1543 928 1616 λῃστεύων,
957 1545 1054 1600 καὶ
1078 1546 1299 1617 ἐνέδρας
1322 1545 1514 1613 ποιῶν,
1541 1547 1638 1599 καὶ
1658 1543 1924 1614 φονεύων,

353 1637 411 1689 ἐν
431 1629 474 1704 ᾧ
499 1638 781 1707 κρατεῖται
811 1636 985 1709 τόπῳ,
1032 1637 1437 1710 φουρκιζέσθω.

2028 546 2207 601 sciens
2235 545 2530 599 carnaliter
2551 558 2610 599 se
2629 542 2970 607 commiscet,
3001 555 3162 596 nares
3192 541 3612 596 abscinduntur:

2029 637 2202 692 eidem
2251 650 2408 705 paena
2457 632 2546 687 illa
2585 645 2804 702 quoque
2858 629 3219 698 subjicienda,
3263 643 3384 696 quae
3435 629 3616 683 sciens

2029 743 2151 783 cum
2182 726 2272 781 illo
2301 725 2558 781 delictum
2589 724 2691 778 hoc
2723 722 2966 778 admisit.

2097 817 2187 875 29.
2221 817 2323 885 Qui
2352 816 2490 872 duas
2514 829 2710 871 uxores
2735 815 2921 880 habet,
2947 812 3270 868 verberator
3302 827 3317 865 :
3346 809 3612 880 ejicienda

2029 909 2343 966 muliercula
2367 909 2462 964 illa
2501 918 2782 976 extranea,
2805 921 2928 962 cum
2967 905 3114 960 natis
3142 920 3208 960 ex
3245 904 3364 974 ipsa
3401 902 3611 957 liberis.

2099 1093 2190 1148 50.
2231 1091 2504 1163 Abigeus,
2542 1088 2633 1160 qui
2688 1099 3071 1159 quemcunque
3112 1096 3329 1154 gregem
3377 1080 3617 1136 alienum

2030 1185 2223 1256 abigit,
2269 1185 2313 1240 si
2351 1183 2529 1254 prima
2567 1182 2622 1236 id
2655 1182 2774 1235 vice
2819 1177 3002 1243 faciat,
3045 1176 3410 1230 verberator:
3449 1173 3494 1226 si
3529 1186 3617 1226 se-

2028 1278 2226 1341 (tmda,
2260 1275 2316 1329 in
2353 1273 2603 1330 exsilium
2634 1270 2866 1325 mittitur
2891 1282 2906 1320 :
2931 1268 2977 1322 si
3005 1267 3188 1332 tertia,
3216 1279 3410 1318 manus
3435 1263 3484 1317 ei
3517 1263 3617 1317 ab-

2027 1365 2294 1423 scinditur
2325 1379 2341 1417 :
2380 1363 2446 1417 iis
2476 1361 2702 1427 scilicet,
2733 1373 2853 1429 quae
2883 1357 3054 1428 ipsius
3098 1355 3254 1426 culpa
3281 1353 3610 1422 perduutur,

2028 1456 2249 1540 domino
2287 1469 2390 1509 suo
2424 1451 2798 1508 restituendis.

2099 1543 2190 1597 51.
2225 1542 2328 1607 Qui
2368 1539 2744 1603 latrocinatur,
2781 1547 2834 1593 et
2860 1537 3086 1593 insidias
3118 1537 3294 1600 locat,
3337 1544 3393 1590 et
3439 1533 3616 1589 cades

2028 1634 2296 1702 admittit,
2324 1647 2434 1704 quo
2468 1633 2522 1687 in
2549 1632 2671 1688 loco
2695 1631 2929 1701 capitur,
2963 1630 3164 1686 ibidem
3195 1628 3351 1684 furca
3390 1641 3615 1697 suspen-

2029 1728 2193 1784 ditur.

415 1817 513 1888 λβ’.
557 1820 617 1872 '0
650 1820 886 1890 πρᾶγμα
923 1817 1063 1888 ἔχων
1089 1818 1232 1888 μετά
1259 1835 1427 1884 τινος,
1456 1818 1548 1872 καὶ
1581 1818 1656 1889 μὴ
1685 1820 1750 1889 τῇ
1781 1818 1922 1890 ἀρχῇ

2099 1817 2191 1874 52.
2229 1816 2330 1884 Qui
2373 1830 2499 1872 cum
2532 1814 2715 1884 aliquo
2762 1810 3036 1883 negotium
3083 1808 3269 1876 habet,
3311 1821 3413 1861 nec
3441 1804 3617 1876 magi-

339 1908 700 1979 προσσωνῶν,
739 1908 856 1962 ἀλλ’
898 1909 1243 1972 αὐτοϐούλως
1283 1909 1401 1962 εἴτε
1433 1909 1554 1963 κατ’
1594 1907 1922 1979 ἐξουσίαν,ἢ

334 2001 432 2054 καί
465 2018 584 2053 τινα
607 2000 933 2055 δυναστείαν
956 2001 1102 2072 χειρὶ
1129 2001 1428 2055 ἐπιϐαίνων
1455 2001 1552 2056 καὶ
1586 2001 1836 2071 ἐπαίρων
1864 1999 1926 2052 τὺ

331 2093 562 2146 εἰτιοῦν·
601 2095 650 2146 εί
685 2093 784 2163 μὲν
815 2093 959 2147 κατᾶ
998 2092 1260 2165 ἀλήθειαν
1301 2094 1362 2148 τὸ
1399 2095 1531 2146 ίδιον
1553 2090 1736 2159 ζητῶν
1767 2092 1926 2145 τοῦτο

327 2185 640 2258 ἐποίησεν,
704 2185 1022 2240 ἐκπιτ.τέτω
1070 2185 1165 2240 τοῦ
1223 2186 1353 2239 ίδέου
1407 2186 1764 2256 πράγματος,
1831 2184 1928 2238 καὶ

327 2277 635 2333 ἀναδιδότω
662 2278 738 2348 τῷ
782 2279 977 2350 ἑτέρῳ.
1005 2278 1066 2331 El
1095 2277 1152 2330 δὲ
1179 2276 1274 2330 καὶ
1302 2277 1587 2346 ἀλλότριόν
1607 2285 1668 2328 τι
1697 2275 1924 2346 ἐπῆρεν,

327 2369 444 2424 ὑπὸ
472 2369 573 2440 μὲν
588 2368 682 2422 τοῦ
701 2371 844 2422 κατά
863 2367 953 2422 τὸν
979 2368 1144 2421 τόπον
1167 2368 1433 2440 ἄρχοντος
1455 2365 1718 2439 δερέσθω,
1739 2365 1815 2429 ὡς
1851 2365 1926 2437 μὴ

325 2462 667 2534 ἀρχόμενος,
708 2463 805 2516 καὶ
851 2461 1016 2516 αὑτοῦ
1049 2461 1344 2532 γενόμενος
1368 2461 1602 2525 ἔκδικος,
1635 2461 1730 2514 καὶ
1753 2458 1928 2522 οὕτως

323 2553 438 2626 τὴν
459 2553 908 2608 ἀποκατάστασιν
934 2553 1197 2607 ποιείσθω
1220 2545 1356 2606 οὖπε
1366 2570 1397 2625 ρ
1422 2552 1702 2621 ἀφείλετο.

408 2644 512 2715 λγ.
567 2645 627 2700 Ὀ
658 2646 808 2717 ἱερέα
826 2646 935 2699 εἴτε
953 2647 1010 2698 ἐν
1036 2643 1326 2716 ἐκκλησίᾳ,
1352 2644 1463 2699 εἴτε
1487 2646 1545 2699 ἐν
1564 2645 1687 2718 λιτῇ
1718 2649 1929 2718 ἐπιχειο

327 2737 475 2809 ρῶν,
505 2739 846 2808 τυπτόμενος
877 2735 1224 2807 ὲξοριζέσθω.

409 2828 506 2884 λδ’.
555 2829 616 2885 ὐ
647 2830 1033 2902 εἰσερχόμενος
1071 2831 1128 2882 ἐν
1163 2828 1561 2901 θυσιαστηρίῳ,
1586 2831 1644 2885 ἐν
1679 2829 1925 2904 ήμέρᾳῆ

325 2923 430 2978 καί
462 2924 524 2975 ἐν
553 2924 732 2990 νυκτὶ,
766 2923 860 2976 καί
882 2940 934 2976 τι
965 2922 1072 3001 τῶν
1107 2920 1270 2993 ίερῶν
1297 2921 1657 2991 ἀφελόμενος,
1689 2923 1927 2992 τυφλού-

331 3018 472 3072 σθω.
517 3018 577 3072 Ὀ
607 3017 664 3071 δὲ
695 3017 803 3085 ἔξω
833 3015 928 3070 τοῦ
959 3015 1350 3087 θυσιαστηρίου
1391 3016 1638 3087 ἐπαίρων
1657 3034 1710 3070 τι
1739 3017 1928 3087 ἐκῙτοῦ

2028 1922 2255 1969 stratum
2282 1909 2591 1980 compellat,
2625 1907 2720 1963 sed
2748 1905 2970 1977 proprio
3004 1900 3251 1965 consilio,
3286 1899 3404 1955 sive
3457 1905 3618 1963 pote-

2026 2015 2189 2068 state,
2227 2004 2343 2059 sive
2362 2002 2600 2070 potentia
2631 2000 2865 2069 quadam
2893 1996 3086 2059 fretus,
3114 2008 3283 2048 manu
3323 1991 3530 2046 invadit
3566 1997 3620 2044 et

2028 2095 2244 2166 quidvis
2304 2092 2484 2148 aufert
2530 2108 2544 2145 :
2600 2087 2870 2158 siquidem
2933 2086 3110 2154 reipsa
3158 2081 3301 2154 quod
3337 2095 3496 2136 suum
3536 2086 3622 2133 est

2027 2201 2300 2259 quaerens,
2333 2187 2385 2240 id
2417 2185 2574 2251 fecit;
2606 2197 2664 2237 re
2694 2196 2792 2236 sua
2823 2179 3018 2244 cadat,
3052 2190 3288 2246 eamque
3337 2173 3492 2228 alteri
3529 2186 3619 2227 re-

2027 2282 2242 2338 stituat.
2297 2279 2393 2334 Sin
2445 2276 2682 2331 alienum
2713 2272 2842 2342 quid
2883 2270 3132 2334 abstulit,
3167 2283 3199 2324 a
3243 2267 3475 2338 praeside
3516 2265 3618 2319 loci

2028 2372 2213 2444 ﬂagris
2269 2369 2514 2433 caeditur,
2556 2365 2722 2422 veluti
2759 2363 2874 2434 qui,
2920 2375 3046 2417 cum
3084 2359 3466 2428 magistratum
3511 2370 3617 2410 non

2029 2473 2266 2539 gereret,
2313 2459 2691 2532 suimetipsius
2753 2473 2815 2514 se
2863 2455 3136 2510 vindicem
3177 2450 3366 2507 fecerit
3401 2487 3415 2516 ,
3453 2458 3620 2518 atque

2030 2562 2102 2618 ita
2136 2559 2282 2631 quod
2313 2555 2557 2622 abstulit,
2583 2553 2858 2610 restituat.

2100 2655 2190 2710 55.
2223 2653 2325 2721 Qui
2359 2650 2699 2708 sacerdotem
2723 2645 2838 2703 sive
2862 2646 2916 2700 in
2952 2643 3210 2710 ecclesia,
3249 2640 3366 2697 sive
3393 2638 3447 2694 in
3479 2637 3618 2693 lita-

2031 2748 2122 2804 nia
2155 2745 2490 2818 aggreditur,
2521 2741 2841 2797 verberatus
2867 2738 3160 2808 relegatur.

2103 2837 2194 2892 54.
2223 2835 2327 2903 Qui
2356 2831 2656 2890 sacrarium
2688 2830 2988 2900 ingressus,
3021 2824 3266 2882 interdiu
3310 2821 3393 2878 vel
3429 2828 3618 2885 noctu,

2032 2943 2315 2986 sacrorum
2347 2924 2550 2996 aliquid
2593 2922 2722 2978 inde
2749 2919 2949 2987 aufert,
2983 2925 3310 2973 excaecator.
3343 2912 3449 2980 Qui
3491 2925 3621 2966 vero

2034 3027 2190 3076 extra
2235 3015 2536 3073 sacrarium
2579 3027 2611 3070 e
2669 3009 2869 3080 templo
2905 3009 3048 3080 quid.
3090 3005 3291 3071 aufert,
3343 3002 3525 3072 ﬂagris
3563 3009 3622 3055 ut

331 3111 491 3175 ναοῦ,
518 3109 762 3183 δερέσθω
788 3109 864 3173 ὡς
894 3109 1121 3181 ἀσεϐὴς,
1176 3109 1273 3163 καὶ
1304 3108 1704 3180 κουρευόμενος
1746 3108 1925 3182 ἐξορι-

2037 3113 2238 3184 impius
2265 3108 2510 3173 caeditur,
2533 3115 2590 3163 et
2611 3114 2804 3162 tonsus
2820 3102 3012 3162 exsilio
3043 3099 3354 3157 mulctator.

327 3202 537 3268 ζέσθω.

395 3296 502 3350 λε’.
532 3294 598 3349 Ol
624 3293 715 3349 διά
761 3311 915 3358 τινας
966 3293 1169 3365 ἐχθρὰς
1204 3293 1238 3365 ἢ
1273 3294 1535 3366 ἁρπαγάς
1556 3296 1924 3368 πραγμάτων,

326 3387 361 3457 ἢ
394 3385 744 3457 ἐμπρησμὸν
773 3387 832 3438 ἐν
865 3383 1015 3440 πόλει
1039 3383 1344 3450 ποιοῦντες,
1368 3387 1503 3457 πυρὶ
1525 3385 1929 3458 παραδιδὸσθω-

330 3497 462 3533 σαν.
523 3479 589 3532 Ei
618 3478 676 3531 δὲ
707 3477 814 3543 ἔξω
843 3477 1054 3541 πόλεως
1119 3477 1319 3548 χωρία,
1358 3479 1391 3550 ἢ
1433 3480 1660 3550 ἀγροὺς,
1694 3479 1929 3548 ἤοίκίας

328 3569 529 3640 ἀγρῶν
550 3568 868 3638 ἐξεπίτηδες
893 3569 1242 3640 ἐμπρήσωσι,
1272 3567 1418 3638 ξίφει
1447 3568 1926 3642 τιμωρείσθωσαν.

331 3663 400 3716 Et
467 3661 525 3714 δέ
546 3677 626 3723 τις
649 3660 750 3732 τὴν
778 3659 1034 3731 καλάμην
1066 3659 1162 3712 τοῦ
1204 3660 1338 3713 ίδίου
1377 3661 1660 3731 χωραιρίου
1684 3699 1700 3724 ,
1753 3661 1787 3732 ἢ
1828 3659 1930 3724 τὰς

336 3751 582 3816 ἀκάνθας
611 3751 939 3822 βουλόμενος
968 3751 1196 3816 καῦσαι,
1251 3750 1478 3806 ἐνέϐαλε
1511 3750 1625 3823 πῦρ
1677 3751 1798 3805 κατ’
1832 3751 1930 3806 a6-

339 3844 481 3909 τῶν,
514 3846 573 3896 τὸ
597 3845 652 3898 δέ
681 3843 798 3915 πῦρ
831 3844 927 3897 καὶ
957 3844 1272 3914 περαιτέρω
1295 3842 1563 3914 προῆλθε,
1593 3845 1689 3898 καὶ
1729 3841 1929 3896 ἔκαυσε

340 3937 415 3990 τά
447 3935 704 4008 ἀλλότρια
726 3936 1006 4008 χωράφια,
1045 3937 1078 4006 ἢ
1131 3937 1225 3989 τὸν
1255 3935 1538 4008 ἀλλότριον
1587 3936 1928 4007 ἀμπελῶνα’

329 4030 423 4084 δεῖ
457 4027 923 4101 περιεργάζεσθαι
967 4027 1062 4081 τὸν
1088 4028 1388 4099 ἀκροατὴν,
1433 4028 1534 4083 καὶ
1573 4030 1623 4082 εί
1656 4029 1756 4100 μὲν
1786 4028 1931 4083 κατά

328 4123 602 4194 ἀπειρίαν
624 4123 660 4192 ἢ
694 4121 971 4194 ῥᾳθυμίαν
1002 4119 1096 4174 τοῦ
1131 4121 1386 4191 βαλόντος
1415 4121 1478 4175 τὸ
1511 4120 1624 4194 πῦρ
1648 4122 1808 4176 τοῦτο
1839 4123 1934 4189 γέ-

326 4233 490 4286 γονε,
520 4216 585 4269 τὸ
613 4215 851 4287 ἀζήμιον
881 4213 960 4285 τῷ
995 4213 1246 4284 βλαϐέντι
1297 4214 1558 4268 ποιείτω’
1615 4215 1666 4268 εί
1717 4215 1826 4287 γὰρ
1871 4217 1932 4270 ἐν

325 4309 530 4380 ἡμέρᾳ
552 4306 759 4377 ἄνεμον
785 4305 956 4359 πολὺν
979 4303 1180 4376 ἐχούσῃ
1205 4304 1266 4358 τὸ
1283 4303 1397 4377 πῦρ
1424 4304 1640 4371 ἔϐαλεν,
1666 4305 1698 4376 ἦ
1733 4307 1830 4360 καὶ
1855 4305 1932 4378 μὴ

326 4397 700 4470 παρεφύλαξε
721 4396 1200 4469 [παρεφυλάξατο]
1229 4397 1290 4450 τὸ
1315 4396 1393 4469 μὴ
1424 4397 1709 4468 προελθεῖν
1734 4398 1797 4451 τὸ
1818 4397 1932 4470 πῦρ

2101 3291 2192 3346 55.
2224 3287 2324 3356 Qui
2352 3294 2578 3358 propter
2608 3282 2928 3340 inimicitias
2955 3279 3242 3350 quasdam,
3271 3278 3330 3333 in
3361 3277 3496 3331 urbe
3535 3288 3625 3329 re-

2033 3393 2153 3434 rum
2183 3375 2517 3445 direptiones
2543 3380 2639 3427 aut
2668 3369 2978 3426 incendium
3005 3367 3230 3432 faciunt,
3260 3364 3371 3435 igni
3399 3363 3624 3417 tradun-

2035 3480 2142 3526 tor.
2165 3467 2262 3522 Sin
2291 3473 2449 3522 extra
2479 3462 2669 3519 urbem
2690 3461 2908 3528 fundos,
2931 3467 3024 3514 aut
3050 3472 3229 3528 agros,
3257 3463 3620 3524 autagrorum

2031 3562 2287 3625 tediﬂcia,
2319 3559 2445 3615 data
2471 3571 2640 3628 opera
2674 3553 3041 3614 incenderint,
3091 3549 3272 3622 gladio
3301 3548 3618 3618 puniuntur.

2034 3657 2092 3714 Si
2127 3655 2252 3727 quis
2279 3663 2463 3709 autem
2496 3648 2722 3720 stipulas
2749 3647 2862 3717 agri
2899 3651 3007 3711 sui,
3046 3643 3132 3698 vel
3173 3651 3355 3696 sentes
3391 3650 3624 3692 exurere

2037 3749 2246 3815 volens,
2282 3747 2462 3816 ignem
2496 3743 2550 3798 in
2580 3755 2676 3796 eas
2707 3737 2975 3810 iniecerit,
3010 3746 3065 3791 et
3096 3734 3237 3806 iguis
3280 3731 3368 3786 ille
3391 3729 3624 3785 ulterius

2034 3839 2329 3912 scrpserit,
2365 3845 2528 3908 atque
2572 3833 2780 3888 alienos
2824 3829 3046 3894 fundos,
3092 3837 3184 3880 aut
3226 3823 3442 3879 vineam
3492 3821 3626 3875 alie-

2031 3950 2156 3990 nam
2190 3929 2460 3988 exusserit
2485 3947 2499 3983 :
2529 3927 2697 3996 iudex
2735 3938 2857 3980 eam
2901 3935 3014 3976 rem
3054 3918 3267 3975 curiose
3309 3913 3624 3984 perquirere

2033 4029 2224 4095 debet,
2289 4039 2353 4081 ac
2405 4021 2673 4091 siquidem
2727 4032 2821 4089 per
2873 4013 3202 4086 imperitiam
3266 4008 3350 4063 vel
3409 4005 3624 4074 culpam

2033 4120 2184 4190 ejus,
2231 4118 2322 4189 qui
2372 4117 2551 4188 ignem
2601 4112 2749 4170 illum
2792 4109 3007 4181 injecit,
3053 4108 3156 4161 hoc
3221 4104 3421 4159 factum
3481 4099 3624 4154 fuit:

2033 4223 2291 4276 damnum
2336 4215 2426 4271 hic
2470 4215 2656 4269 datum
2701 4208 2804 4272 illi,
2847 4206 2938 4277 qui
2982 4217 3175 4272 passus
3222 4208 3327 4264 est,
3364 4209 3626 4265 compen-

2035 4323 2140 4370 set.
2205 4309 2340 4366 Nam
2380 4307 2427 4364 si
2486 4306 2610 4372 die,
2670 4315 2778 4372 quo
2833 4307 3032 4354 ventus
3082 4293 3247 4349 ﬂabat
3299 4291 3626 4348 vehemens.

2035 4407 2215 4478 ignem
2272 4399 2539 4458 immisit:
2573 4404 2669 4451 aut
2698 4394 2744 4449 si
2792 4406 2896 4448 non
2938 4389 3104 4452 cavit,
3159 4398 3230 4439 ne
3277 4382 3437 4437 latius
3489 4379 3630 4448 ignis

325 4490 680 4563 περαιτέρω,
715 4489 792 4554 ὡς
823 4488 1108 4560 ἀμελήσας
1142 4490 1239 4544 καὶ
1274 4489 1604 4561 ῥᾳθυμήσας
1633 4490 1929 4545 καταδικάο

2040 4472 2285 4569 serperet
2326 4511 2342 4550 :
2387 4491 2552 4550 veluti
2595 4487 2877 4558 negligens
2928 4491 2984 4539 et
3014 4480 3165 4548 _|at'.e
3215 4474 3388 4544 culpae
3431 4472 3630 4527 adﬁnis

329 4586 522 4650 ζεται.
555 4582 618 4634 Et
639 4580 697 4634 δέ
715 4582 810 4635 καὶ
831 4581 1010 4636 πάντα
1038 4583 1137 4652 μὲν
1162 4581 1609 4652 παρεφυλάξατο,
1634 4582 1831 4655 ἀθρόον
1875 4583 1934 4637 δέ

331 4674 571 4746 πνεῦμα
622 4673 800 4743 βίαιον
851 4674 1111 4740 ἐνέπεσε,
1171 4675 1266 4728 καὶ
1289 4674 1380 4729 διὰ
1407 4674 1566 4729 τοῦτο
1596 4676 1936 4747 πορρωτέρω

329 4768 590 4841 προῆλθε
611 4766 673 4820 τὺ
697 4767 830 4842 πῦρ,
855 4766 918 4819 οὐ
942 4767 1390 4832 καταδικάζεται.
1432 4768 1560 4822 Ἐὰν
1584 4768 1648 4822 ἐκ
1673 4766 1770 4823 τοῦ
1798 4785 1936 4840 συμ-

329 4862 645 4932 ϐεϐηκότος
700 4859 1058 4932 ἐμπυρισμοῦ
1116 4860 1414 4932 ἐμπρησθῇ
1442 4857 1594 4925 οἶκός
1629 4878 1802 4929 τινος,
1837 4862 1935 4916 καὶ

329 4953 662 5010 ἐκκαυθῶσί
696 4971 820 5007 τινα
853 4952 965 5007 τῶν
1002 4953 1150 5007 ἰδίων
1201 4953 1368 5008 αὑτοῦ
1431 4955 1799 5026 πραγμάτων,
1839 4955 1938 5009 καί⁵

330 5047 595 5117 ἐκδράμῃ
629 5044 692 5098 rb
723 5044 855 5117 πῦρ,
890 5044 986 5098 καὶ
1016 5045 1296 5116 ἐμπρήσει
1345 5046 1471 5100 τινὰ
1516 5047 1625 5100 τῶν
1660 5060 1936 5118 παρακει-

336 5144 530 5216 μένων
555 5140 708 5212 αὐτῷ
738 5139 1082 5211 οἰκημάτων,
1111 5140 1450 5213 ἀνέγκλητος
1472 5140 1635 5206 ἔστω,
1665 5140 1742 5206 ὡς
1772 5141 1938 5195 ἀκου-

333 5240 480 5298 σίως
512 5238 607 5290 τοῦ
637 5235 882 5291 τοιούτου
906 5237 1244 5308 ἐμπρησμοῦ
1275 5236 1599 5307 γενομένου.

408 5330 524 5394 λς’.
567 5329 782 5391 Οίτοὺς
826 5329 1055 5394 νεκροὺς
1113 5331 1174 5382 ἐν
1203 5331 1318 5392 τοῖς
1367 5329 1563 5397 τάφοις
1623 5329 1934 5396 ἐκδύοντες,

333 5423 907 5498 χειροκοπείσθωσαν.

417 5515 520 5582 λζ’.
571 5517 631 5570 ’0
656 5517 818 5588 σῶμα
847 5515 1132 5586 ἐλεύθερον
1162 5514 1416 5569 κλέπτων
1456 5513 1552 5569 καὶ
1583 5514 1934 5587 πιπράσκων,

336 5627 436 5682 χει
446 5607 671 5680 ροκοπεί
678 5606 809 5661 σθω.

423 5699 527 5770 λη’.
573 5702 634 5754 Ὀ
694 5701 1063 5769 ὑπονοθεῦων,
1129 5702 1224 5755 καὶ
1274 5700 1557 5773 κρύπτων,
1611 5699 1705 5754 καὶ
1755 5699 1938 5770 ἀφανῆ

343 5795 527 5850 ποιῶν
552 5796 830 5868 ἀλλότριον
861 5794 1101 5866 οίκέτην,
1125 5795 1261 5867 πρὸς
1280 5798 1345 5867 τῇ
1373 5793 1819 5851 ἀποκαταστάσει
1844 5793 1938 5848 τοῦ

2039 4561 2449 4646 condemnatur.
2498 4580 2595 4638 Sin
2639 4592 2764 4634 cum
2813 4573 2918 4630 sibi
2955 4571 3194 4626 cavisset
3238 4567 3301 4636 ,in
3350 4561 3628 4626 omnibus,

2037 4680 2221 4737 subito
2257 4681 2453 4731 ventus
2497 4670 2838 4740 impetuosus
2879 4662 3078 4727 irruit,
3133 4671 3304 4730 eaque
3344 4656 3410 4711 de
3461 4669 3628 4710 causa

2039 4775 2202 4832 latius
2229 4773 2370 4840 ignis
2414 4767 2503 4825 ille
2543 4764 2744 4837 serpsit
2773 4781 2788 4818 :
2819 4776 2928 4816 non
2956 4758 3374 4815 condemnatur.
3407 4751 3466 4808 Si
3505 4768 3629 4807 cum

2040 4870 2220 4943 ignem
2257 4867 2310 4920 in
2351 4859 2581 4927 alicujus
2611 4858 2772 4913 domu
2799 4850 3027 4909 accendi
3057 4847 3398 4916 contigisset,
3436 4860 3500 4899 ea
3533 4844 3632 4900 do-

2039 4936 2161 5017 mus
2193 4959 2316 5029 igne
2352 4961 2604 5022 correpta
2635 4947 2822 5014 fuerit,
2871 4954 2927 5000 et
2968 4941 3256 5013 ipsiusmet
3295 4936 3503 4994 domini
3542 4950 3631 4990 res

2040 5026 2285 5124 quaedam
2311 5053 2514 5102 exusta:
2548 5060 2563 5097 :
2595 5039 2789 5097 deinde
2830 5048 3150 5109 progressus
3207 5030 3368 5102 ignis,
3399 5026 3629 5083 aedilicia

2040 5117 2289 5216 quadam
2313 5138 2566 5209 contigua
2588 5131 2824 5188 ﬂammis
2849 5125 3197 5196 corripuerit,
3233 5135 3390 5178 extra
3417 5117 3628 5188 culpam

2040 5209 2180 5303 esto,
2211 5231 2373 5290 veluti
2411 5245 2521 5302 quo
2552 5227 2720 5283 invito
2748 5219 3058 5278 incendium
3090 5215 3221 5272 illud
3246 5209 3533 5268 acciderit.

2112 5330 2201 5388 56.
2232 5330 2344 5397 Eis,
2367 5327 2460 5398 qui
2493 5332 2734 5380 mortuos
2767 5320 2824 5375 in
2866 5314 3132 5387 sepulcris
3170 5317 3395 5373 exuunt,
3434 5317 3628 5358 manus

2043 5425 2402 5483 abscinditur.

2109 5517 2201 5572 57.
2234 5515 2317 5579 Ei,
2354 5513 2445 5583 qui
2490 5525 2692 5580 corpus
2733 5508 2964 5564 liberum
2997 5502 3210 5557 furatur
3249 5509 3314 5550 ac
3345 5486 3622 5553 distrahit,

2043 5622 2237 5664 manus
2266 5603 2627 5661 abscinditur.

2113 5702 2204 5757 '58.
2235 5698 2338 5765 Qui
2368 5697 2647 5759 sollicitat,
2676 5701 2732 5748 et
2755 5691 2896 5746 celat
2920 5728 2935 5753 ,
2963 5693 3019 5742 et
3049 5693 3318 5752 nusquam
3354 5682 3623 5765 apparere

2043 5792 2174 5852 facit
2207 5790 2442 5868 alienum
2469 5801 2707 5852 servum,
2741 5789 2940 5854 prmtcr
2979 5779 3096 5846 ejus
3140 5773 3283 5832 servi
3321 5759 3626 5827 restitutio-
