4050 6424
343 307 459 372 543

1384 306 1889 371 CONSTANTINI
1928 288 2626 383 PORPHYROGENITH

3513 319 3612 385 5U

344 432 491 483 nem,
521 414 685 472 etiam
716 418 885 475 alium
915 419 1138 478 domino
1162 433 1405 491 servum,
1434 422 1519 478 vel
1549 421 1784 492 pretium
1813 418 1928 487 ejus

2040 424 2277 480 τοιούτου
2309 427 2501 482 δούλου
2520 429 2617 484 καὶ
2652 428 2845 500 ἕτερον
2869 428 2946 501 τῷ
2974 429 3150 502 κυρίῳ
3179 428 3344 484 αὐτοῦ
3371 430 3612 506 οἰκέτην.

348 516 591 577 praestet.

419 599 509 655 59.
549 598 650 665 Qui
683 601 900 657 furatur
931 603 985 658 in
1035 600 1267 669 fossato,
1306 617 1423 659 sive
1463 604 1517 658 in
1561 602 1926 673 expeditione,

345 690 393 746 si
434 705 605 754 arma,
651 693 1010 748 verberator:
1044 693 1091 748 si
1125 691 1428 764 jumentum
1454 729 1472 759 ,
1518 708 1710 750 manus
1746 694 1796 749 ei
1834 694 1929 750 ab-

343 781 628 838 scinditor.

415 873 508 927 ιο.
548 873 618 928 At
648 889 783 929 vero
806 875 898 945 qui
933 875 1042 930 alio
1088 876 1140 930 in
1185 875 1304 934 loco
1345 878 1657 949 reipublicm
1688 879 1925 947 furatur,

345 977 469 1017 cum
503 964 555 1017 id
591 964 765 1032 prima
805 965 923 1019 vice
967 965 1123 1029 facit,
1154 967 1422 1038 siquidem
1454 970 1592 1024 liber
1618 980 1728 1036 est,
1766 979 1823 1026 et
1847 971 1927 1026 lo-

343 1055 563 1126 cuples,
614 1064 813 1125 prater
849 1059 1246 1118 restitutionem
1287 1060 1502 1119 furtiva:
1531 1063 1650 1128 rei,
1704 1063 1926 1134 duplum

343 1146 537 1201 deinde
567 1139 803 1216 pretium
826 1150 943 1219 ejus
973 1161 1197 1219 praestat
1234 1168 1247 1205 :
1282 1154 1367 1209 sin
1400 1154 1578 1226 inops,
1612 1156 1929 1212 verberator

341 1245 396 1289 ct
435 1238 489 1291 in
523 1238 773 1294 exsilium
804 1241 1054 1297 mittitor.
1084 1241 1336 1300 Secunda
1371 1259 1506 1302 vero
1553 1245 1697 1314 vice,
1736 1261 1933 1303 manus

341 1325 389 1379 ei
420 1327 778 1385 abscinditor.

413 1418 504 1472 41.
540 1418 694 1474 Servi
727 1420 863 1477 furis
895 1423 1167 1493 dominus,
1198 1428 1244 1483 si
1278 1441 1499 1485 servum
1525 1429 1794 1498 ejusmodi
1835 1444 1929 1487 re-

345 1506 516 1564 tinere
563 1510 695 1578 vult,
740 1513 997 1571 damnum
1040 1518 1225 1573 dattrm
1282 1521 1380 1587 illi,
1423 1521 1517 1592 qui
1571 1537 1764 1592 passus
1820 1531 1924 1589 est,

341 1613 778 1671 compensetzat
832 1609 881 1662 si
929 1620 1147 1664 servum
1201 1613 1451 1668 eumdem
1514 1613 1649 1670 nolit
1703 1614 1926 1680 habere,

345 1694 523 1748 tradat
554 1710 678 1750 eum
711 1696 765 1752 in
788 1701 1177 1770 proprietatem
1215 1704 1443 1760 solidam
1479 1705 1580 1775 illi,
1613 1706 1702 1777 qui
1722 1705 1924 1763 furtum

342 1796 539 1847 passus
570 1796 677 1839 est.

413 1872 507 1927 42.
542 1872 825 1932 Matticliaei
848 1887 904 1933 et
931 1878 1295 1947 Montanistae,
1324 1883 1502 1953 gladio
1536 1888 1854 1956 puniuntor.

411 2051 502 2105 45.
536 2051 641 2120 Qui
681 2057 866 2126 speoie
901 2067 1061 2116 tenus
1093 2076 1319 2118 uxorem
1350 2064 1500 2121 ducit
1538 2080 1682 2134 eam,
1714 2082 1836 2138 qum
1858 2083 1928 2125 ex
1968 2102 1981 2107 -

340 2154 535 2199 saneto
567 2156 618 2200 et
646 2148 872 2205 salutari
908 2153 1234 2224 baptismate
1264 2156 1411 2214 facta
1440 2169 1526 2215 est
1564 2161 1663 2232 ipsi
1687 2177 1930 2220 comma-

342 2249 445 2303 ter,
483 2239 569 2293 vel
601 2256 720 2296 cum
750 2258 814 2297 ea
844 2244 964 2300 sine
994 2248 1198 2316 nuptiis
1229 2248 1475 2307 carnales
1507 2251 1561 2305 in
1610 2253 1929 2324 complexus

340 2328 522 2395 venit,
555 2329 657 2386 hoc
682 2347 811 2403 ergo
828 2335 918 2404 qui
951 2336 1167 2392 facinus
1189 2338 1448 2407 admittit,
1474 2350 1596 2412 post
1638 2344 1924 2401 amborum

339 2437 368 2472 a
398 2436 461 2475 se
497 2423 728 2479 invicem
754 2426 1107 2498 diremptum,
1139 2430 1509 2487 adulterorum
1541 2450 1716 2505 parua:
1757 2437 1928 2507 subji-

339 2512 498 2578 ritor,
527 2512 632 2573 hoc
661 2523 766 2583 est,
797 2526 903 2573 tam
928 2519 1066 2590 .ipsi,
1098 2535 1262 2591 quam
1300 2521 1376 2579 illi
1410 2538 1573 2582 nares
1597 2527 1929 2585 abscindun-

341 2614 446 2660 101³.

409 2696 496 2752 44.
543 2697 599 2754 Si
636 2702 758 2770 quis
795 2702 847 2757 in
893 2706 1204 2761 maritatam
1243 2720 1599 2766 commatrem
1637 2727 1793 2768 suam
1823 2715 1928 2771 bu.

339 2788 569 2858 insmodi
612 2796 742 2864 quid
804 2797 1090 2855 admittere
1140 2801 1516 2870 deprehensus
1572 2807 1776 2876 fuerit,
1814 2821 1923 2868 tam

340 2885 474 2953 ipse,
511 2901 674 2957 quam
709 2891 820 2958 illa,
852 2902 1052 2963 praeter
1078 2897 1291 2952 narium
1326 2903 1724 2970 praecisionem,
1759 2907 1924 2962 etiam

341 2979 543 3034 acriter
575 2981 954 3041 verberantur.

2028 515 2063 587 ἢ
2096 516 2195 581 τάς
2218 518 2361 592 ὑπὲρ
2381 519 2550 575 αὐτοῦ
2571 520 2740 590 τιμὰς
2761 520 2971 577 διδότω.

2100 606 2199 665 λθ’.
2248 609 2309 665 '0
2339 610 2593 667 κλέπτων
2612 614 2672 668 έν
2706 614 2984 685 φοσσάτῳ,
3017 616 3137 689 ἦτοι
3162 616 3222 670 έν
3250 616 3534 690 ὲξπεδίτῳ,
3564 620 3620 674 εί

2032 700 2134 771 μὲν
2160 700 2322 770 ὅπλα,
2351 702 2639 759 τυπτέσθω
2661 719 2676 735 ⁸
2705 705 2757 759 εί
2789 705 2849 759 δὲ
2869 704 3086 777 ἄλογον,
3121 711 3576 779 χειροκοπείσθω.

2104 883 2182 949 μ’.
2228 875 2291 931 Ὃ
2324 876 2577 934 κλέπτων
2602 880 2660 933 ὲν
2687 877 2864 950 ἑτέρῳ
2888 879 3041 949 τόπῳ
3067 879 3167 948 τῆς
3198 880 3497 949 πολιτείας,
3554 884 3615 936 ὲν

2031 966 2271 1040 πρώτοις
2306 968 2408 1040 μὲν
2427 969 2586 1023 τοῦτο
2616 969 2808 1037 ποιῶν,
2841 970 2937 1024 έάν
2992 961 3276 1041 ὲλὲὑθερός
3329 975 3482 1039 ἐστι,
3516 974 3616 1028 καὶ

2029 1062 2276 1133 εὐπορεῖ,
2325 1063 2464 1135 πρὸς
2511 1066 2581 1136 τῇ
2636 1063 3084 1119 ἀποκαταστάσει
3137 1064 3232 1118 τοῦ
3286 1065 3614 1132 κλαπέντος,

2032 1152 2172 1223 μετὰ
2207 1152 2367 1209 τοῦτο
2414 1153 2612 1225 διπλῆν
2662 1154 2765 1227 τὴν
2802 1153 2898 1208 τοῦ
2933 1153 3235 1218 κλαπέντος
3272 1156 3440 1227 τιμὴν
3472 1172 3616 1225 παρ-

2027 1243 2219 1314 εχέτιιν
2251 1246 2303 1300 εί
2337 1245 2393 1299 δὲ
2421 1244 2651 1318 ἄπορος,
2671 1243 2959 1299 τυπτέσθω
2990 1246 3084 1299 καὶ
3113 1245 3463 1317 ἔξοριζέσθω.
3481 1247 3616 1301 Δεύ-

2026 1353 2185 1409 τερον
2210 1338 2288 1403 δὲ,
2313 1339 2768 1415 χειροκοπείσθω.

2099 1433 2211 1498 μα’.
2255 1427 2314 1481 '0
2347 1428 2442 1483 τοῦ
2479 1429 2718 1485 κλέπτου
2745 1432 2937 1487 δούλου
2969 1433 3183 1505 κύριος,
3209 1433 3258 1486 εί
3283 1432 3385 1503 μὲν
3418 1430 3612 1503 βούλε-

2026 1520 2294 1591 ταιξέχειν
2336 1521 2430 1576 τὸν
2488 1523 2733 1579 τοιοῦτον
2763 1525 3006 1595 οἰκέτην,
3028 1525 3092 1579 τὸ
3117 1524 3355 1596 ἀζήμιον
3384 1524 3614 1578 ποιείτω

2026 1611 2103 1684 τῷ
2135 1612 2396 1667 κλαπέντι
2423 1629 2439 1645 °
2474 1613 2553 1687 μὴ
2592 1614 2921 1688 βουλόμενος
2947 1617 3005 1671 δὲ
3030 1617 3177 1688 ἔχειν
3203 1617 3297 1671 τὸν
3332 1617 3498 1671 αὐτὸν
3531 1616 3614 1670 oi-

2028 1705 2215 1775 κέτην,
2250 1705 2441 1777 τοῦτον
2463 1707 2764 1764 ἀποδιδότω
2821 1709 2904 1774 είς
2934 1709 3149 1764 τελείαν
3177 1708 3496 1764 δεσποτείαν
3532 1709 3614 1779 τῷ

1965 1785 2005 1837 Β
2033 1797 2135 1870 τὴν
2169 1797 2375 1867 κλοπὴν
2396 1799 2776 1871 ὑπομείναντι.
2798 1812 2810 1817 ”

2104 1887 2215 1960 μβ’.
2245 1891 2310 1944 Οί
2338 1892 2631 1964 Μανιχαίοι
2662 1892 2760 1947 καὶ
2807 1893 2857 1947 οί
2884 1892 3195 1960 Μωντάνοι,
3243 1892 3390 1963 ξίφει
3436 1910 3616 1965 τιμω-

2032 1982 2340 2053 ρείσθωσαν

2098 2075 2210 2146 μγ’.
2247 2076 2304 2132 ’0
2326 2077 2466 2148 πρὸς
2494 2078 2674 2149 γάμον
2701 2078 2782 2149 τῷ
2805 2079 2984 2134 δοκεῖν
3005 2080 3271 2151 ἀγόμενος
3294 2080 3396 2150 τὴν
3421 2082 3486 2134 ὲκ
3516 2080 3615 2134 τοῦ

2033 2167 2189 2238 ἁγίου
2210 2169 2305 2224 καὶ
2331 2170 2711 2242 σωτηριῶους
2737 2173 3121 2243 βαπτίσματος
3142 2174 3449 2245 γενομένην
3464 2172 3617 2244 αὒτῷ

2030 2257 2346 2326 σύντεκνον,
2370 2260 2405 2331 ἢ
2434 2261 2530 2315 καὶ
2557 2262 2840 2333 σαρκικῶς
2864 2263 3039 2337 ταύτῃ
3082 2264 3213 2320 ἀνευ
3259 2265 3444 2336 γάμου
3474 2281 3623 2335 συμ-

2027 2351 2384 2422 πλεκόμενος,
2413 2354 2442 2406 ὁ
2492 2353 2658 2409 τοῦτο
2704 2355 3065 2426 πλημμελῶν,
3125 2355 3264 2427 μετά
3292 2355 3354 2410 τὸ
3381 2357 3619 2410 ἀποδιω-

2028 2443 2228 2515 χθῆναι
2263 2445 2464 2506 αὐτοὺς
2491 2446 2587 2501 ἀπ’
2620 2447 2893 2519 ἀλλήλων,
2952 2451 3019 2519 τῇ
3070 2448 3181 2504 τῶν
3217 2449 3424 2519 μοιχῶν
3453 2451 3619 2520 ποινῇ

2029 2534 2549 2604 καθυποσαλλέσθω,
2565 2539 2735 2609 ἤγουν
2756 2539 2917 2603 αὐτὸς
2936 2540 3169 2612 κάκείνη
3192 2539 3612 2610 ρινοκοπείσθω.

2100 2709 2205 2781 μδν.
2233 2711 2300 2766 El!
2325 2729 2410 2773 τις
2438 2715 2519 2779 είς
2549 2713 2821 2787 ὖπανδρον
2846 2717 3137 2773 σύντεκνον
3159 2719 3326 2772 αὑτοῦ
3352 2736 3407 2773 τι
3435 2718 3619 2772 τοιοῦ-

2026 2818 2120 2855 τον
2150 2803 2346 2875 εὑρεθῇ
2412 2805 2602 2872 ποιῶν,
2656 2812 2754 2862 καὶ
2783 2808 2947 2864 αὐτὸν
3004 2808 3101 2863 καὶ
3148 2811 3354 2881 ταύτην
3379 2810 3515 2883 πρὸς
3544 2811 3618 2881 τῇ

2028 2896 2236 2968 ἐκτομῇ
2261 2898 2359 2969 τῆς
2388 2899 2537 2970 ῥινὸς
2560 2901 2655 2955 καὶ
2682 2902 2893 2976 σφόδρα
2926 2902 2991 2957 τύ
3003 2903 3256 2962 πτεσθαι.

416 3068 505 3123 45.
550 3070 651 3138 Qui
676 3087 707 3127 a
734 3074 824 3129 die
853 3078 1105 3145 praesenti
1143 3081 1492 3145 matrimonio
1522 3084 1928 3156 coniunguntur

2105 3072 2211 3143 με’.
2244 3074 2309 3128 Ol
2340 3073 2452 3128 ἀπὸ
2477 3075 2572 3129 τοῦ
2601 3075 2871 3148 παρόντος
2895 3079 3034 3151 πρὸς
3059 3079 3239 3150 γάμον
3269 3080 3619 3151 συναπτόμε-

339 3157 495 3214 liberi
534 3162 785 3233 fratrum,
815 3176 868 3222 et
906 3169 1096 3225 borum
1122 3171 1276 3229 liberi
1299 3175 1582 3232 dumtaxat
1610 3196 1624 3233 :
1653 3180 1739 3234 vel
1761 3181 1923 3236 etiam

340 3264 498 3320 pater
533 3265 587 3311 et
615 3256 757 3314 lilius
794 3269 918 3316 cum
962 3274 1140 3320 matre
1166 3281 1230 3323 ac
1264 3266 1395 3332 illia,
1438 3271 1521 3325 vel
1571 3272 1679 3328 duo
1728 3272 1926 3330 fratres

338 3360 464 3400 cum
498 3349 707 3405 duabus
730 3354 1049 3412 sororibus:
1075 3366 1274 3429 praeter
1304 3363 1730 3432 reparationem,
1757 3367 1922 3422 etiam

340 3438 715 3498 verberantor.

408 3529 500 3585 46.
540 3531 801 3592 Falsariis
832 3548 1083 3609 monetae,
1117 3557 1313 3602 manus
1347 3554 1676 3619 aemulator.

408 3705 502 3763 47.
534 3707 638 3775 Qui
674 3710 729 3767 in
753 3712 988 3771 hostium
1031 3730 1223 3776 manus
1257 3730 1543 3791 venerunt,
1576 3732 1633 3780 et
1682 3723 1929 3797 inculpa-

340 3806 451 3889 tum
487 3799 645 3856 ﬁdem
682 3814 926 3863 nostram
957 3807 1323 3868 Christianam
1378 3815 1741 3889 abnegarent,
1777 3829 1927 3889 post-

338 3886 553 3946 liminio
582 3905 943 3964 revertentes,
980 3900 1048 3956 ad
1078 3902 1369 3960 ecclesiam
1399 3886 1777 3965 remi'ttuntor.

409 4073 503 4128 L8.
532 4073 635 4140 Qui
667 4077 824 4133 uxori
862 4093 976 4136 suae
1013 4081 1287 4137 condonat
1312 4092 1368 4140 et
1416 4087 1683 4157 permittit
1713 4089 1926 4145 adulte-

340 4165 505 4232 rium,
542 4168 859 4225 verberatus
889 4170 1158 4243 relegator
1187 4190 1204 4230 :
1236 4176 1497 4233 adulterae
1517 4193 1649 4235 vero
1704 4191 1759 4236 et
1778 4180 1931 4237 adul-

343 4269 462 4315 tero
488 4274 651 4315 nares
683 4273 1056 4333 amputantor.

2032 3180 2115 3217 νοι
2147 3163 2448 3235 ὲξάδελφοι,
2474 3167 2570 3220 καὶ
2601 3167 2670 3221 τά
2694 3168 2901 3223 τούτων
2929 3170 3100 3225 τέκνα
3122 3172 3214 3225 καὶ
3244 3172 3423 3243 μόνον,
3456 3173 3490 3245 ἢ
3520 3173 3619 3226 καὶ

2035 3255 2217 3326 πατὴρ
2265 3257 2361 3310 καὶ
2407 3258 2522 3322 υἱὸς
2557 3258 2696 3323 πρὸς
2730 3261 2944 3332 μητέρα
2991 3263 3087 3317 καὶ
3122 3262 3417 3335 θυγατέρα,
3445 3264 3480 3335 ἢ
3522 3264 3619 3318 δύο

2036 3348 2256 3418 ἀδελφοὶ
2280 3351 2361 3413 εἰς
2393 3349 2488 3404 δύο
2518 3351 2778 3423 ἀδελφὰς,
2807 3354 2944 3425 πρὸς
2976 3355 3056 3427 τῷ
3087 3358 3353 3428 χωρισμῷ
3395 3356 3489 3412 καὶΙ
3521 3373 3616 3410 tu-

2037 3438 2383 3494 πτέσθωσαν.

2109 3531 2228 3603 μςό
2253 3536 2318 3588 Οἱ
2350 3537 2784 3607 παραχαράκται
2830 3539 3095 3613 μονήτας,
3150 3546 3616 3615 χειροκοπείσθω-

2038 3641 2162 3680 σαν.

2110 3717 2221 3790 μζ’.
2249 3722 2315 3775 Oi
2346 3721 2454 3776 ὑπὸ
2484 3723 2593 3778 τῶν
2642 3725 2922 3796 πολεμίων
2975 3729 3356 3801 χειρωθέντες,
3402 3733 3495 3786 καὶ
3514 3734 3619 3801 τὴν

2035 3811 2339 3883 ἀμώμητον
2356 3814 2515 3886 ἡμῶν
2533 3817 2644 3873 τῶν
2684 3819 3032 3889 Χριστιανῶν
3079 3821 3264 3877 πίστιν
3296 3825 3621 3896 ἀπαρνησά-

2041 3919 2218 3973 μενοι,
2262 3904 2699 3979 ὑποστρέφοντες
2743 3911 2804 3965 ἐν
2821 3914 2890 3983 τῇ
2940 3913 3209 3986 πολιτείᾳ,
3241 3917 3310 3985 τῇ
3348 3916 3620 3985 ἐκκλησίᾳ

2039 3994 2626 4064 παραπεμπέσθωσαν.

2108 4094 2225 4157 μη’.
2258 4087 2316 4141 '0
2371 4091 2438 4162 τῇ
2501 4090 2612 4162 ἰδίᾳ
2662 4096 2879 4165 γαμετῇ
2928 4096 3182 4168 μοιχείαν
3211 4095 3281 4171 ἦν
3334 4098 3622 4167 γινώσκων

2037 4176 2499 4255 ἱσυγγινώσκων],
2530 4184 2627 4239 καὶ
2658 4187 3027 4259 παραχωρῶν,
3073 4193 3411 4263 τυπτόμενος
3439 4192 3623 4265 ἐξορι-

2036 4271 2216 4336 ζίσθω
2234 4290 2250 4308 θ
2280 4274 2315 4345 ἡ
2342 4274 2399 4329 δὲ
2430 4277 2680 4347 μοιχαλὶς
2700 4279 2797 4332 καὶ
2820 4282 2850 4334 6
2879 4283 3069 4354 μοιχὸς
3096 4284 3622 4353 ῥινοκοπείσοωσαν.

412 4352 502 4409 49.
536 4354 637 4422 Qui
679 4354 914 4412 alienam
960 4359 1014 4414 in
1067 4359 1259 4416 silvam
1312 4362 1490 4435 ignem
1544 4365 1806 4435 immisit,
1841 4368 1927 4424 vel

2074 4361 2211 4435 .μθ’.
2251 4363 2311 4418 'o
2340 4363 2454 4436 πῦρ
2477 4366 2736 4437 ἐμϐαλὼν
2771 4370 2830 4422 ἐν
2856 4352 3117 4444 ἀλλοτρία
3169 4373 3294 4445 ὕλῃ,
3327 4375 3359 4446 ἢ
3402 4376 3625 4430 κόπτων

340 4445 564 4503 arbores
591 4463 659 4503 ex
689 4463 754 4505 ea
784 4450 961 4519 caedit,
993 4451 1047 4507 in
1078 4453 1303 4524 duplum
1338 4457 1753 4515 condemnatur.

410 4534 503 4590 50.
534 4536 651 4604 Qui
673 4539 845 4594 aliena
875 4555 1073 4611 pecora
1130 4543 1369 4610 inclusit,
1402 4555 1457 4601 et
1483 4547 1625 4604 fame
1662 4552 1924 4622 corrupit,

340 4624 423 4679 vel
449 4625 556 4682 alio
576 4642 685 4698 quo
722 4630 884 4687 modo
914 4635 1145 4702 necavit,
1189 4636 1244 4691 in
1266 4636 1487 4708 duplum
1510 4641 1933 4700 condemnatur.

411 4801 501 4858 5i.
536 4801 593 4857 Si
616 4804 816 4863 arietes
837 4817 930 4863 aut
961 4809 1126 4866 boves
1152 4816 1428 4885 congressi
1457 4817 1678 4886 fuerint,
1710 4829 1763 4875 et
1781 4821 1929 4892 prior

338 4906 629 4963 aggressus
660 4912 889 4955 mortem
920 4903 1266 4976 oppetiverit,
1288 4908 1543 4968 dominus
1569 4910 1737 4979 illius,
1763 4927 1793 4967 a
1816 4930 1927 4985 quo

342 5000 491 5042 mors
514 4996 597 5044 est
629 4989 796 5057 illata,
831 5010 936 5051 non
965 5000 1307 5057 convenitur.
1333 5000 1392 5059 Si
1409 5019 1540 5059 vero
1563 5007 1829 5062 moriatur
1847 5008 1925 5075 id,

344 5080 488 5148 quod
516 5081 761 5139 invasum
788 5084 911 5156 fuit,
968 5090 1246 5151 interfecti
1289 5095 1546 5153 dominus
1579 5101 1925 5169 convenitur,

341 5181 401 5266 ot
424 5172 518 5228 dat
549 5173 751 5233 animal
782 5179 856 5245 id,
888 5183 1031 5252 quod
1076 5185 1306 5243 alterum
1343 5191 1572 5259 occidit;
1613 5192 1697 5249 vel
1729 5194 1802 5261 ei,
1831 5197 1925 5266 qui

342 5264 599 5321 datnuum
633 5272 861 5344 accepit,
893 5275 1306 5336 indemnitatem
1332 5292 1573 5351 praestat.

413 5351 506 5406 52.
540 5352 595 5409 Si
633 5359 754 5426 quis
784 5375 983 5430 equum
1019 5370 1364 5423 commodato
1396 5374 1604 5440 ceperit
1643 5388 1816 5444 usque
1858 5375 1924 5432 ad

341 5456 551 5502 certum
584 5448 782 5519 locum,
811 5463 867 5510 et
909 5456 1049 5513 ultra
1095 5458 1273 5514 locum
1312 5461 1464 5518 illum
1506 5465 1921 5524 determinatum

340 5552 526 5593 secum
562 5543 874 5614 abduxerit,
907 5559 998 5604 aut
1040 5550 1288 5608 miserit:
1313 5556 1568 5613 damnum
1605 5560 1653 5615 ei
1681 5559 1929 5617 forteda-

344 5636 490 5695 tum,
524 5634 608 5689 vel
657 5651 839 5709 mors,
889 5643 957 5697 ad
1004 5657 1125 5698 eum
1178 5656 1419 5716 spectat,
1454 5650 1545 5720 qui
1585 5654 1927 5713 commodata

344 5720 513 5788 cepit,
542 5730 596 5777 et
626 5725 954 5789 indemnitas
977 5735 1102 5805 equi
1138 5736 1356 5796 domino
1382 5744 1628 5813 prmstari
1661 5746 1841 5804 debet.

2031 4450 2092 4523 ἐξ
2121 4457 2293 4526 αὐτῆς
2321 4456 2538 4529 δένδρα,
2566 4460 2649 4523 είς
2671 4461 2732 4513 τὸ
2769 4461 3053 4518 διπλάσιον
3095 4466 3547 4531 καταδικάζεται.

2097 4546 2163 4601 ν’.
2203 4548 2261 4602 '0
2293 4550 2630 4615 ἀποκλείσας
2659 4552 2920 4625 ἀλλότρια
2966 4556 3284 4628 θρέμματα,
3324 4558 3420 4611 καὶ
3476 4557 3624 4629 λιμῷ

2024 4637 2367 4711 διαφθείρας,
2398 4641 2433 4712 ἢ
2463 4640 2638 4708 ἄλλως
2684 4660 2803 4709 πως
2850 4645 3085 4714 ἀνελὼν,
3136 4650 3216 4712 είς
3242 4650 3303 4703 τὸ
3336 4649 3625 4704 διπλάσιον

2027 4724 2484 4798 καταδικάζεται.

2096 4822 2197 4879 να’.
2238 4826 2364 4882 Ἐὰν
2386 4828 2532 4900 κρίοι
2561 4830 2593 4902 ἢ
2620 4830 2743 4901 βόες
2774 4833 3127 4896 συνέλθωσιν.
3150 4835 3198 4888 εί
3227 4837 3328 4906 μὲν
3347 4836 3376 4888 ὁ
3403 4838 3622 4907 πρῶτος

2024 4915 2270 4971 ἐπελθὼν
2297 4919 2590 4993 remeet},
2624 4924 2725 4977 οὐκ
2749 4926 3006 4993 ἐνάγει-αι
3026 4929 3054 4981 6
3078 4927 3267 4999 κύριος
3300 4930 3395 4982 τοῦ
3427 4931 3622 5000 φονεύ-

2028 5026 2222 5074 σαντος
2244 5029 2259 5043 ·
2292 5014 2340 5067 εί
2366 5013 2422 5067 δὲ
2455 5015 2579 5070 καθ’
2602 5010 2663 5070 οὗ
2706 5017 2948 5088 ἐπῆλθεν
2996 5019 3268 5092 ἀποθάνῃ,
3288 5022 3558 5090 ξὲνάγεται
3592 5022 3630 5074 6

2026 5103 2218 5174 κύριος
2267 5102 2360 5158 τοῦ
2393 5105 2780 5174 φονεύσαντος,
2844 5110 2940 5164 καὶ
2989 5111 3242 5165 ἐκδίδωσι
3275 5113 3337 5166 τὸ
3391 5113 3530 5177 ζῶον
3560 5114 3622 5166 τὸ

2026 5196 2318 5265 φονεῦσαν,
2353 5200 2387 5269 ἢ
2426 5199 2489 5252 τὸ
2516 5198 2758 5271 ἀζήμιον
2783 5201 2860 5273 τῷ
2891 5201 3146 5273 βλαϐέντι
3170 5205 3416 5261 ποιείτω.

2096 5374 2197 5449 νβ’.
2247 5378 2376 5431 Ἐὰν
2409 5377 2686 5449 χρήσηται
2723 5395 2807 5441 τις
2834 5378 3002 5432 ἵππον
3026 5378 3132 5443 ἓως
3175 5379 3484 5451 ὡρισμένου
3522 5381 3620 5434 τό-

2027 5487 2153 5537 που,
2188 5470 2332 5541 ὑπὲρ
2359 5469 2416 5524 δὲ
2447 5468 2539 5523 τὸν
2556 5468 2855 5541 ὁρισθέντα
2891 5471 3059 5524 τόπον
3111 5469 3301 5525 τοῦτον
3337 5472 3619 5546 ἀπενέγκῃ

2026 5561 2060 5633 ἧ
2086 5561 2300 5633 πέμψῃ,
2339 5560 2461 5632 τὴν,
2483 5560 2558 5624 ὡς
2575 5559 2742 5624 εἰκὸς,
2769 5562 3071 5632 γενομένην
3094 5561 3302 5633 βλάϐην
3323 5564 3414 5617 ἐπ’
3440 5564 3617 5635 αὐτῷ,

2026 5654 2343 5726 ἢθάνατον,
2378 5652 2471 5708 τὸν
2531 5654 2881 5727 χρησάμενον
2941 5655 3097 5725 ὁρᾷν,
3149 5656 3243 5710 καὶ
3272 5655 3333 5709 τὸ
3377 5655 3620 5727 ἀζήμιον

2016 5745 2418 5819 περιποιεῖςθαι
2453 5744 2530 5819 τῷ
2562 5744 2737 5817 κυρίῳ
2772 5744 2864 5801 τοῦ
2894 5746 3086 5802 ἵππου.
