  <div class='ocr_page' id='page_1' title='image "/cluster/home/n/w/nwhite01/storage/ocr_20150623/113:no.2/coo.31924054870179/285.png"; bbox 0 0 4050 6470; ppageno 0'>
   <div class='ocr_carea' id='block_1_1' title="bbox 373 335 481 400">
    <p class='ocr_par' dir='ltr' id='par_1_1' title="bbox 373 335 481 400">
     <span class='ocr_line' id='line_1_1' title="bbox 373 335 481 400; baseline -0.019 0"><span class='ocrx_word' id='word_1_1' title='bbox 373 335 481 400; x_wconf 75' lang='grc'><strong>547</strong></span> 
     </span>
    </p>
   </div>
   <div class='ocr_carea' id='block_1_2' title="bbox 1397 312 2609 385">
    <p class='ocr_par' dir='ltr' id='par_1_2' title="bbox 1397 312 2609 385">
     <span class='ocr_line' id='line_1_2' title="bbox 1397 312 2609 385; baseline -0.012 1"><span class='ocrx_word' id='word_1_2' title='bbox 1397 319 1907 385; x_wconf 79' lang='lat' dir='ltr'><strong>CONSTANTINI</strong></span> <span class='ocrx_word' id='word_1_3' title='bbox 1934 312 2609 380; x_wconf 83' lang='lat' dir='ltr'><strong>PORPHYROGENITI</strong></span> 
     </span>
    </p>
   </div>
   <div class='ocr_carea' id='block_1_3' title="bbox 3536 297 3645 362">
    <p class='ocr_par' dir='ltr' id='par_1_3' title="bbox 3536 297 3645 362">
     <span class='ocr_line' id='line_1_3' title="bbox 3536 297 3645 362; baseline -0.018 -1"><span class='ocrx_word' id='word_1_4' title='bbox 3536 297 3645 362; x_wconf 58' lang='grc'><strong>548</strong></span> 
     </span>
    </p>
   </div>
   <div class='ocr_carea' id='block_1_4' title="bbox 453 412 1987 512">
    <p class='ocr_par' dir='ltr' id='par_1_4' title="bbox 453 436 1958 512">
     <span class='ocr_line' id='line_1_4' title="bbox 453 436 1958 512; baseline -0.011 -10"><span class='ocrx_word' id='word_1_5' title='bbox 453 447 558 502; x_wconf 89' lang='lat' dir='ltr'><strong>Tit.</strong></span> <span class='ocrx_word' id='word_1_6' title='bbox 586 445 677 501; x_wconf 82' lang='lat'><strong>60.</strong></span> <span class='ocrx_word' id='word_1_7' title='bbox 711 443 938 512; x_wconf 82' lang='lat' dir='ltr'><strong>Quando</strong></span> <span class='ocrx_word' id='word_1_8' title='bbox 969 440 1272 497; x_wconf 91' lang='lat' dir='ltr'><strong>creditores</strong></span> <span class='ocrx_word' id='word_1_9' title='bbox 1303 453 1464 510; x_wconf 81' lang='lat' dir='ltr'><strong>agere</strong></span> <span class='ocrx_word' id='word_1_10' title='bbox 1500 438 1734 493; x_wconf 89' lang='lat' dir='ltr'><strong>debeant</strong></span> <span class='ocrx_word' id='word_1_11' title='bbox 1765 436 1958 489; x_wconf 84' lang='lat' dir='ltr'><strong>adver-</strong></span> 
     </span>
    </p>
   </div>
   <div class='ocr_carea' id='block_1_5' title="bbox 2101 412 3652 512">
    <p class='ocr_par' dir='ltr' id='par_1_5' title="bbox 2145 412 3652 496">
     <span class='ocr_line' id='line_1_5' title="bbox 2145 412 3652 496; baseline -0.013 -11"><span class='ocrx_word' id='word_1_12' title='bbox 2145 433 2264 485; x_wconf 79' lang='grc' dir='ltr'>Τίτ.</span> <span class='ocrx_word' id='word_1_13' title='bbox 2301 429 2370 492; x_wconf 79' lang='grc' dir='ltr'><strong>ξ’.</strong></span> <span class='ocrx_word' id='word_1_14' title='bbox 2409 426 2548 496; x_wconf 72' lang='grc' dir='ltr'>Περὶ</span> <span class='ocrx_word' id='word_1_15' title='bbox 2577 423 2673 478; x_wconf 86' lang='grc' dir='ltr'><strong>τοῦ</strong></span> <span class='ocrx_word' id='word_1_16' title='bbox 2705 421 2833 475; x_wconf 75' lang='grc' dir='ltr'>πότε</span> <span class='ocrx_word' id='word_1_17' title='bbox 2859 419 2940 473; x_wconf 85' lang='grc' dir='ltr'><strong>δεῖ</strong></span> <span class='ocrx_word' id='word_1_18' title='bbox 2961 418 3180 485; x_wconf 75' lang='grc' dir='ltr'><strong>ἐνάγειν</strong></span> <span class='ocrx_word' id='word_1_19' title='bbox 3209 413 3332 477; x_wconf 77' lang='grc' dir='ltr'>τοὺς</span> <span class='ocrx_word' id='word_1_20' title='bbox 3365 412 3652 477; x_wconf 69' lang='grc' dir='ltr'>δανειστὰς</span> 
     </span>
    </p>
   </div>
   <div class='ocr_carea' id='block_1_6' title="bbox 373 535 1163 595">
    <p class='ocr_par' dir='ltr' id='par_1_6' title="bbox 373 535 1163 595">
     <span class='ocr_line' id='line_1_6' title="bbox 373 535 1163 595; baseline -0.01 -1"><span class='ocrx_word' id='word_1_21' title='bbox 373 554 470 595; x_wconf 89' lang='lat' dir='ltr'><strong>sus</strong></span> <span class='ocrx_word' id='word_1_22' title='bbox 497 536 736 592; x_wconf 63' lang='lat' dir='ltr'><strong>hatredes</strong></span> <span class='ocrx_word' id='word_1_23' title='bbox 764 535 1163 591; x_wconf 82' lang='lat' dir='ltr'><strong>defunctorum.</strong></span> 
     </span>
    </p>
   </div>
   <div class='ocr_carea' id='block_1_7' title="bbox 451 615 1962 694">
    <p class='ocr_par' dir='ltr' id='par_1_7' title="bbox 451 615 1962 694">
     <span class='ocr_line' id='line_1_7' title="bbox 451 615 1962 694; baseline -0.009 -11"><span class='ocrx_word' id='word_1_24' title='bbox 451 627 562 686; x_wconf 84' lang='lat' dir='ltr'><strong>Tit.</strong></span> <span class='ocrx_word' id='word_1_25' title='bbox 597 627 684 683; x_wconf 76' lang='lat'><strong>61.</strong></span> <span class='ocrx_word' id='word_1_26' title='bbox 735 625 888 694; x_wconf 85' lang='lat' dir='ltr'><strong>Quod</strong></span> <span class='ocrx_word' id='word_1_27' title='bbox 929 624 1173 694; x_wconf 68' lang='lat' dir='ltr'><strong>reliquiae</strong></span> <span class='ocrx_word' id='word_1_28' title='bbox 1210 623 1286 692; x_wconf 70' lang='grc'><strong>(4)</strong></span> <span class='ocrx_word' id='word_1_29' title='bbox 1325 619 1765 677; x_wconf 84' lang='lat' dir='ltr'><strong>Christianorum</strong></span> <span class='ocrx_word' id='word_1_30' title='bbox 1818 615 1962 688; x_wconf 89' lang='lat' dir='ltr'><strong>inju-</strong></span> 
     </span>
    </p>
   </div>
   <div class='ocr_carea' id='block_1_8' title="bbox 376 713 1519 777">
    <p class='ocr_par' dir='ltr' id='par_1_8' title="bbox 376 713 1519 777">
     <span class='ocr_line' id='line_1_8' title="bbox 376 713 1519 777; baseline -0.01 0"><span class='ocrx_word' id='word_1_31' title='bbox 376 721 475 777; x_wconf 85' lang='lat' dir='ltr'><strong>riis</strong></span> <span class='ocrx_word' id='word_1_32' title='bbox 501 735 530 774; x_wconf 92' lang='lat' dir='ltr'><strong>a</strong></span> <span class='ocrx_word' id='word_1_33' title='bbox 561 718 920 774; x_wconf 73' lang='lat' dir='ltr'><strong>creditoribus</strong></span> <span class='ocrx_word' id='word_1_34' title='bbox 953 716 1095 771; x_wconf 80' lang='lat' dir='ltr'><strong>afﬁci</strong></span> <span class='ocrx_word' id='word_1_35' title='bbox 1129 731 1232 769; x_wconf 91' lang='lat' dir='ltr'><strong>non</strong></span> <span class='ocrx_word' id='word_1_36' title='bbox 1263 713 1519 769; x_wconf 87' lang='lat' dir='ltr'><strong>debeant.</strong></span> 
     </span>
    </p>
   </div>
   <div class='ocr_carea' id='block_1_9' title="bbox 453 805 1283 876">
    <p class='ocr_par' dir='ltr' id='par_1_9' title="bbox 453 805 1283 876">
     <span class='ocr_line' id='line_1_9' title="bbox 453 805 1283 876; baseline -0.008 -11"><span class='ocrx_word' id='word_1_37' title='bbox 453 810 560 865; x_wconf 88' lang='lat' dir='ltr'><strong>Tit.</strong></span> <span class='ocrx_word' id='word_1_38' title='bbox 594 809 684 864; x_wconf 77' lang='lat'><strong>62.</strong></span> <span class='ocrx_word' id='word_1_39' title='bbox 720 811 792 862; x_wconf 86' lang='lat' dir='ltr'><strong>De</strong></span> <span class='ocrx_word' id='word_1_40' title='bbox 818 807 972 862; x_wconf 84' lang='lat' dir='ltr'><strong>novis</strong></span> <span class='ocrx_word' id='word_1_41' title='bbox 1005 805 1283 876; x_wconf 81' lang='lat' dir='ltr'><strong>operibus.</strong></span> 
     </span>
    </p>
   </div>
   <div class='ocr_carea' id='block_1_10' title="bbox 455 899 1015 968">
    <p class='ocr_par' dir='ltr' id='par_1_10' title="bbox 455 899 1015 968">
     <span class='ocr_line' id='line_1_10' title="bbox 455 899 1015 968; baseline -0.009 -12"><span class='ocrx_word' id='word_1_42' title='bbox 455 903 560 957; x_wconf 82' lang='lat' dir='ltr'><strong>Tit.</strong></span> <span class='ocrx_word' id='word_1_43' title='bbox 591 902 681 956; x_wconf 82' lang='grc'><strong>65.</strong></span> <span class='ocrx_word' id='word_1_44' title='bbox 715 899 789 954; x_wconf 86' lang='lat' dir='ltr'><strong>De</strong></span> <span class='ocrx_word' id='word_1_45' title='bbox 820 899 1015 968; x_wconf 79' lang='lat' dir='ltr'><strong>pomis.</strong></span> 
     </span>
    </p>
   </div>
   <div class='ocr_carea' id='block_1_11' title="bbox 455 985 1357 1059">
    <p class='ocr_par' dir='ltr' id='par_1_11' title="bbox 455 985 1357 1059">
     <span class='ocr_line' id='line_1_11' title="bbox 455 985 1357 1059; baseline -0.007 -13"><span class='ocrx_word' id='word_1_46' title='bbox 455 992 558 1046; x_wconf 93' lang='lat' dir='ltr'><strong>Tit.</strong></span> <span class='ocrx_word' id='word_1_47' title='bbox 595 992 681 1045; x_wconf 72' lang='lat'><strong>64.</strong></span> <span class='ocrx_word' id='word_1_48' title='bbox 715 991 789 1046; x_wconf 89' lang='lat' dir='ltr'><strong>De</strong></span> <span class='ocrx_word' id='word_1_49' title='bbox 818 987 1006 1059; x_wconf 88' lang='lat' dir='ltr'><strong>spoliis</strong></span> <span class='ocrx_word' id='word_1_50' title='bbox 1034 985 1357 1041; x_wconf 81' lang='lat' dir='ltr'><strong>dividendis.</strong></span> 
     </span>
    </p>
   </div>
   <div class='ocr_carea' id='block_1_12' title="bbox 456 1081 1969 1154">
    <p class='ocr_par' dir='ltr' id='par_1_12' title="bbox 456 1081 1969 1154">
     <span class='ocr_line' id='line_1_12' title="bbox 456 1081 1969 1154; baseline -0.001 -15"><span class='ocrx_word' id='word_1_51' title='bbox 456 1086 563 1139; x_wconf 88' lang='lat' dir='ltr'><strong>Tit.</strong></span> <span class='ocrx_word' id='word_1_52' title='bbox 591 1085 680 1139; x_wconf 84' lang='lat'><strong>65.</strong></span> <span class='ocrx_word' id='word_1_53' title='bbox 713 1083 790 1138; x_wconf 89' lang='lat' dir='ltr'><strong>De</strong></span> <span class='ocrx_word' id='word_1_54' title='bbox 815 1084 886 1145; x_wconf 85' lang='lat' dir='ltr'><strong>vi,</strong></span> <span class='ocrx_word' id='word_1_55' title='bbox 922 1092 977 1138; x_wconf 88' lang='lat' dir='ltr'><strong>et</strong></span> <span class='ocrx_word' id='word_1_56' title='bbox 1008 1095 1163 1152; x_wconf 87' lang='lat' dir='ltr'><strong>raptu</strong></span> <span class='ocrx_word' id='word_1_57' title='bbox 1209 1096 1393 1137; x_wconf 88' lang='lat' dir='ltr'><strong>rerum</strong></span> <span class='ocrx_word' id='word_1_58' title='bbox 1419 1091 1473 1138; x_wconf 88' lang='lat' dir='ltr'><strong>et</strong></span> <span class='ocrx_word' id='word_1_59' title='bbox 1507 1083 1677 1154; x_wconf 77' lang='lat' dir='ltr'><strong>agris,</strong></span> <span class='ocrx_word' id='word_1_60' title='bbox 1702 1092 1756 1137; x_wconf 91' lang='lat' dir='ltr'><strong>et</strong></span> <span class='ocrx_word' id='word_1_61' title='bbox 1786 1081 1969 1138; x_wconf 79' lang='lat' dir='ltr'><strong>incen-</strong></span> 
     </span>
    </p>
   </div>
   <div class='ocr_carea' id='block_1_13' title="bbox 380 1173 922 1243">
    <p class='ocr_par' dir='ltr' id='par_1_13' title="bbox 380 1173 922 1243">
     <span class='ocr_line' id='line_1_13' title="bbox 380 1173 922 1243; baseline 0.002 -12"><span class='ocrx_word' id='word_1_62' title='bbox 380 1179 504 1235; x_wconf 86' lang='lat' dir='ltr'><strong>diis.</strong></span> <span class='ocrx_word' id='word_1_63' title='bbox 545 1186 600 1229; x_wconf 89' lang='lat' dir='ltr'><strong>et</strong></span> <span class='ocrx_word' id='word_1_64' title='bbox 631 1173 922 1243; x_wconf 82' lang='lat' dir='ltr'><strong>sepulcris.</strong></span> 
     </span>
    </p>
   </div>
   <div class='ocr_carea' id='block_1_14' title="bbox 453 1263 1971 1336">
    <p class='ocr_par' dir='ltr' id='par_1_14' title="bbox 453 1263 1971 1336">
     <span class='ocr_line' id='line_1_14' title="bbox 453 1263 1971 1336; baseline -0.001 -18"><span class='ocrx_word' id='word_1_65' title='bbox 453 1265 558 1318; x_wconf 88' lang='lat' dir='ltr'><strong>Tit.</strong></span> <span class='ocrx_word' id='word_1_66' title='bbox 591 1264 680 1318; x_wconf 84' lang='lat'><strong>66.</strong></span> <span class='ocrx_word' id='word_1_67' title='bbox 714 1265 788 1320; x_wconf 92' lang='lat' dir='ltr'><strong>De</strong></span> <span class='ocrx_word' id='word_1_68' title='bbox 818 1265 932 1331; x_wconf 76' lang='lat' dir='ltr'><strong>liis,</strong></span> <span class='ocrx_word' id='word_1_69' title='bbox 966 1278 1086 1334; x_wconf 87' lang='lat' dir='ltr'><strong>quae</strong></span> <span class='ocrx_word' id='word_1_70' title='bbox 1126 1263 1180 1320; x_wconf 91' lang='lat' dir='ltr'><strong>in</strong></span> <span class='ocrx_word' id='word_1_71' title='bbox 1207 1265 1396 1322; x_wconf 81' lang='lat' dir='ltr'><strong>iiscum</strong></span> <span class='ocrx_word' id='word_1_72' title='bbox 1424 1265 1789 1336; x_wconf 87' lang='lat' dir='ltr'><strong>publicautur,</strong></span> <span class='ocrx_word' id='word_1_73' title='bbox 1817 1275 1872 1320; x_wconf 90' lang='lat' dir='ltr'><strong>et</strong></span> <span class='ocrx_word' id='word_1_74' title='bbox 1901 1264 1971 1318; x_wconf 90' lang='lat' dir='ltr'><strong>de</strong></span> 
     </span>
    </p>
   </div>
   <div class='ocr_carea' id='block_1_15' title="bbox 379 1357 1222 1428">
    <p class='ocr_par' dir='ltr' id='par_1_15' title="bbox 379 1357 1222 1428">
     <span class='ocr_line' id='line_1_15' title="bbox 379 1357 1222 1428; baseline 0.002 -17"><span class='ocrx_word' id='word_1_75' title='bbox 379 1357 740 1426; x_wconf 85' lang='lat' dir='ltr'><strong>inquirendis,</strong></span> <span class='ocrx_word' id='word_1_76' title='bbox 768 1365 821 1410; x_wconf 92' lang='lat' dir='ltr'><strong>et</strong></span> <span class='ocrx_word' id='word_1_77' title='bbox 855 1357 1222 1428; x_wconf 83' lang='lat' dir='ltr'><strong>deportandis.</strong></span> 
     </span>
    </p>
   </div>
   <div class='ocr_carea' id='block_1_16' title="bbox 454 1447 1083 1516">
    <p class='ocr_par' dir='ltr' id='par_1_16' title="bbox 454 1447 1083 1516">
     <span class='ocr_line' id='line_1_16' title="bbox 454 1447 1083 1516; baseline 0.003 -16"><span class='ocrx_word' id='word_1_78' title='bbox 454 1447 557 1500; x_wconf 88' lang='lat' dir='ltr'><strong>Tit.</strong></span> <span class='ocrx_word' id='word_1_79' title='bbox 595 1447 684 1501; x_wconf 83' lang='lat'><strong>67.</strong></span> <span class='ocrx_word' id='word_1_80' title='bbox 727 1447 801 1501; x_wconf 87' lang='lat' dir='ltr'><strong>De</strong></span> <span class='ocrx_word' id='word_1_81' title='bbox 843 1447 1083 1516; x_wconf 81' lang='lat' dir='ltr'><strong>injuriis.</strong></span> 
     </span>
    </p>
   </div>
   <div class='ocr_carea' id='block_1_17' title="bbox 455 1535 1788 1610">
    <p class='ocr_par' dir='ltr' id='par_1_17' title="bbox 455 1535 1788 1610">
     <span class='ocr_line' id='line_1_17' title="bbox 455 1535 1788 1610; baseline 0.006 -21"><span class='ocrx_word' id='word_1_82' title='bbox 455 1535 561 1591; x_wconf 89' lang='lat' dir='ltr'><strong>Tit.</strong></span> <span class='ocrx_word' id='word_1_83' title='bbox 590 1537 678 1593; x_wconf 89' lang='lat'><strong>68.</strong></span> <span class='ocrx_word' id='word_1_84' title='bbox 713 1538 790 1593; x_wconf 88' lang='lat' dir='ltr'><strong>De</strong></span> <span class='ocrx_word' id='word_1_85' title='bbox 817 1537 1114 1594; x_wconf 87' lang='lat' dir='ltr'><strong>liberorum</strong></span> <span class='ocrx_word' id='word_1_86' title='bbox 1135 1553 1527 1610; x_wconf 87' lang='lat' dir='ltr'><strong>servorumque</strong></span> <span class='ocrx_word' id='word_1_87' title='bbox 1553 1540 1788 1597; x_wconf 84' lang='lat' dir='ltr'><strong>delictis.</strong></span> 
     </span>
    </p>
   </div>
   <div class='ocr_carea' id='block_1_18' title="bbox 456 1719 1962 1787">
    <p class='ocr_par' dir='ltr' id='par_1_18' title="bbox 456 1719 1962 1787">
     <span class='ocr_line' id='line_1_18' title="bbox 456 1719 1962 1787; baseline 0.002 -13"><span class='ocrx_word' id='word_1_88' title='bbox 456 1719 562 1774; x_wconf 86' lang='lat' dir='ltr'><strong>Tit.</strong></span> <span class='ocrx_word' id='word_1_89' title='bbox 633 1721 722 1776; x_wconf 86' lang='lat'><strong>69.</strong></span> <span class='ocrx_word' id='word_1_90' title='bbox 769 1720 846 1776; x_wconf 92' lang='lat' dir='ltr'><strong>De</strong></span> <span class='ocrx_word' id='word_1_91' title='bbox 888 1721 1402 1786; x_wconf 88' lang='lat' dir='ltr'><strong>calumniatoribus,</strong></span> <span class='ocrx_word' id='word_1_92' title='bbox 1442 1731 1496 1776; x_wconf 88' lang='lat' dir='ltr'><strong>et</strong></span> <span class='ocrx_word' id='word_1_93' title='bbox 1527 1721 1962 1787; x_wconf 88' lang='lat' dir='ltr'><strong>accusatoribus,</strong></span> 
     </span>
    </p>
   </div>
   <div class='ocr_carea' id='block_1_19' title="bbox 380 1811 1710 1882">
    <p class='ocr_par' dir='ltr' id='par_1_19' title="bbox 380 1811 1710 1882">
     <span class='ocr_line' id='line_1_19' title="bbox 380 1811 1710 1882; baseline 0.002 -16"><span class='ocrx_word' id='word_1_94' title='bbox 380 1819 438 1866; x_wconf 91' lang='lat' dir='ltr'><strong>et</strong></span> <span class='ocrx_word' id='word_1_95' title='bbox 467 1811 819 1876; x_wconf 85' lang='lat' dir='ltr'><strong>delatoribus,</strong></span> <span class='ocrx_word' id='word_1_96' title='bbox 851 1813 1026 1882; x_wconf 89' lang='lat' dir='ltr'><strong>deque</strong></span> <span class='ocrx_word' id='word_1_97' title='bbox 1051 1811 1211 1878; x_wconf 81' lang='lat' dir='ltr'><strong>falso,</strong></span> <span class='ocrx_word' id='word_1_98' title='bbox 1245 1823 1300 1867; x_wconf 92' lang='lat' dir='ltr'><strong>et</strong></span> <span class='ocrx_word' id='word_1_99' title='bbox 1333 1814 1401 1868; x_wconf 90' lang='lat' dir='ltr'><strong>de</strong></span> <span class='ocrx_word' id='word_1_100' title='bbox 1431 1814 1710 1869; x_wconf 86' lang='lat' dir='ltr'><strong>thesauro.</strong></span> 
     </span>
    </p>
   </div>
   <div class='ocr_carea' id='block_1_20' title="bbox 461 1901 1966 1976">
    <p class='ocr_par' dir='ltr' id='par_1_20' title="bbox 461 1901 1966 1976">
     <span class='ocr_line' id='line_1_20' title="bbox 461 1901 1966 1976; baseline 0.003 -21"><span class='ocrx_word' id='word_1_101' title='bbox 461 1901 570 1955; x_wconf 85' lang='lat' dir='ltr'><strong>Tit.</strong></span> <span class='ocrx_word' id='word_1_102' title='bbox 611 1902 703 1957; x_wconf 90' lang='lat'><strong>70.</strong></span> <span class='ocrx_word' id='word_1_103' title='bbox 763 1903 839 1958; x_wconf 88' lang='lat' dir='ltr'><strong>De</strong></span> <span class='ocrx_word' id='word_1_104' title='bbox 867 1903 1098 1970; x_wconf 79' lang='lat' dir='ltr'><strong>furibus,</strong></span> <span class='ocrx_word' id='word_1_105' title='bbox 1123 1913 1178 1959; x_wconf 92' lang='lat' dir='ltr'><strong>et</strong></span> <span class='ocrx_word' id='word_1_106' title='bbox 1201 1907 1660 1976; x_wconf 87' lang='lat' dir='ltr'><strong>receptatoribus,</strong></span> <span class='ocrx_word' id='word_1_107' title='bbox 1683 1916 1738 1962; x_wconf 89' lang='lat' dir='ltr'><strong>et</strong></span> <span class='ocrx_word' id='word_1_108' title='bbox 1796 1907 1966 1964; x_wconf 84' lang='lat' dir='ltr'><strong>sacri-</strong></span> 
     </span>
    </p>
   </div>
   <div class='ocr_carea' id='block_1_21' title="bbox 383 1992 952 2064">
    <p class='ocr_par' dir='ltr' id='par_1_21' title="bbox 383 1992 952 2064">
     <span class='ocr_line' id='line_1_21' title="bbox 383 1992 952 2064; baseline 0.004 -17"><span class='ocrx_word' id='word_1_109' title='bbox 383 1992 542 2062; x_wconf 80' lang='lat' dir='ltr'><strong>legis,</strong></span> <span class='ocrx_word' id='word_1_110' title='bbox 574 2003 628 2047; x_wconf 89' lang='lat' dir='ltr'><strong>et</strong></span> <span class='ocrx_word' id='word_1_111' title='bbox 653 1994 952 2064; x_wconf 78' lang='lat' dir='ltr'><strong>plagiariis.</strong></span> 
     </span>
    </p>
   </div>
   <div class='ocr_carea' id='block_1_22' title="bbox 462 2080 1972 2157">
    <p class='ocr_par' dir='ltr' id='par_1_22' title="bbox 462 2080 1972 2157">
     <span class='ocr_line' id='line_1_22' title="bbox 462 2080 1972 2157; baseline 0.007 -23"><span class='ocrx_word' id='word_1_112' title='bbox 462 2080 570 2136; x_wconf 88' lang='lat' dir='ltr'><strong>Tit.</strong></span> <span class='ocrx_word' id='word_1_113' title='bbox 611 2083 702 2140; x_wconf 84' lang='grc' dir='ltr'><strong>7ι.</strong></span> <span class='ocrx_word' id='word_1_114' title='bbox 755 2084 832 2140; x_wconf 87' lang='lat' dir='ltr'><strong>De</strong></span> <span class='ocrx_word' id='word_1_115' title='bbox 861 2087 1040 2156; x_wconf 62' lang='lat' dir='ltr'><strong>poenis</strong></span> <span class='ocrx_word' id='word_1_116' title='bbox 1087 2089 1433 2155; x_wconf 89' lang='lat' dir='ltr'><strong>militaribus,</strong></span> <span class='ocrx_word' id='word_1_117' title='bbox 1482 2104 1548 2146; x_wconf 81' lang='lat' dir='ltr'><strong>ex</strong></span> <span class='ocrx_word' id='word_1_118' title='bbox 1597 2088 1758 2157; x_wconf 80' lang='lat' dir='ltr'><strong>Rufo,</strong></span> <span class='ocrx_word' id='word_1_119' title='bbox 1810 2101 1866 2146; x_wconf 89' lang='lat' dir='ltr'><strong>et</strong></span> <span class='ocrx_word' id='word_1_120' title='bbox 1904 2091 1972 2146; x_wconf 91' lang='lat' dir='ltr'><strong>de</strong></span> 
     </span>
    </p>
   </div>
   <div class='ocr_carea' id='block_1_23' title="bbox 394 2174 1264 2242">
    <p class='ocr_par' dir='ltr' id='par_1_23' title="bbox 394 2174 1264 2242">
     <span class='ocr_line' id='line_1_23' title="bbox 394 2174 1264 2242; baseline 0.01 -15"><span class='ocrx_word' id='word_1_121' title='bbox 394 2174 608 2242; x_wconf 78' lang='lat' dir='ltr'><strong>legibus</strong></span> <span class='ocrx_word' id='word_1_122' title='bbox 636 2176 890 2232; x_wconf 85' lang='lat' dir='ltr'><strong>ordinum</strong></span> <span class='ocrx_word' id='word_1_123' title='bbox 925 2178 1264 2236; x_wconf 82' lang='lat' dir='ltr'><strong>militarium.</strong></span> 
     </span>
    </p>
   </div>
   <div class='ocr_carea' id='block_1_24' title="bbox 468 2265 1968 2338">
    <p class='ocr_par' dir='ltr' id='par_1_24' title="bbox 468 2265 1968 2338">
     <span class='ocr_line' id='line_1_24' title="bbox 468 2265 1968 2338; baseline 0.006 -19"><span class='ocrx_word' id='word_1_124' title='bbox 468 2265 576 2320; x_wconf 89' lang='lat' dir='ltr'><strong>Tit.</strong></span> <span class='ocrx_word' id='word_1_125' title='bbox 608 2267 693 2321; x_wconf 73' lang='grc'><strong>72.</strong></span> <span class='ocrx_word' id='word_1_126' title='bbox 747 2267 825 2325; x_wconf 89' lang='lat' dir='ltr'><strong>De</strong></span> <span class='ocrx_word' id='word_1_127' title='bbox 853 2271 1118 2328; x_wconf 87' lang='lat' dir='ltr'><strong>societate</strong></span> <span class='ocrx_word' id='word_1_128' title='bbox 1155 2272 1547 2338; x_wconf 83' lang='lat' dir='ltr'><strong>contrahenda,</strong></span> <span class='ocrx_word' id='word_1_129' title='bbox 1595 2282 1650 2330; x_wconf 92' lang='lat' dir='ltr'><strong>et</strong></span> <span class='ocrx_word' id='word_1_130' title='bbox 1689 2272 1968 2330; x_wconf 82' lang='lat' dir='ltr'><strong>solvenda.</strong></span> 
     </span>
    </p>
   </div>
   <div class='ocr_carea' id='block_1_25' title="bbox 468 2443 1971 2520">
    <p class='ocr_par' dir='ltr' id='par_1_25' title="bbox 468 2443 1971 2520">
     <span class='ocr_line' id='line_1_25' title="bbox 468 2443 1971 2520; baseline 0.009 -24"><span class='ocrx_word' id='word_1_131' title='bbox 468 2443 575 2498; x_wconf 88' lang='lat' dir='ltr'><strong>Tit.</strong></span> <span class='ocrx_word' id='word_1_132' title='bbox 611 2445 700 2501; x_wconf 80' lang='grc'><strong>75.</strong></span> <span class='ocrx_word' id='word_1_133' title='bbox 740 2445 815 2503; x_wconf 84' lang='lat' dir='ltr'><strong>De</strong></span> <span class='ocrx_word' id='word_1_134' title='bbox 847 2458 1028 2518; x_wconf 90' lang='lat' dir='ltr'><strong>pacto,</strong></span> <span class='ocrx_word' id='word_1_135' title='bbox 1060 2459 1114 2505; x_wconf 91' lang='lat' dir='ltr'><strong>et</strong></span> <span class='ocrx_word' id='word_1_136' title='bbox 1135 2461 1430 2518; x_wconf 84' lang='lat' dir='ltr'><strong>convento,</strong></span> <span class='ocrx_word' id='word_1_137' title='bbox 1478 2460 1532 2507; x_wconf 92' lang='lat' dir='ltr'><strong>et</strong></span> <span class='ocrx_word' id='word_1_138' title='bbox 1581 2453 1971 2520; x_wconf 89' lang='lat' dir='ltr'><strong>transactione,</strong></span> 
     </span>
    </p>
   </div>
   <div class='ocr_carea' id='block_1_26' title="bbox 389 2534 1655 2607">
    <p class='ocr_par' dir='ltr' id='par_1_26' title="bbox 389 2534 1655 2607">
     <span class='ocr_line' id='line_1_26' title="bbox 389 2534 1655 2607; baseline 0.006 -19"><span class='ocrx_word' id='word_1_139' title='bbox 389 2542 446 2588; x_wconf 91' lang='lat' dir='ltr'><strong>ct</strong></span> <span class='ocrx_word' id='word_1_140' title='bbox 472 2535 540 2590; x_wconf 90' lang='lat' dir='ltr'><strong>de</strong></span> <span class='ocrx_word' id='word_1_141' title='bbox 576 2534 663 2601; x_wconf 85' lang='lat' dir='ltr'><strong>iis,</strong></span> <span class='ocrx_word' id='word_1_142' title='bbox 689 2550 810 2606; x_wconf 68' lang='lat' dir='ltr'><strong>quae</strong></span> <span class='ocrx_word' id='word_1_143' title='bbox 845 2537 1139 2607; x_wconf 86' lang='lat' dir='ltr'><strong>patrocinii</strong></span> <span class='ocrx_word' id='word_1_144' title='bbox 1175 2539 1407 2596; x_wconf 88' lang='lat' dir='ltr'><strong>nomine</strong></span> <span class='ocrx_word' id='word_1_145' title='bbox 1433 2539 1655 2597; x_wconf 89' lang='lat' dir='ltr'><strong>dantur.</strong></span> 
     </span>
    </p>
   </div>
   <div class='ocr_carea' id='block_1_27' title="bbox 935 2649 1401 2709">
    <p class='ocr_par' dir='ltr' id='par_1_27' title="bbox 935 2649 1401 2709">
     <span class='ocr_line' id='line_1_27' title="bbox 935 2649 1401 2709; baseline 0.006 -3"><span class='ocrx_word' id='word_1_146' title='bbox 935 2649 1262 2709; x_wconf 84' lang='lat' dir='ltr'><strong>TITULUS.</strong></span> <span class='ocrx_word' id='word_1_147' title='bbox 1296 2692 1311 2708; x_wconf 95' lang='lat'><strong>.</strong></span> <span class='ocrx_word' id='word_1_148' title='bbox 1343 2692 1358 2709; x_wconf 93' lang='lat'><strong>.</strong></span> <span class='ocrx_word' id='word_1_149' title='bbox 1387 2693 1401 2708; x_wconf 93' lang='lat'><strong>.</strong></span> 
     </span>
    </p>
   </div>
   <div class='ocr_carea' id='block_1_28' title="bbox 857 2759 1495 2831">
    <p class='ocr_par' dir='ltr' id='par_1_28' title="bbox 857 2759 1495 2831">
     <span class='ocr_line' id='line_1_28' title="bbox 857 2759 1495 2831; baseline 0.006 -17"><span class='ocrx_word' id='word_1_150' title='bbox 857 2759 938 2816; x_wconf 84' lang='lat' dir='ltr'><strong>De</strong></span> <span class='ocrx_word' id='word_1_151' title='bbox 965 2761 1150 2831; x_wconf 87' lang='lat' dir='ltr'><strong>spoliis</strong></span> <span class='ocrx_word' id='word_1_152' title='bbox 1175 2761 1495 2818; x_wconf 72' lang='lat' dir='ltr'><strong>dividendis.</strong></span> 
     </span>
    </p>
   </div>
   <div class='ocr_carea' id='block_1_29' title="bbox 480 2874 1981 2950">
    <p class='ocr_par' dir='ltr' id='par_1_29' title="bbox 480 2874 1981 2950">
     <span class='ocr_line' id='line_1_29' title="bbox 480 2874 1981 2950; baseline 0.005 -23"><span class='ocrx_word' id='word_1_153' title='bbox 480 2874 585 2942; x_wconf 85' lang='lat' dir='ltr'><strong>Qui</strong></span> <span class='ocrx_word' id='word_1_154' title='bbox 631 2876 684 2929; x_wconf 89' lang='lat' dir='ltr'><strong>in</strong></span> <span class='ocrx_word' id='word_1_155' title='bbox 713 2874 925 2930; x_wconf 85' lang='lat' dir='ltr'><strong>hostem</strong></span> <span class='ocrx_word' id='word_1_156' title='bbox 977 2876 1250 2946; x_wconf 80' lang='lat' dir='ltr'><strong>pugnandi</strong></span> <span class='ocrx_word' id='word_1_157' title='bbox 1283 2891 1445 2932; x_wconf 88' lang='lat' dir='ltr'><strong>causa</strong></span> <span class='ocrx_word' id='word_1_158' title='bbox 1481 2877 1852 2950; x_wconf 75' lang='lat' dir='ltr'><strong>egrediuntur,</strong></span> <span class='ocrx_word' id='word_1_159' title='bbox 1888 2893 1981 2935; x_wconf 90' lang='lat' dir='ltr'><strong>ca-</strong></span> 
     </span>
    </p>
   </div>
   <div class='ocr_carea' id='block_1_30' title="bbox 395 2966 1982 3040">
    <p class='ocr_par' dir='ltr' id='par_1_30' title="bbox 395 2966 1982 3040">
     <span class='ocr_line' id='line_1_30' title="bbox 395 2966 1982 3040; baseline 0.003 -18"><span class='ocrx_word' id='word_1_160' title='bbox 395 2982 521 3022; x_wconf 83' lang='lat' dir='ltr'><strong>vere</strong></span> <span class='ocrx_word' id='word_1_161' title='bbox 547 2967 745 3022; x_wconf 87' lang='lat' dir='ltr'><strong>debent</strong></span> <span class='ocrx_word' id='word_1_162' title='bbox 771 2966 840 3021; x_wconf 90' lang='lat' dir='ltr'><strong>ab</strong></span> <span class='ocrx_word' id='word_1_163' title='bbox 869 2969 1016 3022; x_wconf 90' lang='lat' dir='ltr'><strong>omni</strong></span> <span class='ocrx_word' id='word_1_164' title='bbox 1047 2968 1194 3024; x_wconf 90' lang='lat' dir='ltr'><strong>dicto</strong></span> <span class='ocrx_word' id='word_1_165' title='bbox 1224 2978 1276 3024; x_wconf 91' lang='lat' dir='ltr'><strong>et</strong></span> <span class='ocrx_word' id='word_1_166' title='bbox 1314 2969 1458 3026; x_wconf 88' lang='lat' dir='ltr'><strong>l‘acto</strong></span> <span class='ocrx_word' id='word_1_167' title='bbox 1485 2985 1676 3040; x_wconf 84' lang='lat' dir='ltr'><strong>pravo,</strong></span> <span class='ocrx_word' id='word_1_168' title='bbox 1709 2981 1982 3028; x_wconf 85' lang='lat' dir='ltr'><strong>mentem-</strong></span> 
     </span>
    </p>
   </div>
   <div class='ocr_carea' id='block_1_31' title="bbox 393 3059 1976 3130">
    <p class='ocr_par' dir='ltr' id='par_1_31' title="bbox 393 3059 1976 3130">
     <span class='ocr_line' id='line_1_31' title="bbox 393 3059 1976 3130; baseline 0.004 -18"><span class='ocrx_word' id='word_1_169' title='bbox 393 3074 501 3130; x_wconf 92' lang='lat' dir='ltr'><strong>que</strong></span> <span class='ocrx_word' id='word_1_170' title='bbox 553 3074 709 3114; x_wconf 88' lang='lat' dir='ltr'><strong>suam</strong></span> <span class='ocrx_word' id='word_1_171' title='bbox 741 3068 796 3114; x_wconf 90' lang='lat' dir='ltr'><strong>et</strong></span> <span class='ocrx_word' id='word_1_172' title='bbox 824 3059 1192 3130; x_wconf 82' lang='lat' dir='ltr'><strong>precationem</strong></span> <span class='ocrx_word' id='word_1_173' title='bbox 1218 3062 1284 3118; x_wconf 91' lang='lat' dir='ltr'><strong>ad</strong></span> <span class='ocrx_word' id='word_1_174' title='bbox 1315 3063 1488 3118; x_wconf 88' lang='lat' dir='ltr'><strong>solum</strong></span> <span class='ocrx_word' id='word_1_175' title='bbox 1522 3062 1687 3118; x_wconf 91' lang='lat' dir='ltr'><strong>Deum</strong></span> <span class='ocrx_word' id='word_1_176' title='bbox 1717 3064 1976 3119; x_wconf 85' lang='lat' dir='ltr'><strong>directam</strong></span> 
     </span>
    </p>
   </div>
   <div class='ocr_carea' id='block_1_32' title="bbox 397 3151 1976 3224">
    <p class='ocr_par' dir='ltr' id='par_1_32' title="bbox 397 3151 1976 3224">
     <span class='ocr_line' id='line_1_32' title="bbox 397 3151 1976 3224; baseline 0.005 -18"><span class='ocrx_word' id='word_1_177' title='bbox 397 3154 621 3215; x_wconf 82' lang='lat' dir='ltr'><strong>habere,</strong></span> <span class='ocrx_word' id='word_1_178' title='bbox 655 3151 996 3222; x_wconf 90' lang='lat' dir='ltr'><strong>consilioque</strong></span> <span class='ocrx_word' id='word_1_179' title='bbox 1034 3153 1282 3210; x_wconf 88' lang='lat' dir='ltr'><strong>adhibito</strong></span> <span class='ocrx_word' id='word_1_180' title='bbox 1313 3154 1561 3224; x_wconf 63' lang='lat' dir='ltr'><strong>prailium</strong></span> <span class='ocrx_word' id='word_1_181' title='bbox 1607 3156 1976 3214; x_wconf 88' lang='lat' dir='ltr'><strong>committere.</strong></span> 
     </span>
    </p>
   </div>
   <div class='ocr_carea' id='block_1_33' title="bbox 394 3241 1980 3319">
    <p class='ocr_par' dir='ltr' id='par_1_33' title="bbox 394 3241 1980 3319">
     <span class='ocr_line' id='line_1_33' title="bbox 394 3241 1980 3319; baseline 0.005 -22"><span class='ocrx_word' id='word_1_182' title='bbox 394 3241 533 3298; x_wconf 87' lang='lat' dir='ltr'><strong>Nam</strong></span> <span class='ocrx_word' id='word_1_183' title='bbox 568 3243 857 3310; x_wconf 79' lang='lat' dir='ltr'><strong>auxilium,</strong></span> <span class='ocrx_word' id='word_1_184' title='bbox 881 3259 1003 3300; x_wconf 86' lang='lat' dir='ltr'><strong>cum</strong></span> <span class='ocrx_word' id='word_1_185' title='bbox 1035 3246 1201 3302; x_wconf 89' lang='lat' dir='ltr'><strong>corde</strong></span> <span class='ocrx_word' id='word_1_186' title='bbox 1219 3247 1432 3302; x_wconf 87' lang='lat' dir='ltr'><strong>consilii</strong></span> <span class='ocrx_word' id='word_1_187' title='bbox 1462 3247 1646 3319; x_wconf 90' lang='lat' dir='ltr'><strong>pleno,</strong></span> <span class='ocrx_word' id='word_1_188' title='bbox 1673 3250 1707 3304; x_wconf 48' lang='lat' dir='ltr'><strong>a&#39;</strong></span> <span class='ocrx_word' id='word_1_189' title='bbox 1743 3248 1852 3304; x_wconf 92' lang='lat' dir='ltr'><strong>Deo</strong></span> <span class='ocrx_word' id='word_1_190' title='bbox 1881 3249 1980 3305; x_wconf 85' lang='lat' dir='ltr'><strong>da-</strong></span> 
     </span>
    </p>
   </div>
   <div class='ocr_carea' id='block_1_34' title="bbox 399 3331 1982 3408">
    <p class='ocr_par' dir='ltr' id='par_1_34' title="bbox 399 3331 1982 3408">
     <span class='ocr_line' id='line_1_34' title="bbox 399 3331 1982 3408; baseline 0.004 -22"><span class='ocrx_word' id='word_1_191' title='bbox 399 3344 510 3388; x_wconf 90' lang='lat' dir='ltr'><strong>tur.</strong></span> <span class='ocrx_word' id='word_1_192' title='bbox 575 3331 695 3388; x_wconf 84' lang='lat' dir='ltr'><strong>Non</strong></span> <span class='ocrx_word' id='word_1_193' title='bbox 736 3333 882 3388; x_wconf 87' lang='lat' dir='ltr'><strong>enim</strong></span> <span class='ocrx_word' id='word_1_194' title='bbox 939 3334 992 3390; x_wconf 94' lang='lat' dir='ltr'><strong>in</strong></span> <span class='ocrx_word' id='word_1_195' title='bbox 1034 3334 1383 3392; x_wconf 88' lang='lat' dir='ltr'><strong>multitudine</strong></span> <span class='ocrx_word' id='word_1_196' title='bbox 1423 3337 1704 3408; x_wconf 80' lang='lat' dir='ltr'><strong>cupiarum</strong></span> <span class='ocrx_word' id='word_1_197' title='bbox 1755 3338 1982 3393; x_wconf 86' lang='lat' dir='ltr'><strong>victoria</strong></span> 
     </span>
    </p>
   </div>
   <div class='ocr_carea' id='block_1_35' title="bbox 397 3422 1984 3492">
    <p class='ocr_par' dir='ltr' id='par_1_35' title="bbox 397 3422 1984 3492">
     <span class='ocr_line' id='line_1_35' title="bbox 397 3422 1984 3492; baseline 0.005 -15"><span class='ocrx_word' id='word_1_198' title='bbox 397 3422 521 3478; x_wconf 89' lang='lat' dir='ltr'><strong>belli</strong></span> <span class='ocrx_word' id='word_1_199' title='bbox 579 3423 753 3492; x_wconf 87' lang='lat' dir='ltr'><strong>posita</strong></span> <span class='ocrx_word' id='word_1_200' title='bbox 802 3433 908 3491; x_wconf 89' lang='lat' dir='ltr'><strong>est,</strong></span> <span class='ocrx_word' id='word_1_201' title='bbox 956 3425 1052 3482; x_wconf 89' lang='lat' dir='ltr'><strong>sed</strong></span> <span class='ocrx_word' id='word_1_202' title='bbox 1100 3442 1129 3482; x_wconf 92' lang='lat' dir='ltr'><strong>a</strong></span> <span class='ocrx_word' id='word_1_203' title='bbox 1174 3427 1284 3483; x_wconf 88' lang='lat' dir='ltr'><strong>Deo</strong></span> <span class='ocrx_word' id='word_1_204' title='bbox 1322 3428 1608 3485; x_wconf 78' lang='lat' dir='ltr'><strong>victoriam</strong></span> <span class='ocrx_word' id='word_1_205' title='bbox 1651 3430 1984 3486; x_wconf 88' lang='lat' dir='ltr'><strong>concedente</strong></span> 
     </span>
    </p>
   </div>
   <div class='ocr_carea' id='block_1_36' title="bbox 396 3513 790 3584">
    <p class='ocr_par' dir='ltr' id='par_1_36' title="bbox 396 3513 790 3584">
     <span class='ocr_line' id='line_1_36' title="bbox 396 3513 790 3584; baseline 0.005 -17"><span class='ocrx_word' id='word_1_206' title='bbox 396 3513 790 3584; x_wconf 71' lang='lat' dir='ltr'><strong>proficiscitur.</strong></span> 
     </span>
    </p>
   </div>
   <div class='ocr_carea' id='block_1_37' title="bbox 467 3605 1986 3679">
    <p class='ocr_par' dir='ltr' id='par_1_37' title="bbox 467 3605 1986 3679">
     <span class='ocr_line' id='line_1_37' title="bbox 467 3605 1986 3679; baseline 0.006 -20"><span class='ocrx_word' id='word_1_207' title='bbox 467 3605 772 3661; x_wconf 77' lang='lat' dir='ltr'><strong>2.Sextam</strong></span> <span class='ocrx_word' id='word_1_208' title='bbox 814 3615 1026 3678; x_wconf 86' lang='lat' dir='ltr'><strong>partem</strong></span> <span class='ocrx_word' id='word_1_209' title='bbox 1098 3607 1393 3679; x_wconf 87' lang='lat' dir='ltr'><strong>spoliorum</strong></span> <span class='ocrx_word' id='word_1_210' title='bbox 1473 3609 1608 3668; x_wconf 87' lang='lat' dir='ltr'><strong>ﬁsco</strong></span> <span class='ocrx_word' id='word_1_211' title='bbox 1679 3613 1986 3669; x_wconf 90' lang='lat' dir='ltr'><strong>consecrari</strong></span> 
     </span>
    </p>
   </div>
   <div class='ocr_carea' id='block_1_38' title="bbox 405 3701 1986 3777">
    <p class='ocr_par' dir='ltr' id='par_1_38' title="bbox 405 3701 1986 3777">
     <span class='ocr_line' id='line_1_38' title="bbox 405 3701 1986 3777; baseline 0.006 -26"><span class='ocrx_word' id='word_1_212' title='bbox 405 3707 641 3768; x_wconf 79' lang='lat' dir='ltr'><strong>oportet,</strong></span> <span class='ocrx_word' id='word_1_213' title='bbox 677 3701 1010 3772; x_wconf 74' lang='lat' dir='ltr'><strong>etquidQuid</strong></span> <span class='ocrx_word' id='word_1_214' title='bbox 1055 3703 1278 3757; x_wconf 90' lang='lat' dir='ltr'><strong>omnino</strong></span> <span class='ocrx_word' id='word_1_215' title='bbox 1343 3714 1589 3774; x_wconf 89' lang='lat' dir='ltr'><strong>superat,</strong></span> <span class='ocrx_word' id='word_1_216' title='bbox 1617 3705 1668 3758; x_wconf 92' lang='lat' dir='ltr'><strong>id</strong></span> <span class='ocrx_word' id='word_1_217' title='bbox 1729 3707 1986 3777; x_wconf 90' lang='lat' dir='ltr'><strong>populum</strong></span> 
     </span>
    </p>
   </div>
   <div class='ocr_carea' id='block_1_39' title="bbox 403 3791 1986 3868">
    <p class='ocr_par' dir='ltr' id='par_1_39' title="bbox 403 3791 1986 3868">
     <span class='ocr_line' id='line_1_39' title="bbox 403 3791 1986 3868; baseline 0.005 -24"><span class='ocrx_word' id='word_1_218' title='bbox 403 3791 717 3849; x_wconf 84' lang='lat' dir='ltr'><strong>universum</strong></span> <span class='ocrx_word' id='word_1_219' title='bbox 745 3808 810 3848; x_wconf 85' lang='lat' dir='ltr'><strong>ex</strong></span> <span class='ocrx_word' id='word_1_220' title='bbox 853 3809 1005 3864; x_wconf 64' lang='lat' dir='ltr'><strong>aequa</strong></span> <span class='ocrx_word' id='word_1_221' title='bbox 1041 3803 1098 3850; x_wconf 90' lang='lat' dir='ltr'><strong>et</strong></span> <span class='ocrx_word' id='word_1_222' title='bbox 1135 3794 1188 3849; x_wconf 90' lang='lat' dir='ltr'><strong>iu</strong></span> <span class='ocrx_word' id='word_1_223' title='bbox 1210 3810 1418 3865; x_wconf 71' lang='lat' dir='ltr'><strong>aequant</strong></span> <span class='ocrx_word' id='word_1_224' title='bbox 1445 3797 1747 3866; x_wconf 89' lang='lat' dir='ltr'><strong>portionem</strong></span> <span class='ocrx_word' id='word_1_225' title='bbox 1770 3799 1986 3868; x_wconf 91' lang='lat' dir='ltr'><strong>partiri,</strong></span> 
     </span>
    </p>
   </div>
   <div class='ocr_carea' id='block_1_40' title="bbox 400 3881 1989 3957">
    <p class='ocr_par' dir='ltr' id='par_1_40' title="bbox 400 3881 1989 3957">
     <span class='ocr_line' id='line_1_40' title="bbox 400 3881 1989 3957; baseline 0.006 -23"><span class='ocrx_word' id='word_1_226' title='bbox 400 3882 515 3936; x_wconf 87' lang='lat' dir='ltr'><strong>sive</strong></span> <span class='ocrx_word' id='word_1_227' title='bbox 535 3881 661 3952; x_wconf 76' lang='lat' dir='ltr'><strong>quis</strong></span> <span class='ocrx_word' id='word_1_228' title='bbox 695 3897 944 3952; x_wconf 81' lang='lat' dir='ltr'><strong>magnus,</strong></span> <span class='ocrx_word' id='word_1_229' title='bbox 968 3885 1082 3940; x_wconf 89' lang='lat' dir='ltr'><strong>sive</strong></span> <span class='ocrx_word' id='word_1_230' title='bbox 1107 3900 1304 3954; x_wconf 83' lang='lat' dir='ltr'><strong>parvus</strong></span> <span class='ocrx_word' id='word_1_231' title='bbox 1324 3885 1415 3940; x_wconf 91' lang='lat' dir='ltr'><strong>sit.</strong></span> <span class='ocrx_word' id='word_1_232' title='bbox 1449 3885 1660 3941; x_wconf 79' lang='lat' dir='ltr'><strong>Suliicit</strong></span> <span class='ocrx_word' id='word_1_233' title='bbox 1679 3887 1824 3942; x_wconf 90' lang='lat' dir='ltr'><strong>enim</strong></span> <span class='ocrx_word' id='word_1_234' title='bbox 1849 3903 1989 3957; x_wconf 67' lang='lat' dir='ltr'><strong>pra:-</strong></span> 
     </span>
    </p>
   </div>
   <div class='ocr_carea' id='block_1_41' title="bbox 402 3973 1988 4044">
    <p class='ocr_par' dir='ltr' id='par_1_41' title="bbox 402 3973 1988 4044">
     <span class='ocr_line' id='line_1_41' title="bbox 402 3973 1988 4044; baseline 0.006 -19"><span class='ocrx_word' id='word_1_235' title='bbox 402 3973 558 4028; x_wconf 82' lang='lat' dir='ltr'><strong>fectis</strong></span> <span class='ocrx_word' id='word_1_236' title='bbox 594 3974 987 4028; x_wconf 74' lang='lat' dir='ltr'><strong>incrementum</strong></span> <span class='ocrx_word' id='word_1_237' title='bbox 1039 3976 1434 4044; x_wconf 86' lang='lat' dir='ltr'><strong>stipendiorum</strong></span> <span class='ocrx_word' id='word_1_238' title='bbox 1479 3991 1722 4034; x_wconf 87' lang='lat' dir='ltr'><strong>suorum.</strong></span> <span class='ocrx_word' id='word_1_239' title='bbox 1755 3977 1907 4044; x_wconf 89' lang='lat' dir='ltr'><strong>Quod</strong></span> <span class='ocrx_word' id='word_1_240' title='bbox 1943 3979 1988 4034; x_wconf 90' lang='lat' dir='ltr'><strong>si</strong></span> 
     </span>
    </p>
   </div>
   <div class='ocr_carea' id='block_1_42' title="bbox 406 4066 1987 4140">
    <p class='ocr_par' dir='ltr' id='par_1_42' title="bbox 406 4066 1987 4140">
     <span class='ocr_line' id='line_1_42' title="bbox 406 4066 1987 4140; baseline 0.006 -24"><span class='ocrx_word' id='word_1_241' title='bbox 406 4066 607 4134; x_wconf 84' lang='lat' dir='ltr'><strong>reperti</strong></span> <span class='ocrx_word' id='word_1_242' title='bbox 685 4066 906 4134; x_wconf 90' lang='lat' dir='ltr'><strong>quidam</strong></span> <span class='ocrx_word' id='word_1_243' title='bbox 958 4066 1196 4136; x_wconf 80' lang='lat' dir='ltr'><strong>praefecti</strong></span> <span class='ocrx_word' id='word_1_244' title='bbox 1225 4068 1451 4132; x_wconf 83' lang='lat' dir='ltr'><strong>fuerint,</strong></span> <span class='ocrx_word' id='word_1_245' title='bbox 1509 4070 1603 4140; x_wconf 89' lang='lat' dir='ltr'><strong>qui</strong></span> <span class='ocrx_word' id='word_1_246' title='bbox 1643 4069 1872 4125; x_wconf 89' lang='lat' dir='ltr'><strong>viriliter</strong></span> <span class='ocrx_word' id='word_1_247' title='bbox 1935 4071 1987 4125; x_wconf 85' lang='lat' dir='ltr'><strong>in</strong></span> 
     </span>
    </p>
   </div>
   <div class='ocr_carea' id='block_1_43' title="bbox 403 4156 1991 4232">
    <p class='ocr_par' dir='ltr' id='par_1_43' title="bbox 403 4156 1991 4232">
     <span class='ocr_line' id='line_1_43' title="bbox 403 4156 1991 4232; baseline 0.005 -22"><span class='ocrx_word' id='word_1_248' title='bbox 403 4156 616 4210; x_wconf 71' lang='grc' dir='ltr'>1ιο›ιοιιι</span> <span class='ocrx_word' id='word_1_249' title='bbox 676 4157 965 4213; x_wconf 79' lang='lat' dir='ltr'><strong>ferantur:</strong></span> <span class='ocrx_word' id='word_1_250' title='bbox 999 4161 1078 4214; x_wconf 92' lang='lat' dir='ltr'><strong>eis</strong></span> <span class='ocrx_word' id='word_1_251' title='bbox 1111 4169 1311 4229; x_wconf 84' lang='lat' dir='ltr'><strong>praetor</strong></span> <span class='ocrx_word' id='word_1_252' title='bbox 1360 4163 1636 4217; x_wconf 77' lang='lat' dir='ltr'><strong>exercitus</strong></span> <span class='ocrx_word' id='word_1_253' title='bbox 1681 4161 1883 4232; x_wconf 90' lang='lat' dir='ltr'><strong>aliquid</strong></span> <span class='ocrx_word' id='word_1_254' title='bbox 1922 4161 1991 4219; x_wconf 88' lang='lat' dir='ltr'><strong>de</strong></span> 
     </span>
    </p>
   </div>
   <div class='ocr_carea' id='block_1_44' title="bbox 405 4248 1989 4324">
    <p class='ocr_par' dir='ltr' id='par_1_44' title="bbox 405 4248 1989 4324">
     <span class='ocr_line' id='line_1_44' title="bbox 405 4248 1989 4324; baseline 0.004 -22"><span class='ocrx_word' id='word_1_255' title='bbox 405 4248 644 4302; x_wconf 83' lang='lat' dir='ltr'><strong>iudicata</strong></span> <span class='ocrx_word' id='word_1_256' title='bbox 679 4259 833 4304; x_wconf 77' lang='lat' dir='ltr'><strong>sexta</strong></span> <span class='ocrx_word' id='word_1_257' title='bbox 871 4259 1023 4320; x_wconf 87' lang='lat' dir='ltr'><strong>parte</strong></span> <span class='ocrx_word' id='word_1_258' title='bbox 1053 4249 1165 4305; x_wconf 88' lang='lat' dir='ltr'><strong>lisci</strong></span> <span class='ocrx_word' id='word_1_259' title='bbox 1213 4251 1493 4322; x_wconf 79' lang='lat' dir='ltr'><strong>largiatur,</strong></span> <span class='ocrx_word' id='word_1_260' title='bbox 1518 4261 1574 4308; x_wconf 86' lang='lat' dir='ltr'><strong>et</strong></span> <span class='ocrx_word' id='word_1_261' title='bbox 1609 4253 1756 4324; x_wconf 89' lang='lat' dir='ltr'><strong>ipsos</strong></span> <span class='ocrx_word' id='word_1_262' title='bbox 1782 4269 1848 4309; x_wconf 80' lang='lat' dir='ltr'><strong>ex</strong></span> <span class='ocrx_word' id='word_1_263' title='bbox 1895 4269 1989 4308; x_wconf 66' lang='lat' dir='ltr'><strong>rae</strong></span> 
     </span>
    </p>
   </div>
   <div class='ocr_carea' id='block_1_45' title="bbox 408 4340 1993 4416">
    <p class='ocr_par' dir='ltr' id='par_1_45' title="bbox 408 4340 1993 4416">
     <span class='ocr_line' id='line_1_45' title="bbox 408 4340 1993 4416; baseline 0.005 -25"><span class='ocrx_word' id='word_1_264' title='bbox 408 4340 553 4394; x_wconf 86' lang='lat' dir='ltr'><strong>tione</strong></span> <span class='ocrx_word' id='word_1_265' title='bbox 580 4340 762 4396; x_wconf 85' lang='lat' dir='ltr'><strong>decori</strong></span> <span class='ocrx_word' id='word_1_266' title='bbox 796 4351 1084 4398; x_wconf 89' lang='lat' dir='ltr'><strong>sustentet.</strong></span> <span class='ocrx_word' id='word_1_267' title='bbox 1114 4342 1383 4398; x_wconf 73' lang='lat' dir='ltr'><strong>Caeterum</strong></span> <span class='ocrx_word' id='word_1_268' title='bbox 1413 4360 1510 4414; x_wconf 91' lang='lat' dir='ltr'><strong>pro</strong></span> <span class='ocrx_word' id='word_1_269' title='bbox 1541 4347 1752 4402; x_wconf 86' lang='lat' dir='ltr'><strong>ratione</strong></span> <span class='ocrx_word' id='word_1_270' title='bbox 1769 4346 1993 4416; x_wconf 90' lang='lat' dir='ltr'><strong>portio-</strong></span> 
     </span>
    </p>
   </div>
   <div class='ocr_carea' id='block_1_46' title="bbox 2069 505 3292 587">
    <p class='ocr_par' dir='ltr' id='par_1_46' title="bbox 2069 505 3292 587">
     <span class='ocr_line' id='line_1_46' title="bbox 2069 505 3292 587; baseline -0.014 -12"><span class='ocrx_word' id='word_1_271' title='bbox 2069 521 2211 575; x_wconf 81' lang='grc' dir='ltr'>κατά</span> <span class='ocrx_word' id='word_1_272' title='bbox 2232 520 2340 572; x_wconf 89' lang='grc' dir='ltr'><strong>τῶν</strong></span> <span class='ocrx_word' id='word_1_273' title='bbox 2370 515 2730 587; x_wconf 72' lang='grc' dir='ltr'>κληρονόμων</span> <span class='ocrx_word' id='word_1_274' title='bbox 2753 509 2865 566; x_wconf 88' lang='grc' dir='ltr'><strong>τῶν</strong></span> <span class='ocrx_word' id='word_1_275' title='bbox 2888 505 3292 562; x_wconf 83' lang='grc' dir='ltr'><strong>τελευτώντων.</strong></span> 
     </span>
    </p>
   </div>
   <div class='ocr_carea' id='block_1_47' title="bbox 2145 595 3652 680">
    <p class='ocr_par' dir='ltr' id='par_1_47' title="bbox 2145 595 3652 680">
     <span class='ocr_line' id='line_1_47' title="bbox 2145 595 3652 680; baseline -0.015 -12"><span class='ocrx_word' id='word_1_276' title='bbox 2145 615 2260 668; x_wconf 82' lang='grc' dir='ltr'>Τίτ.</span> <span class='ocrx_word' id='word_1_277' title='bbox 2301 613 2411 677; x_wconf 82' lang='grc' dir='ltr'><strong>ξα’.</strong></span> <span class='ocrx_word' id='word_1_278' title='bbox 2444 608 2582 680; x_wconf 74' lang='grc' dir='ltr'>Περὶ</span> <span class='ocrx_word' id='word_1_279' title='bbox 2619 605 2711 662; x_wconf 86' lang='grc' dir='ltr'><strong>τοῦ</strong></span> <span class='ocrx_word' id='word_1_280' title='bbox 2745 604 2820 675; x_wconf 86' lang='grc' dir='ltr'>μὴ</span> <span class='ocrx_word' id='word_1_281' title='bbox 2848 597 3230 671; x_wconf 81' lang='grc' dir='ltr'>ὲνυϐρίζεσθαι</span> <span class='ocrx_word' id='word_1_282' title='bbox 3264 596 3334 650; x_wconf 82' lang='grc' dir='ltr'>τὰ</span> <span class='ocrx_word' id='word_1_283' title='bbox 3376 595 3485 649; x_wconf 86' lang='grc' dir='ltr'><strong>τῶν</strong></span> <span class='ocrx_word' id='word_1_284' title='bbox 3514 595 3652 665; x_wconf 84' lang='grc' dir='ltr'>Χρι-</span> 
     </span>
    </p>
   </div>
   <div class='ocr_carea' id='block_1_48' title="bbox 2070 689 3226 770">
    <p class='ocr_par' dir='ltr' id='par_1_48' title="bbox 2070 689 3226 770">
     <span class='ocr_line' id='line_1_48' title="bbox 2070 689 3226 770; baseline -0.014 -13"><span class='ocrx_word' id='word_1_285' title='bbox 2070 703 2298 757; x_wconf 85' lang='grc' dir='ltr'>στιανῶν</span> <span class='ocrx_word' id='word_1_286' title='bbox 2327 700 2556 770; x_wconf 74' lang='grc' dir='ltr'>λείψανα</span> <span class='ocrx_word' id='word_1_287' title='bbox 2591 695 2744 766; x_wconf 75' lang='grc' dir='ltr'>παρὰ</span> <span class='ocrx_word' id='word_1_288' title='bbox 2768 693 2876 748; x_wconf 89' lang='grc' dir='ltr'><strong>τῶν</strong></span> <span class='ocrx_word' id='word_1_289' title='bbox 2905 689 3226 745; x_wconf 80' lang='grc' dir='ltr'><strong>δανειστῶν.</strong></span> 
     </span>
    </p>
   </div>
   <div class='ocr_carea' id='block_1_49' title="bbox 2145 785 2981 862">
    <p class='ocr_par' dir='ltr' id='par_1_49' title="bbox 2145 785 2981 862">
     <span class='ocr_line' id='line_1_49' title="bbox 2145 785 2981 862; baseline -0.013 -14"><span class='ocrx_word' id='word_1_290' title='bbox 2145 795 2261 848; x_wconf 71' lang='lat' dir='ltr'><strong>Tit.</strong></span> <span class='ocrx_word' id='word_1_291' title='bbox 2293 791 2408 859; x_wconf 79' lang='grc' dir='ltr'><strong>ξβ’.</strong></span> <span class='ocrx_word' id='word_1_292' title='bbox 2438 791 2575 862; x_wconf 71' lang='grc' dir='ltr'>Περὶ</span> <span class='ocrx_word' id='word_1_293' title='bbox 2599 785 2981 856; x_wconf 85' lang='grc' dir='ltr'>καινοτομιῶν.</span> 
     </span>
    </p>
   </div>
   <div class='ocr_carea' id='block_1_50' title="bbox 2149 879 2840 954">
    <p class='ocr_par' dir='ltr' id='par_1_50' title="bbox 2149 879 2840 954">
     <span class='ocr_line' id='line_1_50' title="bbox 2149 879 2840 954; baseline -0.012 -13"><span class='ocrx_word' id='word_1_294' title='bbox 2149 888 2264 940; x_wconf 85' lang='grc' dir='ltr'>Τίτ.</span> <span class='ocrx_word' id='word_1_295' title='bbox 2296 883 2405 954; x_wconf 67' lang='lat'><strong>£7&quot;.</strong></span> <span class='ocrx_word' id='word_1_296' title='bbox 2440 884 2577 953; x_wconf 74' lang='grc' dir='ltr'>Περὶ</span> <span class='ocrx_word' id='word_1_297' title='bbox 2615 879 2840 934; x_wconf 85' lang='grc' dir='ltr'>ποινῶν.</span> 
     </span>
    </p>
   </div>
   <div class='ocr_carea' id='block_1_51' title="bbox 2144 969 3223 1047">
    <p class='ocr_par' dir='ltr' id='par_1_51' title="bbox 2144 969 3223 1047">
     <span class='ocr_line' id='line_1_51' title="bbox 2144 969 3223 1047; baseline -0.008 -13"><span class='ocrx_word' id='word_1_298' title='bbox 2144 981 2262 1035; x_wconf 83' lang='grc' dir='ltr'>Τίτ.</span> <span class='ocrx_word' id='word_1_299' title='bbox 2293 978 2400 1044; x_wconf 77' lang='grc' dir='ltr'>ξδ’.</span> <span class='ocrx_word' id='word_1_300' title='bbox 2433 977 2570 1047; x_wconf 73' lang='grc' dir='ltr'>Περὶ</span> <span class='ocrx_word' id='word_1_301' title='bbox 2590 973 2957 1045; x_wconf 85' lang='grc' dir='ltr'>διαμερισμοῦ</span> <span class='ocrx_word' id='word_1_302' title='bbox 2988 969 3223 1026; x_wconf 78' lang='grc' dir='ltr'><strong>σκύλων.</strong></span> 
     </span>
    </p>
   </div>
   <div class='ocr_carea' id='block_1_52' title="bbox 2143 1059 3660 1137">
    <p class='ocr_par' dir='ltr' id='par_1_52' title="bbox 2143 1059 3660 1137">
     <span class='ocr_line' id='line_1_52' title="bbox 2143 1059 3660 1137; baseline -0.008 -13"><span class='ocrx_word' id='word_1_303' title='bbox 2143 1069 2258 1124; x_wconf 84' lang='grc' dir='ltr'>Τίτ.</span> <span class='ocrx_word' id='word_1_304' title='bbox 2285 1065 2386 1133; x_wconf 73' lang='grc' dir='ltr'><strong>ξδ’.</strong></span> <span class='ocrx_word' id='word_1_305' title='bbox 2413 1065 2550 1137; x_wconf 75' lang='grc' dir='ltr'>Περὶ</span> <span class='ocrx_word' id='word_1_306' title='bbox 2586 1065 2708 1134; x_wconf 86' lang='grc' dir='ltr'>βίας</span> <span class='ocrx_word' id='word_1_307' title='bbox 2739 1063 2833 1116; x_wconf 71' lang='grc' dir='ltr'><strong>καὶ</strong></span> <span class='ocrx_word' id='word_1_308' title='bbox 2865 1062 3124 1134; x_wconf 80' lang='grc' dir='ltr'>ἁρπαγῆς</span> <span class='ocrx_word' id='word_1_309' title='bbox 3155 1059 3525 1132; x_wconf 76' lang='grc' dir='ltr'><strong>πραγμάτων,</strong></span> <span class='ocrx_word' id='word_1_310' title='bbox 3561 1061 3660 1113; x_wconf 68' lang='grc' dir='ltr'>καὶ</span> 
     </span>
    </p>
   </div>
   <div class='ocr_carea' id='block_1_53' title="bbox 2070 1151 3347 1232">
    <p class='ocr_par' dir='ltr' id='par_1_53' title="bbox 2070 1151 3347 1232">
     <span class='ocr_line' id='line_1_53' title="bbox 2070 1151 3347 1232; baseline -0.009 -16"><span class='ocrx_word' id='word_1_311' title='bbox 2070 1160 2281 1232; x_wconf 81' lang='grc' dir='ltr'><strong>ἀγρῶν,</strong></span> <span class='ocrx_word' id='word_1_312' title='bbox 2315 1159 2413 1212; x_wconf 74' lang='grc' dir='ltr'><strong>καὶ</strong></span> <span class='ocrx_word' id='word_1_313' title='bbox 2447 1157 2571 1227; x_wconf 75' lang='grc' dir='ltr'>περὶ</span> <span class='ocrx_word' id='word_1_314' title='bbox 2596 1154 2969 1226; x_wconf 80' lang='grc' dir='ltr'>ἐμπρησμῶν,</span> <span class='ocrx_word' id='word_1_315' title='bbox 3008 1154 3103 1206; x_wconf 72' lang='grc' dir='ltr'><strong>καὶ</strong></span> <span class='ocrx_word' id='word_1_316' title='bbox 3133 1151 3347 1220; x_wconf 85' lang='grc' dir='ltr'>τάφων.</span> 
     </span>
    </p>
   </div>
   <div class='ocr_carea' id='block_1_54' title="bbox 2143 1242 3661 1320">
    <p class='ocr_par' dir='ltr' id='par_1_54' title="bbox 2143 1242 3661 1320">
     <span class='ocr_line' id='line_1_54' title="bbox 2143 1242 3661 1320; baseline -0.009 -13"><span class='ocrx_word' id='word_1_317' title='bbox 2143 1254 2259 1308; x_wconf 83' lang='grc' dir='ltr'>Τίτ.</span> <span class='ocrx_word' id='word_1_318' title='bbox 2300 1249 2416 1316; x_wconf 82' lang='grc' dir='ltr'><strong>ξς’.</strong></span> <span class='ocrx_word' id='word_1_319' title='bbox 2445 1251 2583 1320; x_wconf 69' lang='grc' dir='ltr'>Περὶ</span> <span class='ocrx_word' id='word_1_320' title='bbox 2604 1249 2712 1301; x_wconf 88' lang='grc' dir='ltr'><strong>τῶν</strong></span> <span class='ocrx_word' id='word_1_321' title='bbox 2735 1246 3123 1318; x_wconf 81' lang='grc' dir='ltr'>δημευομένων</span> <span class='ocrx_word' id='word_1_322' title='bbox 3149 1245 3207 1298; x_wconf 81' lang='grc' dir='ltr'>ὲν</span> <span class='ocrx_word' id='word_1_323' title='bbox 3237 1243 3314 1313; x_wconf 84' lang='grc' dir='ltr'>τῷ</span> <span class='ocrx_word' id='word_1_324' title='bbox 3335 1242 3538 1314; x_wconf 80' lang='grc' dir='ltr'>φῐσκῳ,</span> <span class='ocrx_word' id='word_1_325' title='bbox 3566 1244 3661 1295; x_wconf 77' lang='grc' dir='ltr'><strong>καὶ</strong></span> 
     </span>
    </p>
   </div>
   <div class='ocr_carea' id='block_1_55' title="bbox 2072 1334 3546 1414">
    <p class='ocr_par' dir='ltr' id='par_1_55' title="bbox 2072 1334 3546 1414">
     <span class='ocr_line' id='line_1_55' title="bbox 2072 1334 3546 1414; baseline -0.009 -16"><span class='ocrx_word' id='word_1_326' title='bbox 2072 1344 2200 1414; x_wconf 73' lang='grc' dir='ltr'>περὶ</span> <span class='ocrx_word' id='word_1_327' title='bbox 2231 1340 2709 1412; x_wconf 78' lang='grc' dir='ltr'>ἀναζητουμένων,</span> <span class='ocrx_word' id='word_1_328' title='bbox 2743 1338 2838 1391; x_wconf 75' lang='grc' dir='ltr'><strong>καὶ</strong></span> <span class='ocrx_word' id='word_1_329' title='bbox 2859 1334 3432 1407; x_wconf 85' lang='grc' dir='ltr'>δεπορτατευομένων.</span> <span class='ocrx_word' id='word_1_330' title='bbox 3538 1351 3546 1354; x_wconf 64' lang='grc'><em>’·</em></span> 
     </span>
    </p>
   </div>
   <div class='ocr_carea' id='block_1_56' title="bbox 2150 1430 2847 1504">
    <p class='ocr_par' dir='ltr' id='par_1_56' title="bbox 2150 1430 2847 1504">
     <span class='ocr_line' id='line_1_56' title="bbox 2150 1430 2847 1504; baseline -0.01 -13"><span class='ocrx_word' id='word_1_331' title='bbox 2150 1438 2264 1491; x_wconf 84' lang='grc' dir='ltr'><strong>Τίτ.</strong></span> <span class='ocrx_word' id='word_1_332' title='bbox 2301 1433 2406 1500; x_wconf 66' lang='grc' dir='ltr'><strong>εξ.</strong></span> <span class='ocrx_word' id='word_1_333' title='bbox 2448 1434 2585 1504; x_wconf 80' lang='grc' dir='ltr'>Περὶ</span> <span class='ocrx_word' id='word_1_334' title='bbox 2613 1430 2847 1502; x_wconf 88' lang='grc' dir='ltr'>ῦϐρεων.</span> 
     </span>
    </p>
   </div>
   <div class='ocr_carea' id='block_1_57' title="bbox 2149 1513 3662 1594">
    <p class='ocr_par' dir='ltr' id='par_1_57' title="bbox 2149 1513 3662 1594">
     <span class='ocr_line' id='line_1_57' title="bbox 2149 1513 3662 1594; baseline -0.011 -14"><span class='ocrx_word' id='word_1_335' title='bbox 2149 1527 2263 1580; x_wconf 87' lang='grc' dir='ltr'>Τίτ.</span> <span class='ocrx_word' id='word_1_336' title='bbox 2294 1525 2404 1593; x_wconf 59' lang='grc' dir='ltr'><strong>ξοντ’.</strong></span> <span class='ocrx_word' id='word_1_337' title='bbox 2449 1523 2584 1594; x_wconf 80' lang='grc' dir='ltr'>Περὶ</span> <span class='ocrx_word' id='word_1_338' title='bbox 2625 1518 3040 1592; x_wconf 77' lang='grc' dir='ltr'><strong>ἁμαρτημάτων</strong></span> <span class='ocrx_word' id='word_1_339' title='bbox 3084 1516 3195 1570; x_wconf 87' lang='grc' dir='ltr'><strong>τῶν</strong></span> <span class='ocrx_word' id='word_1_340' title='bbox 3243 1513 3549 1585; x_wconf 72' lang='grc' dir='ltr'>ἐλευθέρων</span> <span class='ocrx_word' id='word_1_341' title='bbox 3601 1528 3662 1565; x_wconf 86' lang='grc' dir='ltr'><strong>τε</strong></span> 
     </span>
    </p>
   </div>
   <div class='ocr_carea' id='block_1_58' title="bbox 2073 1617 2432 1673">
    <p class='ocr_par' dir='ltr' id='par_1_58' title="bbox 2073 1617 2432 1673">
     <span class='ocr_line' id='line_1_58' title="bbox 2073 1617 2432 1673; baseline -0.006 0"><span class='ocrx_word' id='word_1_342' title='bbox 2073 1620 2169 1673; x_wconf 75' lang='grc' dir='ltr'><strong>καὶ</strong></span> <span class='ocrx_word' id='word_1_343' title='bbox 2205 1617 2432 1671; x_wconf 89' lang='grc' dir='ltr'>δούλων.</span> 
     </span>
    </p>
   </div>
   <div class='ocr_carea' id='block_1_59' title="bbox 2147 1702 3665 1779">
    <p class='ocr_par' dir='ltr' id='par_1_59' title="bbox 2147 1702 3665 1779">
     <span class='ocr_line' id='line_1_59' title="bbox 2147 1702 3665 1779; baseline -0.005 -15"><span class='ocrx_word' id='word_1_344' title='bbox 2147 1707 2390 1774; x_wconf 77' lang='grc' dir='ltr'><strong>Τίτ.ξθ’.</strong></span> <span class='ocrx_word' id='word_1_345' title='bbox 2432 1706 2569 1779; x_wconf 57' lang='grc' dir='ltr'><strong>Περὶ⁸</strong></span> <span class='ocrx_word' id='word_1_346' title='bbox 2622 1703 2996 1775; x_wconf 82' lang='grc' dir='ltr'><strong>συκοφαντῶν,</strong></span> <span class='ocrx_word' id='word_1_347' title='bbox 3036 1702 3131 1756; x_wconf 73' lang='grc' dir='ltr'>καὶ</span> <span class='ocrx_word' id='word_1_348' title='bbox 3179 1703 3520 1774; x_wconf 77' lang='grc' dir='ltr'>κατηγόρων,</span> <span class='ocrx_word' id='word_1_349' title='bbox 3569 1705 3665 1757; x_wconf 82' lang='grc' dir='ltr'>καὶ</span> 
     </span>
    </p>
   </div>
   <div class='ocr_carea' id='block_1_60' title="bbox 1996 1783 3660 1870">
    <p class='ocr_par' dir='ltr' id='par_1_60' title="bbox 1996 1783 3660 1870">
     <span class='ocr_line' id='line_1_60' title="bbox 1996 1783 3660 1870; baseline -0.003 -17"><span class='ocrx_word' id='word_1_350' title='bbox 1996 1783 2040 1838; x_wconf 73' lang='grc' dir='ltr'>Β</span> <span class='ocrx_word' id='word_1_351' title='bbox 2069 1799 2406 1870; x_wconf 84' lang='grc' dir='ltr'>δηλατύρων,</span> <span class='ocrx_word' id='word_1_352' title='bbox 2455 1799 2550 1851; x_wconf 73' lang='grc' dir='ltr'><strong>καὶ</strong></span> <span class='ocrx_word' id='word_1_353' title='bbox 2582 1797 2712 1867; x_wconf 74' lang='grc' dir='ltr'>περὶ</span> <span class='ocrx_word' id='word_1_354' title='bbox 2737 1793 3000 1858; x_wconf 83' lang='grc' dir='ltr'>πλαστοῦ,</span> <span class='ocrx_word' id='word_1_355' title='bbox 3043 1795 3136 1847; x_wconf 81' lang='grc' dir='ltr'><strong>καὶ</strong></span> <span class='ocrx_word' id='word_1_356' title='bbox 3179 1795 3308 1864; x_wconf 75' lang='grc' dir='ltr'>περὶ</span> <span class='ocrx_word' id='word_1_357' title='bbox 3360 1795 3660 1864; x_wconf 82' lang='grc' dir='ltr'>Θησαυροῦ.</span> 
     </span>
    </p>
   </div>
   <div class='ocr_carea' id='block_1_61' title="bbox 2147 1885 3665 1959">
    <p class='ocr_par' dir='ltr' id='par_1_61' title="bbox 2147 1885 3665 1959">
     <span class='ocr_line' id='line_1_61' title="bbox 2147 1885 3665 1959; baseline -0.005 -13"><span class='ocrx_word' id='word_1_358' title='bbox 2147 1892 2264 1947; x_wconf 80' lang='grc' dir='ltr'>Τίτ.</span> <span class='ocrx_word' id='word_1_359' title='bbox 2297 1887 2364 1945; x_wconf 87' lang='grc' dir='ltr'><strong>ο’.</strong></span> <span class='ocrx_word' id='word_1_360' title='bbox 2406 1889 2544 1959; x_wconf 71' lang='grc' dir='ltr'>Περὶ</span> <span class='ocrx_word' id='word_1_361' title='bbox 2576 1887 2846 1951; x_wconf 85' lang='grc' dir='ltr'>κλεπτῶν,</span> <span class='ocrx_word' id='word_1_362' title='bbox 2884 1887 2978 1940; x_wconf 73' lang='grc' dir='ltr'><strong>καὶ</strong></span> <span class='ocrx_word' id='word_1_363' title='bbox 3006 1885 3341 1952; x_wconf 83' lang='grc' dir='ltr'>ὑποδεκτῶν,</span> <span class='ocrx_word' id='word_1_364' title='bbox 3399 1887 3493 1940; x_wconf 77' lang='grc' dir='ltr'><strong>καὶ</strong></span> <span class='ocrx_word' id='word_1_365' title='bbox 3524 1888 3665 1958; x_wconf 77' lang='grc' dir='ltr'>ἱερο-</span> 
     </span>
    </p>
   </div>
   <div class='ocr_carea' id='block_1_62' title="bbox 2074 1979 2946 2052">
    <p class='ocr_par' dir='ltr' id='par_1_62' title="bbox 2074 1979 2946 2052">
     <span class='ocr_line' id='line_1_62' title="bbox 2074 1979 2946 2052; baseline -0.006 -16"><span class='ocrx_word' id='word_1_366' title='bbox 2074 1982 2270 2048; x_wconf 90' lang='grc' dir='ltr'>σύλων,</span> <span class='ocrx_word' id='word_1_367' title='bbox 2296 1983 2392 2036; x_wconf 73' lang='grc' dir='ltr'>καὶ</span> <span class='ocrx_word' id='word_1_368' title='bbox 2419 1979 2946 2052; x_wconf 79' lang='grc' dir='ltr'>ὲξανδραποδιστῶν.</span> 
     </span>
    </p>
   </div>
   <div class='ocr_carea' id='block_1_63' title="bbox 2154 2069 3666 2145">
    <p class='ocr_par' dir='ltr' id='par_1_63' title="bbox 2154 2069 3666 2145">
     <span class='ocr_line' id='line_1_63' title="bbox 2154 2069 3666 2145; baseline -0.007 -13"><span class='ocrx_word' id='word_1_369' title='bbox 2154 2078 2272 2133; x_wconf 88' lang='grc' dir='ltr'>Τι’τ.</span> <span class='ocrx_word' id='word_1_370' title='bbox 2305 2073 2414 2130; x_wconf 88' lang='lat' dir='ltr'><strong>oa&#39;.</strong></span> <span class='ocrx_word' id='word_1_371' title='bbox 2457 2075 2594 2145; x_wconf 79' lang='grc' dir='ltr'>Περὶ</span> <span class='ocrx_word' id='word_1_372' title='bbox 2646 2070 3058 2142; x_wconf 82' lang='grc' dir='ltr'>στρατιωτικῶν</span> <span class='ocrx_word' id='word_1_373' title='bbox 3114 2070 3429 2141; x_wconf 70' lang='grc' dir='ltr'>ἐπιτιμίων,</span> <span class='ocrx_word' id='word_1_374' title='bbox 3482 2071 3547 2122; x_wconf 64' lang='grc' dir='ltr'>ἐκ</span> <span class='ocrx_word' id='word_1_375' title='bbox 3569 2069 3666 2123; x_wconf 87' lang='grc' dir='ltr'><strong>τοῦ</strong></span> 
     </span>
    </p>
   </div>
   <div class='ocr_carea' id='block_1_64' title="bbox 2087 2163 2910 2238">
    <p class='ocr_par' dir='ltr' id='par_1_64' title="bbox 2087 2163 2910 2238">
     <span class='ocr_line' id='line_1_64' title="bbox 2087 2163 2910 2238; baseline -0.007 -16"><span class='ocrx_word' id='word_1_376' title='bbox 2087 2168 2343 2238; x_wconf 78' lang='grc' dir='ltr'>Ῥούφου,</span> <span class='ocrx_word' id='word_1_377' title='bbox 2384 2166 2480 2220; x_wconf 76' lang='grc' dir='ltr'>καὶ</span> <span class='ocrx_word' id='word_1_378' title='bbox 2511 2163 2619 2217; x_wconf 89' lang='grc' dir='ltr'><strong>τῶν</strong></span> <span class='ocrx_word' id='word_1_379' title='bbox 2637 2163 2910 2218; x_wconf 85' lang='grc' dir='ltr'>τακτικῶν</span> 
     </span>
    </p>
   </div>
   <div class='ocr_carea' id='block_1_65' title="bbox 2152 2254 3670 2330">
    <p class='ocr_par' dir='ltr' id='par_1_65' title="bbox 2152 2254 3670 2330">
     <span class='ocr_line' id='line_1_65' title="bbox 2152 2254 3670 2330; baseline -0.005 -13"><span class='ocrx_word' id='word_1_380' title='bbox 2152 2261 2268 2317; x_wconf 84' lang='grc' dir='ltr'>Τίτ.</span> <span class='ocrx_word' id='word_1_381' title='bbox 2309 2257 2420 2326; x_wconf 81' lang='grc' dir='ltr'><strong>οβ’.</strong></span> <span class='ocrx_word' id='word_1_382' title='bbox 2458 2259 2596 2330; x_wconf 74' lang='grc' dir='ltr'>Περὶ</span> <span class='ocrx_word' id='word_1_383' title='bbox 2628 2258 2940 2322; x_wconf 83' lang='grc' dir='ltr'>συστάσεως</span> <span class='ocrx_word' id='word_1_384' title='bbox 2988 2255 3294 2324; x_wconf 77' lang='grc' dir='ltr'>κοινωνίας,</span> <span class='ocrx_word' id='word_1_385' title='bbox 3323 2256 3416 2311; x_wconf 70' lang='grc' dir='ltr'><strong>καὶ</strong></span> <span class='ocrx_word' id='word_1_386' title='bbox 3461 2254 3670 2318; x_wconf 81' lang='grc' dir='ltr'>λύσεως</span> 
     </span>
    </p>
   </div>
   <div class='ocr_carea' id='block_1_66' title="bbox 2079 2356 2276 2426">
    <p class='ocr_par' dir='ltr' id='par_1_66' title="bbox 2079 2356 2276 2426">
     <span class='ocr_line' id='line_1_66' title="bbox 2079 2356 2276 2426; baseline 0.005 -18"><span class='ocrx_word' id='word_1_387' title='bbox 2079 2356 2276 2426; x_wconf 80' lang='grc' dir='ltr'>αὐτῆς.</span> 
     </span>
    </p>
   </div>
   <div class='ocr_carea' id='block_1_67' title="bbox 2159 2439 3669 2515">
    <p class='ocr_par' dir='ltr' id='par_1_67' title="bbox 2159 2439 3669 2515">
     <span class='ocr_line' id='line_1_67' title="bbox 2159 2439 3669 2515; baseline -0.007 -14"><span class='ocrx_word' id='word_1_388' title='bbox 2159 2447 2276 2501; x_wconf 85' lang='grc' dir='ltr'>Τίτ.</span> <span class='ocrx_word' id='word_1_389' title='bbox 2302 2450 2408 2515; x_wconf 66' lang='lat'><strong>07’.</strong></span> <span class='ocrx_word' id='word_1_390' title='bbox 2448 2443 2586 2514; x_wconf 78' lang='grc' dir='ltr'>Περὶ</span> <span class='ocrx_word' id='word_1_391' title='bbox 2629 2442 2862 2506; x_wconf 87' lang='grc' dir='ltr'>πάκτου,</span> <span class='ocrx_word' id='word_1_392' title='bbox 2915 2441 3011 2496; x_wconf 75' lang='grc' dir='ltr'>καὶ</span> <span class='ocrx_word' id='word_1_393' title='bbox 3056 2440 3373 2512; x_wconf 81' lang='grc' dir='ltr'>συμφώνου,</span> <span class='ocrx_word' id='word_1_394' title='bbox 3410 2442 3507 2493; x_wconf 75' lang='grc' dir='ltr'><strong>καὶ</strong></span> <span class='ocrx_word' id='word_1_395' title='bbox 3550 2439 3669 2492; x_wconf 81' lang='grc' dir='ltr'>δια-</span> 
     </span>
    </p>
   </div>
   <div class='ocr_carea' id='block_1_68' title="bbox 2079 2534 3532 2608">
    <p class='ocr_par' dir='ltr' id='par_1_68' title="bbox 2079 2534 3532 2608">
     <span class='ocr_line' id='line_1_68' title="bbox 2079 2534 3532 2608; baseline -0.002 -15"><span class='ocrx_word' id='word_1_396' title='bbox 2079 2539 2309 2604; x_wconf 86' lang='grc' dir='ltr'>λύσεως,</span> <span class='ocrx_word' id='word_1_397' title='bbox 2342 2537 2436 2593; x_wconf 75' lang='grc' dir='ltr'>καὶ</span> <span class='ocrx_word' id='word_1_398' title='bbox 2467 2535 2596 2608; x_wconf 64' lang='grc' dir='ltr'>περὶ</span> <span class='ocrx_word' id='word_1_399' title='bbox 2627 2535 2736 2588; x_wconf 88' lang='grc' dir='ltr'><strong>τῶν</strong></span> <span class='ocrx_word' id='word_1_400' title='bbox 2766 2536 2861 2590; x_wconf 72' lang='grc' dir='ltr'>ἐπὶ</span> <span class='ocrx_word' id='word_1_401' title='bbox 2889 2536 3192 2607; x_wconf 77' lang='grc' dir='ltr'>προστασίᾳ</span> <span class='ocrx_word' id='word_1_402' title='bbox 3218 2534 3532 2606; x_wconf 83' lang='grc' dir='ltr'>διδομένων.</span> 
     </span>
    </p>
   </div>
   <div class='ocr_carea' id='block_1_69' title="bbox 2594 2648 3143 2718">
    <p class='ocr_par' dir='ltr' id='par_1_69' title="bbox 2594 2648 3143 2718">
     <span class='ocr_line' id='line_1_69' title="bbox 2594 2648 3143 2718; baseline -0.002 -16"><span class='ocrx_word' id='word_1_403' title='bbox 2594 2649 2847 2702; x_wconf 80' lang='grc' dir='ltr'>τιτΑοΣ</span> <span class='ocrx_word' id='word_1_404' title='bbox 2886 2648 2998 2718; x_wconf 73' lang='grc'>(5).</span> <span class='ocrx_word' id='word_1_405' title='bbox 3033 2685 3048 2702; x_wconf 94' lang='grc'>.</span> <span class='ocrx_word' id='word_1_406' title='bbox 3080 2687 3093 2702; x_wconf 93' lang='grc'>.</span> <span class='ocrx_word' id='word_1_407' title='bbox 3129 2686 3143 2701; x_wconf 94' lang='grc'><strong>.</strong></span> 
     </span>
    </p>
   </div>
   <div class='ocr_carea' id='block_1_70' title="bbox 2473 2761 3258 2834">
    <p class='ocr_par' dir='ltr' id='par_1_70' title="bbox 2473 2761 3258 2834">
     <span class='ocr_line' id='line_1_70' title="bbox 2473 2761 3258 2834; baseline -0.003 -15"><span class='ocrx_word' id='word_1_408' title='bbox 2473 2763 2612 2834; x_wconf 76' lang='grc' dir='ltr'>Περὶ</span> <span class='ocrx_word' id='word_1_409' title='bbox 2646 2761 2943 2834; x_wconf 80' lang='grc' dir='ltr'>μερισμοῦ</span> <span class='ocrx_word' id='word_1_410' title='bbox 2988 2763 3258 2818; x_wconf 75' lang='grc' dir='ltr'>σκύλων.</span> 
     </span>
    </p>
   </div>
   <div class='ocr_carea' id='block_1_71' title="bbox 2154 2874 3672 2953">
    <p class='ocr_par' dir='ltr' id='par_1_71' title="bbox 2154 2874 3672 2953">
     <span class='ocr_line' id='line_1_71' title="bbox 2154 2874 3672 2953; baseline -0.007 -17"><span class='ocrx_word' id='word_1_411' title='bbox 2154 2880 2225 2938; x_wconf 83' lang='grc' dir='ltr'><strong>α’.</strong></span> <span class='ocrx_word' id='word_1_412' title='bbox 2265 2882 2412 2946; x_wconf 72' lang='grc' dir='ltr'>Τοὺς</span> <span class='ocrx_word' id='word_1_413' title='bbox 2463 2877 2856 2953; x_wconf 81' lang='grc' dir='ltr'>ἐξερχομένους</span> <span class='ocrx_word' id='word_1_414' title='bbox 2897 2878 2978 2940; x_wconf 79' lang='grc' dir='ltr'><strong>είς</strong></span> <span class='ocrx_word' id='word_1_415' title='bbox 3025 2876 3252 2947; x_wconf 73' lang='grc' dir='ltr'>ἐχθροὺς</span> <span class='ocrx_word' id='word_1_416' title='bbox 3298 2875 3391 2928; x_wconf 82' lang='grc' dir='ltr'><strong>ἐπὶ</strong></span> <span class='ocrx_word' id='word_1_417' title='bbox 3424 2874 3672 2946; x_wconf 73' lang='grc' dir='ltr'>πολέμῳ,</span> 
     </span>
    </p>
   </div>
   <div class='ocr_carea' id='block_1_72' title="bbox 2087 2967 3676 3044">
    <p class='ocr_par' dir='ltr' id='par_1_72' title="bbox 2087 2967 3676 3044">
     <span class='ocr_line' id='line_1_72' title="bbox 2087 2967 3676 3044; baseline -0.006 -15"><span class='ocrx_word' id='word_1_418' title='bbox 2087 2973 2322 3044; x_wconf 78' lang='grc' dir='ltr'>φυλάξαι</span> <span class='ocrx_word' id='word_1_419' title='bbox 2357 2972 2438 3025; x_wconf 87' lang='grc' dir='ltr'><strong>δεῖ</strong></span> <span class='ocrx_word' id='word_1_420' title='bbox 2465 2969 2574 3025; x_wconf 81' lang='grc' dir='ltr'>ἀπὸ</span> <span class='ocrx_word' id='word_1_421' title='bbox 2603 2967 2806 3032; x_wconf 78' lang='grc' dir='ltr'>παντὸς</span> <span class='ocrx_word' id='word_1_422' title='bbox 2845 2967 3085 3038; x_wconf 83' lang='grc' dir='ltr'>πονηροῦ</span> <span class='ocrx_word' id='word_1_423' title='bbox 3127 2968 3370 3038; x_wconf 75' lang='grc' dir='ltr'>ῥήματος</span> <span class='ocrx_word' id='word_1_424' title='bbox 3403 2968 3496 3019; x_wconf 73' lang='grc' dir='ltr'><strong>καὶ</strong></span> <span class='ocrx_word' id='word_1_425' title='bbox 3533 2968 3676 3036; x_wconf 83' lang='grc' dir='ltr'>πρά·</span> 
     </span>
    </p>
   </div>
   <div class='ocr_carea' id='block_1_73' title="bbox 2087 3057 3676 3137">
    <p class='ocr_par' dir='ltr' id='par_1_73' title="bbox 2087 3057 3676 3137">
     <span class='ocr_line' id='line_1_73' title="bbox 2087 3057 3676 3137; baseline -0.006 -17"><span class='ocrx_word' id='word_1_426' title='bbox 2087 3081 2322 3137; x_wconf 88' lang='grc' dir='ltr'>γματος,</span> <span class='ocrx_word' id='word_1_427' title='bbox 2369 3063 2464 3116; x_wconf 80' lang='grc' dir='ltr'>καὶ</span> <span class='ocrx_word' id='word_1_428' title='bbox 2511 3061 2649 3133; x_wconf 77' lang='grc' dir='ltr'>πρὸς</span> <span class='ocrx_word' id='word_1_429' title='bbox 2699 3059 2859 3131; x_wconf 86' lang='grc' dir='ltr'>μόνον</span> <span class='ocrx_word' id='word_1_430' title='bbox 2892 3058 2984 3112; x_wconf 77' lang='grc' dir='ltr'><strong>τὸν</strong></span> <span class='ocrx_word' id='word_1_431' title='bbox 3038 3058 3170 3112; x_wconf 81' lang='grc' dir='ltr'>Θεὸν</span> <span class='ocrx_word' id='word_1_432' title='bbox 3194 3058 3285 3111; x_wconf 75' lang='grc' dir='ltr'>τὸν</span> <span class='ocrx_word' id='word_1_433' title='bbox 3339 3057 3463 3112; x_wconf 88' lang='grc' dir='ltr'>νοῦν</span> <span class='ocrx_word' id='word_1_434' title='bbox 3494 3059 3676 3112; x_wconf 82' lang='grc' dir='ltr'>αὐτῶν</span> 
     </span>
    </p>
   </div>
   <div class='ocr_carea' id='block_1_74' title="bbox 2083 3151 3678 3229">
    <p class='ocr_par' dir='ltr' id='par_1_74' title="bbox 2083 3151 3678 3229">
     <span class='ocr_line' id='line_1_74' title="bbox 2083 3151 3678 3229; baseline -0.005 -17"><span class='ocrx_word' id='word_1_435' title='bbox 2083 3159 2228 3229; x_wconf 80' lang='grc' dir='ltr'>ἔχειν</span> <span class='ocrx_word' id='word_1_436' title='bbox 2262 3156 2359 3211; x_wconf 73' lang='grc' dir='ltr'>καὶ</span> <span class='ocrx_word' id='word_1_437' title='bbox 2385 3155 2484 3226; x_wconf 85' lang='grc' dir='ltr'><strong>τὴν</strong></span> <span class='ocrx_word' id='word_1_438' title='bbox 2525 3155 2730 3224; x_wconf 79' lang='grc' dir='ltr'>δέησιν,</span> <span class='ocrx_word' id='word_1_439' title='bbox 2766 3154 2862 3206; x_wconf 62' lang='grc' dir='ltr'><strong>καὶ⁹</strong></span> <span class='ocrx_word' id='word_1_440' title='bbox 2893 3153 3032 3223; x_wconf 77' lang='grc' dir='ltr'>μετὰ</span> <span class='ocrx_word' id='word_1_441' title='bbox 3089 3151 3419 3220; x_wconf 87' lang='grc' dir='ltr'>συμϐουλίας</span> <span class='ocrx_word' id='word_1_442' title='bbox 3451 3152 3678 3221; x_wconf 83' lang='grc' dir='ltr'>ποιῆσαι</span> 
     </span>
    </p>
   </div>
   <div class='ocr_carea' id='block_1_75' title="bbox 2086 3241 3672 3316">
    <p class='ocr_par' dir='ltr' id='par_1_75' title="bbox 2086 3241 3672 3316">
     <span class='ocr_line' id='line_1_75' title="bbox 2086 3241 3672 3316; baseline -0.004 -14"><span class='ocrx_word' id='word_1_443' title='bbox 2086 3249 2181 3302; x_wconf 78' lang='grc' dir='ltr'>τὸν</span> <span class='ocrx_word' id='word_1_444' title='bbox 2227 3246 2490 3316; x_wconf 83' lang='grc' dir='ltr'>πόλεμον.</span> <span class='ocrx_word' id='word_1_445' title='bbox 2549 3244 2781 3314; x_wconf 75' lang='grc' dir='ltr'>Βοήθεια</span> <span class='ocrx_word' id='word_1_446' title='bbox 2834 3243 2944 3314; x_wconf 84' lang='grc' dir='ltr'><strong>γὰρ</strong></span> <span class='ocrx_word' id='word_1_447' title='bbox 2991 3241 3056 3296; x_wconf 79' lang='grc' dir='ltr'>ἐκ</span> <span class='ocrx_word' id='word_1_448' title='bbox 3103 3241 3243 3294; x_wconf 87' lang='grc' dir='ltr'>Θεοῦ</span> <span class='ocrx_word' id='word_1_449' title='bbox 3295 3242 3499 3295; x_wconf 84' lang='grc' dir='ltr'>δίδοται</span> <span class='ocrx_word' id='word_1_450' title='bbox 3537 3243 3672 3311; x_wconf 73' lang='grc' dir='ltr'>μετὰ</span> 
     </span>
    </p>
   </div>
   <div class='ocr_carea' id='block_1_76' title="bbox 2088 3333 3673 3413">
    <p class='ocr_par' dir='ltr' id='par_1_76' title="bbox 2088 3333 3673 3413">
     <span class='ocr_line' id='line_1_76' title="bbox 2088 3333 3673 3413; baseline -0.005 -17"><span class='ocrx_word' id='word_1_451' title='bbox 2088 3339 2317 3413; x_wconf 81' lang='grc' dir='ltr'>καρδίας</span> <span class='ocrx_word' id='word_1_452' title='bbox 2400 3336 2781 3409; x_wconf 78' lang='grc' dir='ltr'>βουλευτικῆς.</span> <span class='ocrx_word' id='word_1_453' title='bbox 2849 3335 2966 3390; x_wconf 80' lang='grc' dir='ltr'><strong>Οὐκ</strong></span> <span class='ocrx_word' id='word_1_454' title='bbox 3021 3337 3078 3388; x_wconf 76' lang='grc' dir='ltr'>ἐν</span> <span class='ocrx_word' id='word_1_455' title='bbox 3106 3333 3304 3403; x_wconf 85' lang='grc' dir='ltr'>πλήθει</span> <span class='ocrx_word' id='word_1_456' title='bbox 3355 3335 3463 3405; x_wconf 82' lang='grc' dir='ltr'><strong>γὰρ</strong></span> <span class='ocrx_word' id='word_1_457' title='bbox 3517 3335 3673 3388; x_wconf 85' lang='grc' dir='ltr'>δυνά-</span> 
     </span>
    </p>
   </div>
   <div class='ocr_carea' id='block_1_77' title="bbox 2090 3425 3676 3504">
    <p class='ocr_par' dir='ltr' id='par_1_77' title="bbox 2090 3425 3676 3504">
     <span class='ocr_line' id='line_1_77' title="bbox 2090 3425 3676 3504; baseline -0.005 -16"><span class='ocrx_word' id='word_1_458' title='bbox 2090 3451 2240 3504; x_wconf 84' lang='grc' dir='ltr'>μεως</span> <span class='ocrx_word' id='word_1_459' title='bbox 2321 3429 2446 3502; x_wconf 84' lang='grc' dir='ltr'>νίκη</span> <span class='ocrx_word' id='word_1_460' title='bbox 2516 3430 2778 3500; x_wconf 82' lang='grc' dir='ltr'>πολέμου,</span> <span class='ocrx_word' id='word_1_461' title='bbox 2838 3427 2968 3481; x_wconf 83' lang='grc' dir='ltr'>ἀλλ’</span> <span class='ocrx_word' id='word_1_462' title='bbox 3007 3427 3073 3480; x_wconf 83' lang='grc' dir='ltr'>ὲκ</span> <span class='ocrx_word' id='word_1_463' title='bbox 3136 3425 3270 3479; x_wconf 83' lang='grc' dir='ltr'>Θεοῦ</span> <span class='ocrx_word' id='word_1_464' title='bbox 3347 3426 3676 3496; x_wconf 81' lang='grc' dir='ltr'>παρέχοντος</span> 
     </span>
    </p>
   </div>
   <div class='ocr_carea' id='block_1_78' title="bbox 2093 3524 2273 3594">
    <p class='ocr_par' dir='ltr' id='par_1_78' title="bbox 2093 3524 2273 3594">
     <span class='ocr_line' id='line_1_78' title="bbox 2093 3524 2273 3594; baseline -0.006 -16"><span class='ocrx_word' id='word_1_465' title='bbox 2093 3524 2273 3594; x_wconf 91' lang='grc' dir='ltr'>νίκην.</span> 
     </span>
    </p>
   </div>
   <div class='ocr_carea' id='block_1_79' title="bbox 2163 3609 3674 3688">
    <p class='ocr_par' dir='ltr' id='par_1_79' title="bbox 2163 3609 3674 3688">
     <span class='ocr_line' id='line_1_79' title="bbox 2163 3609 3674 3688; baseline -0.006 -16"><span class='ocrx_word' id='word_1_466' title='bbox 2163 3617 2228 3688; x_wconf 86' lang='grc' dir='ltr'><strong>β’.</strong></span> <span class='ocrx_word' id='word_1_467' title='bbox 2270 3618 2345 3672; x_wconf 82' lang='grc' dir='ltr'>Τὸ</span> <span class='ocrx_word' id='word_1_468' title='bbox 2382 3617 2542 3671; x_wconf 73' lang='grc' dir='ltr'>ἕκτον</span> <span class='ocrx_word' id='word_1_469' title='bbox 2570 3614 2734 3688; x_wconf 81' lang='grc' dir='ltr'>μέρος</span> <span class='ocrx_word' id='word_1_470' title='bbox 2763 3611 3122 3683; x_wconf 79' lang='grc' dir='ltr'>ἁφιεροῦσθαι</span> <span class='ocrx_word' id='word_1_471' title='bbox 3155 3610 3239 3664; x_wconf 85' lang='grc' dir='ltr'>δεῖ</span> <span class='ocrx_word' id='word_1_472' title='bbox 3283 3609 3362 3681; x_wconf 82' lang='grc' dir='ltr'>τῷ</span> <span class='ocrx_word' id='word_1_473' title='bbox 3408 3609 3674 3682; x_wconf 84' lang='grc' dir='ltr'>δημοσίῳ,</span> 
     </span>
    </p>
   </div>
   <div class='ocr_carea' id='block_1_80' title="bbox 2089 3705 3679 3780">
    <p class='ocr_par' dir='ltr' id='par_1_80' title="bbox 2089 3705 3679 3780">
     <span class='ocr_line' id='line_1_80' title="bbox 2089 3705 3679 3780; baseline -0.006 -13"><span class='ocrx_word' id='word_1_474' title='bbox 2089 3715 2185 3767; x_wconf 85' lang='grc' dir='ltr'>καὶ</span> <span class='ocrx_word' id='word_1_475' title='bbox 2228 3713 2290 3768; x_wconf 71' lang='grc' dir='ltr'>τὸ</span> <span class='ocrx_word' id='word_1_476' title='bbox 2335 3712 2523 3767; x_wconf 86' lang='grc' dir='ltr'>λοιπὺν</span> <span class='ocrx_word' id='word_1_477' title='bbox 2581 3715 2690 3766; x_wconf 79' lang='grc' dir='ltr'>πᾶν</span> <span class='ocrx_word' id='word_1_478' title='bbox 2740 3711 2941 3780; x_wconf 84' lang='grc' dir='ltr'>μέτρον</span> <span class='ocrx_word' id='word_1_479' title='bbox 2985 3711 3195 3771; x_wconf 85' lang='grc' dir='ltr'>πάντας</span> <span class='ocrx_word' id='word_1_480' title='bbox 3253 3705 3379 3770; x_wconf 81' lang='grc' dir='ltr'>τοὺς</span> <span class='ocrx_word' id='word_1_481' title='bbox 3427 3706 3587 3769; x_wconf 81' lang='grc' dir='ltr'>λαοὺς</span> <span class='ocrx_word' id='word_1_482' title='bbox 3618 3706 3679 3771; x_wconf 80' lang='grc' dir='ltr'><strong>ἐξ</strong></span> 
     </span>
    </p>
   </div>
   <div class='ocr_carea' id='block_1_81' title="bbox 2091 3799 3678 3875">
    <p class='ocr_par' dir='ltr' id='par_1_81' title="bbox 2091 3799 3678 3875">
     <span class='ocr_line' id='line_1_81' title="bbox 2091 3799 3678 3875; baseline -0.005 -16"><span class='ocrx_word' id='word_1_483' title='bbox 2091 3807 2215 3875; x_wconf 84' lang='grc' dir='ltr'>ῐσης</span> <span class='ocrx_word' id='word_1_484' title='bbox 2271 3805 2369 3858; x_wconf 74' lang='grc' dir='ltr'>καὶ</span> <span class='ocrx_word' id='word_1_485' title='bbox 2401 3807 2486 3858; x_wconf 76' lang='grc' dir='ltr'><strong>ἐπ’</strong></span> <span class='ocrx_word' id='word_1_486' title='bbox 2528 3805 2651 3874; x_wconf 86' lang='grc' dir='ltr'>ίσης</span> <span class='ocrx_word' id='word_1_487' title='bbox 2701 3803 2894 3874; x_wconf 86' lang='grc' dir='ltr'>μοίρας</span> <span class='ocrx_word' id='word_1_488' title='bbox 2944 3800 3289 3874; x_wconf 75' lang='grc' dir='ltr'>μερίζεσθαι,</span> <span class='ocrx_word' id='word_1_489' title='bbox 3338 3800 3429 3853; x_wconf 84' lang='grc' dir='ltr'><strong>τὸν</strong></span> <span class='ocrx_word' id='word_1_490' title='bbox 3481 3799 3678 3869; x_wconf 86' lang='grc' dir='ltr'>μέγαν,</span> 
     </span>
    </p>
   </div>
   <div class='ocr_carea' id='block_1_82' title="bbox 2091 3893 3679 3968">
    <p class='ocr_par' dir='ltr' id='par_1_82' title="bbox 2091 3893 3679 3968">
     <span class='ocr_line' id='line_1_82' title="bbox 2091 3893 3679 3968; baseline -0.005 -17"><span class='ocrx_word' id='word_1_491' title='bbox 2091 3899 2185 3951; x_wconf 71' lang='grc' dir='ltr'><strong>καὶ</strong></span> <span class='ocrx_word' id='word_1_492' title='bbox 2222 3898 2312 3950; x_wconf 82' lang='grc' dir='ltr'><strong>τὸν</strong></span> <span class='ocrx_word' id='word_1_493' title='bbox 2354 3897 2570 3968; x_wconf 82' lang='grc' dir='ltr'>μικρόν.</span> <span class='ocrx_word' id='word_1_494' title='bbox 2633 3897 2820 3967; x_wconf 83' lang='grc' dir='ltr'>Ἀρκεῖ</span> <span class='ocrx_word' id='word_1_495' title='bbox 2851 3895 2960 3965; x_wconf 82' lang='grc' dir='ltr'>γὰρ</span> <span class='ocrx_word' id='word_1_496' title='bbox 2994 3896 3108 3958; x_wconf 84' lang='grc' dir='ltr'>τοῖς</span> <span class='ocrx_word' id='word_1_497' title='bbox 3137 3893 3398 3964; x_wconf 75' lang='grc' dir='ltr'>ἄρχουσιν</span> <span class='ocrx_word' id='word_1_498' title='bbox 3434 3893 3467 3962; x_wconf 82' lang='grc' dir='ltr'>ἡ</span> <span class='ocrx_word' id='word_1_499' title='bbox 3505 3909 3679 3961; x_wconf 72' lang='grc' dir='ltr'>πρεσ-</span> 
     </span>
    </p>
   </div>
   <div class='ocr_carea' id='block_1_83' title="bbox 2092 3986 3678 4063">
    <p class='ocr_par' dir='ltr' id='par_1_83' title="bbox 2092 3986 3678 4063">
     <span class='ocr_line' id='line_1_83' title="bbox 2092 3986 3678 4063; baseline -0.004 -20"><span class='ocrx_word' id='word_1_500' title='bbox 2092 3989 2234 4063; x_wconf 77' lang='grc' dir='ltr'>Θήκη</span> <span class='ocrx_word' id='word_1_501' title='bbox 2269 3991 2378 4044; x_wconf 89' lang='grc' dir='ltr'><strong>τῶν</strong></span> <span class='ocrx_word' id='word_1_502' title='bbox 2431 3991 2608 4061; x_wconf 83' lang='grc' dir='ltr'>ρογῶν</span> <span class='ocrx_word' id='word_1_503' title='bbox 2636 3989 2838 4043; x_wconf 85' lang='grc' dir='ltr'>αὐτῶν.</span> <span class='ocrx_word' id='word_1_504' title='bbox 2905 3989 2969 4042; x_wconf 77' lang='lat' dir='ltr'><strong>Ei</strong></span> <span class='ocrx_word' id='word_1_505' title='bbox 3014 3988 3072 4041; x_wconf 84' lang='grc' dir='ltr'>δὲ</span> <span class='ocrx_word' id='word_1_506' title='bbox 3117 3987 3385 4058; x_wconf 79' lang='grc' dir='ltr'>εύρεθῶσί</span> <span class='ocrx_word' id='word_1_507' title='bbox 3415 4003 3555 4049; x_wconf 67' lang='grc' dir='ltr'>τινες</span> <span class='ocrx_word' id='word_1_508' title='bbox 3610 3986 3678 4038; x_wconf 80' lang='grc' dir='ltr'>ἐκ</span> 
     </span>
    </p>
   </div>
   <div class='ocr_carea' id='block_1_84' title="bbox 2090 4074 3680 4152">
    <p class='ocr_par' dir='ltr' id='par_1_84' title="bbox 2090 4074 3680 4152">
     <span class='ocr_line' id='line_1_84' title="bbox 2090 4074 3680 4152; baseline -0.002 -18"><span class='ocrx_word' id='word_1_509' title='bbox 2090 4074 2200 4136; x_wconf 86' lang='grc' dir='ltr'><strong>τῶν</strong></span> <span class='ocrx_word' id='word_1_510' title='bbox 2225 4081 2406 4135; x_wconf 80' lang='grc' dir='ltr'>αὐτῶν</span> <span class='ocrx_word' id='word_1_511' title='bbox 2464 4080 2742 4151; x_wconf 82' lang='grc' dir='ltr'>ἀρχόντων</span> <span class='ocrx_word' id='word_1_512' title='bbox 2788 4080 3052 4150; x_wconf 82' lang='grc' dir='ltr'>ἀνδρείως</span> <span class='ocrx_word' id='word_1_513' title='bbox 3086 4079 3402 4152; x_wconf 88' lang='grc' dir='ltr'>φερόμενοι,</span> <span class='ocrx_word' id='word_1_514' title='bbox 3443 4080 3471 4132; x_wconf 85' lang='grc' dir='ltr'>ὁ</span> <span class='ocrx_word' id='word_1_515' title='bbox 3528 4079 3680 4149; x_wconf 83' lang='grc' dir='ltr'>εὑρι-</span> 
     </span>
    </p>
   </div>
   <div class='ocr_carea' id='block_1_85' title="bbox 2093 4169 3682 4241">
    <p class='ocr_par' dir='ltr' id='par_1_85' title="bbox 2093 4169 3682 4241">
     <span class='ocr_line' id='line_1_85' title="bbox 2093 4169 3682 4241; baseline -0.002 -16"><span class='ocrx_word' id='word_1_516' title='bbox 2093 4171 2362 4240; x_wconf 76' lang='grc' dir='ltr'>σχόμενος</span> <span class='ocrx_word' id='word_1_517' title='bbox 2400 4171 2702 4241; x_wconf 77' lang='grc' dir='ltr'>στρατηγὸς</span> <span class='ocrx_word' id='word_1_518' title='bbox 2733 4170 2798 4223; x_wconf 81' lang='grc' dir='ltr'>ὲκ</span> <span class='ocrx_word' id='word_1_519' title='bbox 2823 4169 2918 4223; x_wconf 87' lang='grc' dir='ltr'><strong>τοῦ</strong></span> <span class='ocrx_word' id='word_1_520' title='bbox 2949 4169 3242 4240; x_wconf 75' lang='grc' dir='ltr'>εἰρημένου</span> <span class='ocrx_word' id='word_1_521' title='bbox 3270 4169 3431 4223; x_wconf 75' lang='grc' dir='ltr'>ἕκτου</span> <span class='ocrx_word' id='word_1_522' title='bbox 3474 4170 3682 4240; x_wconf 80' lang='grc' dir='ltr'>μέρους</span> 
     </span>
    </p>
   </div>
   <div class='ocr_carea' id='block_1_86' title="bbox 2091 4262 3680 4336">
    <p class='ocr_par' dir='ltr' id='par_1_86' title="bbox 2091 4262 3680 4336">
     <span class='ocr_line' id='line_1_86' title="bbox 2091 4262 3680 4336; baseline 0 -20"><span class='ocrx_word' id='word_1_523' title='bbox 2091 4263 2186 4317; x_wconf 85' lang='grc' dir='ltr'><strong>τοῦ</strong></span> <span class='ocrx_word' id='word_1_524' title='bbox 2236 4262 2498 4335; x_wconf 83' lang='grc' dir='ltr'>δημοσίου</span> <span class='ocrx_word' id='word_1_525' title='bbox 2549 4263 2638 4319; x_wconf 77' lang='grc' dir='ltr'>ἵνα</span> <span class='ocrx_word' id='word_1_526' title='bbox 2690 4263 2971 4336; x_wconf 84' lang='grc' dir='ltr'>παράσχῃ,</span> <span class='ocrx_word' id='word_1_527' title='bbox 3007 4263 3101 4316; x_wconf 72' lang='grc' dir='ltr'>καὶ</span> <span class='ocrx_word' id='word_1_528' title='bbox 3155 4263 3295 4318; x_wconf 85' lang='grc' dir='ltr'>κατὰ</span> <span class='ocrx_word' id='word_1_529' title='bbox 3339 4263 3402 4317; x_wconf 70' lang='grc' dir='ltr'>τὺ</span> <span class='ocrx_word' id='word_1_530' title='bbox 3469 4266 3680 4335; x_wconf 79' lang='grc' dir='ltr'>πρέπον</span> 
     </span>
    </p>
   </div>
   <div class='ocr_carea' id='block_1_87' title="bbox 2096 4353 3682 4428">
    <p class='ocr_par' dir='ltr' id='par_1_87' title="bbox 2096 4353 3682 4428">
     <span class='ocr_line' id='line_1_87' title="bbox 2096 4353 3682 4428; baseline 0 -18"><span class='ocrx_word' id='word_1_531' title='bbox 2096 4357 2446 4428; x_wconf 76' lang='grc' dir='ltr'>συγκροτήσῃ</span> <span class='ocrx_word' id='word_1_532' title='bbox 2480 4355 2696 4419; x_wconf 82' lang='grc' dir='ltr'>αὐτούς.</span> <span class='ocrx_word' id='word_1_533' title='bbox 2747 4356 2907 4408; x_wconf 80' lang='grc' dir='ltr'>Κατὰ</span> <span class='ocrx_word' id='word_1_534' title='bbox 2944 4353 3000 4408; x_wconf 81' lang='grc' dir='ltr'>δὲ</span> <span class='ocrx_word' id='word_1_535' title='bbox 3035 4354 3134 4424; x_wconf 84' lang='grc' dir='ltr'>τὴν</span> <span class='ocrx_word' id='word_1_536' title='bbox 3170 4355 3364 4425; x_wconf 83' lang='grc' dir='ltr'>μερίδα</span> <span class='ocrx_word' id='word_1_537' title='bbox 3395 4357 3491 4409; x_wconf 87' lang='grc' dir='ltr'><strong>τοῦ</strong></span> <span class='ocrx_word' id='word_1_538' title='bbox 3524 4357 3682 4427; x_wconf 83' lang='grc' dir='ltr'>εὑρι-</span> 
     </span>
    </p>
   </div>
   <div class='ocr_carea' id='block_1_88' title="bbox 405 4432 1987 4536">
    <p class='ocr_par' dir='ltr' id='par_1_88' title="bbox 405 4432 1987 4504">
     <span class='ocr_line' id='line_1_88' title="bbox 405 4432 1987 4504; baseline 0.004 -18"><span class='ocrx_word' id='word_1_539' title='bbox 405 4432 489 4486; x_wconf 89' lang='lat' dir='ltr'><strong>nis</strong></span> <span class='ocrx_word' id='word_1_540' title='bbox 518 4445 729 4498; x_wconf 89' lang='lat' dir='ltr'><strong>eorum,</strong></span> <span class='ocrx_word' id='word_1_541' title='bbox 761 4433 854 4503; x_wconf 86' lang='lat' dir='ltr'><strong>qui</strong></span> <span class='ocrx_word' id='word_1_542' title='bbox 899 4450 1093 4504; x_wconf 68' lang='lat' dir='ltr'><strong>pugnae</strong></span> <span class='ocrx_word' id='word_1_543' title='bbox 1141 4435 1435 4504; x_wconf 88' lang='lat' dir='ltr'><strong>intersunt,</strong></span> <span class='ocrx_word' id='word_1_544' title='bbox 1503 4437 1609 4492; x_wconf 90' lang='lat' dir='ltr'><strong>erit</strong></span> <span class='ocrx_word' id='word_1_545' title='bbox 1663 4448 1718 4492; x_wconf 90' lang='lat' dir='ltr'><strong>et</strong></span> <span class='ocrx_word' id='word_1_546' title='bbox 1770 4437 1987 4494; x_wconf 87' lang='lat' dir='ltr'><strong>illorum</strong></span> 
     </span>
    </p>
   </div>
   <div class='ocr_carea' id='block_1_89' title="bbox 2101 4432 3679 4536">
    <p class='ocr_par' dir='ltr' id='par_1_89' title="bbox 2101 4444 3679 4518">
     <span class='ocr_line' id='line_1_89' title="bbox 2101 4444 3679 4518; baseline 0.001 -19"><span class='ocrx_word' id='word_1_547' title='bbox 2101 4447 2366 4517; x_wconf 83' lang='grc' dir='ltr'>σκομένου</span> <span class='ocrx_word' id='word_1_548' title='bbox 2396 4447 2476 4509; x_wconf 82' lang='grc' dir='ltr'><strong>εἰς</strong></span> <span class='ocrx_word' id='word_1_549' title='bbox 2511 4446 2604 4499; x_wconf 78' lang='grc' dir='ltr'><strong>τὸν</strong></span> <span class='ocrx_word' id='word_1_550' title='bbox 2643 4445 2902 4516; x_wconf 86' lang='grc' dir='ltr'>πόλεμον,</span> <span class='ocrx_word' id='word_1_551' title='bbox 2935 4444 3108 4508; x_wconf 76' lang='grc' dir='ltr'>οὕτως</span> <span class='ocrx_word' id='word_1_552' title='bbox 3138 4444 3281 4498; x_wconf 78' lang='grc' dir='ltr'>ἔστω</span> <span class='ocrx_word' id='word_1_553' title='bbox 3311 4447 3407 4499; x_wconf 80' lang='grc' dir='ltr'><strong>καὶ</strong></span> <span class='ocrx_word' id='word_1_554' title='bbox 3450 4448 3482 4515; x_wconf 78' lang='grc' dir='ltr'><strong>ἡ</strong></span> <span class='ocrx_word' id='word_1_555' title='bbox 3519 4447 3679 4518; x_wconf 76' lang='grc' dir='ltr'>μερὶς</span> 
     </span>
    </p>
   </div>
   <div class='ocr_carea' id='block_1_90' title="bbox 404 4527 1992 4603">
    <p class='ocr_par' dir='ltr' id='par_1_90' title="bbox 404 4527 1992 4603">
     <span class='ocr_line' id='line_1_90' title="bbox 404 4527 1992 4603; baseline 0.01 -29"><span class='ocrx_word' id='word_1_556' title='bbox 404 4527 583 4595; x_wconf 75' lang='lat' dir='ltr'><strong>portio</strong></span> <span class='ocrx_word' id='word_1_557' title='bbox 604 4528 694 4597; x_wconf 88' lang='lat' dir='ltr'><strong>qui</strong></span> <span class='ocrx_word' id='word_1_558' title='bbox 729 4529 795 4582; x_wconf 91' lang='lat' dir='ltr'><strong>ad</strong></span> <span class='ocrx_word' id='word_1_559' title='bbox 834 4531 1115 4586; x_wconf 87' lang='lat' dir='ltr'><strong>tuldorum</strong></span> <span class='ocrx_word' id='word_1_560' title='bbox 1147 4533 1265 4587; x_wconf 74' lang='lat' dir='ltr'><strong>sive</strong></span> <span class='ocrx_word' id='word_1_561' title='bbox 1290 4534 1817 4603; x_wconf 61' lang='lat' dir='ltr'><strong>impedimentorum</strong></span> <span class='ocrx_word' id='word_1_562' title='bbox 1864 4547 1992 4590; x_wconf 84' lang='lat' dir='ltr'><strong>cus-</strong></span> 
     </span>
    </p>
   </div>
   <div class='ocr_carea' id='block_1_91' title="bbox 407 4620 1098 4692">
    <p class='ocr_par' dir='ltr' id='par_1_91' title="bbox 407 4620 1098 4692">
     <span class='ocr_line' id='line_1_91' title="bbox 407 4620 1098 4692; baseline 0.01 -21"><span class='ocrx_word' id='word_1_563' title='bbox 407 4620 607 4674; x_wconf 90' lang='lat' dir='ltr'><strong>todiam</strong></span> <span class='ocrx_word' id='word_1_564' title='bbox 639 4622 1098 4692; x_wconf 31' lang='lat' dir='ltr'><strong>sesejconleruut.</strong></span> 
     </span>
    </p>
   </div>
   <div class='ocr_carea' id='block_1_92' title="bbox 969 4755 1418 4812">
    <p class='ocr_par' dir='ltr' id='par_1_92' title="bbox 969 4755 1418 4812">
     <span class='ocr_line' id='line_1_92' title="bbox 969 4755 1418 4812; baseline 0 -2"><span class='ocrx_word' id='word_1_565' title='bbox 969 4755 1293 4812; x_wconf 86' lang='lat' dir='ltr'><strong>TITULUS.</strong></span> <span class='ocrx_word' id='word_1_566' title='bbox 1315 4795 1330 4810; x_wconf 91' lang='lat'><strong>.</strong></span> <span class='ocrx_word' id='word_1_567' title='bbox 1361 4798 1373 4812; x_wconf 94' lang='lat'><strong>.</strong></span> <span class='ocrx_word' id='word_1_568' title='bbox 1405 4797 1418 4810; x_wconf 93' lang='lat'><strong>.</strong></span> 
     </span>
    </p>
   </div>
   <div class='ocr_carea' id='block_1_93' title="bbox 407 4892 1989 4964">
    <p class='ocr_par' dir='ltr' id='par_1_93' title="bbox 407 4892 1989 4964">
     <span class='ocr_line' id='line_1_93' title="bbox 407 4892 1989 4964; baseline 0.004 -17"><span class='ocrx_word' id='word_1_569' title='bbox 407 4893 497 4964; x_wconf 69' lang='lat' dir='ltr'><strong>De</strong></span> <span class='ocrx_word' id='word_1_570' title='bbox 545 4892 832 4953; x_wconf 79' lang='lat' dir='ltr'><strong>militibus,</strong></span> <span class='ocrx_word' id='word_1_571' title='bbox 870 4895 962 4964; x_wconf 85' lang='lat' dir='ltr'><strong>qui</strong></span> <span class='ocrx_word' id='word_1_572' title='bbox 991 4895 1172 4964; x_wconf 79' lang='lat' dir='ltr'><strong>generi</strong></span> <span class='ocrx_word' id='word_1_573' title='bbox 1204 4906 1350 4961; x_wconf 84' lang='lat' dir='ltr'><strong>sunt,</strong></span> <span class='ocrx_word' id='word_1_574' title='bbox 1373 4907 1423 4950; x_wconf 81' lang='lat' dir='ltr'><strong>et</strong></span> <span class='ocrx_word' id='word_1_575' title='bbox 1471 4913 1774 4952; x_wconf 84' lang='lat' dir='ltr'><strong>socerorum</strong></span> <span class='ocrx_word' id='word_1_576' title='bbox 1805 4897 1989 4953; x_wconf 85' lang='lat' dir='ltr'><strong>domos</strong></span> 
     </span>
    </p>
   </div>
   <div class='ocr_carea' id='block_1_94' title="bbox 477 4962 1995 5034">
    <p class='ocr_par' dir='ltr' id='par_1_94' title="bbox 477 4962 1995 5034">
     <span class='ocr_line' id='line_1_94' title="bbox 477 4962 1995 5034; baseline 0.005 -19"><span class='ocrx_word' id='word_1_577' title='bbox 477 4962 951 5032; x_wconf 57' lang='lat' dir='ltr'><strong>ingrediuntur,“</strong></span> <span class='ocrx_word' id='word_1_578' title='bbox 993 4962 1225 5024; x_wconf 71' lang='lat' dir='ltr'><strong>inferunt</strong></span> <span class='ocrx_word' id='word_1_579' title='bbox 1269 4969 1541 5031; x_wconf 80' lang='lat' dir='ltr'><strong>stipendia</strong></span> <span class='ocrx_word' id='word_1_580' title='bbox 1584 4984 1704 5034; x_wconf 87' lang='lat' dir='ltr'><strong>sua,</strong></span> <span class='ocrx_word' id='word_1_581' title='bbox 1758 4969 1995 5022; x_wconf 73' lang='lat' dir='ltr'><strong>labores-</strong></span> 
     </span>
    </p>
   </div>
   <div class='ocr_carea' id='block_1_95' title="bbox 481 5035 893 5104">
    <p class='ocr_par' dir='ltr' id='par_1_95' title="bbox 481 5035 893 5104">
     <span class='ocr_line' id='line_1_95' title="bbox 481 5035 893 5104; baseline 0 -18"><span class='ocrx_word' id='word_1_582' title='bbox 481 5051 584 5104; x_wconf 84' lang='lat' dir='ltr'><strong>que</strong></span> <span class='ocrx_word' id='word_1_583' title='bbox 612 5035 893 5087; x_wconf 80' lang='lat' dir='ltr'><strong>sustinent.</strong></span> 
     </span>
    </p>
   </div>
   <div class='ocr_carea' id='block_1_96' title="bbox 480 5145 1995 5219">
    <p class='ocr_par' dir='ltr' id='par_1_96' title="bbox 480 5145 1995 5219">
     <span class='ocr_line' id='line_1_96' title="bbox 480 5145 1995 5219; baseline 0.005 -21"><span class='ocrx_word' id='word_1_584' title='bbox 480 5145 802 5200; x_wconf 88' lang='lat' dir='ltr'><strong>Statuerunt</strong></span> <span class='ocrx_word' id='word_1_585' title='bbox 840 5145 914 5216; x_wconf 91' lang='lat' dir='ltr'><strong>pii</strong></span> <span class='ocrx_word' id='word_1_586' title='bbox 967 5155 1023 5202; x_wconf 92' lang='lat' dir='ltr'><strong>et</strong></span> <span class='ocrx_word' id='word_1_587' title='bbox 1064 5157 1316 5203; x_wconf 87' lang='lat' dir='ltr'><strong>amantes</strong></span> <span class='ocrx_word' id='word_1_588' title='bbox 1355 5147 1579 5219; x_wconf 72' lang='lat' dir='ltr'><strong>justitia:</strong></span> <span class='ocrx_word' id='word_1_589' title='bbox 1633 5147 1995 5219; x_wconf 82' lang='lat' dir='ltr'><strong>imperatores</strong></span> 
     </span>
    </p>
   </div>
   <div class='ocr_carea' id='block_1_97' title="bbox 410 5239 1995 5313">
    <p class='ocr_par' dir='ltr' id='par_1_97' title="bbox 410 5239 1995 5313">
     <span class='ocr_line' id='line_1_97' title="bbox 410 5239 1995 5313; baseline 0.003 -19"><span class='ocrx_word' id='word_1_590' title='bbox 410 5239 606 5302; x_wconf 89' lang='lat' dir='ltr'><strong>nostri,</strong></span> <span class='ocrx_word' id='word_1_591' title='bbox 633 5239 790 5309; x_wconf 77' lang='lat' dir='ltr'><strong>juxta</strong></span> <span class='ocrx_word' id='word_1_592' title='bbox 821 5239 1102 5311; x_wconf 79' lang='lat' dir='ltr'><strong>religiosas</strong></span> <span class='ocrx_word' id='word_1_593' title='bbox 1131 5241 1301 5311; x_wconf 77' lang='lat' dir='ltr'><strong>leges,</strong></span> <span class='ocrx_word' id='word_1_594' title='bbox 1357 5251 1418 5296; x_wconf 89' lang='lat' dir='ltr'><strong>ut</strong></span> <span class='ocrx_word' id='word_1_595' title='bbox 1471 5257 1660 5297; x_wconf 91' lang='lat' dir='ltr'><strong>omnes</strong></span> <span class='ocrx_word' id='word_1_596' title='bbox 1708 5243 1833 5313; x_wconf 84' lang='lat' dir='ltr'><strong>quis</strong></span> <span class='ocrx_word' id='word_1_597' title='bbox 1876 5258 1995 5312; x_wconf 87' lang='lat' dir='ltr'><strong>spe-</strong></span> 
     </span>
    </p>
   </div>
   <div class='ocr_carea' id='block_1_98' title="bbox 411 5331 1998 5403">
    <p class='ocr_par' dir='ltr' id='par_1_98' title="bbox 411 5331 1998 5403">
     <span class='ocr_line' id='line_1_98' title="bbox 411 5331 1998 5403; baseline 0.002 -17"><span class='ocrx_word' id='word_1_598' title='bbox 411 5331 524 5387; x_wconf 85' lang='lat' dir='ltr'><strong>cies</strong></span> <span class='ocrx_word' id='word_1_599' title='bbox 551 5339 606 5386; x_wconf 89' lang='lat' dir='ltr'><strong>et</strong></span> <span class='ocrx_word' id='word_1_600' title='bbox 627 5346 735 5396; x_wconf 88' lang='lat' dir='ltr'><strong>res,</strong></span> <span class='ocrx_word' id='word_1_601' title='bbox 764 5346 900 5401; x_wconf 90' lang='lat' dir='ltr'><strong>quas</strong></span> <span class='ocrx_word' id='word_1_602' title='bbox 931 5334 983 5387; x_wconf 89' lang='lat' dir='ltr'><strong>in</strong></span> <span class='ocrx_word' id='word_1_603' title='bbox 1009 5332 1274 5403; x_wconf 84' lang='lat' dir='ltr'><strong>ejusmodi</strong></span> <span class='ocrx_word' id='word_1_604' title='bbox 1299 5333 1520 5389; x_wconf 90' lang='lat' dir='ltr'><strong>domum</strong></span> <span class='ocrx_word' id='word_1_605' title='bbox 1548 5333 1748 5400; x_wconf 83' lang='lat' dir='ltr'><strong>intulit,</strong></span> <span class='ocrx_word' id='word_1_606' title='bbox 1795 5335 1873 5390; x_wconf 91' lang='lat' dir='ltr'><strong>sic</strong></span> <span class='ocrx_word' id='word_1_607' title='bbox 1902 5353 1998 5389; x_wconf 85' lang='lat' dir='ltr'><strong>au-</strong></span> 
     </span>
    </p>
   </div>
   <div class='ocr_carea' id='block_1_99' title="bbox 411 5422 1998 5497">
    <p class='ocr_par' dir='ltr' id='par_1_99' title="bbox 411 5422 1998 5497">
     <span class='ocr_line' id='line_1_99' title="bbox 411 5422 1998 5497; baseline 0.004 -20"><span class='ocrx_word' id='word_1_608' title='bbox 411 5422 572 5488; x_wconf 80' lang='lat' dir='ltr'><strong>ferat,</strong></span> <span class='ocrx_word' id='word_1_609' title='bbox 599 5423 806 5479; x_wconf 80' lang='lat' dir='ltr'><strong>utniltil</strong></span> <span class='ocrx_word' id='word_1_610' title='bbox 846 5425 1004 5480; x_wconf 77' lang='lat' dir='ltr'><strong>exiis</strong></span> <span class='ocrx_word' id='word_1_611' title='bbox 1028 5426 1169 5482; x_wconf 88' lang='lat' dir='ltr'><strong>desit</strong></span> <span class='ocrx_word' id='word_1_612' title='bbox 1201 5442 1214 5491; x_wconf 92' lang='lat'><strong>;</strong></span> <span class='ocrx_word' id='word_1_613' title='bbox 1255 5435 1366 5479; x_wconf 92' lang='lat' dir='ltr'><strong>tum</strong></span> <span class='ocrx_word' id='word_1_614' title='bbox 1397 5427 1655 5497; x_wconf 88' lang='lat' dir='ltr'><strong>quidquid</strong></span> <span class='ocrx_word' id='word_1_615' title='bbox 1699 5443 1820 5482; x_wconf 89' lang='lat' dir='ltr'><strong>eam</strong></span> <span class='ocrx_word' id='word_1_616' title='bbox 1868 5444 1998 5483; x_wconf 87' lang='lat' dir='ltr'><strong>cou-</strong></span> 
     </span>
    </p>
   </div>
   <div class='ocr_carea' id='block_1_100' title="bbox 411 5515 1998 5589">
    <p class='ocr_par' dir='ltr' id='par_1_100' title="bbox 411 5515 1998 5589">
     <span class='ocr_line' id='line_1_100' title="bbox 411 5515 1998 5589; baseline 0.001 -19"><span class='ocrx_word' id='word_1_617' title='bbox 411 5515 701 5571; x_wconf 82' lang='lat' dir='ltr'><strong>stileritex</strong></span> <span class='ocrx_word' id='word_1_618' title='bbox 742 5517 1121 5587; x_wconf 78' lang='lat' dir='ltr'><strong>largitionibus</strong></span> <span class='ocrx_word' id='word_1_619' title='bbox 1149 5517 1535 5587; x_wconf 85' lang='lat' dir='ltr'><strong>imperatoriis,</strong></span> <span class='ocrx_word' id='word_1_620' title='bbox 1578 5528 1632 5573; x_wconf 91' lang='lat' dir='ltr'><strong>et</strong></span> <span class='ocrx_word' id='word_1_621' title='bbox 1673 5517 1849 5589; x_wconf 78' lang='lat' dir='ltr'><strong>gladio</strong></span> <span class='ocrx_word' id='word_1_622' title='bbox 1900 5536 1998 5574; x_wconf 90' lang='lat' dir='ltr'><strong>suo</strong></span> 
     </span>
    </p>
   </div>
   <div class='ocr_carea' id='block_1_101' title="bbox 491 5694 1118 5762">
    <p class='ocr_par' dir='ltr' id='par_1_101' title="bbox 491 5694 1118 5762">
     <span class='ocr_line' id='line_1_101' title="bbox 491 5694 1118 5762; baseline 0.006 -16"><span class='ocrx_word' id='word_1_623' title='bbox 491 5694 568 5762; x_wconf 72' lang='grc' dir='ltr'><strong>(ι)</strong></span> <span class='ocrx_word' id='word_1_624' title='bbox 603 5695 662 5748; x_wconf 87' lang='lat' dir='ltr'><strong>ld</strong></span> <span class='ocrx_word' id='word_1_625' title='bbox 693 5707 796 5759; x_wconf 89' lang='lat' dir='ltr'><strong>est,</strong></span> <span class='ocrx_word' id='word_1_626' title='bbox 828 5694 1118 5750; x_wconf 87' lang='lat' dir='ltr'><strong>cadavera.</strong></span> 
     </span>
    </p>
   </div>
   <div class='ocr_carea' id='block_1_102' title="bbox 484 5765 1998 5838">
    <p class='ocr_par' dir='ltr' id='par_1_102' title="bbox 484 5765 1998 5838">
     <span class='ocr_line' id='line_1_102' title="bbox 484 5765 1998 5838; baseline 0.006 -21"><span class='ocrx_word' id='word_1_627' title='bbox 484 5765 566 5838; x_wconf 80' lang='lat'><strong>(5)</strong></span> <span class='ocrx_word' id='word_1_628' title='bbox 618 5765 886 5821; x_wconf 88' lang='lat' dir='ltr'><strong>Incertum</strong></span> <span class='ocrx_word' id='word_1_629' title='bbox 923 5765 1082 5836; x_wconf 88' lang='lat' dir='ltr'><strong>cujus</strong></span> <span class='ocrx_word' id='word_1_630' title='bbox 1129 5766 1306 5835; x_wconf 87' lang='lat' dir='ltr'><strong>operis</strong></span> <span class='ocrx_word' id='word_1_631' title='bbox 1346 5767 1445 5824; x_wconf 82' lang='lat' dir='ltr'><strong>hoc</strong></span> <span class='ocrx_word' id='word_1_632' title='bbox 1497 5767 1856 5836; x_wconf 78' lang='lat' dir='ltr'><strong>fragmentum</strong></span> <span class='ocrx_word' id='word_1_633' title='bbox 1901 5769 1998 5826; x_wconf 87' lang='lat' dir='ltr'><strong>sit.</strong></span> 
     </span>
    </p>
   </div>
   <div class='ocr_carea' id='block_1_103' title="bbox 2015 5849 2024 5870">
    <p class='ocr_par' dir='ltr' id='par_1_103' title="bbox 2015 5849 2024 5870">
     <span class='ocr_line' id='line_1_103' title="bbox 2015 5849 2024 5870; baseline 0 0"><span class='ocrx_word' id='word_1_634' title='bbox 2015 5849 2024 5870; x_wconf 67' lang='grc' dir='ltr'><strong>ι</strong></span> 
     </span>
    </p>
   </div>
   <div class='ocr_carea' id='block_1_104' title="bbox 2094 4536 3496 4612">
    <p class='ocr_par' dir='ltr' id='par_1_104' title="bbox 2094 4536 3496 4612">
     <span class='ocr_line' id='line_1_104' title="bbox 2094 4536 3496 4612; baseline 0.001 -19"><span class='ocrx_word' id='word_1_635' title='bbox 2094 4539 2204 4593; x_wconf 86' lang='grc' dir='ltr'><strong>τῶν</strong></span> <span class='ocrx_word' id='word_1_636' title='bbox 2238 4541 2296 4592; x_wconf 80' lang='grc' dir='ltr'>ὲν</span> <span class='ocrx_word' id='word_1_637' title='bbox 2319 4540 2429 4602; x_wconf 86' lang='grc' dir='ltr'>τοῖς</span> <span class='ocrx_word' id='word_1_638' title='bbox 2470 4538 2724 4602; x_wconf 84' lang='grc' dir='ltr'>τουῖδίοις</span> <span class='ocrx_word' id='word_1_639' title='bbox 2763 4536 3050 4611; x_wconf 86' lang='grc' dir='ltr'>[τούλδοις]</span> <span class='ocrx_word' id='word_1_640' title='bbox 3081 4541 3496 4612; x_wconf 83' lang='grc' dir='ltr'>ἀπερχομένων.</span> 
     </span>
    </p>
   </div>
   <div class='ocr_carea' id='block_1_105' title="bbox 2676 4763 3110 4819">
    <p class='ocr_par' dir='ltr' id='par_1_105' title="bbox 2676 4763 3110 4819">
     <span class='ocr_line' id='line_1_105' title="bbox 2676 4763 3110 4819; baseline 0.007 -3"><span class='ocrx_word' id='word_1_641' title='bbox 2676 4763 2926 4817; x_wconf 85' lang='grc' dir='ltr'><strong>ΤΙΤΛΟΣ</strong></span> <span class='ocrx_word' id='word_1_642' title='bbox 2957 4805 2972 4818; x_wconf 91' lang='grc'>.</span> <span class='ocrx_word' id='word_1_643' title='bbox 3003 4805 3014 4819; x_wconf 93' lang='grc'><strong>.</strong></span> <span class='ocrx_word' id='word_1_644' title='bbox 3046 4802 3060 4818; x_wconf 92' lang='grc'><strong>.</strong></span> <span class='ocrx_word' id='word_1_645' title='bbox 3094 4802 3110 4818; x_wconf 90' lang='grc'><strong>.</strong></span> 
     </span>
    </p>
   </div>
   <div class='ocr_carea' id='block_1_106' title="bbox 2095 4895 3685 5023">
    <p class='ocr_par' dir='ltr' id='par_1_106' title="bbox 2095 4895 3685 5023">
     <span class='ocr_line' id='line_1_106' title="bbox 2095 4895 3685 4969; baseline -0.003 -15"><span class='ocrx_word' id='word_1_646' title='bbox 2095 4900 2238 4969; x_wconf 76' lang='grc' dir='ltr'>Περὶ</span> <span class='ocrx_word' id='word_1_647' title='bbox 2293 4897 2566 4969; x_wconf 72' lang='grc' dir='ltr'>γαμϐρῶν</span> <span class='ocrx_word' id='word_1_648' title='bbox 2639 4895 3038 4964; x_wconf 77' lang='grc' dir='ltr'>στρατιωτῶν,</span> <span class='ocrx_word' id='word_1_649' title='bbox 3110 4899 3549 4966; x_wconf 77' lang='grc' dir='ltr'>εὶσερχομενων</span> <span class='ocrx_word' id='word_1_650' title='bbox 3593 4900 3685 4964; x_wconf 81' lang='grc' dir='ltr'><strong>είς</strong></span> 
     </span>
     <span class='ocr_line' id='line_1_107' title="bbox 2173 4966 3683 5023; baseline 0 0"><span class='ocrx_word' id='word_1_651' title='bbox 2173 4972 2400 5023; x_wconf 68' lang='grc' dir='ltr'>οἵκουτ.</span> <span class='ocrx_word' id='word_1_652' title='bbox 2451 4968 2550 5021; x_wconf 80' lang='grc' dir='ltr'>καὶ</span> <span class='ocrx_word' id='word_1_653' title='bbox 2599 4966 3004 5023; x_wconf 72' lang='grc' dir='ltr'>εἰσφερόντων</span> <span class='ocrx_word' id='word_1_654' title='bbox 3059 4968 3166 5023; x_wconf 76' lang='grc' dir='ltr'><strong>τὰς</strong></span> <span class='ocrx_word' id='word_1_655' title='bbox 3218 4969 3406 5023; x_wconf 74' lang='grc' dir='ltr'>ὸόταρ</span> <span class='ocrx_word' id='word_1_656' title='bbox 3458 4968 3683 5023; x_wconf 80' lang='grc' dir='ltr'>αὐτῶν.</span> 
     </span>
    </p>
   </div>
   <div class='ocr_carea' id='block_1_107' title="bbox 2173 4969 3683 5108">
    <p class='ocr_par' dir='ltr' id='par_1_107' title="bbox 2173 4969 3683 5108">
     <span class='ocr_line' id='line_1_108' title="bbox 2173 4969 3683 5037; baseline -0.002 -14"><span class='ocrx_word' id='word_1_657' title='bbox 2173 4972 2400 5034; x_wconf 80' lang='grc' dir='ltr'>οἴκους,</span> <span class='ocrx_word' id='word_1_658' title='bbox 2451 4969 2550 5021; x_wconf 79' lang='grc' dir='ltr'>καὶ</span> <span class='ocrx_word' id='word_1_659' title='bbox 2599 4969 3004 5035; x_wconf 70' lang='grc' dir='ltr'>εἰσφερόντων</span> <span class='ocrx_word' id='word_1_660' title='bbox 3059 4969 3166 5034; x_wconf 85' lang='grc' dir='ltr'>τὰς</span> <span class='ocrx_word' id='word_1_661' title='bbox 3217 4969 3406 5037; x_wconf 77' lang='grc' dir='ltr'>ρόγας</span> <span class='ocrx_word' id='word_1_662' title='bbox 3458 4969 3683 5037; x_wconf 81' lang='grc' dir='ltr'>αὐτῶν,</span> 
     </span>
     <span class='ocr_line' id='line_1_109' title="bbox 2173 5037 3008 5108; baseline -0.006 -13"><span class='ocrx_word' id='word_1_663' title='bbox 2173 5041 2274 5094; x_wconf 77' lang='grc' dir='ltr'><strong>καί</strong></span> <span class='ocrx_word' id='word_1_664' title='bbox 2318 5037 2624 5108; x_wconf 77' lang='grc' dir='ltr'>καμάτους</span> <span class='ocrx_word' id='word_1_665' title='bbox 2651 5037 3008 5090; x_wconf 78' lang='grc' dir='ltr'>ποιούντων.</span> 
     </span>
    </p>
   </div>
   <div class='ocr_carea' id='block_1_108' title="bbox 2179 5147 3686 5222">
    <p class='ocr_par' dir='ltr' id='par_1_108' title="bbox 2179 5147 3686 5222">
     <span class='ocr_line' id='line_1_110' title="bbox 2179 5147 3686 5222; baseline -0.002 -17"><span class='ocrx_word' id='word_1_666' title='bbox 2179 5152 2448 5222; x_wconf 83' lang='grc' dir='ltr'>Ἔκριναν</span> <span class='ocrx_word' id='word_1_667' title='bbox 2480 5151 2527 5204; x_wconf 82' lang='grc' dir='ltr'>οἱ</span> <span class='ocrx_word' id='word_1_668' title='bbox 2559 5149 2808 5211; x_wconf 82' lang='grc' dir='ltr'>εὐσεϐεῖς</span> <span class='ocrx_word' id='word_1_669' title='bbox 2853 5149 2946 5202; x_wconf 72' lang='grc' dir='ltr'>καὶ</span> <span class='ocrx_word' id='word_1_670' title='bbox 2979 5147 3301 5216; x_wconf 87' lang='grc' dir='ltr'>φιλοδικαιοι</span> <span class='ocrx_word' id='word_1_671' title='bbox 3337 5150 3495 5218; x_wconf 83' lang='grc' dir='ltr'>ήμῶν</span> <span class='ocrx_word' id='word_1_672' title='bbox 3527 5148 3686 5219; x_wconf 84' lang='grc' dir='ltr'>βασι-</span> 
     </span>
    </p>
   </div>
   <div class='ocr_carea' id='block_1_109' title="bbox 2103 5240 3689 5314">
    <p class='ocr_par' dir='ltr' id='par_1_109' title="bbox 2103 5240 3689 5314">
     <span class='ocr_line' id='line_1_111' title="bbox 2103 5240 3689 5314; baseline -0.001 -17"><span class='ocrx_word' id='word_1_673' title='bbox 2103 5243 2218 5307; x_wconf 82' lang='grc' dir='ltr'>λεῖς</span> <span class='ocrx_word' id='word_1_674' title='bbox 2247 5242 2388 5298; x_wconf 81' lang='grc' dir='ltr'>κατὰ</span> <span class='ocrx_word' id='word_1_675' title='bbox 2413 5243 2539 5305; x_wconf 80' lang='grc' dir='ltr'>τοὺς</span> <span class='ocrx_word' id='word_1_676' title='bbox 2564 5241 2809 5302; x_wconf 81' lang='grc' dir='ltr'>εὐσεϐεῖς</span> <span class='ocrx_word' id='word_1_677' title='bbox 2837 5240 3055 5310; x_wconf 82' lang='grc' dir='ltr'>νόμους,</span> <span class='ocrx_word' id='word_1_678' title='bbox 3095 5240 3181 5293; x_wconf 78' lang='grc' dir='ltr'>ἵνα</span> <span class='ocrx_word' id='word_1_679' title='bbox 3204 5241 3382 5295; x_wconf 84' lang='grc' dir='ltr'>πάντα</span> <span class='ocrx_word' id='word_1_680' title='bbox 3409 5259 3516 5306; x_wconf 88' lang='grc' dir='ltr'>τις,</span> <span class='ocrx_word' id='word_1_681' title='bbox 3541 5241 3689 5314; x_wconf 72' lang='grc' dir='ltr'>άπερ</span> 
     </span>
    </p>
   </div>
   <div class='ocr_carea' id='block_1_110' title="bbox 2105 5330 3688 5408">
    <p class='ocr_par' dir='ltr' id='par_1_110' title="bbox 2105 5330 3688 5408">
     <span class='ocr_line' id='line_1_112' title="bbox 2105 5330 3688 5408; baseline -0.004 -18"><span class='ocrx_word' id='word_1_682' title='bbox 2105 5337 2400 5408; x_wconf 82' lang='grc' dir='ltr'>εἰσήγαγεν</span> <span class='ocrx_word' id='word_1_683' title='bbox 2439 5334 2554 5404; x_wconf 77' lang='grc' dir='ltr'>εἴδη</span> <span class='ocrx_word' id='word_1_684' title='bbox 2586 5334 2676 5386; x_wconf 75' lang='grc' dir='ltr'><strong>καὶ</strong></span> <span class='ocrx_word' id='word_1_685' title='bbox 2709 5331 3010 5402; x_wconf 82' lang='grc' dir='ltr'>πράγματα</span> <span class='ocrx_word' id='word_1_686' title='bbox 3036 5333 3094 5384; x_wconf 87' lang='grc' dir='ltr'>ὲν</span> <span class='ocrx_word' id='word_1_687' title='bbox 3147 5330 3226 5401; x_wconf 80' lang='grc' dir='ltr'><strong>τῷ</strong></span> <span class='ocrx_word' id='word_1_688' title='bbox 3270 5331 3494 5404; x_wconf 82' lang='grc' dir='ltr'>τοιούτῳ</span> <span class='ocrx_word' id='word_1_689' title='bbox 3527 5331 3688 5403; x_wconf 78' lang='grc' dir='ltr'>οἴκῳ,</span> 
     </span>
    </p>
   </div>
   <div class='ocr_carea' id='block_1_111' title="bbox 2107 5426 3692 5502">
    <p class='ocr_par' dir='ltr' id='par_1_111' title="bbox 2107 5426 3692 5502">
     <span class='ocr_line' id='line_1_113' title="bbox 2107 5426 3692 5502; baseline -0.004 -16"><span class='ocrx_word' id='word_1_690' title='bbox 2107 5432 2286 5502; x_wconf 72' lang='grc' dir='ltr'>ἐπάρῃ</span> <span class='ocrx_word' id='word_1_691' title='bbox 2318 5429 2670 5490; x_wconf 82' lang='grc' dir='ltr'>ἀνελλειπῶς,</span> <span class='ocrx_word' id='word_1_692' title='bbox 2706 5428 2800 5480; x_wconf 72' lang='grc' dir='ltr'>καὶ</span> <span class='ocrx_word' id='word_1_693' title='bbox 2849 5427 3064 5496; x_wconf 82' lang='grc' dir='ltr'>είτιπερ</span> <span class='ocrx_word' id='word_1_694' title='bbox 3095 5428 3239 5497; x_wconf 86' lang='grc' dir='ltr'>φανῇ</span> <span class='ocrx_word' id='word_1_695' title='bbox 3290 5426 3540 5497; x_wconf 77' lang='grc' dir='ltr'>ἐσχηκὼς</span> <span class='ocrx_word' id='word_1_696' title='bbox 3577 5427 3692 5480; x_wconf 85' lang='grc' dir='ltr'>ἀπὸ</span> 
     </span>
    </p>
   </div>
   <div class='ocr_carea' id='block_1_112' title="bbox 2110 5516 3690 5593">
    <p class='ocr_par' dir='ltr' id='par_1_112' title="bbox 2110 5516 3690 5593">
     <span class='ocr_line' id='line_1_114' title="bbox 2110 5516 3690 5593; baseline -0.004 -17"><span class='ocrx_word' id='word_1_697' title='bbox 2110 5521 2403 5593; x_wconf 79' lang='grc' dir='ltr'>βασιλικῶν</span> <span class='ocrx_word' id='word_1_698' title='bbox 2432 5520 2794 5591; x_wconf 80' lang='grc' dir='ltr'>δωρημάτων,</span> <span class='ocrx_word' id='word_1_699' title='bbox 2842 5518 2938 5571; x_wconf 70' lang='grc' dir='ltr'><strong>καὶ</strong></span> <span class='ocrx_word' id='word_1_700' title='bbox 2993 5519 3056 5571; x_wconf 84' lang='grc' dir='ltr'><strong>ἐκ</strong></span> <span class='ocrx_word' id='word_1_701' title='bbox 3099 5516 3194 5569; x_wconf 84' lang='grc' dir='ltr'><strong>τοῦ</strong></span> <span class='ocrx_word' id='word_1_702' title='bbox 3222 5518 3454 5572; x_wconf 80' lang='grc' dir='ltr'>σπαθίου</span> <span class='ocrx_word' id='word_1_703' title='bbox 3496 5518 3690 5583; x_wconf 80' lang='grc' dir='ltr'>αὑτοῦ,</span> 
     </span>
    </p>
   </div>
   <div class='ocr_carea' id='block_1_113' title="bbox 2114 5696 3685 5767">
    <p class='ocr_par' dir='ltr' id='par_1_113' title="bbox 2114 5696 3685 5767">
     <span class='ocr_line' id='line_1_115' title="bbox 2114 5696 3685 5767; baseline -0.001 -13"><span class='ocrx_word' id='word_1_704' title='bbox 2114 5699 2378 5754; x_wconf 83' lang='lat' dir='ltr'><strong>Dili&#39;erunt</strong></span> <span class='ocrx_word' id='word_1_705' title='bbox 2410 5699 2524 5751; x_wconf 81' lang='lat' dir='ltr'><strong>haec</strong></span> <span class='ocrx_word' id='word_1_706' title='bbox 2557 5697 2776 5767; x_wconf 77' lang='lat' dir='ltr'><strong>quidem</strong></span> <span class='ocrx_word' id='word_1_707' title='bbox 2814 5698 2880 5750; x_wconf 83' lang='lat' dir='ltr'><strong>ab</strong></span> <span class='ocrx_word' id='word_1_708' title='bbox 2939 5697 3020 5760; x_wconf 80' lang='lat' dir='ltr'><strong>iis,</strong></span> <span class='ocrx_word' id='word_1_709' title='bbox 3056 5711 3174 5766; x_wconf 64' lang='lat' dir='ltr'><strong>qua“:</strong></span> <span class='ocrx_word' id='word_1_710' title='bbox 3213 5696 3368 5750; x_wconf 89' lang='lat' dir='ltr'><strong>titulo</strong></span> <span class='ocrx_word' id='word_1_711' title='bbox 3397 5696 3508 5752; x_wconf 78' lang='lat' dir='ltr'><strong>LVI</strong></span> <span class='ocrx_word' id='word_1_712' title='bbox 3541 5697 3685 5762; x_wconf 77' lang='lat' dir='ltr'><strong>libri,</strong></span> 
     </span>
    </p>
   </div>
   <div class='ocr_carea' id='block_1_114' title="bbox 2109 5767 3432 5839">
    <p class='ocr_par' dir='ltr' id='par_1_114' title="bbox 2109 5767 3432 5839">
     <span class='ocr_line' id='line_1_116' title="bbox 2109 5767 3432 5839; baseline -0.001 -15"><span class='ocrx_word' id='word_1_713' title='bbox 2109 5770 2262 5838; x_wconf 86' lang='lat' dir='ltr'><strong>cujus</strong></span> <span class='ocrx_word' id='word_1_714' title='bbox 2287 5780 2342 5826; x_wconf 81' lang='lat' dir='ltr'><strong>et</strong></span> <span class='ocrx_word' id='word_1_715' title='bbox 2373 5769 2508 5824; x_wconf 89' lang='lat' dir='ltr'><strong>alios</strong></span> <span class='ocrx_word' id='word_1_716' title='bbox 2540 5769 2627 5824; x_wconf 84' lang='lat' dir='ltr'><strong>hic</strong></span> <span class='ocrx_word' id='word_1_717' title='bbox 2660 5769 2844 5824; x_wconf 87' lang='lat' dir='ltr'><strong>titulos</strong></span> <span class='ocrx_word' id='word_1_718' title='bbox 2864 5768 3131 5832; x_wconf 87' lang='lat' dir='ltr'><strong>dedimus,</strong></span> <span class='ocrx_word' id='word_1_719' title='bbox 3163 5767 3432 5839; x_wconf 75' lang='lat' dir='ltr'><strong>leguntur.</strong></span> 
     </span>
    </p>
   </div>
  </div>
