4050 6414
336 329 450 402 553

1434 341 1796 406 NOVELIJE
1834 336 2507 407 CONSTITUTIONES.

3495 343 3599 409 554

336 448 555 516 γενείας
588 447 933 520 διῃρημένως
963 451 995 522 ἢ
1029 453 1371 524 ἀδιαιρέτως,
1421 459 1454 526 ἥ
1503 457 1577 520 ὼς
1617 459 1680 512 ὲκ
1732 459 1910 528 κοινῆς

2023 457 2194 512 divise
2225 458 2307 511 vel
2339 457 2588 522 indivise,
2625 454 2708 509 vel
2749 461 3005 525 tauquam
3031 467 3096 510 ex
3134 457 3406 526 emptione
3447 477 3600 517 com-

331 538 641 608 ἀγορασίας
674 538 709 608 ἢ
761 539 928 609 ἄλλης
973 546 1388 614 τοιουτοτρόπου
1442 550 1710 617 κτήσεως,
1775 549 1806 619 ἢ
1869 551 1917 602 οἱ

331 628 442 696 μὲν
474 629 539 680 ὲκ
569 629 913 695 συγγενείας,
936 633 985 683 οἱ
1032 632 1088 684 δὲ
1121 634 1178 698 ἑξ
1228 636 1590 702 ὲπικτήσεως,
1645 637 1919 692 ἐπίκοινον

327 717 572 787 οἰκίανῆ
599 718 775 787 ἀγρὸν
800 719 832 788 ἢ
867 722 1165 790 ἀμπελῶνα
1194 724 1227 793 ἢ
1259 726 1446 795 ἕτερον
1477 727 1538 779 τὸ
1563 727 1771 781 οἱονοῦν
1797 729 1920 781 ἀκί-

329 824 499 876 νητον
526 807 762 876 ἔχοντες,
791 810 825 880 ἢ
856 811 1029 875 άλλως
1061 816 1152 866 καὶ
1183 817 1278 886 οὐχ
1314 816 1391 879 ὡς
1413 815 1472 881 ἐξ
1501 818 1778 872 ὲπικοίνου
1796 822 1919 883 ,τοῖς

331 893 623 960 ἐγγίζουσι
661 897 908 966 κτήμασι
939 902 1080 954 κατά
1117 919 1168 954 τι
1222 904 1388 973 μέρος
1418 906 1917 978 ἀναμεμιγμένοιῆ

329 987 855 1056 συμπαρακείμενοι
885 989 1161 1058 όμοτελείς
1208 993 1241 1063 ἢ
1278 995 1466 1058 ἁπλῶς
1503 996 1916 1066 πλησιάζοντες,

334 1073 656 1143 βουληθεῖεν
691 1077 980 1146 ὲκποιῆσαι
1013 1077 1084 1133 τά
1114 1082 1221 1135 ἴδια
1253 1085 1396 1137 κατά
1427 1087 1633 1156 πρᾶσιν
1661 1087 1694 1158 ἢ
1746 1077 1921 1160 empti“-

333 1179 527 1218 τευσιν
556 1164 591 1234 ἦ
626 1165 916 1235 μίσθωσιν,
965 1169 1040 1240 μὴ
1085 1172 1349 1244 πρότερον
1381 1174 1554 1247 ἑτέρῳ
1589 1176 1695 1231 τινὶ
1745 1177 1920 1233 ταῦτα

332 1255 757 1322 ἑκποιείτωσαν,
785 1261 836 1311 εί
873 1259 947 1330 μὴ
977 1261 1114 1330 πρὸς
1138 1262 1384 1328 ἐκείνους
1413 1265 1916 1338 διαμαρτύρωνται,

329 1345 430 1410 οὓς
465 1347 742 1418 καλοῦμεν
766 1351 908 1404 κατά
936 1351 1090 1415 τάξιν
1128 1353 1266 1426 πρὸς
1293 1357 1393 1424 τὴν
1428 1358 1761 1428 προ-τίμησιν
1785 1373 1800 1390 ·
1833 1359 1921 1414 ἵνα

335 1436 547 1504 πρῶτοι
575 1436 852 1507 κληθῶσιν
890 1441 940 1493 ot
969 1442 1172 1512 ἀναμὶξ
1211 1446 1560 1517 συγκείμενοι
1588 1452 1870 1518 συγγενεῖς
1903 1467 1917 1480 ·

336 1520 460 1576 εἶτα
491 1526 540 1576 οἱ
587 1525 648 1577 οὔ
663 1543 762 1590 τως
802 1531 1290 1601 συμπεπλεγμένοι
1325 1539 1574 1592 κοινωνοί
1604 1552 1622 1569 ⁸
1671 1539 1790 1609 μεθ’
1825 1540 1921 1604 οὒς

339 1614 394 1666 oi
426 1613 578 1683 μόνον
621 1610 1084 1688 ἀναμεμιγμένοι,
1111 1623 1160 1676 εί
1202 1626 1296 1678 καὶ
1335 1625 1477 1690 ξένοι
1514 1627 1692 1699 πάντη
1723 1627 1801 1700 τῷ
1830 1631 1921 1683 ὲκ-

348 1705 606 1775 χωροῦντι
658 1709 977 1779 τυγχάνοιεν
1011 1727 1026 1742 ο
1085 1712 1280 1769 ἔπειτα
1326 1718 1421 1770 καὶ
1454 1719 1503 1772 oi
1543 1722 1922 1791 συμπαρακεί-

2024 549 2197 614 muni,
2243 548 2325 602 vel
2375 547 2480 602 alio
2525 547 2760 616 quodam
2802 545 3067 616 ejusmodi
3126 547 3351 605 dominii
3417 553 3594 619 titulo,

2026 649 2119 690 aut
2213 636 2526 705 acquirendi
2580 636 2737 690 modo
2789 638 2870 690 vel
2913 637 3108 706 partim
3146 653 3212 694 ex
3254 645 3597 714 cegnatione,

2022 730 2217 798 partim
2258 737 2517 784 extranea
2547 728 2976 798 comparatione,
3031 732 3272 796 domum,
3320 743 3415 788 aut
3471 735 3600 792 fun-

2024 819 2172 881 dum,
2210 827 2302 871 aut
2327 818 2560 882 vineam,
2592 827 2684 870 aut
2721 817 2889 872 aliam
2936 831 3319 892 quamcunque
3351 838 3468 878 rem
3500 828 3603 881 soli

2023 921 2368 961 communem
2437 906 2695 962 habentes
2737 915 2876 972 ;aut
2945 907 2991 962 si
3045 909 3141 977 qui
3203 909 3384 977 aliter,
3433 929 3601 984 quam

2021 996 2143 1067 jure
2175 998 2461 1062 consortii,
2494 998 2686 1052 vicinis
2719 997 2896 1054 fundis
2929 998 3107 1069 aliqua
3154 1014 3222 1056 ex
3275 1015 3432 1073 parte
3474 1021 3603 1076 per-

2023 1087 2191 1154 misti,
2221 1086 2306 1142 vel
2334 1086 2662 1155 adjacentes,
2720 1089 2812 1158 qui
2842 1089 2944 1144 sub
2967 1091 3158 1146 eodem
3191 1092 3348 1149 titulo
3367 1098 3602 1170 vectigal

2023 1179 2314 1248 pensitant,
2360 1178 2444 1234 vel
2469 1179 2794 1250 simpliciter
2818 1181 3072 1250 proximi,
3112 1182 3356 1240 alienare
3384 1200 3480 1240 sua
3515 1189 3602 1244 vel

2023 1269 2394 1335 distrahendo,
2439 1271 2522 1325 vel
2569 1285 2666 1341 per
2702 1274 3103 1343 emphyteusin,
3137 1276 3221 1330 vel
3277 1276 3600 1335 locationem

2022 1360 2294 1416 voluerint
2329 1379 2342 1428 ;
2382 1377 2452 1417 ne
2485 1363 2638 1432 prius
2661 1364 2775 1419 haec
2801 1363 2854 1418 in
2880 1365 3044 1420 alium
3070 1380 3395 1437 quemquam
3431 1356 3628 1428 trans?

2024 1450 2224 1519 ferant,
2258 1468 2420 1523 quam
2450 1455 2517 1506 ad
2553 1467 2648 1509 eos
2695 1455 3039 1512 testationem
3078 1455 3323 1526 fecerint,
3362 1476 3498 1531 quos
3534 1467 3603 1518 ad

2023 1543 2393 1612 praelationem
2420 1546 2613 1601 ordine
2646 1562 2902 1602 vocamus
2933 1563 2950 1601 :
2986 1556 3045 1604 ut
3069 1550 3230 1620 primi
3264 1552 3473 1609 scilicet
3505 1570 3602 1609 vo-

2023 1644 2214 1689 centur
2255 1637 2568 1706 promiscue
2605 1638 2876 1708 conjuncti
2908 1641 3148 1711 cognati,
3211 1642 3409 1701 deinde
3461 1661 3597 1704 cono

2024 1732 2200 1780 sortes
2238 1726 2382 1781 inter
2407 1741 2468 1782 se
2497 1727 2754 1790 connexi,
2811 1738 2936 1797 post
2971 1743 3108 1799 quos
3163 1730 3199 1786 ii
3246 1732 3340 1802 qui
3387 1742 3598 1791 tantum

343 1796 796 1890 μινυιόμοτελεῖς
819 1815 834 1830 ο
880 1803 1178 1870 μετέπειτα
1232 1807 1280 1859 οἱ
1319 1808 1509 1873 ἁπλῶς
1535 1809 1592 1864 ἐν
1626 1829 1730 1866 τινι
1763 1812 1910 1885 μέρει

2025 1815 2270 1883 permiin
2293 1826 2442 1882 sunt,
2473 1816 2600 1874 licet
2623 1820 2678 1874 'ei
2707 1819 2798 1888 qui
2813 1796 2948 1876 irem
2977 1796 3202 1890 alienat,
3244 1796 3466 1882 omnino
3493 1828 3606 1884 sint

339 1886 632 1950 συναπτῶς
675 1880 972 1960 ήνωμένοι.
1026 1894 1335 1963 Ὀμοτελεῖς
1386 1899 1444 1952 δέ
1487 1918 1668 1972 φαμεν
1711 1880 1918 1967 πάντας

331 1977 467 2038 τοὺς
495 1977 606 2033 ὑπὸ
625 1979 718 2036 τὸν
743 1981 908 2038 αὐτὸν
939 1983 1377 2058 ὑποτεταγμένον
1402 1992 1915 2063 ἀναγραφομένους,

335 2067 442 2122 κᾶν
467 2071 530 2124 ιν
559 2069 836 2143 διαφόροις
862 2075 1051 2140 τόποις
1079 2077 1148 2130 τά
1178 2078 1284 2130 ἴδια
1314 2080 1621 2152 τελέσματα
1645 2085 1919 2138 καταϐάλ-

331 2154 562 2214 λων-ται.
587 2161 808 2216 Πολλῶν
839 2164 899 2216 δὲ
945 2166 1107 2247 πέριξ
1138 2168 1232 2221 τοῦ
1258 2171 1676 2243 ἐκχωρουμένου
1701 2177 1918 2247 κτήμα-

333 2261 429 2311 τος
455 2249 830 2321 ὁμορούντων,
860 2255 1002 2308 κατὰ
1037 2242 1135 2326 τὴν
1190 2259 1361 2329 αὐτὴν
1413 2242 1567 2327 τάξιν
1616 2242 1832 2336 ἑκάστω
1881 2269 1915 2337 ἡ

333 2339 672 2430 προτίμησις
698 2341 788 2395 διὰ
816 2347 1130 2416 μαρτυρίας
1153 2349 1434 2415 τελείσθω,
1476 2353 1562 2407 ἵνα
1597 2355 1708 2410 τῶν
1731 2375 1918 2430 προτι-

336 2428 612 2496 μωμένων
635 2429 764 2494 ίσως
784 2435 1256 2504 παραιτουμένων,
1277 2439 1326 2490 οἱ
1349 2438 1547 2510 ἐφεξῆς
1573 2428 1914 2512 καλούμενοι,

333 2518 452 2584 ετγε
488 2517 786 2586 βούλοιντο,
829 2523 1240 2590 συναλλάξαιεν.
1275 2525 1339 2580 Εἰ
1388 2529 1572 2597 μέντοι
1613 2531 1814 2596 πάντες
1853 2535 1917 2586 ἐκ

331 2607 444 2660 τῶν
495 2610 628 2663 ἰσων
655 2610 911 2682 ἔρχονται
969 2617 1302 2686 προνομίων,
1361 2618 1502 2674 ὥστε
1552 2623 1694 2676 κατά
1750 2625 1918 2695 μηδὲν

334 2698 587 2768 ἀλλήλων
624 2703 1023 2773 προκεκρίσθαι
1056 2705 1150 2757 ἐπὶ
1204 2710 1270 2777 τῇ
1319 2709 1544 2782 τοιαύτῃ
1593 2711 1913 2783 προκλήσει,

333 2791 368 2860 ἠ
396 2790 540 2858 αὐτὴ
575 2794 744 2846 πᾶσιν
783 2795 984 2864 ὁμοίως
1029 2797 1266 2863 γινέσθω
1296 2801 1668 2872 προφὼνησις,
1710 2803 1797 2857 ἵνα
1829 2807 1914 2859 ἑν-

332 2880 421 2943 τὺς
444 2880 488 2932 λ’
519 2883 746 2953 ἡμερῶν
780 2885 841 2938 τὸ
881 2884 1030 2950 ἄξιον
1067 2887 1286 2959 τίμημα
1317 2890 1349 2960 ἢ
1398 2892 1534 2964 ὅπερ
1591 2895 1914 2968 sesamo?-

331 2972 514 3042 γήτως
547 2974 577 3026 ὁ
613 2973 822 3046 ἀληθὴς
853 2975 1067 3030 δίδωσιν
1128 2979 1460 3050 ἀγοραστὴς,
1491 2981 1645 3036 αὐτοὶ
1673 2985 1914 3055 ἀνυπερδ

331 3063 501 3127 θέτως
530 3066 932 3130 καταϐαλόντες
955 3068 1235 3138 ἀναλόγως
1257 3071 1351 3138 ἀφ’
1375 3072 1588 3127 ἑαυτῶν
1624 3074 1656 3146 ἢ
1685 3074 1748 3128 ἐκ
1768 3093 1912 3140 τινος

331 3151 512 3224 ἀρχῆς
542 3153 703 3208 τοῦτο
753 3131 1227 3228 ἔπιμερίσωνταιί
1249 3131 1405 3214 νόσοι
1436 3163 1501 3232 δὴ
1532 3163 1606 3235 μὴ
1636 3131 1910 3236 ἐμπροθέ.⁷
1941 3131 1987 3192 c

330 3260 486 3314 ςμως
515 3245 618 3316 τὴν
664 3247 1062 3304 ἐπιϐάλλουσαν
1109 3251 1294 3315 αὐτοῖς
1331 3257 1664 3325 παράσχοιεν
1719 3258 1911 3312 ἀποτί-

329 3354 520 3409 μησιν,
547 3340 733 3395 οὐκέτι
773 3340 982 3396 δίκαιον
1022 3343 1205 3408 ἕξουσι
1247 3348 1655 3416 προτιμήσεως,
1689 3351 1827 3419 πλὴν
1860 3351 1911 3404 εί

327 3431 408 3504 μή
434 3447 524 3496 τις
554 3432 738 3488 αὐτῶν
769 3433 1114 3505 αἰχμάλωτός
1148 3438 1297 3491 ἐστιν
1417 3442 1850 3512 περιωρισμένος
1874 3443 1908 3513 ἢ

326 3524 630 3594 ιξόριστος,
657 3523 690 3595 ἤ
716 3527 778 3578 ἐν
805 3524 1094 3596 δημοσίαις
1117 3527 1150 3599 ἢ
1175 3529 1267 3582 καὶ
1290 3530 1446 3592 ἰδίαις
1466 3531 1678 3600 χρείαις
1709 3532 1911 3595 ἀδόλως

327 3617 793 3686 ἀπολιμπάνεται,
837 3618 870 3687 ἢ
929 3618 1084 3674 οὔπω
1107 3619 1201 3674 τὸν
1237 3627 1315 3674 κε’
1369 3623 1559 3693 χρόνον
1607 3625 1705 3694 τῆς
1771 3624 1909 3688 ιδίας

327 3707 525 3778 ἧνυσεν
552 3709 790 3780 ἡλικίας.
827 3709 1044 3766 Τούτων
1077 3716 1186 3784 γὰρ
1231 3715 1282 3767 οἱ
1327 3716 1428 3783 τὴν
1481 3715 1750 3785 διοίκησιν
1799 3716 1911 3770 τῶν

329 3799 638 3866 προσόντων
698 3803 885 3865 αὐτοῖς
937 3802 1353 3874 ἀναδεδεγμένοι
1410 3807 1561 3871 ἐντὸς
1617 3808 1662 3860 δ’
1722 3809 1910 3880 μηνῶν

335 3890 473 3958 μετά
495 3890 601 3946 τῶν
633 3894 1180 3964 συμπαρακειμένων
1233 3897 1371 3950 νέων
1399 3896 1720 3970 ἀγοραστῶν
1773 3900 1909 3969 πρὸς

325 3981 630 4060 ἀναλογοῦν
668 3985 1130 4057 συνεισέρχονται,
1167 3989 1608 4060 ἀναπληροῦντες
1637 3991 1822 4055 αὐτοῖς
1847 3991 1908 4044 τὸ

322 4057 528 4148 ἀνῆκον
585 4080 805 4151 τίμημα
854 4083 993 4151 μετά
1028 4081 1122 4135 τοῦ
1162 4057 1400 4154 νομίμου*
1449 4085 1610 4138 τόκου
1658 4086 1752 4138 καὶ
1797 4084 1906 4137 τῶν

321 4157 644 4240 ἀναγκαίων
685 4171 1064 4244 ἀναλωμάτων
1096 4191 1110 4206 ·
1142 4175 1268 4238 τοὺς
1299 4176 1356 4229 δὲ
1387 4175 1568 4240 ξένους
1597 4177 1906 4248 ἀγοραστὰς

319 4259 676 4314 ἀπωθοῦνται
721 4261 966 4329 τελείως,
999 4264 1062 4317 τὸ
1096 4265 1316 4337 τίμημα
1369 4266 1511 4335 μετά
1565 4267 1674 4319 τῶν
1727 4267 1906 4321 αὐτῶν

316 4358 494 4411 τόκων
523 4375 584 4410 τε
618 4359 713 4412 καὶ
755 4358 1162 4432 δαπανημάτων
1217 4364 1551 4428 ἀναδιδόντες
1605 4365 1810 4429 αὐτοῖς.
1840 4366 1906 4419 El

2023 1907 2307 1972 extranei;
2342 1907 2603 1978 deinceps
2643 1910 2982 1980 adjacentes,
3039 1913 3233 1969 iisdem
3281 1917 3602 1986 pensitatio-

2024 1994 2184 2050 nibus
2253 1997 2834 2064 obnoxii;secundum
2878 2017 3012 2072 quos
3034 2002 3093 2068 ii,
3135 2004 3225 2074 qui
3279 2005 3602 2075 simpliciter

2021 2097 2087 2138 ex
2103 2083 2281 2154 aliqua
2305 2095 2467 2157 parte
2482 2087 2510 2160 ἶ
2528 2089 2606 2144 rei
2637 2090 2960 2163 alienandae]
2984 2091 3241 2165 contigue
3260 2083 3433 2164 juncti
3450 2107 3596 2154 sunt.

2023 2176 2219 2233 Iisdem
2248 2193 2379 2236 vero
2402 2175 3147 2252 pensitationibusobti’oxios
3167 2189 3416 2257 dicimus,
3442 2202 3603 2260 quot-

2021 2280 2156 2338 quot
2182 2272 2284 2327 sub
2324 2275 2514 2329 eodem
2543 2275 2816 2332 censitore
2857 2277 3114 2347 descripti
3154 2286 3300 2344 sunt,
3353 2281 3482 2337 licet
3513 2283 3598 2337 di-

2022 2363 2197 2417 versis
2259 2365 2312 2416 in
2347 2364 2487 2420 locis
2536 2367 2737 2422 tributa
2794 2382 2890 2423 sua
2932 2369 3166 2426 solvant.
3222 2370 3361 2427 Cum
3414 2382 3596 2429 autem

2021 2454 2374 2511 circumcirca
2402 2457 2582 2527 plures
2600 2459 2648 2514 ei
2670 2459 2810 2529 quod
2831 2458 3176 2528 distrahitur,
3202 2461 3448 2532 adjacent
3469 2502 3485 2530 ,
3506 2474 3602 2518 aut

2020 2544 2168 2598 fundi
2200 2545 2470 2602 alienandi
2523 2547 2660 2604 lines
2723 2550 2986 2620 attignnl,
3035 2551 3247 2608 cunctis
3283 2552 3472 2607 eodem
3508 2569 3600 2609 or-

2020 2637 2165 2700 dine,
2202 2651 2298 2692 sua
2324 2639 2519 2708 cuique
2552 2640 2621 2696 de
2672 2640 3032 2712 praerogativa
3095 2643 3312 2698 testatio
3357 2644 3598 2700 insinue-

2021 2738 2208 2792 tur,ut
2236 2730 2374 2785 forte
2406 2731 2816 2801 repudiantibus
2849 2733 2938 2800 iis,
2988 2734 3080 2804 qui
3126 2732 3251 2805 jure
3285 2735 3594 2806 praeferun-

2021 2831 2138 2884 tur;
2181 2819 2271 2890 qui
2303 2821 2560 2892 deinceps
2587 2833 2874 2890 vocantur,
2905 2825 3172 2895 siquidem
3220 2824 3411 2893 velint,
3464 2842 3600 2882 con-

2021 2912 2259 2966 trahant.
2311 2911 2465 2978 Quod
2523 2914 2567 2968 si
2610 2914 2835 2983 paribus
2887 2929 3076 2970 omnes
3121 2914 3250 2969 ‘I‘rcti
3305 2914 3599 2986 privilegiis

2018 3001 2304 3068 accedant,
2335 3013 2394 3056 ut
2419 3003 2469 3057 in
2493 3003 2800 3074 hujusmodi
2825 3005 3142 3079 praelatione
3167 3004 3303 3060 nihil
3334 3005 3434 3060 sibi
3460 3021 3599 3075 prae-

2013 3093 2260 3162 judicent
2306 3094 2571 3162 invicem,
2625 3098 2818 3152 eadem
2885 3112 3076 3154 rursus
3122 3098 3462 3153 denuntiatio
3497 3099 3596 3153 ﬁat

2021 3196 2082 3241 ut
2126 3187 2195 3241 ab
2231 3189 2312 3242 eis
2353 3187 2492 3243 intra
2522 3190 2665 3245 diem
2704 3189 3041 3260 trigesimum
3090 3191 3236 3260 justo
3279 3191 3476 3261 pretio,
3509 3191 3596 3246 vel

2013 3280 2158 3348 quod
2176 3278 2311 3332 citra
2331 3280 2573 3334 fraudem
2594 3292 2754 3336 verus
2769 3289 2982 3352 emptor
2998 3288 3287 3352 praestaret
3305 3282 3421 3336 sine
3442 3295 3594 3336 mora

2013 3368 2238 3433 soluto,
2292 3383 2394 3438 pro
2435 3379 2550 3423 rata
2597 3370 2680 3424 vel
2714 3385 2812 3440 per
2839 3382 2921 3436 se,
2977 3370 3060 3425 vei
3103 3372 3448 3442 magistratus
3490 3371 3596 3425 ali-

2011 3456 2169 3527 cujus
2220 3470 2388 3528 opera
2447 3471 2565 3513 rem
2600 3460 2926 3528 partiantur.
2959 3459 3222 3532 Quoquot
3258 3471 3440 3516 autem
3483 3477 3594 3516 non

2013 3550 2152 3605 intra
2173 3552 2314 3606 diem
2347 3551 2704 3620 praeStItutum
2729 3566 2829 3619 pro
2855 3560 2972 3607 rata
2991 3561 3146 3624 parte
3161 3553 3394 3623 pretium
3445 3568 3591 3622 prte-

2011 3637 2272 3702 Stiterint,
2303 3637 2508 3692 nullum
2541 3637 2872 3707 praelationi‘s
2911 3639 3002 3708 jus
3055 3640 3290 3709 amplius
3315 3639 3594 3695 habebunt

2010 3735 2166 3781 extra
2211 3741 2374 3796 quam
2409 3727 2453 3782 si
2489 3726 2614 3798 quis
2661 3741 2848 3783 eorum
2888 3728 2943 3783 in
2988 3727 3226 3783 hostium
3263 3737 3591 3797 potestatem

2010 3819 2238 3884 venerit,
2271 3828 2365 3874 aut
2398 3820 2718 3890 deportatus
2751 3820 2842 3884 sit,
2870 3827 2967 3875 'aut
3009 3819 3304 3891 relegatus,
3343 3828 3434 3874 aut
3488 3835 3590 3890 pu-

2011 3911 2276 3966 blicorum
2327 3924 2621 3966 suorumve
2677 3911 3018 3982 negotiorum
3077 3926 3244 3967 causa
3298 3913 3432 3966 citra
3491 3913 3592 3968 do-

2012 4001 2121 4055 lum
2150 4016 2366 4056 manum
2390 4001 2558 4069 absit,
2581 4009 2673 4055 aut
2696 4003 2934 4056 nondum
2971 4000 3296 4071 vigesimum
3338 4001 3589 4070 quintum
3657 4014 3664 4020 '

2007 4091 2182 4146 artatis
2213 4107 2412 4146 annum
2443 4091 2764 4161 impleverit.
2799 4091 2935 4147 Nam
2970 4093 3063 4164 qui
3103 4093 3297 4149 borum
3335 4091 3578 4149 faculta-

2007 4189 2090 4238 tes
2108 4181 2567 4237 administrandas
2584 4190 2969 4253 susceperunt,
2999 4185 3142 4238 intra
3161 4193 3394 4254 quatuor
3426 4200 3585 4240 men-

2011 4289 2098 4330 ses
2121 4289 2243 4329 cum
2270 4274 2645 4342 adjacentibus
2671 4276 2826 4331 novis
2850 4275 3186 4347 emptoribus
3210 4284 3428 4344 prorata
3461 4292 3592 4347 por-

2008 4365 2157 4420 tione
2193 4363 2575 4431 admittuntur,
2603 4365 2853 4420 exsoluto
2877 4365 3215 4421 convenienti
3234 4366 3433 4435 pretio,
3460 4382 3586 4422 cum

313 4447 372 4500 ἃ
396 4450 448 4500 οἱ
469 4449 584 4503 τῶν
604 4450 728 4521 είρη
737 4451 914 4520 μένων
942 4453 1248 4524 προσώπων
1267 4454 1542 4525 διοικηταὶ
1569 4455 1901 4526 ὑφορῶνται,

2014 4457 2196 4512 usuris
2216 4455 2495 4525 legitimis,
2527 4464 2583 4512 et
2618 4455 2942 4513 necessariis
2972 4456 3277 4528 impensis:
3309 4469 3588 4528 emptores

320 4539 520 4609 μήπως
549 4541 610 4593 τὸ
659 4541 789 4612 παρ’
837 4542 1019 4596 αὐτῶν
1066 4543 1307 4615 πραχθὲν
1345 4545 1548 4598 ἐκεῖνοι
1581 4546 1770 4599 δεκτὸν
1799 4549 1901 4617 οὐχ

314 4631 662 4700 ἡγήσωνται,
710 4633 828 4703 μετ’
855 4635 1140 4707 ἐγγράφου
1172 4637 1410 4713 ,νομικῆς
1462 4637 1809 4705 διαγνώσεως
1864 4639 1898 4710 ἢ

311 4722 819 4778 ἀποσαλλέσθωσαν
849 4725 881 4796 ἢ
912 4726 1397 4797 καταδεχέσθωσαν
1426 4728 1488 4781 τὸ
1519 4730 1895 4802 συνάλλαγμα.

313 4806 376 4858 Εἰ
408 4807 466 4860 δὲ
495 4809 592 4861 καὶ
618 4809 758 4879 πρὸς
787 4810 944 4864 τοῦτο
977 4811 1406 4882 ρᾳθυμήσουσιν,
1449 4812 1663 4866 οἴκοθεν
1712 4815 1900 4880 αὐτοῖς

313 4894 712 4963 παρεχέτωσαν
766 4897 876 4950 πᾶν
922 4898 1115 4970 κέρδος
1137 4901 1230 4953 καὶ
1262 4901 1444 4954 πᾶσαν
1483 4901 1775 4972 ὠφέλειαν,
1827 4905 1895 4975 ἢν

309 4984 538 5053 meum
591 4986 735 5053 ἕξειν
767 4990 989 5054 ἐκεῖνοι,
1038 4991 1199 5063 εἴπερ
1253 4991 1526 5047 ἔσπευσαν
1556 4988 1703 5049 οὗτοι
1761 4995 1896 5066 πρὸς

307 5075 368 5136 τὴ
399 5077 780 5149 συνάλλαγμα.
831 5081 942 5135 Καὶ
965 5081 1141 5135 ταῦτα
1173 5082 1274 5152 μὲν
1303 5084 1398 5137 ἐπὶ
1447 5086 1745 5155 συγγενῶν,
1802 5087 1897 5144 καὶ

307 5165 609 5232 κοινωνῶν,
654 5169 750 5222 καὶ
794 5170 1088 5240 ὀμοτελῶν,
1129 5174 1225 5227 καὶ
1273 5173 1383 5228 τῶν
1431 5175 1608 5230 ἄλλων
1649 5192 1896 5248 παρακε-

307 5263 624 5332 κτημένων.
643 5263 807 5318 Ἀλλά
827 5267 922 5319 καὶ
945 5268 1039 5320 ἐπὶ
1065 5267 1168 5340 τῆς
1182 5267 1382 5339 ὁμάδος
1402 5271 1514 5325 τῶν
1543 5271 1892 5343 καλουμένων

306 5352 528 5422 χωρίων
584 5354 619 5425 ἢ
673 5355 936 5428 ἀγριδίων
991 5359 1174 5429 πολλῷ
1209 5361 1428 5431 -μᾶλλον
1465 5363 1762 5433 κρατείτω,
1805 5365 1892 5419 ἵνα

306 5447 401 5498 καὶ
433 5448 484 5499 oi
526 5451 792 5518 κτήτορες
843 5451 1027 5504 αὐτῶν
1077 5451 1217 5522 πρὸς
1263 5451 1527 5525 ἀλλήλους
1579 5453 1743 5525 ἔχωσι
1793 5455 1894 5526 τὴν

308 5537 665 5609 προτῖμησιν.
699 5541 763 5594 Εἰ
788 5541 845 5596 δὲ
883 5543 1086 5607 πάντες
1116 5545 1547 5616 παραιτήσονται
1578 5539 1661 5610 οἷς
1691 5545 1890 5602 δίδοται

310 5628 343 5696 ἡ
371 5629 732 5702 προτιμησις,
765 5633 800 5704 ἢ
852 5635 1160 5690 δείκνυνται
1214 5638 1380 5692 αἴτιοι
1421 5639 1776 5710 χρηματικῆς
1794 5633 1892 5710 ’ζη-

313 5719 439 5789 μίας
469 5721 504 5793 ἢ
535 5725 861 5796 σωματικῆς
891 5727 1186 5799 ἐπιϐουλῆς
1218 5746 1278 5782 τε
1328 5731 1424 5785 καὶ
1479 5730 1704 5802 ἀτιμίας
1760 5747 1891 5798 τραο

631 5817 904 5884 Pauor"
951 5821 1070 5884 Gn.
1118 5819 1338 5886 CXIII.

2003 4556 2184 4603 autem
2239 4556 2529 4604 extraneos
2579 4548 2633 4602 in
2695 4547 3008 4604 universum
3061 4548 3405 4614 submovent,
3461 4565 3584 4620 pre—

2006 4641 2135 4695 tium
2174 4640 2254 4694 eis
2276 4654 2398 4695 cum
2457 4640 2651 4697 iisdem
2679 4641 2864 4696 usuris
2907 4651 2964 4696 et
2991 4641 3253 4712 impensis
3287 4643 3586 4699 restituen-

2005 4741 2107 4788 tes.
2141 4731 2294 4799 Quod
2321 4732 2366 4787 si
2391 4745 2748 4803 personarum
2805 4733 3167 4789 iudicatarum
3217 4743 3432 4790 actores
3483 4749 3583 4790 ve-

2006 4833 2253 4891 reantur,
2305 4836 2375 4879 ne
2407 4821 2551 4880 forte
2589 4825 2735 4893 quod
2795 4823 2865 4879 ab
2890 4837 2948 4880 se
2982 4833 3192 4894 gestum
3253 4823 3440 4889 fuerit,
3479 4823 3585 4879 illa;

2007 4925 2183 4969 ratum
2213 4927 2319 4970 non
2353 4915 2624 4981 habeant;
2659 4927 2782 4968 cum
2823 4912 3062 4984 legitima
3090 4913 3424 4984 cognitione,
3461 4919 3584 4984 qum

2008 5000 2400 5056 interveniente
2444 5001 2712 5071 scriptura
2739 4998 2852 5068 Ilat,
2907 5011 3003 5056 aut
3049 5002 3305 5058 omittant
3358 5014 3578 5058 contra-

2003 5101 2177 5157 ctum,
2219 5101 2314 5147 aut
2340 5100 2650 5162 acceptent.
2682 5091 2798 5160 Qua
2830 5093 2882 5149 in
2911 5108 2973 5150 re
3003 5092 3050 5149 si
3094 5094 3428 5166 negligentes
3457 5111 3585 5152 sese

2001 5179 2292 5251 gesserint,
2326 5179 2393 5235 de
2418 5195 2517 5236 suo
2541 5189 2799 5252 praestent
2825 5179 2906 5236 eis
2919 5194 3084 5236 omne
3105 5181 3314 5236 lucrum
3337 5190 3392 5235 et
3419 5195 3582 5236 omne

2000 5270 2393 5337 commodum,
2455 5271 2598 5341 quod
2653 5270 2728 5325 illi
2789 5269 3029 5327 habituri
3085 5270 3320 5335 fuerant,
3375 5269 3418 5324 si
3462 5285 3578 5324 ma-

2001 5370 2122 5416 ture
2164 5369 2504 5416 contractum
2532 5361 2586 5416 lii
2634 5361 2912 5418 celebrare
2961 5361 3352 5433 perrexissent.
3401 5361 3580 5430 Atque

2001 5454 2118 5509 haec
2146 5453 2361 5523 quidem
2393 5453 2444 5507 in
2473 5453 2818 5524 propinquis,
2863 5463 2919 5508 et
2955 5453 3323 5516 consortibus,
3361 5460 3416 5507 et
3477 5465 3579 5506 suo

1997 5547 2186 5601 eodem
2221 5545 2375 5600 titulo
2405 5545 2630 5616 vectigal
2657 5545 3073 5616 pensitantibus,
3125 5543 3446 5613 ueterisque
3489 5545 3576 5597 vi~

1998 5637 2138 5691 cinis
2172 5637 2596 5706 possessoribus.
2633 5637 2774 5704 Quin
2809 5645 2864 5691 et
2923 5637 2975 5689 In
3021 5633 3374 5689 universitate
3420 5635 3574 5689 vico-

1997 5745 2141 5796 rum,
2161 5729 2251 5798 qui
2283 5729 2564 5794 dicuntur,
2593 5737 2684 5783 aut
2712 5742 2989 5800 agrorum,
3014 5725 3187 5784 multo
3224 5727 3394 5798 magis
3423 5727 3571 5785 obti‘

3140 5820 3210 5883 18
