2025 3210
215 156 267 187 555

729 140 982 185 CONSTANTINI
998 153 1280 183 PORPHYROGEN
1284 153 1339 183 1T1

1788 153 1843 187 556

216 217 287 245 neat.
302 217 331 240 ut
350 216 377 239 et
389 211 495 239 illorum
508 210 678 239 habitatores
690 215 717 238 et
743 217 915 246 possessores
932 210 1003 237 inter

1057 210 1128 245 χείας
1143 211 1182 246 τῷ
1197 209 1352 236 ὲκποιοῦντι
1372 210 1418 236 καὶ
1436 210 1468 244 τῇ
1484 208 1567 235 αὑτοῦ
1586 209 1712 244 φαμιλίᾳ,
1728 210 1759 236 οὺ
1773 211 1845 237 κατὰ

215 266 245 286 se
260 258 305 294 jus
318 257 483 293 praelatiouis
496 257 623 285 habeant.
637 258 672 284 At
686 257 709 284 si
723 256 891 290 repudiarint
908 262 1003 283 omnes

216 304 315 338 quibus
335 307 379 331 est
405 310 534 331 concessa
561 302 751 337 praerogativa,
788 301 830 328 vel
862 302 1002 335 probatum

215 348 296 376 fuerit
310 356 356 376 eos
372 348 522 384 pecuniarii
537 347 639 379 damni,
656 346 698 373 vel
713 345 872 373 insidiarqu
888 346 998 381 corpori

217 398 393 427 structorum,
416 393 457 421 vel
479 393 580 420 atrocis
599 391 718 419 infamia:
741 395 867 419 auctores
893 390 930 417 illi
953 398 1002 418 ex-

215 437 329 470 stitisse,
345 437 389 471 qui
403 444 460 463 rem
482 436 593 469 alienat,
616 435 730 471 ejusque
745 435 875 468 familiae,
902 442 951 462 nec
976 435 1003 465 id

215 476 338 515 foriuito,
351 483 397 509 sed
413 482 475 509 data
488 488 581 516 opera,
597 488 645 516 per
659 488 700 514 se,
716 481 757 508 vel
770 488 818 515 per
832 480 955 508 homines
969 481 1002 508 ad

214 536 245 555 se
270 527 436 563 pertinentes
451 535 459 553 :
477 528 545 554 tales
561 534 593 555 eo
616 527 711 559 invito,
726 526 773 561 qui
791 526 922 561 ejusmodi
941 534 1003 561 per-

214 568 309 606 pessus
328 576 381 604 est,
397 571 473 601 nullo
489 571 569 600 modo
584 571 618 599 ad
647 571 732 606 ipsius
746 571 877 606 praedium
904 578 1002 606 pervc-

216 618 274 644 nire
293 616 427 645 volumus.
443 616 484 644 Ex
517 624 599 645 causa
612 621 699 644 tamen
714 616 797 649 dotis,
815 621 862 644 aut
877 609 1002 644 donatio-

210 663 257 700 nis
272 667 383 697 propter
408 663 530 698 nuptias,
544 668 592 691 aut
616 662 747 700 simplicis
764 663 894 690 mortisve
919 670 1001 691 causa

217 707 385 740 donationis,
401 713 448 735 aut
459 714 494 735 ex
505 712 669 736 testamento
687 708 730 736 vel
739 709 948 743 permutatione,
961 708 1003 735 vel

216 753 411 787 transactione,
422 759 474 782 tam
486 754 631 789 propinqui
653 762 759 788 omnes,
776 762 856 789 quam
866 755 1000 787 extranei,

214 797 335 826 alienare
346 803 463 834 possunt
476 808 482 826 :
497 800 579 827 modo
590 807 622 827 ne
634 801 694 835 quis
706 807 753 835 per
764 800 964 827 simulationem
973 808 1003 829 re

213 841 283 869 clam
298 842 332 870 iis
349 844 458 872 vendita
473 843 515 871 vel
533 844 631 877 locata,
646 845 692 883 qui
718 844 820 873 nullum
836 845 1002 879 praelationis

211 887 257 922 jus
272 887 386 923 habent,
400 889 490 924 palam
512 897 542 918 se
555 890 668 923 donare,
691 890 731 918 vel
753 891 854 925 legare,
870 892 913 918 vel
935 892 1001 926 quid

214 933 288 961 aliud
303 941 408 968 eorum.
424 943 484 970 quae
496 941 707 964 commemorata
719 942 792 970 sunt,
811 944 865 971 prae
874 944 903 965 se
920 938 1000 966 ferat.

214 978 282 1007 Nam
296 984 442 1015 propterea
457 982 503 1015 qui
520 981 695 1018 privilegium
716 982 999 1017 praelationishabenl,

216 1029 270 1051 tam
286 1032 300 1051 a
315 1025 406 1060 dante,
424 1032 504 1060 quam
523 1026 556 1054 ab
569 1026 729 1063 accipiente,
743 1026 930 1062 jusjurandum
942 1028 1000 1055 exi-

216 1077 280 1105 gere
296 1075 419 1105 possunt.
448 1070 476 1099 Si
489 1079 552 1099 vero
563 1072 607 1106 qui
618 1072 746 1105 alienant,
760 1072 786 1099 in
803 1073 924 1100 fraudein
937 1073 1003 1108 legis

216 1119 316 1142 nostrae
327 1115 399 1144 aliud
408 1117 471 1151 quid
487 1124 566 1152 agere
578 1117 679 1145 fuerint
694 1118 765 1150 ausi,
781 1122 808 1145 et
826 1118 897 1145 aliud
908 1123 1002 1152 aperte

215 1169 271 1197 pra:
303 1170 332 1190 se
360 1164 471 1193 tulerint
502 1172 510 1190 :
546 1163 681 1198 siquidem
716 1168 776 1198 post
812 1163 1001 1199 jusjurandum

215 1208 333 1235 convicti
348 1208 459 1241 fuerint,
475 1213 528 1238 tam
551 1208 614 1243 ipsi,
638 1215 719 1243 quam
734 1208 780 1243 qui
800 1208 868 1236 adeo
890 1208 1002 1235 fraudu—

215 1252 303 1279 lenter
316 1257 372 1280 tum
385 1253 425 1281 eis
439 1257 648 1285 contraxerunt,
662 1258 689 1281 et
704 1253 817 1288 perjurii
833 1260 928 1289 pmnas
938 1260 1001 1280 sus-

218 1297 352 1330 tinebunt,
370 1303 397 1326 et
418 1298 487 1326 alter
505 1298 600 1332 fundo,
619 1298 689 1326 alter
708 1298 797 1333 pretio
814 1298 884 1326 clam
909 1306 1003 1325 nume-

217 1348 275 1369 rato
290 1343 414 1376 excidet;
433 1343 555 1378 utrisque
575 1343 642 1371 ﬁsco
663 1343 820 1375 inferendis,
846 1348 874 1370 ut
900 1350 915 1370 a
938 1343 1004 1370 ﬁsco

217 1395 260 1414 res
273 1388 315 1419 iis,
332 1389 377 1422 qui
393 1389 508 1423 proximi
539 1393 614 1421 sunt,
643 1390 833 1416 venumdctur.
867 1388 915 1415 Sin
940 1393 1004 1416 ante

1053 255 1149 290 τύχην,
1162 255 1221 281 ἀλλ’
1231 256 1262 281 ὲκ
1280 255 1419 290 προνοίας,
1431 254 1465 280 δι’
1482 254 1589 281 ἑαυτῶν
1604 254 1621 289 ἢ
1636 254 1679 281 διὰ
1690 255 1744 282 τῶν
1759 264 1845 290 1:905-

1054 300 1176 336 ηκόντων
1197 293 1289 333 αὐτοῖς
1305 301 1458 335 γεγονότες,
1479 300 1543 332 τοὺς
1567 302 1706 332 τοιούτους
1730 301 1845 334 ἄκοντος

1053 346 1101 372 τοῦ
1115 347 1279 378 πεπονθότος
1301 347 1360 374 κατ’
1376 346 1472 373 οὐδένα
1483 346 1585 382 τρόπον
1599 346 1639 377 είς
1664 346 1714 381 τὴν
1739 347 1845 373 ἐκείνου

1054 392 1152 426 κτῆσιν
1183 391 1369 427 εἰσενεχθῆναι
1399 390 1560 425 βουλόμεθα.
1596 390 1676 416 Κατὰ
1707 391 1845 424 πρόφασιν

1056 428 1147 472 μέντοι
1165 437 1278 472 προικὸς
1294 437 1311 471 ἢ
1333 436 1520 473 προγαμιαίας
1536 436 1641 471 δωρεᾶς
1670 433 1696 470 ῆ’
1714 436 1803 469 ἁπλῆς
1828 437 1844 471 ἦ

1054 481 1171 508 θανάτου
1183 482 1259 517 αἰτίᾳ
1271 481 1376 517 δωρεᾶς
1391 481 1407 515 ἢ
1419 482 1452 507 ὲκ
1465 480 1599 515 διαθήκης
1611 480 1628 515 ἢ
1642 481 1813 515 ἀνταλλαγῆς
1828 481 1844 514 ἢ

1054 527 1203 559 διαλύσεως
1214 528 1261 554 καὶ
1276 528 1371 554 οἰκεῖοι
1388 527 1436 553 καὶ
1452 527 1578 559 ὲξωτικοὶ
1589 526 1709 558 ἅπαντες
1722 527 1846 553 ὲκποιείν

1053 569 1179 597 δύνανται
1197 578 1204 585 ⁸
1235 571 1316 604 μόνον
1331 570 1375 597 ἵνα
1403 570 1442 605 μή
1472 579 1514 601 τις
1538 570 1610 599 κατὰ
1631 571 1732 605 σκῆψιν
1760 571 1846 606 λάθρα

1053 616 1183 651 πωλήσας
1195 616 1212 651 ἢ
1230 616 1374 651 μισθώσας
1386 617 1444 648 τοῖς
1463 617 1500 651 μὴ
1515 617 1744 652 προτιμωμένοις,
1760 618 1789 644 ὲν
1806 618 1846 652 τῷ

1054 662 1167 697 φανερῷ
1188 662 1334 697 δωρεῖσθαι
1349 662 1365 697 ἢ
1379 662 1538 696 λεγατεύειν
1552 663 1570 697 ἦ
1583 671 1609 689 τι
1623 663 1678 689 τῶν
1692 663 1846 697 εἰρημένων

1055 708 1287 742 προσποιήσηται.
1317 707 1367 733 Διὰ
1394 707 1481 734 ταῦτα
1498 707 1552 742 γὰρ
1568 709 1616 734 καὶ
1640 708 1722 743 ὅρκον
1741 708 1788 734 τοῦ
1815 717 1846 734 τε

1053 751 1170 784 διδόντος
1199 753 1248 779 καὶ
1270 753 1317 780 τοῦ
1332 753 1516 788 λαμσάνοντος
1531 753 1556 780 οἱ
1571 753 1602 780 τὸ
1626 754 1772 789 προνόμιον
1795 755 1847 788 τῆς

1053 798 1248 832 προτιμήσεως
1269 798 1377 833 ἔχοντες
1402 799 1529 826 δύνανται
1548 800 1686 826 ἀπαιτεῖν.
1712 800 1744 825 El
1758 800 1787 826 δέ
1813 808 1846 833 γι

1055 842 1079 868 οἱ
1093 843 1271 875 ὲκποιοῦντες
1288 843 1357 878 πρὸς
1381 844 1558 880 περιγραφὴν
1580 844 1631 879 τῆς
1646 845 1784 880 ἡμετέρας
1801 854 1847 871 νο·-

1057 887 1187 922 μοθεσίας
1204 887 1268 915 ἄλλο
1281 897 1308 915 τι
1325 889 1428 924 πρᾶξαι
1442 889 1606 924 τολμήσουσι
1624 889 1671 916 καὶ
1695 890 1760 917 ἄλλο
1778 899 1804 916 τι
1814 890 1847 916 ὲκ

1054 933 1101 960 τοῦ
1119 933 1238 969 φανεροῦ
1254 935 1496 970 προσποιήσονται,
1515 936 1540 961 εί
1560 936 1609 970 μὲν
1625 936 1694 970 μετὰ
1705 936 1750 962 τὸν
1764 936 1847 971 ὁρκον

1054 981 1232 1016 ἐλεγχθῶσιν,
1253 982 1329 1008 αὐτοί
1344 990 1375 1008 τε
1393 982 1440 1008 καὶ
1464 983 1488 1008 οἱ
1516 982 1587 1009 οὕτω
1610 982 1727 1017 δολερῶς
1753 983 1847 1014 αὐτοῖς

1056 1018 1270 1059 συναλλάξαντες
1282 1026 1331 1058 τάς
1341 1035 1371 1052 τε
1382 1027 1431 1061 τῆς
1443 1027 1587 1061 ἐπιορκίας
1598 1028 1694 1059 ποινὰς
1706 1028 1846 1062 ὑφέξουσι,

1057 1070 1105 1098 καὶ
1119 1072 1133 1096 ὁ
1152 1071 1201 1106 μὲν
1219 1071 1266 1097 τοῦ
1280 1072 1432 1107 κτήματος,
1446 1074 1461 1098 ό
1479 1072 1506 1098 δὲ
1527 1072 1575 1098 τοῦ
1598 1073 1684 1108 λάθρα
1707 1074 1848 1110 καταφαγ-

1057 1115 1150 1147 Θέντος
1179 1116 1337 1150 τιμήματος
1362 1117 1534 1148 ἐκπεσεῖται,
1563 1117 1610 1143 καὶ
1636 1118 1780 1153 ἀμφότερα
1807 1117 1846 1152 τῷ

1056 1161 1178 1196 δημοσίῳ
1192 1161 1463 1197 είσκομισϐήσονται,
1479 1163 1523 1189 ῖνα
1538 1164 1570 1189 ὲκ
1586 1162 1634 1188 τοῦ
1653 1164 1784 1198 δημοσίου
1805 1164 1848 1194 είς

1055 1207 1119 1239 τοὺς
1134 1207 1336 1242 πλησιάζοντας
1356 1208 1504 1243 διαπραθῇ.
1530 1208 1561 1234 El
1582 1208 1611 1234 δὲ
1633 1208 1685 1243 πρὸ
1698 1207 1745 1234 τοῦ
1763 1208 1846 1242 ὅρκου

1055 1253 1205 1288 φωραθεῖεν
1215 1254 1335 1281 τοιοῦτόν
1347 1263 1373 1281 τι
1387 1254 1613 1289 διαπραξάμενοι,
1626 1255 1713 1281 καὶτὸ
1724 1253 1847 1288 πραχθὲν

1055 1298 1158 1334 ἄκυρον
1174 1299 1259 1332 ἔσται,
1276 1301 1324 1327 καὶ
1347 1300 1377 1326 τὸ
1399 1301 1492 1335 κτῆμα
1517 1301 1530 1326 ό
1547 1300 1620 1333 ἅπαξ
1636 1299 1777 1335 πειραθεὶς
1793 1307 1846 1325 κα-

1055 1344 1112 1377 κῶς
1129 1345 1276 1380 ὲκποιῆσαι
1295 1346 1343 1372 καὶ
1364 1345 1438 1372 ἄκων
1455 1346 1649 1381 ἀπεμπολῆσαι
1670 1345 1846 1379 ἀναγκασθή-

1057 1398 1132 1416 σεται
1146 1391 1185 1422 είς
1199 1392 1329 1422 ἐκείνους,
1345 1387 1384 1422 οἷς
1400 1389 1556 1426 δεδώκαμεν
1571 1391 1620 1426 τὴν
1630 1391 1807 1426 προτίμησιν.

216 1434 364 1467 ιιτωειὶιιιιιι
374 1433 563 1468 jusjurandum
575 1433 626 1460 tale
633 1434 696 1467 quid
711 1433 798 1467 egisse
805 1433 965 1467 deprehensi
981 1434 1090 1467 fuerint,
1112 1436 1217 1470 etquod
1227 1442 1315 1464 actum
1326 1438 1376 1464 erit
1387 1437 1494 1464 irritum
1504 1437 1570 1469 erit.
1587 1442 1614 1463 et
1625 1437 1669 1470 qui
1686 1437 1769 1464 semel
1782 1436 1845 1462 fun-

217 1481 280 1508 dum
295 1481 417 1514 nequiter
428 1479 546 1508 alienare
554 1484 669 1508 conatus
677 1484 729 1513 est,
740 1480 783 1508 vel
793 1480 893 1507 invitus
904 1487 964 1506 eum
974 1485 1085 1514 cogetur
1103 1481 1136 1508 iis
1146 1483 1270 1513 vendere,
1282 1483 1380 1517 quibus
1388 1483 1433 1517 jus
1451 1483 1636 1517 przerogativaa
1648 1483 1846 1509 concessimus.

252 1527 280 1553 2.
294 1526 452 1553 Potentibus
472 1531 562 1554 autem
573 1526 697 1561 personis
715 1526 748 1554 de
772 1531 871 1554 caetero
893 1526 1006 1553 interdi-

1098 1528 1130 1561 β’.
1148 1529 1210 1560 Τοῖς
1222 1529 1250 1555 δὲ
1266 1529 1386 1560 δυνατοῖς
1401 1528 1610 1564 ἁπαγορεύομεν
1622 1526 1669 1554 τοῦ
1684 1528 1777 1555 λοιποῦ
1791 1529 1848 1554 uio-

221 1571 319 1602 cimus,
335 1578 368 1597 ne
380 1578 427 1605 per
441 1570 550 1598 modum
564 1570 728 1606 adoptionis,
742 1576 788 1599 aut
805 1571 946 1606 simplicis,
959 1575 1004 1599 aut

1059 1573 1151 1605 οεσίας
1164 1575 1256 1610 τρόπῳ
1274 1574 1290 1609 ἢ
1304 1575 1409 1609 δωρεᾶς
1424 1562 1514 1608 ἁπλῆς
1530 1574 1547 1608 ἢ
1562 1562 1679 1602 θανάτου
1695 1574 1770 1608 αἰτίᾳ
1783 1575 1799 1608 ἢ
1815 1575 1848 1600 ὲκ

220 1616 315 1642 mortis
328 1622 409 1642 causa
437 1615 602 1649 donationis,
628 1621 677 1644 aut
701 1624 735 1645 ex
760 1620 933 1649 testamento,
961 1621 1006 1643 aut

220 1656 329 1688 nomine
338 1661 422 1688 solius
435 1661 617 1696 ususfructus,
628 1667 673 1689 aut
689 1662 802 1696 alicujus
811 1662 952 1697 patrocinii
965 1662 1006 1689 vel

219 1706 323 1739 auxilii,
339 1707 485 1741 quidquam
503 1707 537 1734 ab
555 1707 748 1739 humilioribus
777 1708 912 1742 accipiant
955 1707 1005 1735 nisi

219 1750 289 1778 forte
304 1751 448 1787 propinqui
466 1759 561 1779 eorum
579 1752 692 1780 fuerint.
703 1751 758 1780 Nec
775 1752 840 1779 item
856 1759 939 1779 novas
951 1760 1007 1779 em-

218 1797 336 1833 plioncs.
352 1801 399 1824 aut
412 1797 570 1827 locationes.
587 1803 633 1825 aut
647 1798 856 1832 permutationes
872 1799 897 1824 in
928 1798 1005 1830 vicis,

219 1848 265 1870 aut
278 1843 362 1877 agris.
383 1843 409 1870 in
426 1844 524 1878 quibus
537 1845 660 1879 proprios
678 1844 774 1871 fundos
801 1844 889 1871 nullos
908 1844 1007 1871 habent

220 1894 282 1913 cum
295 1887 448 1915 corumdem
460 1889 825 1922 possessoribusinstituant.
838 1889 913 1921 Quod
921 1889 942 1914 si
953 1896 1006 1917 non

219 1932 315 1960 horum
331 1932 463 1960 stationes
476 1938 549 1966 sunt,
566 1934 613 1961 sed
630 1934 662 1960 ad
681 1941 810 1967 personas
824 1935 890 1961 alias
909 1935 1008 1961 subur-

181 2004 185 2007 _
219 1977 301 2011 bana,
321 1985 381 2012 quae
396 1978 595 2010 distrahuntur,
611 1980 765 2013 pertinent;
785 1980 841 2007 sive
857 1987 871 2006 a
889 1980 952 2007 fisco
968 1980 1007 2007 lo-

219 2030 262 2053 ca.
275 2029 336 2056 qua:
350 2022 492 2054 tributaria
522 2022 660 2056 dicuntur,
686 2022 773 2051 aliave
798 2024 897 2058 prmdia
922 2024 1006 2059 ipsius

220 2068 373 2100 alienantur
388 2077 394 2094 :
415 2067 542 2095 similiter
560 2068 641 2096 iidetu
658 2076 832 2103 possessores
858 2070 1007 2104 praeferan-

220 2118 274 2141 tur.
290 2113 324 2141 At
339 2113 389 2146 _his
408 2118 502 2149 sponte
518 2121 566 2142 sua
580 2115 795 2149 repudiantibus,
813 2116 895 2143 etiam
911 2122 1007 2150 poten-

220 2158 292 2185 tibus
309 2158 472 2185 contrahere
486 2157 528 2191 fas
543 2163 594 2186 est.
607 2157 734 2190 Potentes
754 2163 843 2187 autem
856 2160 1006 2197 intelligan-

218 2209 281 2237 tur,
312 2204 380 2240 qui,,
397 2205 509 2239 tametsi
539 2212 593 2233 non
623 2213 673 2240 per
703 2206 816 2242 seipsos,
844 2210 935 2234 tamen
958 2214 1044 2252 ρει-υ

219 2250 332 2278 aliorutn
345 2250 505 2285 potentiam,
523 2250 623 2285 quibus
636 2258 696 2278 cum
710 2250 808 2279 fiducia
826 2256 854 2279 et
872 2251 1002 2280 libertate

218 2297 334 2332 quadam
352 2296 501 2324 familiares
521 2301 595 2330 sunt,
610 2297 677 2325 satis
691 2298 788 2325 virium
813 2298 847 2328 ad
865 2299 1009 2326 terrendos

218 2343 369 2369 alienantes
380 2342 490 2375 habent,
506 2342 550 2369 vel
569 2343 603 2370 ad
618 2343 802 2377 efﬁciendum,
815 2348 845 2371 ut
868 2344 900 2371 de
925 2344 1007 2372 bene-

221 2388 281 2415 Iicio
296 2387 347 2416 sibi
365 2387 501 2423 promisso
517 2389 584 2416 certi
599 2389 666 2417 sint.
684 2389 712 2417 Si
726 2397 779 2424 qua
795 2397 861 2417 vero
891 2398 925 2418 ex
945 2397 1007 2425 per-

220 2433 294 2461 sonis
311 2434 467 2468 potentibus
480 2434 582 2470 aliquid
598 2435 731 2469 ejusmodi
744 2440 906 2471 perpetrare
923 2443 1006 2463 cona-

221 2485 249 2507 ta
267 2478 360 2512 fuerit,
377 2483 404 2506 et
417 2479 501 2507 fundo
515 2480 688 2516 spoliabitur,
699 2484 726 2508 et.
742 2480 863 2516 ejusdem
889 2481 1006 2516 pretium

219 2525 254 2552 ab
266 2532 298 2553 ea
314 2525 397 2554 fiscus
408 2525 509 2560 exiget.
535 2526 599 2560 Post
623 2525 785 2559 decennium
807 2531 896 2554 tamen
923 2531 1007 2555 attes-

220 2570 324 2599 latione
335 2571 409 2599 nulla
424 2572 616 2610 interruptum,
631 2572 762 2604 adversus
785 2581 844 2606 eos,
867 2574 913 2608 qui
939 2581 1007 2608 quo-

221 2624 330 2652 cunque
345 2617 425 2645 modo
449 2622 657 2653 contraxerunt,
674 2623 720 2646 aut
737 2619 896 2653 donationes
912 2627 1008 2651 conse-

221 2663 277 2692 cuti
303 2667 378 2697 sunt,
403 2668 498 2691 autex
518 2668 680 2696 testamento
696 2665 760 2699 quid
786 2666 1008 2700 acquisiverunt:

222 2709 256 2736 ab
272 2716 367 2737 eorum
389 2709 508 2742 nemine,
524 2709 571 2744 qui
585 2710 750 2745 prazlationis
767 2711 883 2746 hiucjus
899 2711 1008 2746 habent,

220 2762 272 2785 nec
285 2754 350 2783 item
361 2762 376 2782 Δ
389 2754 455 2783 fisco
465 2754 519 2782 ulla
537 2755 720 2784 controversia
738 2757 902 2785 movebitur.

253 2800 282 2828 3.
293 2799 398 2831 Praeter
412 2799 607 2836 hazejubentus
622 2805 652 2827 ut
666 2808 761 2829 omnes
784 2801 859 2829 fundi
876 2802 1009 2830 militares

221 2844 268 2879 qui
292 2852 458 2881 quocunque
474 2846 555 2876 modo
570 2847 642 2876 intra
663 2848 779 2882 spatium
802 2850 1011 2878 annorum-uri-

1057 1619 1188 1655 διαθήκης
1206 1621 1222 1656 ἢ
1236 1620 1306 1646 κατὰ
1334 1621 1418 1655 μόνην
1442 1621 1541 1655 χρῆσιν
1568 1619 1585 1653 ἢ
1600 1618 1638 1650 ὡς
1650 1619 1697 1646 ἐπί
1710 1628 1765 1646 τινι
1780 1627 1845 1653 προ·

1059 1665 1158 1700 στασίᾳ
1173 1666 1220 1694 καὶ
1237 1665 1375 1700 συνδρομῇ
1391 1664 1541 1699 λαμϐάνειν
1558 1673 1582 1690 τι
1606 1664 1683 1698 παρὰ
1694 1663 1749 1689 τῶν
1771 1663 1846 1689 εὐτε-

1057 1710 1202 1746 λεστέρων,
1225 1711 1250 1737 εἰ
1276 1711 1313 1745 μὴ
1329 1711 1385 1744 ἄρα
1404 1710 1545 1743 συγγενεῖς
1561 1709 1650 1736 αὐτῶν
1666 1707 1732 1735 εἷεν.
1766 1708 1847 1735 Ἃ).λὰ

1059 1755 1127 1789 μηδὲ
1142 1755 1204 1786 νέας
1220 1755 1371 1790 ἁγορασιας
1392 1755 1529 1782 ποιεῖσθαι
1543 1755 1559 1789 ἢ
1579 1754 1727 1790 μισθώσεις
1744 1754 1761 1789 ἢ
1781 1755 1847 1780 ἀντ-

1058 1801 1179 1834 αλλαγὰς
1208 1801 1236 1827 ἐν
1260 1809 1316 1828 τισι
1340 1801 1452 1836 χωρίοις
1484 1800 1501 1835 ἢ
1521 1800 1666 1834 ἁγριδίοις,
1690 1801 1719 1826 ιν
1741 1797 1782 1831 οἷς
1797 1800 1848 1826 οὐκ

1058 1846 1165 1881 ἔχουσιν
1179 1847 1232 1872 ἴδια
1247 1847 1387 1881 κτήματα,
1409 1846 1441 1872 ὲκ
1458 1845 1514 1871 τῶν
1535 1845 1677 1880 κτητόρων
1695 1844 1795 1871 αὐτῶν.
1816 1844 1848 1870 Ei

1058 1892 1087 1918 δὲ
1108 1891 1146 1927 μὴ
1169 1892 1272 1919 τούτων
1296 1893 1324 1919 αἱ
1340 1892 1462 1923 στάσεις,
1483 1891 1540 1918 ἀλλ’
1567 1891 1668 1926 ἑτέρων
1693 1890 1849 1926 προσώπων

1058 1938 1113 1965 είσὶ
1126 1938 1161 1964 τὰ
1179 1938 1438 1973 ’διαπιπρασκόμενα
1465 1937 1627 1972 προάστεια,
1652 1938 1708 1963 εἴτε
1736 1938 1768 1962 ὲκ
1799 1935 1848 1961 τοῦ

1057 1983 1188 2017 δημοσίου
1201 1983 1225 2009 οἱ
1242 1982 1384 2017 λεγόμενοι
1397 1983 1582 2017 κλασματικοὶ
1594 1982 1672 2008 τόποι
1683 1982 1702 2016 ἦ
1718 1981 1765 2007 καὶ
1779 1981 1848 2014 ἄλλη

1058 2029 1156 2063 κτῆσις
1169 2028 1311 2063 ἀνήκουσα
1323 2027 1398 2062 αὑτῷ
1409 2028 1581 2062 Δὲκιιιοιεῖτομ,
1608 2027 1655 2054 καὶ
1676 2025 1806 2057 ὡσαύτως
1822 2026 1849 2051 ιι

1058 2074 1136 2101 αὐτοὶ
1166 2074 1298 2109 κτήτορες
1327 2073 1567 2109 προτιμᾶσθωσαν.
1585 2073 1694 2099 Τούτων
1711 2072 1739 2098 δὲ
1769 2072 1851 2098 ἐκου-

1058 2118 1124 2149 σίως
1141 2118 1380 2153 ἀποτασσομένιυν,
1399 2118 1459 2145 τότε
1477 2118 1594 2149 καὶτοῖς
1613 2117 1735 2147 δυνατοῖς
1759 2116 1849 2148 ἔξεστι

1059 2163 1261 2191 συναλλάττειν.
1276 2164 1391 2190 Ἐκεῖνοι
1402 2163 1431 2190 δὲ
1441 2163 1606 2199 νοείσθωσαν
1620 2162 1738 2195 δυνατοὶ,
1750 2162 1849 2193 οἵτινες

1059 2210 1109 2236 κᾶν
1125 2210 1163 2245 μὴ
1176 2210 1210 2236 δι’
1229 2210 1345 2242 ἑαυτῶν,
1367 2209 1424 2236 ἀλλ’
1445 2207 1491 2236 οὖν
1515 2209 1560 2235 διὰ
1587 2210 1636 2244 τῆς
1653 2209 1753 2242 ἑτέρων
1767 2209 1850 2235 δυνα-

1059 2256 1161 2288 στείας,
1176 2256 1244 2290 πρὸς
1256 2255 1303 2287 οὓς
1316 2256 1601 2291 πεπαρρησιασμένως
1611 2254 1776 2289 ᾠκείωνται,
1790 2256 1851 2281 ἱκα-

1058 2302 1098 2328 νοί
1114 2303 1184 2328 εἰσιν
1199 2301 1351 2336 ἐκφοϐῆσαι
1364 2302 1428 2333 τοὺς
1443 2301 1633 2333 ὲκποιοῦντας,
1647 2302 1663 2335 ἢ
1683 2302 1751 2336 πρὸς
1770 2301 1851 2336 εὐερ-

1058 2348 1154 2383 γεσίας
1182 2348 1330 2382 ὑπόσχεσιν
1357 2347 1408 2382 τὴν
1423 2347 1612 2382 πληροφορίαν
1637 2347 1730 2378 αὐτοῖς
1759 2356 1850 2381 παρα-

1060 2396 1146 2430 σχεῖν.
1160 2395 1192 2422 Εί
1210 2395 1238 2421 δέ
1252 2403 1293 2426 τις
1307 2395 1339 2421 ὲκ
1352 2394 1407 2420 τῶν
1419 2394 1541 2421 δυνατῶν
1559 2393 1714 2429 προσώπων
1728 2393 1851 2420 τοιοῦτόν

1058 2450 1085 2468 τι
1117 2441 1274 2476 ὲγχειρήσει
1304 2439 1523 2474 διαπράξασθαι,
1554 2439 1602 2466 καὶ
1632 2439 1680 2465 τοῦ
1709 2440 1852 2473 κτήματος

1060 2486 1258 2522 στερηθήσεται
1283 2486 1331 2513 καὶ
1361 2485 1410 2520 τὴν
1440 2485 1607 2520 ἀποτίμησιν
1635 2484 1718 2510 αὑτοῦ
1744 2485 1776 2510 ὲκ
1803 2483 1852 2509 τοῦ

1059 2531 1188 2568 δημοσίου
1212 2531 1455 2567 είσπραχθήσεται.
1481 2531 1559 2557 Μετὰ
1587 2530 1681 2565 μέντοι
1706 2529 1853 2555 δεκαετίαν

1059 2576 1264 2612 ἀνιπιφὼνητον
1279 2577 1351 2604 κατὰ
1371 2577 1426 2603 τῶν
1443 2575 1567 2603 ὁπωσοῦν
1591 2574 1812 2607 συναλλαξάντων
1835 2574 1855 2609 ἢ

1060 2624 1164 2659 δωρεὰς
1189 2623 1347 2658 δεξαμένων
1369 2623 1386 2658 ἢ
1403 2623 1435 2649 ὲκ
1462 2621 1596 2656 διαθήκης
1620 2630 1647 2649 τι
1670 2619 1853 2655 κτησαμένων

1060 2669 1172 2704 οὐδεμία
1191 2669 1256 2705 παρ’
1275 2669 1381 2700 οὐδενὸς
1399 2669 1454 2695 τῶν
1471 2667 1599 2695 ἐντεῦθεν
1621 2666 1852 2702 προτιμωμένων,

1061 2716 1077 2750 ἦ
1092 2716 1138 2742 καὶ
1150 2715 1188 2747 ὡς
1203 2716 1236 2742 ὲκ
1247 2715 1294 2745 τοῦ
1309 2714 1441 2750 δημοσίου
1456 2714 1571 2752 ζήτησις
1585 2713 1675 2740 ἔσται.

1096 2808 1130 2839 γ’.
1147 2804 1218 2840 Πρὸς
1237 2804 1342 2834 τούτοις
1368 2803 1398 2829 δὲ
1427 2802 1588 2837 κελεύομεν,
1617 2801 1688 2834 ὥστε
1714 2802 1803 2831 πάντα
1818 2800 1855 2826 τὰ

1064 2851 1249 2886 στρατιωτικὰ
1278 2850 1417 2885 κτήματα,
1448 2850 1501 2894 ὅσα
1521 2849 1606 2893 ἐντὸς,
1627 2846 1854 2885 τριακονταετίας
