4050 6418
399 317 501 381 559

1416 297 1913 362 CONSTAN'TINI
1945 290 2612 354 PORPI-IYROGENITI

3534 295 3635 354 εει]

463 435 517 488 5.
556 433 628 487 De
667 439 921 485 concesso
951 420 1164 478 triennii
1212 427 1450 487 tempore
1479 425 1698 486 propter
1732 413 1956 467 refusio-

2133 403 2191 456 ε’.
2224 405 2358 475 Περὶ
2383 405 2477 457 τοῦ
2511 404 2761 466 δοθέντος
2788 402 3036 472 τριετοῦς
3066 403 3259 472 χρόνου
3309 404 3494 457 ἐνεκεν
3530 410 3631 474 τῆς

395 540 514 578 nem
566 521 747 591 pretii.
792 525 954 584 utque
990 512 1171 568 statim
1217 510 1435 579 juvetur
1487 505 1637 572 inops
1667 502 1731 554 ad
1777 502 1960 570 praedii

397 612 880 682 recuperationem,
916 620 1016 659 una
1065 617 1186 657 cum
1223 597 1456 660 caneris,
1491 593 1685 663 quibus
1719 593 1817 647 bac
1845 592 1961 662 lege

396 700 635 771 przclatio
663 710 914 752 concessa
949 696 1052 746 est.

464 876 516 929 6.
565 875 639 928 De
670 869 896 925 venditis
943 874 1064 935 post
1117 862 1459 917 indictionem
1512 860 1739 930 primam
1789 872 1957 927 usque

392 967 457 1019 ad
490 974 760 1026 octavam,
796 957 1205 1013 aestimationem
1238 953 1399 1022 duplo
1423 951 1679 1021 majorem
1708 949 1954 1005 habenti-

392 1058 510 1118 bus,
549 1063 606 1107 ut
637 1052 839 1119 absque
867 1045 1043 1117 pretio
1071 1043 1385 1099 reddantur.

462 1143 511 1194 7.
556 1141 630 1195 De
660 1135 1110 1193 condemnatione
1142 1131 1380 1195 illorum,
1411 1129 1501 1198 qui
1531 1136 1778 1184 emerunt
1813 1127 1955 1182 intra

389 1232 700 1301 praedictum
734 1237 942 1295 tempus
977 1224 1184 1278 minore
1214 1222 1411 1291 pretio,
1447 1234 1604 1288 quam
1629 1219 1795 1288 justo.

455 1324 508 1376 8.
549 1320 618 1376 Ut
645 1317 969 1373 monasteria
996 1315 1342 1385 prmdiorum,
1375 1326 1494 1382 quae
1523 1312 1652 1380 ipsis
1689 1311 1840 1365 titulo
1867 1325 1953 1364 re-

386 1411 738 1468 mmtiationis
772 1409 972 1464 mundo
1019 1407 1174 1461 factae
1222 1406 1439 1470 dantur,
1484 1403 1870 1459 aestimationes
1898 1413 1953 1460 et

383 1508 572 1578 pretia,
607 1520 712 1560 non
748 1504 893 1573 ipsos
918 1499 1112 1555 fundos
1146 1497 1431 1567 accipiant.

457 1597 900 1664 Hominibusiis,
937 1594 1027 1665 qui
1067 1591 1232 1648 vafras
1279 1606 1472 1646 manus
1505 1601 1558 1646 et
1603 1591 1956 1650 fraudulenta:

385 1691 682 1754 solertiam,
745 1689 1001 1743 eximium
1046 1693 1100 1740 et
1144 1693 1426 1754 augustum
1463 1685 1712 1752 quiddam
1753 1686 1956 1741 ducunt

345 1802 350 1806 ι
385 1791 547 1850 atque
596 1784 931 1848 nuncupant,
977 1775 1158 1846 magni
1193 1775 1296 1829 hoc
1323 1775 1641 1839 aestimatur,
1671 1783 1727 1829 et
1773 1776 1954 1832 studio

332 1891 338 1896 ν
385 1869 644 1941 singulari
691 1866 994 1938 expetitur;
1042 1874 1104 1920 ut
1146 1864 1210 1919 ad
1250 1864 1392 1920 illius
1437 1864 1597 1934 primi
1651 1867 1953 1936 deccptoris

387 1960 764 2026 imitationem,
790 1957 1032 2014 habitum
1057 1945 1355 2011 animorum
1373 1970 1592 2011 suorum
1617 1970 1949 2027 comparent.

385 2053 591 2120 Quibus
622 2060 799 2106 autem
840 2049 942 2104 hoc
976 2063 1227 2120 magnum
1265 2061 1329 2101 ac
1356 2045 1681 2102 fortunatum
1714 2057 1951 2118 putatur,

386 2147 452 2200 iis
479 2159 610 2200 sane
641 2143 774 2198 nihil
807 2141 950 2197 aliud
993 2149 1120 2196 ante
1165 2139 1349 2195 oculos
1395 2139 1627 2210 positum
1655 2149 1760 2204 est,
1791 2156 1953 2210 quam

388 2245 447 2289 ut
480 2245 532 2291 ct
575 2212 886 2299 creat‘ionis,
929 2243 984 2287 et
1023 2231 1207 2302 judicii
1253 2231 1549 2286 doctrinam
1597 2231 1948 2286 inlicientur:

391 2342 491 2383 nec
523 2325 664 2381 aliud
699 2334 885 2391 restat,
921 2338 1081 2394 quam
1116 2333 1173 2378 ut
1211 2337 1330 2379 esse
1365 2324 1464 2379 hoc
1499 2323 1803 2378 institutum
1833 2322 1954 2376 aui-

391 2419 460 2471 mi
498 2418 580 2472 sui
624 2417 918 2481 declarent,
956 2423 1014 2471 ut
1052 2416 1216 2470 vitam
1255 2427 1467 2469 omnem
1500 2414 1553 2468 in
1589 2415 1746 2468 terris
1776 2413 1953 2483 perci-

389 2510 560 2577 piant,
589 2516 645 2561 et
677 2509 727 2561 in
763 2507 864 2562 boc
893 2506 1028 2562 orbe
1060 2505 1331 2561 duntaxat
1365 2520 1430 2560 ex
1464 2511 1591 2560 voto
1621 2519 1722 2559 suo
1751 2505 1953 2560 vivant.

390 2600 526 2654 Hinc
552 2599 741 2670 ingens
781 2598 867 2653 illa
911 2598 1156 2654 confusio
1207 2612 1410 2664 rerum,
1465 2597 1591 2652 hinc
1639 2597 1729 2652 illa
1763 2612 1954 2667 magna

391 2685 716 2740 nefariorum
749 2683 1051 2740 facinorum
1086 2684 1314 2750 illuvies,
1351 2685 1476 2738 hinc
1507 2684 1688 2753 gravis
1733 2692 1788 2739 et
1833 2685 1952 2739 diu-

391 2785 548 2830 turna
578 2791 871 2846 pauperum
899 2775 1203 2840 calamitas,
1231 2784 1283 2830 et
1306 2789 1572 2840 aerumna,
1597 2774 1957 2846 frequensque

390 2865 619 2935 gemitus
652 2867 890 2936 inepum,
921 2881 1148 2936 quorum
1178 2881 1342 2921 causa
1380 2865 1635 2921 Dominus
1693 2870 1954 2940 exsurgit,

393 2957 716 3012 utdicitur:
755 2956 974 3026 Propter
1025 2972 1317 3010 (erumnam
1365 2973 1673 3026 pauperum,
1740 2967 1789 3012 et
1842 2961 1957 3014 ino-

391 3065 513 3116 pum
560 3049 830 3118 gemitum,
881 3062 1018 3100 nunc
1063 3061 1307 3116 exsurgo,
1372 3047 1498 3100 dicit
1530 3047 1786 3102 Dominus
1813 3049 1854 3104 ¹.
1898 3050 1955 3104 Si

393 3138 537 3194 Dens
571 3139 636 3193 ad
667 3138 960 3192 vindictam
999 3137 1268 3206 exsurgit,
1315 3137 1405 3206 qui
1456 3145 1511 3191 et
1552 3137 1707 3192 ﬁnxit
1745 3153 1864 3204 nos,
1903 3147 1958 3195 et

391 3227 548 3281 saluti
576 3226 838 3291 restituit,
859 3234 912 3278 et
944 3233 1134 3296 regnat
1161 3243 1178 3282 :
1206 3240 1312 3294 quo
1347 3235 1503 3294 pacto
1525 3240 1554 3280 a
1579 3227 1734 3282 nobis
1763 3244 1825 3284 ea
1859 3244 1954 3284 ne-

2066 494 2415 563 ἀναστροφῆς
2447 493 2540 547 τοῦ
2575 497 2902 565 τιμήματος,
2933 496 3027 548 καὶ
3057 497 3154 564 τῆς
3181 497 3510 550 άπεντεῦθεν
3531 500 3632 566 ἢδη

2067 584 2418 653 παραδόσεως
2469 584 2563 637 τοῦ
2641 587 2920 655 κτήματος
2987 585 3242 655 βοήθειαν
3303 585 3380 654 τῷ
3441 586 3632 655 ἀπόρῳ

2065 685 2327 753 πράττειν
2357 683 2452 738 καὶ
2480 685 2591 746 τοῖς
2631 683 2838 746 λοιποῖς
2871 685 2982 746 τοῖς
3014 682 3123 736 ἀπὸ
3151 679 3304 734 τοῦδέ
3337 681 3432 734 τοῦ
3466 680 3631 749 νόμου

2065 771 2472 842 προτιμηθείσι.

2136 863 2207 929 ς’.
2247 863 2383 930 Περὶ
2423 863 2533 915 τῶν
2567 865 2677 916 ἀπὸ
2702 863 2803 932 τῆς
2837 863 3062 932 πρώτης
3105 862 3436 925 ίνδικτιῶνος
3470 862 3630 932 μέχρι

2062 955 2160 1022 τῆς
2203 952 2396 1022 ὀγδόης
2442 952 2782 1023 πραθέντων,
2828 953 2995 1017 ἀξίων
3034 953 3204 1017 δντων
3239 951 3500 1006 ἐπέκεινα
3532 953 3628 1004 τοῦ

2059 1044 2422 1108 διπλασίονος,
2449 1044 2890 1114 ἀναστρέφεσθαι
2931 1046 3258 1118 ἀναργύρως

2128 1135 2192 1198 ζ’.
2225 1136 2362 1206 Περὶ
2390 1137 2488 1206 τῆς
2529 1136 2827 1206 καταδίκης
2858 1136 2967 1191 τῶν
2996 1136 3383 1205 ἀγορασάντων
3417 1133 3633 1188 ἔνδοθεν

2055 1227 2148 1279 τοῦ
2174 1227 2576 1300 προρῤηθέντος
2602 1227 2792 1297 χρόνου
2837 1226 3055 1280 ἔλαττον
3086 1227 3183 1295 τῆς
3200 1225 3414 1286 δικαίας
3443 1225 3628 1293 τιμῆς.

2132 1321 2200 1392 η’.
2238 1320 2372 1390 Περὶ
2417 1318 2511 1371 τοῦ
2541 1318 2727 1371 λαϐεῖν
2775 1317 2873 1388 (6),
2915 1317 3050 1370 ἀλλὰ
3094 1317 3187 1368 καὶ
3228 1315 3524 1385 λαμϐάνειν
3566 1318 3632 1368 τὰ

2062 1411 2400 1481 μοναστήρια
2441 1407 2552 1460 τῶν
2596 1407 2730 1477 ὑπὲρ
2773 1406 3060 1476 ἀποταγῆς
3101 1404 3397 1476 διδομένων
3426 1405 3630 1457 τοπίων

2060 1502 2157 1565 τὰς
2188 1500 2375 1570 τιμὰς,
2406 1498 2500 1552 καὶ
2521 1498 2580 1550 οὐ
2604 1497 2698 1550 τὸν
2731 1497 2917 1551 τόπον.

2142 1595 2476 1666 Ἀνθρώποις
2504 1594 2624 1646 ἐστὶ
2652 1591 2893 1664 ζηλωτὸν
2923 1591 3016 1646 καὶ
3041 1591 3528 1661 περισπούδαστον,
3547 1587 3628 1653 οἷς

2058 1693 2199 1762 μέγα
2228 1691 2320 1758 κα)⁵
2368 1689 2664 1759 σεϐάσμιον
2707 1689 2769 1741 τὸ
2800 1689 2898 1757 τῆς
2952 1687 3292 1758 παντουργοῦ
3335 1688 3515 1756 χειρὸς
3546 1705 3631 1739 νς-

2059 1778 2312 1850 μίζεσθαί
2347 1795 2406 1830 τε
2437 1779 2533 1832 καὶ
2581 1776 2945 1848 ὀνομάζεσθαι
2976 1777 3370 1846 φιλοτέχνημα,
3401 1778 3464 1829 τὸ
3490 1777 3629 1845 πρὶς

2053 1871 2154 1940 τὴν
2185 1863 2281 1922 τοῦ
2331 1868 2748 1939 παραγαγόντος
2797 1867 3031 1938 μίμησιν
3057 1867 3156 1936 τὴν
3182 1866 3418 1938 ψυχικὴν
3451 1884 3632 1937 παρα-

2059 1959 2344 2024 σκευάζειν
2379 1960 2646 2013 διάθεσιν·
2706 1953 2786 2023 οἷς
2828 1960 2885 2012 δὲ
2947 1959 3022 2030 μὴ
3081 1959 3224 2027 μέγα
3274 1958 3434 2010 τοῦτο
3495 1959 3630 2028 μηδὲ

2060 2053 2329 2123 μακάριον
2376 2051 2704 2120 λελόγισται,
2764 2051 2977 2115 τούτοις
3005 2053 3114 2123 ἄρα
3165 2051 3301 2121 μετὰ
3336 2051 3436 2120 τῆς
3489 2053 3628 2104 πλά-

2059 2161 2196 2208 σεως
2221 2143 2314 2197 καὶ
2342 2145 2371 2197 ό
2398 2145 2498 2214 τῆς
2525 2143 2761 2215 κρίσεως
2783 2143 3126 2214 ἐξαρνεῖσθαι
3139 2143 3426 2212 πρόκειται
3444 2143 3624 2210 λόγος,

2057 2235 2151 2288 καὶ
2185 2235 2568 2288 ὑπολέλειπται
2631 2234 2705 2299 ὡς
2759 2236 2816 2288 ἐν
2846 2237 2916 2305 γῇ
2950 2233 3011 2287 τὸ
3066 2237 3174 2287 πᾶν
3207 2234 3628 2304 ἅναδεξαμὲνοις

2054 2326 2153 2394 τῆς
2199 2325 2439 2396 βιώσεως
2468 2325 2562 2378 καὶ
2598 2324 2768 2395 μόνης
2811 2326 2902 2377 ἐπὶ
2935 2325 3034 2394 τῆς
3092 2327 3194 2394 γῆς
3228 2325 3497 2394 βιοτεύειν
3537 2327 3620 2376 αἱ·

2061 2434 2153 2487 ρου
2164 2417 2347 2486 μένοις
2363 2418 2423 2468 τὸ
2455 2416 2554 2484 τῆς
2573 2417 2779 2479 οἰκείας
2800 2416 3203 2469 ἐπιδείκνυσθαι
3227 2417 3622 2487 προαιρέσεως.

2068 2507 2350 2562 Ἐντεῦθεν
2397 2510 2430 2576 ἡ
2480 2507 2650 2577 πολλὴ
2685 2507 2793 2560 τῶν
2841 2508 3185 2578 πραγμάτων
3231 2509 3513 2581 σύγχυσις,
3547 2511 3632 2558 ἐν-

2056 2597 2246 2652 τεῦθεν
2274 2600 2306 2668 ή
2343 2597 2557 2667 μεγάλη
2577 2596 2686 2650 τῶν
2709 2597 3064 2667 ἀδικημάτων
3094 2598 3348 2666 ἐπιφορὰ,
3380 2596 3631 2649 ἐντεῦθεν

2055 2690 2088 2758 ἡ
2124 2688 2336 2758 μεγάλη
2369 2688 2466 2741 καὶ
2514 2689 2700 2759 μακρὰ
2729 2689 2837 2740 τῶν
2873 2687 3104 2758 πτωχῶν
3128 2688 3494 2756 ταλαιπωρία,
3532 2687 3630 2739 καὶ

2055 2780 2085 2832 δ
2114 2781 2281 2844 πολὺς
2311 2779 2615 2849 στεναγμὸς
2647 2780 2756 2832 τῶν
2793 2781 3064 2848 πενήτων,
3094 2779 3162 2832 δι’
3195 2780 3291 2843 οὓς
3337 2779 3630 2832 ἀνίσταται

2059 2871 2280 2942 Κύριος.
2312 2871 2534 2924 Ἕνεκα
2582 2870 2713 2936 γὰρ,
2745 2869 2898 2938 φησὶ,
2933 2868 3044 2936 τῆς
3076 2870 3479 2936 ταλαιπωρίας
3508 2868 3634 2920 τῶν

2057 2964 2309 3031 πτωχῶν
2325 2963 2421 3016 καί
2451 2963 2555 3016 τοῦ
2572 2962 2911 3032 στεναγμοῦ
2927 2961 3045 3015 τῶν
3059 2961 3332 3027 πενήτων
3355 2962 3634 3032 vde-dru-

2057 3052 2379 3121 στήσομαι,
2409 3052 2572 3120 λέγει
2609 3052 2846 3119 Κύριος.
2873 3052 2941 3103 Εἰ
2975 3051 3106 3114 Θεὸς
3135 3053 3214 3112 εἰς
3237 3053 3515 3122 ἐκδίκησιν
3550 3053 3630 3104 δι-

2060 3145 2345 3198 ανίσταται
2371 3145 2398 3196 ὁ
2427 3145 2524 3197 καὶ
2543 3143 2753 3206 πλάσας
2775 3145 2925 3214 ἡμᾶς
2951 3144 3044 3196 καὶ
3060 3144 3240 3208 σώσας
3255 3145 3349 3197 καὶ
3379 3144 3632 3214 βασιλεύ-

2061 3252 2180 3300 σας,
2211 3235 2330 3298 πῶς
2356 3236 2487 3306 ἡμῖν
2513 3234 2953 3306 ὑπεροφθήσεται
3006 3235 3099 3288 καὶ
3129 3238 3206 3298 εἰς
3233 3236 3384 3298 τέλος
3435 3236 3628 3305 ἐπιλη-

392 3317 655 3385 gligetur,
704 3321 758 3368 et
828 3313 1080 3369 oblivioni
1141 3323 1416 3384 perpetua:
1473 3317 1753 3372 tradetur?
1829 3333 1950 3374 cum

2061 3326 2341 3396 σθήσεται;
2360 3327 2482 3378 ἐπεὶ
2501 3326 2699 3399 μόνους
2713 3327 2842 3387 τοὺς
2866 3325 2963 3394 τῆς
2988 3326 3266 3394 βασιλείας
3312 3327 3628 3396 ὀφθαλμοὺς

391 3407 535 3461 solos
576 3405 915 3474 imperatoris
963 3404 1148 3460 oculos
1179 3419 1379 3477 pauper
1419 3405 1487 3461 ad
1530 3408 1951 3466 consolationem

393 3497 472 3550 sui
516 3495 873 3564 praestoletur.
909 3495 1246 3566 Quapropter
1286 3497 1350 3551 ad
1400 3498 1591 3552 horum
1640 3501 1953 3569 vindictam,

394 3603 498 3639 non
539 3587 680 3656 quod
712 3588 777 3641 de
808 3601 999 3642 recens
1049 3589 1100 3640 in
1146 3601 1240 3642 eos
1281 3589 1530 3644 admissis
1558 3589 1957 3661 designatisque

394 3675 647 3731 sanandis
679 3676 1090 3746 dispexerimns,
1124 3691 1309 3731 verum
1345 3683 1484 3732 utet
1516 3679 1724 3747 publice
1760 3682 1956 3749 perdu-

394 3779 600 3823 rantem
636 3769 712 3824 rei
750 3768 1069 3826 medicinam
1107 3767 1430 3836 faceremus,
1465 3781 1782 3839 praesentem
1819 3773 1959 3828 banc

395 3861 562 3931 legem
609 3860 1092 3930 promulgavimus;
1146 3859 1444 3915 confectam
1487 3876 1520 3915 a
1563 3862 1742 3926 nobis.
1791 3872 1852 3918 ut
1889 3864 1959 3918 sit

394 3953 537 4007 velut
565 3953 808 4020 expulsio
839 3953 1084 4020 quandam
1118 3958 1172 4005 et
1198 3951 1514 4020 expurgatio
1543 3954 1850 4021 cupiditatis
1878 3955 1958 4010 in-

394 4039 659 4098 satiabilis
683 4060 696 4097 :
725 4057 793 4098 ne
817 4042 926 4110 jam
953 4044 1077 4113 quis
1103 4042 1333 4112 amplius
1357 4042 1519 4099 rebus
1537 4045 1648 4099 suis
1676 4045 1955 4114 spoliatur,

395 4151 462 4190 ne
490 4149 587 4204 per
621 4132 910 4204 potentiam
943 4145 1145 4202 pauper
1178 4133 1518 4202 opprimatur
1551 4151 1566 4187 :
1603 4148 1762 4202 quam
1787 4136 1957 4206 legem

393 4237 447 4280 et
480 4224 691 4296 publice
718 4224 1129 4290 conducibilem,
1171 4233 1226 4278 et
1264 4232 1540 4294 acceptam
1570 4225 1699 4291 Deo,
1731 4236 1784 4282 et
1809 4242 1958 4283 com-

396 4317 606 4371 modum
640 4317 752 4372 fore
781 4317 932 4383 ﬁsco,
961 4325 1016 4371 et
1045 4315 1350 4385 reipublicae
1388 4317 1716 4373 fructuosam
1756 4319 1958 4374 utilita-

395 4420 504 4470 tem
535 4397 818 4462 allaturum
847 4407 1242 4478 perspeximus.
1305 4409 1620 4477 Quanquam
1665 4425 1770 4464 non
1807 4411 1960 4479 igno-

396 4517 576 4557 remus
630 4502 801 4568 banc
873 4515 1094 4556 causam
1157 4500 1286 4556 olim
1348 4515 1564 4570 quoque
1621 4500 1961 4557 eonvenienti

395 4594 595 4659 studio,
619 4593 1006 4664 diligentiaque
1051 4602 1340 4649 tractatam
1369 4611 1384 4647 :
1417 4609 1538 4649 cum
1573 4605 1793 4665 prepter
1839 4609 1962 4649 eam

392 4687 672 4741 sententiae
701 4687 1028 4756 decretaque
1067 4685 1372 4754 iudiciaria,
1415 4687 1610 4756 quibus
1639 4686 1957 4756 improbitas
1983 4674 2038 4734 D

393 4779 694 4831 animorum
729 4787 1093 4841 coerceretur,
1139 4793 1326 4833 omnes
1358 4778 1628 4848 subiectas
1679 4778 1832 4832 nobis
1877 4778 1960 4830 di-

397 4870 572 4925 tiones
598 4883 662 4924 ac
691 4870 1002 4940 provincias
1030 4870 1136 4926 sint
1165 4880 1475 4943 pervagata.
1509 4869 1614 4925 Sed
1647 4869 1771 4938 quia
1807 4869 1961 4924 mali-

398 4962 469 5015 tia
498 4969 771 5016 versutum
804 4961 1056 5031 quiddam
1089 4971 1191 5030 est,
1232 4972 1287 5016 et
1332 4962 1488 5016 Valde
1537 4961 1765 5024 variant,
1802 4960 1963 5028 idque

394 5064 516 5104 cum
549 5049 614 5105 de
643 5051 788 5106 vitiis
818 5051 1087 5115 omnibus,
1121 5060 1231 5106 tum
1277 5063 1382 5103 non
1414 5049 1638 5103 minime
1676 5049 1742 5103 de
1780 5049 1961 5103 avari-

397 5141 492 5206 tia,
515 5141 600 5197 vel
633 5143 804 5212 magis
832 5145 1030 5212 potius,
1061 5157 1223 5212 quam
1264 5141 1330 5194 de
1361 5139 1591 5208 cateris,
1622 5155 1807 5196 verum
1840 5150 1957 5207 est;

395 5231 471 5288 ita
500 5234 740 5304 quidem,
773 5245 834 5292 ut
862 5236 1028 5292 etiam
1065 5234 1315 5290 moliatur
1349 5233 1650 5290 sanetionis
1691 5233 1810 5304 lege
1833 5248 1963 5302 pro-

457 5399 474 5429 ¹
507 5398 649 5455 Psal.
689 5363 766 5467 ιι,
785 5401 842 5458 6.

2058 3419 2138 3480 είς
2168 3418 2514 3487 παράκλησιν
2543 3420 2571 3470 ὁ
2618 3417 2786 3488 πένης
2816 3418 3189 3487 προσδέχεται.
3225 3419 3322 3472 Διὰ
3353 3418 3524 3473 ταῦτα
3548 3420 3630 3482 εἰς

2059 3509 2156 3580 τὴν
2183 3509 2390 3563 τούτων
2425 3509 2706 3580 ἐκδίκησιν
2748 3509 2808 3562 ού
2844 3511 2913 3563 τὰ
2956 3510 3093 3579 πρὸς
3121 3510 3317 3573 αὐτοὺς
3348 3511 3508 3580 μόνον
3543 3510 3630 3562 ἔν-

2058 3607 2223 3670 αγχος
2245 3600 2567 3654 τελεσθέντα
2607 3618 2669 3653 τε
2695 3601 2728 3670 ἢ
2775 3601 3100 3671 τολμώμενα
3135 3601 3380 3665 ἐξιᾶσθαι
3411 3601 3627 3652 διασκο-

2061 3695 2357 3764 πήσαντες,
2414 3692 2550 3746 ἀλλὰ
2595 3693 2690 3745 καὶ
2731 3693 2916 3762 κοινὴν
2970 3695 3064 3746 καὶ
3125 3692 3487 3762 διαμένουσαν
3549 3688 3630 3759 τῷ

2059 3788 2346 3858 πράγματι
2377 3787 2674 3859 θεραπείαν
2715 3786 3109 3855 ἐπιτιθέμενοι,
3148 3785 3240 3838 τδν
3266 3785 3510 3852 παρόντα
3540 3781 3628 3834 νό-

2063 3895 2162 3948 μον
2193 3877 2510 3948 ἐξεθέμεθα,
2565 3877 2728 3930 οἱονεί
2770 3893 2894 3928 τινα
2942 3874 3172 3944 ἐκϐολὴν
3205 3874 3299 3926 καὶ
3343 3871 3632 3941 καθαρμὸν

2059 3974 2158 4040 τῆς
2187 3971 2464 4041 ἀπλήστου
2498 3968 2723 4039 γνώμης
2767 3967 2956 4021 τοῦτον
3007 3966 3492 4025 ἐπισκευάσαντες,
3553 3963 3631 4024 ὡς

2062 4065 2262 4132 μηκέτι
2289 4060 2410 4114 τινὰ
2453 4061 2564 4113 τῶν
2616 4060 2833 4112 οἰκείων
2864 4058 3276 4128 ἀλλοτριοῦσθαι
3307 4056 3426 4120 νῦν,
3451 4055 3524 4115 ὡς
3553 4053 3628 4122 μὴ

2060 4150 2621 4208 καταδυναστεύεσθαι
2653 4150 2882 4221 πένητα,
2929 4149 3003 4212 ὡς
3031 4150 3183 4218 κοινῇ
3220 4145 3626 4205 λυσιτελοῦσαν,

2061 4242 2158 4296 καὶ
2175 4240 2292 4311 Θεῷ
2322 4240 2683 4294 εύαπόδεκτον
2705 4241 2800 4294 καὶ
2823 4240 2902 4310 τῷ
2930 4240 3178 4310 δημοσίῳ
3205 4238 3514 4308 πρόσφορον
3536 4235 3631 4289 καὶ

2061 4334 2127 4402 τῇ
2157 4330 2405 4401 πολιτείᾳ
2427 4332 2717 4402 χρήσιμον,
2747 4330 2846 4400 τὴν
2876 4330 3064 4400 χρείαν
3089 4328 3232 4398 ἔχειν
3257 4325 3632 4394 διασκεψάμε-

2062 4439 2164 4477 νοι.
2200 4421 2335 4475 Οὐδὲ
2359 4421 2528 4474 πάλαι
2568 4422 2667 4489 μέν
2706 4419 2976 4490 λαθούσης
3005 4421 3037 4489 ἢ
3070 4421 3170 4488 τῆς
3205 4417 3278 4487 μὴ
3319 4414 3633 4486 προσηκού-

2065 4531 2166 4584 σης
2203 4512 2476 4582 τυχούσης
2520 4512 2837 4582 ἐπιμελείας
2868 4511 2965 4580 τῆς
2996 4509 3251 4577 τοιαύτης
3289 4505 3630 4564 ὑποθέσεως

2063 4605 2130 4657 δι’
2183 4604 2249 4675 ἢν
2305 4605 2400 4658 καὶ
2453 4603 2624 4672 ψῆφοι
2669 4604 2764 4656 καὶ
2793 4602 3026 4673 κρίσεις,
3075 4599 3136 4652 τὸ
3186 4597 3493 4665 κακοῦργον
3532 4595 3632 4664 τῆς

2063 4693 2290 4765 γνώμης
2343 4693 2765 4748 ἁναστέλλουσαι
2809 4693 2905 4744 καὶ
2951 4691 3048 4762 τὴν
3093 4689 3193 4760 τῆς
3245 4685 3634 4753 πλεονεκτικῆς

2065 4783 2247 4856 χειρὸς
2283 4783 2504 4836 ἔκτασιν
2535 4781 3022 4844 καταστέλλουσαι,
3072 4782 3167 4833 καὶ
3192 4780 3250 4830 ἐν
3280 4777 3482 4839 πάσαις
3515 4777 3635 4836 ταῖς

2065 4875 2156 4944 ὑφ’
2205 4877 2358 4945 ἡμᾶς
2406 4875 2766 4944 τεταγμέναις
2812 4873 3010 4942 ἀρχαῖς
3067 4869 3632 4938 καταπεφοιτήκασιν.

2076 4967 2217 5020 Ἀλλ’
2245 4968 2368 5020 ἐπεὶ
2419 4965 2759 5037 πολύτροπον
2791 4966 2823 5034 ἡ
2849 4964 3018 5017 κακία
3043 4964 3132 5017 καὶ
3167 4957 3636 5015 πολυποικιλώτα-

2064 5075 2177 5123 τον,
2220 5059 2313 5112 καὶ
2361 5057 2572 5111 ἅπασαι
2607 5058 2727 5127 μὲν,
2774 5057 2874 5126 οὐχ
2901 5056 3107 5126 ἥκιστα
3153 5053 3210 5105 δὲ
3250 5049 3558 5114 πλεονεξία,
3589 5051 3637 5100 εί

2071 5150 2148 5220 μή
2176 5166 2238 5217 γε
2267 5149 2362 5202 καὶ⁵
2392 5148 2615 5219 μᾶλλον,
2639 5146 2714 5210 ὡς
2732 5147 2912 5216 νόμων
2933 5145 3028 5200 καὶ⁵
3050 5142 3441 5212 θεσπισμάτων
3470 5138 3640 5200 λαϐὰς

2071 5238 2470 5309 διαδιδράσκειν
2529 5236 2880 5308 μηχανᾶσθαι
2935 5235 3031 5290 καὶ
3073 5235 3168 5288 τὸν
3204 5232 3474 5304 ἁλάθητον
3510 5239 3644 5297 παρ’

466 5503 844 5612 (62'Fortasse
880 5538 1028 5607 legs:
1069 5535 1205 5607 Περὶ
1235 5537 1331 5592 τοῦ
1357 5538 1707 5608 μονασάντων
1765 5537 1990 5610 κτήσεις
2031 5539 2107 5611 μὴ
2171 5541 2475 5612 λαμϐάνειν
2522 5541 2592 5599 τὰ
2621 5541 2987 5611 μοναστήρια,
3019 5538 3136 5595 ἀλλ’
3168 5538 3312 5610 ὑπὲρ
3358 5535 3640 5606 ἀποταγῆς

394 5602 503 5658 τῶν
521 5602 617 5662 διδ.
651 5609 767 5662 κτλ.
