2025 3209
214 188 264 221 561

760 200 940 233 NDVELL/E
960 189 1294 236 CONSTITUTlONES.

1784 207 1835 237 562

214 244 355 296 035§V.1ﬁ;
363 245 444 296 iisin,-
462 247 539 283 δίκης
554 251 675 278 τίθεσθαι
689 253 838 290 ὀφθαλμὸν,
854 258 897 284 διὰ
913 259 993 285 ταῦτα

1052 261 1179 296 mulgatze
1194 260 1298 288 vincula
1316 260 1472 295 pervadere,
1488 264 1567 292 atque
1581 261 1684 288 oculum
1697 262 1763 289 adeo
1778 263 1836 289 vin-

288 290 495 339 ἀσφαλεστέρας
524 296 570 321 καὶ
602 289 817 336 ἐπιμελεστέρας
839 303 1001 339 ἀναγραφῆς

213 335 328 369 ἠξίωται
344 337 441 369 ταῦτα,
458 340 507 374 τῆς
525 340 579 368 τῶν
603 346 830 380 κακουργούντων
847 335 1001 385 βουλήσεως

213 381 248 407 τὰ
260 381 414 417 σοφίσματα
431 384 563 418 ῥίπτοντά
581 396 611 414 τε
626 389 673 416 καὶ
687 381 885 427 ἀποτέμνοντα.
899 381 1000 422 deant;

213 426 297 476 Sopev
314 429 470 476 τοιγαροῦνἵ
484 432 548 463 τοὺς
567 432 596 459 ὲν
610 434 684 470 πάσῃ
700 426 781 472 χώρα
804 439 851 465 καὶ
867 439 998 476 πολιτείᾳ,

211 472 245 519 ᾖν
344 473 410 500 Θεὸν
425 475 441 510 ἡ
458 475 503 509 ὑφ’
521 477 599 512 ήμῶν
624 479 713 507 διέπει
736 482 825 518 ἀρχὴ,
854 472 999 519 διάγοντας

211 516 359 564 ἐλευθέραν
379 520 427 545 καὶ
439 520 616 557 ἁνενόχλητον
629 523 679 559 τὴν
692 516 829 561 λαχοΰσαν
846 516 918 564 ἔχειν
931 516 999 557 κατζ

208 563 329 611 οίκησιν.
342 564 413 591 Ἀλλ’
425 567 450 592 εί
463 567 513 601 μὲν
522 568 602 595 τοῦτο
619 571 695 605 μένει
710 563 880 607 φυλάττων
891 576 997 611 χρόνος,

209 608 282 655 sese)
307 610 357 644 τῆς
370 611 425 655 τῶν
439 611 577 650 τέκνοινῆ
602 618 742 650 συγγενῶν
766 608 943 655 κληροδοσίας
968 608 999 650 τό

210 652 355 699 επίκτημα
381 654 397 689 ἢ
424 656 475 689 τῆς
504 657 551 684 τοῦ
575 660 735 695 κατέχοντος
758 652 946 699 προαιρέσεως
968 667 998 694 τὺ

211 698 337 747 βούλημα
355 702 611 739 συμπληρούμενον.
631 706 662 733 El
677 708 716 740 δὲ,
736 707 779 736 οἷα
860 711 998 747 ἀνθρωπί-

210 753 259 794 viri;
274 744 396 794 βιώσεως
410 747 457 774 καὶ
466 749 514 783 tr)";
527 749 573 776 τοῦ
586 752 681 786 χρόνου
691 744 863 790 παλιρροίας,
875 744 998 794 ἀνάγκης

212 789 229 839 η
243 791 339 839 χρείας
353 791 576 839 επικειμένης,ἢ
594 797 641 823 καὶ
665 789 800 835 θελήσεως
817 801 898 836 τυχὸν

216 835 427 872 ὑποτιθεμένης,
454 839 504 874 τὴν
521 840 573 867 τῶν
589 843 699 869 οἰκείων
715 845 807 872 τόπων
823 835 997 884 ὑπεισαγειῐῆ

214 881 333 928 μερικῶς
352 882 496 917 ῆκαθόλου
523 886 675 922 ἐκποίησιν,
702 891 758 921 τοῖς
784 891 838 918 τῶν
862 893 952 920 αὐτῶν

270 926 326 953 τῶν
341 928 517 964 ὁμορούντων
540 932 634 967 ἀγρῶν
652 934 667 968 ἢ
686 936 793 970 χωρίων
810 939 965 974 οἰκήτορσιν
1015 931 1035 958 Β

210 969 344 1006 ὲξὼνησις
369 975 536 1009 προκείσθω.
565 976 603 1003 Οὐ
621 978 695 1011 μίσει
720 980 748 1006 δὲ
766 982 811 1007 καὶ
830 969 917 1017 φθόνῲ
943 969 998 1011 τῶν

210 1017 392 1064 ἰσχυροτέρων
421 1021 506 1047 ταῦτα
524 1022 753 1059 Θεσμοθετοῦμεν,
770 1027 828 1053 ἀλλ’
844 1028 935 1064 εὐνοίᾳ
951 1031 998 1056 καὶ

211 1062 365 1098 προστασίᾳ
378 1065 433 1091 τῶν
448 1068 571 1101 πενήτων
601 1071 646 1095 καὶ
672 1073 747 1105 κοινῇ
768 1073 889 1108 σωτηρία
919 1062 998 1102 τοῦτο

207 1108 395 1155 ξιοριςόμεβα.
420 1110 489 1138 Ἀνθ’
512 1109 549 1139 ὦν
572 1115 625 1150 γὰρ
650 1116 733 1151 ἐχρῆν
760 1119 822 1150 τοὺς
847 1120 942 1155 ἄρχειν
966 1122 998 1148 ὲκ

207 1151 277 1178 θεοῦ
294 1153 437 1189 λαχόντας,
457 1158 519 1187 τοὺς
546 1158 608 1194 δόξῃ
626 1160 671 1186 καὶ
688 1162 794 1197 πλούτῳ
819 1151 873 1190 τῶν
885 1151 997 1193 ’πολλῶν

207 1197 477 1234 ὑπερανεστηκότας,
511 1203 574 1237 περὶ
593 1204 691 1231 πολλοῦ
714 1206 762 1242 τὴν
788 1208 842 1234 τῶν
870 1212 992 1246 πενήτων

206 1242 345 1288 ποιεῖσθαι
373 1246 554 1280 προμήθειαν,
578 1245 651 1275 οὗτοι
684 1252 855 1287 καταϐρωμει.
882 1242 993 1288 τούτους

206 1286 317 1322 ἔχοντες
330 1289 370 1315 ὅτι
388 1290 425 1325 μὴ
440 1291 533 1326 τάχιον
544 1293 631 1320 ταῦτα
648 1286 792 1330 κατέχουσι
804 1286 992 1334 δυσχεραῖνονζ

207 1341 258 1360 σιν.
270 1334 301 1381 Eii
316 1334 343 1360 δὲ
360 1336 406 1361 καὶ
423 1336 461 1370 μὴ
479 1337 588 1364 πάντων
598 1339 628 1365 τδ
642 1341 762 1367 τοιοῦτον
772 1343 990 1381 ἀνοσιούργημα,

205 1379 265 1405 ἀλλ’
280 1378 350 1406 ἔστω
366 1381 432 1407 πᾶσι
451 1383 538 1409 κοινὸν
558 1384 588 1410 τὸ
603 1385 648 1411 τοῦ
662 1387 745 1420 νόμου
767 1378 992 1424 συντήρηνμαξ-ὼς

206 1422 239 1449 ἄν
259 1424 296 1458 μὴ
312 1424 381 1461 λάθῃ
397 1426 436 1460 τῷ
452 1427 517 1462 σίτῳ
534 1431 776 1466 συνεισφερόμενον
807 1422 989 1467 τοί-ζιζάνιονι

1051 306 1130 334 dictae
1140 307 1249 340 divinae,
1265 314 1345 341 quem
1363 306 1430 334 nihil
1443 306 1521 339 latet,
1535 306 1611 334 ﬂocci
1626 307 1721 335 faciat:
1735 308 1835 335 idcirco

1051 359 1124 380 nunc
1139 360 1249 387 operam
1265 352 1397 385 dedimus,
1414 356 1441 379 ut
1456 352 1514 379 ba‘c
1529 352 1606 388 longe
1622 357 1675 379 tam
1691 355 1797 381 caulius
1810 359 1837 382 et

1051 399 1163 431 certius,
1178 405 1259 432 quam
1273 397 1428 432 diligentius
1441 396 1691 432 perscriberentur;
1706 405 1756 432 qua
1775 406 1836 432 pcr—

1051 440 1197 476 seriptionc
1212 446 1363 469 commenta
1377 441 1494 469 libidinis
1506 441 1692 469 fraudulenter
1699 444 1835 477 agentium

1051 491 1207 514 resecentur
1236 491 1263 514 et
1293 488 1482 521 explodantur.
1510 487 1653 515 Sancimus
1683 489 1775 523 igitur,
1809 493 1836 516 ul.

1049 536 1183 566 quotquot
1208 532 1234 559 in
1262 533 1388 560 universa
1410 533 1512 560 ditione
1533 541 1565 561 ac
1587 534 1733 568 republica,
1755 542 1836 569 quam

1050 577 1197 605 secundum
1215 578 1310 610 Deum,
1324 583 1445 606 nostrum
1463 580 1531 614 regit
1547 579 1701 613 imperium,
1720 581 1836 615 degunt,

1049 622 1226 656 domicilium,
1252 624 1323 658 quod
1351 624 1417 659 ipsis
1441 624 1548 659 obtigit,
1580 624 1665 652 libere
1693 625 1837 660 quieteque

1049 668 1216 703 possideant.
1243 669 1375 696 Nimirum
1399 670 1421 697 si
1451 670 1579 704 temporis
1603 677 1635 697 ea
1659 671 1838 698 commoditas

1049 718 1100 747 est,
1117 719 1146 741 ut
1162 723 1240 742 suum
1255 715 1306 743 sibi
1324 715 1453 750 praedium
1478 715 1593 750 quisque
1618 720 1717 748 servet,
1734 717 1838 743 'succc-

1049 760 1114 787 dant
1129 761 1155 787 in
1177 768 1209 788 eo
1232 761 1310 788 liberi
1331 766 1378 789 aut
1405 761 1523 796 cognati,
1548 761 1590 788 vel
1617 761 1783 795 possessoris
1805 762 1837 787 de

1049 812 1082 833 eo
1098 807 1239 834 statuentis
1249 807 1373 834 voluntas
1389 807 1541 841 impleatur.
1562 807 1590 834 Si
1609 814 1672 834 vero
1687 807 1748 841 quis
1763 807 1837 834 loco-

1051 859 1110 879 rum
1137 860 1246 880 suorum
1262 853 1304 880 vel
1322 853 1520 887 particularem,
1540 853 1581 879 vel
1598 853 1748 880 universam
1769 853 1835 880 alie-

1050 898 1187 926 nationem
1208 898 1340 932 instituat,
1366 903 1429 933 puta
1448 899 1488 926 sic
1507 900 1626 926 humano
1650 899 1772 932 consilio,
1795 899 1836 926 vel

1047 948 1107 969 orta
1123 943 1156 970 de
1177 943 1364 971 vicissitudine
1382 943 1510 978 temporis
1530 943 1694 971 necessitate
1711 947 1836 977 urgente,

1047 987 1088 1014 vel
1104 988 1184 1014 etiam
1201 987 1258 1014 sola
1268 988 1407 1014 voluntate
1422 992 1582 1022 suggerente
1596 995 1603 1013 :
1618 987 1778 1021 praediorum
1796 986 1837 1013 vel

1047 1040 1173 1067 agrorum
1188 1034 1356 1065 earumdem,
1378 1038 1423 1060 aut
1440 1033 1522 1059 etiam
1538 1032 1685 1060 conﬁnium
1703 1032 1837 1059 habitato-

1047 1077 1122 1104 ribus
1137 1078 1269 1111 permissa
1293 1078 1328 1105 sit
1350 1078 1461 1112 emptio,
1489 1085 1542 1105 non
1568 1078 1640 1112 quod
1661 1078 1712 1105 hoc
1735 1077 1777 1104 vel
1803 1077 1835 1104 ad

1045 1120 1148 1155 odiitm,
1174 1123 1216 1150 vel
1241 1123 1370 1150 invidiam
1395 1123 1578 1158 potentiorum
1605 1127 1774 1156 statuamus;
1790 1123 1837 1150 sed

1046 1167 1080 1194 ad
1095 1167 1214 1204 lavorem
1240 1172 1267 1196 et
1289 1168 1469 1202 patrocinium
1488 1175 1649 1204 pauperum,
1667 1168 1837 1202 salutemque

1046 1202 1191 1247 publicam,
1206 1213 1243 1240 ita
1255 1213 1428 1240 deﬁniamus.
1442 1202 1546 1248 Quippe
1559 1221 1608 1247 pro
1620 1221 1663 1245 eo,
1680 1214 1752 1248 quod
1765 1213 1835 1245 illos,

1046 1258 1091 1292 qui
1108 1258 1237 1286 divinitus
1254 1259 1444 1294 magistratum
1464 1259 1575 1294 gerendi
1592 1263 1753 1292 potestatem
1767 1266 1834 1285 con-

1045 1302 1129 1330 secuti
1142 1307 1214 1334 sunt.
1228 1303 1329 1338 quique
1341 1308 1394 1330 tam
1407 1303 1591 1338 gloria,quam
1603 1303 1701 1338 opibus
1717 1303 1836 1337 reliquos

1045 1347 1220 1381 antecellunt,
1249 1348 1327 1375 valde
1357 1349 1390 1376 de
1419 1348 1581 1383 pauperibus
1615 1355 1676 1375 esse
1706 1347 1836 1375 sollicitos

1044 1394 1203 1428 Oportebat;
1219 1394 1269 1428 ipsi
1286 1402 1334 1422 eos
1349 1401 1398 1429 pro
1415 1401 1477 1422 esca
1498 1401 1546 1422 sua
1568 1394 1708 1427 ducentes,
1728 1401 1835 1428 permo-

1046 1438 1114 1466 leste
1134 1439 1237 1472 ferunt,
1256 1447 1350 1467 eorum
1373 1447 1402 1467 se
1418 1440 1488 1468 bona
1511 1440 1591 1468 citius
1612 1447 1664 1466 non
1684 1439 1834 1474 possidere.

207 1471 284 1521 9"?"
301 1472 323 1497 εί
347 1480 398 1498 "0“
421 1473 446 1499 ί¹¹
465 1482 559 1502 omnes
578 1477 688 1510 imPium
705 1479 771 1507 adeo
789 1480 893 1509 facinus
908 1483 992 1517 cadit,
1013 1489 1040 1512 at
1057 1485 1124 1520 legis
1141 1486 1221 1521 hujus
1243 1487 1399 1515 observatio
1432 1486 1584 1514 communis
1598 1485 1738 1521 {omnibus
1754 1489 1811 1513 esto
1827 1493 1833 1510 :

206 1524 240 1542 ne
255 1516 369 1544 latenter
386 1527 436 1545 una
451 1528 511 1547 cum
525 1523 615 1549 tritico
630 1523 722 1551 lolium
740 1526 891 1561 calligatur.

242 1563 276 1590 α’.
289 1564 393 1611 Μηδεὶς
411 1564 456 1593 οὖν
469 1568 568 1602 μηκέτι
585 1570 653 1604 μήτε
667 1571 722 1597 τῶν
743 1575 900 1608 περιφανῶν
915 1577 997 1611 μαγί-
1011 1579 1032 1608 C

206 1617 296 1656 στρων
311 1610 327 1644 ἢ
343 1612 507 1643 πατρικίων,
519 1614 587 1648 μήτε
604 1615 658 1642 τῶν
673 1616 770 1652 ἀρχαῖς
783 1619 798 1654 ἢ
814 1610 993 1656 στρατηγίαις

204 1654 221 1689 ἢ
250 1655 397 1687 πολιτικοῖς
422 1657 662 1694 ἢστρατιωτικοῖς
684 1662 822 1698 ἀξιώμασι
838 1654 991 1702 τετιμημέ-

205 1707 269 1748 νωνῖ
287 1701 356 1748 μήτε
372 1703 426 1738 μὴν
445 1704 513 1735 ὅλως
528 1705 583 1732 τῶν
596 1708 637 1738 εἰς
656 1709 809 1745 συγκλήτου
825 1701 993 1748 βουλὴνγάπ-

206 1745 415 1794 ηριθνμημένων,
431 1750 500 1794 μήτε
514 1750 568 1777 τῶν
584 1752 741 1787 θεματικῶν
753 1745 892 1791 ἀρχόντων
902 1745 923 1794 ’ἢ
938 1760 992 1786 ἀπ-

205 1793 355 1841 αρχόντων,
370 1795 439 1829 μήτε
454 1793 508 1823 τῶν
522 1797 736 1833 θεοφιλεστάτων
752 1793 958 1838 μητροπολιτῶν
974 1805 990 1841 ἤ

205 1837 427 1886 ἅρχιεπισκόπων
444 1841 460 1877 ἣ
481 1843 638 1871 ἐπισκόπων
654 1846 669 1881 ἢ
691 1837 850 1882 ἡγουμένων
867 1850 883 1884 ἢ
898 1837 995 1886 ἑκκληξ

208 1884 355 1911 σιαστικῶν
369 1886 508 1921 ἀρχόντων
522 1889 538 1923 ἢ
554 1889 608 1917 τῶν
623 1891 673 1925 τὴν
689 1894 859 1926 προστασίαν
874 1895 920 1921 καὶ
934 1884 994 1922 ἐπι-

209 1929 334 1960 κράτειαν
347 1931 401 1957 τῶν
417 1933 552 1969 εὐαγῶνῆ
568 1935 715 1969 βασιλικῶν
731 1938 813 1966 οἴκων
826 1940 953 1974 ἐχόντων,
974 1942 990 1976 ἢ

206 1975 245 2022 εἷς
260 1976 359 2022 (μεῖον
373 1978 518 2012 πρόσωπον
532 1980 549 2015 ἢ
564 1980 614 2015 τῆς
638 1982 782 2019 βασιλικῆς
797 1986 958 2020 περιουσίας

203 2019 252 2067 τῆς
268 2020 443 2056 Ἐκκλησίας,
454 2024 470 2058 ἢ
482 2024 515 2050 δι’
527 2025 656 2063 ἑαυτῶνῆ
667 2027 710 2054 διὰ
725 2030 889 2064 παρενοέτου
903 2019 989 2067 προσέ

202 2065 283 2113 fama?
296 2067 425 2103 τολμήσει
441 2071 539 2105 μηκέτι
556 2071 611 2099 εἴτε
629 2074 668 2105 είς
683 2075 782 2109 χοιρίον
796 2076 811 2110 ἢ
829 2078 869 2109 εἰς
887 2065 985 2113 ἀγρὸν,

202 2110 218 2146 ἦ
235 2112 351 2159 καθόλου
369 2115 385 2150 ἢ
404 2117 526 2150 μερικῶς
552 2119 723 2147 ὑπεισελθεῖν
749 2121 764 2157 ἢ
784 2123 887 2157 ἀγορᾶς
904 2110 987 2159 η’δωξ

203 2158 268 2189 Ρῖίῖς
282 2158 297 2192 ἢ
313 2159 490 2195 κληροδοσίας
509 2163 622 2199 ἢᾶλλης
639 2165 750 2193 οῐασοῦν
766 2158 929 2202 προφάσεως
946 2170 989 2195 αὶ-

200 2204 256 2238 τῖᾳ,
281 2204 320 2236 ὡς
348 2206 495 2242 ἀνισχύρου
513 2209 562 2244 μὲν
574 2210 757 2246 διορισθείσης
778 2214 828 2249 τῆς
856 2215 986 2250 τοιαύτης

202 2251 410 2285 προσκτήσεωςν
424 2253 588 2290 ἀναργύρως
604 2256 633 2282 δὲ
644 2257 698 2283 τῶν
711 2259 909 2294 ἐπικτωμένοιν
919 2260 987 2295 μετὰ

200 2296 248 2329 τῆς
266 2298 483 2334 προσγινομένης
501 2301 676 2336 καλλιεργίας
693 2304 761 2338 πρὸς
779 2305 842 2336 τοὺς
856 2306 986 2340 κατέχον-

200 2349 260 2372 τας,
273 2342 290 2376 ἢ
305 2342 408 2370 τούτων
420 2344 436 2379 ἢ
449 2346 589 2380 συγγενῶν
601 2348 691 2374 αὐτῶν
703 2349 740 2384 μὴ
753 2350 909 2384 προσόντων
920 2351 987 2385 πρὸς

199 2387 263 2417 τοὺς
285 2387 340 2414 τῶν
359 2390 468 2425 χωρίων
482 2391 498 2426 ἢ
513 2392 606 2427 ἀγρῶν
621 2394 767 2429 οἰκήτορας
783 2398 882 2430 χωρεῖν
897 2396 988 2423 διακε-

200 2431 378 2460 λευσοέντων.
398 2433 429 2460 Ἠ
443 2434 498 2471 γὰρ
515 2436 569 2463 τῶν
579 2438 707 2465 τοιούτων
725 2440 888 2474 ἐπικράτεια
902 2449 986 2477 προσ-

199 2477 282 2503 ώπων
296 2478 343 2505 καὶ
358 2479 412 2506 τῶν
430 2481 555 2516 πενήτων
578 2483 628 2518 τὴν
652 2484 753 2520 πολλὴν
778 2485 917 2521 ἐπηύξησε
938 2496 986 2514 τα-

199 2521 364 2559 λαιπωρίαν,
387 2525 425 2560 τῷ
447 2526 545 2562 πλήθει
560 2528 615 2555 τῶν
637 2530 761 2561 οἰκετῶν,
786 2531 841 2557 τῶν
870 2532 986 2569 μισθαρ-

199 2568 330 2601 νούντων,
343 2570 398 2597 τῶν
412 2571 500 2604 ἄλλως
517 2573 717 2610 ὲπιτρεχόντων
732 2577 778 2603 καὶ
790 2578 923 2605 συνόντων
936 2579 985 2609 τὰς

200 2614 412 2648 ἐπαναστάσεις,
421 2617 471 2650 τὰς
481 2618 598 2654 διώξεις,
606 2621 655 2653 τὰς
668 2622 820 2657 ἀγγαρείας
832 2624 984 2658 ἐπάγουσα,

199 2659 248 2690 τὰς
256 2660 346 2692 ἄλλως
361 2662 599 2697 ἐπακολουθούσας
609 2666 713 2701 θλίψεις
729 2668 774 2694 καὶ
792 2670 986 2705 στενοχωρίας,

201 2706 246 2731 καὶ
263 2707 313 2741 τὴν
324 2707 371 2734 τοῦ
385 2709 475 2736 κοινοῦ
491 2710 641 2747 διαφθορὰν
655 2713 709 2745 τοίς
732 2715 848 2749 συνορᾷν
864 2715 986 2750 δυναμέ-

200 2758 255 2782 νοις
270 2752 302 2778 ob
318 2753 431 2787 μικρὰν,
441 2755 512 2791 εἰμὴ
523 2757 684 2791 προφθάσας
694 2759 708 2785 ὁ
725 2758 820 2794 παρὼν
833 2760 987 2787 ἀναστεξλει

200 2794 291 2828 νόμος,
313 2796 506 2832 προεξὲνησεν.
526 2800 559 2826 'H
573 2801 627 2836 γὰρ
641 2801 695 2827 τῶν
710 2802 814 2830 πολλῶν
826 2805 987 2839 κατοίκησις

202 2841 301 2886 πολλὴν
322 2842 443 2870 δείκνυσι
459 2845 509 2879 τῆς
522 2847 616 2882 χρείας
630 2848 679 2883 τὴν
702 2849 847 2883 ὠφέλειαν,
865 2850 913 2886 τὴν
931 2850 986 2878 τῶν

200 2883 338 2921 δημοσίων
360 2891 550 2926 συνεισφορὰν,
568 2893 617 2928 τὴν
639 2894 692 2921 τῶν
709 2895 915 2930 στρατιωτικῶν.
932 2896 986 2923 λει-

1087 1578 1110 1604 t.
1138 1577 1233 1605 Nullus
1248 1577 1329 1613 igitur
1345 1578 1371 1604 in
1388 1582 1525 1612 posterum
1539 1584 1589 1604 nec
1609 1576 1753 1604 illustrium
1776 1584 1833 1603 ma-

1046 1624 1206 1659 gistrorum,
1223 1627 1270 1650 aut
1286 1623 1472 1658 patriciorum,
1487 1631 1536 1650 uec
1553 1623 1764 1659 magistratibus,
1788 1627 1833 1649 aut

1046 1669 1182 1704 prmturis,
1215 1672 1261 1695 aut
1284 1668 1407 1695 civilibus
1431 1668 1626 1695 militaribusve
1656 1667 1830 1703 dignitatibus

1045 1714 1250 1745 honoratorum,
1274 1720 1324 1740 nec
1347 1720 1440 1740 eorum
1463 1714 1585 1748 omnino,
1609 1714 1654 1747 qui
1676 1718 1829 1740 senatorum

1046 1765 1160 1786 numero
1174 1762 1329 1790 censentur,
1343 1764 1391 1785 nec
1403 1757 1607 1792 provincialium
1623 1758 1777 1792 praesidum,
1791 1756 1832 1785 vel

1045 1802 1236 1837 exprmsidum,
1250 1810 1301 1829 nec
1315 1802 1561 1830 amantissimorum
1579 1801 1625 1828 Dei
1643 1802 1831 1836 metropolita-

1044 1857 1153 1881 norum,
1169 1848 1210 1876 vel
1226 1848 1503 1883 arcbiepiscoporum,
1520 1847 1563 1874 vel
1577 1847 1775 1881 episcoporum,
1791 1847 1832 1874 vel

1044 1896 1182 1928 abbatum,
1203 1895 1260 1922 sive
1274 1894 1406 1928 priorum,
1422 1893 1463 1921 vel
1478 1892 1722 1921 ecclesiasticorum
1737 1893 1832 1927 praesi-

1044 1941 1118 1973 dum,
1133 1940 1175 1968 vel
1190 1948 1295 1971 eorum,
1313 1939 1357 1974 qui
1380 1938 1513 1974 religiosis
1529 1938 1633 1966 aedibus
1651 1943 1697 1965 aut
1713 1942 1833 1973 augusta:

1044 1987 1122 2014 alicui
1140 1987 1231 2014 domui
1258 1994 1320 2014 cum
1346 1989 1479 2021 potestate
1507 1990 1639 2021 praesunt,
1665 1984 1692 2012 in
1717 1991 1832 2019 persona

1043 2040 1103 2064 sua,
1120 2033 1163 2060 vel
1180 2032 1288 2060 nomine
1306 2031 1462 2067 patrimonii
1484 2030 1624 2066 principis,
1640 2030 1682 2058 vel
1696 2031 1830 2062 ecclesire,

1043 2086 1091 2114 per
1100 2086 1140 2111 se,
1153 2078 1195 2106 vel
1205 2085 1254 2113 per
1265 2078 1414 2113 subiectam
1428 2084 1585 2113 personam,
1602 2077 1700 2104 audeat
1714 2075 1830 2118 amplius

1044 2125 1070 2151 in
1087 2124 1215 2159 praedium
1233 2123 1275 2151 vel
1290 2131 1384 2159 agrum
1400 2124 1427 2150 in
1440 2123 1554 2151 solidum
1571 2127 1618 2150 aut
1634 2130 1667 2150 ex
1681 2126 1757 2157 parte
1772 2129 1832 2149 suc-

1044 2172 1158 2202 cedere,
1170 2170 1211 2197 vel
1227 2169 1381 2204 emptionis,
1397 2168 1438 2196 vel
1453 2168 1618 2200 donationis,
1634 2167 1674 2195 vel
1688 2168 1831 2195 haeredita-

1046 2216 1091 2248 tis,
1105 2215 1147 2242 Vel
1160 2214 1311 2252 occasionis
1326 2213 1438 2241 alterius
1459 2213 1643 2248 cujuscunque
1656 2213 1733 2240 titulo
1750 2220 1830 2240 :eum

1006 2266 1027 2293 ο
1041 2260 1345 2295 bujusmodiacquisitio
1360 2259 1458 2287 nullius
1472 2265 1533 2286 esse
1548 2258 1678 2286 momenti
1695 2258 1831 2286 declarata

1041 2309 1086 2339 sit,
1112 2310 1139 2334 et
1152 2308 1253 2341 absque
1271 2305 1350 2341 pretii
1374 2305 1544 2333 restitutione
1558 2312 1601 2332 res
1616 2304 1764 2339 acquisitas
1778 2312 1828 2331 una

1040 2360 1100 2379 cum
1117 2352 1281 2386 expolitione
1298 2351 1358 2387 [hac
1375 2356 1424 2385 ut,
1452 2358 1513 2378 cum
1531 2350 1750 2386 emponematis],
1772 2358 1830 2384 qum

1040 2398 1163 2429 accessit,
1196 2398 1228 2424 ad
1262 2404 1444 2432 possessores.
1477 2401 1523 2424 aut
1553 2397 1754 2431 possessoribus
1783 2405 1828 2423 cn-

1042 2451 1136 2471 rumve
1156 2443 1313 2478 propinquis
1338 2450 1392 2470 non
1418 2442 1601 2473 exstantibus,
1631 2443 1663 2469 ad
1694 2442 1828 2469 habitato-

1040 2497 1084 2517 res
1112 2490 1231 2517 vicorum
1258 2489 1300 2517 vel
1317 2496 1441 2524 agrorum
1463 2489 1613 2524 pervenire,
1644 2488 1741 2516 merito
1772 2495 1828 2515 slu—

1040 2538 1128 2560 tutum
1158 2533 1202 2560 sit.
1238 2532 1305 2560 Nam
1338 2532 1470 2568 ejusmodi
1500 2540 1678 2568 personarum
1709 2536 1828 2567 potestas

1040 2586 1162 2613 magnam
1192 2578 1264 2606 illam
1290 2585 1437 2614 pauperum
1463 2579 1599 2606 miseriam
1624 2578 1747 2609 adauxit,
1772 2576 1828 2610 ipsa

1040 2624 1211 2652 multitudine
1240 2624 1412 2656 famulorum,
1440 2623 1678 2653 mercenariorum,
1710 2626 1738 2649 et
1760 2621 1827 2648 alias

1038 2670 1234 2698 accurrentium
1271 2674 1352 2704 atque
1381 2677 1441 2697 cum
1479 2670 1519 2697 eis
1554 2668 1718 2704 degentium,
1745 2667 1828 2694 insul-

1039 2720 1091 2747 lus,
1120 2720 1147 2742 et
1175 2715 1386 2750 persecutiones,
1414 2719 1441 2742 et
1460 2712 1829 2748 angariasinl'erens,alquo

1039 2760 1199 2788 comitantes
1219 2760 1286 2788 alias
1310 2759 1481 2791 atilictiones,
1507 2762 1534 2786 et
1567 2757 1715 2792 angustias,
1736 2762 1763 2784 ct
1786 2758 1827 2785 rei

1039 2807 1192 2834 communis
1203 2807 1316 2834 exitium
1329 2806 1482 2834 confinibus
1492 2813 1544 2833 non
1556 2812 1586 2833 ex
1592 2804 1806 2840 iguum'gignens
1819 2813 1825 2831 :

1037 2853 1088 2880 nisi
1101 2851 1143 2880 lex
1155 2860 1285 2887 praesens,
1301 2854 1360 2880 haec
1373 2851 1555 2886 anticipando,
1570 2855 1705 2878 coerceat.
1722 2850 1826 2885 Quippe

1036 2897 1153 2932 plurium
1170 2896 1319 2925 incolarum
1333 2895 1484 2931 frequentia
1500 2901 1604 2931 magna:
1619 2896 1823 2925 commodorum
