  <div class='ocr_page' id='page_1' title='image "/cluster/home/n/w/nwhite01/storage/ocr_20150623/113:no.2/coo.31924054870179/294.png"; bbox 0 0 4050 6422; ppageno 0'>
   <div class='ocr_carea' id='block_1_1' title="bbox 357 364 462 428">
    <p class='ocr_par' dir='ltr' id='par_1_1' title="bbox 357 364 462 428">
     <span class='ocr_line' id='line_1_1' title="bbox 357 364 462 428; baseline -0.019 0"><span class='ocrx_word' id='word_1_1' title='bbox 357 364 462 428; x_wconf 71' lang='grc'><strong>585</strong></span> 
     </span>
    </p>
   </div>
   <div class='ocr_carea' id='block_1_2' title="bbox 1443 365 2516 432">
    <p class='ocr_par' dir='ltr' id='par_1_2' title="bbox 1443 365 2516 432">
     <span class='ocr_line' id='line_1_2' title="bbox 1443 365 2516 432; baseline 0.005 -6"><span class='ocrx_word' id='word_1_2' title='bbox 1443 367 1804 431; x_wconf 67' lang='grc' dir='ltr'><strong>ΝονΕιιΑξ</strong></span> <span class='ocrx_word' id='word_1_3' title='bbox 1840 365 2516 432; x_wconf 79' lang='lat' dir='ltr'><strong>CONSTITUTIONES.</strong></span> 
     </span>
    </p>
   </div>
   <div class='ocr_carea' id='block_1_3' title="bbox 3491 369 3598 432">
    <p class='ocr_par' dir='ltr' id='par_1_3' title="bbox 3491 369 3598 432">
     <span class='ocr_line' id='line_1_3' title="bbox 3491 369 3598 432; baseline -0.019 0"><span class='ocrx_word' id='word_1_4' title='bbox 3491 369 3598 432; x_wconf 81' lang='lat'><strong>566</strong></span> 
     </span>
    </p>
   </div>
   <div class='ocr_carea' id='block_1_4' title="bbox 367 475 1951 552">
    <p class='ocr_par' dir='ltr' id='par_1_4' title="bbox 367 475 1951 552">
     <span class='ocr_line' id='line_1_4' title="bbox 367 475 1951 552; baseline 0.003 -21"><span class='ocrx_word' id='word_1_5' title='bbox 367 481 517 540; x_wconf 81' lang='grc' dir='ltr'><strong>κείας</strong></span> <span class='ocrx_word' id='word_1_6' title='bbox 573 475 1101 549; x_wconf 64' lang='grc' dir='ltr'><strong>παρατεινομένους</strong></span> <span class='ocrx_word' id='word_1_7' title='bbox 1143 475 1309 548; x_wconf 82' lang='grc' dir='ltr'><strong>τύχης</strong></span> <span class='ocrx_word' id='word_1_8' title='bbox 1358 479 1753 552; x_wconf 81' lang='grc' dir='ltr'><strong>ἀτυχεστέρους</strong></span> <span class='ocrx_word' id='word_1_9' title='bbox 1799 479 1951 542; x_wconf 74' lang='grc' dir='ltr'><strong>τοὺς</strong></span> 
     </span>
    </p>
   </div>
   <div class='ocr_carea' id='block_1_5' title="bbox 2054 475 3600 552">
    <p class='ocr_par' dir='ltr' id='par_1_5' title="bbox 2054 479 3600 548">
     <span class='ocr_line' id='line_1_5' title="bbox 2054 479 3600 548; baseline 0.001 -15"><span class='ocrx_word' id='word_1_10' title='bbox 2054 491 2258 538; x_wconf 71' lang='lat' dir='ltr'><strong>ortuuae</strong></span> <span class='ocrx_word' id='word_1_11' title='bbox 2282 497 2394 539; x_wconf 61' lang='lat' dir='ltr'><strong>suae</strong></span> <span class='ocrx_word' id='word_1_12' title='bbox 2416 483 2634 537; x_wconf 89' lang='lat' dir='ltr'><strong>modum</strong></span> <span class='ocrx_word' id='word_1_13' title='bbox 2664 480 3004 547; x_wconf 80' lang='lat' dir='ltr'><strong>excedenles,</strong></span> <span class='ocrx_word' id='word_1_14' title='bbox 3032 479 3288 533; x_wconf 77' lang='lat' dir='ltr'><strong>finitimos</strong></span> <span class='ocrx_word' id='word_1_15' title='bbox 3309 480 3600 548; x_wconf 80' lang='lat' dir='ltr'><strong>praedando</strong></span> 
     </span>
    </p>
   </div>
   <div class='ocr_carea' id='block_1_6' title="bbox 363 565 1928 640">
    <p class='ocr_par' dir='ltr' id='par_1_6' title="bbox 363 565 1928 640">
     <span class='ocr_line' id='line_1_6' title="bbox 363 565 1928 640; baseline 0.001 -18"><span class='ocrx_word' id='word_1_16' title='bbox 363 565 774 638; x_wconf 71' lang='grc' dir='ltr'><strong>πλησιοχώρους</strong></span> <span class='ocrx_word' id='word_1_17' title='bbox 823 565 1217 636; x_wconf 73' lang='grc' dir='ltr'><strong>λεηλατοῦντας</strong></span> <span class='ocrx_word' id='word_1_18' title='bbox 1275 569 1706 640; x_wconf 78' lang='grc' dir='ltr'><strong>ἀπεργάζεσθαι.</strong></span> <span class='ocrx_word' id='word_1_19' title='bbox 1757 569 1928 624; x_wconf 75' lang='grc' dir='ltr'><strong>Τοῦτο</strong></span> 
     </span>
    </p>
   </div>
   <div class='ocr_carea' id='block_1_7' title="bbox 2033 567 3604 636">
    <p class='ocr_par' dir='ltr' id='par_1_7' title="bbox 2033 567 3604 636">
     <span class='ocr_line' id='line_1_7' title="bbox 2033 567 3604 636; baseline -0.003 -12"><span class='ocrx_word' id='word_1_20' title='bbox 2033 571 2345 627; x_wconf 82' lang='lat' dir='ltr'><strong>miseriores</strong></span> <span class='ocrx_word' id='word_1_21' title='bbox 2398 571 2642 625; x_wconf 76' lang='lat' dir='ltr'><strong>reddere.</strong></span> <span class='ocrx_word' id='word_1_22' title='bbox 2675 567 2807 622; x_wconf 83' lang='lat' dir='ltr'><strong>Nam</strong></span> <span class='ocrx_word' id='word_1_23' title='bbox 2849 569 2965 622; x_wconf 79' lang='lat' dir='ltr'><strong>htec</strong></span> <span class='ocrx_word' id='word_1_24' title='bbox 3009 575 3417 630; x_wconf 89' lang='lat' dir='ltr'><strong>contractuum,</strong></span> <span class='ocrx_word' id='word_1_25' title='bbox 3465 581 3604 636; x_wconf 85' lang='lat' dir='ltr'><strong>quos</strong></span> 
     </span>
    </p>
   </div>
   <div class='ocr_carea' id='block_1_8' title="bbox 357 651 1951 728">
    <p class='ocr_par' dir='ltr' id='par_1_8' title="bbox 357 651 1930 728">
     <span class='ocr_line' id='line_1_8' title="bbox 357 651 1930 728; baseline -0.001 -18"><span class='ocrx_word' id='word_1_26' title='bbox 357 658 470 726; x_wconf 81' lang='grc' dir='ltr'><strong>γὰρ</strong></span> <span class='ocrx_word' id='word_1_27' title='bbox 502 656 614 709; x_wconf 83' lang='grc' dir='ltr'><strong>τῶν</strong></span> <span class='ocrx_word' id='word_1_28' title='bbox 656 657 714 708; x_wconf 73' lang='grc' dir='ltr'><strong>έν</strong></span> <span class='ocrx_word' id='word_1_29' title='bbox 743 654 870 724; x_wconf 80' lang='grc' dir='ltr'><strong>ὕψει</strong></span> <span class='ocrx_word' id='word_1_30' title='bbox 923 657 1021 710; x_wconf 75' lang='grc' dir='ltr'><strong>καὶ</strong></span> <span class='ocrx_word' id='word_1_31' title='bbox 1069 655 1197 728; x_wconf 77' lang='grc' dir='ltr'><strong>δόξῃ</strong></span> <span class='ocrx_word' id='word_1_32' title='bbox 1242 651 1504 726; x_wconf 80' lang='grc' dir='ltr'><strong>βιωτικῆς</strong></span> <span class='ocrx_word' id='word_1_33' title='bbox 1549 654 1930 726; x_wconf 84' lang='grc' dir='ltr'><strong>λαμπρότητος</strong></span> 
     </span>
    </p>
   </div>
   <div class='ocr_carea' id='block_1_9' title="bbox 2054 651 3603 728">
    <p class='ocr_par' dir='ltr' id='par_1_9' title="bbox 2054 655 3603 728">
     <span class='ocr_line' id='line_1_9' title="bbox 2054 655 3603 728; baseline -0.003 -13"><span class='ocrx_word' id='word_1_34' title='bbox 2054 670 2216 715; x_wconf 89' lang='lat' dir='ltr'><strong>neunt</strong></span> <span class='ocrx_word' id='word_1_35' title='bbox 2249 676 2370 717; x_wconf 91' lang='lat' dir='ltr'><strong>cum</strong></span> <span class='ocrx_word' id='word_1_36' title='bbox 2399 659 2796 723; x_wconf 82' lang='lat' dir='ltr'><strong>humilioribus,</strong></span> <span class='ocrx_word' id='word_1_37' title='bbox 2830 655 2920 728; x_wconf 86' lang='lat' dir='ltr'><strong>qui</strong></span> <span class='ocrx_word' id='word_1_38' title='bbox 2955 658 3009 711; x_wconf 87' lang='lat' dir='ltr'><strong>in</strong></span> <span class='ocrx_word' id='word_1_39' title='bbox 3042 655 3376 712; x_wconf 84' lang='lat' dir='ltr'><strong>&#39;sublimitate</strong></span> <span class='ocrx_word' id='word_1_40' title='bbox 3403 656 3603 725; x_wconf 78' lang='lat' dir='ltr'><strong>gloria-</strong></span> 
     </span>
    </p>
   </div>
   <div class='ocr_carea' id='block_1_10' title="bbox 360 741 1932 818">
    <p class='ocr_par' dir='ltr' id='par_1_10' title="bbox 360 741 1932 818">
     <span class='ocr_line' id='line_1_10' title="bbox 360 741 1932 818; baseline -0.001 -17"><span class='ocrx_word' id='word_1_41' title='bbox 360 765 568 818; x_wconf 87' lang='grc' dir='ltr'><strong>γαυρου</strong></span> <span class='ocrx_word' id='word_1_42' title='bbox 577 747 756 817; x_wconf 84' lang='grc' dir='ltr'><strong>μένων</strong></span> <span class='ocrx_word' id='word_1_43' title='bbox 775 741 908 817; x_wconf 77' lang='grc' dir='ltr'><strong>πρδς</strong></span> <span class='ocrx_word' id='word_1_44' title='bbox 929 747 1056 809; x_wconf 77' lang='grc' dir='ltr'><strong>τοὺς</strong></span> <span class='ocrx_word' id='word_1_45' title='bbox 1079 747 1500 818; x_wconf 77' lang='grc' dir='ltr'><strong>ταπεινοτέρους</strong></span> <span class='ocrx_word' id='word_1_46' title='bbox 1530 747 1640 801; x_wconf 82' lang='grc' dir='ltr'><strong>τῶν</strong></span> <span class='ocrx_word' id='word_1_47' title='bbox 1665 748 1932 800; x_wconf 88' lang='grc' dir='ltr'><strong>συναλλα-</strong></span> 
     </span>
    </p>
   </div>
   <div class='ocr_carea' id='block_1_11' title="bbox 359 833 1934 906">
    <p class='ocr_par' dir='ltr' id='par_1_11' title="bbox 359 833 1934 906">
     <span class='ocr_line' id='line_1_11' title="bbox 359 833 1934 906; baseline -0.001 -17"><span class='ocrx_word' id='word_1_48' title='bbox 359 837 590 904; x_wconf 81' lang='grc' dir='ltr'><strong>γμάτων</strong></span> <span class='ocrx_word' id='word_1_49' title='bbox 613 834 1016 906; x_wconf 79' lang='grc' dir='ltr'><strong>ἁρμοδιώτερον</strong></span> <span class='ocrx_word' id='word_1_50' title='bbox 1029 833 1230 899; x_wconf 71' lang='grc' dir='ltr'><strong>ἑπίκλη</strong></span> <span class='ocrx_word' id='word_1_51' title='bbox 1239 850 1316 904; x_wconf 90' lang='grc' dir='ltr'><strong>μα</strong></span> <span class='ocrx_word' id='word_1_52' title='bbox 1333 849 1349 867; x_wconf 90' lang='grc'><strong>·</strong></span> <span class='ocrx_word' id='word_1_53' title='bbox 1377 835 1479 905; x_wconf 83' lang='grc' dir='ltr'><strong>τῆς</strong></span> <span class='ocrx_word' id='word_1_54' title='bbox 1494 836 1604 889; x_wconf 83' lang='grc' dir='ltr'><strong>τῶν</strong></span> <span class='ocrx_word' id='word_1_55' title='bbox 1625 835 1934 906; x_wconf 82' lang='grc' dir='ltr'><strong>προσώπων</strong></span> 
     </span>
    </p>
   </div>
   <div class='ocr_carea' id='block_1_12' title="bbox 358 925 1930 996">
    <p class='ocr_par' dir='ltr' id='par_1_12' title="bbox 358 925 1930 996">
     <span class='ocr_line' id='line_1_12' title="bbox 358 925 1930 996; baseline 0.001 -18"><span class='ocrx_word' id='word_1_56' title='bbox 358 926 625 995; x_wconf 71' lang='grc' dir='ltr'><strong>διαφορᾶς</strong></span> <span class='ocrx_word' id='word_1_57' title='bbox 657 925 733 988; x_wconf 86' lang='grc' dir='ltr'><strong>ὼς</strong></span> <span class='ocrx_word' id='word_1_58' title='bbox 767 926 842 996; x_wconf 75' lang='grc' dir='ltr'><strong>μὴ</strong></span> <span class='ocrx_word' id='word_1_59' title='bbox 873 925 1058 996; x_wconf 79' lang='grc' dir='ltr'><strong>κοινὴν</strong></span> <span class='ocrx_word' id='word_1_60' title='bbox 1090 925 1187 980; x_wconf 74' lang='grc' dir='ltr'><strong>καὶ</strong></span> <span class='ocrx_word' id='word_1_61' title='bbox 1215 926 1602 996; x_wconf 77' lang='grc' dir='ltr'><strong>συμφέρουσαν</strong></span> <span class='ocrx_word' id='word_1_62' title='bbox 1649 926 1752 980; x_wconf 76' lang='grc' dir='ltr'><strong>καὶ</strong></span> <span class='ocrx_word' id='word_1_63' title='bbox 1791 927 1930 995; x_wconf 82' lang='grc' dir='ltr'><strong>σύμ-</strong></span> 
     </span>
    </p>
   </div>
   <div class='ocr_carea' id='block_1_13' title="bbox 364 1011 1935 1086">
    <p class='ocr_par' dir='ltr' id='par_1_13' title="bbox 364 1011 1935 1086">
     <span class='ocr_line' id='line_1_13' title="bbox 364 1011 1935 1086; baseline 0.002 -20"><span class='ocrx_word' id='word_1_64' title='bbox 364 1029 547 1081; x_wconf 87' lang='grc' dir='ltr'><strong>φωνον</strong></span> <span class='ocrx_word' id='word_1_65' title='bbox 575 1013 674 1082; x_wconf 79' lang='grc' dir='ltr'><strong>τὴν</strong></span> <span class='ocrx_word' id='word_1_66' title='bbox 705 1014 1112 1084; x_wconf 71' lang='grc' dir='ltr'><strong>πραγματείαν,</strong></span> <span class='ocrx_word' id='word_1_67' title='bbox 1161 1014 1222 1068; x_wconf 80' lang='grc' dir='ltr'><strong>οὐ</strong></span> <span class='ocrx_word' id='word_1_68' title='bbox 1261 1011 1540 1084; x_wconf 84' lang='grc' dir='ltr'><strong>λογισμῶν</strong></span> <span class='ocrx_word' id='word_1_69' title='bbox 1581 1015 1743 1085; x_wconf 89' lang='grc' dir='ltr'><strong>μόνον</strong></span> <span class='ocrx_word' id='word_1_70' title='bbox 1795 1033 1935 1086; x_wconf 86' lang='grc' dir='ltr'><strong>προ-</strong></span> 
     </span>
    </p>
   </div>
   <div class='ocr_carea' id='block_1_14' title="bbox 365 1101 1935 1176">
    <p class='ocr_par' dir='ltr' id='par_1_14' title="bbox 365 1101 1935 1176">
     <span class='ocr_line' id='line_1_14' title="bbox 365 1101 1935 1176; baseline 0.004 -22"><span class='ocrx_word' id='word_1_71' title='bbox 365 1103 558 1170; x_wconf 80' lang='grc' dir='ltr'><strong>λήψει,</strong></span> <span class='ocrx_word' id='word_1_72' title='bbox 595 1101 734 1155; x_wconf 70' lang='lat' dir='ltr'><strong>am</strong></span> <span class='ocrx_word' id='word_1_73' title='bbox 754 1101 862 1174; x_wconf 86' lang='grc' dir='ltr'><strong>γὰρ</strong></span> <span class='ocrx_word' id='word_1_74' title='bbox 891 1103 987 1156; x_wconf 81' lang='grc' dir='ltr'><strong>καὶ</strong></span> <span class='ocrx_word' id='word_1_75' title='bbox 1011 1104 1357 1174; x_wconf 74' lang='grc' dir='ltr'><strong>πραγμάτων</strong></span> <span class='ocrx_word' id='word_1_76' title='bbox 1384 1104 1698 1176; x_wconf 75' lang='grc' dir='ltr'><strong>ἀκολουθίᾳ,</strong></span> <span class='ocrx_word' id='word_1_77' title='bbox 1720 1108 1778 1160; x_wconf 79' lang='grc' dir='ltr'><strong>ὲν</strong></span> <span class='ocrx_word' id='word_1_78' title='bbox 1805 1107 1935 1160; x_wconf 83' lang='grc' dir='ltr'><strong>πολ-</strong></span> 
     </span>
    </p>
   </div>
   <div class='ocr_carea' id='block_1_15' title="bbox 377 1190 1937 1266">
    <p class='ocr_par' dir='ltr' id='par_1_15' title="bbox 377 1190 1937 1266">
     <span class='ocr_line' id='line_1_15' title="bbox 377 1190 1937 1266; baseline 0.004 -23"><span class='ocrx_word' id='word_1_79' title='bbox 377 1194 493 1255; x_wconf 76' lang='grc' dir='ltr'><strong>λοῖς</strong></span> <span class='ocrx_word' id='word_1_80' title='bbox 525 1191 802 1261; x_wconf 79' lang='grc' dir='ltr'><strong>ὁσημέραι</strong></span> <span class='ocrx_word' id='word_1_81' title='bbox 844 1192 1298 1264; x_wconf 75' lang='grc' dir='ltr'><strong>ὑποτυπουμένης</strong></span> <span class='ocrx_word' id='word_1_82' title='bbox 1340 1207 1400 1246; x_wconf 87' lang='grc' dir='ltr'><strong>τε</strong></span> <span class='ocrx_word' id='word_1_83' title='bbox 1441 1190 1534 1247; x_wconf 70' lang='grc' dir='ltr'><strong>καὶ</strong></span> <span class='ocrx_word' id='word_1_84' title='bbox 1580 1196 1937 1266; x_wconf 82' lang='grc' dir='ltr'><strong>τρανολογού-</strong></span> 
     </span>
    </p>
   </div>
   <div class='ocr_carea' id='block_1_16' title="bbox 368 1277 1939 1357">
    <p class='ocr_par' dir='ltr' id='par_1_16' title="bbox 368 1277 1939 1357">
     <span class='ocr_line' id='line_1_16' title="bbox 368 1277 1939 1357; baseline 0.004 -22"><span class='ocrx_word' id='word_1_85' title='bbox 368 1300 492 1351; x_wconf 76' lang='grc' dir='ltr'><strong>σης.</strong></span> <span class='ocrx_word' id='word_1_86' title='bbox 524 1277 620 1343; x_wconf 76' lang='grc' dir='ltr'><strong>Οἷς</strong></span> <span class='ocrx_word' id='word_1_87' title='bbox 647 1281 812 1336; x_wconf 83' lang='grc' dir='ltr'><strong>πλέον</strong></span> <span class='ocrx_word' id='word_1_88' title='bbox 844 1283 1537 1354; x_wconf 60' lang='grc' dir='ltr'><strong>ὲχρῆνηάνασκοπουμένοις</strong></span> <span class='ocrx_word' id='word_1_89' title='bbox 1565 1286 1631 1339; x_wconf 85' lang='grc' dir='ltr'><strong>τὰ</strong></span> <span class='ocrx_word' id='word_1_90' title='bbox 1664 1287 1762 1357; x_wconf 83' lang='grc' dir='ltr'><strong>τῆς</strong></span> <span class='ocrx_word' id='word_1_91' title='bbox 1789 1287 1939 1352; x_wconf 86' lang='grc' dir='ltr'><strong>θείας</strong></span> 
     </span>
    </p>
   </div>
   <div class='ocr_carea' id='block_1_17' title="bbox 366 1371 1940 1448">
    <p class='ocr_par' dir='ltr' id='par_1_17' title="bbox 366 1371 1940 1448">
     <span class='ocr_line' id='line_1_17' title="bbox 366 1371 1940 1448; baseline 0.005 -26"><span class='ocrx_word' id='word_1_92' title='bbox 366 1371 505 1441; x_wconf 82' lang='grc' dir='ltr'><strong>πρὸς</strong></span> <span class='ocrx_word' id='word_1_93' title='bbox 541 1371 741 1434; x_wconf 78' lang='grc' dir='ltr'><strong>αὐτοὺς</strong></span> <span class='ocrx_word' id='word_1_94' title='bbox 771 1373 1060 1442; x_wconf 74' lang='grc' dir='ltr'><strong>εὐμενείας</strong></span> <span class='ocrx_word' id='word_1_95' title='bbox 1095 1374 1228 1443; x_wconf 77' lang='grc' dir='ltr'><strong>πρὸς</strong></span> <span class='ocrx_word' id='word_1_96' title='bbox 1254 1375 1315 1427; x_wconf 82' lang='grc' dir='ltr'><strong>τὸ</strong></span> <span class='ocrx_word' id='word_1_97' title='bbox 1339 1376 1620 1448; x_wconf 76' lang='grc' dir='ltr'><strong>ὁμόχωρον</strong></span> <span class='ocrx_word' id='word_1_98' title='bbox 1684 1377 1940 1432; x_wconf 80' lang='grc' dir='ltr'><strong>εὐνοϊκώ-</strong></span> 
     </span>
    </p>
   </div>
   <div class='ocr_carea' id='block_1_18' title="bbox 367 1461 1943 1540">
    <p class='ocr_par' dir='ltr' id='par_1_18' title="bbox 367 1461 1943 1540">
     <span class='ocr_line' id='line_1_18' title="bbox 367 1461 1943 1540; baseline 0.005 -26"><span class='ocrx_word' id='word_1_99' title='bbox 367 1478 524 1530; x_wconf 84' lang='grc' dir='ltr'><strong>τερον</strong></span> <span class='ocrx_word' id='word_1_100' title='bbox 549 1461 912 1529; x_wconf 80' lang='grc' dir='ltr'><strong>διατίθεσθαι,</strong></span> <span class='ocrx_word' id='word_1_101' title='bbox 944 1463 1062 1535; x_wconf 79' lang='grc' dir='ltr'><strong>[καὶ</strong></span> <span class='ocrx_word' id='word_1_102' title='bbox 1095 1465 1155 1517; x_wconf 83' lang='grc' dir='ltr'><strong>τὸ</strong></span> <span class='ocrx_word' id='word_1_103' title='bbox 1187 1465 1386 1535; x_wconf 75' lang='grc' dir='ltr'><strong>ἄδηλον</strong></span> <span class='ocrx_word' id='word_1_104' title='bbox 1415 1467 1512 1532; x_wconf 78' lang='grc' dir='ltr'><strong>τῆς</strong></span> <span class='ocrx_word' id='word_1_105' title='bbox 1550 1468 1720 1540; x_wconf 82' lang='grc' dir='ltr'><strong>τύχης</strong></span> <span class='ocrx_word' id='word_1_106' title='bbox 1745 1467 1943 1524; x_wconf 75' lang='grc' dir='ltr'><strong>ὑπολο-</strong></span> 
     </span>
    </p>
   </div>
   <div class='ocr_carea' id='block_1_19' title="bbox 374 1552 1943 1632">
    <p class='ocr_par' dir='ltr' id='par_1_19' title="bbox 374 1552 1943 1632">
     <span class='ocr_line' id='line_1_19' title="bbox 374 1552 1943 1632; baseline 0.009 -29"><span class='ocrx_word' id='word_1_107' title='bbox 374 1552 698 1620; x_wconf 77' lang='grc' dir='ltr'><strong>γιζομένους</strong></span> <span class='ocrx_word' id='word_1_108' title='bbox 725 1554 904 1607; x_wconf 76' lang='grc' dir='ltr'><strong>καὶτὸ</strong></span> <span class='ocrx_word' id='word_1_109' title='bbox 935 1555 1035 1625; x_wconf 83' lang='grc' dir='ltr'><strong>τῆς</strong></span> <span class='ocrx_word' id='word_1_110' title='bbox 1085 1556 1318 1628; x_wconf 85' lang='grc' dir='ltr'><strong>κρίσεως</strong></span> <span class='ocrx_word' id='word_1_111' title='bbox 1371 1559 1614 1626; x_wconf 73' lang='grc' dir='ltr'><strong>ἄφυκτον</strong></span> <span class='ocrx_word' id='word_1_112' title='bbox 1647 1562 1721 1632; x_wconf 84' lang='grc' dir='ltr'><strong>μὴ</strong></span> <span class='ocrx_word' id='word_1_113' title='bbox 1771 1562 1943 1632; x_wconf 72' lang='grc' dir='ltr'><strong>ἅρπα-</strong></span> 
     </span>
    </p>
   </div>
   <div class='ocr_carea' id='block_1_20' title="bbox 2034 745 3608 822">
    <p class='ocr_par' dir='ltr' id='par_1_20' title="bbox 2034 745 3608 822">
     <span class='ocr_line' id='line_1_20' title="bbox 2034 745 3608 822; baseline -0.005 -15"><span class='ocrx_word' id='word_1_114' title='bbox 2034 766 2139 821; x_wconf 89' lang='lat' dir='ltr'><strong>que</strong></span> <span class='ocrx_word' id='word_1_115' title='bbox 2187 751 2491 822; x_wconf 86' lang='lat' dir='ltr'><strong>splendoris</strong></span> <span class='ocrx_word' id='word_1_116' title='bbox 2535 750 2696 819; x_wconf 86' lang='lat' dir='ltr'><strong>hujus</strong></span> <span class='ocrx_word' id='word_1_117' title='bbox 2732 749 2863 803; x_wconf 75' lang='lat' dir='ltr'><strong>vitae</strong></span> <span class='ocrx_word' id='word_1_118' title='bbox 2915 745 3259 817; x_wconf 86' lang='lat' dir='ltr'><strong>superbiunt,</strong></span> <span class='ocrx_word' id='word_1_119' title='bbox 3307 748 3486 815; x_wconf 89' lang='lat' dir='ltr'><strong>aptior</strong></span> <span class='ocrx_word' id='word_1_120' title='bbox 3523 757 3608 800; x_wconf 91' lang='lat' dir='ltr'><strong>est</strong></span> 
     </span>
    </p>
   </div>
   <div class='ocr_carea' id='block_1_21' title="bbox 2032 837 3610 914">
    <p class='ocr_par' dir='ltr' id='par_1_21' title="bbox 2032 837 3610 914">
     <span class='ocr_line' id='line_1_21' title="bbox 2032 837 3610 914; baseline -0.004 -17"><span class='ocrx_word' id='word_1_121' title='bbox 2032 844 2320 914; x_wconf 77' lang='lat' dir='ltr'><strong>appellatio</strong></span> <span class='ocrx_word' id='word_1_122' title='bbox 2350 861 2364 898; x_wconf 91' lang='lat'><strong>:</strong></span> <span class='ocrx_word' id='word_1_123' title='bbox 2393 858 2517 898; x_wconf 91' lang='lat' dir='ltr'><strong>cum</strong></span> <span class='ocrx_word' id='word_1_124' title='bbox 2551 841 2727 912; x_wconf 86' lang='lat' dir='ltr'><strong>ipsum</strong></span> <span class='ocrx_word' id='word_1_125' title='bbox 2755 840 3049 895; x_wconf 88' lang='lat' dir='ltr'><strong>discrimen</strong></span> <span class='ocrx_word' id='word_1_126' title='bbox 3081 847 3438 908; x_wconf 84' lang='lat' dir='ltr'><strong>personarum</strong></span> <span class='ocrx_word' id='word_1_127' title='bbox 3471 837 3610 890; x_wconf 89' lang='lat' dir='ltr'><strong>hanc</strong></span> 
     </span>
    </p>
   </div>
   <div class='ocr_carea' id='block_1_22' title="bbox 2034 921 3609 1005">
    <p class='ocr_par' dir='ltr' id='par_1_22' title="bbox 2034 921 3609 1005">
     <span class='ocr_line' id='line_1_22' title="bbox 2034 921 3609 1005; baseline -0.006 -15"><span class='ocrx_word' id='word_1_128' title='bbox 2034 935 2454 1005; x_wconf 74' lang='lat' dir='ltr'><strong>negotiationem</strong></span> <span class='ocrx_word' id='word_1_129' title='bbox 2493 933 2707 1003; x_wconf 87' lang='lat' dir='ltr'><strong>publice</strong></span> <span class='ocrx_word' id='word_1_130' title='bbox 2745 945 2846 986; x_wconf 89' lang='lat' dir='ltr'><strong>nec</strong></span> <span class='ocrx_word' id='word_1_131' title='bbox 2880 921 3302 992; x_wconf 80' lang='lat' dir='ltr'><strong>conducibilem,</strong></span> <span class='ocrx_word' id='word_1_132' title='bbox 3333 936 3386 982; x_wconf 89' lang='lat' dir='ltr'><strong>et</strong></span> <span class='ocrx_word' id='word_1_133' title='bbox 3413 929 3609 982; x_wconf 82' lang='lat' dir='ltr'><strong>incon-</strong></span> 
     </span>
    </p>
   </div>
   <div class='ocr_carea' id='block_1_23' title="bbox 2035 1018 3608 1090">
    <p class='ocr_par' dir='ltr' id='par_1_23' title="bbox 2035 1018 3608 1090">
     <span class='ocr_line' id='line_1_23' title="bbox 2035 1018 3608 1090; baseline -0.005 -11"><span class='ocrx_word' id='word_1_134' title='bbox 2035 1025 2337 1081; x_wconf 88' lang='lat' dir='ltr'><strong>venientem</strong></span> <span class='ocrx_word' id='word_1_135' title='bbox 2365 1039 2510 1090; x_wconf 86' lang='lat' dir='ltr'><strong>esse,</strong></span> <span class='ocrx_word' id='word_1_136' title='bbox 2539 1038 2648 1078; x_wconf 91' lang='lat' dir='ltr'><strong>non</strong></span> <span class='ocrx_word' id='word_1_137' title='bbox 2681 1023 2956 1078; x_wconf 77' lang='lat' dir='ltr'><strong>rationum</strong></span> <span class='ocrx_word' id='word_1_138' title='bbox 2985 1021 3148 1076; x_wconf 87' lang='lat' dir='ltr'><strong>modo</strong></span> <span class='ocrx_word' id='word_1_139' title='bbox 3165 1018 3608 1090; x_wconf 55' lang='lat' dir='ltr'><strong>praesumptione,</strong></span> 
     </span>
    </p>
   </div>
   <div class='ocr_carea' id='block_1_24' title="bbox 2035 1107 3610 1184">
    <p class='ocr_par' dir='ltr' id='par_1_24' title="bbox 2035 1107 3610 1184">
     <span class='ocr_line' id='line_1_24' title="bbox 2035 1107 3610 1184; baseline -0.007 -12"><span class='ocrx_word' id='word_1_140' title='bbox 2035 1129 2221 1172; x_wconf 87' lang='lat' dir='ltr'><strong>verum</strong></span> <span class='ocrx_word' id='word_1_141' title='bbox 2242 1115 2404 1170; x_wconf 88' lang='lat' dir='ltr'><strong>etiam</strong></span> <span class='ocrx_word' id='word_1_142' title='bbox 2426 1129 2489 1170; x_wconf 77' lang='lat' dir='ltr'><strong>ex</strong></span> <span class='ocrx_word' id='word_1_143' title='bbox 2513 1129 2690 1169; x_wconf 90' lang='lat' dir='ltr'><strong>rerum</strong></span> <span class='ocrx_word' id='word_1_144' title='bbox 2719 1113 2956 1184; x_wconf 81' lang='lat' dir='ltr'><strong>ipsarum</strong></span> <span class='ocrx_word' id='word_1_145' title='bbox 2979 1112 3143 1177; x_wconf 77' lang='lat' dir='ltr'><strong>serie,</strong></span> <span class='ocrx_word' id='word_1_146' title='bbox 3171 1109 3226 1164; x_wconf 91' lang='lat' dir='ltr'><strong>in</strong></span> <span class='ocrx_word' id='word_1_147' title='bbox 3257 1107 3442 1164; x_wconf 82' lang='lat' dir='ltr'><strong>multis</strong></span> <span class='ocrx_word' id='word_1_148' title='bbox 3471 1122 3610 1178; x_wconf 87' lang='lat' dir='ltr'><strong>quo-</strong></span> 
     </span>
    </p>
   </div>
   <div class='ocr_carea' id='block_1_25' title="bbox 2039 1199 3613 1273">
    <p class='ocr_par' dir='ltr' id='par_1_25' title="bbox 2039 1199 3613 1273">
     <span class='ocr_line' id='line_1_25' title="bbox 2039 1199 3613 1273; baseline -0.006 -12"><span class='ocrx_word' id='word_1_149' title='bbox 2039 1205 2170 1261; x_wconf 89' lang='lat' dir='ltr'><strong>tidie</strong></span> <span class='ocrx_word' id='word_1_150' title='bbox 2196 1205 2456 1270; x_wconf 86' lang='lat' dir='ltr'><strong>declaret,</strong></span> <span class='ocrx_word' id='word_1_151' title='bbox 2493 1220 2557 1259; x_wconf 88' lang='lat' dir='ltr'><strong>ac</strong></span> <span class='ocrx_word' id='word_1_152' title='bbox 2590 1204 2790 1259; x_wconf 89' lang='lat' dir='ltr'><strong>diserte</strong></span> <span class='ocrx_word' id='word_1_153' title='bbox 2820 1204 3094 1273; x_wconf 85' lang='lat' dir='ltr'><strong>loquatur.</strong></span> <span class='ocrx_word' id='word_1_154' title='bbox 3130 1200 3303 1271; x_wconf 77' lang='lat' dir='ltr'><strong>Atque</strong></span> <span class='ocrx_word' id='word_1_155' title='bbox 3342 1199 3442 1254; x_wconf 84' lang='lat' dir='ltr'><strong>bos</strong></span> <span class='ocrx_word' id='word_1_156' title='bbox 3481 1211 3613 1254; x_wconf 85' lang='lat' dir='ltr'><strong>sane</strong></span> 
     </span>
    </p>
   </div>
   <div class='ocr_carea' id='block_1_26' title="bbox 2039 1279 3589 1366">
    <p class='ocr_par' dir='ltr' id='par_1_26' title="bbox 2039 1279 3589 1366">
     <span class='ocr_line' id='line_1_26' title="bbox 2039 1279 3589 1366; baseline -0.006 -15"><span class='ocrx_word' id='word_1_157' title='bbox 2039 1297 2211 1366; x_wconf 79' lang='lat' dir='ltr'><strong>magis</strong></span> <span class='ocrx_word' id='word_1_158' title='bbox 2241 1296 2549 1366; x_wconf 87' lang='lat' dir='ltr'><strong>oportebat,</strong></span> <span class='ocrx_word' id='word_1_159' title='bbox 2577 1295 2815 1350; x_wconf 84' lang='lat' dir='ltr'><strong>divinam</strong></span> <span class='ocrx_word' id='word_1_160' title='bbox 2857 1307 2982 1364; x_wconf 71' lang='lat' dir='ltr'><strong>erga</strong></span> <span class='ocrx_word' id='word_1_161' title='bbox 3011 1309 3070 1349; x_wconf 89' lang='lat' dir='ltr'><strong>se</strong></span> <span class='ocrx_word' id='word_1_162' title='bbox 3099 1279 3442 1348; x_wconf 85' lang='lat' dir='ltr'><strong>clementiam</strong></span> <span class='ocrx_word' id='word_1_163' title='bbox 3485 1303 3589 1344; x_wconf 89' lang='lat' dir='ltr'><strong>con</strong></span> 
     </span>
    </p>
   </div>
   <div class='ocr_carea' id='block_1_27' title="bbox 2041 1375 3612 1458">
    <p class='ocr_par' dir='ltr' id='par_1_27' title="bbox 2041 1375 3612 1458">
     <span class='ocr_line' id='line_1_27' title="bbox 2041 1375 3612 1458; baseline -0.01 -14"><span class='ocrx_word' id='word_1_164' title='bbox 2041 1387 2366 1456; x_wconf 87' lang='lat' dir='ltr'><strong>siderautcs,</strong></span> <span class='ocrx_word' id='word_1_165' title='bbox 2394 1386 2720 1458; x_wconf 86' lang='lat' dir='ltr'><strong>patrimonia</strong></span> <span class='ocrx_word' id='word_1_166' title='bbox 2751 1385 3050 1440; x_wconf 84' lang='lat' dir='ltr'><strong>vicinorum</strong></span> <span class='ocrx_word' id='word_1_167' title='bbox 3076 1383 3144 1439; x_wconf 91' lang='lat' dir='ltr'><strong>iis</strong></span> <span class='ocrx_word' id='word_1_168' title='bbox 3171 1375 3489 1445; x_wconf 73' lang='lat' dir='ltr'><strong>concedere,</strong></span> <span class='ocrx_word' id='word_1_169' title='bbox 3521 1377 3612 1449; x_wconf 87' lang='lat' dir='ltr'><strong>qui</strong></span> 
     </span>
    </p>
   </div>
   <div class='ocr_carea' id='block_1_28' title="bbox 2041 1471 3612 1550">
    <p class='ocr_par' dir='ltr' id='par_1_28' title="bbox 2041 1471 3612 1550">
     <span class='ocr_line' id='line_1_28' title="bbox 2041 1471 3612 1550; baseline -0.006 -16"><span class='ocrx_word' id='word_1_170' title='bbox 2041 1479 2202 1534; x_wconf 85' lang='lat' dir='ltr'><strong>simul</strong></span> <span class='ocrx_word' id='word_1_171' title='bbox 2231 1479 2431 1550; x_wconf 70' lang='lat' dir='ltr'><strong>praedia</strong></span> <span class='ocrx_word' id='word_1_172' title='bbox 2462 1477 2773 1548; x_wconf 87' lang='lat' dir='ltr'><strong>possident;</strong></span> <span class='ocrx_word' id='word_1_173' title='bbox 2807 1476 2854 1531; x_wconf 91' lang='lat' dir='ltr'><strong>si</strong></span> <span class='ocrx_word' id='word_1_174' title='bbox 2881 1480 2992 1530; x_wconf 86' lang='lat' dir='ltr'><strong>non</strong></span> <span class='ocrx_word' id='word_1_175' title='bbox 3030 1485 3082 1530; x_wconf 90' lang='lat' dir='ltr'><strong>et</strong></span> <span class='ocrx_word' id='word_1_176' title='bbox 3122 1473 3224 1545; x_wconf 86' lang='lat' dir='ltr'><strong>ipsi</strong></span> <span class='ocrx_word' id='word_1_177' title='bbox 3265 1473 3470 1543; x_wconf 84' lang='lat' dir='ltr'><strong>judicio</strong></span> <span class='ocrx_word' id='word_1_178' title='bbox 3512 1471 3612 1525; x_wconf 88' lang='lat' dir='ltr'><strong>im-</strong></span> 
     </span>
    </p>
   </div>
   <div class='ocr_carea' id='block_1_29' title="bbox 2043 1561 2747 1637">
    <p class='ocr_par' dir='ltr' id='par_1_29' title="bbox 2043 1561 2747 1637">
     <span class='ocr_line' id='line_1_29' title="bbox 2043 1561 2747 1637; baseline -0.004 -14"><span class='ocrx_word' id='word_1_179' title='bbox 2043 1568 2271 1624; x_wconf 87' lang='lat' dir='ltr'><strong>minenti</strong></span> <span class='ocrx_word' id='word_1_180' title='bbox 2306 1567 2499 1637; x_wconf 71' lang='lat' dir='ltr'><strong>subjici</strong></span> <span class='ocrx_word' id='word_1_181' title='bbox 2526 1561 2747 1622; x_wconf 87' lang='lat' dir='ltr'><strong>vellent.</strong></span> 
     </span>
    </p>
   </div>
   <div class='ocr_carea' id='block_1_30' title="bbox 380 1643 3616 1733">
    <p class='ocr_par' dir='ltr' id='par_1_30' title="bbox 380 1643 3616 1733">
     <span class='ocr_line' id='line_1_30' title="bbox 380 1643 3616 1733; baseline -0.001 -24"><span class='ocrx_word' id='word_1_182' title='bbox 380 1643 631 1717; x_wconf 71' lang='grc' dir='ltr'><strong>γιιαίίῖἨ</strong></span> <span class='ocrx_word' id='word_1_183' title='bbox 649 1646 896 1700; x_wconf 76' lang='grc' dir='ltr'><strong>τίθεσθαι</strong></span> <span class='ocrx_word' id='word_1_184' title='bbox 919 1647 1018 1710; x_wconf 79' lang='grc' dir='ltr'><strong>τὰς</strong></span> <span class='ocrx_word' id='word_1_185' title='bbox 1033 1646 1141 1701; x_wconf 72' lang='grc' dir='ltr'><strong>τῶν</strong></span> <span class='ocrx_word' id='word_1_186' title='bbox 1165 1649 1392 1720; x_wconf 78' lang='grc' dir='ltr'><strong>πλησίον</strong></span> <span class='ocrx_word' id='word_1_187' title='bbox 1424 1655 1763 1723; x_wconf 77' lang='grc' dir='ltr'><strong>περιουσίας,</strong></span> <span class='ocrx_word' id='word_1_188' title='bbox 1783 1657 1941 1731; x_wconf 71' lang='grc' dir='ltr'><strong>εἴπερ</strong></span> <span class='ocrx_word' id='word_1_189' title='bbox 1974 1661 2050 1732; x_wconf 82' lang='grc' dir='ltr'><strong>μὴ</strong></span> <span class='ocrx_word' id='word_1_190' title='bbox 2113 1661 2387 1733; x_wconf 83' lang='grc' dir='ltr'><strong>βούλοιντο</strong></span> <span class='ocrx_word' id='word_1_191' title='bbox 2417 1660 2511 1715; x_wconf 73' lang='grc' dir='ltr'><strong>καὶ</strong></span> <span class='ocrx_word' id='word_1_192' title='bbox 2539 1659 2694 1715; x_wconf 78' lang='grc' dir='ltr'><strong>αὐτοὶ</strong></span> <span class='ocrx_word' id='word_1_193' title='bbox 2761 1657 2839 1729; x_wconf 83' lang='grc' dir='ltr'><strong>τῷ</strong></span> <span class='ocrx_word' id='word_1_194' title='bbox 2881 1656 3228 1730; x_wconf 81' lang='grc' dir='ltr'><strong>προκειμένῳ</strong></span> <span class='ocrx_word' id='word_1_195' title='bbox 3273 1652 3616 1709; x_wconf 73' lang='grc' dir='ltr'><strong>δικαιοῦσθαι</strong></span> 
     </span>
    </p>
   </div>
   <div class='ocr_carea' id='block_1_31' title="bbox 383 1736 621 1804">
    <p class='ocr_par' dir='ltr' id='par_1_31' title="bbox 383 1736 621 1804">
     <span class='ocr_line' id='line_1_31' title="bbox 383 1736 621 1804; baseline 0.017 -16"><span class='ocrx_word' id='word_1_196' title='bbox 383 1736 621 1804; x_wconf 83' lang='grc' dir='ltr'><strong>κρίματι.</strong></span> 
     </span>
    </p>
   </div>
   <div class='ocr_carea' id='block_1_32' title="bbox 447 1827 1951 1906">
    <p class='ocr_par' dir='ltr' id='par_1_32' title="bbox 447 1827 1942 1902">
     <span class='ocr_line' id='line_1_32' title="bbox 447 1827 1942 1902; baseline 0.007 -20"><span class='ocrx_word' id='word_1_197' title='bbox 447 1827 500 1882; x_wconf 87' lang='grc' dir='ltr'><strong>ε’.</strong></span> <span class='ocrx_word' id='word_1_198' title='bbox 529 1829 665 1890; x_wconf 81' lang='grc' dir='ltr'><strong>Τοὺς</strong></span> <span class='ocrx_word' id='word_1_199' title='bbox 705 1828 763 1881; x_wconf 83' lang='grc' dir='ltr'><strong>δὲ</strong></span> <span class='ocrx_word' id='word_1_200' title='bbox 795 1829 900 1900; x_wconf 82' lang='grc' dir='ltr'><strong>πρὸ</strong></span> <span class='ocrx_word' id='word_1_201' title='bbox 928 1830 1037 1883; x_wconf 82' lang='grc' dir='ltr'><strong>τῶν</strong></span> <span class='ocrx_word' id='word_1_202' title='bbox 1067 1829 1388 1901; x_wconf 83' lang='grc' dir='ltr'><strong>ὡρισμένων</strong></span> <span class='ocrx_word' id='word_1_203' title='bbox 1423 1833 1631 1902; x_wconf 82' lang='grc' dir='ltr'><strong>χρόνων</strong></span> <span class='ocrx_word' id='word_1_204' title='bbox 1657 1835 1718 1889; x_wconf 78' lang='grc' dir='ltr'><strong>ὲν</strong></span> <span class='ocrx_word' id='word_1_205' title='bbox 1770 1854 1942 1894; x_wconf 86' lang='grc' dir='ltr'><strong>κατα-</strong></span> 
     </span>
    </p>
   </div>
   <div class='ocr_carea' id='block_1_33' title="bbox 2054 1827 3619 1906">
    <p class='ocr_par' dir='ltr' id='par_1_33' title="bbox 2118 1827 3619 1906">
     <span class='ocr_line' id='line_1_33' title="bbox 2118 1827 3619 1906; baseline -0.01 -9"><span class='ocrx_word' id='word_1_206' title='bbox 2118 1839 2171 1898; x_wconf 83' lang='grc'><strong>5.</strong></span> <span class='ocrx_word' id='word_1_207' title='bbox 2214 1840 2318 1896; x_wconf 87' lang='lat' dir='ltr'><strong>Eos</strong></span> <span class='ocrx_word' id='word_1_208' title='bbox 2351 1847 2553 1902; x_wconf 90' lang='lat' dir='ltr'><strong>autem,</strong></span> <span class='ocrx_word' id='word_1_209' title='bbox 2599 1834 2694 1906; x_wconf 89' lang='lat' dir='ltr'><strong>qui</strong></span> <span class='ocrx_word' id='word_1_210' title='bbox 2725 1841 2850 1889; x_wconf 84' lang='lat' dir='ltr'><strong>ante</strong></span> <span class='ocrx_word' id='word_1_211' title='bbox 2882 1842 3119 1901; x_wconf 85' lang='lat' dir='ltr'><strong>tempora</strong></span> <span class='ocrx_word' id='word_1_212' title='bbox 3156 1831 3266 1901; x_wconf 83' lang='lat' dir='ltr'><strong>jam</strong></span> <span class='ocrx_word' id='word_1_213' title='bbox 3305 1827 3530 1884; x_wconf 71' lang='lat' dir='ltr'><strong>deﬁnita</strong></span> <span class='ocrx_word' id='word_1_214' title='bbox 3561 1829 3619 1882; x_wconf 81' lang='lat' dir='ltr'><strong>in</strong></span> 
     </span>
    </p>
   </div>
   <div class='ocr_carea' id='block_1_34' title="bbox 372 1921 1942 2001">
    <p class='ocr_par' dir='ltr' id='par_1_34' title="bbox 372 1921 1942 2001">
     <span class='ocr_line' id='line_1_34' title="bbox 372 1921 1942 2001; baseline 0.006 -29"><span class='ocrx_word' id='word_1_215' title='bbox 372 1921 555 1989; x_wconf 80' lang='grc' dir='ltr'><strong>σχέσει</strong></span> <span class='ocrx_word' id='word_1_216' title='bbox 586 1921 845 1974; x_wconf 79' lang='grc' dir='ltr'><strong>τοιούτων</strong></span> <span class='ocrx_word' id='word_1_217' title='bbox 878 1922 1172 1992; x_wconf 78' lang='grc' dir='ltr'><strong>κτημάτων</strong></span> <span class='ocrx_word' id='word_1_218' title='bbox 1200 1923 1514 1991; x_wconf 81' lang='grc' dir='ltr'><strong>γεγονότας,</strong></span> <span class='ocrx_word' id='word_1_219' title='bbox 1543 1926 1700 1998; x_wconf 77' lang='grc' dir='ltr'><strong>εἴπερ</strong></span> <span class='ocrx_word' id='word_1_220' title='bbox 1729 1929 1824 1983; x_wconf 68' lang='grc' dir='ltr'><strong>ἐπὶ</strong></span> <span class='ocrx_word' id='word_1_221' title='bbox 1843 1929 1942 2001; x_wconf 75' lang='grc' dir='ltr'><strong>τῆς</strong></span> 
     </span>
    </p>
   </div>
   <div class='ocr_carea' id='block_1_35' title="bbox 371 2011 1943 2087">
    <p class='ocr_par' dir='ltr' id='par_1_35' title="bbox 371 2011 1943 2087">
     <span class='ocr_line' id='line_1_35' title="bbox 371 2011 1943 2087; baseline 0.008 -24"><span class='ocrx_word' id='word_1_222' title='bbox 371 2011 546 2078; x_wconf 74' lang='grc' dir='ltr'><strong>αὐτῆς</strong></span> <span class='ocrx_word' id='word_1_223' title='bbox 577 2011 870 2081; x_wconf 81' lang='grc' dir='ltr'><strong>ὲνορῶνται</strong></span> <span class='ocrx_word' id='word_1_224' title='bbox 898 2013 1153 2082; x_wconf 78' lang='grc' dir='ltr'><strong>μένοντες</strong></span> <span class='ocrx_word' id='word_1_225' title='bbox 1179 2015 1589 2080; x_wconf 82' lang='grc' dir='ltr'><strong>καταστάσεως,</strong></span> <span class='ocrx_word' id='word_1_226' title='bbox 1624 2020 1809 2087; x_wconf 82' lang='grc' dir='ltr'><strong>μένειν</strong></span> <span class='ocrx_word' id='word_1_227' title='bbox 1845 2023 1943 2074; x_wconf 73' lang='grc' dir='ltr'><strong>καὶ</strong></span> 
     </span>
    </p>
   </div>
   <div class='ocr_carea' id='block_1_36' title="bbox 372 2101 1948 2177">
    <p class='ocr_par' dir='ltr' id='par_1_36' title="bbox 372 2101 1948 2177">
     <span class='ocr_line' id='line_1_36' title="bbox 372 2101 1948 2177; baseline 0.006 -23"><span class='ocrx_word' id='word_1_228' title='bbox 372 2101 570 2163; x_wconf 73' lang='grc' dir='ltr'><strong>αὐτοὺς</strong></span> <span class='ocrx_word' id='word_1_229' title='bbox 601 2101 1016 2171; x_wconf 83' lang='grc' dir='ltr'><strong>συγχωροῦμεν,</strong></span> <span class='ocrx_word' id='word_1_230' title='bbox 1051 2103 1154 2172; x_wconf 81' lang='grc' dir='ltr'><strong>τῆς</strong></span> <span class='ocrx_word' id='word_1_231' title='bbox 1175 2103 1268 2156; x_wconf 79' lang='grc' dir='ltr'><strong>τοῦ</strong></span> <span class='ocrx_word' id='word_1_232' title='bbox 1296 2105 1522 2174; x_wconf 80' lang='grc' dir='ltr'><strong>πλησίον</strong></span> <span class='ocrx_word' id='word_1_233' title='bbox 1552 2109 1799 2177; x_wconf 83' lang='grc' dir='ltr'><strong>κτήσεως</strong></span> <span class='ocrx_word' id='word_1_234' title='bbox 1824 2111 1948 2164; x_wconf 78' lang='grc' dir='ltr'><strong>ἐπί-</strong></span> 
     </span>
    </p>
   </div>
   <div class='ocr_carea' id='block_1_37' title="bbox 373 2191 1948 2267">
    <p class='ocr_par' dir='ltr' id='par_1_37' title="bbox 373 2191 1948 2267">
     <span class='ocr_line' id='line_1_37' title="bbox 373 2191 1948 2267; baseline 0.006 -23"><span class='ocrx_word' id='word_1_235' title='bbox 373 2208 475 2259; x_wconf 81' lang='grc' dir='ltr'><strong>σης</strong></span> <span class='ocrx_word' id='word_1_236' title='bbox 505 2193 619 2253; x_wconf 82' lang='grc' dir='ltr'><strong>τοῖς</strong></span> <span class='ocrx_word' id='word_1_237' title='bbox 645 2191 826 2254; x_wconf 78' lang='grc' dir='ltr'><strong>ἄλλοις</strong></span> <span class='ocrx_word' id='word_1_238' title='bbox 870 2192 969 2262; x_wconf 75' lang='grc' dir='ltr'><strong>τὴν</strong></span> <span class='ocrx_word' id='word_1_239' title='bbox 1020 2193 1255 2247; x_wconf 80' lang='grc' dir='ltr'><strong>κώλυσιν</strong></span> <span class='ocrx_word' id='word_1_240' title='bbox 1303 2195 1755 2267; x_wconf 65' lang='grc' dir='ltr'><strong>ἐπιφερομένους.</strong></span> <span class='ocrx_word' id='word_1_241' title='bbox 1789 2199 1852 2253; x_wconf 82' lang='lat' dir='ltr'><strong>El</strong></span> <span class='ocrx_word' id='word_1_242' title='bbox 1889 2202 1948 2258; x_wconf 67' lang='grc' dir='ltr'><strong>δὲ</strong></span> 
     </span>
    </p>
   </div>
   <div class='ocr_carea' id='block_1_38' title="bbox 371 2279 1951 2358">
    <p class='ocr_par' dir='ltr' id='par_1_38' title="bbox 371 2279 1951 2358">
     <span class='ocr_line' id='line_1_38' title="bbox 371 2279 1951 2358; baseline 0.009 -27"><span class='ocrx_word' id='word_1_243' title='bbox 371 2279 622 2349; x_wconf 70' lang='grc' dir='ltr'><strong>φορτικοί</strong></span> <span class='ocrx_word' id='word_1_244' title='bbox 647 2297 794 2345; x_wconf 82' lang='grc' dir='ltr'><strong>τινες</strong></span> <span class='ocrx_word' id='word_1_245' title='bbox 815 2281 910 2336; x_wconf 72' lang='grc' dir='ltr'><strong>καὶ</strong></span> <span class='ocrx_word' id='word_1_246' title='bbox 933 2282 1192 2352; x_wconf 74' lang='grc' dir='ltr'><strong>ἐπαχθεῖς</strong></span> <span class='ocrx_word' id='word_1_247' title='bbox 1223 2284 1360 2355; x_wconf 83' lang='grc' dir='ltr'><strong>πρὸς</strong></span> <span class='ocrx_word' id='word_1_248' title='bbox 1397 2288 1524 2350; x_wconf 81' lang='grc' dir='ltr'><strong>τοὺς</strong></span> <span class='ocrx_word' id='word_1_249' title='bbox 1569 2288 1796 2358; x_wconf 79' lang='grc' dir='ltr'><strong>πλησίον</strong></span> <span class='ocrx_word' id='word_1_250' title='bbox 1829 2288 1951 2346; x_wconf 83' lang='grc' dir='ltr'><strong>δια-</strong></span> 
     </span>
    </p>
   </div>
   <div class='ocr_carea' id='block_1_39' title="bbox 368 2369 1951 2450">
    <p class='ocr_par' dir='ltr' id='par_1_39' title="bbox 368 2369 1951 2450">
     <span class='ocr_line' id='line_1_39' title="bbox 368 2369 1951 2450; baseline 0.009 -28"><span class='ocrx_word' id='word_1_251' title='bbox 368 2369 701 2435; x_wconf 83' lang='grc' dir='ltr'><strong>δείκνυνται,</strong></span> <span class='ocrx_word' id='word_1_252' title='bbox 734 2370 958 2441; x_wconf 79' lang='grc' dir='ltr'><strong>βαρείας</strong></span> <span class='ocrx_word' id='word_1_253' title='bbox 986 2373 1141 2438; x_wconf 81' lang='grc' dir='ltr'><strong>τινάς</strong></span> <span class='ocrx_word' id='word_1_254' title='bbox 1194 2373 1227 2444; x_wconf 81' lang='grc' dir='ltr'>ἢ</span> <span class='ocrx_word' id='word_1_255' title='bbox 1281 2377 1526 2446; x_wconf 80' lang='grc' dir='ltr'><strong>συνεχεῖς</strong></span> <span class='ocrx_word' id='word_1_256' title='bbox 1558 2379 1951 2450; x_wconf 77' lang='grc' dir='ltr'><strong>προξενοῦντες</strong></span> 
     </span>
    </p>
   </div>
   <div class='ocr_carea' id='block_1_40' title="bbox 374 2460 1952 2536">
    <p class='ocr_par' dir='ltr' id='par_1_40' title="bbox 374 2460 1952 2536">
     <span class='ocr_line' id='line_1_40' title="bbox 374 2460 1952 2536; baseline 0.011 -25"><span class='ocrx_word' id='word_1_257' title='bbox 374 2460 584 2530; x_wconf 76' lang='grc' dir='ltr'><strong>βλάϐας</strong></span> <span class='ocrx_word' id='word_1_258' title='bbox 605 2465 720 2525; x_wconf 84' lang='grc' dir='ltr'><strong>τοῖς</strong></span> <span class='ocrx_word' id='word_1_259' title='bbox 747 2463 998 2536; x_wconf 84' lang='grc' dir='ltr'><strong>πένησιν,</strong></span> <span class='ocrx_word' id='word_1_260' title='bbox 1017 2464 1332 2530; x_wconf 76' lang='grc' dir='ltr'><strong>ἐξωθεῖσθαι</strong></span> <span class='ocrx_word' id='word_1_261' title='bbox 1358 2467 1577 2532; x_wconf 67' lang='grc' dir='ltr'><strong>τούτους</strong></span> <span class='ocrx_word' id='word_1_262' title='bbox 1594 2471 1688 2524; x_wconf 75' lang='grc' dir='ltr'><strong>καὶ</strong></span> <span class='ocrx_word' id='word_1_263' title='bbox 1712 2471 1952 2527; x_wconf 81' lang='grc' dir='ltr'><strong>ἀπελαύο</strong></span> 
     </span>
    </p>
   </div>
   <div class='ocr_carea' id='block_1_41' title="bbox 371 2556 1950 2640">
    <p class='ocr_par' dir='ltr' id='par_1_41' title="bbox 371 2556 1950 2640">
     <span class='ocr_line' id='line_1_41' title="bbox 371 2556 1950 2640; baseline 0.009 -32"><span class='ocrx_word' id='word_1_264' title='bbox 371 2556 584 2624; x_wconf 81' lang='grc' dir='ltr'><strong>νεσθαι,</strong></span> <span class='ocrx_word' id='word_1_265' title='bbox 611 2558 869 2629; x_wconf 78' lang='grc' dir='ltr'><strong>μίσθωμα</strong></span> <span class='ocrx_word' id='word_1_266' title='bbox 902 2559 1005 2630; x_wconf 75' lang='grc' dir='ltr'><strong>τῆς</strong></span> <span class='ocrx_word' id='word_1_267' title='bbox 1034 2561 1278 2632; x_wconf 82' lang='grc' dir='ltr'><strong>χαλεπῆς</strong></span> <span class='ocrx_word' id='word_1_268' title='bbox 1305 2565 1397 2618; x_wconf 68' lang='grc' dir='ltr'><strong>καὶ</strong></span> <span class='ocrx_word' id='word_1_269' title='bbox 1422 2563 1702 2635; x_wconf 76' lang='grc' dir='ltr'><strong>ἀπλήστου</strong></span> <span class='ocrx_word' id='word_1_270' title='bbox 1753 2583 1950 2640; x_wconf 84' lang='grc' dir='ltr'><strong>προαι-</strong></span> 
     </span>
    </p>
   </div>
   <div class='ocr_carea' id='block_1_42' title="bbox 375 2649 1948 2728">
    <p class='ocr_par' dir='ltr' id='par_1_42' title="bbox 375 2649 1948 2728">
     <span class='ocr_line' id='line_1_42' title="bbox 375 2649 1948 2728; baseline 0.009 -28"><span class='ocrx_word' id='word_1_271' title='bbox 375 2651 580 2717; x_wconf 80' lang='grc' dir='ltr'><strong>ρέσεως</strong></span> <span class='ocrx_word' id='word_1_272' title='bbox 600 2649 700 2721; x_wconf 72' lang='grc' dir='ltr'><strong>τὴν</strong></span> <span class='ocrx_word' id='word_1_273' title='bbox 750 2649 860 2704; x_wconf 84' lang='grc' dir='ltr'><strong>τῶν</strong></span> <span class='ocrx_word' id='word_1_274' title='bbox 896 2653 1112 2706; x_wconf 77' lang='grc' dir='ltr'><strong>οἰκείων</strong></span> <span class='ocrx_word' id='word_1_275' title='bbox 1141 2653 1414 2708; x_wconf 83' lang='grc' dir='ltr'><strong>ἔκπτωσιν</strong></span> <span class='ocrx_word' id='word_1_276' title='bbox 1442 2656 1948 2728; x_wconf 78' lang='grc' dir='ltr'><strong>ἀπολαμὸἀνοντας.</strong></span> 
     </span>
    </p>
   </div>
   <div class='ocr_carea' id='block_1_43' title="bbox 449 2735 1953 2820">
    <p class='ocr_par' dir='ltr' id='par_1_43' title="bbox 449 2735 1953 2820">
     <span class='ocr_line' id='line_1_43' title="bbox 449 2735 1953 2820; baseline 0.007 -30"><span class='ocrx_word' id='word_1_277' title='bbox 449 2735 525 2802; x_wconf 87' lang='grc' dir='ltr'><strong>ς’.</strong></span> <span class='ocrx_word' id='word_1_278' title='bbox 573 2739 636 2790; x_wconf 83' lang='grc' dir='ltr'><strong>Ἦ</strong></span> <span class='ocrx_word' id='word_1_279' title='bbox 658 2739 713 2792; x_wconf 79' lang='grc' dir='ltr'><strong>δὲ</strong></span> <span class='ocrx_word' id='word_1_280' title='bbox 737 2739 846 2793; x_wconf 84' lang='grc' dir='ltr'><strong>τῶν</strong></span> <span class='ocrx_word' id='word_1_281' title='bbox 871 2741 1202 2811; x_wconf 74' lang='grc' dir='ltr'><strong>τιμημάτων</strong></span> <span class='ocrx_word' id='word_1_282' title='bbox 1229 2743 1480 2806; x_wconf 80' lang='grc' dir='ltr'><strong>ἀνάδοσις</strong></span> <span class='ocrx_word' id='word_1_283' title='bbox 1503 2745 1766 2814; x_wconf 76' lang='grc' dir='ltr'><strong>ἀνωτέρω</strong></span> <span class='ocrx_word' id='word_1_284' title='bbox 1795 2745 1953 2820; x_wconf 64' lang='grc' dir='ltr'><strong>εἰρησ-</strong></span> 
     </span>
    </p>
   </div>
   <div class='ocr_carea' id='block_1_44' title="bbox 380 2827 1957 2910">
    <p class='ocr_par' dir='ltr' id='par_1_44' title="bbox 380 2827 1957 2910">
     <span class='ocr_line' id='line_1_44' title="bbox 380 2827 1957 2910; baseline 0.011 -35"><span class='ocrx_word' id='word_1_285' title='bbox 380 2827 518 2896; x_wconf 75' lang='grc' dir='ltr'><strong>μέυη</strong></span> <span class='ocrx_word' id='word_1_286' title='bbox 553 2828 961 2901; x_wconf 82' lang='grc' dir='ltr'><strong>ἐμμελεστέρας</strong></span> <span class='ocrx_word' id='word_1_287' title='bbox 1023 2831 1252 2902; x_wconf 83' lang='grc' dir='ltr'><strong>δεομένη</strong></span> <span class='ocrx_word' id='word_1_288' title='bbox 1291 2834 1386 2886; x_wconf 77' lang='grc' dir='ltr'><strong>καὶ</strong></span> <span class='ocrx_word' id='word_1_289' title='bbox 1416 2835 1748 2906; x_wconf 78' lang='grc' dir='ltr'><strong>λεπτοτέρας</strong></span> <span class='ocrx_word' id='word_1_290' title='bbox 1791 2837 1957 2910; x_wconf 78' lang='grc' dir='ltr'><strong>ζητή-</strong></span> 
     </span>
    </p>
   </div>
   <div class='ocr_carea' id='block_1_45' title="bbox 380 2919 1954 2998">
    <p class='ocr_par' dir='ltr' id='par_1_45' title="bbox 380 2919 1954 2998">
     <span class='ocr_line' id='line_1_45' title="bbox 380 2919 1954 2998; baseline 0.011 -30"><span class='ocrx_word' id='word_1_291' title='bbox 380 2934 539 2983; x_wconf 88' lang='grc' dir='ltr'><strong>σεως,</strong></span> <span class='ocrx_word' id='word_1_292' title='bbox 584 2919 645 2970; x_wconf 80' lang='grc' dir='ltr'><strong>οὐ</strong></span> <span class='ocrx_word' id='word_1_293' title='bbox 681 2919 898 2991; x_wconf 80' lang='grc' dir='ltr'><strong>φαύλης</strong></span> <span class='ocrx_word' id='word_1_294' title='bbox 949 2923 1045 2974; x_wconf 77' lang='grc' dir='ltr'><strong>καὶ</strong></span> <span class='ocrx_word' id='word_1_295' title='bbox 1078 2922 1366 2991; x_wconf 80' lang='grc' dir='ltr'><strong>ἀλογίστου</strong></span> <span class='ocrx_word' id='word_1_296' title='bbox 1420 2924 1576 2995; x_wconf 70' lang='grc' dir='ltr'><strong>ἔτυχε</strong></span> <span class='ocrx_word' id='word_1_297' title='bbox 1606 2926 1954 2998; x_wconf 82' lang='grc' dir='ltr'><strong>διακρίσεως.</strong></span> 
     </span>
    </p>
   </div>
   <div class='ocr_carea' id='block_1_46' title="bbox 375 3009 1958 3089">
    <p class='ocr_par' dir='ltr' id='par_1_46' title="bbox 375 3009 1958 3089">
     <span class='ocr_line' id='line_1_46' title="bbox 375 3009 1958 3089; baseline 0.008 -30"><span class='ocrx_word' id='word_1_298' title='bbox 375 3009 707 3079; x_wconf 77' lang='grc' dir='ltr'><strong>Ἐλευθέρας</strong></span> <span class='ocrx_word' id='word_1_299' title='bbox 759 3012 870 3079; x_wconf 82' lang='grc' dir='ltr'><strong>γὰρ</strong></span> <span class='ocrx_word' id='word_1_300' title='bbox 919 3011 1014 3065; x_wconf 74' lang='grc' dir='ltr'><strong>καὶ</strong></span> <span class='ocrx_word' id='word_1_301' title='bbox 1059 3012 1325 3067; x_wconf 79' lang='grc' dir='ltr'><strong>ἀδιάστου</strong></span> <span class='ocrx_word' id='word_1_302' title='bbox 1377 3015 1820 3089; x_wconf 77' lang='grc' dir='ltr'><strong>συντελεσθείσης</strong></span> <span class='ocrx_word' id='word_1_303' title='bbox 1857 3020 1958 3089; x_wconf 83' lang='grc' dir='ltr'><strong>τῆς</strong></span> 
     </span>
    </p>
   </div>
   <div class='ocr_carea' id='block_1_47' title="bbox 380 3102 1950 3180">
    <p class='ocr_par' dir='ltr' id='par_1_47' title="bbox 380 3102 1950 3180">
     <span class='ocr_line' id='line_1_47' title="bbox 380 3102 1950 3180; baseline 0.008 -28"><span class='ocrx_word' id='word_1_304' title='bbox 380 3102 636 3171; x_wconf 79' lang='grc' dir='ltr'><strong>πράσεως</strong></span> <span class='ocrx_word' id='word_1_305' title='bbox 665 3104 760 3155; x_wconf 79' lang='grc' dir='ltr'><strong>καὶ</strong></span> <span class='ocrx_word' id='word_1_306' title='bbox 785 3103 1002 3169; x_wconf 81' lang='grc' dir='ltr'><strong>δικαίας</strong></span> <span class='ocrx_word' id='word_1_307' title='bbox 1023 3107 1368 3177; x_wconf 80' lang='grc' dir='ltr'><strong>ἐνορωμένης</strong></span> <span class='ocrx_word' id='word_1_308' title='bbox 1390 3107 1490 3178; x_wconf 71' lang='grc' dir='ltr'><strong>τῆς</strong></span> <span class='ocrx_word' id='word_1_309' title='bbox 1517 3111 1828 3180; x_wconf 81' lang='grc' dir='ltr'><strong>καταϐολῆς</strong></span> <span class='ocrx_word' id='word_1_310' title='bbox 1855 3110 1950 3165; x_wconf 74' lang='grc' dir='ltr'><strong>τοῦ</strong></span> 
     </span>
    </p>
   </div>
   <div class='ocr_carea' id='block_1_48' title="bbox 2049 1919 3621 2003">
    <p class='ocr_par' dir='ltr' id='par_1_48' title="bbox 2049 1919 3621 2003">
     <span class='ocr_line' id='line_1_48' title="bbox 2049 1919 3621 2003; baseline -0.01 -15"><span class='ocrx_word' id='word_1_311' title='bbox 2049 1929 2361 2003; x_wconf 79' lang='lat' dir='ltr'><strong>buj&#39;usmOdi</strong></span> <span class='ocrx_word' id='word_1_312' title='bbox 2401 1927 2724 1999; x_wconf 76' lang='lat' dir='ltr'><strong>praediorum</strong></span> <span class='ocrx_word' id='word_1_313' title='bbox 2771 1923 3118 1994; x_wconf 79' lang='lat' dir='ltr'><strong>possessione</strong></span> <span class='ocrx_word' id='word_1_314' title='bbox 3164 1921 3408 1986; x_wconf 74' lang='lat' dir='ltr'><strong>fuerunt,</strong></span> <span class='ocrx_word' id='word_1_315' title='bbox 3451 1919 3621 2003; x_wconf 71' lang='lat' dir='ltr'><strong>Siqui-</strong></span> 
     </span>
    </p>
   </div>
   <div class='ocr_carea' id='block_1_49' title="bbox 2047 2001 3672 2082">
    <p class='ocr_par' dir='ltr' id='par_1_49' title="bbox 2047 2001 3672 2082">
     <span class='ocr_line' id='line_1_49' title="bbox 2047 2001 3672 2082; baseline -0.01 -3"><span class='ocrx_word' id='word_1_316' title='bbox 2047 2001 2168 2079; x_wconf 87' lang='lat' dir='ltr'><strong>dem</strong></span> <span class='ocrx_word' id='word_1_317' title='bbox 2222 2021 2282 2076; x_wconf 93' lang='lat' dir='ltr'><strong>in</strong></span> <span class='ocrx_word' id='word_1_318' title='bbox 2322 2020 2511 2076; x_wconf 88' lang='lat' dir='ltr'><strong>eodem</strong></span> <span class='ocrx_word' id='word_1_319' title='bbox 2567 2031 2791 2072; x_wconf 86' lang='lat' dir='ltr'><strong>manere</strong></span> <span class='ocrx_word' id='word_1_320' title='bbox 2843 2021 2985 2070; x_wconf 88' lang='lat' dir='ltr'><strong>statu</strong></span> <span class='ocrx_word' id='word_1_321' title='bbox 3045 2011 3488 2082; x_wconf 78' lang='lat' dir='ltr'><strong>conspiciuntur;</strong></span> <span class='ocrx_word' id='word_1_322' title='bbox 3525 2001 3621 2064; x_wconf 85' lang='lat' dir='ltr'><strong>nos</strong></span> <span class='ocrx_word' id='word_1_323' title='bbox 3654 2064 3672 2077; x_wconf 89' lang='lat'>__</span> 
     </span>
    </p>
   </div>
   <div class='ocr_carea' id='block_1_50' title="bbox 2047 2099 3623 2184">
    <p class='ocr_par' dir='ltr' id='par_1_50' title="bbox 2047 2099 3623 2184">
     <span class='ocr_line' id='line_1_50' title="bbox 2047 2099 3623 2184; baseline -0.009 -17"><span class='ocrx_word' id='word_1_324' title='bbox 2047 2127 2263 2184; x_wconf 81' lang='lat' dir='ltr'><strong>quoque</strong></span> <span class='ocrx_word' id='word_1_325' title='bbox 2298 2125 2521 2166; x_wconf 88' lang='lat' dir='ltr'><strong>manere</strong></span> <span class='ocrx_word' id='word_1_326' title='bbox 2569 2105 2956 2179; x_wconf 86' lang='lat' dir='ltr'><strong>permittimus,</strong></span> <span class='ocrx_word' id='word_1_327' title='bbox 3009 2105 3201 2159; x_wconf 90' lang='lat' dir='ltr'><strong>eadem</strong></span> <span class='ocrx_word' id='word_1_328' title='bbox 3246 2103 3328 2157; x_wconf 83' lang='lat' dir='ltr'><strong>eis</strong></span> <span class='ocrx_word' id='word_1_329' title='bbox 3373 2099 3623 2171; x_wconf 79' lang='lat' dir='ltr'><strong>imposita</strong></span> 
     </span>
    </p>
   </div>
   <div class='ocr_carea' id='block_1_51' title="bbox 2048 2191 3624 2275">
    <p class='ocr_par' dir='ltr' id='par_1_51' title="bbox 2048 2191 3624 2275">
     <span class='ocr_line' id='line_1_51' title="bbox 2048 2191 3624 2275; baseline -0.01 -16"><span class='ocrx_word' id='word_1_330' title='bbox 2048 2203 2413 2275; x_wconf 76' lang='lat' dir='ltr'><strong>prohibitione</strong></span> <span class='ocrx_word' id='word_1_331' title='bbox 2445 2211 2570 2256; x_wconf 87' lang='lat' dir='ltr'><strong>cum</strong></span> <span class='ocrx_word' id='word_1_332' title='bbox 2604 2198 2841 2262; x_wconf 61' lang='lat' dir='ltr'><strong>caeteris,</strong></span> <span class='ocrx_word' id='word_1_333' title='bbox 2867 2209 2973 2265; x_wconf 85' lang='lat' dir='ltr'><strong>qua</strong></span> <span class='ocrx_word' id='word_1_334' title='bbox 3003 2195 3307 2250; x_wconf 87' lang='lat' dir='ltr'><strong>vicinorum</strong></span> <span class='ocrx_word' id='word_1_335' title='bbox 3341 2207 3370 2246; x_wconf 90' lang='lat' dir='ltr'><strong>a</strong></span> <span class='ocrx_word' id='word_1_336' title='bbox 3407 2191 3624 2263; x_wconf 65' lang='lat' dir='ltr'><strong>praediis</strong></span> 
     </span>
    </p>
   </div>
   <div class='ocr_carea' id='block_1_52' title="bbox 2051 2277 3626 2357">
    <p class='ocr_par' dir='ltr' id='par_1_52' title="bbox 2051 2277 3626 2357">
     <span class='ocr_line' id='line_1_52' title="bbox 2051 2277 3626 2357; baseline -0.01 -8"><span class='ocrx_word' id='word_1_337' title='bbox 2051 2299 2362 2348; x_wconf 84' lang='lat' dir='ltr'><strong>arceantur.</strong></span> <span class='ocrx_word' id='word_1_338' title='bbox 2414 2291 2484 2345; x_wconf 81' lang='lat' dir='ltr'><strong>At</strong></span> <span class='ocrx_word' id='word_1_339' title='bbox 2531 2288 2577 2344; x_wconf 89' lang='lat' dir='ltr'><strong>sl</strong></span> <span class='ocrx_word' id='word_1_340' title='bbox 2641 2293 2980 2357; x_wconf 80' lang='lat' dir='ltr'><strong>compertum</strong></span> <span class='ocrx_word' id='word_1_341' title='bbox 3035 2277 3226 2348; x_wconf 70' lang='lat' dir='ltr'><strong>fuerit,</strong></span> <span class='ocrx_word' id='word_1_342' title='bbox 3285 2293 3382 2336; x_wconf 86' lang='lat' dir='ltr'><strong>eos</strong></span> <span class='ocrx_word' id='word_1_343' title='bbox 3430 2278 3626 2334; x_wconf 85' lang='lat' dir='ltr'><strong>vicinis</strong></span> 
     </span>
    </p>
   </div>
   <div class='ocr_carea' id='block_1_53' title="bbox 2049 2362 3624 2454">
    <p class='ocr_par' dir='ltr' id='par_1_53' title="bbox 2049 2362 3624 2454">
     <span class='ocr_line' id='line_1_53' title="bbox 2049 2362 3624 2454; baseline -0.01 -17"><span class='ocrx_word' id='word_1_344' title='bbox 2049 2396 2243 2454; x_wconf 73' lang='lat' dir='ltr'><strong>graves</strong></span> <span class='ocrx_word' id='word_1_345' title='bbox 2271 2389 2326 2436; x_wconf 86' lang='lat' dir='ltr'><strong>et</strong></span> <span class='ocrx_word' id='word_1_346' title='bbox 2362 2391 2624 2436; x_wconf 84' lang='lat' dir='ltr'><strong>onerosos</strong></span> <span class='ocrx_word' id='word_1_347' title='bbox 2661 2389 2806 2438; x_wconf 83' lang='lat' dir='ltr'><strong>esse,</strong></span> <span class='ocrx_word' id='word_1_348' title='bbox 2840 2383 2967 2443; x_wconf 87' lang='lat' dir='ltr'><strong>puta</strong></span> <span class='ocrx_word' id='word_1_349' title='bbox 2994 2373 3086 2443; x_wconf 92' lang='lat' dir='ltr'><strong>qui</strong></span> <span class='ocrx_word' id='word_1_350' title='bbox 3111 2364 3311 2444; x_wconf 65' lang='lat' dir='ltr'><strong>gravia</strong></span> <span class='ocrx_word' id='word_1_351' title='bbox 3341 2362 3624 2424; x_wconf 78' lang='lat' dir='ltr'><strong>continua-</strong></span> 
     </span>
    </p>
   </div>
   <div class='ocr_carea' id='block_1_54' title="bbox 2051 2461 3627 2544">
    <p class='ocr_par' dir='ltr' id='par_1_54' title="bbox 2051 2461 3627 2544">
     <span class='ocr_line' id='line_1_54' title="bbox 2051 2461 3627 2544; baseline -0.011 -15"><span class='ocrx_word' id='word_1_352' title='bbox 2051 2489 2157 2544; x_wconf 80' lang='lat' dir='ltr'><strong>que</strong></span> <span class='ocrx_word' id='word_1_353' title='bbox 2199 2473 2399 2528; x_wconf 86' lang='lat' dir='ltr'><strong>damna</strong></span> <span class='ocrx_word' id='word_1_354' title='bbox 2450 2466 2777 2540; x_wconf 86' lang='lat' dir='ltr'><strong>pauperibus</strong></span> <span class='ocrx_word' id='word_1_355' title='bbox 2828 2465 3117 2519; x_wconf 77' lang='lat' dir='ltr'><strong>inferant:</strong></span> <span class='ocrx_word' id='word_1_356' title='bbox 3173 2461 3512 2530; x_wconf 80' lang='lat' dir='ltr'><strong>expellautur</strong></span> <span class='ocrx_word' id='word_1_357' title='bbox 3570 2466 3627 2511; x_wconf 84' lang='lat' dir='ltr'><strong>et</strong></span> 
     </span>
    </p>
   </div>
   <div class='ocr_carea' id='block_1_55' title="bbox 2050 2547 3624 2634">
    <p class='ocr_par' dir='ltr' id='par_1_55' title="bbox 2050 2547 3624 2634">
     <span class='ocr_line' id='line_1_55' title="bbox 2050 2547 3624 2634; baseline -0.012 -15"><span class='ocrx_word' id='word_1_358' title='bbox 2050 2564 2356 2634; x_wconf 64' lang='lat' dir='ltr'><strong>exigantur,</strong></span> <span class='ocrx_word' id='word_1_359' title='bbox 2397 2560 2651 2628; x_wconf 85' lang='lat' dir='ltr'><strong>illiusque</strong></span> <span class='ocrx_word' id='word_1_360' title='bbox 2699 2554 2914 2611; x_wconf 86' lang='lat' dir='ltr'><strong>molesti</strong></span> <span class='ocrx_word' id='word_1_361' title='bbox 2968 2562 3023 2608; x_wconf 88' lang='lat' dir='ltr'><strong>et</strong></span> <span class='ocrx_word' id='word_1_362' title='bbox 3067 2549 3408 2619; x_wconf 75' lang='lat' dir='ltr'><strong>inexplebilis</strong></span> <span class='ocrx_word' id='word_1_363' title='bbox 3456 2547 3624 2602; x_wconf 82' lang='lat' dir='ltr'><strong>animi</strong></span> 
     </span>
    </p>
   </div>
   <div class='ocr_carea' id='block_1_56' title="bbox 2053 2639 3624 2715">
    <p class='ocr_par' dir='ltr' id='par_1_56' title="bbox 2053 2639 3624 2715">
     <span class='ocr_line' id='line_1_56' title="bbox 2053 2639 3624 2715; baseline -0.013 -4"><span class='ocrx_word' id='word_1_364' title='bbox 2053 2657 2356 2712; x_wconf 86' lang='lat' dir='ltr'><strong>mercedem</strong></span> <span class='ocrx_word' id='word_1_365' title='bbox 2405 2652 2605 2715; x_wconf 80' lang='lat' dir='ltr'><strong>ferant,</strong></span> <span class='ocrx_word' id='word_1_366' title='bbox 2654 2641 2916 2703; x_wconf 86' lang='lat' dir='ltr'><strong>bonorum</strong></span> <span class='ocrx_word' id='word_1_367' title='bbox 2960 2643 3167 2701; x_wconf 86' lang='lat' dir='ltr'><strong>scilicet</strong></span> <span class='ocrx_word' id='word_1_368' title='bbox 3203 2652 3422 2696; x_wconf 78' lang='lat' dir='ltr'><strong>auorum</strong></span> <span class='ocrx_word' id='word_1_369' title='bbox 3459 2639 3624 2693; x_wconf 82' lang='lat' dir='ltr'><strong>amis-</strong></span> 
     </span>
    </p>
   </div>
   <div class='ocr_carea' id='block_1_57' title="bbox 2055 2746 2283 2802">
    <p class='ocr_par' dir='ltr' id='par_1_57' title="bbox 2055 2746 2283 2802">
     <span class='ocr_line' id='line_1_57' title="bbox 2055 2746 2283 2802; baseline -0.022 0"><span class='ocrx_word' id='word_1_370' title='bbox 2055 2746 2283 2802; x_wconf 82' lang='lat' dir='ltr'><strong>sionem.</strong></span> 
     </span>
    </p>
   </div>
   <div class='ocr_carea' id='block_1_58' title="bbox 2122 2822 3626 2900">
    <p class='ocr_par' dir='ltr' id='par_1_58' title="bbox 2122 2822 3626 2900">
     <span class='ocr_line' id='line_1_58' title="bbox 2122 2822 3626 2900; baseline -0.011 -7"><span class='ocrx_word' id='word_1_371' title='bbox 2122 2837 2176 2893; x_wconf 88' lang='lat'><strong>6.</strong></span> <span class='ocrx_word' id='word_1_372' title='bbox 2219 2835 2484 2890; x_wconf 75' lang='lat' dir='ltr'><strong>Caete&#39;rum</strong></span> <span class='ocrx_word' id='word_1_373' title='bbox 2523 2831 2679 2900; x_wconf 88' lang='lat' dir='ltr'><strong>pretii</strong></span> <span class='ocrx_word' id='word_1_374' title='bbox 2711 2828 2968 2891; x_wconf 88' lang='lat' dir='ltr'><strong>redditio,</strong></span> <span class='ocrx_word' id='word_1_375' title='bbox 3000 2827 3067 2882; x_wconf 91' lang='lat' dir='ltr'><strong>de</strong></span> <span class='ocrx_word' id='word_1_376' title='bbox 3098 2830 3202 2894; x_wconf 85' lang='lat' dir='ltr'><strong>qua</strong></span> <span class='ocrx_word' id='word_1_377' title='bbox 3236 2834 3397 2894; x_wconf 82' lang='lat' dir='ltr'><strong>supra</strong></span> <span class='ocrx_word' id='word_1_378' title='bbox 3423 2822 3626 2878; x_wconf 88' lang='lat' dir='ltr'><strong>dictum</strong></span> 
     </span>
    </p>
   </div>
   <div class='ocr_carea' id='block_1_59' title="bbox 2056 2917 3626 2996">
    <p class='ocr_par' dir='ltr' id='par_1_59' title="bbox 2056 2917 3626 2996">
     <span class='ocr_line' id='line_1_59' title="bbox 2056 2917 3626 2996; baseline -0.011 -13"><span class='ocrx_word' id='word_1_379' title='bbox 2056 2936 2159 2993; x_wconf 80' lang='lat' dir='ltr'><strong>est,</strong></span> <span class='ocrx_word' id='word_1_380' title='bbox 2187 2923 2547 2996; x_wconf 75' lang='lat' dir='ltr'><strong>diligentioris</strong></span> <span class='ocrx_word' id='word_1_381' title='bbox 2571 2932 2627 2978; x_wconf 88' lang='lat' dir='ltr'><strong>et</strong></span> <span class='ocrx_word' id='word_1_382' title='bbox 2656 2919 2953 2978; x_wconf 81' lang='lat' dir='ltr'><strong>subtilioris</strong></span> <span class='ocrx_word' id='word_1_383' title='bbox 2978 2917 3243 2973; x_wconf 85' lang='lat' dir='ltr'><strong>examinis</strong></span> <span class='ocrx_word' id='word_1_384' title='bbox 3286 2927 3474 2985; x_wconf 81' lang='lat' dir='ltr'><strong>egens,</strong></span> <span class='ocrx_word' id='word_1_385' title='bbox 3519 2927 3626 2967; x_wconf 91' lang='lat' dir='ltr'><strong>non</strong></span> 
     </span>
    </p>
   </div>
   <div class='ocr_carea' id='block_1_60' title="bbox 2056 3007 3628 3089">
    <p class='ocr_par' dir='ltr' id='par_1_60' title="bbox 2056 3007 3628 3089">
     <span class='ocr_line' id='line_1_60' title="bbox 2056 3007 3628 3089; baseline -0.011 -16"><span class='ocrx_word' id='word_1_386' title='bbox 2056 3033 2279 3089; x_wconf 84' lang='lat' dir='ltr'><strong>pravam</strong></span> <span class='ocrx_word' id='word_1_387' title='bbox 2303 3029 2404 3072; x_wconf 93' lang='lat' dir='ltr'><strong>nec</strong></span> <span class='ocrx_word' id='word_1_388' title='bbox 2424 3015 2656 3070; x_wconf 84' lang='lat' dir='ltr'><strong>alienam</strong></span> <span class='ocrx_word' id='word_1_389' title='bbox 2681 3027 2710 3066; x_wconf 86' lang='lat' dir='ltr'><strong>a</strong></span> <span class='ocrx_word' id='word_1_390' title='bbox 2736 3010 2948 3067; x_wconf 86' lang='lat' dir='ltr'><strong>ratione</strong></span> <span class='ocrx_word' id='word_1_391' title='bbox 2967 3007 3410 3076; x_wconf 79' lang='lat' dir='ltr'><strong>dijudicatio&#39;n&#39;em</strong></span> <span class='ocrx_word' id='word_1_392' title='bbox 3431 3011 3628 3058; x_wconf 80' lang='lat' dir='ltr'><strong>nancta</strong></span> 
     </span>
    </p>
   </div>
   <div class='ocr_carea' id='block_1_61' title="bbox 2060 3091 3632 3180">
    <p class='ocr_par' dir='ltr' id='par_1_61' title="bbox 2060 3091 3632 3180">
     <span class='ocr_line' id='line_1_61' title="bbox 2060 3091 3632 3180; baseline -0.011 -16"><span class='ocrx_word' id='word_1_393' title='bbox 2060 3120 2162 3166; x_wconf 90' lang='lat' dir='ltr'><strong>est.</strong></span> <span class='ocrx_word' id='word_1_394' title='bbox 2195 3109 2404 3180; x_wconf 86' lang='lat' dir='ltr'><strong>Quippe</strong></span> <span class='ocrx_word' id='word_1_395' title='bbox 2435 3112 2556 3162; x_wconf 85' lang='lat' dir='ltr'><strong>cum</strong></span> <span class='ocrx_word' id='word_1_396' title='bbox 2593 3103 2766 3160; x_wconf 89' lang='lat' dir='ltr'><strong>libera</strong></span> <span class='ocrx_word' id='word_1_397' title='bbox 2797 3111 2851 3158; x_wconf 88' lang='lat' dir='ltr'><strong>et</strong></span> <span class='ocrx_word' id='word_1_398' title='bbox 2879 3102 2961 3158; x_wconf 84' lang='lat' dir='ltr'><strong>vis</strong></span> <span class='ocrx_word' id='word_1_399' title='bbox 2992 3106 3188 3170; x_wconf 82' lang='lat' dir='ltr'><strong>expers</strong></span> <span class='ocrx_word' id='word_1_400' title='bbox 3220 3097 3457 3153; x_wconf 84' lang='lat' dir='ltr'><strong>venditio</strong></span> <span class='ocrx_word' id='word_1_401' title='bbox 3486 3091 3632 3148; x_wconf 86' lang='lat' dir='ltr'><strong>cele—</strong></span> 
     </span>
    </p>
   </div>
   <div class='ocr_carea' id='block_1_62' title="bbox 382 3184 1951 3275">
    <p class='ocr_par' dir='ltr' id='par_1_62' title="bbox 382 3193 1951 3275">
     <span class='ocr_line' id='line_1_62' title="bbox 382 3193 1951 3275; baseline 0.01 -31"><span class='ocrx_word' id='word_1_402' title='bbox 382 3193 712 3262; x_wconf 84' lang='grc' dir='ltr'><strong>τιμήματος,</strong></span> <span class='ocrx_word' id='word_1_403' title='bbox 749 3195 974 3259; x_wconf 83' lang='grc' dir='ltr'><strong>δικαίως</strong></span> <span class='ocrx_word' id='word_1_404' title='bbox 997 3198 1137 3251; x_wconf 74' lang='grc' dir='ltr'><strong>καὶὸ</strong></span> <span class='ocrx_word' id='word_1_405' title='bbox 1171 3198 1271 3268; x_wconf 83' lang='grc' dir='ltr'><strong>τῆς</strong></span> <span class='ocrx_word' id='word_1_406' title='bbox 1291 3200 1640 3273; x_wconf 78' lang='grc' dir='ltr'><strong>ἀναστροφῆς</strong></span> <span class='ocrx_word' id='word_1_407' title='bbox 1675 3205 1951 3275; x_wconf 74' lang='grc' dir='ltr'><strong>φυλαχθῆ-</strong></span> 
     </span>
    </p>
   </div>
   <div class='ocr_carea' id='block_1_63' title="bbox 2054 3184 3623 3275">
    <p class='ocr_par' dir='ltr' id='par_1_63' title="bbox 2057 3186 3623 3269">
     <span class='ocr_line' id='line_1_63' title="bbox 2057 3186 3623 3269; baseline -0.012 -12"><span class='ocrx_word' id='word_1_408' title='bbox 2057 3203 2214 3258; x_wconf 86' lang='lat' dir='ltr'><strong>brata</strong></span> <span class='ocrx_word' id='word_1_409' title='bbox 2244 3208 2348 3268; x_wconf 86' lang='lat' dir='ltr'><strong>est,</strong></span> <span class='ocrx_word' id='word_1_410' title='bbox 2373 3199 2628 3269; x_wconf 75' lang='lat' dir='ltr'><strong>iustaque</strong></span> <span class='ocrx_word' id='word_1_411' title='bbox 2657 3194 2817 3265; x_wconf 87' lang='lat' dir='ltr'><strong>pretii</strong></span> <span class='ocrx_word' id='word_1_412' title='bbox 2849 3193 3048 3249; x_wconf 87' lang='lat' dir='ltr'><strong>solutio</strong></span> <span class='ocrx_word' id='word_1_413' title='bbox 3075 3191 3216 3246; x_wconf 83' lang='lat' dir='ltr'><strong>facta</strong></span> <span class='ocrx_word' id='word_1_414' title='bbox 3247 3186 3578 3257; x_wconf 79' lang='lat' dir='ltr'><strong>conSplcitur</strong></span> <span class='ocrx_word' id='word_1_415' title='bbox 3607 3201 3623 3238; x_wconf 91' lang='lat'><strong>:</strong></span> 
     </span>
    </p>
   </div>
   <div class='ocr_carea' id='block_1_64' title="bbox 387 3283 1954 3363">
    <p class='ocr_par' dir='ltr' id='par_1_64' title="bbox 387 3283 1954 3363">
     <span class='ocr_line' id='line_1_64' title="bbox 387 3283 1954 3363; baseline 0.01 -29"><span class='ocrx_word' id='word_1_416' title='bbox 387 3299 539 3336; x_wconf 84' lang='grc' dir='ltr'><strong>σεται</strong></span> <span class='ocrx_word' id='word_1_417' title='bbox 568 3283 724 3350; x_wconf 84' lang='grc' dir='ltr'><strong>λόγος</strong></span> <span class='ocrx_word' id='word_1_418' title='bbox 776 3289 949 3357; x_wconf 79' lang='grc' dir='ltr'><strong>μικρᾷ</strong></span> <span class='ocrx_word' id='word_1_419' title='bbox 975 3304 1082 3341; x_wconf 91' lang='grc' dir='ltr'><strong>τινι</strong></span> <span class='ocrx_word' id='word_1_420' title='bbox 1121 3287 1445 3362; x_wconf 69' lang='grc' dir='ltr'><strong>παρενθήκη</strong></span> <span class='ocrx_word' id='word_1_421' title='bbox 1484 3291 1860 3363; x_wconf 86' lang='grc' dir='ltr'><strong>θεσπίσματος</strong></span> <span class='ocrx_word' id='word_1_422' title='bbox 1894 3295 1954 3348; x_wconf 83' lang='grc' dir='ltr'><strong>τὸ</strong></span> 
     </span>
    </p>
   </div>
   <div class='ocr_carea' id='block_1_65' title="bbox 383 3371 1955 3454">
    <p class='ocr_par' dir='ltr' id='par_1_65' title="bbox 383 3371 1955 3454">
     <span class='ocr_line' id='line_1_65' title="bbox 383 3371 1955 3454; baseline 0.008 -31"><span class='ocrx_word' id='word_1_423' title='bbox 383 3371 484 3440; x_wconf 81' lang='grc' dir='ltr'><strong>τῆς</strong></span> <span class='ocrx_word' id='word_1_424' title='bbox 511 3373 702 3435; x_wconf 84' lang='grc' dir='ltr'><strong>πενίας</strong></span> <span class='ocrx_word' id='word_1_425' title='bbox 726 3372 931 3442; x_wconf 80' lang='grc' dir='ltr'><strong>ἄπορον</strong></span> <span class='ocrx_word' id='word_1_426' title='bbox 949 3376 1355 3445; x_wconf 82' lang='grc' dir='ltr'><strong>ἀνακτώμενος,</strong></span> <span class='ocrx_word' id='word_1_427' title='bbox 1387 3378 1447 3430; x_wconf 75' lang='grc' dir='ltr'><strong>τὸ</strong></span> <span class='ocrx_word' id='word_1_428' title='bbox 1475 3380 1722 3449; x_wconf 79' lang='grc' dir='ltr'><strong>παρευθὺ</strong></span> <span class='ocrx_word' id='word_1_429' title='bbox 1741 3381 1840 3450; x_wconf 84' lang='grc' dir='ltr'><strong>μὲν</strong></span> <span class='ocrx_word' id='word_1_430' title='bbox 1857 3382 1955 3454; x_wconf 83' lang='grc' dir='ltr'><strong>τὴν</strong></span> 
     </span>
    </p>
   </div>
   <div class='ocr_carea' id='block_1_66' title="bbox 382 3461 1957 3544">
    <p class='ocr_par' dir='ltr' id='par_1_66' title="bbox 382 3461 1957 3544">
     <span class='ocr_line' id='line_1_66' title="bbox 382 3461 1957 3544; baseline 0.009 -32"><span class='ocrx_word' id='word_1_431' title='bbox 382 3461 489 3513; x_wconf 82' lang='grc' dir='ltr'><strong>τῶν</strong></span> <span class='ocrx_word' id='word_1_432' title='bbox 520 3463 702 3516; x_wconf 80' lang='grc' dir='ltr'><strong>τόπων</strong></span> <span class='ocrx_word' id='word_1_433' title='bbox 735 3465 1083 3536; x_wconf 73' lang='grc' dir='ltr'><strong>ἀναστροφὴν</strong></span> <span class='ocrx_word' id='word_1_434' title='bbox 1120 3467 1212 3519; x_wconf 77' lang='grc' dir='ltr'><strong>καὶ</strong></span> <span class='ocrx_word' id='word_1_435' title='bbox 1265 3468 1520 3522; x_wconf 84' lang='grc' dir='ltr'><strong>ἀπόδοσιν</strong></span> <span class='ocrx_word' id='word_1_436' title='bbox 1545 3471 1792 3537; x_wconf 87' lang='grc' dir='ltr'><strong>γίνεσθαι</strong></span> <span class='ocrx_word' id='word_1_437' title='bbox 1822 3473 1957 3544; x_wconf 84' lang='grc' dir='ltr'><strong>πρὸς</strong></span> 
     </span>
    </p>
   </div>
   <div class='ocr_carea' id='block_1_67' title="bbox 386 3555 1955 3630">
    <p class='ocr_par' dir='ltr' id='par_1_67' title="bbox 386 3555 1955 3630">
     <span class='ocr_line' id='line_1_67' title="bbox 386 3555 1955 3630; baseline 0.013 -25"><span class='ocrx_word' id='word_1_438' title='bbox 386 3555 507 3617; x_wconf 78' lang='grc' dir='ltr'><strong>τοὺς</strong></span> <span class='ocrx_word' id='word_1_439' title='bbox 534 3557 890 3626; x_wconf 83' lang='grc' dir='ltr'><strong>πεπρακότας</strong></span> <span class='ocrx_word' id='word_1_440' title='bbox 921 3556 954 3626; x_wconf 82' lang='grc' dir='ltr'><strong>ἢ</strong></span> <span class='ocrx_word' id='word_1_441' title='bbox 980 3556 1354 3628; x_wconf 84' lang='grc' dir='ltr'><strong>κληρονόμους</strong></span> <span class='ocrx_word' id='word_1_442' title='bbox 1383 3557 1566 3612; x_wconf 78' lang='grc' dir='ltr'><strong>αὐτῶν</strong></span> <span class='ocrx_word' id='word_1_443' title='bbox 1589 3561 1622 3630; x_wconf 82' lang='grc' dir='ltr'>ἢ</span> <span class='ocrx_word' id='word_1_444' title='bbox 1651 3566 1955 3630; x_wconf 78' lang='grc' dir='ltr'><strong>συγγενεῖς,</strong></span> 
     </span>
    </p>
   </div>
   <div class='ocr_carea' id='block_1_68' title="bbox 395 3643 1957 3716">
    <p class='ocr_par' dir='ltr' id='par_1_68' title="bbox 395 3643 1957 3716">
     <span class='ocr_line' id='line_1_68' title="bbox 395 3643 1957 3716; baseline 0.007 -21"><span class='ocrx_word' id='word_1_445' title='bbox 395 3643 594 3697; x_wconf 85' lang='grc' dir='ltr'><strong>τούτων</strong></span> <span class='ocrx_word' id='word_1_446' title='bbox 644 3645 702 3698; x_wconf 87' lang='grc' dir='ltr'><strong>δὲ</strong></span> <span class='ocrx_word' id='word_1_447' title='bbox 754 3644 830 3716; x_wconf 80' lang='grc' dir='ltr'><strong>μὴ</strong></span> <span class='ocrx_word' id='word_1_448' title='bbox 883 3646 1052 3698; x_wconf 74' lang='grc' dir='ltr'><strong>ὄντων</strong></span> <span class='ocrx_word' id='word_1_449' title='bbox 1084 3647 1221 3716; x_wconf 73' lang='grc' dir='ltr'><strong>πρὸς</strong></span> <span class='ocrx_word' id='word_1_450' title='bbox 1275 3649 1404 3712; x_wconf 86' lang='grc' dir='ltr'><strong>τοὺς</strong></span> <span class='ocrx_word' id='word_1_451' title='bbox 1432 3650 1820 3715; x_wconf 66' lang='grc' dir='ltr'><strong>συνπλεστάς·</strong></span> <span class='ocrx_word' id='word_1_452' title='bbox 1862 3655 1957 3708; x_wconf 78' lang='grc' dir='ltr'><strong>καὶ</strong></span> 
     </span>
    </p>
   </div>
   <div class='ocr_carea' id='block_1_69' title="bbox 393 3734 1953 3813">
    <p class='ocr_par' dir='ltr' id='par_1_69' title="bbox 393 3734 1953 3813">
     <span class='ocr_line' id='line_1_69' title="bbox 393 3734 1953 3813; baseline 0.007 -29"><span class='ocrx_word' id='word_1_453' title='bbox 393 3734 635 3804; x_wconf 76' lang='grc' dir='ltr'><strong>εὐπόρων</strong></span> <span class='ocrx_word' id='word_1_454' title='bbox 663 3736 765 3805; x_wconf 83' lang='grc' dir='ltr'><strong>μὲν</strong></span> <span class='ocrx_word' id='word_1_455' title='bbox 789 3735 958 3789; x_wconf 77' lang='grc' dir='ltr'><strong>ὄντων</strong></span> <span class='ocrx_word' id='word_1_456' title='bbox 987 3737 1168 3792; x_wconf 79' lang='grc' dir='ltr'><strong>αὐτῶν</strong></span> <span class='ocrx_word' id='word_1_457' title='bbox 1217 3739 1628 3807; x_wconf 84' lang='grc' dir='ltr'><strong>ἀνταποδιδόναι</strong></span> <span class='ocrx_word' id='word_1_458' title='bbox 1664 3741 1726 3794; x_wconf 83' lang='grc' dir='ltr'><strong>τὸ</strong></span> <span class='ocrx_word' id='word_1_459' title='bbox 1759 3741 1819 3808; x_wconf 76' lang='grc' dir='ltr'><strong>ἐξ</strong></span> <span class='ocrx_word' id='word_1_460' title='bbox 1851 3743 1953 3813; x_wconf 89' lang='grc' dir='ltr'><strong>ἀρ-</strong></span> 
     </span>
    </p>
   </div>
   <div class='ocr_carea' id='block_1_70' title="bbox 397 3827 1959 3904">
    <p class='ocr_par' dir='ltr' id='par_1_70' title="bbox 397 3827 1959 3904">
     <span class='ocr_line' id='line_1_70' title="bbox 397 3827 1959 3904; baseline 0.008 -25"><span class='ocrx_word' id='word_1_461' title='bbox 397 3827 492 3894; x_wconf 79' lang='grc' dir='ltr'><strong>χῆς</strong></span> <span class='ocrx_word' id='word_1_462' title='bbox 536 3827 873 3898; x_wconf 79' lang='grc' dir='ltr'><strong>καταϐληθὲν</strong></span> <span class='ocrx_word' id='word_1_463' title='bbox 898 3827 1144 3898; x_wconf 81' lang='grc' dir='ltr'><strong>τίμημα,</strong></span> <span class='ocrx_word' id='word_1_464' title='bbox 1197 3830 1550 3901; x_wconf 81' lang='grc' dir='ltr'><strong>ἀπορούντων</strong></span> <span class='ocrx_word' id='word_1_465' title='bbox 1590 3833 1648 3886; x_wconf 84' lang='grc' dir='ltr'><strong>δὲ</strong></span> <span class='ocrx_word' id='word_1_466' title='bbox 1705 3834 1841 3904; x_wconf 81' lang='grc' dir='ltr'><strong>πρὸς</strong></span> <span class='ocrx_word' id='word_1_467' title='bbox 1898 3837 1959 3891; x_wconf 80' lang='grc' dir='ltr'><strong>τὸ</strong></span> 
     </span>
    </p>
   </div>
   <div class='ocr_carea' id='block_1_71' title="bbox 397 3922 1959 4000">
    <p class='ocr_par' dir='ltr' id='par_1_71' title="bbox 397 3922 1959 4000">
     <span class='ocr_line' id='line_1_71' title="bbox 397 3922 1959 4000; baseline 0.013 -29"><span class='ocrx_word' id='word_1_468' title='bbox 397 3924 525 3989; x_wconf 79' lang='grc' dir='ltr'><strong>ταχὺ</strong></span> <span class='ocrx_word' id='word_1_469' title='bbox 569 3922 672 3991; x_wconf 81' lang='grc' dir='ltr'><strong>τῆς</strong></span> <span class='ocrx_word' id='word_1_470' title='bbox 727 3923 1150 3994; x_wconf 79' lang='grc' dir='ltr'><strong>ἀναδόσεωςμὴ</strong></span> <span class='ocrx_word' id='word_1_471' title='bbox 1195 3923 1710 3993; x_wconf 60' lang='grc' dir='ltr'><strong>πωσεκὸιάζεσθαιν</strong></span> <span class='ocrx_word' id='word_1_472' title='bbox 1756 3925 1832 3990; x_wconf 77' lang='grc' dir='ltr'><strong>ὡς</strong></span> <span class='ocrx_word' id='word_1_473' title='bbox 1882 3930 1959 4000; x_wconf 70' lang='grc' dir='ltr'><strong>μὴ</strong></span> 
     </span>
    </p>
   </div>
   <div class='ocr_carea' id='block_1_72' title="bbox 390 4015 1959 4091">
    <p class='ocr_par' dir='ltr' id='par_1_72' title="bbox 390 4015 1959 4091">
     <span class='ocr_line' id='line_1_72' title="bbox 390 4015 1959 4091; baseline 0.003 -24"><span class='ocrx_word' id='word_1_474' title='bbox 390 4015 798 4085; x_wconf 74' lang='grc' dir='ltr'><strong>φορτικωτέραν</strong></span> <span class='ocrx_word' id='word_1_475' title='bbox 817 4016 998 4083; x_wconf 78' lang='grc' dir='ltr'><strong>αὐτοῖς</strong></span> <span class='ocrx_word' id='word_1_476' title='bbox 1019 4016 1248 4086; x_wconf 74' lang='grc' dir='ltr'><strong>ὀφθῆναι</strong></span> <span class='ocrx_word' id='word_1_477' title='bbox 1274 4020 1366 4071; x_wconf 77' lang='grc' dir='ltr'><strong>καὶ</strong></span> <span class='ocrx_word' id='word_1_478' title='bbox 1397 4018 1834 4091; x_wconf 77' lang='grc' dir='ltr'><strong>δυσαχθεστέραν</strong></span> <span class='ocrx_word' id='word_1_479' title='bbox 1857 4021 1959 4091; x_wconf 85' lang='grc' dir='ltr'><strong>τῆς</strong></span> 
     </span>
    </p>
   </div>
   <div class='ocr_carea' id='block_1_73' title="bbox 389 4107 1959 4180">
    <p class='ocr_par' dir='ltr' id='par_1_73' title="bbox 389 4107 1959 4180">
     <span class='ocr_line' id='line_1_73' title="bbox 389 4107 1959 4180; baseline 0.005 -22"><span class='ocrx_word' id='word_1_480' title='bbox 389 4107 522 4175; x_wconf 65' lang='grc' dir='ltr'><strong>πρὸς</strong></span> <span class='ocrx_word' id='word_1_481' title='bbox 550 4107 612 4158; x_wconf 66' lang='grc' dir='ltr'><strong>τὸ</strong></span> <span class='ocrx_word' id='word_1_482' title='bbox 634 4107 828 4177; x_wconf 82' lang='grc' dir='ltr'><strong>μέλλον</strong></span> <span class='ocrx_word' id='word_1_483' title='bbox 852 4108 1219 4180; x_wconf 78' lang='grc' dir='ltr'><strong>ἐλπιζομένης</strong></span> <span class='ocrx_word' id='word_1_484' title='bbox 1247 4109 1516 4179; x_wconf 84' lang='grc' dir='ltr'><strong>ὠφελείας</strong></span> <span class='ocrx_word' id='word_1_485' title='bbox 1539 4111 1636 4164; x_wconf 80' lang='grc' dir='ltr'><strong>καὶ</strong></span> <span class='ocrx_word' id='word_1_486' title='bbox 1657 4111 1959 4180; x_wconf 84' lang='grc' dir='ltr'><strong>ἀσφαλείας</strong></span> 
     </span>
    </p>
   </div>
   <div class='ocr_carea' id='block_1_74' title="bbox 389 4197 1962 4272">
    <p class='ocr_par' dir='ltr' id='par_1_74' title="bbox 389 4197 1962 4272">
     <span class='ocr_line' id='line_1_74' title="bbox 389 4197 1962 4272; baseline 0.005 -24"><span class='ocrx_word' id='word_1_487' title='bbox 389 4198 486 4267; x_wconf 76' lang='grc' dir='ltr'><strong>τὴν</strong></span> <span class='ocrx_word' id='word_1_488' title='bbox 533 4197 633 4251; x_wconf 82' lang='grc' dir='ltr'><strong>νῦν</strong></span> <span class='ocrx_word' id='word_1_489' title='bbox 681 4199 1152 4272; x_wconf 71' lang='grc' dir='ltr'><strong>ὲπιόαρυνομένην</strong></span> <span class='ocrx_word' id='word_1_490' title='bbox 1204 4199 1505 4270; x_wconf 78' lang='grc' dir='ltr'><strong>εἴσπραξιν.</strong></span> <span class='ocrx_word' id='word_1_491' title='bbox 1542 4202 1754 4268; x_wconf 64' lang='lat' dir='ltr'><strong>&quot;sum;</strong></span> <span class='ocrx_word' id='word_1_492' title='bbox 1785 4220 1844 4256; x_wconf 87' lang='grc' dir='ltr'><strong>τε</strong></span> <span class='ocrx_word' id='word_1_493' title='bbox 1902 4203 1962 4256; x_wconf 66' lang='grc' dir='ltr'><strong>δὲ</strong></span> 
     </span>
    </p>
   </div>
   <div class='ocr_carea' id='block_1_75' title="bbox 387 4287 1962 4362">
    <p class='ocr_par' dir='ltr' id='par_1_75' title="bbox 387 4287 1962 4362">
     <span class='ocr_line' id='line_1_75' title="bbox 387 4287 1962 4362; baseline 0.004 -23"><span class='ocrx_word' id='word_1_494' title='bbox 387 4287 478 4339; x_wconf 77' lang='grc' dir='ltr'><strong>καὶ</strong></span> <span class='ocrx_word' id='word_1_495' title='bbox 513 4288 576 4340; x_wconf 74' lang='grc' dir='ltr'><strong>τὸ</strong></span> <span class='ocrx_word' id='word_1_496' title='bbox 608 4288 900 4359; x_wconf 77' lang='grc' dir='ltr'><strong>περίεργον</strong></span> <span class='ocrx_word' id='word_1_497' title='bbox 958 4292 1052 4344; x_wconf 80' lang='grc' dir='ltr'><strong>καὶ</strong></span> <span class='ocrx_word' id='word_1_498' title='bbox 1074 4291 1428 4362; x_wconf 84' lang='grc' dir='ltr'><strong>ἀνελεύθερον</strong></span> <span class='ocrx_word' id='word_1_499' title='bbox 1475 4294 1577 4361; x_wconf 80' lang='grc' dir='ltr'><strong>τῆς</strong></span> <span class='ocrx_word' id='word_1_500' title='bbox 1615 4291 1724 4344; x_wconf 87' lang='grc' dir='ltr'><strong>τῶν</strong></span> <span class='ocrx_word' id='word_1_501' title='bbox 1751 4291 1962 4346; x_wconf 79' lang='grc' dir='ltr'><strong>πολλῶν</strong></span> 
     </span>
    </p>
   </div>
   <div class='ocr_carea' id='block_1_76' title="bbox 386 4374 1957 4454">
    <p class='ocr_par' dir='ltr' id='par_1_76' title="bbox 386 4374 1957 4454">
     <span class='ocr_line' id='line_1_76' title="bbox 386 4374 1957 4454; baseline 0.004 -24"><span class='ocrx_word' id='word_1_502' title='bbox 386 4377 612 4450; x_wconf 85' lang='grc' dir='ltr'><strong>γνώμης</strong></span> <span class='ocrx_word' id='word_1_503' title='bbox 645 4374 734 4434; x_wconf 77' lang='grc' dir='ltr'><strong>διὰ</strong></span> <span class='ocrx_word' id='word_1_504' title='bbox 763 4382 860 4452; x_wconf 79' lang='grc' dir='ltr'><strong>τῆς</strong></span> <span class='ocrx_word' id='word_1_505' title='bbox 883 4382 1104 4453; x_wconf 75' lang='grc' dir='ltr'><strong>ταχείας</strong></span> <span class='ocrx_word' id='word_1_506' title='bbox 1136 4383 1479 4453; x_wconf 75' lang='grc' dir='ltr'><strong>είσπράξεως</strong></span> <span class='ocrx_word' id='word_1_507' title='bbox 1503 4384 1604 4437; x_wconf 77' lang='grc' dir='ltr'><strong>οὐκ</strong></span> <span class='ocrx_word' id='word_1_508' title='bbox 1631 4383 1957 4454; x_wconf 80' lang='grc' dir='ltr'><strong>ὲρυθριάσει</strong></span> 
     </span>
    </p>
   </div>
   <div class='ocr_carea' id='block_1_77' title="bbox 389 4468 1954 4543">
    <p class='ocr_par' dir='ltr' id='par_1_77' title="bbox 389 4468 1954 4543">
     <span class='ocr_line' id='line_1_77' title="bbox 389 4468 1954 4543; baseline 0.004 -22"><span class='ocrx_word' id='word_1_509' title='bbox 389 4469 465 4536; x_wconf 81' lang='grc' dir='ltr'><strong>μὴ</strong></span> <span class='ocrx_word' id='word_1_510' title='bbox 513 4471 616 4522; x_wconf 74' lang='grc' dir='ltr'><strong>οὐκ</strong></span> <span class='ocrx_word' id='word_1_511' title='bbox 644 4468 1110 4541; x_wconf 75' lang='grc' dir='ltr'><strong>ἀπαράθραυστον</strong></span> <span class='ocrx_word' id='word_1_512' title='bbox 1163 4473 1350 4542; x_wconf 80' lang='grc' dir='ltr'><strong>μένειν</strong></span> <span class='ocrx_word' id='word_1_513' title='bbox 1377 4474 1478 4543; x_wconf 79' lang='grc' dir='ltr'><strong>τὴν</strong></span> <span class='ocrx_word' id='word_1_514' title='bbox 1521 4473 1630 4528; x_wconf 85' lang='grc' dir='ltr'><strong>τῶν</strong></span> <span class='ocrx_word' id='word_1_515' title='bbox 1660 4475 1954 4535; x_wconf 79' lang='grc' dir='ltr'><strong>ὑποτυπω-</strong></span> 
     </span>
    </p>
   </div>
   <div class='ocr_carea' id='block_1_78' title="bbox 389 4559 1958 4637">
    <p class='ocr_par' dir='ltr' id='par_1_78' title="bbox 389 4559 1958 4637">
     <span class='ocr_line' id='line_1_78' title="bbox 389 4559 1958 4637; baseline 0.004 -26"><span class='ocrx_word' id='word_1_516' title='bbox 389 4559 589 4614; x_wconf 86' lang='grc' dir='ltr'><strong>θέντων</strong></span> <span class='ocrx_word' id='word_1_517' title='bbox 619 4560 844 4616; x_wconf 78' lang='grc' dir='ltr'><strong>ἔκϐασιν</strong></span> <span class='ocrx_word' id='word_1_518' title='bbox 870 4565 1409 4635; x_wconf 83' lang='grc' dir='ltr'><strong>διαμηχανήσασθαι.</strong></span> <span class='ocrx_word' id='word_1_519' title='bbox 1460 4566 1587 4629; x_wconf 71' lang='lat' dir='ltr'><strong>Tol;</strong></span> <span class='ocrx_word' id='word_1_520' title='bbox 1641 4567 1750 4637; x_wconf 82' lang='grc' dir='ltr'><strong>γὰρ</strong></span> <span class='ocrx_word' id='word_1_521' title='bbox 1779 4565 1958 4637; x_wconf 87' lang='grc' dir='ltr'><strong>ἀπλη-</strong></span> 
     </span>
    </p>
   </div>
   <div class='ocr_carea' id='block_1_79' title="bbox 393 4649 1966 4728">
    <p class='ocr_par' dir='ltr' id='par_1_79' title="bbox 393 4649 1966 4728">
     <span class='ocr_line' id='line_1_79' title="bbox 393 4649 1966 4728; baseline 0.007 -28"><span class='ocrx_word' id='word_1_522' title='bbox 393 4649 544 4712; x_wconf 81' lang='grc' dir='ltr'><strong>στίας</strong></span> <span class='ocrx_word' id='word_1_523' title='bbox 571 4651 734 4702; x_wconf 82' lang='grc' dir='ltr'><strong>πάθει</strong></span> <span class='ocrx_word' id='word_1_524' title='bbox 764 4653 856 4705; x_wconf 72' lang='grc' dir='ltr'><strong>καὶ</strong></span> <span class='ocrx_word' id='word_1_525' title='bbox 878 4657 1084 4723; x_wconf 76' lang='grc' dir='ltr'><strong>ψυχικῇ</strong></span> <span class='ocrx_word' id='word_1_526' title='bbox 1117 4655 1277 4724; x_wconf 75' lang='grc' dir='ltr'><strong>πενίᾳ</strong></span> <span class='ocrx_word' id='word_1_527' title='bbox 1317 4655 1455 4724; x_wconf 60' lang='grc' dir='ltr'><strong>πρὶς</strong></span> <span class='ocrx_word' id='word_1_528' title='bbox 1501 4656 1756 4710; x_wconf 78' lang='grc' dir='ltr'><strong>τοσοῦτον</strong></span> <span class='ocrx_word' id='word_1_529' title='bbox 1805 4674 1966 4728; x_wconf 84' lang='grc' dir='ltr'><strong>πορι-</strong></span> 
     </span>
    </p>
   </div>
   <div class='ocr_carea' id='block_1_80' title="bbox 391 4742 1965 4818">
    <p class='ocr_par' dir='ltr' id='par_1_80' title="bbox 391 4742 1965 4818">
     <span class='ocr_line' id='line_1_80' title="bbox 391 4742 1965 4818; baseline 0.006 -26"><span class='ocrx_word' id='word_1_530' title='bbox 391 4742 525 4810; x_wconf 81' lang='grc' dir='ltr'><strong>σμὸν</strong></span> <span class='ocrx_word' id='word_1_531' title='bbox 553 4744 947 4812; x_wconf 86' lang='grc' dir='ltr'><strong>προστετηκόσι</strong></span> <span class='ocrx_word' id='word_1_532' title='bbox 963 4745 1056 4797; x_wconf 65' lang='grc' dir='ltr'><strong>καὶ⁵</strong></span> <span class='ocrx_word' id='word_1_533' title='bbox 1084 4745 1251 4814; x_wconf 82' lang='grc' dir='ltr'><strong>μηδὲν</strong></span> <span class='ocrx_word' id='word_1_534' title='bbox 1269 4747 1491 4816; x_wconf 85' lang='grc' dir='ltr'><strong>αἰσχρὸν</strong></span> <span class='ocrx_word' id='word_1_535' title='bbox 1514 4747 1619 4800; x_wconf 84' lang='grc' dir='ltr'><strong>τῶν</strong></span> <span class='ocrx_word' id='word_1_536' title='bbox 1650 4750 1728 4811; x_wconf 83' lang='grc' dir='ltr'><strong>είς</strong></span> <span class='ocrx_word' id='word_1_537' title='bbox 1746 4767 1848 4818; x_wconf 83' lang='grc' dir='ltr'><strong>χρη</strong></span> <span class='ocrx_word' id='word_1_538' title='bbox 1859 4767 1965 4818; x_wconf 89' lang='grc' dir='ltr'><strong>μα-</strong></span> 
     </span>
    </p>
   </div>
   <div class='ocr_carea' id='block_1_81' title="bbox 387 4831 1963 4908">
    <p class='ocr_par' dir='ltr' id='par_1_81' title="bbox 387 4831 1963 4908">
     <span class='ocr_line' id='line_1_81' title="bbox 387 4831 1963 4908; baseline 0.008 -28"><span class='ocrx_word' id='word_1_539' title='bbox 387 4831 579 4899; x_wconf 71' lang='grc' dir='ltr'><strong>τισμδν</strong></span> <span class='ocrx_word' id='word_1_540' title='bbox 623 4831 1021 4888; x_wconf 67' lang='grc' dir='ltr'><strong>συντελούντων</strong></span> <span class='ocrx_word' id='word_1_541' title='bbox 1067 4834 1544 4906; x_wconf 77' lang='grc' dir='ltr'><strong>ὑπολογιζομένοις</strong></span> <span class='ocrx_word' id='word_1_542' title='bbox 1579 4838 1676 4891; x_wconf 77' lang='grc' dir='ltr'><strong>καὶ</strong></span> <span class='ocrx_word' id='word_1_543' title='bbox 1692 4839 1963 4908; x_wconf 85' lang='grc' dir='ltr'><strong>τοσαύτης</strong></span> 
     </span>
    </p>
   </div>
   <div class='ocr_carea' id='block_1_82' title="bbox 389 4919 1958 4999">
    <p class='ocr_par' dir='ltr' id='par_1_82' title="bbox 389 4919 1958 4999">
     <span class='ocr_line' id='line_1_82' title="bbox 389 4919 1958 4999; baseline 0.007 -28"><span class='ocrx_word' id='word_1_544' title='bbox 389 4919 921 4993; x_wconf 60' lang='grc' dir='ltr'><strong>πολυπραγμοσύνης</strong></span> <span class='ocrx_word' id='word_1_545' title='bbox 954 4925 1163 4994; x_wconf 69' lang='grc' dir='ltr'><strong>ἑφόδιον</strong></span> <span class='ocrx_word' id='word_1_546' title='bbox 1190 4926 1290 4996; x_wconf 80' lang='grc' dir='ltr'><strong>τὴν</strong></span> <span class='ocrx_word' id='word_1_547' title='bbox 1321 4927 1639 4999; x_wconf 73' lang='grc' dir='ltr'><strong>ἐλευθερίαν</strong></span> <span class='ocrx_word' id='word_1_548' title='bbox 1669 4931 1958 4999; x_wconf 83' lang='grc' dir='ltr'><strong>ὲπιφορτι-</strong></span> 
     </span>
    </p>
   </div>
   <div class='ocr_carea' id='block_1_83' title="bbox 388 5008 1959 5090">
    <p class='ocr_par' dir='ltr' id='par_1_83' title="bbox 388 5008 1959 5090">
     <span class='ocr_line' id='line_1_83' title="bbox 388 5008 1959 5090; baseline 0.008 -28"><span class='ocrx_word' id='word_1_549' title='bbox 388 5008 638 5077; x_wconf 75' lang='grc' dir='ltr'><strong>ζομένοις</strong></span> <span class='ocrx_word' id='word_1_550' title='bbox 657 5012 810 5066; x_wconf 73' lang='grc' dir='ltr'><strong>οὐδὲν</strong></span> <span class='ocrx_word' id='word_1_551' title='bbox 824 5013 1150 5086; x_wconf 88' lang='grc' dir='ltr'><strong>ἀτόλμητον,</strong></span> <span class='ocrx_word' id='word_1_552' title='bbox 1177 5016 1330 5069; x_wconf 75' lang='grc' dir='ltr'><strong>ούδὲν</strong></span> <span class='ocrx_word' id='word_1_553' title='bbox 1357 5018 1774 5090; x_wconf 82' lang='grc' dir='ltr'><strong>ἀνεπιχείρητον</strong></span> <span class='ocrx_word' id='word_1_554' title='bbox 1800 5036 1959 5090; x_wconf 75' lang='grc' dir='ltr'><strong>περιο</strong></span> 
     </span>
    </p>
   </div>
   <div class='ocr_carea' id='block_1_84' title="bbox 389 5099 1964 5182">
    <p class='ocr_par' dir='ltr' id='par_1_84' title="bbox 389 5099 1964 5182">
     <span class='ocr_line' id='line_1_84' title="bbox 389 5099 1964 5182; baseline 0.01 -31"><span class='ocrx_word' id='word_1_555' title='bbox 389 5099 740 5171; x_wconf 80' lang='grc' dir='ltr'><strong>λειφθήσεται</strong></span> <span class='ocrx_word' id='word_1_556' title='bbox 800 5106 880 5168; x_wconf 76' lang='grc' dir='ltr'><strong>είς</strong></span> <span class='ocrx_word' id='word_1_557' title='bbox 936 5107 1036 5178; x_wconf 77' lang='grc' dir='ltr'><strong>τὴν</strong></span> <span class='ocrx_word' id='word_1_558' title='bbox 1095 5108 1196 5176; x_wconf 84' lang='grc' dir='ltr'><strong>τῆς</strong></span> <span class='ocrx_word' id='word_1_559' title='bbox 1247 5109 1457 5172; x_wconf 77' lang='grc' dir='ltr'><strong>οἰκείας</strong></span> <span class='ocrx_word' id='word_1_560' title='bbox 1518 5110 1964 5182; x_wconf 80' lang='grc' dir='ltr'><strong>συμϐαλλόμενον</strong></span> 
     </span>
    </p>
   </div>
   <div class='ocr_carea' id='block_1_85' title="bbox 388 5191 1964 5261">
    <p class='ocr_par' dir='ltr' id='par_1_85' title="bbox 388 5191 1964 5261">
     <span class='ocr_line' id='line_1_85' title="bbox 388 5191 1964 5261; baseline 0.006 -18"><span class='ocrx_word' id='word_1_561' title='bbox 388 5191 699 5259; x_wconf 81' lang='grc' dir='ltr'><strong>προθέσεως</strong></span> <span class='ocrx_word' id='word_1_562' title='bbox 719 5191 1047 5249; x_wconf 76' lang='grc' dir='ltr'><strong>συντέλειαν.</strong></span> <span class='ocrx_word' id='word_1_563' title='bbox 1081 5195 1222 5250; x_wconf 79' lang='grc' dir='ltr'><strong>Ἀλλ’</strong></span> <span class='ocrx_word' id='word_1_564' title='bbox 1250 5200 1329 5261; x_wconf 82' lang='grc' dir='ltr'><strong>εἰς</strong></span> <span class='ocrx_word' id='word_1_565' title='bbox 1355 5198 1593 5253; x_wconf 88' lang='grc' dir='ltr'><strong>κώλυσιν</strong></span> <span class='ocrx_word' id='word_1_566' title='bbox 1622 5200 1732 5252; x_wconf 86' lang='grc' dir='ltr'><strong>τῶν</strong></span> <span class='ocrx_word' id='word_1_567' title='bbox 1753 5201 1964 5254; x_wconf 83' lang='grc' dir='ltr'><strong>καινῶν</strong></span> 
     </span>
    </p>
   </div>
   <div class='ocr_carea' id='block_1_86' title="bbox 389 5283 1964 5362">
    <p class='ocr_par' dir='ltr' id='par_1_86' title="bbox 389 5283 1964 5362">
     <span class='ocr_line' id='line_1_86' title="bbox 389 5283 1964 5362; baseline 0.009 -28"><span class='ocrx_word' id='word_1_568' title='bbox 389 5283 790 5354; x_wconf 71' lang='grc' dir='ltr'><strong>ἐφευρημάτων</strong></span> <span class='ocrx_word' id='word_1_569' title='bbox 827 5288 923 5341; x_wconf 75' lang='grc' dir='ltr'><strong>καὶ</strong></span> <span class='ocrx_word' id='word_1_570' title='bbox 969 5289 1321 5360; x_wconf 74' lang='grc' dir='ltr'><strong>ἐκπλήρωσιν</strong></span> <span class='ocrx_word' id='word_1_571' title='bbox 1359 5290 1468 5344; x_wconf 79' lang='grc' dir='ltr'><strong>τῶν</strong></span> <span class='ocrx_word' id='word_1_572' title='bbox 1519 5292 1899 5362; x_wconf 74' lang='grc' dir='ltr'><strong>διορισθέντων</strong></span> <span class='ocrx_word' id='word_1_573' title='bbox 1934 5287 1964 5348; x_wconf 80' lang='grc' dir='ltr'><strong>ὀ</strong></span> 
     </span>
    </p>
   </div>
   <div class='ocr_carea' id='block_1_87' title="bbox 388 5373 1963 5451">
    <p class='ocr_par' dir='ltr' id='par_1_87' title="bbox 388 5373 1963 5451">
     <span class='ocr_line' id='line_1_87' title="bbox 388 5373 1963 5451; baseline 0.008 -29"><span class='ocrx_word' id='word_1_574' title='bbox 388 5373 485 5436; x_wconf 74' lang='grc' dir='ltr'><strong>τῆς</strong></span> <span class='ocrx_word' id='word_1_575' title='bbox 516 5375 762 5444; x_wconf 81' lang='grc' dir='ltr'><strong>τριετίας</strong></span> <span class='ocrx_word' id='word_1_576' title='bbox 791 5378 870 5439; x_wconf 87' lang='grc' dir='ltr'><strong>είς</strong></span> <span class='ocrx_word' id='word_1_577' title='bbox 889 5374 1168 5449; x_wconf 77' lang='grc' dir='ltr'><strong>ἀνα-μονὴν</strong></span> <span class='ocrx_word' id='word_1_578' title='bbox 1190 5379 1503 5450; x_wconf 83' lang='grc' dir='ltr'><strong>προκείσθω</strong></span> <span class='ocrx_word' id='word_1_579' title='bbox 1528 5381 1741 5450; x_wconf 84' lang='grc' dir='ltr'><strong>χρόνος,</strong></span> <span class='ocrx_word' id='word_1_580' title='bbox 1761 5382 1856 5435; x_wconf 80' lang='grc' dir='ltr'><strong>καὶ</strong></span> <span class='ocrx_word' id='word_1_581' title='bbox 1882 5381 1963 5451; x_wconf 82' lang='grc' dir='ltr'><strong>τῷ</strong></span> 
     </span>
    </p>
   </div>
   <div class='ocr_carea' id='block_1_88' title="bbox 391 5461 1963 5540">
    <p class='ocr_par' dir='ltr' id='par_1_88' title="bbox 391 5461 1963 5540">
     <span class='ocr_line' id='line_1_88' title="bbox 391 5461 1963 5540; baseline 0.009 -29"><span class='ocrx_word' id='word_1_582' title='bbox 391 5461 582 5531; x_wconf 79' lang='grc' dir='ltr'><strong>ἀπόρῳ</strong></span> <span class='ocrx_word' id='word_1_583' title='bbox 602 5465 703 5532; x_wconf 79' lang='grc' dir='ltr'><strong>τὴν</strong></span> <span class='ocrx_word' id='word_1_584' title='bbox 727 5463 990 5524; x_wconf 77' lang='grc' dir='ltr'><strong>εὐπορίαν</strong></span> <span class='ocrx_word' id='word_1_585' title='bbox 1009 5467 1198 5538; x_wconf 78' lang='grc' dir='ltr'><strong>φέρειν</strong></span> <span class='ocrx_word' id='word_1_586' title='bbox 1227 5465 1527 5540; x_wconf 82' lang='grc' dir='ltr'><strong>δυνάμενος</strong></span> <span class='ocrx_word' id='word_1_587' title='bbox 1557 5470 1648 5524; x_wconf 76' lang='grc' dir='ltr'><strong>καὶ</strong></span> <span class='ocrx_word' id='word_1_588' title='bbox 1685 5471 1786 5540; x_wconf 77' lang='grc' dir='ltr'><strong>τὴν</strong></span> <span class='ocrx_word' id='word_1_589' title='bbox 1819 5472 1963 5525; x_wconf 76' lang='grc' dir='ltr'><strong>ἀπό-ι-</strong></span> 
     </span>
    </p>
   </div>
   <div class='ocr_carea' id='block_1_89' title="bbox 2057 3280 3628 3348">
    <p class='ocr_par' dir='ltr' id='par_1_89' title="bbox 2057 3280 3628 3348">
     <span class='ocr_line' id='line_1_89' title="bbox 2057 3280 3628 3348; baseline -0.011 -1"><span class='ocrx_word' id='word_1_590' title='bbox 2057 3308 2165 3348; x_wconf 89' lang='lat' dir='ltr'><strong>non</strong></span> <span class='ocrx_word' id='word_1_591' title='bbox 2199 3293 2297 3347; x_wconf 88' lang='lat' dir='ltr'><strong>abs</strong></span> <span class='ocrx_word' id='word_1_592' title='bbox 2326 3305 2386 3345; x_wconf 91' lang='lat' dir='ltr'><strong>re</strong></span> <span class='ocrx_word' id='word_1_593' title='bbox 2411 3290 2555 3344; x_wconf 89' lang='lat' dir='ltr'><strong>ratio</strong></span> <span class='ocrx_word' id='word_1_594' title='bbox 2585 3285 2949 3343; x_wconf 80' lang='lat' dir='ltr'><strong>restitutionis</strong></span> <span class='ocrx_word' id='word_1_595' title='bbox 2975 3283 3139 3338; x_wconf 87' lang='lat' dir='ltr'><strong>etiam</strong></span> <span class='ocrx_word' id='word_1_596' title='bbox 3177 3280 3481 3341; x_wconf 84' lang='lat' dir='ltr'><strong>habebitur,</strong></span> <span class='ocrx_word' id='word_1_597' title='bbox 3509 3291 3628 3331; x_wconf 87' lang='lat' dir='ltr'><strong>mo-</strong></span> 
     </span>
    </p>
   </div>
   <div class='ocr_carea' id='block_1_90' title="bbox 2057 3369 3629 3450">
    <p class='ocr_par' dir='ltr' id='par_1_90' title="bbox 2057 3369 3629 3450">
     <span class='ocr_line' id='line_1_90' title="bbox 2057 3369 3629 3450; baseline -0.012 -13"><span class='ocrx_word' id='word_1_598' title='bbox 2057 3383 2175 3438; x_wconf 86' lang='lat' dir='ltr'><strong>dica</strong></span> <span class='ocrx_word' id='word_1_599' title='bbox 2210 3381 2440 3450; x_wconf 87' lang='lat' dir='ltr'><strong>quadam</strong></span> <span class='ocrx_word' id='word_1_600' title='bbox 2480 3375 2780 3448; x_wconf 85' lang='lat' dir='ltr'><strong>appendiee</strong></span> <span class='ocrx_word' id='word_1_601' title='bbox 2817 3372 3114 3428; x_wconf 69' lang='lat' dir='ltr'><strong>sanationis</strong></span> <span class='ocrx_word' id='word_1_602' title='bbox 3158 3369 3392 3440; x_wconf 86' lang='lat' dir='ltr'><strong>inopiam</strong></span> <span class='ocrx_word' id='word_1_603' title='bbox 3426 3375 3629 3436; x_wconf 83' lang='lat' dir='ltr'><strong>paupe-</strong></span> 
     </span>
    </p>
   </div>
   <div class='ocr_carea' id='block_1_91' title="bbox 2058 3455 3634 3530">
    <p class='ocr_par' dir='ltr' id='par_1_91' title="bbox 2058 3455 3634 3530">
     <span class='ocr_line' id='line_1_91' title="bbox 2058 3455 3634 3530; baseline -0.011 -4"><span class='ocrx_word' id='word_1_604' title='bbox 2058 3486 2182 3526; x_wconf 92' lang='lat' dir='ltr'><strong>rum</strong></span> <span class='ocrx_word' id='word_1_605' title='bbox 2217 3469 2550 3525; x_wconf 82' lang='lat' dir='ltr'><strong>sublevaus:</strong></span> <span class='ocrx_word' id='word_1_606' title='bbox 2592 3465 2849 3520; x_wconf 85' lang='lat' dir='ltr'><strong>nimirum</strong></span> <span class='ocrx_word' id='word_1_607' title='bbox 2881 3471 2941 3517; x_wconf 88' lang='lat' dir='ltr'><strong>ut</strong></span> <span class='ocrx_word' id='word_1_608' title='bbox 2971 3461 3155 3518; x_wconf 72' lang='lat' dir='ltr'><strong>atatim</strong></span> <span class='ocrx_word' id='word_1_609' title='bbox 3199 3460 3315 3530; x_wconf 88' lang='lat' dir='ltr'><strong>ipsa</strong></span> <span class='ocrx_word' id='word_1_610' title='bbox 3356 3459 3470 3514; x_wconf 90' lang='lat' dir='ltr'><strong>loca</strong></span> <span class='ocrx_word' id='word_1_611' title='bbox 3504 3455 3634 3510; x_wconf 73' lang='lat' dir='ltr'><strong>rcd~</strong></span> 
     </span>
    </p>
   </div>
   <div class='ocr_carea' id='block_1_92' title="bbox 2059 3547 3632 3624">
    <p class='ocr_par' dir='ltr' id='par_1_92' title="bbox 2059 3547 3632 3624">
     <span class='ocr_line' id='line_1_92' title="bbox 2059 3547 3632 3624; baseline -0.01 -9"><span class='ocrx_word' id='word_1_612' title='bbox 2059 3561 2280 3624; x_wconf 87' lang='lat' dir='ltr'><strong>dantur,</strong></span> <span class='ocrx_word' id='word_1_613' title='bbox 2310 3565 2365 3622; x_wconf 85' lang='lat' dir='ltr'><strong>et</strong></span> <span class='ocrx_word' id='word_1_614' title='bbox 2391 3563 2735 3612; x_wconf 81' lang='lat' dir='ltr'><strong>revertantur</strong></span> <span class='ocrx_word' id='word_1_615' title='bbox 2760 3554 2827 3608; x_wconf 87' lang='lat' dir='ltr'><strong>ad</strong></span> <span class='ocrx_word' id='word_1_616' title='bbox 2852 3566 2966 3616; x_wconf 90' lang='lat' dir='ltr'><strong>eos,</strong></span> <span class='ocrx_word' id='word_1_617' title='bbox 2999 3551 3089 3622; x_wconf 89' lang='lat' dir='ltr'><strong>qui</strong></span> <span class='ocrx_word' id='word_1_618' title='bbox 3123 3551 3517 3614; x_wconf 79' lang='lat' dir='ltr'><strong>vendiderunt;</strong></span> <span class='ocrx_word' id='word_1_619' title='bbox 3548 3547 3632 3601; x_wconf 80' lang='lat' dir='ltr'><strong>vel</strong></span> 
     </span>
    </p>
   </div>
   <div class='ocr_carea' id='block_1_93' title="bbox 2061 3640 3632 3714">
    <p class='ocr_par' dir='ltr' id='par_1_93' title="bbox 2061 3640 3632 3714">
     <span class='ocr_line' id='line_1_93' title="bbox 2061 3640 3632 3714; baseline -0.009 -8"><span class='ocrx_word' id='word_1_620' title='bbox 2061 3652 2128 3706; x_wconf 86' lang='lat' dir='ltr'><strong>ad</strong></span> <span class='ocrx_word' id='word_1_621' title='bbox 2177 3661 2366 3705; x_wconf 82' lang='lat' dir='ltr'><strong>eorum</strong></span> <span class='ocrx_word' id='word_1_622' title='bbox 2416 3645 2684 3712; x_wconf 63' lang='lat' dir='ltr'><strong>heredes,</strong></span> <span class='ocrx_word' id='word_1_623' title='bbox 2718 3647 2814 3699; x_wconf 81' lang='lat' dir='ltr'><strong>aut</strong></span> <span class='ocrx_word' id='word_1_624' title='bbox 2859 3643 3227 3714; x_wconf 74' lang='lat' dir='ltr'><strong>propinquos;</strong></span> <span class='ocrx_word' id='word_1_625' title='bbox 3276 3640 3358 3694; x_wconf 81' lang='lat' dir='ltr'><strong>vel</strong></span> <span class='ocrx_word' id='word_1_626' title='bbox 3412 3641 3476 3693; x_wconf 89' lang='lat' dir='ltr'><strong>iis</strong></span> <span class='ocrx_word' id='word_1_627' title='bbox 3523 3653 3632 3693; x_wconf 92' lang='lat' dir='ltr'><strong>non</strong></span> 
     </span>
    </p>
   </div>
   <div class='ocr_carea' id='block_1_94' title="bbox 2060 3728 3632 3805">
    <p class='ocr_par' dir='ltr' id='par_1_94' title="bbox 2060 3728 3632 3805">
     <span class='ocr_line' id='line_1_94' title="bbox 2060 3728 3632 3805; baseline -0.006 -12"><span class='ocrx_word' id='word_1_628' title='bbox 2060 3737 2421 3801; x_wconf 67' lang='lat' dir='ltr'><strong>exstantibus,</strong></span> <span class='ocrx_word' id='word_1_629' title='bbox 2451 3735 2520 3790; x_wconf 76' lang='lat' dir='ltr'><strong>ad</strong></span> <span class='ocrx_word' id='word_1_630' title='bbox 2549 3732 2695 3799; x_wconf 85' lang='lat' dir='ltr'><strong>illos,</strong></span> <span class='ocrx_word' id='word_1_631' title='bbox 2726 3733 2818 3805; x_wconf 76' lang='lat' dir='ltr'><strong>qui</strong></span> <span class='ocrx_word' id='word_1_632' title='bbox 2855 3731 2959 3789; x_wconf 80' lang='lat' dir='ltr'><strong>sub</strong></span> <span class='ocrx_word' id='word_1_633' title='bbox 2985 3731 3182 3788; x_wconf 79' lang='lat' dir='ltr'><strong>eodem</strong></span> <span class='ocrx_word' id='word_1_634' title='bbox 3215 3728 3372 3784; x_wconf 81' lang='lat' dir='ltr'><strong>titulo</strong></span> <span class='ocrx_word' id='word_1_635' title='bbox 3405 3729 3632 3799; x_wconf 69' lang='lat' dir='ltr'><strong>vectigal</strong></span> 
     </span>
    </p>
   </div>
   <div class='ocr_carea' id='block_1_95' title="bbox 2062 3808 3632 3900">
    <p class='ocr_par' dir='ltr' id='par_1_95' title="bbox 2062 3808 3632 3900">
     <span class='ocr_line' id='line_1_95' title="bbox 2062 3808 3632 3900; baseline -0.005 -16"><span class='ocrx_word' id='word_1_636' title='bbox 2062 3808 2454 3900; x_wconf 34' lang='lat' dir='ltr'><strong>pendunt/Qui</strong></span> <span class='ocrx_word' id='word_1_637' title='bbox 2484 3840 2620 3884; x_wconf 80' lang='lat' dir='ltr'><strong>sane</strong></span> <span class='ocrx_word' id='word_1_638' title='bbox 2651 3827 2699 3882; x_wconf 84' lang='lat' dir='ltr'><strong>si</strong></span> <span class='ocrx_word' id='word_1_639' title='bbox 2746 3824 3040 3894; x_wconf 77' lang='lat' dir='ltr'><strong>locupletes</strong></span> <span class='ocrx_word' id='word_1_640' title='bbox 3085 3831 3234 3889; x_wconf 85' lang='lat' dir='ltr'><strong>sunt,</strong></span> <span class='ocrx_word' id='word_1_641' title='bbox 3283 3820 3632 3898; x_wconf 75' lang='lat' dir='ltr'><strong>solutumab</strong></span> 
     </span>
    </p>
   </div>
   <div class='ocr_carea' id='block_1_96' title="bbox 2063 3911 3635 3991">
    <p class='ocr_par' dir='ltr' id='par_1_96' title="bbox 2063 3911 3635 3991">
     <span class='ocr_line' id='line_1_96' title="bbox 2063 3911 3635 3991; baseline -0.008 -14"><span class='ocrx_word' id='word_1_642' title='bbox 2063 3921 2216 3977; x_wconf 85' lang='lat' dir='ltr'><strong>initio</strong></span> <span class='ocrx_word' id='word_1_643' title='bbox 2263 3919 2499 3991; x_wconf 87' lang='lat' dir='ltr'><strong>pretium</strong></span> <span class='ocrx_word' id='word_1_644' title='bbox 2542 3917 2779 3973; x_wconf 75' lang='lat' dir='ltr'><strong>vicissim</strong></span> <span class='ocrx_word' id='word_1_645' title='bbox 2828 3918 3126 3986; x_wconf 57' lang='lat' dir='ltr'><strong>praeter“:</strong></span> <span class='ocrx_word' id='word_1_646' title='bbox 3173 3922 3241 3968; x_wconf 87' lang='lat' dir='ltr'><strong>.at</strong></span> <span class='ocrx_word' id='word_1_647' title='bbox 3283 3912 3329 3967; x_wconf 85' lang='lat' dir='ltr'><strong>si</strong></span> <span class='ocrx_word' id='word_1_648' title='bbox 3375 3911 3635 3968; x_wconf 76' lang='lat' dir='ltr'><strong>solvendo</strong></span> 
     </span>
    </p>
   </div>
   <div class='ocr_carea' id='block_1_97' title="bbox 2061 4003 3636 4078">
    <p class='ocr_par' dir='ltr' id='par_1_97' title="bbox 2061 4003 3636 4078">
     <span class='ocr_line' id='line_1_97' title="bbox 2061 4003 3636 4078; baseline -0.01 -10"><span class='ocrx_word' id='word_1_649' title='bbox 2061 4027 2169 4070; x_wconf 81' lang='lat' dir='ltr'><strong>non</strong></span> <span class='ocrx_word' id='word_1_650' title='bbox 2198 4015 2345 4076; x_wconf 77' lang='lat' dir='ltr'><strong>sunt,</strong></span> <span class='ocrx_word' id='word_1_651' title='bbox 2374 4010 2444 4066; x_wconf 82' lang='lat' dir='ltr'><strong>ad</strong></span> <span class='ocrx_word' id='word_1_652' title='bbox 2483 4009 2714 4065; x_wconf 75' lang='lat' dir='ltr'><strong>celerem</strong></span> <span class='ocrx_word' id='word_1_653' title='bbox 2757 4007 2915 4078; x_wconf 75' lang='lat' dir='ltr'><strong>pretii</strong></span> <span class='ocrx_word' id='word_1_654' title='bbox 2947 4005 3295 4069; x_wconf 74' lang='lat' dir='ltr'><strong>refuslonem,</strong></span> <span class='ocrx_word' id='word_1_655' title='bbox 3323 4003 3377 4058; x_wconf 84' lang='lat' dir='ltr'><strong>vi</strong></span> <span class='ocrx_word' id='word_1_656' title='bbox 3406 4015 3511 4058; x_wconf 86' lang='lat' dir='ltr'><strong>non</strong></span> <span class='ocrx_word' id='word_1_657' title='bbox 3545 4015 3636 4056; x_wconf 69' lang='lat' dir='ltr'><strong>cu.</strong></span> 
     </span>
    </p>
   </div>
   <div class='ocr_carea' id='block_1_98' title="bbox 2063 4095 3636 4174">
    <p class='ocr_par' dir='ltr' id='par_1_98' title="bbox 2063 4095 3636 4174">
     <span class='ocr_line' id='line_1_98' title="bbox 2063 4095 3636 4174; baseline -0.008 -16"><span class='ocrx_word' id='word_1_658' title='bbox 2063 4112 2261 4174; x_wconf 63' lang='lat' dir='ltr'><strong>gen-tur</strong></span> <span class='ocrx_word' id='word_1_659' title='bbox 2290 4119 2303 4156; x_wconf 90' lang='lat'><strong>:</strong></span> <span class='ocrx_word' id='word_1_660' title='bbox 2339 4110 2400 4156; x_wconf 88' lang='lat' dir='ltr'><strong>ut</strong></span> <span class='ocrx_word' id='word_1_661' title='bbox 2431 4115 2500 4157; x_wconf 81' lang='lat' dir='ltr'><strong>ne</strong></span> <span class='ocrx_word' id='word_1_662' title='bbox 2527 4099 2720 4171; x_wconf 82' lang='lat' dir='ltr'><strong>majori</strong></span> <span class='ocrx_word' id='word_1_663' title='bbox 2748 4099 2820 4155; x_wconf 84' lang='lat' dir='ltr'><strong>sit</strong></span> <span class='ocrx_word' id='word_1_664' title='bbox 2857 4098 2938 4154; x_wconf 85' lang='lat' dir='ltr'><strong>eis</strong></span> <span class='ocrx_word' id='word_1_665' title='bbox 2962 4099 3142 4166; x_wconf 70' lang='lat' dir='ltr'><strong>oneri,</strong></span> <span class='ocrx_word' id='word_1_666' title='bbox 3167 4095 3518 4163; x_wconf 80' lang='lat' dir='ltr'><strong>molestiaque</strong></span> <span class='ocrx_word' id='word_1_667' title='bbox 3541 4107 3636 4147; x_wconf 83' lang='lat' dir='ltr'><strong>su-</strong></span> 
     </span>
    </p>
   </div>
   <div class='ocr_carea' id='block_1_99' title="bbox 2065 4182 3635 4262">
    <p class='ocr_par' dir='ltr' id='par_1_99' title="bbox 2065 4182 3635 4262">
     <span class='ocr_line' id='line_1_99' title="bbox 2065 4182 3635 4262; baseline -0.01 -13"><span class='ocrx_word' id='word_1_668' title='bbox 2065 4203 2214 4262; x_wconf 86' lang='lat' dir='ltr'><strong>peret</strong></span> <span class='ocrx_word' id='word_1_669' title='bbox 2237 4191 2474 4257; x_wconf 74' lang='lat' dir='ltr'><strong>exactio,</strong></span> <span class='ocrx_word' id='word_1_670' title='bbox 2499 4203 2621 4260; x_wconf 62' lang='lat' dir='ltr'><strong>quae</strong></span> <span class='ocrx_word' id='word_1_671' title='bbox 2655 4195 2784 4245; x_wconf 78' lang='lat' dir='ltr'><strong>tunc</strong></span> <span class='ocrx_word' id='word_1_672' title='bbox 2818 4195 3134 4258; x_wconf 65' lang='lat' dir='ltr'><strong>gravantur,</strong></span> <span class='ocrx_word' id='word_1_673' title='bbox 3182 4185 3234 4240; x_wconf 87' lang='lat' dir='ltr'><strong>id</strong></span> <span class='ocrx_word' id='word_1_674' title='bbox 3273 4182 3635 4242; x_wconf 77' lang='lat' dir='ltr'><strong>commodum.</strong></span> 
     </span>
    </p>
   </div>
   <div class='ocr_carea' id='block_1_100' title="bbox 2063 4276 3639 4354">
    <p class='ocr_par' dir='ltr' id='par_1_100' title="bbox 2063 4276 3639 4354">
     <span class='ocr_line' id='line_1_100' title="bbox 2063 4276 3639 4354; baseline -0.01 -15"><span class='ocrx_word' id='word_1_675' title='bbox 2063 4284 2210 4354; x_wconf 86' lang='lat' dir='ltr'><strong>quod</strong></span> <span class='ocrx_word' id='word_1_676' title='bbox 2247 4283 2304 4337; x_wconf 86' lang='lat' dir='ltr'><strong>in</strong></span> <span class='ocrx_word' id='word_1_677' title='bbox 2333 4292 2611 4352; x_wconf 74' lang='lat' dir='ltr'><strong>postuma</strong></span> <span class='ocrx_word' id='word_1_678' title='bbox 2645 4287 2886 4350; x_wconf 81' lang='lat' dir='ltr'><strong>sperant.</strong></span> <span class='ocrx_word' id='word_1_679' title='bbox 2912 4276 3222 4332; x_wconf 76' lang='lat' dir='ltr'><strong>Praesertim</strong></span> <span class='ocrx_word' id='word_1_680' title='bbox 3243 4287 3378 4330; x_wconf 80' lang='lat' dir='ltr'><strong>cum</strong></span> <span class='ocrx_word' id='word_1_681' title='bbox 3413 4282 3639 4328; x_wconf 70' lang='lat' dir='ltr'><strong>caetero-</strong></span> 
     </span>
    </p>
   </div>
   <div class='ocr_carea' id='block_1_101' title="bbox 2069 4361 3756 4445">
    <p class='ocr_par' dir='ltr' id='par_1_101' title="bbox 2069 4361 3756 4445">
     <span class='ocr_line' id='line_1_101' title="bbox 2069 4361 3756 4445; baseline -0.011 -14"><span class='ocrx_word' id='word_1_682' title='bbox 2069 4375 2160 4445; x_wconf 85' lang='lat' dir='ltr'><strong>qui</strong></span> <span class='ocrx_word' id='word_1_683' title='bbox 2193 4374 2440 4430; x_wconf 76' lang='lat' dir='ltr'><strong>i‘utururn</strong></span> <span class='ocrx_word' id='word_1_684' title='bbox 2475 4373 2566 4438; x_wconf 77' lang='lat' dir='ltr'><strong>sit,</strong></span> <span class='ocrx_word' id='word_1_685' title='bbox 2597 4379 2659 4426; x_wconf 84' lang='lat' dir='ltr'><strong>ut</strong></span> <span class='ocrx_word' id='word_1_686' title='bbox 2709 4369 2932 4426; x_wconf 79' lang='lat' dir='ltr'><strong>subdola</strong></span> <span class='ocrx_word' id='word_1_687' title='bbox 2973 4367 3295 4438; x_wconf 75' lang='lat' dir='ltr'><strong>improbitas</strong></span> <span class='ocrx_word' id='word_1_688' title='bbox 3323 4375 3380 4421; x_wconf 83' lang='lat' dir='ltr'><strong>et</strong></span> <span class='ocrx_word' id='word_1_689' title='bbox 3404 4363 3640 4419; x_wconf 83' lang='lat' dir='ltr'><strong>illibera-</strong></span> <span class='ocrx_word' id='word_1_690' title='bbox 3743 4361 3756 4374; x_wconf 89' lang='lat'><strong>‘</strong></span> 
     </span>
    </p>
   </div>
   <div class='ocr_carea' id='block_1_102' title="bbox 2062 4451 3639 4526">
    <p class='ocr_par' dir='ltr' id='par_1_102' title="bbox 2062 4451 3639 4526">
     <span class='ocr_line' id='line_1_102' title="bbox 2062 4451 3639 4526; baseline -0.01 -8"><span class='ocrx_word' id='word_1_691' title='bbox 2062 4465 2194 4520; x_wconf 77' lang='lat' dir='ltr'><strong>litas</strong></span> <span class='ocrx_word' id='word_1_692' title='bbox 2219 4465 2274 4518; x_wconf 84' lang='lat' dir='ltr'><strong>in</strong></span> <span class='ocrx_word' id='word_1_693' title='bbox 2305 4462 2596 4518; x_wconf 76' lang='lat' dir='ltr'><strong>multorum</strong></span> <span class='ocrx_word' id='word_1_694' title='bbox 2634 4457 2834 4515; x_wconf 78' lang='lat' dir='ltr'><strong>animis</strong></span> <span class='ocrx_word' id='word_1_695' title='bbox 2872 4471 2968 4526; x_wconf 86' lang='lat' dir='ltr'><strong>per</strong></span> <span class='ocrx_word' id='word_1_696' title='bbox 2995 4455 3362 4512; x_wconf 70' lang='lat' dir='ltr'><strong>.aceeleratatn</strong></span> <span class='ocrx_word' id='word_1_697' title='bbox 3395 4451 3639 4508; x_wconf 75' lang='lat' dir='ltr'><strong>exactio-</strong></span> 
     </span>
    </p>
   </div>
   <div class='ocr_carea' id='block_1_103' title="bbox 2067 4545 3640 4623">
    <p class='ocr_par' dir='ltr' id='par_1_103' title="bbox 2067 4545 3640 4623">
     <span class='ocr_line' id='line_1_103' title="bbox 2067 4545 3640 4623; baseline -0.009 -13"><span class='ocrx_word' id='word_1_698' title='bbox 2067 4569 2190 4611; x_wconf 85' lang='lat' dir='ltr'><strong>nem</strong></span> <span class='ocrx_word' id='word_1_699' title='bbox 2217 4553 2379 4623; x_wconf 79' lang='lat' dir='ltr'><strong>pretii</strong></span> <span class='ocrx_word' id='word_1_700' title='bbox 2397 4563 2505 4608; x_wconf 82' lang='lat' dir='ltr'><strong>non</strong></span> <span class='ocrx_word' id='word_1_701' title='bbox 2531 4552 2819 4608; x_wconf 80' lang='lat' dir='ltr'><strong>erubescat</strong></span> <span class='ocrx_word' id='word_1_702' title='bbox 2847 4547 3048 4612; x_wconf 79' lang='lat' dir='ltr'><strong>moliri,</strong></span> <span class='ocrx_word' id='word_1_703' title='bbox 3083 4559 3150 4602; x_wconf 89' lang='lat' dir='ltr'><strong>ne</strong></span> <span class='ocrx_word' id='word_1_704' title='bbox 3180 4545 3312 4614; x_wconf 80' lang='lat' dir='ltr'><strong>quid</strong></span> <span class='ocrx_word' id='word_1_705' title='bbox 3339 4545 3394 4600; x_wconf 89' lang='lat' dir='ltr'><strong>in</strong></span> <span class='ocrx_word' id='word_1_706' title='bbox 3424 4551 3640 4614; x_wconf 81' lang='lat' dir='ltr'><strong>peracta</strong></span> 
     </span>
    </p>
   </div>
   <div class='ocr_carea' id='block_1_104' title="bbox 2066 4636 3643 4706">
    <p class='ocr_par' dir='ltr' id='par_1_104' title="bbox 2066 4636 3643 4706">
     <span class='ocr_line' id='line_1_104' title="bbox 2066 4636 3643 4706; baseline -0.008 -4"><span class='ocrx_word' id='word_1_707' title='bbox 2066 4647 2234 4702; x_wconf 85' lang='lat' dir='ltr'><strong>semel</strong></span> <span class='ocrx_word' id='word_1_708' title='bbox 2287 4644 2641 4700; x_wconf 84' lang='lat' dir='ltr'><strong>distractione</strong></span> <span class='ocrx_word' id='word_1_709' title='bbox 2686 4641 2995 4697; x_wconf 71' lang='lat' dir='ltr'><strong>innovatur.</strong></span> <span class='ocrx_word' id='word_1_710' title='bbox 3043 4637 3254 4694; x_wconf 85' lang='lat' dir='ltr'><strong>Etenim</strong></span> <span class='ocrx_word' id='word_1_711' title='bbox 3308 4636 3400 4706; x_wconf 90' lang='lat' dir='ltr'><strong>qui</strong></span> <span class='ocrx_word' id='word_1_712' title='bbox 3455 4637 3643 4691; x_wconf 82' lang='lat' dir='ltr'><strong>morbo</strong></span> 
     </span>
    </p>
   </div>
   <div class='ocr_carea' id='block_1_105' title="bbox 2070 4730 3640 4803">
    <p class='ocr_par' dir='ltr' id='par_1_105' title="bbox 2070 4730 3640 4803">
     <span class='ocr_line' id='line_1_105' title="bbox 2070 4730 3640 4803; baseline -0.01 -12"><span class='ocrx_word' id='word_1_713' title='bbox 2070 4735 2312 4791; x_wconf 67' lang='lat' dir='ltr'><strong>avaritiae</strong></span> <span class='ocrx_word' id='word_1_714' title='bbox 2354 4732 2716 4803; x_wconf 78' lang='lat' dir='ltr'><strong>inexplebilis,</strong></span> <span class='ocrx_word' id='word_1_715' title='bbox 2752 4737 2808 4788; x_wconf 76' lang='lat' dir='ltr'><strong>et</strong></span> <span class='ocrx_word' id='word_1_716' title='bbox 2838 4730 3011 4788; x_wconf 73' lang='lat' dir='ltr'><strong>animi</strong></span> <span class='ocrx_word' id='word_1_717' title='bbox 3055 4737 3394 4800; x_wconf 73' lang='lat' dir='ltr'><strong>paupertate.</strong></span> <span class='ocrx_word' id='word_1_718' title='bbox 3433 4735 3640 4782; x_wconf 80' lang='lat' dir='ltr'><strong>tantum</strong></span> 
     </span>
    </p>
   </div>
   <div class='ocr_carea' id='block_1_106' title="bbox 2064 4819 3646 4898">
    <p class='ocr_par' dir='ltr' id='par_1_106' title="bbox 2064 4819 3646 4898">
     <span class='ocr_line' id='line_1_106' title="bbox 2064 4819 3646 4898; baseline -0.009 -16"><span class='ocrx_word' id='word_1_719' title='bbox 2064 4829 2136 4882; x_wconf 81' lang='lat' dir='ltr'><strong>ad</strong></span> <span class='ocrx_word' id='word_1_720' title='bbox 2167 4837 2432 4898; x_wconf 61' lang='lat' dir='ltr'><strong>questum</strong></span> <span class='ocrx_word' id='word_1_721' title='bbox 2457 4825 2870 4889; x_wconf 82' lang='lat' dir='ltr'><strong>.coutabescunt,</strong></span> <span class='ocrx_word' id='word_1_722' title='bbox 2901 4837 2965 4877; x_wconf 83' lang='lat' dir='ltr'><strong>ac</strong></span> <span class='ocrx_word' id='word_1_723' title='bbox 2995 4820 3126 4879; x_wconf 85' lang='lat' dir='ltr'><strong>nihil</strong></span> <span class='ocrx_word' id='word_1_724' title='bbox 3153 4831 3340 4876; x_wconf 81' lang='lat' dir='ltr'><strong>eorum</strong></span> <span class='ocrx_word' id='word_1_725' title='bbox 3370 4827 3526 4888; x_wconf 83' lang='lat' dir='ltr'><strong>turpe</strong></span> <span class='ocrx_word' id='word_1_726' title='bbox 3545 4819 3646 4871; x_wconf 80' lang='lat' dir='ltr'><strong>du-</strong></span> 
     </span>
    </p>
   </div>
   <div class='ocr_carea' id='block_1_107' title="bbox 2062 4907 3644 4986">
    <p class='ocr_par' dir='ltr' id='par_1_107' title="bbox 2062 4907 3644 4986">
     <span class='ocr_line' id='line_1_107' title="bbox 2062 4907 3644 4986; baseline -0.009 -14"><span class='ocrx_word' id='word_1_727' title='bbox 2062 4926 2220 4981; x_wconf 82' lang='lat' dir='ltr'><strong>cunt,</strong></span> <span class='ocrx_word' id='word_1_728' title='bbox 2253 4931 2372 4986; x_wconf 74' lang='lat' dir='ltr'><strong>qua:</strong></span> <span class='ocrx_word' id='word_1_729' title='bbox 2399 4914 2466 4970; x_wconf 86' lang='lat' dir='ltr'><strong>ad</strong></span> <span class='ocrx_word' id='word_1_730' title='bbox 2492 4915 2785 4983; x_wconf 77' lang='lat' dir='ltr'><strong>cogendam</strong></span> <span class='ocrx_word' id='word_1_731' title='bbox 2815 4911 3062 4980; x_wconf 70' lang='lat' dir='ltr'><strong>pecunia:</strong></span> <span class='ocrx_word' id='word_1_732' title='bbox 3091 4909 3302 4978; x_wconf 85' lang='lat' dir='ltr'><strong>copiam</strong></span> <span class='ocrx_word' id='word_1_733' title='bbox 3335 4907 3559 4970; x_wconf 78' lang='lat' dir='ltr'><strong>faciunt,</strong></span> <span class='ocrx_word' id='word_1_734' title='bbox 3588 4917 3644 4959; x_wconf 85' lang='lat' dir='ltr'><strong>ct</strong></span> 
     </span>
    </p>
   </div>
   <div class='ocr_carea' id='block_1_108' title="bbox 2067 5001 3646 5071">
    <p class='ocr_par' dir='ltr' id='par_1_108' title="bbox 2067 5001 3646 5071">
     <span class='ocr_line' id='line_1_108' title="bbox 2067 5001 3646 5071; baseline -0.009 -8"><span class='ocrx_word' id='word_1_735' title='bbox 2067 5009 2396 5071; x_wconf 81' lang='lat' dir='ltr'><strong>libertatem,</strong></span> <span class='ocrx_word' id='word_1_736' title='bbox 2443 5005 2575 5060; x_wconf 84' lang='lat' dir='ltr'><strong>tanti</strong></span> <span class='ocrx_word' id='word_1_737' title='bbox 2625 5004 2880 5058; x_wconf 82' lang='lat' dir='ltr'><strong>viaticum</strong></span> <span class='ocrx_word' id='word_1_738' title='bbox 2931 5001 3133 5057; x_wconf 77' lang='lat' dir='ltr'><strong>labori-3</strong></span> <span class='ocrx_word' id='word_1_739' title='bbox 3173 5011 3231 5056; x_wconf 91' lang='lat' dir='ltr'><strong>et</strong></span> <span class='ocrx_word' id='word_1_740' title='bbox 3273 5014 3474 5068; x_wconf 73' lang='lat' dir='ltr'><strong>operte,</strong></span> <span class='ocrx_word' id='word_1_741' title='bbox 3520 5012 3646 5068; x_wconf 78' lang='lat' dir='ltr'><strong>gra-</strong></span> 
     </span>
    </p>
   </div>
   <div class='ocr_carea' id='block_1_109' title="bbox 2071 5089 3646 5160">
    <p class='ocr_par' dir='ltr' id='par_1_109' title="bbox 2071 5089 3646 5160">
     <span class='ocr_line' id='line_1_109' title="bbox 2071 5089 3646 5160; baseline -0.008 -7"><span class='ocrx_word' id='word_1_742' title='bbox 2071 5110 2202 5153; x_wconf 77' lang='lat' dir='ltr'><strong>vant</strong></span> <span class='ocrx_word' id='word_1_743' title='bbox 2228 5116 2240 5152; x_wconf 87' lang='lat'><strong>:</strong></span> <span class='ocrx_word' id='word_1_744' title='bbox 2273 5098 2342 5154; x_wconf 90' lang='lat' dir='ltr'><strong>iis</strong></span> <span class='ocrx_word' id='word_1_745' title='bbox 2371 5113 2499 5152; x_wconf 83' lang='lat' dir='ltr'><strong>vero</strong></span> <span class='ocrx_word' id='word_1_746' title='bbox 2528 5096 2664 5152; x_wconf 84' lang='lat' dir='ltr'><strong>nihil</strong></span> <span class='ocrx_word' id='word_1_747' title='bbox 2697 5095 2970 5160; x_wconf 82' lang='lat' dir='ltr'><strong>inausum,</strong></span> <span class='ocrx_word' id='word_1_748' title='bbox 3003 5108 3102 5149; x_wconf 89' lang='lat' dir='ltr'><strong>nec</strong></span> <span class='ocrx_word' id='word_1_749' title='bbox 3127 5093 3454 5151; x_wconf 83' lang='lat' dir='ltr'><strong>intentatum</strong></span> <span class='ocrx_word' id='word_1_750' title='bbox 3486 5089 3646 5143; x_wconf 71' lang='lat' dir='ltr'><strong>relin-</strong></span> 
     </span>
    </p>
   </div>
   <div class='ocr_carea' id='block_1_110' title="bbox 2061 5181 3642 5260">
    <p class='ocr_par' dir='ltr' id='par_1_110' title="bbox 2061 5181 3642 5260">
     <span class='ocr_line' id='line_1_110' title="bbox 2061 5181 3642 5260; baseline -0.007 -17"><span class='ocrx_word' id='word_1_751' title='bbox 2061 5201 2290 5260; x_wconf 81' lang='lat' dir='ltr'><strong>quetur,</strong></span> <span class='ocrx_word' id='word_1_752' title='bbox 2321 5191 2464 5260; x_wconf 84' lang='lat' dir='ltr'><strong>quod</strong></span> <span class='ocrx_word' id='word_1_753' title='bbox 2499 5189 2567 5243; x_wconf 78' lang='lat' dir='ltr'><strong>ad</strong></span> <span class='ocrx_word' id='word_1_754' title='bbox 2602 5189 2836 5257; x_wconf 86' lang='lat' dir='ltr'><strong>ipsorum</strong></span> <span class='ocrx_word' id='word_1_755' title='bbox 2862 5185 3100 5242; x_wconf 68' lang='lat' dir='ltr'><strong>instituti</strong></span> <span class='ocrx_word' id='word_1_756' title='bbox 3121 5181 3642 5242; x_wconf 77' lang='lat' dir='ltr'><strong>consummationem</strong></span> 
     </span>
    </p>
   </div>
   <div class='ocr_carea' id='block_1_111' title="bbox 2068 5277 3642 5353">
    <p class='ocr_par' dir='ltr' id='par_1_111' title="bbox 2068 5277 3642 5353">
     <span class='ocr_line' id='line_1_111' title="bbox 2068 5277 3642 5353; baseline -0.007 -16"><span class='ocrx_word' id='word_1_757' title='bbox 2068 5282 2272 5353; x_wconf 83' lang='lat' dir='ltr'><strong>aliquid</strong></span> <span class='ocrx_word' id='word_1_758' title='bbox 2309 5280 2604 5350; x_wconf 73' lang='lat' dir='ltr'><strong>adiumenti</strong></span> <span class='ocrx_word' id='word_1_759' title='bbox 2663 5277 2875 5335; x_wconf 63' lang='lat' dir='ltr'><strong>aberat.</strong></span> <span class='ocrx_word' id='word_1_760' title='bbox 2916 5278 3023 5335; x_wconf 85' lang='lat' dir='ltr'><strong>Sed</strong></span> <span class='ocrx_word' id='word_1_761' title='bbox 3057 5279 3202 5333; x_wconf 75' lang='lat' dir='ltr'><strong>enim“</strong></span> <span class='ocrx_word' id='word_1_762' title='bbox 3243 5285 3302 5328; x_wconf 90' lang='lat' dir='ltr'><strong>ut</strong></span> <span class='ocrx_word' id='word_1_763' title='bbox 3333 5279 3642 5328; x_wconf 83' lang='lat' dir='ltr'><strong>commenta</strong></span> 
     </span>
    </p>
   </div>
   <div class='ocr_carea' id='block_1_112' title="bbox 2064 5364 3640 5441">
    <p class='ocr_par' dir='ltr' id='par_1_112' title="bbox 2064 5364 3640 5441">
     <span class='ocr_line' id='line_1_112' title="bbox 2064 5364 3640 5441; baseline -0.008 -13"><span class='ocrx_word' id='word_1_764' title='bbox 2064 5389 2208 5430; x_wconf 82' lang='lat' dir='ltr'><strong>nova</strong></span> <span class='ocrx_word' id='word_1_765' title='bbox 2240 5377 2609 5437; x_wconf 72' lang='lat' dir='ltr'><strong>coarceantttr,</strong></span> <span class='ocrx_word' id='word_1_766' title='bbox 2641 5379 2696 5426; x_wconf 82' lang='lat' dir='ltr'><strong>et</strong></span> <span class='ocrx_word' id='word_1_767' title='bbox 2725 5387 2844 5441; x_wconf 80' lang='lat' dir='ltr'><strong>quae</strong></span> <span class='ocrx_word' id='word_1_768' title='bbox 2869 5379 3069 5427; x_wconf 79' lang='lat' dir='ltr'><strong>statuta</strong></span> <span class='ocrx_word' id='word_1_769' title='bbox 3096 5376 3246 5432; x_wconf 85' lang='lat' dir='ltr'><strong>sunt,</strong></span> <span class='ocrx_word' id='word_1_770' title='bbox 3277 5364 3599 5433; x_wconf 84' lang='lat' dir='ltr'><strong>impleantur</strong></span> <span class='ocrx_word' id='word_1_771' title='bbox 3625 5379 3640 5415; x_wconf 85' lang='lat'><strong>:</strong></span> 
     </span>
    </p>
   </div>
   <div class='ocr_carea' id='block_1_113' title="bbox 2071 5453 3643 5536">
    <p class='ocr_par' dir='ltr' id='par_1_113' title="bbox 2071 5453 3643 5536">
     <span class='ocr_line' id='line_1_113' title="bbox 2071 5453 3643 5536; baseline -0.009 -16"><span class='ocrx_word' id='word_1_772' title='bbox 2071 5467 2290 5520; x_wconf 82' lang='lat' dir='ltr'><strong>triennii</strong></span> <span class='ocrx_word' id='word_1_773' title='bbox 2329 5473 2542 5536; x_wconf 81' lang='lat' dir='ltr'><strong>tempus</strong></span> <span class='ocrx_word' id='word_1_774' title='bbox 2581 5463 2649 5520; x_wconf 81' lang='lat' dir='ltr'><strong>ad</strong></span> <span class='ocrx_word' id='word_1_775' title='bbox 2679 5464 3096 5534; x_wconf 74' lang='lat' dir='ltr'><strong>elspectau‘dum</strong></span> <span class='ocrx_word' id='word_1_776' title='bbox 3131 5455 3464 5521; x_wconf 76' lang='lat' dir='ltr'><strong>conceditur,</strong></span> <span class='ocrx_word' id='word_1_777' title='bbox 3499 5453 3643 5521; x_wconf 85' lang='lat' dir='ltr'><strong>quod</strong></span> 
     </span>
    </p>
   </div>
   <div class='ocr_carea' id='block_1_114' title="bbox 471 5643 1951 5728">
    <p class='ocr_par' dir='ltr' id='par_1_114' title="bbox 471 5647 1942 5728">
     <span class='ocr_line' id='line_1_114' title="bbox 471 5647 1942 5728; baseline -0.001 -16"><span class='ocrx_word' id='word_1_778' title='bbox 471 5648 568 5728; x_wconf 52' lang='lat' dir='ltr'><strong>Ui&quot;)</strong></span> <span class='ocrx_word' id='word_1_779' title='bbox 620 5651 794 5728; x_wconf 74' lang='lat' dir='ltr'><strong>V_0_rba</strong></span> <span class='ocrx_word' id='word_1_780' title='bbox 863 5653 963 5728; x_wconf 61' lang='grc' dir='ltr'><strong>καί</strong></span> <span class='ocrx_word' id='word_1_781' title='bbox 999 5647 1158 5728; x_wconf 53' lang='grc' dir='ltr'><strong>τδτ-</strong></span> <span class='ocrx_word' id='word_1_782' title='bbox 1193 5658 1484 5727; x_wconf 73' lang='grc' dir='ltr'><strong>ἅρπαγμα,</strong></span> <span class='ocrx_word' id='word_1_783' title='bbox 1540 5659 1681 5728; x_wconf 82' lang='lat' dir='ltr'><strong>apud</strong></span> <span class='ocrx_word' id='word_1_784' title='bbox 1740 5657 1942 5713; x_wconf 87' lang='lat' dir='ltr'><strong>Leunol</strong></span> 
     </span>
    </p>
   </div>
   <div class='ocr_carea' id='block_1_115' title="bbox 2054 5643 3622 5728">
    <p class='ocr_par' dir='ltr' id='par_1_115' title="bbox 2054 5643 3622 5716">
     <span class='ocr_line' id='line_1_115' title="bbox 2054 5643 3622 5716; baseline -0.006 -9"><span class='ocrx_word' id='word_1_785' title='bbox 2054 5657 2101 5710; x_wconf 71' lang='lat' dir='ltr'><strong>ib</strong></span> <span class='ocrx_word' id='word_1_786' title='bbox 2163 5656 2622 5713; x_wconf 73' lang='lat' dir='ltr'><strong>honrmoteleutou</strong></span> <span class='ocrx_word' id='word_1_787' title='bbox 2675 5655 2874 5710; x_wconf 80' lang='lat' dir='ltr'><strong>omissa</strong></span> <span class='ocrx_word' id='word_1_788' title='bbox 2895 5691 2909 5716; x_wconf 90' lang='lat'><strong>,</strong></span> <span class='ocrx_word' id='word_1_789' title='bbox 2973 5645 3310 5704; x_wconf 71' lang='lat' dir='ltr'><strong>restituimds</strong></span> <span class='ocrx_word' id='word_1_790' title='bbox 3375 5657 3443 5696; x_wconf 76' lang='lat' dir='ltr'><strong>ex</strong></span> <span class='ocrx_word' id='word_1_791' title='bbox 3502 5643 3622 5699; x_wconf 82' lang='lat' dir='ltr'><strong>edit</strong></span> 
     </span>
    </p>
   </div>
   <div class='ocr_carea' id='block_1_116' title="bbox 396 5720 1140 5794">
    <p class='ocr_par' dir='ltr' id='par_1_116' title="bbox 396 5720 1140 5794">
     <span class='ocr_line' id='line_1_116' title="bbox 396 5720 1140 5794; baseline 0.008 -20"><span class='ocrx_word' id='word_1_792' title='bbox 396 5721 562 5776; x_wconf 71' lang='lat' dir='ltr'><strong>Zach.</strong></span> <span class='ocrx_word' id='word_1_793' title='bbox 595 5739 622 5775; x_wconf 75' lang='grc' dir='ltr'><strong>ει</strong></span> <span class='ocrx_word' id='word_1_794' title='bbox 652 5720 968 5794; x_wconf 74' lang='lat' dir='ltr'><strong>Lingcut&#39;hal</strong></span> <span class='ocrx_word' id='word_1_795' title='bbox 999 5724 1058 5780; x_wconf 84' lang='lat' dir='ltr'><strong>V.</strong></span> <span class='ocrx_word' id='word_1_796' title='bbox 1079 5727 1140 5780; x_wconf 76' lang='lat' dir='ltr'><strong>C.</strong></span> 
     </span>
    </p>
   </div>
  </div>
