  <div class='ocr_page' id='page_1' title='image "/cluster/home/n/w/nwhite01/storage/ocr_20150623/113:no.2/coo.31924054870179/295.png"; bbox 0 0 4050 6416; ppageno 0'>
   <div class='ocr_carea' id='block_1_1' title="bbox 375 332 480 393">
    <p class='ocr_par' dir='ltr' id='par_1_1' title="bbox 375 332 480 393">
     <span class='ocr_line' id='line_1_1' title="bbox 375 332 480 393; baseline 0.01 -2"><span class='ocrx_word' id='word_1_1' title='bbox 375 332 480 393; x_wconf 70' lang='grc' dir='ltr'><strong>ξιῧῖ</strong></span> 
     </span>
    </p>
   </div>
   <div class='ocr_carea' id='block_1_2' title="bbox 1398 329 2607 395">
    <p class='ocr_par' dir='ltr' id='par_1_2' title="bbox 1398 329 2607 395">
     <span class='ocr_line' id='line_1_2' title="bbox 1398 329 2607 395; baseline 0 -3"><span class='ocrx_word' id='word_1_2' title='bbox 1398 332 1903 395; x_wconf 82' lang='lat' dir='ltr'><strong>CONSTANTINI</strong></span> <span class='ocrx_word' id='word_1_3' title='bbox 1937 329 2607 394; x_wconf 81' lang='lat' dir='ltr'><strong>PORPHYROGENITI</strong></span> 
     </span>
    </p>
   </div>
   <div class='ocr_carea' id='block_1_3' title="bbox 380 401 1964 517">
    <p class='ocr_par' dir='ltr' id='par_1_3' title="bbox 380 441 1952 514">
     <span class='ocr_line' id='line_1_3' title="bbox 380 441 1952 514; baseline 0.002 -21"><span class='ocrx_word' id='word_1_4' title='bbox 380 453 433 494; x_wconf 84' lang='lat' dir='ltr'><strong>et</strong></span> <span class='ocrx_word' id='word_1_5' title='bbox 483 441 630 510; x_wconf 82' lang='lat' dir='ltr'><strong>inopi</strong></span> <span class='ocrx_word' id='word_1_6' title='bbox 682 455 990 496; x_wconf 66' lang='grc' dir='ltr'><strong>ιαιιιιιιάωιη</strong></span> <span class='ocrx_word' id='word_1_7' title='bbox 1049 441 1312 506; x_wconf 88' lang='lat' dir='ltr'><strong>solvendi,</strong></span> <span class='ocrx_word' id='word_1_8' title='bbox 1378 443 1569 498; x_wconf 76' lang='lat' dir='ltr'><strong>afferre</strong></span> <span class='ocrx_word' id='word_1_9' title='bbox 1626 446 1852 514; x_wconf 85' lang='lat' dir='ltr'><strong>poterit;</strong></span> <span class='ocrx_word' id='word_1_10' title='bbox 1899 451 1952 498; x_wconf 91' lang='lat' dir='ltr'><strong>et</strong></span> 
     </span>
    </p>
   </div>
   <div class='ocr_carea' id='block_1_4' title="bbox 2067 401 3623 517">
    <p class='ocr_par' dir='ltr' id='par_1_4' title="bbox 2067 401 3623 516">
     <span class='ocr_line' id='line_1_4' title="bbox 2067 401 3623 516; baseline 0.003 -21"><span class='ocrx_word' id='word_1_11' title='bbox 2067 443 2200 496; x_wconf 71' lang='grc' dir='ltr'><strong>Βοοιν</strong></span> <span class='ocrx_word' id='word_1_12' title='bbox 2229 443 2450 506; x_wconf 81' lang='grc' dir='ltr'><strong>ἀλύπως</strong></span> <span class='ocrx_word' id='word_1_13' title='bbox 2485 443 2748 516; x_wconf 85' lang='grc' dir='ltr'><strong>παρέχειν.</strong></span> <span class='ocrx_word' id='word_1_14' title='bbox 2776 443 3188 514; x_wconf 80' lang='grc' dir='ltr'><strong>ταμιευόμενος.</strong></span> <span class='ocrx_word' id='word_1_15' title='bbox 3223 445 3316 498; x_wconf 76' lang='grc' dir='ltr'><strong>Δεῖ</strong></span> <span class='ocrx_word' id='word_1_16' title='bbox 3347 443 3456 515; x_wconf 83' lang='grc' dir='ltr'><strong>γὰρ</strong></span> <span class='ocrx_word' id='word_1_17' title='bbox 3482 401 3623 514; x_wconf 86' lang='grc' dir='ltr'><strong>μετά</strong></span> 
     </span>
    </p>
   </div>
   <div class='ocr_carea' id='block_1_5' title="bbox 381 532 1952 604">
    <p class='ocr_par' dir='ltr' id='par_1_5' title="bbox 381 532 1952 604">
     <span class='ocr_line' id='line_1_5' title="bbox 381 532 1952 604; baseline -0.001 -17"><span class='ocrx_word' id='word_1_18' title='bbox 381 534 612 598; x_wconf 82' lang='lat' dir='ltr'><strong>ellicere,</strong></span> <span class='ocrx_word' id='word_1_19' title='bbox 648 547 756 604; x_wconf 91' lang='lat' dir='ltr'><strong>quo</strong></span> <span class='ocrx_word' id='word_1_20' title='bbox 797 533 954 602; x_wconf 82' lang='lat' dir='ltr'><strong>pretii</strong></span> <span class='ocrx_word' id='word_1_21' title='bbox 999 534 1133 587; x_wconf 91' lang='lat' dir='ltr'><strong>citra</strong></span> <span class='ocrx_word' id='word_1_22' title='bbox 1175 532 1478 587; x_wconf 78' lang='lat' dir='ltr'><strong>molestiam</strong></span> <span class='ocrx_word' id='word_1_23' title='bbox 1527 535 1803 602; x_wconf 67' lang='lat' dir='ltr'><strong>praestatin</strong></span> <span class='ocrx_word' id='word_1_24' title='bbox 1838 535 1952 587; x_wconf 85' lang='lat' dir='ltr'><strong>liat.</strong></span> 
     </span>
    </p>
   </div>
   <div class='ocr_carea' id='block_1_6' title="bbox 379 626 1950 695">
    <p class='ocr_par' dir='ltr' id='par_1_6' title="bbox 379 626 1950 695">
     <span class='ocr_line' id='line_1_6' title="bbox 379 626 1950 695; baseline 0 -16"><span class='ocrx_word' id='word_1_25' title='bbox 379 626 605 695; x_wconf 86' lang='lat' dir='ltr'><strong>Oportet</strong></span> <span class='ocrx_word' id='word_1_26' title='bbox 631 626 773 680; x_wconf 90' lang='lat' dir='ltr'><strong>enim</strong></span> <span class='ocrx_word' id='word_1_27' title='bbox 801 641 921 679; x_wconf 89' lang='lat' dir='ltr'><strong>cum</strong></span> <span class='ocrx_word' id='word_1_28' title='bbox 959 639 1046 688; x_wconf 91' lang='lat' dir='ltr'><strong>eo,</strong></span> <span class='ocrx_word' id='word_1_29' title='bbox 1071 627 1212 694; x_wconf 88' lang='lat' dir='ltr'><strong>quod</strong></span> <span class='ocrx_word' id='word_1_30' title='bbox 1241 626 1448 695; x_wconf 89' lang='lat' dir='ltr'><strong>justum</strong></span> <span class='ocrx_word' id='word_1_31' title='bbox 1475 634 1530 680; x_wconf 90' lang='lat' dir='ltr'><strong>et</strong></span> <span class='ocrx_word' id='word_1_32' title='bbox 1559 626 1688 679; x_wconf 82' lang='lat' dir='ltr'><strong>utile</strong></span> <span class='ocrx_word' id='word_1_33' title='bbox 1714 635 1815 688; x_wconf 88' lang='lat' dir='ltr'><strong>est,</strong></span> <span class='ocrx_word' id='word_1_34' title='bbox 1848 626 1950 679; x_wconf 77' lang='grc' dir='ltr'><strong>ιιιιο</strong></span> 
     </span>
    </p>
   </div>
   <div class='ocr_carea' id='block_1_7' title="bbox 385 714 1953 786">
    <p class='ocr_par' dir='ltr' id='par_1_7' title="bbox 385 714 1953 786">
     <span class='ocr_line' id='line_1_7' title="bbox 385 714 1953 786; baseline 0.001 -16"><span class='ocrx_word' id='word_1_35' title='bbox 385 717 702 770; x_wconf 78' lang='lat' dir='ltr'><strong>manitalem</strong></span> <span class='ocrx_word' id='word_1_36' title='bbox 749 728 963 784; x_wconf 85' lang='lat' dir='ltr'><strong>quoque</strong></span> <span class='ocrx_word' id='word_1_37' title='bbox 1006 714 1279 786; x_wconf 77' lang='lat' dir='ltr'><strong>conjungi,</strong></span> <span class='ocrx_word' id='word_1_38' title='bbox 1337 716 1495 783; x_wconf 80' lang='lat' dir='ltr'><strong>eique</strong></span> <span class='ocrx_word' id='word_1_39' title='bbox 1541 717 1719 771; x_wconf 87' lang='lat' dir='ltr'><strong>locum</strong></span> <span class='ocrx_word' id='word_1_40' title='bbox 1771 717 1837 768; x_wconf 81' lang='lat' dir='ltr'><strong>ab</strong></span> <span class='ocrx_word' id='word_1_41' title='bbox 1886 716 1953 771; x_wconf 87' lang='lat' dir='ltr'><strong>iis</strong></span> 
     </span>
    </p>
   </div>
   <div class='ocr_carea' id='block_1_8' title="bbox 379 803 1952 876">
    <p class='ocr_par' dir='ltr' id='par_1_8' title="bbox 379 803 1952 876">
     <span class='ocr_line' id='line_1_8' title="bbox 379 803 1952 876; baseline -0.003 -15"><span class='ocrx_word' id='word_1_42' title='bbox 379 806 523 870; x_wconf 89' lang='lat' dir='ltr'><strong>dari,</strong></span> <span class='ocrx_word' id='word_1_43' title='bbox 553 805 642 874; x_wconf 89' lang='lat' dir='ltr'><strong>qui</strong></span> <span class='ocrx_word' id='word_1_44' title='bbox 677 804 822 876; x_wconf 88' lang='lat' dir='ltr'><strong>leges</strong></span> <span class='ocrx_word' id='word_1_45' title='bbox 851 803 1127 860; x_wconf 87' lang='lat' dir='ltr'><strong>condunt:</strong></span> <span class='ocrx_word' id='word_1_46' title='bbox 1161 804 1461 872; x_wconf 70' lang='lat' dir='ltr'><strong>praesertim</strong></span> <span class='ocrx_word' id='word_1_47' title='bbox 1492 819 1614 859; x_wconf 94' lang='lat' dir='ltr'><strong>cum</strong></span> <span class='ocrx_word' id='word_1_48' title='bbox 1661 813 1716 858; x_wconf 89' lang='lat' dir='ltr'><strong>et</strong></span> <span class='ocrx_word' id='word_1_49' title='bbox 1753 803 1952 873; x_wconf 91' lang='lat' dir='ltr'><strong>alioqui</strong></span> 
     </span>
    </p>
   </div>
   <div class='ocr_carea' id='block_1_9' title="bbox 380 893 1951 965">
    <p class='ocr_par' dir='ltr' id='par_1_9' title="bbox 380 893 1951 965">
     <span class='ocr_line' id='line_1_9' title="bbox 380 893 1951 965; baseline -0.001 -16"><span class='ocrx_word' id='word_1_50' title='bbox 380 912 531 950; x_wconf 86' lang='lat' dir='ltr'><strong>mora</strong></span> <span class='ocrx_word' id='word_1_51' title='bbox 571 897 814 965; x_wconf 82' lang='lat' dir='ltr'><strong>quaedam</strong></span> <span class='ocrx_word' id='word_1_52' title='bbox 861 893 1122 964; x_wconf 82' lang='lat' dir='ltr'><strong>tetnporis</strong></span> <span class='ocrx_word' id='word_1_53' title='bbox 1163 893 1472 950; x_wconf 89' lang='lat' dir='ltr'><strong>introducta</strong></span> <span class='ocrx_word' id='word_1_54' title='bbox 1512 894 1603 949; x_wconf 91' lang='lat' dir='ltr'><strong>sit.</strong></span> <span class='ocrx_word' id='word_1_55' title='bbox 1652 893 1786 949; x_wconf 79' lang='lat' dir='ltr'><strong>Nam</strong></span> <span class='ocrx_word' id='word_1_56' title='bbox 1830 909 1951 948; x_wconf 89' lang='lat' dir='ltr'><strong>cum</strong></span> 
     </span>
    </p>
   </div>
   <div class='ocr_carea' id='block_1_10' title="bbox 383 984 1953 1056">
    <p class='ocr_par' dir='ltr' id='par_1_10' title="bbox 383 984 1953 1056">
     <span class='ocr_line' id='line_1_10' title="bbox 383 984 1953 1056; baseline 0.001 -17"><span class='ocrx_word' id='word_1_57' title='bbox 383 987 653 1042; x_wconf 83' lang='lat' dir='ltr'><strong>sententia</strong></span> <span class='ocrx_word' id='word_1_58' title='bbox 685 986 752 1041; x_wconf 90' lang='lat' dir='ltr'><strong>de</strong></span> <span class='ocrx_word' id='word_1_59' title='bbox 779 986 864 1040; x_wconf 89' lang='lat' dir='ltr'><strong>his</strong></span> <span class='ocrx_word' id='word_1_60' title='bbox 895 984 1061 1041; x_wconf 88' lang='lat' dir='ltr'><strong>semel</strong></span> <span class='ocrx_word' id='word_1_61' title='bbox 1090 985 1425 1056; x_wconf 71' lang='lat' dir='ltr'><strong>promulgata</strong></span> <span class='ocrx_word' id='word_1_62' title='bbox 1461 985 1642 1051; x_wconf 78' lang='lat' dir='ltr'><strong>fuerit,</strong></span> <span class='ocrx_word' id='word_1_63' title='bbox 1681 1000 1784 1040; x_wconf 91' lang='lat' dir='ltr'><strong>non</strong></span> <span class='ocrx_word' id='word_1_64' title='bbox 1817 986 1953 1040; x_wconf 89' lang='lat' dir='ltr'><strong>inso-</strong></span> 
     </span>
    </p>
   </div>
   <div class='ocr_carea' id='block_1_11' title="bbox 379 1075 1955 1144">
    <p class='ocr_par' dir='ltr' id='par_1_11' title="bbox 379 1075 1955 1144">
     <span class='ocr_line' id='line_1_11' title="bbox 379 1075 1955 1144; baseline -0.001 -15"><span class='ocrx_word' id='word_1_65' title='bbox 379 1076 519 1144; x_wconf 86' lang='lat' dir='ltr'><strong>lens,</strong></span> <span class='ocrx_word' id='word_1_66' title='bbox 550 1091 648 1132; x_wconf 92' lang='lat' dir='ltr'><strong>nec</strong></span> <span class='ocrx_word' id='word_1_67' title='bbox 680 1076 912 1130; x_wconf 87' lang='lat' dir='ltr'><strong>alienum</strong></span> <span class='ocrx_word' id='word_1_68' title='bbox 936 1075 1077 1130; x_wconf 77' lang='lat' dir='ltr'><strong>foret</strong></span> <span class='ocrx_word' id='word_1_69' title='bbox 1117 1089 1230 1139; x_wconf 86' lang='lat' dir='ltr'><strong>eos,</strong></span> <span class='ocrx_word' id='word_1_70' title='bbox 1273 1075 1363 1144; x_wconf 85' lang='lat' dir='ltr'><strong>qui</strong></span> <span class='ocrx_word' id='word_1_71' title='bbox 1409 1075 1679 1131; x_wconf 84' lang='lat' dir='ltr'><strong>mandatis</strong></span> <span class='ocrx_word' id='word_1_72' title='bbox 1720 1090 1825 1130; x_wconf 92' lang='lat' dir='ltr'><strong>non</strong></span> <span class='ocrx_word' id='word_1_73' title='bbox 1857 1075 1955 1129; x_wconf 82' lang='lat' dir='ltr'><strong>ob-</strong></span> 
     </span>
    </p>
   </div>
   <div class='ocr_carea' id='block_1_12' title="bbox 380 1165 1953 1237">
    <p class='ocr_par' dir='ltr' id='par_1_12' title="bbox 380 1165 1953 1237">
     <span class='ocr_line' id='line_1_12' title="bbox 380 1165 1953 1237; baseline -0.004 -13"><span class='ocrx_word' id='word_1_74' title='bbox 380 1178 686 1237; x_wconf 87' lang='lat' dir='ltr'><strong>temperare</strong></span> <span class='ocrx_word' id='word_1_75' title='bbox 720 1167 1044 1237; x_wconf 84' lang='lat' dir='ltr'><strong>deprehensi</strong></span> <span class='ocrx_word' id='word_1_76' title='bbox 1095 1176 1244 1231; x_wconf 89' lang='lat' dir='ltr'><strong>sunt,</strong></span> <span class='ocrx_word' id='word_1_77' title='bbox 1280 1166 1438 1234; x_wconf 85' lang='lat' dir='ltr'><strong>digna</strong></span> <span class='ocrx_word' id='word_1_78' title='bbox 1481 1165 1638 1220; x_wconf 81' lang='lat' dir='ltr'><strong>factis</strong></span> <span class='ocrx_word' id='word_1_79' title='bbox 1672 1166 1783 1226; x_wconf 88' lang='lat' dir='ltr'><strong>suis</strong></span> <span class='ocrx_word' id='word_1_80' title='bbox 1813 1179 1953 1234; x_wconf 66' lang='lat' dir='ltr'><strong>prae-</strong></span> 
     </span>
    </p>
   </div>
   <div class='ocr_carea' id='block_1_13' title="bbox 384 1255 1951 1327">
    <p class='ocr_par' dir='ltr' id='par_1_13' title="bbox 384 1255 1951 1327">
     <span class='ocr_line' id='line_1_13' title="bbox 384 1255 1951 1327; baseline -0.003 -14"><span class='ocrx_word' id='word_1_81' title='bbox 384 1259 492 1313; x_wconf 92' lang='lat' dir='ltr'><strong>mia</strong></span> <span class='ocrx_word' id='word_1_82' title='bbox 521 1259 804 1327; x_wconf 90' lang='lat' dir='ltr'><strong>consequi,</strong></span> <span class='ocrx_word' id='word_1_83' title='bbox 835 1265 892 1312; x_wconf 91' lang='lat' dir='ltr'><strong>et</strong></span> <span class='ocrx_word' id='word_1_84' title='bbox 916 1255 1176 1326; x_wconf 89' lang='lat' dir='ltr'><strong>quidquid</strong></span> <span class='ocrx_word' id='word_1_85' title='bbox 1205 1255 1474 1310; x_wconf 87' lang='lat' dir='ltr'><strong>habebant</strong></span> <span class='ocrx_word' id='word_1_86' title='bbox 1497 1255 1654 1325; x_wconf 84' lang='lat' dir='ltr'><strong>juris,</strong></span> <span class='ocrx_word' id='word_1_87' title='bbox 1685 1255 1951 1309; x_wconf 87' lang='lat' dir='ltr'><strong>amittere.</strong></span> 
     </span>
    </p>
   </div>
   <div class='ocr_carea' id='block_1_14' title="bbox 383 1345 1951 1415">
    <p class='ocr_par' dir='ltr' id='par_1_14' title="bbox 383 1345 1951 1415">
     <span class='ocr_line' id='line_1_14' title="bbox 383 1345 1951 1415; baseline -0.001 -14"><span class='ocrx_word' id='word_1_88' title='bbox 383 1346 583 1402; x_wconf 78' lang='lat' dir='ltr'><strong>Verum</strong></span> <span class='ocrx_word' id='word_1_89' title='bbox 627 1349 904 1404; x_wconf 80' lang='lat' dir='ltr'><strong>enimvero</strong></span> <span class='ocrx_word' id='word_1_90' title='bbox 947 1362 1162 1415; x_wconf 88' lang='lat' dir='ltr'><strong>semper</strong></span> <span class='ocrx_word' id='word_1_91' title='bbox 1202 1346 1344 1415; x_wconf 77' lang='lat' dir='ltr'><strong>juris</strong></span> <span class='ocrx_word' id='word_1_92' title='bbox 1387 1345 1561 1402; x_wconf 86' lang='lat' dir='ltr'><strong>stricti</strong></span> <span class='ocrx_word' id='word_1_93' title='bbox 1609 1345 1951 1400; x_wconf 84' lang='lat' dir='ltr'><strong>severitatem</strong></span> 
     </span>
    </p>
   </div>
   <div class='ocr_carea' id='block_1_15' title="bbox 380 1437 1954 1510">
    <p class='ocr_par' dir='ltr' id='par_1_15' title="bbox 380 1437 1954 1510">
     <span class='ocr_line' id='line_1_15' title="bbox 380 1437 1954 1510; baseline -0.002 -14"><span class='ocrx_word' id='word_1_94' title='bbox 380 1441 491 1496; x_wconf 92' lang='lat' dir='ltr'><strong>leni</strong></span> <span class='ocrx_word' id='word_1_95' title='bbox 518 1439 748 1510; x_wconf 88' lang='lat' dir='ltr'><strong>quadam</strong></span> <span class='ocrx_word' id='word_1_96' title='bbox 793 1439 1062 1494; x_wconf 77' lang='lat' dir='ltr'><strong>sententia</strong></span> <span class='ocrx_word' id='word_1_97' title='bbox 1091 1447 1478 1507; x_wconf 82' lang='lat' dir='ltr'><strong>temperantes,</strong></span> <span class='ocrx_word' id='word_1_98' title='bbox 1512 1452 1610 1507; x_wconf 94' lang='lat' dir='ltr'><strong>pro</strong></span> <span class='ocrx_word' id='word_1_99' title='bbox 1648 1437 1752 1494; x_wconf 89' lang='lat' dir='ltr'><strong>hac</strong></span> <span class='ocrx_word' id='word_1_100' title='bbox 1787 1438 1954 1493; x_wconf 84' lang='lat' dir='ltr'><strong>amis-</strong></span> 
     </span>
    </p>
   </div>
   <div class='ocr_carea' id='block_1_16' title="bbox 380 1530 1952 1601">
    <p class='ocr_par' dir='ltr' id='par_1_16' title="bbox 380 1530 1952 1601">
     <span class='ocr_line' id='line_1_16' title="bbox 380 1530 1952 1601; baseline -0.001 -14"><span class='ocrx_word' id='word_1_101' title='bbox 380 1533 555 1597; x_wconf 83' lang='lat' dir='ltr'><strong>sione,</strong></span> <span class='ocrx_word' id='word_1_102' title='bbox 588 1545 708 1601; x_wconf 71' lang='lat' dir='ltr'><strong>qute</strong></span> <span class='ocrx_word' id='word_1_103' title='bbox 751 1531 923 1586; x_wconf 92' lang='lat' dir='ltr'><strong>locum</strong></span> <span class='ocrx_word' id='word_1_104' title='bbox 956 1530 1157 1585; x_wconf 86' lang='lat' dir='ltr'><strong>habere</strong></span> <span class='ocrx_word' id='word_1_105' title='bbox 1199 1530 1449 1590; x_wconf 88' lang='lat' dir='ltr'><strong>debebat.</strong></span> <span class='ocrx_word' id='word_1_106' title='bbox 1489 1531 1700 1586; x_wconf 88' lang='lat' dir='ltr'><strong>triennii</strong></span> <span class='ocrx_word' id='word_1_107' title='bbox 1741 1531 1952 1586; x_wconf 84' lang='lat' dir='ltr'><strong>dilatio-</strong></span> 
     </span>
    </p>
   </div>
   <div class='ocr_carea' id='block_1_17' title="bbox 382 1619 1948 1692">
    <p class='ocr_par' dir='ltr' id='par_1_17' title="bbox 382 1619 1948 1692">
     <span class='ocr_line' id='line_1_17' title="bbox 382 1619 1948 1692; baseline 0.001 -17"><span class='ocrx_word' id='word_1_108' title='bbox 382 1635 506 1675; x_wconf 91' lang='lat' dir='ltr'><strong>nem</strong></span> <span class='ocrx_word' id='word_1_109' title='bbox 539 1619 826 1676; x_wconf 85' lang='lat' dir='ltr'><strong>statuimus</strong></span> <span class='ocrx_word' id='word_1_110' title='bbox 854 1637 868 1674; x_wconf 91' lang='lat'><strong>:</strong></span> <span class='ocrx_word' id='word_1_111' title='bbox 903 1619 1113 1675; x_wconf 88' lang='lat' dir='ltr'><strong>modice</strong></span> <span class='ocrx_word' id='word_1_112' title='bbox 1151 1619 1366 1688; x_wconf 81' lang='lat' dir='ltr'><strong>quidem</strong></span> <span class='ocrx_word' id='word_1_113' title='bbox 1405 1620 1687 1688; x_wconf 89' lang='lat' dir='ltr'><strong>punientes</strong></span> <span class='ocrx_word' id='word_1_114' title='bbox 1713 1635 1828 1684; x_wconf 90' lang='lat' dir='ltr'><strong>eos,</strong></span> <span class='ocrx_word' id='word_1_115' title='bbox 1858 1622 1948 1692; x_wconf 89' lang='lat' dir='ltr'><strong>qui</strong></span> 
     </span>
    </p>
   </div>
   <div class='ocr_carea' id='block_1_18' title="bbox 383 1710 1948 1781">
    <p class='ocr_par' dir='ltr' id='par_1_18' title="bbox 383 1710 1948 1781">
     <span class='ocr_line' id='line_1_18' title="bbox 383 1710 1948 1781; baseline -0.001 -15"><span class='ocrx_word' id='word_1_116' title='bbox 383 1712 756 1781; x_wconf 86' lang='lat' dir='ltr'><strong>deliquerunt;</strong></span> <span class='ocrx_word' id='word_1_117' title='bbox 790 1725 1052 1780; x_wconf 88' lang='lat' dir='ltr'><strong>pauperes</strong></span> <span class='ocrx_word' id='word_1_118' title='bbox 1090 1725 1221 1765; x_wconf 88' lang='lat' dir='ltr'><strong>vero</strong></span> <span class='ocrx_word' id='word_1_119' title='bbox 1244 1711 1452 1780; x_wconf 85' lang='lat' dir='ltr'><strong>dignos,</strong></span> <span class='ocrx_word' id='word_1_120' title='bbox 1483 1711 1572 1780; x_wconf 88' lang='lat' dir='ltr'><strong>qui</strong></span> <span class='ocrx_word' id='word_1_121' title='bbox 1599 1710 1948 1766; x_wconf 87' lang='lat' dir='ltr'><strong>commisera-</strong></span> 
     </span>
    </p>
   </div>
   <div class='ocr_carea' id='block_1_19' title="bbox 2049 533 3628 607">
    <p class='ocr_par' dir='ltr' id='par_1_19' title="bbox 2049 533 3628 607">
     <span class='ocr_line' id='line_1_19' title="bbox 2049 533 3628 607; baseline 0.003 -21"><span class='ocrx_word' id='word_1_122' title='bbox 2049 535 2145 587; x_wconf 79' lang='grc' dir='ltr'><strong>τοῦ</strong></span> <span class='ocrx_word' id='word_1_123' title='bbox 2168 535 2536 605; x_wconf 73' lang='grc' dir='ltr'><strong>συμφέροντος</strong></span> <span class='ocrx_word' id='word_1_124' title='bbox 2580 535 2674 588; x_wconf 80' lang='grc' dir='ltr'><strong>καὶ</strong></span> <span class='ocrx_word' id='word_1_125' title='bbox 2705 533 2768 586; x_wconf 82' lang='grc' dir='ltr'><strong>τδ</strong></span> <span class='ocrx_word' id='word_1_126' title='bbox 2797 533 3178 606; x_wconf 82' lang='grc' dir='ltr'><strong>φιλάνθρωπον</strong></span> <span class='ocrx_word' id='word_1_127' title='bbox 3238 536 3628 607; x_wconf 70' lang='grc' dir='ltr'><strong>συνεξυφαίνευ</strong></span> 
     </span>
    </p>
   </div>
   <div class='ocr_carea' id='block_1_20' title="bbox 2053 609 3630 697">
    <p class='ocr_par' dir='ltr' id='par_1_20' title="bbox 2053 609 3630 697">
     <span class='ocr_line' id='line_1_20' title="bbox 2053 609 3630 697; baseline 0.003 -21"><span class='ocrx_word' id='word_1_128' title='bbox 2053 624 2176 678; x_wconf 85' lang='grc' dir='ltr'><strong>σθαι</strong></span> <span class='ocrx_word' id='word_1_129' title='bbox 2207 627 2318 686; x_wconf 80' lang='grc' dir='ltr'><strong>τοῖς</strong></span> <span class='ocrx_word' id='word_1_130' title='bbox 2356 625 2871 694; x_wconf 57' lang='grc' dir='ltr'><strong>θεησμοθετουμένοις</strong></span> <span class='ocrx_word' id='word_1_131' title='bbox 2899 625 2991 678; x_wconf 58' lang='grc' dir='ltr'><strong>καὶ⁵</strong></span> <span class='ocrx_word' id='word_1_132' title='bbox 3025 609 3497 697; x_wconf 60' lang='grc' dir='ltr'><strong>συνεισφέρεσθαι,</strong></span> <span class='ocrx_word' id='word_1_133' title='bbox 3529 628 3630 680; x_wconf 79' lang='grc' dir='ltr'><strong>καὶ</strong></span> 
     </span>
    </p>
   </div>
   <div class='ocr_carea' id='block_1_21' title="bbox 2050 709 3629 784">
    <p class='ocr_par' dir='ltr' id='par_1_21' title="bbox 2050 709 3629 784">
     <span class='ocr_line' id='line_1_21' title="bbox 2050 709 3629 784; baseline 0.003 -20"><span class='ocrx_word' id='word_1_134' title='bbox 2050 709 2221 774; x_wconf 84' lang='grc' dir='ltr'><strong>άλλως</strong></span> <span class='ocrx_word' id='word_1_135' title='bbox 2253 711 2310 763; x_wconf 78' lang='grc' dir='ltr'><strong>δὲ</strong></span> <span class='ocrx_word' id='word_1_136' title='bbox 2334 711 2426 764; x_wconf 81' lang='grc' dir='ltr'><strong>τοῦ</strong></span> <span class='ocrx_word' id='word_1_137' title='bbox 2449 712 2642 782; x_wconf 82' lang='grc' dir='ltr'><strong>χρόνου</strong></span> <span class='ocrx_word' id='word_1_138' title='bbox 2674 713 3022 784; x_wconf 80' lang='grc' dir='ltr'><strong>ὑπερθέσεως</strong></span> <span class='ocrx_word' id='word_1_139' title='bbox 3041 714 3414 784; x_wconf 83' lang='grc' dir='ltr'><strong>είσαχθείσης.</strong></span> <span class='ocrx_word' id='word_1_140' title='bbox 3441 715 3629 780; x_wconf 79' lang='grc' dir='ltr'><strong>’Δπαξ</strong></span> 
     </span>
    </p>
   </div>
   <div class='ocr_carea' id='block_1_22' title="bbox 2050 800 3628 876">
    <p class='ocr_par' dir='ltr' id='par_1_22' title="bbox 2050 800 3628 876">
     <span class='ocr_line' id='line_1_22' title="bbox 2050 800 3628 876; baseline 0.004 -24"><span class='ocrx_word' id='word_1_141' title='bbox 2050 800 2160 870; x_wconf 83' lang='grc' dir='ltr'><strong>γὰρ</strong></span> <span class='ocrx_word' id='word_1_142' title='bbox 2185 800 2282 868; x_wconf 86' lang='grc' dir='ltr'><strong>τῆς</strong></span> <span class='ocrx_word' id='word_1_143' title='bbox 2331 800 2458 869; x_wconf 79' lang='grc' dir='ltr'><strong>περὶ</strong></span> <span class='ocrx_word' id='word_1_144' title='bbox 2487 801 2692 854; x_wconf 83' lang='grc' dir='ltr'><strong>τούτων</strong></span> <span class='ocrx_word' id='word_1_145' title='bbox 2713 803 3043 872; x_wconf 75' lang='grc' dir='ltr'><strong>ἀποφάσεως</strong></span> <span class='ocrx_word' id='word_1_146' title='bbox 3073 803 3468 876; x_wconf 71' lang='grc' dir='ltr'><strong>ἐξενεχθείσης,</strong></span> <span class='ocrx_word' id='word_1_147' title='bbox 3500 807 3628 867; x_wconf 73' lang='grc' dir='ltr'><strong>τοὺς</strong></span> 
     </span>
    </p>
   </div>
   <div class='ocr_carea' id='block_1_23' title="bbox 2052 892 3628 964">
    <p class='ocr_par' dir='ltr' id='par_1_23' title="bbox 2052 892 3628 964">
     <span class='ocr_line' id='line_1_23' title="bbox 2052 892 3628 964; baseline 0.003 -21"><span class='ocrx_word' id='word_1_148' title='bbox 2052 893 2303 960; x_wconf 76' lang='grc' dir='ltr'><strong>παρακοῇ</strong></span> <span class='ocrx_word' id='word_1_149' title='bbox 2341 892 2450 945; x_wconf 79' lang='grc' dir='ltr'><strong>τῶν</strong></span> <span class='ocrx_word' id='word_1_150' title='bbox 2474 895 2972 964; x_wconf 81' lang='grc' dir='ltr'><strong>προστεταγμένων</strong></span> <span class='ocrx_word' id='word_1_151' title='bbox 3002 895 3316 958; x_wconf 78' lang='grc' dir='ltr'><strong>ἑαλωκότας</strong></span> <span class='ocrx_word' id='word_1_152' title='bbox 3381 899 3443 950; x_wconf 84' lang='grc' dir='ltr'><strong>οὐ</strong></span> <span class='ocrx_word' id='word_1_153' title='bbox 3477 896 3628 960; x_wconf 79' lang='grc' dir='ltr'><strong>ξένον</strong></span> 
     </span>
    </p>
   </div>
   <div class='ocr_carea' id='block_1_24' title="bbox 2051 983 3632 1055">
    <p class='ocr_par' dir='ltr' id='par_1_24' title="bbox 2051 983 3632 1055">
     <span class='ocr_line' id='line_1_24' title="bbox 2051 983 3632 1055; baseline -0.001 -20"><span class='ocrx_word' id='word_1_154' title='bbox 2051 983 2172 1037; x_wconf 79' lang='grc' dir='ltr'><strong>οὐδὲ</strong></span> <span class='ocrx_word' id='word_1_155' title='bbox 2196 985 2375 1052; x_wconf 88' lang='grc' dir='ltr'><strong>νόμων</strong></span> <span class='ocrx_word' id='word_1_156' title='bbox 2397 985 2672 1055; x_wconf 84' lang='grc' dir='ltr'><strong>ἀλλότριον</strong></span> <span class='ocrx_word' id='word_1_157' title='bbox 2690 985 2799 1038; x_wconf 86' lang='grc' dir='ltr'><strong>τῶν</strong></span> <span class='ocrx_word' id='word_1_158' title='bbox 2822 987 3040 1042; x_wconf 85' lang='grc' dir='ltr'><strong>οίκείων</strong></span> <span class='ocrx_word' id='word_1_159' title='bbox 3058 986 3428 1041; x_wconf 81' lang='grc' dir='ltr'><strong>ἐπα-πολαύειν</strong></span> <span class='ocrx_word' id='word_1_160' title='bbox 3451 988 3632 1040; x_wconf 86' lang='grc' dir='ltr'><strong>πόνων.</strong></span> 
     </span>
    </p>
   </div>
   <div class='ocr_carea' id='block_1_25' title="bbox 2052 1076 3627 1148">
    <p class='ocr_par' dir='ltr' id='par_1_25' title="bbox 2052 1076 3627 1148">
     <span class='ocr_line' id='line_1_25' title="bbox 2052 1076 3627 1148; baseline 0.001 -19"><span class='ocrx_word' id='word_1_161' title='bbox 2052 1077 2124 1131; x_wconf 86' lang='grc' dir='ltr'><strong>τὰ</strong></span> <span class='ocrx_word' id='word_1_162' title='bbox 2147 1076 2401 1147; x_wconf 79' lang='grc' dir='ltr'><strong>ἐπίχειρα</strong></span> <span class='ocrx_word' id='word_1_163' title='bbox 2428 1077 2522 1130; x_wconf 75' lang='grc' dir='ltr'><strong>καὶ</strong></span> <span class='ocrx_word' id='word_1_164' title='bbox 2569 1077 2679 1130; x_wconf 86' lang='grc' dir='ltr'><strong>τῶν</strong></span> <span class='ocrx_word' id='word_1_165' title='bbox 2736 1077 3048 1148; x_wconf 85' lang='grc' dir='ltr'><strong>προσόντων</strong></span> <span class='ocrx_word' id='word_1_166' title='bbox 3092 1077 3502 1148; x_wconf 83' lang='grc' dir='ltr'><strong>ἀλλοτριοῦσθαι</strong></span> <span class='ocrx_word' id='word_1_167' title='bbox 3547 1077 3627 1131; x_wconf 85' lang='grc' dir='ltr'><strong>δι-</strong></span> 
     </span>
    </p>
   </div>
   <div class='ocr_carea' id='block_1_26' title="bbox 2053 1165 3628 1239">
    <p class='ocr_par' dir='ltr' id='par_1_26' title="bbox 2053 1165 3628 1239">
     <span class='ocr_line' id='line_1_26' title="bbox 2053 1165 3628 1239; baseline -0.001 -19"><span class='ocrx_word' id='word_1_168' title='bbox 2053 1167 2408 1236; x_wconf 88' lang='grc' dir='ltr'><strong>καιωμάτων.</strong></span> <span class='ocrx_word' id='word_1_169' title='bbox 2459 1166 2619 1221; x_wconf 85' lang='grc' dir='ltr'><strong>Ἀλλά</strong></span> <span class='ocrx_word' id='word_1_170' title='bbox 2654 1166 2766 1238; x_wconf 85' lang='grc' dir='ltr'><strong>γάρ</strong></span> <span class='ocrx_word' id='word_1_171' title='bbox 2817 1167 2906 1220; x_wconf 73' lang='grc' dir='ltr'><strong>ἀεὶ</strong></span> <span class='ocrx_word' id='word_1_172' title='bbox 2933 1165 3301 1239; x_wconf 78' lang='grc' dir='ltr'><strong>φιλανθρώπῳ</strong></span> <span class='ocrx_word' id='word_1_173' title='bbox 3329 1167 3391 1219; x_wconf 87' lang='grc' dir='ltr'><strong>τὸ</strong></span> <span class='ocrx_word' id='word_1_174' title='bbox 3420 1167 3628 1234; x_wconf 81' lang='grc' dir='ltr'><strong>αὐστη-</strong></span> 
     </span>
    </p>
   </div>
   <div class='ocr_carea' id='block_1_27' title="bbox 2056 1260 3628 1334">
    <p class='ocr_par' dir='ltr' id='par_1_27' title="bbox 2056 1260 3628 1334">
     <span class='ocr_line' id='line_1_27' title="bbox 2056 1260 3628 1334; baseline -0.002 -19"><span class='ocrx_word' id='word_1_175' title='bbox 2056 1263 2149 1334; x_wconf 80' lang='grc' dir='ltr'><strong>ρὸν</strong></span> <span class='ocrx_word' id='word_1_176' title='bbox 2197 1263 2295 1333; x_wconf 86' lang='grc' dir='ltr'><strong>τῆς</strong></span> <span class='ocrx_word' id='word_1_177' title='bbox 2346 1263 2636 1333; x_wconf 83' lang='grc' dir='ltr'><strong>ἀκριϐείας</strong></span> <span class='ocrx_word' id='word_1_178' title='bbox 2695 1263 3057 1334; x_wconf 74' lang='grc' dir='ltr'><strong>κεραννύντες</strong></span> <span class='ocrx_word' id='word_1_179' title='bbox 3105 1262 3320 1334; x_wconf 82' lang='grc' dir='ltr'><strong>γνώμῃ,</strong></span> <span class='ocrx_word' id='word_1_180' title='bbox 3351 1261 3476 1314; x_wconf 79' lang='grc' dir='ltr'><strong>ἀντὶ</strong></span> <span class='ocrx_word' id='word_1_181' title='bbox 3526 1260 3628 1329; x_wconf 84' lang='grc' dir='ltr'><strong>τῆς</strong></span> 
     </span>
    </p>
   </div>
   <div class='ocr_carea' id='block_1_28' title="bbox 2055 1350 3632 1425">
    <p class='ocr_par' dir='ltr' id='par_1_28' title="bbox 2055 1350 3632 1425">
     <span class='ocr_line' id='line_1_28' title="bbox 2055 1350 3632 1425; baseline -0.003 -19"><span class='ocrx_word' id='word_1_182' title='bbox 2055 1353 2798 1425; x_wconf 80' lang='grc' dir='ltr'><strong>προσηκούσης·ἐκπτώσεως</strong></span> <span class='ocrx_word' id='word_1_183' title='bbox 2810 1357 2910 1420; x_wconf 82' lang='grc' dir='ltr'><strong>τὴν</strong></span> <span class='ocrx_word' id='word_1_184' title='bbox 2939 1355 3038 1423; x_wconf 82' lang='grc' dir='ltr'><strong>τῆς</strong></span> <span class='ocrx_word' id='word_1_185' title='bbox 3067 1353 3312 1424; x_wconf 87' lang='grc' dir='ltr'><strong>τριετίας</strong></span> <span class='ocrx_word' id='word_1_186' title='bbox 3357 1350 3632 1420; x_wconf 82' lang='grc' dir='ltr'><strong>ἀναϐολὴν</strong></span> 
     </span>
    </p>
   </div>
   <div class='ocr_carea' id='block_1_29' title="bbox 2054 1439 3630 1515">
    <p class='ocr_par' dir='ltr' id='par_1_29' title="bbox 2054 1439 3630 1515">
     <span class='ocr_line' id='line_1_29' title="bbox 2054 1439 3630 1515; baseline -0.004 -18"><span class='ocrx_word' id='word_1_187' title='bbox 2054 1444 2446 1515; x_wconf 75' lang='grc' dir='ltr'><strong>διωρισάμεθα,</strong></span> <span class='ocrx_word' id='word_1_188' title='bbox 2482 1445 2718 1514; x_wconf 77' lang='grc' dir='ltr'><strong>μετρίως</strong></span> <span class='ocrx_word' id='word_1_189' title='bbox 2765 1444 2865 1515; x_wconf 85' lang='grc' dir='ltr'><strong>μὲν</strong></span> <span class='ocrx_word' id='word_1_190' title='bbox 2890 1443 3018 1504; x_wconf 80' lang='grc' dir='ltr'><strong>τοὺς</strong></span> <span class='ocrx_word' id='word_1_191' title='bbox 3047 1439 3500 1512; x_wconf 75' lang='grc' dir='ltr'><strong>ἐξημαρτηκότας</strong></span> <span class='ocrx_word' id='word_1_192' title='bbox 3532 1455 3630 1491; x_wconf 79' lang='grc' dir='ltr'><strong>κο-</strong></span> 
     </span>
    </p>
   </div>
   <div class='ocr_carea' id='block_1_30' title="bbox 2057 1528 3633 1600">
    <p class='ocr_par' dir='ltr' id='par_1_30' title="bbox 2057 1528 3633 1600">
     <span class='ocr_line' id='line_1_30' title="bbox 2057 1528 3633 1600; baseline -0.012 -2"><span class='ocrx_word' id='word_1_193' title='bbox 2057 1533 2332 1598; x_wconf 70' lang='grc' dir='ltr'><strong>λάζοντες,</strong></span> <span class='ocrx_word' id='word_1_194' title='bbox 2387 1533 2553 1599; x_wconf 79' lang='grc' dir='ltr'><strong>ἀξίως</strong></span> <span class='ocrx_word' id='word_1_195' title='bbox 2611 1535 2667 1588; x_wconf 86' lang='grc' dir='ltr'><strong>δέ</strong></span> <span class='ocrx_word' id='word_1_196' title='bbox 2720 1535 2813 1588; x_wconf 74' lang='grc' dir='ltr'><strong>καὶ</strong></span> <span class='ocrx_word' id='word_1_197' title='bbox 2867 1535 2993 1598; x_wconf 82' lang='grc' dir='ltr'><strong>τοὺς</strong></span> <span class='ocrx_word' id='word_1_198' title='bbox 3026 1533 3208 1596; x_wconf 78' lang='grc' dir='ltr'><strong>ἐλέους</strong></span> <span class='ocrx_word' id='word_1_199' title='bbox 3228 1533 3410 1600; x_wconf 82' lang='grc' dir='ltr'><strong>τυχεῖν</strong></span> <span class='ocrx_word' id='word_1_200' title='bbox 3447 1528 3633 1593; x_wconf 78' lang='grc' dir='ltr'><strong>ἀξίους</strong></span> 
     </span>
    </p>
   </div>
   <div class='ocr_carea' id='block_1_31' title="bbox 2063 1619 3632 1694">
    <p class='ocr_par' dir='ltr' id='par_1_31' title="bbox 2063 1619 3632 1694">
     <span class='ocr_line' id='line_1_31' title="bbox 2063 1619 3632 1694; baseline -0.004 -19"><span class='ocrx_word' id='word_1_201' title='bbox 2063 1623 2299 1694; x_wconf 83' lang='grc' dir='ltr'><strong>πένητας</strong></span> <span class='ocrx_word' id='word_1_202' title='bbox 2333 1625 2400 1693; x_wconf 79' lang='grc' dir='ltr'><strong>τῇ</strong></span> <span class='ocrx_word' id='word_1_203' title='bbox 2444 1623 2680 1694; x_wconf 78' lang='grc' dir='ltr'><strong>ἀναϐολῇ</strong></span> <span class='ocrx_word' id='word_1_204' title='bbox 2731 1621 3093 1692; x_wconf 79' lang='grc' dir='ltr'><strong>ἀγαθύνοντές</strong></span> <span class='ocrx_word' id='word_1_205' title='bbox 3137 1637 3197 1673; x_wconf 87' lang='grc' dir='ltr'><strong>τε</strong></span> <span class='ocrx_word' id='word_1_206' title='bbox 3254 1619 3349 1671; x_wconf 74' lang='grc' dir='ltr'><strong>καὶ</strong></span> <span class='ocrx_word' id='word_1_207' title='bbox 3382 1631 3632 1684; x_wconf 77' lang='grc' dir='ltr'><strong>παρηγοο</strong></span> 
     </span>
    </p>
   </div>
   <div class='ocr_carea' id='block_1_32' title="bbox 2066 1711 3634 1790">
    <p class='ocr_par' dir='ltr' id='par_1_32' title="bbox 2066 1711 3634 1790">
     <span class='ocr_line' id='line_1_32' title="bbox 2066 1711 3634 1790; baseline -0.006 -20"><span class='ocrx_word' id='word_1_208' title='bbox 2066 1717 2336 1787; x_wconf 87' lang='grc' dir='ltr'><strong>ρούμενοι,</strong></span> <span class='ocrx_word' id='word_1_209' title='bbox 2380 1718 2475 1770; x_wconf 69' lang='grc' dir='ltr'><strong>καὶ</strong></span> <span class='ocrx_word' id='word_1_210' title='bbox 2525 1719 2839 1790; x_wconf 84' lang='grc' dir='ltr'><strong>σύμμετρον</strong></span> <span class='ocrx_word' id='word_1_211' title='bbox 2896 1718 3178 1787; x_wconf 71' lang='grc' dir='ltr'><strong>ἑκατέροις</strong></span> <span class='ocrx_word' id='word_1_212' title='bbox 3208 1714 3306 1784; x_wconf 84' lang='grc' dir='ltr'><strong>τὴν</strong></span> <span class='ocrx_word' id='word_1_213' title='bbox 3335 1711 3634 1780; x_wconf 85' lang='grc' dir='ltr'><strong>θεραπείαν</strong></span> 
     </span>
    </p>
   </div>
   <div class='ocr_carea' id='block_1_33' title="bbox 381 1787 1964 1879">
    <p class='ocr_par' dir='ltr' id='par_1_33' title="bbox 381 1787 1956 1872">
     <span class='ocr_line' id='line_1_33' title="bbox 381 1787 1956 1872; baseline -0.001 -14"><span class='ocrx_word' id='word_1_214' title='bbox 381 1805 586 1858; x_wconf 85' lang='lat' dir='ltr'><strong>tionem</strong></span> <span class='ocrx_word' id='word_1_215' title='bbox 624 1803 935 1871; x_wconf 85' lang='lat' dir='ltr'><strong>impetrent,</strong></span> <span class='ocrx_word' id='word_1_216' title='bbox 986 1787 1110 1870; x_wconf 81' lang='lat' dir='ltr'><strong>ipsa</strong></span> <span class='ocrx_word' id='word_1_217' title='bbox 1147 1802 1262 1872; x_wconf 88' lang='lat' dir='ltr'><strong>(ceu</strong></span> <span class='ocrx_word' id='word_1_218' title='bbox 1295 1802 1510 1871; x_wconf 81' lang='lat' dir='ltr'><strong>dignum</strong></span> <span class='ocrx_word' id='word_1_219' title='bbox 1551 1801 1655 1871; x_wconf 87' lang='lat' dir='ltr'><strong>est)</strong></span> <span class='ocrx_word' id='word_1_220' title='bbox 1701 1801 1956 1857; x_wconf 81' lang='lat' dir='ltr'><strong>dilatione</strong></span> 
     </span>
    </p>
   </div>
   <div class='ocr_carea' id='block_1_34' title="bbox 2067 1787 3112 1879">
    <p class='ocr_par' dir='ltr' id='par_1_34' title="bbox 2067 1787 3112 1879">
     <span class='ocr_line' id='line_1_34' title="bbox 2067 1787 3112 1879; baseline 0.002 -19"><span class='ocrx_word' id='word_1_221' title='bbox 2067 1809 2462 1879; x_wconf 65' lang='grc' dir='ltr'><strong>προσφέῳντές</strong></span> <span class='ocrx_word' id='word_1_222' title='bbox 2493 1827 2549 1863; x_wconf 88' lang='grc' dir='ltr'><strong>τε</strong></span> <span class='ocrx_word' id='word_1_223' title='bbox 2582 1787 2675 1862; x_wconf 78' lang='grc' dir='ltr'><strong>καὶ</strong></span> <span class='ocrx_word' id='word_1_224' title='bbox 2705 1787 3112 1878; x_wconf 65' lang='grc' dir='ltr'><strong>ἀέροσιούμενοι.</strong></span> 
     </span>
    </p>
   </div>
   <div class='ocr_carea' id='block_1_35' title="bbox 378 1890 3634 1968">
    <p class='ocr_par' dir='ltr' id='par_1_35' title="bbox 378 1890 3634 1968">
     <span class='ocr_line' id='line_1_35' title="bbox 378 1890 3634 1968; baseline -0.002 -18"><span class='ocrx_word' id='word_1_225' title='bbox 378 1893 616 1964; x_wconf 75' lang='lat' dir='ltr'><strong>benigne</strong></span> <span class='ocrx_word' id='word_1_226' title='bbox 656 1890 910 1947; x_wconf 22' lang='lat' dir='ltr'><strong>foventes,</strong></span> <span class='ocrx_word' id='word_1_227' title='bbox 934 1900 989 1946; x_wconf 87' lang='lat' dir='ltr'><strong>et</strong></span> <span class='ocrx_word' id='word_1_228' title='bbox 1023 1893 1405 1957; x_wconf 86' lang='lat' dir='ltr'><strong>consolantes;</strong></span> <span class='ocrx_word' id='word_1_229' title='bbox 1442 1894 1682 1962; x_wconf 86' lang='lat' dir='ltr'><strong>adeoque</strong></span> <span class='ocrx_word' id='word_1_230' title='bbox 1723 1894 2130 1952; x_wconf 83' lang='lat' dir='ltr'><strong>convenientem</strong></span> <span class='ocrx_word' id='word_1_231' title='bbox 2174 1900 2420 1968; x_wconf 88' lang='lat' dir='ltr'><strong>utrisque</strong></span> <span class='ocrx_word' id='word_1_232' title='bbox 2451 1899 2772 1955; x_wconf 87' lang='lat' dir='ltr'><strong>medicinam</strong></span> <span class='ocrx_word' id='word_1_233' title='bbox 2802 1898 3121 1954; x_wconf 82' lang='lat' dir='ltr'><strong>adhibentes</strong></span> <span class='ocrx_word' id='word_1_234' title='bbox 3161 1905 3216 1950; x_wconf 88' lang='lat' dir='ltr'><strong>et</strong></span> <span class='ocrx_word' id='word_1_235' title='bbox 3257 1893 3634 1964; x_wconf 74' lang='lat' dir='ltr'><strong>expedientes.</strong></span> 
     </span>
    </p>
   </div>
   <div class='ocr_carea' id='block_1_36' title="bbox 455 1989 1956 2060">
    <p class='ocr_par' dir='ltr' id='par_1_36' title="bbox 455 1989 1956 2060">
     <span class='ocr_line' id='line_1_36' title="bbox 455 1989 1956 2060; baseline 0.003 -18"><span class='ocrx_word' id='word_1_236' title='bbox 455 1989 509 2043; x_wconf 88' lang='lat'><strong>7.</strong></span> <span class='ocrx_word' id='word_1_237' title='bbox 547 1990 810 2056; x_wconf 87' lang='lat' dir='ltr'><strong>Quoniam</strong></span> <span class='ocrx_word' id='word_1_238' title='bbox 835 2002 966 2043; x_wconf 87' lang='lat' dir='ltr'><strong>vero</strong></span> <span class='ocrx_word' id='word_1_239' title='bbox 1001 1989 1288 2044; x_wconf 92' lang='lat' dir='ltr'><strong>nonnullos</strong></span> <span class='ocrx_word' id='word_1_240' title='bbox 1329 1989 1394 2044; x_wconf 90' lang='lat' dir='ltr'><strong>ad</strong></span> <span class='ocrx_word' id='word_1_241' title='bbox 1428 1997 1629 2043; x_wconf 89' lang='lat' dir='ltr'><strong>tantam</strong></span> <span class='ocrx_word' id='word_1_242' title='bbox 1663 2005 1822 2060; x_wconf 86' lang='lat' dir='ltr'><strong>opum</strong></span> <span class='ocrx_word' id='word_1_243' title='bbox 1863 2006 1956 2046; x_wconf 81' lang='lat' dir='ltr'><strong>cu-</strong></span> 
     </span>
    </p>
   </div>
   <div class='ocr_carea' id='block_1_37' title="bbox 383 2079 1960 2153">
    <p class='ocr_par' dir='ltr' id='par_1_37' title="bbox 383 2079 1960 2153">
     <span class='ocr_line' id='line_1_37' title="bbox 383 2079 1960 2153; baseline 0 -17"><span class='ocrx_word' id='word_1_244' title='bbox 383 2083 667 2153; x_wconf 87' lang='lat' dir='ltr'><strong>piditatem</strong></span> <span class='ocrx_word' id='word_1_245' title='bbox 699 2095 1018 2150; x_wconf 86' lang='lat' dir='ltr'><strong>progressos</strong></span> <span class='ocrx_word' id='word_1_246' title='bbox 1044 2079 1378 2148; x_wconf 87' lang='lat' dir='ltr'><strong>accepimus,</strong></span> <span class='ocrx_word' id='word_1_247' title='bbox 1407 2089 1462 2134; x_wconf 91' lang='lat' dir='ltr'><strong>ut</strong></span> <span class='ocrx_word' id='word_1_248' title='bbox 1489 2081 1775 2136; x_wconf 89' lang='lat' dir='ltr'><strong>instituant</strong></span> <span class='ocrx_word' id='word_1_249' title='bbox 1797 2082 1960 2136; x_wconf 89' lang='lat' dir='ltr'><strong>etiam</strong></span> 
     </span>
    </p>
   </div>
   <div class='ocr_carea' id='block_1_38' title="bbox 384 2171 1962 2242">
    <p class='ocr_par' dir='ltr' id='par_1_38' title="bbox 384 2171 1962 2242">
     <span class='ocr_line' id='line_1_38' title="bbox 384 2171 1962 2242; baseline -0.001 -16"><span class='ocrx_word' id='word_1_250' title='bbox 384 2174 478 2227; x_wconf 84' lang='lat' dir='ltr'><strong>vili</strong></span> <span class='ocrx_word' id='word_1_251' title='bbox 503 2173 677 2242; x_wconf 89' lang='lat' dir='ltr'><strong>pretio</strong></span> <span class='ocrx_word' id='word_1_252' title='bbox 707 2186 998 2241; x_wconf 87' lang='lat' dir='ltr'><strong>pauperum</strong></span> <span class='ocrx_word' id='word_1_253' title='bbox 1032 2171 1426 2240; x_wconf 87' lang='lat' dir='ltr'><strong>possessiones,</strong></span> <span class='ocrx_word' id='word_1_254' title='bbox 1451 2187 1632 2227; x_wconf 88' lang='lat' dir='ltr'><strong>emere</strong></span> <span class='ocrx_word' id='word_1_255' title='bbox 1658 2172 1861 2237; x_wconf 87' lang='lat' dir='ltr'><strong>dicam,</strong></span> <span class='ocrx_word' id='word_1_256' title='bbox 1892 2187 1962 2224; x_wconf 84' lang='lat' dir='ltr'><strong>an</strong></span> 
     </span>
    </p>
   </div>
   <div class='ocr_carea' id='block_1_39' title="bbox 385 2261 1964 2334">
    <p class='ocr_par' dir='ltr' id='par_1_39' title="bbox 385 2261 1964 2334">
     <span class='ocr_line' id='line_1_39' title="bbox 385 2261 1964 2334; baseline -0.002 -15"><span class='ocrx_word' id='word_1_257' title='bbox 385 2264 566 2334; x_wconf 86' lang='lat' dir='ltr'><strong>potius</strong></span> <span class='ocrx_word' id='word_1_258' title='bbox 599 2263 769 2316; x_wconf 84' lang='lat' dir='ltr'><strong>hianti</strong></span> <span class='ocrx_word' id='word_1_259' title='bbox 797 2277 901 2329; x_wconf 86' lang='lat' dir='ltr'><strong>ore</strong></span> <span class='ocrx_word' id='word_1_260' title='bbox 939 2261 1243 2332; x_wconf 81' lang='lat' dir='ltr'><strong>deglutire?</strong></span> <span class='ocrx_word' id='word_1_261' title='bbox 1295 2262 1468 2331; x_wconf 91' lang='lat' dir='ltr'><strong>ipsum</strong></span> <span class='ocrx_word' id='word_1_262' title='bbox 1517 2263 1685 2316; x_wconf 91' lang='lat' dir='ltr'><strong>animi</strong></span> <span class='ocrx_word' id='word_1_263' title='bbox 1729 2261 1964 2332; x_wconf 78' lang='lat' dir='ltr'><strong>laetique</strong></span> 
     </span>
    </p>
   </div>
   <div class='ocr_carea' id='block_1_40' title="bbox 387 2352 1965 2424">
    <p class='ocr_par' dir='ltr' id='par_1_40' title="bbox 387 2352 1965 2424">
     <span class='ocr_line' id='line_1_40' title="bbox 387 2352 1965 2424; baseline -0.001 -16"><span class='ocrx_word' id='word_1_264' title='bbox 387 2352 681 2409; x_wconf 89' lang='lat' dir='ltr'><strong>discrimen</strong></span> <span class='ocrx_word' id='word_1_265' title='bbox 713 2352 915 2418; x_wconf 85' lang='lat' dir='ltr'><strong>ell&#39;ecit,</strong></span> <span class='ocrx_word' id='word_1_266' title='bbox 948 2363 1007 2406; x_wconf 89' lang='lat' dir='ltr'><strong>ut</strong></span> <span class='ocrx_word' id='word_1_267' title='bbox 1036 2361 1090 2408; x_wconf 90' lang='lat' dir='ltr'><strong>et</strong></span> <span class='ocrx_word' id='word_1_268' title='bbox 1121 2352 1400 2408; x_wconf 88' lang='lat' dir='ltr'><strong>dissimilis</strong></span> <span class='ocrx_word' id='word_1_269' title='bbox 1436 2354 1537 2408; x_wconf 92' lang='lat' dir='ltr'><strong>hac</strong></span> <span class='ocrx_word' id='word_1_270' title='bbox 1571 2354 1624 2408; x_wconf 90' lang='lat' dir='ltr'><strong>in</strong></span> <span class='ocrx_word' id='word_1_271' title='bbox 1657 2364 1809 2424; x_wconf 88' lang='lat' dir='ltr'><strong>parte</strong></span> <span class='ocrx_word' id='word_1_272' title='bbox 1842 2368 1965 2407; x_wconf 83' lang='lat' dir='ltr'><strong>sen-</strong></span> 
     </span>
    </p>
   </div>
   <div class='ocr_carea' id='block_1_41' title="bbox 389 2442 1962 2513">
    <p class='ocr_par' dir='ltr' id='par_1_41' title="bbox 389 2442 1962 2513">
     <span class='ocr_line' id='line_1_41' title="bbox 389 2442 1962 2513; baseline -0.003 -13"><span class='ocrx_word' id='word_1_273' title='bbox 389 2443 556 2500; x_wconf 89' lang='lat' dir='ltr'><strong>tentia</strong></span> <span class='ocrx_word' id='word_1_274' title='bbox 596 2444 667 2499; x_wconf 90' lang='lat' dir='ltr'><strong>sit</strong></span> <span class='ocrx_word' id='word_1_275' title='bbox 717 2445 784 2499; x_wconf 89' lang='lat' dir='ltr'><strong>ab</strong></span> <span class='ocrx_word' id='word_1_276' title='bbox 834 2444 920 2509; x_wconf 87' lang='lat' dir='ltr'><strong>iis,</strong></span> <span class='ocrx_word' id='word_1_277' title='bbox 970 2459 1089 2512; x_wconf 64' lang='lat' dir='ltr'><strong>quae</strong></span> <span class='ocrx_word' id='word_1_278' title='bbox 1127 2458 1474 2513; x_wconf 69' lang='lat' dir='ltr'><strong>prazcessere.</strong></span> <span class='ocrx_word' id='word_1_279' title='bbox 1522 2442 1880 2508; x_wconf 85' lang='lat' dir='ltr'><strong>Quamobrem</strong></span> <span class='ocrx_word' id='word_1_280' title='bbox 1917 2442 1962 2497; x_wconf 88' lang='lat' dir='ltr'><strong>si</strong></span> 
     </span>
    </p>
   </div>
   <div class='ocr_carea' id='block_1_42' title="bbox 387 2529 1962 2603">
    <p class='ocr_par' dir='ltr' id='par_1_42' title="bbox 387 2529 1962 2603">
     <span class='ocr_line' id='line_1_42' title="bbox 387 2529 1962 2603; baseline -0.003 -15"><span class='ocrx_word' id='word_1_281' title='bbox 387 2534 658 2603; x_wconf 89' lang='lat' dir='ltr'><strong>reperitur</strong></span> <span class='ocrx_word' id='word_1_282' title='bbox 694 2532 841 2601; x_wconf 83' lang='lat' dir='ltr'><strong>justa</strong></span> <span class='ocrx_word' id='word_1_283' title='bbox 884 2545 1064 2586; x_wconf 90' lang='lat' dir='ltr'><strong>rerum</strong></span> <span class='ocrx_word' id='word_1_284' title='bbox 1118 2529 1463 2586; x_wconf 88' lang='lat' dir='ltr'><strong>venditarum</strong></span> <span class='ocrx_word' id='word_1_285' title='bbox 1513 2532 1822 2597; x_wconf 71' lang='lat' dir='ltr'><strong>azstimatio,</strong></span> <span class='ocrx_word' id='word_1_286' title='bbox 1854 2531 1962 2585; x_wconf 89' lang='lat' dir='ltr'><strong>dati</strong></span> 
     </span>
    </p>
   </div>
   <div class='ocr_carea' id='block_1_43' title="bbox 386 2623 1965 2696">
    <p class='ocr_par' dir='ltr' id='par_1_43' title="bbox 386 2623 1965 2696">
     <span class='ocr_line' id='line_1_43' title="bbox 386 2623 1965 2696; baseline -0.004 -15"><span class='ocrx_word' id='word_1_287' title='bbox 386 2624 552 2696; x_wconf 87' lang='lat' dir='ltr'><strong>pretii</strong></span> <span class='ocrx_word' id='word_1_288' title='bbox 585 2623 806 2695; x_wconf 85' lang='lat' dir='ltr'><strong>duplum</strong></span> <span class='ocrx_word' id='word_1_289' title='bbox 841 2625 1106 2679; x_wconf 83' lang='lat' dir='ltr'><strong>excedere</strong></span> <span class='ocrx_word' id='word_1_290' title='bbox 1143 2643 1158 2679; x_wconf 85' lang='lat'><strong>:</strong></span> <span class='ocrx_word' id='word_1_291' title='bbox 1203 2623 1351 2678; x_wconf 92' lang='lat' dir='ltr'><strong>nullo</strong></span> <span class='ocrx_word' id='word_1_292' title='bbox 1379 2623 1557 2693; x_wconf 89' lang='lat' dir='ltr'><strong>pretio</strong></span> <span class='ocrx_word' id='word_1_293' title='bbox 1591 2623 1824 2690; x_wconf 87' lang='lat' dir='ltr'><strong>reddito,</strong></span> <span class='ocrx_word' id='word_1_294' title='bbox 1851 2637 1965 2676; x_wconf 69' lang='lat' dir='ltr'><strong>em~</strong></span> 
     </span>
    </p>
   </div>
   <div class='ocr_carea' id='block_1_44' title="bbox 386 2711 1964 2786">
    <p class='ocr_par' dir='ltr' id='par_1_44' title="bbox 386 2711 1964 2786">
     <span class='ocr_line' id='line_1_44' title="bbox 386 2711 1964 2786; baseline -0.003 -16"><span class='ocrx_word' id='word_1_295' title='bbox 386 2727 572 2786; x_wconf 89' lang='lat' dir='ltr'><strong>ptores</strong></span> <span class='ocrx_word' id='word_1_296' title='bbox 623 2715 980 2784; x_wconf 82' lang='lat' dir='ltr'><strong>expellantur.</strong></span> <span class='ocrx_word' id='word_1_297' title='bbox 1035 2713 1093 2768; x_wconf 90' lang='lat' dir='ltr'><strong>Si</strong></span> <span class='ocrx_word' id='word_1_298' title='bbox 1145 2728 1273 2768; x_wconf 89' lang='lat' dir='ltr'><strong>vero</strong></span> <span class='ocrx_word' id='word_1_299' title='bbox 1326 2729 1435 2768; x_wconf 91' lang='lat' dir='ltr'><strong>non</strong></span> <span class='ocrx_word' id='word_1_300' title='bbox 1488 2714 1540 2767; x_wconf 90' lang='lat' dir='ltr'><strong>in</strong></span> <span class='ocrx_word' id='word_1_301' title='bbox 1592 2722 1825 2776; x_wconf 90' lang='lat' dir='ltr'><strong>tantum,</strong></span> <span class='ocrx_word' id='word_1_302' title='bbox 1871 2711 1964 2766; x_wconf 88' lang='lat' dir='ltr'><strong>sed</strong></span> 
     </span>
    </p>
   </div>
   <div class='ocr_carea' id='block_1_45' title="bbox 389 2801 1964 2872">
    <p class='ocr_par' dir='ltr' id='par_1_45' title="bbox 389 2801 1964 2872">
     <span class='ocr_line' id='line_1_45' title="bbox 389 2801 1964 2872; baseline -0.004 -12"><span class='ocrx_word' id='word_1_303' title='bbox 389 2815 568 2860; x_wconf 81' lang='lat' dir='ltr'><strong>tamen</strong></span> <span class='ocrx_word' id='word_1_304' title='bbox 613 2805 668 2858; x_wconf 93' lang='lat' dir='ltr'><strong>in</strong></span> <span class='ocrx_word' id='word_1_305' title='bbox 713 2803 958 2857; x_wconf 80' lang='lat' dir='ltr'><strong>fraudem</strong></span> <span class='ocrx_word' id='word_1_306' title='bbox 991 2802 1357 2872; x_wconf 85' lang='lat' dir='ltr'><strong>damnumque</strong></span> <span class='ocrx_word' id='word_1_307' title='bbox 1397 2803 1734 2856; x_wconf 90' lang='lat' dir='ltr'><strong>venditorum</strong></span> <span class='ocrx_word' id='word_1_308' title='bbox 1774 2811 1827 2856; x_wconf 91' lang='lat' dir='ltr'><strong>et</strong></span> <span class='ocrx_word' id='word_1_309' title='bbox 1852 2801 1964 2871; x_wconf 70' lang='lat' dir='ltr'><strong>iam</strong></span> 
     </span>
    </p>
   </div>
   <div class='ocr_carea' id='block_1_46' title="bbox 387 2891 1965 2966">
    <p class='ocr_par' dir='ltr' id='par_1_46' title="bbox 387 2891 1965 2966">
     <span class='ocr_line' id='line_1_46' title="bbox 387 2891 1965 2966; baseline -0.003 -16"><span class='ocrx_word' id='word_1_310' title='bbox 387 2897 598 2951; x_wconf 90' lang='lat' dir='ltr'><strong>lucrum</strong></span> <span class='ocrx_word' id='word_1_311' title='bbox 629 2893 993 2966; x_wconf 80' lang='lat' dir='ltr'><strong>provenientis</strong></span> <span class='ocrx_word' id='word_1_312' title='bbox 1015 2909 1045 2947; x_wconf 91' lang='lat' dir='ltr'><strong>e</strong></span> <span class='ocrx_word' id='word_1_313' title='bbox 1062 2891 1228 2948; x_wconf 75' lang='lat' dir='ltr'><strong>fundo</strong></span> <span class='ocrx_word' id='word_1_314' title='bbox 1251 2893 1459 2948; x_wconf 85' lang='lat' dir='ltr'><strong>reditus</strong></span> <span class='ocrx_word' id='word_1_315' title='bbox 1482 2893 1638 2962; x_wconf 87' lang='lat' dir='ltr'><strong>pretii</strong></span> <span class='ocrx_word' id='word_1_316' title='bbox 1669 2894 1780 2947; x_wconf 87' lang='lat' dir='ltr'><strong>dati</strong></span> <span class='ocrx_word' id='word_1_317' title='bbox 1811 2908 1965 2948; x_wconf 90' lang='lat' dir='ltr'><strong>sum-</strong></span> 
     </span>
    </p>
   </div>
   <div class='ocr_carea' id='block_1_47' title="bbox 395 2984 1968 3055">
    <p class='ocr_par' dir='ltr' id='par_1_47' title="bbox 395 2984 1968 3055">
     <span class='ocr_line' id='line_1_47' title="bbox 395 2984 1968 3055; baseline -0.002 -14"><span class='ocrx_word' id='word_1_318' title='bbox 395 3002 536 3041; x_wconf 87' lang='lat' dir='ltr'><strong>mam</strong></span> <span class='ocrx_word' id='word_1_319' title='bbox 568 2985 849 3055; x_wconf 76' lang='lat' dir='ltr'><strong>:equavit:</strong></span> <span class='ocrx_word' id='word_1_320' title='bbox 889 2984 1021 3037; x_wconf 85' lang='lat' dir='ltr'><strong>nihil</strong></span> <span class='ocrx_word' id='word_1_321' title='bbox 1065 2993 1336 3053; x_wconf 88' lang='lat' dir='ltr'><strong>emptores</strong></span> <span class='ocrx_word' id='word_1_322' title='bbox 1383 2993 1641 3054; x_wconf 69' lang='lat' dir='ltr'><strong>praeterea</strong></span> <span class='ocrx_word' id='word_1_323' title='bbox 1692 2984 1968 3052; x_wconf 90' lang='lat' dir='ltr'><strong>requirere</strong></span> 
     </span>
    </p>
   </div>
   <div class='ocr_carea' id='block_1_48' title="bbox 394 3076 1968 3147">
    <p class='ocr_par' dir='ltr' id='par_1_48' title="bbox 394 3076 1968 3147">
     <span class='ocr_line' id='line_1_48' title="bbox 394 3076 1968 3147; baseline -0.001 -13"><span class='ocrx_word' id='word_1_324' title='bbox 394 3080 612 3134; x_wconf 86' lang='lat' dir='ltr'><strong>debent.</strong></span> <span class='ocrx_word' id='word_1_325' title='bbox 641 3077 738 3132; x_wconf 90' lang='lat' dir='ltr'><strong>Sin</strong></span> <span class='ocrx_word' id='word_1_326' title='bbox 769 3077 971 3147; x_wconf 88' lang='lat' dir='ltr'><strong>aliquid</strong></span> <span class='ocrx_word' id='word_1_327' title='bbox 995 3078 1075 3131; x_wconf 88' lang='lat' dir='ltr'><strong>eis</strong></span> <span class='ocrx_word' id='word_1_328' title='bbox 1101 3076 1278 3131; x_wconf 89' lang='lat' dir='ltr'><strong>adhuc</strong></span> <span class='ocrx_word' id='word_1_329' title='bbox 1302 3076 1460 3142; x_wconf 88' lang='lat' dir='ltr'><strong>desit,</strong></span> <span class='ocrx_word' id='word_1_330' title='bbox 1498 3077 1763 3146; x_wconf 85' lang='lat' dir='ltr'><strong>reliquum</strong></span> <span class='ocrx_word' id='word_1_331' title='bbox 1801 3077 1869 3132; x_wconf 88' lang='lat' dir='ltr'><strong>ab</strong></span> <span class='ocrx_word' id='word_1_332' title='bbox 1901 3078 1968 3133; x_wconf 83' lang='lat' dir='ltr'><strong>iis</strong></span> 
     </span>
    </p>
   </div>
   <div class='ocr_carea' id='block_1_49' title="bbox 2137 1983 3640 2061">
    <p class='ocr_par' dir='ltr' id='par_1_49' title="bbox 2137 1983 3640 2061">
     <span class='ocr_line' id='line_1_49' title="bbox 2137 1983 3640 2061; baseline -0.01 -10"><span class='ocrx_word' id='word_1_333' title='bbox 2137 1992 2199 2058; x_wconf 77' lang='grc' dir='ltr'><strong>ξ’.</strong></span> <span class='ocrx_word' id='word_1_334' title='bbox 2247 1995 2396 2048; x_wconf 77' lang='grc' dir='ltr'><strong>Ἐπεὶ</strong></span> <span class='ocrx_word' id='word_1_335' title='bbox 2417 1994 2472 2046; x_wconf 89' lang='grc' dir='ltr'><strong>δέ</strong></span> <span class='ocrx_word' id='word_1_336' title='bbox 2499 1994 2593 2048; x_wconf 93' lang='grc' dir='ltr'><strong>καί</strong></span> <span class='ocrx_word' id='word_1_337' title='bbox 2613 2011 2762 2056; x_wconf 88' lang='grc' dir='ltr'><strong>τινας</strong></span> <span class='ocrx_word' id='word_1_338' title='bbox 2779 1993 2914 2061; x_wconf 79' lang='grc' dir='ltr'><strong>πρὸς</strong></span> <span class='ocrx_word' id='word_1_339' title='bbox 2944 1990 3210 2060; x_wconf 75' lang='grc' dir='ltr'><strong>τοσαύτην</strong></span> <span class='ocrx_word' id='word_1_340' title='bbox 3230 1983 3640 2059; x_wconf 77' lang='grc' dir='ltr'><strong>χρηματισμῶν.</strong></span> 
     </span>
    </p>
   </div>
   <div class='ocr_carea' id='block_1_50' title="bbox 2064 2070 3638 2152">
    <p class='ocr_par' dir='ltr' id='par_1_50' title="bbox 2064 2070 3638 2152">
     <span class='ocr_line' id='line_1_50' title="bbox 2064 2070 3638 2152; baseline -0.01 -15"><span class='ocrx_word' id='word_1_341' title='bbox 2064 2083 2394 2152; x_wconf 74' lang='grc' dir='ltr'><strong>ἐληλακότας</strong></span> <span class='ocrx_word' id='word_1_342' title='bbox 2423 2083 2656 2152; x_wconf 89' lang='grc' dir='ltr'><strong>πόθησιν</strong></span> <span class='ocrx_word' id='word_1_343' title='bbox 2680 2081 3020 2152; x_wconf 85' lang='grc' dir='ltr'><strong>ἀκηκόαμεν,</strong></span> <span class='ocrx_word' id='word_1_344' title='bbox 3041 2078 3118 2141; x_wconf 83' lang='grc' dir='ltr'><strong>ὡς</strong></span> <span class='ocrx_word' id='word_1_345' title='bbox 3143 2075 3361 2138; x_wconf 81' lang='grc' dir='ltr'><strong>εὐώνως</strong></span> <span class='ocrx_word' id='word_1_346' title='bbox 3392 2073 3492 2135; x_wconf 89' lang='grc' dir='ltr'><strong>τάς</strong></span> <span class='ocrx_word' id='word_1_347' title='bbox 3521 2070 3638 2123; x_wconf 85' lang='grc' dir='ltr'><strong>τῶν</strong></span> 
     </span>
    </p>
   </div>
   <div class='ocr_carea' id='block_1_51' title="bbox 2065 2163 3638 2246">
    <p class='ocr_par' dir='ltr' id='par_1_51' title="bbox 2065 2163 3638 2246">
     <span class='ocr_line' id='line_1_51' title="bbox 2065 2163 3638 2246; baseline -0.01 -16"><span class='ocrx_word' id='word_1_348' title='bbox 2065 2176 2338 2246; x_wconf 85' lang='grc' dir='ltr'><strong>πενήτων,</strong></span> <span class='ocrx_word' id='word_1_349' title='bbox 2385 2174 2522 2228; x_wconf 88' lang='grc' dir='ltr'><strong>ἀλλά</strong></span> <span class='ocrx_word' id='word_1_350' title='bbox 2545 2173 2654 2246; x_wconf 87' lang='grc' dir='ltr'><strong>γὰρ</strong></span> <span class='ocrx_word' id='word_1_351' title='bbox 2694 2175 2813 2237; x_wconf 87' lang='grc' dir='ltr'><strong>πῶς</strong></span> <span class='ocrx_word' id='word_1_352' title='bbox 2856 2172 2998 2226; x_wconf 80' lang='grc' dir='ltr'><strong>εἴπω</strong></span> <span class='ocrx_word' id='word_1_353' title='bbox 3027 2166 3403 2239; x_wconf 80' lang='grc' dir='ltr'><strong>ἐξωνήσασθαι</strong></span> <span class='ocrx_word' id='word_1_354' title='bbox 3433 2165 3526 2218; x_wconf 78' lang='grc' dir='ltr'><strong>καὶ</strong></span> <span class='ocrx_word' id='word_1_355' title='bbox 3557 2163 3638 2232; x_wconf 74' lang='grc' dir='ltr'><strong>μὴ</strong></span> 
     </span>
    </p>
   </div>
   <div class='ocr_carea' id='block_1_52' title="bbox 2064 2256 3636 2338">
    <p class='ocr_par' dir='ltr' id='par_1_52' title="bbox 2064 2256 3636 2338">
     <span class='ocr_line' id='line_1_52' title="bbox 2064 2256 3636 2338; baseline -0.004 -17"><span class='ocrx_word' id='word_1_356' title='bbox 2064 2267 2257 2338; x_wconf 79' lang='grc' dir='ltr'><strong>χανδὸν</strong></span> <span class='ocrx_word' id='word_1_357' title='bbox 2322 2270 2645 2332; x_wconf 77' lang='grc' dir='ltr'><strong>καταπιεῖνς</strong></span> <span class='ocrx_word' id='word_1_358' title='bbox 2707 2266 2927 2336; x_wconf 84' lang='grc' dir='ltr'><strong>κτήσεις</strong></span> <span class='ocrx_word' id='word_1_359' title='bbox 3003 2259 3369 2333; x_wconf 80' lang='grc' dir='ltr'><strong>προελέσθαιο</strong></span> <span class='ocrx_word' id='word_1_360' title='bbox 3416 2256 3478 2310; x_wconf 81' lang='grc' dir='ltr'><strong>τὸ</strong></span> <span class='ocrx_word' id='word_1_361' title='bbox 3533 2257 3636 2321; x_wconf 82' lang='grc' dir='ltr'><strong>τῆς</strong></span> 
     </span>
    </p>
   </div>
   <div class='ocr_carea' id='block_1_53' title="bbox 2065 2346 3641 2428">
    <p class='ocr_par' dir='ltr' id='par_1_53' title="bbox 2065 2346 3641 2428">
     <span class='ocr_line' id='line_1_53' title="bbox 2065 2346 3641 2428; baseline -0.018 -3"><span class='ocrx_word' id='word_1_362' title='bbox 2065 2359 2290 2427; x_wconf 83' lang='grc' dir='ltr'><strong>γνώμης</strong></span> <span class='ocrx_word' id='word_1_363' title='bbox 2327 2358 2545 2426; x_wconf 75' lang='grc' dir='ltr'><strong>καὶτῆς</strong></span> <span class='ocrx_word' id='word_1_364' title='bbox 2575 2355 2827 2428; x_wconf 82' lang='grc' dir='ltr'><strong>πράξεως</strong></span> <span class='ocrx_word' id='word_1_365' title='bbox 2863 2354 3121 2424; x_wconf 72' lang='grc' dir='ltr'><strong>διάφορον</strong></span> <span class='ocrx_word' id='word_1_366' title='bbox 3154 2352 3254 2420; x_wconf 78' lang='grc' dir='ltr'><strong>οὐχ</strong></span> <span class='ocrx_word' id='word_1_367' title='bbox 3301 2348 3498 2418; x_wconf 78' lang='grc' dir='ltr'><strong>ὁμοίαν</strong></span> <span class='ocrx_word' id='word_1_368' title='bbox 3521 2346 3641 2398; x_wconf 82' lang='grc' dir='ltr'><strong>τῶν</strong></span> 
     </span>
    </p>
   </div>
   <div class='ocr_carea' id='block_1_54' title="bbox 2065 2435 3634 2518">
    <p class='ocr_par' dir='ltr' id='par_1_54' title="bbox 2065 2435 3634 2518">
     <span class='ocr_line' id='line_1_54' title="bbox 2065 2435 3634 2518; baseline -0.009 -17"><span class='ocrx_word' id='word_1_369' title='bbox 2065 2447 2447 2518; x_wconf 89' lang='grc' dir='ltr'><strong>προλαϐόντων</strong></span> <span class='ocrx_word' id='word_1_370' title='bbox 2467 2449 2568 2515; x_wconf 85' lang='grc' dir='ltr'><strong>τὴν</strong></span> <span class='ocrx_word' id='word_1_371' title='bbox 2595 2446 2870 2516; x_wconf 81' lang='grc' dir='ltr'><strong>διάκρισιν</strong></span> <span class='ocrx_word' id='word_1_372' title='bbox 2897 2442 3274 2515; x_wconf 79' lang='grc' dir='ltr'><strong>ἐξειργάσατο.</strong></span> <span class='ocrx_word' id='word_1_373' title='bbox 3318 2440 3492 2508; x_wconf 73' lang='grc' dir='ltr'><strong>Εἴπερ</strong></span> <span class='ocrx_word' id='word_1_374' title='bbox 3537 2435 3634 2488; x_wconf 81' lang='grc' dir='ltr'><strong>οὖν</strong></span> 
     </span>
    </p>
   </div>
   <div class='ocr_carea' id='block_1_55' title="bbox 2066 2528 3626 2609">
    <p class='ocr_par' dir='ltr' id='par_1_55' title="bbox 2066 2528 3626 2609">
     <span class='ocr_line' id='line_1_55' title="bbox 2066 2528 3626 2609; baseline -0.01 -17"><span class='ocrx_word' id='word_1_375' title='bbox 2066 2539 2380 2609; x_wconf 80' lang='grc' dir='ltr'><strong>εὑρίσκεται</strong></span> <span class='ocrx_word' id='word_1_376' title='bbox 2420 2537 2560 2607; x_wconf 81' lang='grc' dir='ltr'><strong>ὑπὲρ</strong></span> <span class='ocrx_word' id='word_1_377' title='bbox 2589 2536 2651 2590; x_wconf 84' lang='grc' dir='ltr'><strong>τὸ</strong></span> <span class='ocrx_word' id='word_1_378' title='bbox 2670 2535 2953 2591; x_wconf 89' lang='grc' dir='ltr'><strong>διπλάσιον</strong></span> <span class='ocrx_word' id='word_1_379' title='bbox 3002 2538 3036 2605; x_wconf 90' lang='grc' dir='ltr'><strong>ή</strong></span> <span class='ocrx_word' id='word_1_380' title='bbox 3074 2531 3258 2587; x_wconf 88' lang='grc' dir='ltr'><strong>δικαία</strong></span> <span class='ocrx_word' id='word_1_381' title='bbox 3277 2528 3387 2583; x_wconf 84' lang='grc' dir='ltr'><strong>τῶν</strong></span> <span class='ocrx_word' id='word_1_382' title='bbox 3416 2541 3626 2596; x_wconf 83' lang='grc' dir='ltr'><strong>πεπρα-</strong></span> 
     </span>
    </p>
   </div>
   <div class='ocr_carea' id='block_1_56' title="bbox 2068 2619 3638 2700">
    <p class='ocr_par' dir='ltr' id='par_1_56' title="bbox 2068 2619 3638 2700">
     <span class='ocr_line' id='line_1_56' title="bbox 2068 2619 3638 2700; baseline -0.011 -15"><span class='ocrx_word' id='word_1_383' title='bbox 2068 2631 2246 2700; x_wconf 88' lang='grc' dir='ltr'><strong>μένων</strong></span> <span class='ocrx_word' id='word_1_384' title='bbox 2290 2627 2660 2698; x_wconf 85' lang='grc' dir='ltr'><strong>ἀποτίμησις,</strong></span> <span class='ocrx_word' id='word_1_385' title='bbox 2713 2625 3045 2698; x_wconf 84' lang='grc' dir='ltr'><strong>ἀναργύρως</strong></span> <span class='ocrx_word' id='word_1_386' title='bbox 3084 2624 3211 2685; x_wconf 78' lang='grc' dir='ltr'><strong>τοὺς</strong></span> <span class='ocrx_word' id='word_1_387' title='bbox 3255 2619 3638 2689; x_wconf 75' lang='grc' dir='ltr'><strong>ἀγοράσαντας</strong></span> 
     </span>
    </p>
   </div>
   <div class='ocr_carea' id='block_1_57' title="bbox 2069 2707 3636 2788">
    <p class='ocr_par' dir='ltr' id='par_1_57' title="bbox 2069 2707 3636 2788">
     <span class='ocr_line' id='line_1_57' title="bbox 2069 2707 3636 2788; baseline -0.01 -13"><span class='ocrx_word' id='word_1_388' title='bbox 2069 2720 2489 2776; x_wconf 76' lang='grc' dir='ltr'><strong>ἀπελαύνεσθαι.</strong></span> <span class='ocrx_word' id='word_1_389' title='bbox 2525 2719 2588 2772; x_wconf 77' lang='lat' dir='ltr'><strong>El</strong></span> <span class='ocrx_word' id='word_1_390' title='bbox 2613 2718 2670 2771; x_wconf 85' lang='grc' dir='ltr'><strong>δέ</strong></span> <span class='ocrx_word' id='word_1_391' title='bbox 2696 2720 2792 2772; x_wconf 69' lang='grc' dir='ltr'><strong>καὶ</strong></span> <span class='ocrx_word' id='word_1_392' title='bbox 2812 2719 2885 2788; x_wconf 83' lang='grc' dir='ltr'><strong>μὴ</strong></span> <span class='ocrx_word' id='word_1_393' title='bbox 2912 2716 3048 2788; x_wconf 76' lang='grc' dir='ltr'><strong>πρὸς</strong></span> <span class='ocrx_word' id='word_1_394' title='bbox 3078 2711 3354 2775; x_wconf 79' lang='grc' dir='ltr'><strong>τοσοῦτον,</strong></span> <span class='ocrx_word' id='word_1_395' title='bbox 3401 2711 3551 2778; x_wconf 83' lang='grc' dir='ltr'><strong>ὅμως</strong></span> <span class='ocrx_word' id='word_1_396' title='bbox 3578 2707 3636 2759; x_wconf 84' lang='grc' dir='ltr'><strong>δὲ</strong></span> 
     </span>
    </p>
   </div>
   <div class='ocr_carea' id='block_1_58' title="bbox 2067 2797 3634 2884">
    <p class='ocr_par' dir='ltr' id='par_1_58' title="bbox 2067 2797 3634 2884">
     <span class='ocr_line' id='line_1_58' title="bbox 2067 2797 3634 2884; baseline -0.012 -17"><span class='ocrx_word' id='word_1_397' title='bbox 2067 2815 2147 2877; x_wconf 90' lang='grc' dir='ltr'><strong>είς</strong></span> <span class='ocrx_word' id='word_1_398' title='bbox 2169 2812 2517 2884; x_wconf 77' lang='grc' dir='ltr'><strong>περιγραφὴν</strong></span> <span class='ocrx_word' id='word_1_399' title='bbox 2547 2811 2641 2864; x_wconf 72' lang='grc' dir='ltr'><strong>καὶ</strong></span> <span class='ocrx_word' id='word_1_400' title='bbox 2667 2808 2870 2879; x_wconf 84' lang='grc' dir='ltr'><strong>βλάϐην</strong></span> <span class='ocrx_word' id='word_1_401' title='bbox 2892 2807 3000 2860; x_wconf 85' lang='grc' dir='ltr'><strong>τῶν</strong></span> <span class='ocrx_word' id='word_1_402' title='bbox 3024 2803 3406 2874; x_wconf 78' lang='grc' dir='ltr'><strong>πεπραχότων,</strong></span> <span class='ocrx_word' id='word_1_403' title='bbox 3433 2797 3634 2867; x_wconf 76' lang='grc' dir='ltr'><strong>ἔφθασε</strong></span> 
     </span>
    </p>
   </div>
   <div class='ocr_carea' id='block_1_59' title="bbox 2067 2887 3634 2973">
    <p class='ocr_par' dir='ltr' id='par_1_59' title="bbox 2067 2887 3634 2973">
     <span class='ocr_line' id='line_1_59' title="bbox 2067 2887 3634 2973; baseline -0.013 -15"><span class='ocrx_word' id='word_1_404' title='bbox 2067 2905 2123 2958; x_wconf 80' lang='grc' dir='ltr'><strong>δὲ</strong></span> <span class='ocrx_word' id='word_1_405' title='bbox 2183 2904 2281 2973; x_wconf 84' lang='grc' dir='ltr'><strong>τῆς</strong></span> <span class='ocrx_word' id='word_1_406' title='bbox 2314 2903 2525 2957; x_wconf 81' lang='grc' dir='ltr'><strong>ἐκεῖθεν</strong></span> <span class='ocrx_word' id='word_1_407' title='bbox 2580 2899 2849 2970; x_wconf 88' lang='grc' dir='ltr'><strong>προσόδου</strong></span> <span class='ocrx_word' id='word_1_408' title='bbox 2909 2896 2970 2948; x_wconf 81' lang='grc' dir='ltr'><strong>τὸ</strong></span> <span class='ocrx_word' id='word_1_409' title='bbox 2994 2894 3188 2966; x_wconf 86' lang='grc' dir='ltr'><strong>κέρδος</strong></span> <span class='ocrx_word' id='word_1_410' title='bbox 3217 2890 3539 2957; x_wconf 76' lang='grc' dir='ltr'><strong>ἐξισωθῆναι</strong></span> <span class='ocrx_word' id='word_1_411' title='bbox 3567 2887 3634 2954; x_wconf 80' lang='grc' dir='ltr'><strong>τῇ</strong></span> 
     </span>
    </p>
   </div>
   <div class='ocr_carea' id='block_1_60' title="bbox 2069 2975 3638 3062">
    <p class='ocr_par' dir='ltr' id='par_1_60' title="bbox 2069 2975 3638 3062">
     <span class='ocr_line' id='line_1_60' title="bbox 2069 2975 3638 3062; baseline -0.015 -14"><span class='ocrx_word' id='word_1_412' title='bbox 2069 2993 2341 3062; x_wconf 78' lang='grc' dir='ltr'><strong>καταϐολῇ</strong></span> <span class='ocrx_word' id='word_1_413' title='bbox 2369 2991 2462 3045; x_wconf 74' lang='grc' dir='ltr'><strong>τοῦ</strong></span> <span class='ocrx_word' id='word_1_414' title='bbox 2484 2989 2818 3059; x_wconf 85' lang='grc' dir='ltr'><strong>τιμήματος,</strong></span> <span class='ocrx_word' id='word_1_415' title='bbox 2843 2984 3012 3054; x_wconf 85' lang='grc' dir='ltr'><strong>μηδὲν</strong></span> <span class='ocrx_word' id='word_1_416' title='bbox 3057 2981 3254 3044; x_wconf 82' lang='grc' dir='ltr'><strong>αὐτοὺς</strong></span> <span class='ocrx_word' id='word_1_417' title='bbox 3281 2979 3467 3046; x_wconf 68' lang='grc' dir='ltr'><strong>ἕτερον</strong></span> <span class='ocrx_word' id='word_1_418' title='bbox 3516 2975 3638 3026; x_wconf 83' lang='grc' dir='ltr'><strong>ἐπι-</strong></span> 
     </span>
    </p>
   </div>
   <div class='ocr_carea' id='block_1_61' title="bbox 2070 3063 3642 3154">
    <p class='ocr_par' dir='ltr' id='par_1_61' title="bbox 2070 3063 3642 3154">
     <span class='ocr_line' id='line_1_61' title="bbox 2070 3063 3642 3154; baseline -0.017 -15"><span class='ocrx_word' id='word_1_419' title='bbox 2070 3083 2274 3154; x_wconf 77' lang='grc' dir='ltr'><strong>ζητεῖν.</strong></span> <span class='ocrx_word' id='word_1_420' title='bbox 2311 3077 2736 3151; x_wconf 81' lang='grc' dir='ltr'><strong>Ἐλαττουμένου</strong></span> <span class='ocrx_word' id='word_1_421' title='bbox 2792 3074 2870 3138; x_wconf 90' lang='grc' dir='ltr'><strong>δέ,</strong></span> <span class='ocrx_word' id='word_1_422' title='bbox 2902 3073 2962 3124; x_wconf 75' lang='grc' dir='ltr'><strong>τὸ</strong></span> <span class='ocrx_word' id='word_1_423' title='bbox 3012 3071 3198 3123; x_wconf 86' lang='grc' dir='ltr'><strong>λεῖπον</strong></span> <span class='ocrx_word' id='word_1_424' title='bbox 3231 3063 3642 3135; x_wconf 83' lang='grc' dir='ltr'><strong>ἀπολαμϐάνειν</strong></span> 
     </span>
    </p>
   </div>
   <div class='ocr_carea' id='block_1_62' title="bbox 3510 336 3743 410">
    <p class='ocr_par' dir='ltr' id='par_1_62' title="bbox 3510 336 3743 410">
     <span class='ocr_line' id='line_1_62' title="bbox 3510 336 3743 410; baseline 0.03 -7"><span class='ocrx_word' id='word_1_425' title='bbox 3510 336 3623 403; x_wconf 76' lang='grc'><strong>568</strong></span> <span class='ocrx_word' id='word_1_426' title='bbox 3727 401 3743 410; x_wconf 83' lang='grc'><strong>-</strong></span> 
     </span>
    </p>
   </div>
   <div class='ocr_carea' id='block_1_63' title="bbox 393 3155 1964 3247">
    <p class='ocr_par' dir='ltr' id='par_1_63' title="bbox 393 3168 1964 3241">
     <span class='ocr_line' id='line_1_63' title="bbox 393 3168 1964 3241; baseline -0.001 -17"><span class='ocrx_word' id='word_1_427' title='bbox 393 3170 637 3241; x_wconf 85' lang='lat' dir='ltr'><strong>capiant,</strong></span> <span class='ocrx_word' id='word_1_428' title='bbox 699 3169 896 3239; x_wconf 90' lang='lat' dir='ltr'><strong>quibus</strong></span> <span class='ocrx_word' id='word_1_429' title='bbox 955 3169 1277 3238; x_wconf 65' lang='lat' dir='ltr'><strong>praediorum</strong></span> <span class='ocrx_word' id='word_1_430' title='bbox 1352 3182 1572 3224; x_wconf 83' lang='lat' dir='ltr'><strong>suorum</strong></span> <span class='ocrx_word' id='word_1_431' title='bbox 1634 3168 1964 3238; x_wconf 82' lang='lat' dir='ltr'><strong>recuperatin</strong></span> 
     </span>
    </p>
   </div>
   <div class='ocr_carea' id='block_1_64' title="bbox 2067 3155 3639 3247">
    <p class='ocr_par' dir='ltr' id='par_1_64' title="bbox 2071 3155 3639 3247">
     <span class='ocr_line' id='line_1_64' title="bbox 2071 3155 3639 3247; baseline -0.015 -17"><span class='ocrx_word' id='word_1_432' title='bbox 2071 3175 2224 3247; x_wconf 71' lang='grc' dir='ltr'><strong>παρὰ</strong></span> <span class='ocrx_word' id='word_1_433' title='bbox 2273 3175 2382 3227; x_wconf 83' lang='grc' dir='ltr'><strong>τῶν</strong></span> <span class='ocrx_word' id='word_1_434' title='bbox 2406 3167 2802 3238; x_wconf 84' lang='grc' dir='ltr'><strong>δικαιουμένων</strong></span> <span class='ocrx_word' id='word_1_435' title='bbox 2842 3165 2921 3228; x_wconf 78' lang='grc' dir='ltr'><strong>εἰς</strong></span> <span class='ocrx_word' id='word_1_436' title='bbox 2949 3163 3048 3234; x_wconf 77' lang='grc' dir='ltr'><strong>τὴν</strong></span> <span class='ocrx_word' id='word_1_437' title='bbox 3086 3163 3200 3215; x_wconf 80' lang='grc' dir='ltr'><strong>τῶν</strong></span> <span class='ocrx_word' id='word_1_438' title='bbox 3223 3159 3404 3213; x_wconf 82' lang='grc' dir='ltr'><strong>τόπων</strong></span> <span class='ocrx_word' id='word_1_439' title='bbox 3432 3155 3639 3224; x_wconf 86' lang='grc' dir='ltr'><strong>ἀπόλη-</strong></span> 
     </span>
    </p>
   </div>
   <div class='ocr_carea' id='block_1_65' title="bbox 389 3239 1964 3337">
    <p class='ocr_par' dir='ltr' id='par_1_65' title="bbox 389 3239 878 3334">
     <span class='ocr_line' id='line_1_65' title="bbox 389 3239 878 3334; baseline 0 -16"><span class='ocrx_word' id='word_1_440' title='bbox 389 3239 513 3334; x_wconf 80' lang='lat' dir='ltr'><strong>jure</strong></span> <span class='ocrx_word' id='word_1_441' title='bbox 544 3263 878 3319; x_wconf 89' lang='lat' dir='ltr'><strong>conceditur.</strong></span> 
     </span>
    </p>
   </div>
   <div class='ocr_carea' id='block_1_66' title="bbox 2067 3239 2644 3337">
    <p class='ocr_par' dir='ltr' id='par_1_66' title="bbox 2067 3239 2644 3337">
     <span class='ocr_line' id='line_1_66' title="bbox 2067 3239 2644 3337; baseline -0.009 0"><span class='ocrx_word' id='word_1_442' title='bbox 2067 3239 2179 3337; x_wconf 71' lang='grc' dir='ltr'><strong>ψινί</strong></span> <span class='ocrx_word' id='word_1_443' title='bbox 2633 3317 2644 3332; x_wconf 96' lang='grc'><em>.</em></span> 
     </span>
    </p>
   </div>
   <div class='ocr_carea' id='block_1_67' title="bbox 463 3337 1964 3426">
    <p class='ocr_par' dir='ltr' id='par_1_67' title="bbox 463 3354 1964 3426">
     <span class='ocr_line' id='line_1_67' title="bbox 463 3354 1964 3426; baseline -0.001 -15"><span class='ocrx_word' id='word_1_444' title='bbox 463 3356 519 3411; x_wconf 88' lang='grc'><strong>8.</strong></span> <span class='ocrx_word' id='word_1_445' title='bbox 557 3355 696 3422; x_wconf 86' lang='lat' dir='ltr'><strong>Quin</strong></span> <span class='ocrx_word' id='word_1_446' title='bbox 745 3370 843 3411; x_wconf 91' lang='lat' dir='ltr'><strong>nec</strong></span> <span class='ocrx_word' id='word_1_447' title='bbox 868 3362 1137 3426; x_wconf 69' lang='lat' dir='ltr'><strong>praetextu</strong></span> <span class='ocrx_word' id='word_1_448' title='bbox 1182 3354 1432 3425; x_wconf 87' lang='lat' dir='ltr'><strong>alicujus,</strong></span> <span class='ocrx_word' id='word_1_449' title='bbox 1475 3355 1566 3424; x_wconf 92' lang='lat' dir='ltr'><strong>qui</strong></span> <span class='ocrx_word' id='word_1_450' title='bbox 1613 3355 1964 3412; x_wconf 82' lang='lat' dir='ltr'><strong>monasticam</strong></span> 
     </span>
    </p>
   </div>
   <div class='ocr_carea' id='block_1_68' title="bbox 2067 3337 3639 3426">
    <p class='ocr_par' dir='ltr' id='par_1_68' title="bbox 2137 3337 3639 3426">
     <span class='ocr_line' id='line_1_68' title="bbox 2137 3337 3639 3426; baseline -0.026 0"><span class='ocrx_word' id='word_1_451' title='bbox 2137 3354 2207 3426; x_wconf 78' lang='grc' dir='ltr'><strong>η’·</strong></span> <span class='ocrx_word' id='word_1_452' title='bbox 2252 3355 2411 3409; x_wconf 79' lang='grc' dir='ltr'><strong>Ἀλλά</strong></span> <span class='ocrx_word' id='word_1_453' title='bbox 2441 3355 2578 3426; x_wconf 81' lang='grc' dir='ltr'><strong>μηδὲ</strong></span> <span class='ocrx_word' id='word_1_454' title='bbox 2610 3355 2879 3425; x_wconf 75' lang='grc' dir='ltr'><strong>προφάσει</strong></span> <span class='ocrx_word' id='word_1_455' title='bbox 2925 3345 3257 3421; x_wconf 83' lang='grc' dir='ltr'><strong>μονάσαντός</strong></span> <span class='ocrx_word' id='word_1_456' title='bbox 3305 3356 3447 3402; x_wconf 82' lang='grc' dir='ltr'><strong>τινος</strong></span> <span class='ocrx_word' id='word_1_457' title='bbox 3472 3337 3505 3400; x_wconf 81' lang='grc' dir='ltr'>ἢ</span> <span class='ocrx_word' id='word_1_458' title='bbox 3539 3351 3639 3426; x_wconf 73' lang='lat' dir='ltr'><strong>pe—</strong></span> 
     </span>
    </p>
   </div>
   <div class='ocr_carea' id='block_1_69' title="bbox 393 3425 1964 3520">
    <p class='ocr_par' dir='ltr' id='par_1_69' title="bbox 393 3425 1964 3518">
     <span class='ocr_line' id='line_1_69' title="bbox 393 3425 1964 3518; baseline -0.004 -13"><span class='ocrx_word' id='word_1_459' title='bbox 393 3449 468 3506; x_wconf 89' lang='lat' dir='ltr'><strong>sit</strong></span> <span class='ocrx_word' id='word_1_460' title='bbox 507 3447 806 3518; x_wconf 79' lang='lat' dir='ltr'><strong>amplexus,</strong></span> <span class='ocrx_word' id='word_1_461' title='bbox 855 3425 937 3502; x_wconf 82' lang='lat' dir='ltr'><strong>vel</strong></span> <span class='ocrx_word' id='word_1_462' title='bbox 978 3446 1226 3516; x_wconf 88' lang='lat' dir='ltr'><strong>amplecti</strong></span> <span class='ocrx_word' id='word_1_463' title='bbox 1271 3446 1417 3511; x_wconf 89' lang='lat' dir='ltr'><strong>velit,</strong></span> <span class='ocrx_word' id='word_1_464' title='bbox 1463 3459 1517 3504; x_wconf 88' lang='lat' dir='ltr'><strong>et</strong></span> <span class='ocrx_word' id='word_1_465' title='bbox 1570 3446 1964 3515; x_wconf 82' lang='lat' dir='ltr'><strong>possessionem</strong></span> 
     </span>
    </p>
   </div>
   <div class='ocr_carea' id='block_1_70' title="bbox 2067 3425 3644 3520">
    <p class='ocr_par' dir='ltr' id='par_1_70' title="bbox 2068 3425 3644 3520">
     <span class='ocr_line' id='line_1_70' title="bbox 2068 3425 3644 3520; baseline -0.016 -15"><span class='ocrx_word' id='word_1_466' title='bbox 2068 3425 2229 3508; x_wconf 87' lang='grc' dir='ltr'><strong>νάσαι</strong></span> <span class='ocrx_word' id='word_1_467' title='bbox 2263 3448 2587 3520; x_wconf 82' lang='grc' dir='ltr'><strong>βουλομένου</strong></span> <span class='ocrx_word' id='word_1_468' title='bbox 2614 3447 2710 3499; x_wconf 73' lang='grc' dir='ltr'><strong>καὶ</strong></span> <span class='ocrx_word' id='word_1_469' title='bbox 2731 3445 2832 3515; x_wconf 81' lang='grc' dir='ltr'><strong>τὴν</strong></span> <span class='ocrx_word' id='word_1_470' title='bbox 2866 3444 3000 3497; x_wconf 87' lang='grc' dir='ltr'><strong>ίδίαν</strong></span> <span class='ocrx_word' id='word_1_471' title='bbox 3038 3433 3533 3509; x_wconf 81' lang='grc' dir='ltr'><strong>προσκύρὼσαντος</strong></span> <span class='ocrx_word' id='word_1_472' title='bbox 3559 3425 3644 3496; x_wconf 81' lang='grc' dir='ltr'><strong>τῷ</strong></span> 
     </span>
    </p>
   </div>
   <div class='ocr_carea' id='block_1_71' title="bbox 391 3521 1964 3612">
    <p class='ocr_par' dir='ltr' id='par_1_71' title="bbox 391 3537 1964 3602">
     <span class='ocr_line' id='line_1_71' title="bbox 391 3537 1964 3602; baseline -0.004 -8"><span class='ocrx_word' id='word_1_473' title='bbox 391 3555 545 3595; x_wconf 84' lang='lat' dir='ltr'><strong>suam</strong></span> <span class='ocrx_word' id='word_1_474' title='bbox 589 3554 758 3594; x_wconf 72' lang='lat' dir='ltr'><strong>sacra:</strong></span> <span class='ocrx_word' id='word_1_475' title='bbox 808 3538 1182 3594; x_wconf 89' lang='lat' dir='ltr'><strong>meditantium</strong></span> <span class='ocrx_word' id='word_1_476' title='bbox 1248 3537 1446 3592; x_wconf 75' lang='lat' dir='ltr'><strong>schola:</strong></span> <span class='ocrx_word' id='word_1_477' title='bbox 1483 3537 1771 3602; x_wconf 76' lang='lat' dir='ltr'><strong>addixerit,</strong></span> <span class='ocrx_word' id='word_1_478' title='bbox 1823 3546 1964 3590; x_wconf 87' lang='lat' dir='ltr'><strong>recte</strong></span> 
     </span>
    </p>
   </div>
   <div class='ocr_carea' id='block_1_72' title="bbox 2067 3521 3643 3612">
    <p class='ocr_par' dir='ltr' id='par_1_72' title="bbox 2070 3521 3643 3612">
     <span class='ocr_line' id='line_1_72' title="bbox 2070 3521 3643 3612; baseline -0.017 -14"><span class='ocrx_word' id='word_1_479' title='bbox 2070 3542 2202 3612; x_wconf 85' lang='grc' dir='ltr'><strong>ίερῷ</strong></span> <span class='ocrx_word' id='word_1_480' title='bbox 2256 3537 2659 3611; x_wconf 82' lang='grc' dir='ltr'><strong>φροντιστηρίῳ</strong></span> <span class='ocrx_word' id='word_1_481' title='bbox 2709 3536 2902 3606; x_wconf 83' lang='grc' dir='ltr'><strong>κτῆσιν</strong></span> <span class='ocrx_word' id='word_1_482' title='bbox 2955 3532 3026 3585; x_wconf 80' lang='grc' dir='ltr'><strong>τά</strong></span> <span class='ocrx_word' id='word_1_483' title='bbox 3071 3527 3254 3591; x_wconf 83' lang='grc' dir='ltr'><strong>καλῶς</strong></span> <span class='ocrx_word' id='word_1_484' title='bbox 3284 3523 3380 3578; x_wconf 83' lang='grc' dir='ltr'><strong>νῦν</strong></span> <span class='ocrx_word' id='word_1_485' title='bbox 3415 3521 3643 3585; x_wconf 76' lang='grc' dir='ltr'><strong>δόξαντα</strong></span> 
     </span>
    </p>
   </div>
   <div class='ocr_carea' id='block_1_73' title="bbox 391 3613 1964 3704">
    <p class='ocr_par' dir='ltr' id='par_1_73' title="bbox 391 3626 1964 3702">
     <span class='ocr_line' id='line_1_73' title="bbox 391 3626 1964 3702; baseline -0.004 -16"><span class='ocrx_word' id='word_1_486' title='bbox 391 3631 502 3702; x_wconf 88' lang='lat' dir='ltr'><strong>jam</strong></span> <span class='ocrx_word' id='word_1_487' title='bbox 536 3629 770 3686; x_wconf 87' lang='lat' dir='ltr'><strong>decretis</strong></span> <span class='ocrx_word' id='word_1_488' title='bbox 799 3629 1091 3700; x_wconf 87' lang='lat' dir='ltr'><strong>quidquam</strong></span> <span class='ocrx_word' id='word_1_489' title='bbox 1137 3627 1475 3685; x_wconf 80' lang='lat' dir='ltr'><strong>confusionis</strong></span> <span class='ocrx_word' id='word_1_490' title='bbox 1517 3627 1781 3682; x_wconf 79' lang='lat' dir='ltr'><strong>inferatur</strong></span> <span class='ocrx_word' id='word_1_491' title='bbox 1820 3644 1836 3681; x_wconf 86' lang='lat'><strong>:</strong></span> <span class='ocrx_word' id='word_1_492' title='bbox 1873 3626 1964 3680; x_wconf 87' lang='lat' dir='ltr'><strong>sed</strong></span> 
     </span>
    </p>
   </div>
   <div class='ocr_carea' id='block_1_74' title="bbox 2067 3613 3642 3704">
    <p class='ocr_par' dir='ltr' id='par_1_74' title="bbox 2071 3613 3642 3704">
     <span class='ocr_line' id='line_1_74' title="bbox 2071 3613 3642 3704; baseline -0.015 -16"><span class='ocrx_word' id='word_1_493' title='bbox 2071 3633 2337 3704; x_wconf 88' lang='grc' dir='ltr'><strong>σύγχυσίν</strong></span> <span class='ocrx_word' id='word_1_494' title='bbox 2365 3648 2486 3686; x_wconf 91' lang='grc' dir='ltr'><strong>τινα</strong></span> <span class='ocrx_word' id='word_1_495' title='bbox 2535 3628 2796 3700; x_wconf 87' lang='grc' dir='ltr'><strong>δεχέσθω,</strong></span> <span class='ocrx_word' id='word_1_496' title='bbox 2857 3623 3050 3692; x_wconf 75' lang='grc' dir='ltr'><strong>ἱκανὴν</strong></span> <span class='ocrx_word' id='word_1_497' title='bbox 3105 3621 3169 3674; x_wconf 79' lang='grc' dir='ltr'><strong>ἐκ</strong></span> <span class='ocrx_word' id='word_1_498' title='bbox 3208 3618 3309 3688; x_wconf 85' lang='grc' dir='ltr'><strong>τῆς</strong></span> <span class='ocrx_word' id='word_1_499' title='bbox 3358 3613 3642 3704; x_wconf 81' lang='grc' dir='ltr'><strong>παρούσης</strong></span> 
     </span>
    </p>
   </div>
   <div class='ocr_carea' id='block_1_75' title="bbox 394 3718 1968 3792">
    <p class='ocr_par' dir='ltr' id='par_1_75' title="bbox 394 3718 1968 3792">
     <span class='ocr_line' id='line_1_75' title="bbox 394 3718 1968 3792; baseline -0.004 -14"><span class='ocrx_word' id='word_1_500' title='bbox 394 3731 655 3792; x_wconf 87' lang='lat' dir='ltr'><strong>quantum</strong></span> <span class='ocrx_word' id='word_1_501' title='bbox 684 3721 818 3777; x_wconf 82' lang='lat' dir='ltr'><strong>satis</strong></span> <span class='ocrx_word' id='word_1_502' title='bbox 836 3729 923 3778; x_wconf 91' lang='lat' dir='ltr'><strong>est</strong></span> <span class='ocrx_word' id='word_1_503' title='bbox 945 3719 1298 3776; x_wconf 89' lang='lat' dir='ltr'><strong>emolumenti</strong></span> <span class='ocrx_word' id='word_1_504' title='bbox 1327 3721 1394 3775; x_wconf 88' lang='lat' dir='ltr'><strong>de</strong></span> <span class='ocrx_word' id='word_1_505' title='bbox 1418 3719 1520 3775; x_wconf 89' lang='lat' dir='ltr'><strong>hac</strong></span> <span class='ocrx_word' id='word_1_506' title='bbox 1549 3726 1732 3774; x_wconf 88' lang='lat' dir='ltr'><strong>nostra</strong></span> <span class='ocrx_word' id='word_1_507' title='bbox 1757 3718 1968 3774; x_wconf 88' lang='lat' dir='ltr'><strong>consti-</strong></span> 
     </span>
    </p>
   </div>
   <div class='ocr_carea' id='block_1_76' title="bbox 396 3812 1966 3887">
    <p class='ocr_par' dir='ltr' id='par_1_76' title="bbox 396 3812 1966 3887">
     <span class='ocr_line' id='line_1_76' title="bbox 396 3812 1966 3887; baseline -0.005 -16"><span class='ocrx_word' id='word_1_508' title='bbox 396 3817 606 3873; x_wconf 89' lang='lat' dir='ltr'><strong>tutione</strong></span> <span class='ocrx_word' id='word_1_509' title='bbox 638 3815 1024 3887; x_wconf 85' lang='lat' dir='ltr'><strong>percipientes,</strong></span> <span class='ocrx_word' id='word_1_510' title='bbox 1053 3814 1257 3886; x_wconf 77' lang='lat' dir='ltr'><strong>iustum</strong></span> <span class='ocrx_word' id='word_1_511' title='bbox 1283 3812 1435 3869; x_wconf 79' lang='lat' dir='ltr'><strong>fundi</strong></span> <span class='ocrx_word' id='word_1_512' title='bbox 1463 3812 1696 3882; x_wconf 83' lang='lat' dir='ltr'><strong>pretium</strong></span> <span class='ocrx_word' id='word_1_513' title='bbox 1729 3816 1966 3874; x_wconf 84' lang='lat' dir='ltr'><strong>sumant;</strong></span> 
     </span>
    </p>
   </div>
   <div class='ocr_carea' id='block_1_77' title="bbox 393 3902 1964 3979">
    <p class='ocr_par' dir='ltr' id='par_1_77' title="bbox 393 3902 1964 3979">
     <span class='ocr_line' id='line_1_77' title="bbox 393 3902 1964 3979; baseline -0.004 -16"><span class='ocrx_word' id='word_1_514' title='bbox 393 3909 662 3979; x_wconf 79' lang='lat' dir='ltr'><strong>siquidem</strong></span> <span class='ocrx_word' id='word_1_515' title='bbox 689 3907 794 3962; x_wconf 81' lang='lat' dir='ltr'><strong>hoc</strong></span> <span class='ocrx_word' id='word_1_516' title='bbox 845 3920 1034 3976; x_wconf 79' lang='lat' dir='ltr'><strong>reapse</strong></span> <span class='ocrx_word' id='word_1_517' title='bbox 1060 3906 1250 3961; x_wconf 89' lang='lat' dir='ltr'><strong>salutis</strong></span> <span class='ocrx_word' id='word_1_518' title='bbox 1277 3919 1465 3971; x_wconf 85' lang='lat' dir='ltr'><strong>causa,</strong></span> <span class='ocrx_word' id='word_1_519' title='bbox 1509 3919 1614 3960; x_wconf 89' lang='lat' dir='ltr'><strong>non</strong></span> <span class='ocrx_word' id='word_1_520' title='bbox 1647 3903 1772 3960; x_wconf 91' lang='lat' dir='ltr'><strong>dolo</strong></span> <span class='ocrx_word' id='word_1_521' title='bbox 1801 3902 1964 3968; x_wconf 90' lang='lat' dir='ltr'><strong>malo,</strong></span> 
     </span>
    </p>
   </div>
   <div class='ocr_carea' id='block_1_78' title="bbox 396 3994 1972 4064">
    <p class='ocr_par' dir='ltr' id='par_1_78' title="bbox 396 3994 1972 4064">
     <span class='ocr_line' id='line_1_78' title="bbox 396 3994 1972 4064; baseline -0.004 -9"><span class='ocrx_word' id='word_1_522' title='bbox 396 4015 502 4055; x_wconf 91' lang='lat' dir='ltr'><strong>non</strong></span> <span class='ocrx_word' id='word_1_523' title='bbox 532 3997 744 4061; x_wconf 71' lang='lat' dir='ltr'><strong>fraude,</strong></span> <span class='ocrx_word' id='word_1_524' title='bbox 774 4013 881 4053; x_wconf 91' lang='lat' dir='ltr'><strong>non</strong></span> <span class='ocrx_word' id='word_1_525' title='bbox 921 3997 1103 4053; x_wconf 78' lang='lat' dir='ltr'><strong>fucata</strong></span> <span class='ocrx_word' id='word_1_526' title='bbox 1146 3994 1369 4052; x_wconf 75' lang='lat' dir='ltr'><strong>vairicie</strong></span> <span class='ocrx_word' id='word_1_527' title='bbox 1407 3995 1610 4051; x_wconf 75' lang='lat' dir='ltr'><strong>factum</strong></span> <span class='ocrx_word' id='word_1_528' title='bbox 1647 4005 1752 4052; x_wconf 90' lang='lat' dir='ltr'><strong>est.</strong></span> <span class='ocrx_word' id='word_1_529' title='bbox 1794 3995 1972 4064; x_wconf 85' lang='lat' dir='ltr'><strong>Atque</strong></span> 
     </span>
    </p>
   </div>
   <div class='ocr_carea' id='block_1_79' title="bbox 395 4089 1969 4150">
    <p class='ocr_par' dir='ltr' id='par_1_79' title="bbox 395 4089 1969 4150">
     <span class='ocr_line' id='line_1_79' title="bbox 395 4089 1969 4150; baseline -0.003 -5"><span class='ocrx_word' id='word_1_530' title='bbox 395 4092 502 4146; x_wconf 90' lang='lat' dir='ltr'><strong>hoc</strong></span> <span class='ocrx_word' id='word_1_531' title='bbox 543 4104 650 4146; x_wconf 83' lang='lat' dir='ltr'><strong>non</strong></span> <span class='ocrx_word' id='word_1_532' title='bbox 692 4089 872 4145; x_wconf 84' lang='lat' dir='ltr'><strong>minus</strong></span> <span class='ocrx_word' id='word_1_533' title='bbox 919 4089 988 4146; x_wconf 78' lang='lat' dir='ltr'><strong>ad</strong></span> <span class='ocrx_word' id='word_1_534' title='bbox 1037 4089 1322 4143; x_wconf 87' lang='lat' dir='ltr'><strong>utilitatem</strong></span> <span class='ocrx_word' id='word_1_535' title='bbox 1372 4101 1648 4144; x_wconf 84' lang='lat' dir='ltr'><strong>sacrarum</strong></span> <span class='ocrx_word' id='word_1_536' title='bbox 1689 4089 1969 4150; x_wconf 88' lang='lat' dir='ltr'><strong>domuum,</strong></span> 
     </span>
    </p>
   </div>
   <div class='ocr_carea' id='block_1_80' title="bbox 397 4175 1970 4254">
    <p class='ocr_par' dir='ltr' id='par_1_80' title="bbox 397 4175 1970 4254">
     <span class='ocr_line' id='line_1_80' title="bbox 397 4175 1970 4254; baseline -0.003 -16"><span class='ocrx_word' id='word_1_537' title='bbox 397 4197 561 4254; x_wconf 79' lang='lat' dir='ltr'><strong>quam</strong></span> <span class='ocrx_word' id='word_1_538' title='bbox 592 4195 887 4253; x_wconf 85' lang='lat' dir='ltr'><strong>pauperum</strong></span> <span class='ocrx_word' id='word_1_539' title='bbox 923 4181 1043 4236; x_wconf 71' lang='lat' dir='ltr'><strong>ﬁeri</strong></span> <span class='ocrx_word' id='word_1_540' title='bbox 1081 4181 1442 4252; x_wconf 89' lang='lat' dir='ltr'><strong>reputabitur,</strong></span> <span class='ocrx_word' id='word_1_541' title='bbox 1470 4179 1613 4249; x_wconf 89' lang='lat' dir='ltr'><strong>quod</strong></span> <span class='ocrx_word' id='word_1_542' title='bbox 1639 4185 1694 4235; x_wconf 86' lang='lat' dir='ltr'><strong>et</strong></span> <span class='ocrx_word' id='word_1_543' title='bbox 1732 4175 1970 4242; x_wconf 83' lang='lat' dir='ltr'><strong>alitibus,</strong></span> 
     </span>
    </p>
   </div>
   <div class='ocr_carea' id='block_1_81' title="bbox 396 4268 1974 4342">
    <p class='ocr_par' dir='ltr' id='par_1_81' title="bbox 396 4268 1974 4342">
     <span class='ocr_line' id='line_1_81' title="bbox 396 4268 1974 4342; baseline -0.002 -14"><span class='ocrx_word' id='word_1_544' title='bbox 396 4284 454 4328; x_wconf 91' lang='lat' dir='ltr'><strong>et</strong></span> <span class='ocrx_word' id='word_1_545' title='bbox 479 4271 941 4340; x_wconf 86' lang='lat' dir='ltr'><strong>contentionibus,</strong></span> <span class='ocrx_word' id='word_1_546' title='bbox 971 4280 1027 4327; x_wconf 90' lang='lat' dir='ltr'><strong>et</strong></span> <span class='ocrx_word' id='word_1_547' title='bbox 1066 4271 1332 4328; x_wconf 86' lang='lat' dir='ltr'><strong>libertatis</strong></span> <span class='ocrx_word' id='word_1_548' title='bbox 1363 4279 1588 4342; x_wconf 77' lang='lat' dir='ltr'><strong>experte</strong></span> <span class='ocrx_word' id='word_1_549' title='bbox 1615 4268 1974 4341; x_wconf 79' lang='lat' dir='ltr'><strong>possessionis</strong></span> 
     </span>
    </p>
   </div>
   <div class='ocr_carea' id='block_1_82' title="bbox 397 4361 1976 4435">
    <p class='ocr_par' dir='ltr' id='par_1_82' title="bbox 397 4361 1976 4435">
     <span class='ocr_line' id='line_1_82' title="bbox 397 4361 1976 4435; baseline -0.003 -15"><span class='ocrx_word' id='word_1_550' title='bbox 397 4365 639 4422; x_wconf 84' lang='lat' dir='ltr'><strong>dominio</strong></span> <span class='ocrx_word' id='word_1_551' title='bbox 679 4365 1000 4430; x_wconf 85' lang='lat' dir='ltr'><strong>liberentur.</strong></span> <span class='ocrx_word' id='word_1_552' title='bbox 1047 4363 1315 4435; x_wconf 84' lang='lat' dir='ltr'><strong>simulque</strong></span> <span class='ocrx_word' id='word_1_553' title='bbox 1359 4363 1600 4420; x_wconf 81' lang='lat' dir='ltr'><strong>dsvitent</strong></span> <span class='ocrx_word' id='word_1_554' title='bbox 1641 4376 1708 4417; x_wconf 88' lang='lat' dir='ltr'><strong>ac</strong></span> <span class='ocrx_word' id='word_1_555' title='bbox 1754 4361 1976 4418; x_wconf 87' lang='lat' dir='ltr'><strong>minime</strong></span> 
     </span>
    </p>
   </div>
   <div class='ocr_carea' id='block_1_83' title="bbox 397 4451 1976 4526">
    <p class='ocr_par' dir='ltr' id='par_1_83' title="bbox 397 4451 1976 4526">
     <span class='ocr_line' id='line_1_83' title="bbox 397 4451 1976 4526; baseline -0.003 -17"><span class='ocrx_word' id='word_1_556' title='bbox 397 4458 681 4512; x_wconf 86' lang='lat' dir='ltr'><strong>incurrant</strong></span> <span class='ocrx_word' id='word_1_557' title='bbox 730 4457 787 4512; x_wconf 87' lang='lat' dir='ltr'><strong>in</strong></span> <span class='ocrx_word' id='word_1_558' title='bbox 833 4455 984 4512; x_wconf 87' lang='lat' dir='ltr'><strong>lucra</strong></span> <span class='ocrx_word' id='word_1_559' title='bbox 1029 4463 1085 4510; x_wconf 89' lang='lat' dir='ltr'><strong>et</strong></span> <span class='ocrx_word' id='word_1_560' title='bbox 1129 4454 1498 4526; x_wconf 78' lang='lat' dir='ltr'><strong>possessiones</strong></span> <span class='ocrx_word' id='word_1_561' title='bbox 1535 4451 1824 4524; x_wconf 77' lang='lat' dir='ltr'><strong>ejusmodi,</strong></span> <span class='ocrx_word' id='word_1_562' title='bbox 1855 4465 1976 4522; x_wconf 79' lang='lat' dir='ltr'><strong>quae</strong></span> 
     </span>
    </p>
   </div>
   <div class='ocr_carea' id='block_1_84' title="bbox 2068 3703 3642 3797">
    <p class='ocr_par' dir='ltr' id='par_1_84' title="bbox 2068 3703 3642 3797">
     <span class='ocr_line' id='line_1_84' title="bbox 2068 3703 3642 3797; baseline -0.017 -16"><span class='ocrx_word' id='word_1_563' title='bbox 2068 3703 2394 3797; x_wconf 87' lang='grc' dir='ltr'><strong>διακρίσεως</strong></span> <span class='ocrx_word' id='word_1_564' title='bbox 2417 3722 2779 3794; x_wconf 81' lang='grc' dir='ltr'><strong>εὑμοιροῦντα</strong></span> <span class='ocrx_word' id='word_1_565' title='bbox 2799 3719 2900 3789; x_wconf 83' lang='grc' dir='ltr'><strong>τὴν</strong></span> <span class='ocrx_word' id='word_1_566' title='bbox 2923 3715 3212 3786; x_wconf 80' lang='grc' dir='ltr'><strong>ὠφέλειαν,</strong></span> <span class='ocrx_word' id='word_1_567' title='bbox 3235 3710 3295 3764; x_wconf 82' lang='grc' dir='ltr'><strong>τδ</strong></span> <span class='ocrx_word' id='word_1_568' title='bbox 3311 3708 3411 3778; x_wconf 73' lang='grc' dir='ltr'><strong>τὴν</strong></span> <span class='ocrx_word' id='word_1_569' title='bbox 3426 3703 3642 3758; x_wconf 75' lang='grc' dir='ltr'><strong>δικαίαν</strong></span> 
     </span>
    </p>
   </div>
   <div class='ocr_carea' id='block_1_85' title="bbox 2069 3798 3641 3890">
    <p class='ocr_par' dir='ltr' id='par_1_85' title="bbox 2069 3798 3641 3890">
     <span class='ocr_line' id='line_1_85' title="bbox 2069 3798 3641 3890; baseline -0.017 -17"><span class='ocrx_word' id='word_1_570' title='bbox 2069 3819 2235 3890; x_wconf 84' lang='grc' dir='ltr'><strong>τιμὴν</strong></span> <span class='ocrx_word' id='word_1_571' title='bbox 2263 3817 2359 3871; x_wconf 82' lang='grc' dir='ltr'><strong>τοῦ</strong></span> <span class='ocrx_word' id='word_1_572' title='bbox 2398 3817 2676 3887; x_wconf 79' lang='grc' dir='ltr'><strong>κτήματος</strong></span> <span class='ocrx_word' id='word_1_573' title='bbox 2709 3808 3140 3881; x_wconf 85' lang='grc' dir='ltr'><strong>ἀπολαμϐάνειν,</strong></span> <span class='ocrx_word' id='word_1_574' title='bbox 3177 3805 3226 3857; x_wconf 91' lang='grc' dir='ltr'><strong>εί</strong></span> <span class='ocrx_word' id='word_1_575' title='bbox 3281 3798 3498 3870; x_wconf 86' lang='grc' dir='ltr'><strong>ἀληθῶς</strong></span> <span class='ocrx_word' id='word_1_576' title='bbox 3531 3812 3641 3890; x_wconf 44' lang='grc' dir='ltr'><strong>σωῗ</strong></span> 
     </span>
    </p>
   </div>
   <div class='ocr_carea' id='block_1_86' title="bbox 2070 3887 3646 3983">
    <p class='ocr_par' dir='ltr' id='par_1_86' title="bbox 2070 3887 3646 3983">
     <span class='ocr_line' id='line_1_86' title="bbox 2070 3887 3646 3983; baseline -0.02 -13"><span class='ocrx_word' id='word_1_577' title='bbox 2070 3887 2263 3983; x_wconf 67' lang='grc' dir='ltr'><strong>τηρίας</strong></span> <span class='ocrx_word' id='word_1_578' title='bbox 2292 3911 2456 3964; x_wconf 77' lang='grc' dir='ltr'><strong>ἓνεκα</strong></span> <span class='ocrx_word' id='word_1_579' title='bbox 2480 3908 2638 3962; x_wconf 82' lang='grc' dir='ltr'><strong>τοῦτο</strong></span> <span class='ocrx_word' id='word_1_580' title='bbox 2678 3908 2772 3959; x_wconf 67' lang='grc' dir='ltr'><strong>καὶ</strong></span> <span class='ocrx_word' id='word_1_581' title='bbox 2807 3902 2884 3975; x_wconf 79' lang='grc' dir='ltr'><strong>μή</strong></span> <span class='ocrx_word' id='word_1_582' title='bbox 2924 3901 3062 3972; x_wconf 78' lang='grc' dir='ltr'><strong>δόλῳ</strong></span> <span class='ocrx_word' id='word_1_583' title='bbox 3087 3897 3180 3953; x_wconf 68' lang='grc' dir='ltr'><strong>καὶ</strong></span> <span class='ocrx_word' id='word_1_584' title='bbox 3200 3891 3497 3983; x_wconf 70' lang='grc' dir='ltr'><strong>περιεργία</strong></span> <span class='ocrx_word' id='word_1_585' title='bbox 3545 3887 3646 3983; x_wconf 76' lang='grc' dir='ltr'><strong>καὶ</strong></span> 
     </span>
    </p>
   </div>
   <div class='ocr_carea' id='block_1_87' title="bbox 2073 3977 3643 4071">
    <p class='ocr_par' dir='ltr' id='par_1_87' title="bbox 2073 3977 3643 4071">
     <span class='ocr_line' id='line_1_87' title="bbox 2073 3977 3643 4071; baseline -0.016 -16"><span class='ocrx_word' id='word_1_586' title='bbox 2073 3977 2442 4071; x_wconf 75' lang='grc' dir='ltr'><strong>σεσοφισμένῃ</strong></span> <span class='ocrx_word' id='word_1_587' title='bbox 2487 3995 2896 4064; x_wconf 85' lang='grc' dir='ltr'><strong>διαπέπρακται</strong></span> <span class='ocrx_word' id='word_1_588' title='bbox 2935 3987 3204 4060; x_wconf 76' lang='grc' dir='ltr'><strong>περινοίᾳ.</strong></span> <span class='ocrx_word' id='word_1_589' title='bbox 3231 3984 3402 4038; x_wconf 80' lang='grc' dir='ltr'><strong>Τοῦτο</strong></span> <span class='ocrx_word' id='word_1_590' title='bbox 3431 3981 3488 4034; x_wconf 90' lang='grc' dir='ltr'><strong>δέ</strong></span> <span class='ocrx_word' id='word_1_591' title='bbox 3543 3977 3643 4046; x_wconf 71' lang='grc' dir='ltr'><strong>οὐχ</strong></span> 
     </span>
    </p>
   </div>
   <div class='ocr_carea' id='block_1_88' title="bbox 2071 4074 3647 4166">
    <p class='ocr_par' dir='ltr' id='par_1_88' title="bbox 2071 4074 3647 4166">
     <span class='ocr_line' id='line_1_88' title="bbox 2071 4074 3647 4166; baseline -0.016 -18"><span class='ocrx_word' id='word_1_592' title='bbox 2071 4090 2233 4166; x_wconf 82' lang='grc' dir='ltr'><strong>ἦττον</strong></span> <span class='ocrx_word' id='word_1_593' title='bbox 2261 4092 2340 4155; x_wconf 88' lang='grc' dir='ltr'><strong>είς</strong></span> <span class='ocrx_word' id='word_1_594' title='bbox 2361 4089 2698 4143; x_wconf 83' lang='grc' dir='ltr'><strong>λυσιτέλειαν</strong></span> <span class='ocrx_word' id='word_1_595' title='bbox 2714 4085 2823 4140; x_wconf 84' lang='grc' dir='ltr'><strong>τῶν</strong></span> <span class='ocrx_word' id='word_1_596' title='bbox 2845 4085 3008 4156; x_wconf 80' lang='grc' dir='ltr'><strong>ἱερῶν</strong></span> <span class='ocrx_word' id='word_1_597' title='bbox 3028 4084 3193 4136; x_wconf 77' lang='grc' dir='ltr'><strong>οίκων</strong></span> <span class='ocrx_word' id='word_1_598' title='bbox 3214 4080 3248 4150; x_wconf 79' lang='grc' dir='ltr'>ἢ</span> <span class='ocrx_word' id='word_1_599' title='bbox 3269 4079 3378 4132; x_wconf 82' lang='grc' dir='ltr'><strong>τῶν</strong></span> <span class='ocrx_word' id='word_1_600' title='bbox 3396 4074 3647 4166; x_wconf 73' lang='grc' dir='ltr'><strong>πενήτων</strong></span> 
     </span>
    </p>
   </div>
   <div class='ocr_carea' id='block_1_89' title="bbox 2072 4160 3648 4252">
    <p class='ocr_par' dir='ltr' id='par_1_89' title="bbox 2072 4160 3648 4252">
     <span class='ocr_line' id='line_1_89' title="bbox 2072 4160 3648 4252; baseline -0.017 -15"><span class='ocrx_word' id='word_1_601' title='bbox 2072 4160 2478 4252; x_wconf 80' lang='grc' dir='ltr'><strong>λογισθήσεται,</strong></span> <span class='ocrx_word' id='word_1_602' title='bbox 2510 4173 3009 4244; x_wconf 75' lang='grc' dir='ltr'><strong>ἀπαλλαττομένων</strong></span> <span class='ocrx_word' id='word_1_603' title='bbox 3042 4171 3138 4242; x_wconf 81' lang='grc' dir='ltr'><strong>μέν</strong></span> <span class='ocrx_word' id='word_1_604' title='bbox 3162 4166 3339 4240; x_wconf 73' lang='grc' dir='ltr'><strong>ἔριδος</strong></span> <span class='ocrx_word' id='word_1_605' title='bbox 3373 4163 3470 4218; x_wconf 65' lang='grc' dir='ltr'><strong>καὶ</strong></span> <span class='ocrx_word' id='word_1_606' title='bbox 3498 4160 3648 4252; x_wconf 42' lang='grc' dir='ltr'><strong>φιλοξ-</strong></span> 
     </span>
    </p>
   </div>
   <div class='ocr_carea' id='block_1_90' title="bbox 2075 4251 3648 4338">
    <p class='ocr_par' dir='ltr' id='par_1_90' title="bbox 2075 4251 3648 4338">
     <span class='ocr_line' id='line_1_90' title="bbox 2075 4251 3648 4338; baseline -0.017 -8"><span class='ocrx_word' id='word_1_607' title='bbox 2075 4251 2293 4330; x_wconf 89' lang='grc' dir='ltr'><strong>νε</strong></span> <span class='ocrx_word' id='word_1_608' title='bbox 2321 4273 2416 4326; x_wconf 72' lang='grc' dir='ltr'><strong>καὶ</strong></span> <span class='ocrx_word' id='word_1_609' title='bbox 2441 4267 2798 4338; x_wconf 83' lang='grc' dir='ltr'><strong>ἀνελευθέρου</strong></span> <span class='ocrx_word' id='word_1_610' title='bbox 2825 4265 3094 4335; x_wconf 88' lang='grc' dir='ltr'><strong>κτήσεως,</strong></span> <span class='ocrx_word' id='word_1_611' title='bbox 3137 4257 3447 4328; x_wconf 79' lang='grc' dir='ltr'><strong>φευγόντων</strong></span> <span class='ocrx_word' id='word_1_612' title='bbox 3471 4253 3527 4305; x_wconf 82' lang='grc' dir='ltr'><strong>δέ</strong></span> <span class='ocrx_word' id='word_1_613' title='bbox 3551 4251 3648 4306; x_wconf 71' lang='grc' dir='ltr'><strong>καὶ</strong></span> 
     </span>
    </p>
   </div>
   <div class='ocr_carea' id='block_1_91' title="bbox 2075 4340 3649 4437">
    <p class='ocr_par' dir='ltr' id='par_1_91' title="bbox 2075 4340 3649 4437">
     <span class='ocr_line' id='line_1_91' title="bbox 2075 4340 3649 4437; baseline -0.018 -15"><span class='ocrx_word' id='word_1_614' title='bbox 2075 4368 2176 4422; x_wconf 77' lang='grc' dir='ltr'><strong>οὒκ</strong></span> <span class='ocrx_word' id='word_1_615' title='bbox 2206 4363 2605 4437; x_wconf 81' lang='grc' dir='ltr'><strong>ἐπιτρεχόντων</strong></span> <span class='ocrx_word' id='word_1_616' title='bbox 2653 4356 2966 4426; x_wconf 83' lang='grc' dir='ltr'><strong>πτωμάτων</strong></span> <span class='ocrx_word' id='word_1_617' title='bbox 2999 4352 3204 4414; x_wconf 77' lang='grc' dir='ltr'><strong>αἰτίους</strong></span> <span class='ocrx_word' id='word_1_618' title='bbox 3253 4346 3498 4417; x_wconf 79' lang='grc' dir='ltr'><strong>εὑρέσεις</strong></span> <span class='ocrx_word' id='word_1_619' title='bbox 3552 4340 3649 4395; x_wconf 85' lang='grc' dir='ltr'><strong>καὶ</strong></span> 
     </span>
    </p>
   </div>
   <div class='ocr_carea' id='block_1_92' title="bbox 2077 4437 3648 4526">
    <p class='ocr_par' dir='ltr' id='par_1_92' title="bbox 2077 4437 3648 4526">
     <span class='ocr_line' id='line_1_92' title="bbox 2077 4437 3648 4526; baseline -0.019 -13"><span class='ocrx_word' id='word_1_620' title='bbox 2077 4456 2460 4526; x_wconf 85' lang='grc' dir='ltr'><strong>κατασχέσεις,</strong></span> <span class='ocrx_word' id='word_1_621' title='bbox 2483 4448 2793 4522; x_wconf 85' lang='grc' dir='ltr'><strong>ἀνθρώποις</strong></span> <span class='ocrx_word' id='word_1_622' title='bbox 2818 4463 2880 4500; x_wconf 86' lang='grc' dir='ltr'><strong>τε</strong></span> <span class='ocrx_word' id='word_1_623' title='bbox 2915 4442 3152 4522; x_wconf 50' lang='grc' dir='ltr'><strong>οὓσιοκαὶ</strong></span> <span class='ocrx_word' id='word_1_624' title='bbox 3178 4440 3260 4493; x_wconf 78' lang='grc' dir='ltr'><strong>ἐτι</strong></span> <span class='ocrx_word' id='word_1_625' title='bbox 3295 4437 3462 4505; x_wconf 73' lang='grc' dir='ltr'><strong>σαρκὶ</strong></span> <span class='ocrx_word' id='word_1_626' title='bbox 3519 4449 3648 4526; x_wconf 84' lang='grc' dir='ltr'><strong>συν-</strong></span> 
     </span>
    </p>
   </div>
   <div class='ocr_carea' id='block_1_93' title="bbox 398 4525 1964 4624">
    <p class='ocr_par' dir='ltr' id='par_1_93' title="bbox 398 4525 1964 4619">
     <span class='ocr_line' id='line_1_93' title="bbox 398 4525 1964 4619; baseline -0.004 -17"><span class='ocrx_word' id='word_1_627' title='bbox 398 4550 649 4619; x_wconf 89' lang='lat' dir='ltr'><strong>lapsuum</strong></span> <span class='ocrx_word' id='word_1_628' title='bbox 681 4562 876 4606; x_wconf 82' lang='lat' dir='ltr'><strong>causas</strong></span> <span class='ocrx_word' id='word_1_629' title='bbox 911 4547 978 4602; x_wconf 91' lang='lat' dir='ltr'><strong>iis</strong></span> <span class='ocrx_word' id='word_1_630' title='bbox 1011 4525 1276 4618; x_wconf 61' lang='lat' dir='ltr'><strong>prabent,</strong></span> <span class='ocrx_word' id='word_1_631' title='bbox 1334 4546 1425 4616; x_wconf 86' lang='lat' dir='ltr'><strong>qui</strong></span> <span class='ocrx_word' id='word_1_632' title='bbox 1455 4551 1510 4601; x_wconf 90' lang='lat' dir='ltr'><strong>et</strong></span> <span class='ocrx_word' id='word_1_633' title='bbox 1539 4544 1785 4600; x_wconf 89' lang='lat' dir='ltr'><strong>homines</strong></span> <span class='ocrx_word' id='word_1_634' title='bbox 1825 4549 1964 4608; x_wconf 87' lang='lat' dir='ltr'><strong>sunt,</strong></span> 
     </span>
    </p>
   </div>
   <div class='ocr_carea' id='block_1_94' title="bbox 2067 4525 3650 4624">
    <p class='ocr_par' dir='ltr' id='par_1_94' title="bbox 2079 4525 3650 4618">
     <span class='ocr_line' id='line_1_94' title="bbox 2079 4525 3650 4618; baseline -0.018 -14"><span class='ocrx_word' id='word_1_635' title='bbox 2079 4525 2384 4618; x_wconf 83' lang='grc' dir='ltr'><strong>δεδεμένοις</strong></span> <span class='ocrx_word' id='word_1_636' title='bbox 2408 4545 2502 4598; x_wconf 72' lang='grc' dir='ltr'><strong>καὶ</strong></span> <span class='ocrx_word' id='word_1_637' title='bbox 2525 4542 2626 4596; x_wconf 83' lang='grc' dir='ltr'><strong>οὐκ</strong></span> <span class='ocrx_word' id='word_1_638' title='bbox 2656 4538 2954 4600; x_wconf 83' lang='grc' dir='ltr'><strong>ἀναλώτοις</strong></span> <span class='ocrx_word' id='word_1_639' title='bbox 2979 4535 3162 4604; x_wconf 82' lang='grc' dir='ltr'><strong>μένειν</strong></span> <span class='ocrx_word' id='word_1_640' title='bbox 3196 4525 3650 4597; x_wconf 79' lang='grc' dir='ltr'><strong>πεπιστευμένοις</strong></span> 
     </span>
    </p>
   </div>
   <div class='ocr_carea' id='block_1_95' title="bbox 404 4635 1971 4706">
    <p class='ocr_par' dir='ltr' id='par_1_95' title="bbox 404 4635 1971 4706">
     <span class='ocr_line' id='line_1_95' title="bbox 404 4635 1971 4706; baseline -0.005 -11"><span class='ocrx_word' id='word_1_641' title='bbox 404 4649 460 4695; x_wconf 89' lang='lat' dir='ltr'><strong>et</strong></span> <span class='ocrx_word' id='word_1_642' title='bbox 492 4640 647 4694; x_wconf 84' lang='lat' dir='ltr'><strong>carni</strong></span> <span class='ocrx_word' id='word_1_643' title='bbox 676 4639 852 4693; x_wconf 91' lang='lat' dir='ltr'><strong>adhuc</strong></span> <span class='ocrx_word' id='word_1_644' title='bbox 876 4637 1099 4706; x_wconf 86' lang='lat' dir='ltr'><strong>alligati,</strong></span> <span class='ocrx_word' id='word_1_645' title='bbox 1125 4651 1225 4693; x_wconf 90' lang='lat' dir='ltr'><strong>nec</strong></span> <span class='ocrx_word' id='word_1_646' title='bbox 1249 4646 1457 4692; x_wconf 87' lang='lat' dir='ltr'><strong>tantum</strong></span> <span class='ocrx_word' id='word_1_647' title='bbox 1481 4635 1591 4692; x_wconf 78' lang='lat' dir='ltr'><strong>sibi</strong></span> <span class='ocrx_word' id='word_1_648' title='bbox 1613 4635 1801 4698; x_wconf 80' lang='lat' dir='ltr'><strong>ﬁdunt,</strong></span> <span class='ocrx_word' id='word_1_649' title='bbox 1834 4643 1892 4687; x_wconf 89' lang='lat' dir='ltr'><strong>ut</strong></span> <span class='ocrx_word' id='word_1_650' title='bbox 1911 4647 1971 4688; x_wconf 89' lang='lat' dir='ltr'><strong>se</strong></span> 
     </span>
    </p>
   </div>
   <div class='ocr_carea' id='block_1_96' title="bbox 401 4727 1962 4802">
    <p class='ocr_par' dir='ltr' id='par_1_96' title="bbox 401 4727 1962 4802">
     <span class='ocr_line' id='line_1_96' title="bbox 401 4727 1962 4802; baseline -0.002 -18"><span class='ocrx_word' id='word_1_651' title='bbox 401 4730 678 4784; x_wconf 86' lang='lat' dir='ltr'><strong>immunes</strong></span> <span class='ocrx_word' id='word_1_652' title='bbox 703 4743 734 4782; x_wconf 90' lang='lat' dir='ltr'><strong>a</strong></span> <span class='ocrx_word' id='word_1_653' title='bbox 761 4728 1000 4798; x_wconf 88' lang='lat' dir='ltr'><strong>lapsibus</strong></span> <span class='ocrx_word' id='word_1_654' title='bbox 1023 4727 1276 4784; x_wconf 87' lang='lat' dir='ltr'><strong>humanis</strong></span> <span class='ocrx_word' id='word_1_655' title='bbox 1298 4743 1422 4784; x_wconf 87' lang='lat' dir='ltr'><strong>esse</strong></span> <span class='ocrx_word' id='word_1_656' title='bbox 1441 4728 1688 4783; x_wconf 84' lang='lat' dir='ltr'><strong>credant.</strong></span> <span class='ocrx_word' id='word_1_657' title='bbox 1955 4795 1962 4802; x_wconf 87' lang='lat'><em>_</em></span> 
     </span>
    </p>
   </div>
   <div class='ocr_carea' id='block_1_97' title="bbox 475 4807 1976 4889">
    <p class='ocr_par' dir='ltr' id='par_1_97' title="bbox 475 4807 1976 4889">
     <span class='ocr_line' id='line_1_97' title="bbox 475 4807 1976 4889; baseline -0.005 -12"><span class='ocrx_word' id='word_1_658' title='bbox 475 4821 729 4877; x_wconf 82' lang='lat' dir='ltr'><strong>Sedenim</strong></span> <span class='ocrx_word' id='word_1_659' title='bbox 745 4821 861 4876; x_wconf 67' lang='lat' dir='ltr'><strong>haec</strong></span> <span class='ocrx_word' id='word_1_660' title='bbox 873 4821 1045 4889; x_wconf 87' lang='lat' dir='ltr'><strong>perhu</strong></span> <span class='ocrx_word' id='word_1_661' title='bbox 1053 4835 1210 4875; x_wconf 89' lang='lat' dir='ltr'><strong>mane</strong></span> <span class='ocrx_word' id='word_1_662' title='bbox 1221 4807 1430 4876; x_wconf 78' lang='lat' dir='ltr'><strong>sancite</strong></span> <span class='ocrx_word' id='word_1_663' title='bbox 1441 4827 1588 4886; x_wconf 90' lang='lat' dir='ltr'><strong>sunt,</strong></span> <span class='ocrx_word' id='word_1_664' title='bbox 1601 4833 1722 4888; x_wconf 66' lang='lat' dir='ltr'><strong>quae</strong></span> <span class='ocrx_word' id='word_1_665' title='bbox 1733 4815 1976 4886; x_wconf 86' lang='lat' dir='ltr'><strong>etacqui-</strong></span> 
     </span>
    </p>
   </div>
   <div class='ocr_carea' id='block_1_98' title="bbox 405 4909 1979 4970">
    <p class='ocr_par' dir='ltr' id='par_1_98' title="bbox 405 4909 1979 4970">
     <span class='ocr_line' id='line_1_98' title="bbox 405 4909 1979 4970; baseline -0.004 -2"><span class='ocrx_word' id='word_1_666' title='bbox 405 4913 556 4968; x_wconf 84' lang='lat' dir='ltr'><strong>rcndi</strong></span> <span class='ocrx_word' id='word_1_667' title='bbox 589 4912 866 4967; x_wconf 84' lang='lat' dir='ltr'><strong>libidinem</strong></span> <span class='ocrx_word' id='word_1_668' title='bbox 905 4912 1266 4968; x_wconf 86' lang='lat' dir='ltr'><strong>insatiabilem</strong></span> <span class='ocrx_word' id='word_1_669' title='bbox 1282 4926 1406 4968; x_wconf 81' lang='lat' dir='ltr'><strong>cum</strong></span> <span class='ocrx_word' id='word_1_670' title='bbox 1430 4909 1798 4970; x_wconf 85' lang='lat' dir='ltr'><strong>moderatione</strong></span> <span class='ocrx_word' id='word_1_671' title='bbox 1825 4923 1979 4965; x_wconf 81' lang='lat' dir='ltr'><strong>coer-</strong></span> 
     </span>
    </p>
   </div>
   <div class='ocr_carea' id='block_1_99' title="bbox 405 5002 1979 5074">
    <p class='ocr_par' dir='ltr' id='par_1_99' title="bbox 405 5002 1979 5074">
     <span class='ocr_line' id='line_1_99' title="bbox 405 5002 1979 5074; baseline -0.001 -16"><span class='ocrx_word' id='word_1_672' title='bbox 405 5013 552 5070; x_wconf 84' lang='lat' dir='ltr'><strong>cent,</strong></span> <span class='ocrx_word' id='word_1_673' title='bbox 582 5013 636 5058; x_wconf 85' lang='lat' dir='ltr'><strong>et</strong></span> <span class='ocrx_word' id='word_1_674' title='bbox 661 5004 799 5072; x_wconf 90' lang='lat' dir='ltr'><strong>quod</strong></span> <span class='ocrx_word' id='word_1_675' title='bbox 824 5002 1042 5073; x_wconf 79' lang='lat' dir='ltr'><strong>expedit</strong></span> <span class='ocrx_word' id='word_1_676' title='bbox 1064 5005 1292 5074; x_wconf 85' lang='lat' dir='ltr'><strong>publice,</strong></span> <span class='ocrx_word' id='word_1_677' title='bbox 1315 5003 1544 5058; x_wconf 85' lang='lat' dir='ltr'><strong>suadent</strong></span> <span class='ocrx_word' id='word_1_678' title='bbox 1571 5019 1586 5055; x_wconf 89' lang='lat'><strong>:</strong></span> <span class='ocrx_word' id='word_1_679' title='bbox 1619 5010 1678 5054; x_wconf 92' lang='lat' dir='ltr'><strong>ut</strong></span> <span class='ocrx_word' id='word_1_680' title='bbox 1697 5013 1979 5056; x_wconf 88' lang='lat' dir='ltr'><strong>nemonec</strong></span> 
     </span>
    </p>
   </div>
   <div class='ocr_carea' id='block_1_100' title="bbox 407 5089 1976 5165">
    <p class='ocr_par' dir='ltr' id='par_1_100' title="bbox 407 5089 1976 5165">
     <span class='ocr_line' id='line_1_100' title="bbox 407 5089 1976 5165; baseline -0.004 -17"><span class='ocrx_word' id='word_1_681' title='bbox 407 5093 780 5165; x_wconf 85' lang='lat' dir='ltr'><strong>spectabilium</strong></span> <span class='ocrx_word' id='word_1_682' title='bbox 809 5092 1192 5163; x_wconf 84' lang='lat' dir='ltr'><strong>magistrorum</strong></span> <span class='ocrx_word' id='word_1_683' title='bbox 1219 5101 1312 5146; x_wconf 87' lang='lat' dir='ltr'><strong>aut</strong></span> <span class='ocrx_word' id='word_1_684' title='bbox 1335 5089 1710 5159; x_wconf 87' lang='lat' dir='ltr'><strong>patriciorum,</strong></span> <span class='ocrx_word' id='word_1_685' title='bbox 1742 5104 1840 5143; x_wconf 92' lang='lat' dir='ltr'><strong>nec</strong></span> <span class='ocrx_word' id='word_1_686' title='bbox 1863 5101 1976 5142; x_wconf 84' lang='lat' dir='ltr'><strong>ma-</strong></span> 
     </span>
    </p>
   </div>
   <div class='ocr_carea' id='block_1_101' title="bbox 406 5179 1981 5255">
    <p class='ocr_par' dir='ltr' id='par_1_101' title="bbox 406 5179 1981 5255">
     <span class='ocr_line' id='line_1_101' title="bbox 406 5179 1981 5255; baseline -0.006 -15"><span class='ocrx_word' id='word_1_687' title='bbox 406 5185 747 5254; x_wconf 81' lang='lat' dir='ltr'><strong>gistratibus,</strong></span> <span class='ocrx_word' id='word_1_688' title='bbox 776 5192 869 5239; x_wconf 80' lang='lat' dir='ltr'><strong>aut</strong></span> <span class='ocrx_word' id='word_1_689' title='bbox 895 5183 1280 5255; x_wconf 90' lang='lat' dir='ltr'><strong>potestatibus,</strong></span> <span class='ocrx_word' id='word_1_690' title='bbox 1318 5191 1415 5236; x_wconf 90' lang='lat' dir='ltr'><strong>aut</strong></span> <span class='ocrx_word' id='word_1_691' title='bbox 1451 5179 1836 5250; x_wconf 78' lang='lat' dir='ltr'><strong>principalibus</strong></span> <span class='ocrx_word' id='word_1_692' title='bbox 1861 5193 1948 5234; x_wconf 94' lang='lat' dir='ltr'><strong>om</strong></span> <span class='ocrx_word' id='word_1_693' title='bbox 1975 5209 1981 5215; x_wconf 91' lang='lat'><strong>-</strong></span> 
     </span>
    </p>
   </div>
   <div class='ocr_carea' id='block_1_102' title="bbox 405 5267 1977 5344">
    <p class='ocr_par' dir='ltr' id='par_1_102' title="bbox 405 5267 1977 5344">
     <span class='ocr_line' id='line_1_102' title="bbox 405 5267 1977 5344; baseline -0.007 -13"><span class='ocrx_word' id='word_1_694' title='bbox 405 5277 535 5331; x_wconf 81' lang='lat' dir='ltr'><strong>nino</strong></span> <span class='ocrx_word' id='word_1_695' title='bbox 583 5273 939 5344; x_wconf 85' lang='lat' dir='ltr'><strong>dignitatibus</strong></span> <span class='ocrx_word' id='word_1_696' title='bbox 982 5273 1397 5335; x_wconf 89' lang='lat' dir='ltr'><strong>honoratorum,</strong></span> <span class='ocrx_word' id='word_1_697' title='bbox 1455 5269 1540 5324; x_wconf 87' lang='lat' dir='ltr'><strong>vel</strong></span> <span class='ocrx_word' id='word_1_698' title='bbox 1581 5269 1843 5332; x_wconf 88' lang='lat' dir='ltr'><strong>civilium,</strong></span> <span class='ocrx_word' id='word_1_699' title='bbox 1893 5267 1977 5322; x_wconf 89' lang='lat' dir='ltr'><strong>vel</strong></span> 
     </span>
    </p>
   </div>
   <div class='ocr_carea' id='block_1_103' title="bbox 405 5361 1980 5438">
    <p class='ocr_par' dir='ltr' id='par_1_103' title="bbox 405 5361 1980 5438">
     <span class='ocr_line' id='line_1_103' title="bbox 405 5361 1980 5438; baseline -0.007 -16"><span class='ocrx_word' id='word_1_700' title='bbox 405 5370 745 5436; x_wconf 82' lang='lat' dir='ltr'><strong>militarium,</strong></span> <span class='ocrx_word' id='word_1_701' title='bbox 772 5368 858 5422; x_wconf 91' lang='lat' dir='ltr'><strong>vel</strong></span> <span class='ocrx_word' id='word_1_702' title='bbox 883 5363 1296 5438; x_wconf 86' lang='lat' dir='ltr'><strong>provincialium</strong></span> <span class='ocrx_word' id='word_1_703' title='bbox 1321 5362 1630 5433; x_wconf 70' lang='lat' dir='ltr'><strong>praesidum,</strong></span> <span class='ocrx_word' id='word_1_704' title='bbox 1657 5361 1742 5415; x_wconf 85' lang='lat' dir='ltr'><strong>vel</strong></span> <span class='ocrx_word' id='word_1_705' title='bbox 1773 5371 1980 5428; x_wconf 68' lang='lat' dir='ltr'><strong>expue-</strong></span> 
     </span>
    </p>
   </div>
   <div class='ocr_carea' id='block_1_104' title="bbox 405 5453 1976 5529">
    <p class='ocr_par' dir='ltr' id='par_1_104' title="bbox 405 5453 1976 5529">
     <span class='ocr_line' id='line_1_104' title="bbox 405 5453 1976 5529; baseline -0.007 -12"><span class='ocrx_word' id='word_1_706' title='bbox 405 5463 607 5527; x_wconf 71' lang='lat' dir='ltr'><strong>sitlum,</strong></span> <span class='ocrx_word' id='word_1_707' title='bbox 651 5460 738 5515; x_wconf 88' lang='lat' dir='ltr'><strong>vel</strong></span> <span class='ocrx_word' id='word_1_708' title='bbox 785 5457 1352 5529; x_wconf 88' lang='lat' dir='ltr'><strong>metropolitanorum,</strong></span> <span class='ocrx_word' id='word_1_709' title='bbox 1399 5456 1484 5512; x_wconf 88' lang='lat' dir='ltr'><strong>vel</strong></span> <span class='ocrx_word' id='word_1_710' title='bbox 1539 5453 1976 5524; x_wconf 82' lang='lat' dir='ltr'><strong>archiepiscopo-</strong></span> 
     </span>
    </p>
   </div>
   <div class='ocr_carea' id='block_1_105' title="bbox 408 5541 1976 5619">
    <p class='ocr_par' dir='ltr' id='par_1_105' title="bbox 408 5541 1976 5619">
     <span class='ocr_line' id='line_1_105' title="bbox 408 5541 1976 5619; baseline -0.004 -17"><span class='ocrx_word' id='word_1_711' title='bbox 408 5564 554 5612; x_wconf 88' lang='lat' dir='ltr'><strong>rum,</strong></span> <span class='ocrx_word' id='word_1_712' title='bbox 580 5549 668 5604; x_wconf 86' lang='lat' dir='ltr'><strong>vel</strong></span> <span class='ocrx_word' id='word_1_713' title='bbox 693 5548 1098 5619; x_wconf 86' lang='lat' dir='ltr'><strong>episcoporum,</strong></span> <span class='ocrx_word' id='word_1_714' title='bbox 1126 5545 1214 5601; x_wconf 81' lang='lat' dir='ltr'><strong>vel</strong></span> <span class='ocrx_word' id='word_1_715' title='bbox 1244 5544 1520 5610; x_wconf 90' lang='lat' dir='ltr'><strong>abbatum,</strong></span> <span class='ocrx_word' id='word_1_716' title='bbox 1550 5544 1635 5600; x_wconf 88' lang='lat' dir='ltr'><strong>vel</strong></span> <span class='ocrx_word' id='word_1_717' title='bbox 1661 5557 1851 5600; x_wconf 90' lang='lat' dir='ltr'><strong>eorum</strong></span> <span class='ocrx_word' id='word_1_718' title='bbox 1886 5541 1976 5612; x_wconf 93' lang='lat' dir='ltr'><strong>qui</strong></span> 
     </span>
    </p>
   </div>
   <div class='ocr_carea' id='block_1_106' title="bbox 407 5633 1981 5707">
    <p class='ocr_par' dir='ltr' id='par_1_106' title="bbox 407 5633 1981 5707">
     <span class='ocr_line' id='line_1_106' title="bbox 407 5633 1981 5707; baseline -0.002 -15"><span class='ocrx_word' id='word_1_719' title='bbox 407 5639 678 5707; x_wconf 82' lang='lat' dir='ltr'><strong>religiosis</strong></span> <span class='ocrx_word' id='word_1_720' title='bbox 745 5637 995 5696; x_wconf 84' lang='lat' dir='ltr'><strong>domibus</strong></span> <span class='ocrx_word' id='word_1_721' title='bbox 1053 5643 1317 5706; x_wconf 64' lang='lat' dir='ltr'><strong>praesunt,</strong></span> <span class='ocrx_word' id='word_1_722' title='bbox 1367 5643 1462 5691; x_wconf 89' lang='lat' dir='ltr'><strong>aut</strong></span> <span class='ocrx_word' id='word_1_723' title='bbox 1516 5635 1678 5697; x_wconf 83' lang='lat' dir='ltr'><strong>alium</strong></span> <span class='ocrx_word' id='word_1_724' title='bbox 1750 5633 1981 5702; x_wconf 86' lang='lat' dir='ltr'><strong>denique</strong></span> 
     </span>
    </p>
   </div>
   <div class='ocr_carea' id='block_1_107' title="bbox 411 5725 1971 5797">
    <p class='ocr_par' dir='ltr' id='par_1_107' title="bbox 411 5725 1971 5797">
     <span class='ocr_line' id='line_1_107' title="bbox 411 5725 1971 5797; baseline 0 -17"><span class='ocrx_word' id='word_1_725' title='bbox 411 5727 741 5792; x_wconf 75' lang='lat' dir='ltr'><strong>mundanum</strong></span> <span class='ocrx_word' id='word_1_726' title='bbox 816 5730 1076 5786; x_wconf 88' lang='lat' dir='ltr'><strong>honorem</strong></span> <span class='ocrx_word' id='word_1_727' title='bbox 1126 5727 1405 5788; x_wconf 87' lang='lat' dir='ltr'><strong>consecuti</strong></span> <span class='ocrx_word' id='word_1_728' title='bbox 1460 5736 1605 5794; x_wconf 91' lang='lat' dir='ltr'><strong>sunt,</strong></span> <span class='ocrx_word' id='word_1_729' title='bbox 1664 5725 1971 5797; x_wconf 87' lang='lat' dir='ltr'><strong>emptionis,</strong></span> 
     </span>
    </p>
   </div>
   <div class='ocr_carea' id='block_1_108' title="bbox 2077 4628 2974 4707">
    <p class='ocr_par' dir='ltr' id='par_1_108' title="bbox 2077 4628 2974 4707">
     <span class='ocr_line' id='line_1_108' title="bbox 2077 4628 2974 4707; baseline -0.02 -12"><span class='ocrx_word' id='word_1_730' title='bbox 2077 4642 2188 4705; x_wconf 81' lang='grc' dir='ltr'><strong>τοῖς</strong></span> <span class='ocrx_word' id='word_1_731' title='bbox 2219 4633 2579 4707; x_wconf 83' lang='grc' dir='ltr'><strong>ἀνθρωπίνοις</strong></span> <span class='ocrx_word' id='word_1_732' title='bbox 2593 4628 2974 4698; x_wconf 78' lang='grc' dir='ltr'><strong>ὀλισθήμασιν.</strong></span> 
     </span>
    </p>
   </div>
   <div class='ocr_carea' id='block_1_109' title="bbox 2167 4791 3652 4878">
    <p class='ocr_par' dir='ltr' id='par_1_109' title="bbox 2167 4791 3652 4878">
     <span class='ocr_line' id='line_1_109' title="bbox 2167 4791 3652 4878; baseline -0.017 -12"><span class='ocrx_word' id='word_1_733' title='bbox 2167 4812 2330 4866; x_wconf 78' lang='grc' dir='ltr'><strong>Ἀλλά</strong></span> <span class='ocrx_word' id='word_1_734' title='bbox 2351 4810 2525 4864; x_wconf 82' lang='grc' dir='ltr'><strong>ταῦτα</strong></span> <span class='ocrx_word' id='word_1_735' title='bbox 2560 4809 2656 4878; x_wconf 86' lang='grc' dir='ltr'><strong>μὲν</strong></span> <span class='ocrx_word' id='word_1_736' title='bbox 2680 4801 3188 4875; x_wconf 78' lang='grc' dir='ltr'><strong>φιλανθρωπότερον</strong></span> <span class='ocrx_word' id='word_1_737' title='bbox 3226 4793 3508 4866; x_wconf 84' lang='grc' dir='ltr'><strong>διωρίσθη,</strong></span> <span class='ocrx_word' id='word_1_738' title='bbox 3555 4791 3652 4843; x_wconf 71' lang='grc' dir='ltr'><strong>καὶ</strong></span> 
     </span>
    </p>
   </div>
   <div class='ocr_carea' id='block_1_110' title="bbox 2079 4885 3649 4976">
    <p class='ocr_par' dir='ltr' id='par_1_110' title="bbox 2079 4885 3649 4976">
     <span class='ocr_line' id='line_1_110' title="bbox 2079 4885 3649 4976; baseline -0.018 -15"><span class='ocrx_word' id='word_1_739' title='bbox 2079 4909 2139 4961; x_wconf 77' lang='grc' dir='ltr'><strong>τὸ</strong></span> <span class='ocrx_word' id='word_1_740' title='bbox 2170 4907 2267 4976; x_wconf 83' lang='grc' dir='ltr'><strong>τῆς</strong></span> <span class='ocrx_word' id='word_1_741' title='bbox 2297 4899 2771 4974; x_wconf 80' lang='grc' dir='ltr'><strong>φιλοκτημοσύνης</strong></span> <span class='ocrx_word' id='word_1_742' title='bbox 2803 4895 3101 4965; x_wconf 87' lang='grc' dir='ltr'><strong>ἀκόρεστον</strong></span> <span class='ocrx_word' id='word_1_743' title='bbox 3135 4888 3499 4961; x_wconf 88' lang='grc' dir='ltr'><strong>μετριώτερον</strong></span> <span class='ocrx_word' id='word_1_744' title='bbox 3527 4885 3649 4976; x_wconf 81' lang='grc' dir='ltr'><strong>ὲπι·</strong></span> 
     </span>
    </p>
   </div>
   <div class='ocr_carea' id='block_1_111' title="bbox 2079 4975 3651 5069">
    <p class='ocr_par' dir='ltr' id='par_1_111' title="bbox 2079 4975 3651 5069">
     <span class='ocr_line' id='line_1_111' title="bbox 2079 4975 3651 5069; baseline -0.015 -17"><span class='ocrx_word' id='word_1_745' title='bbox 2079 4975 2388 5069; x_wconf 80' lang='grc' dir='ltr'><strong>τιμώμενα,</strong></span> <span class='ocrx_word' id='word_1_746' title='bbox 2408 4995 2505 5047; x_wconf 74' lang='grc' dir='ltr'><strong>καὶ</strong></span> <span class='ocrx_word' id='word_1_747' title='bbox 2532 4993 2593 5046; x_wconf 83' lang='grc' dir='ltr'><strong>τὸ</strong></span> <span class='ocrx_word' id='word_1_748' title='bbox 2617 4992 2769 5060; x_wconf 77' lang='grc' dir='ltr'><strong>κοινῇ</strong></span> <span class='ocrx_word' id='word_1_749' title='bbox 2803 4983 3121 5040; x_wconf 83' lang='grc' dir='ltr'><strong>λυσιτελοῦν</strong></span> <span class='ocrx_word' id='word_1_750' title='bbox 3156 4981 3540 5052; x_wconf 85' lang='grc' dir='ltr'><strong>είσηγούμενα,</strong></span> <span class='ocrx_word' id='word_1_751' title='bbox 3576 4975 3651 5069; x_wconf 72' lang='grc' dir='ltr'><strong>ὡς</strong></span> 
     </span>
    </p>
   </div>
   <div class='ocr_carea' id='block_1_112' title="bbox 2086 5063 3649 5154">
    <p class='ocr_par' dir='ltr' id='par_1_112' title="bbox 2086 5063 3649 5154">
     <span class='ocr_line' id='line_1_112' title="bbox 2086 5063 3649 5154; baseline -0.013 -17"><span class='ocrx_word' id='word_1_752' title='bbox 2086 5063 2292 5154; x_wconf 81' lang='grc' dir='ltr'><strong>μηδένα</strong></span> <span class='ocrx_word' id='word_1_753' title='bbox 2316 5082 2516 5150; x_wconf 86' lang='grc' dir='ltr'><strong>μηκέτι</strong></span> <span class='ocrx_word' id='word_1_754' title='bbox 2549 5079 2687 5149; x_wconf 89' lang='grc' dir='ltr'><strong>μήτε</strong></span> <span class='ocrx_word' id='word_1_755' title='bbox 2709 5077 2816 5130; x_wconf 84' lang='grc' dir='ltr'><strong>τῶν</strong></span> <span class='ocrx_word' id='word_1_756' title='bbox 2855 5073 3234 5139; x_wconf 84' lang='grc' dir='ltr'><strong>περιϐλέπτων</strong></span> <span class='ocrx_word' id='word_1_757' title='bbox 3267 5069 3582 5140; x_wconf 84' lang='grc' dir='ltr'><strong>μαγίστρων</strong></span> <span class='ocrx_word' id='word_1_758' title='bbox 3615 5063 3649 5133; x_wconf 85' lang='grc' dir='ltr'><strong>ἧ</strong></span> 
     </span>
    </p>
   </div>
   <div class='ocr_carea' id='block_1_113' title="bbox 2084 5155 3651 5246">
    <p class='ocr_par' dir='ltr' id='par_1_113' title="bbox 2084 5155 3651 5246">
     <span class='ocr_line' id='line_1_113' title="bbox 2084 5155 3651 5246; baseline -0.011 -18"><span class='ocrx_word' id='word_1_759' title='bbox 2084 5173 2411 5246; x_wconf 87' lang='grc' dir='ltr'><strong>πατρικίων,</strong></span> <span class='ocrx_word' id='word_1_760' title='bbox 2467 5173 2604 5241; x_wconf 85' lang='grc' dir='ltr'><strong>μήτε</strong></span> <span class='ocrx_word' id='word_1_761' title='bbox 2651 5168 2760 5222; x_wconf 85' lang='grc' dir='ltr'><strong>τῶν</strong></span> <span class='ocrx_word' id='word_1_762' title='bbox 2791 5166 2987 5237; x_wconf 84' lang='grc' dir='ltr'><strong>ἀρχαῖς</strong></span> <span class='ocrx_word' id='word_1_763' title='bbox 3037 5164 3070 5234; x_wconf 81' lang='grc' dir='ltr'>ἢ</span> <span class='ocrx_word' id='word_1_764' title='bbox 3125 5160 3397 5226; x_wconf 77' lang='grc' dir='ltr'><strong>ἐξουσίαις</strong></span> <span class='ocrx_word' id='word_1_765' title='bbox 3451 5159 3484 5226; x_wconf 87' lang='grc' dir='ltr'>ἢ</span> <span class='ocrx_word' id='word_1_766' title='bbox 3505 5155 3651 5246; x_wconf 50' lang='lat' dir='ltr'><strong>olm-3</strong></span> 
     </span>
    </p>
   </div>
   <div class='ocr_carea' id='block_1_114' title="bbox 2083 5242 3652 5335">
    <p class='ocr_par' dir='ltr' id='par_1_114' title="bbox 2083 5242 3652 5335">
     <span class='ocr_line' id='line_1_114' title="bbox 2083 5242 3652 5335; baseline -0.016 -16"><span class='ocrx_word' id='word_1_767' title='bbox 2083 5242 2384 5335; x_wconf 67' lang='grc' dir='ltr'><strong>βασιλικοῖς</strong></span> <span class='ocrx_word' id='word_1_768' title='bbox 2424 5259 2702 5328; x_wconf 86' lang='grc' dir='ltr'><strong>ἀξιώμασι</strong></span> <span class='ocrx_word' id='word_1_769' title='bbox 2754 5254 3158 5324; x_wconf 83' lang='grc' dir='ltr'><strong>τετιμημένων,</strong></span> <span class='ocrx_word' id='word_1_770' title='bbox 3187 5250 3222 5321; x_wconf 74' lang='grc' dir='ltr'><strong>ἢ</strong></span> <span class='ocrx_word' id='word_1_771' title='bbox 3275 5244 3568 5300; x_wconf 86' lang='grc' dir='ltr'><strong>πολιτικῶν</strong></span> <span class='ocrx_word' id='word_1_772' title='bbox 3616 5242 3652 5312; x_wconf 79' lang='grc' dir='ltr'>ἢ</span> 
     </span>
    </p>
   </div>
   <div class='ocr_carea' id='block_1_115' title="bbox 2083 5338 3651 5428">
    <p class='ocr_par' dir='ltr' id='par_1_115' title="bbox 2083 5338 3651 5428">
     <span class='ocr_line' id='line_1_115' title="bbox 2083 5338 3651 5428; baseline -0.016 -17"><span class='ocrx_word' id='word_1_773' title='bbox 2083 5353 2493 5428; x_wconf 83' lang='grc' dir='ltr'><strong>στρατιωτικῶν</strong></span> <span class='ocrx_word' id='word_1_774' title='bbox 2516 5352 2548 5422; x_wconf 83' lang='grc' dir='ltr'>ἦ</span> <span class='ocrx_word' id='word_1_775' title='bbox 2571 5348 2888 5417; x_wconf 81' lang='grc' dir='ltr'><strong>θεματικῶν</strong></span> <span class='ocrx_word' id='word_1_776' title='bbox 2915 5344 3194 5416; x_wconf 83' lang='grc' dir='ltr'><strong>ἀρχόντων</strong></span> <span class='ocrx_word' id='word_1_777' title='bbox 3216 5341 3249 5412; x_wconf 76' lang='grc' dir='ltr'>ἢ</span> <span class='ocrx_word' id='word_1_778' title='bbox 3273 5338 3651 5408; x_wconf 85' lang='grc' dir='ltr'><strong>ἀπαρχόντων,</strong></span> 
     </span>
    </p>
   </div>
   <div class='ocr_carea' id='block_1_116' title="bbox 2084 5427 3652 5520">
    <p class='ocr_par' dir='ltr' id='par_1_116' title="bbox 2084 5427 3652 5520">
     <span class='ocr_line' id='line_1_116' title="bbox 2084 5427 3652 5520; baseline -0.015 -18"><span class='ocrx_word' id='word_1_779' title='bbox 2084 5427 2224 5520; x_wconf 82' lang='grc' dir='ltr'><strong>μήτε</strong></span> <span class='ocrx_word' id='word_1_780' title='bbox 2257 5441 2730 5518; x_wconf 80' lang='grc' dir='ltr'><strong>μητρόπολιτῶνῆ</strong></span> <span class='ocrx_word' id='word_1_781' title='bbox 2785 5436 3232 5509; x_wconf 79' lang='grc' dir='ltr'><strong>ἀρχιεπισκόπων</strong></span> <span class='ocrx_word' id='word_1_782' title='bbox 3269 5432 3302 5502; x_wconf 79' lang='grc' dir='ltr'><strong>ἢ</strong></span> <span class='ocrx_word' id='word_1_783' title='bbox 3341 5427 3652 5520; x_wconf 65' lang='grc' dir='ltr'><strong>ἐπισκόπων</strong></span> 
     </span>
    </p>
   </div>
   <div class='ocr_carea' id='block_1_117' title="bbox 2089 5517 3651 5610">
    <p class='ocr_par' dir='ltr' id='par_1_117' title="bbox 2089 5517 3651 5610">
     <span class='ocr_line' id='line_1_117' title="bbox 2089 5517 3651 5610; baseline -0.018 -15"><span class='ocrx_word' id='word_1_784' title='bbox 2089 5517 2470 5610; x_wconf 71' lang='grc' dir='ltr'><strong>ήήγουμένων</strong></span> <span class='ocrx_word' id='word_1_785' title='bbox 2501 5535 2534 5606; x_wconf 84' lang='grc' dir='ltr'>ἢ</span> <span class='ocrx_word' id='word_1_786' title='bbox 2564 5532 2673 5586; x_wconf 86' lang='grc' dir='ltr'><strong>τῶν</strong></span> <span class='ocrx_word' id='word_1_787' title='bbox 2726 5529 2938 5599; x_wconf 84' lang='grc' dir='ltr'><strong>εύαγῶν</strong></span> <span class='ocrx_word' id='word_1_788' title='bbox 2978 5531 3158 5581; x_wconf 89' lang='grc' dir='ltr'><strong>τόπων</strong></span> <span class='ocrx_word' id='word_1_789' title='bbox 3198 5521 3576 5610; x_wconf 86' lang='grc' dir='ltr'><strong>προεστώτων,</strong></span> <span class='ocrx_word' id='word_1_790' title='bbox 3617 5517 3651 5586; x_wconf 73' lang='grc' dir='ltr'>ἢ</span> 
     </span>
    </p>
   </div>
   <div class='ocr_carea' id='block_1_118' title="bbox 2087 5609 3647 5696">
    <p class='ocr_par' dir='ltr' id='par_1_118' title="bbox 2087 5609 3647 5696">
     <span class='ocr_line' id='line_1_118' title="bbox 2087 5609 3647 5696; baseline -0.017 -12"><span class='ocrx_word' id='word_1_791' title='bbox 2087 5609 2196 5694; x_wconf 81' lang='grc' dir='ltr'><strong>τῶν</strong></span> <span class='ocrx_word' id='word_1_792' title='bbox 2217 5629 2393 5691; x_wconf 79' lang='grc' dir='ltr'><strong>ἄλλως</strong></span> <span class='ocrx_word' id='word_1_793' title='bbox 2417 5626 2688 5695; x_wconf 76' lang='grc' dir='ltr'><strong>κοσμικῆς</strong></span> <span class='ocrx_word' id='word_1_794' title='bbox 2720 5623 2752 5693; x_wconf 80' lang='grc' dir='ltr'><strong>ἢ</strong></span> <span class='ocrx_word' id='word_1_795' title='bbox 2772 5615 3051 5696; x_wconf 74' lang='grc' dir='ltr'><strong>ἱερατικῆς</strong></span> <span class='ocrx_word' id='word_1_796' title='bbox 3076 5616 3234 5685; x_wconf 82' lang='grc' dir='ltr'><strong>δόξης</strong></span> <span class='ocrx_word' id='word_1_797' title='bbox 3253 5609 3647 5680; x_wconf 77' lang='grc' dir='ltr'><strong>τυγχανόντων,</strong></span> 
     </span>
    </p>
   </div>
   <div class='ocr_carea' id='block_1_119' title="bbox 2088 5699 3649 5794">
    <p class='ocr_par' dir='ltr' id='par_1_119' title="bbox 2088 5699 3649 5794">
     <span class='ocr_line' id='line_1_119' title="bbox 2088 5699 3649 5794; baseline -0.024 -11"><span class='ocrx_word' id='word_1_798' title='bbox 2088 5724 2118 5794; x_wconf 75' lang='grc' dir='ltr'>ἦ</span> <span class='ocrx_word' id='word_1_799' title='bbox 2149 5723 2352 5792; x_wconf 72' lang='grc' dir='ltr'><strong>ἀγορᾶς</strong></span> <span class='ocrx_word' id='word_1_800' title='bbox 2384 5719 2415 5790; x_wconf 86' lang='grc' dir='ltr'>ἢ</span> <span class='ocrx_word' id='word_1_801' title='bbox 2447 5717 2656 5788; x_wconf 78' lang='grc' dir='ltr'><strong>δωρεᾶς</strong></span> <span class='ocrx_word' id='word_1_802' title='bbox 2695 5713 2726 5784; x_wconf 82' lang='grc' dir='ltr'>ἢ</span> <span class='ocrx_word' id='word_1_803' title='bbox 2763 5712 2906 5784; x_wconf 81' lang='grc' dir='ltr'><strong>ἄλλῳ</strong></span> <span class='ocrx_word' id='word_1_804' title='bbox 2944 5709 3050 5764; x_wconf 76' lang='grc' dir='ltr'><strong>τινὶ</strong></span> <span class='ocrx_word' id='word_1_805' title='bbox 3080 5707 3274 5780; x_wconf 74' lang='grc' dir='ltr'><strong>τρόπῳ¹</strong></span> <span class='ocrx_word' id='word_1_806' title='bbox 3327 5699 3649 5786; x_wconf 61' lang='grc' dir='ltr'><strong>ύπεισέρχετ</strong></span> 
     </span>
    </p>
   </div>
  </div>
