4050 6428
236 389 334 450 569

1325 359 1693 444 NOVELL/E
1733 377 2412 440 CONSTITUTIONES.

3377 379 3482 441 5Ἲο

231 504 350 558 σθαι
389 500 470 563 εἰς
503 497 723 569 χωρίων
765 499 797 568 ἢ
831 497 1016 568 ἀγρῶν
1051 498 1294 568 κτήσεις.
1354 498 1494 562 Τοὺς
1521 497 1631 566 γὰρ
1668 493 1806 566 μετὰ

1923 503 2000 548 tut
2031 493 2363 559 donationis,
2395 502 2489 548 aut
2522 493 2630 548 alio
2653 491 2845 564 quovis
2878 491 3051 556 titulo,
3079 494 3130 546 iu
3157 493 3481 562 przediorum

225 597 322 662 τὴν
372 590 665 660 παροῦσαν
725 588 972 653 διάταξιν
1005 588 1244 642 τοιοῦτόν
1292 606 1344 641 τι
1397 588 1806 656 κατατολμῆσαι

227 682 597 756 βουληθέντας
626 682 725 736 καὶ
782 681 1109 752 άναργύρως
1161 680 1373 734 ἐκεῖθεν
1427 677 1807 742 ἐξελαύνεσθαι

224 772 548 842 κελεύομεν,
589 772 816 828 καὶτῶν
841 771 1058 825 οίκείων
1087 772 1494 840 ὲμπονημάτων
1545 770 1639 820 καὶ
1671 768 1807 820 καλ·

226 863 622 934 λιεργημάτων
647 861 1094 933 ἀποστερεῖσθαι,
1122 863 1219 915 καὶ
1247 861 1324 930 τῷ
1354 860 1620 930 δημοσίῳ,
1653 875 1809 926 περι-

227 957 418 1022 φανείς
449 952 554 1024 μιν
581 950 768 1017 ὄντας,
791 951 890 1022 τὴν
926 951 1022 1004 τοῦ
1047 951 1239 1021 ἐπικτή
1249 966 1420 1018 ματος
1442 949 1608 1016 τιμὴν
1633 964 1808 1000 κατα-

229 1044 524 1100 ϐάλλεσθαι
577 1044 700 1117 (οὐκ
727 1043 992 1113 ὠφελείας
1035 1043 1069 1111 ἢ
1106 1042 1468 1110 συνεισφορᾶς
1501 1040 1686 1092 ἕνεκεν
1714 1039 1808 1091 τοῦ

231 1136 524 1207 δημοσίου,
553 1164 628 1178 —-
665 1137 716 1188 οί
745 1135 858 1206 γὰρ
905 1134 966 1188 τὸ
1000 1134 1111 1186 τῶν
1158 1133 1334 1188 ἄλλων
1387 1133 1684 1200 ἀκόρεστον
1713 1131 1811 1199 τῆς

236 1226 718 1299 φιλοκτημοσύνης
765 1226 1117 1280 ἀναστέλλειν
1153 1223 1548 1288 σπουδάζοντες
1590 1224 1705 1286 πῶς
1745 1225 1810 1274 ἂν

236 1321 312 1383 είς
329 1319 536 1374 elatos
553 1317 746 1389 κέρδος
764 1315 923 1371 τοῦτο
941 1318 1034 1370 ἁνε
1044 1316 1382 1386 ρυθριάστως
1407 1313 1806 1383 διορισαίμεθα,

235 1411 294 1462 ού
349 1407 540 1480 κοινὴν
586 1407 858 1478 ὠφέλειαν
899 1407 1016 1461 ἀλλ’
1050 1407 1187 1460 ίδίαν
1215 1405 1484 1458 ποιεῖσθαι
1534 1403 1813 1471 ἐξελεγχό-

241 1513 428 1569 pavos;
449 1527 514 1540 —
537 1497 679 1552 ἀλλὰ
698 1499 797 1568 τῆς
819 1498 928 1552 τῶν
953 1501 1198 1567 πενήτων
1220 1497 1382 1550 ἕνεκα
1411 1494 1776 1566 προμηθείας)
1795 1507 1810 1522 ⁶

241 1591 354 1644 τῶν
381 1588 782 1659 εὐτελεστέρων
810 1588 868 1641 δὲ
897 1589 990 1640 καὶ
1019 1587 1344 1657 ἁναργύρως
1370 1585 1808 1653 ὲκδιωκομένων,

251 1683 348 1734 καὶ
370 1679 466 1735 διὰ
481 1679 578 1750 τῆς
595 1678 986 1750 προσηκούσης
1009 1679 1276 1749 τιμωρίας
1301 1676 1808 1746 σωφρονιζομένων.

255 1775 436 1831 ταῦτα
466 1775 686 1845 κρατεῖν
743 1773 884 1843 ὑπὲρ
931 1773 1028 1841 τῆς
1067 1774 1175 1824 τῶν
1227 1772 1484 1840 ὑπηκόων
1542 1769 1813 1839 σωτηρίας

888 1823 1056 1932 πολλὴ
1083 1823 1176 1916 καὶ
1211 1823 1463 1931 διηνεκὴς
1497 1864 1628 1929 ἡμῖν
1676 1823 1816 1930 ζέράἰ
1847 1823 1887 1876 Β

245 1971 422 2010 κειται
453 1955 702 2022 πρόνοια.
749 1955 812 2008 El
845 1955 953 2024 γὰρ
1006 1953 1273 2024 τοσαύτην
1303 1954 1538 2022 ἐθέμεθα
1576 1953 1684 2006 τῶν
1712 1952 1816 2005 ὑπὸ

241 2051 402 2120 χεῖρα
435 2047 719 2118 πρόνοιαν,
765 2046 1104 2117 ὦς’μηδενδς
1162 2047 1448 2114 φείσασθαι
1481 2046 1587 2098 τῶν
1631 2062 1817 2098 συντε-

239 2141 481 2196 λούντων
507 2141 590 2203 είς
618 2139 954 2208 ιλευθερίαν,
987 2139 1056 2191 δι’
1091 2137 1126 2192 ἃ
1166 2140 1258 2191 καὶ
1304 2140 1481 2207 χῶραι
1510 2139 1605 2190 καὶ⁸
1632 2137 1816 2206 κῶμαι

241 2235 338 2286 καὶ
363 2230 556 2294 πόλεις
573 2229 708 2284 Θεοῦ
732 2229 1119 2296 συνεργοῦντος
1137 2230 1266 2298 ἡμῖν
1298 2230 1686 2298 προσεγένοντο
1708 2229 1816 2280 τῶν

239 2321 608 2387 ὑπεναντίων,
647 2321 706 2374 αἱ
737 2319 837 2389 μὲν
857 2319 1016 2389 ἔργον
1044 2319 1280 2388 πολέμου
1324 2319 1642 2387 γενόμεναι,
1674 2321 1728 2371 αἱ
1760 2320 1817 2372 δὲ

241 2413 550 2486 «irme
589 2413 946 2480 ὑποδείγματι
985 2411 1172 2480 καὶτῷ
1201 2412 1297 2479 τῆς
1315 2412 1568 2473 ἁλώσεως
1600 2413 1692 2465 καὶ
1714 2414 1820 2480 πρὸ

244 2508 340 2579 τῆς
367 2502 678 2573 πολεμικῆς
699 2502 902 2556 ἁλοῦσα
933 2501 1084 2571 φόϐῳ
1104 2501 1403 2569 σάλπιγγος
1430 2505 1816 2570 προσρυεῖσαι,

246 2598 338 2652 καὶ
359 2594 636 2664 νισαύτην
659 2595 774 2656 τοῖς
805 2593 1066 2664 ὑπηκόοις
1091 2594 1502 2663 παρασχεθῆναι
1533 2595 1630 2663 τῆς
1665 2595 1820 2646 πολε-

251 2689 420 2760 μικῆς
459 2687 656 2757 ιφὸδου
719 2686 820 2758 τὴν
878 2685 1194 2755 ἐλευθερίαν
1239 2685 1376 2739 Θεοῦ
1433 2667 1822 2753 συνεργοῦντος

247 2776 716 2850 ᾱηγωνισάμεθα.
737 2777 904 2846 εὐχῆς
920 2776 1014 2829 καὶ
1028 2775 1268 2844 σπουδῆς
1283 2774 1444 2842 ἔργον
1462 2775 1786 2844 προθέμενοι
1804 2792 1818 2806 ο

247 2873 296 2925 οι
343 2869 532 2924 τοίνυν
567 2867 703 2939 πρὸς
759 2869 858 2936 τὴν
880 2867 992 2920 τῶν
1045 2865 1244 2929 ἔξωθεν
1295 2865 1506 2935 ἐχθρῶν
1555 2865 1823 2935 ἐπιφορὰν

249 2962 484 3017 τοσαῦτα
504 2959 1042 3031 καρτεργασάμενοι,
1077 2958 1204 3021 τοὺς
1234 2957 1472 3019 οἰκείους
1497 2959 1589 3009 καὶ
1613 2957 1823 3010 ἔνδοθεν

251 3057 402 3119 εντα(
431 3051 668 3124 ἐχθροὺς
711 3051 813 3118 τῆς
845 3049 1083 3118 φύσεως,
1115 3050 1214 3116 τῆς
1240 3048 1510 3110 πλάσεως.
1540 3049 1639 3116 τῆς
1674 3049 1824 3100 εὐνο-

1911 583 2276 653 velagrorum
2317 584 2686 654 possessiones
2721 585 2995 639 succedat.
3033 584 3141 637 Eos
3178 584 3341 646 enim,
3391 585 3482 652 qui

1910 685 2032 745 post
2061 675 2206 730 hanc
2243 675 2717 739 constitutionem,
2751 675 2856 730 tale
2895 674 3024 744 quid
3058 675 3260 728 audere
3301 676 3485 729 volue-

1914 768 2058 821 rint:
2087 777 2142 821 et
2173 767 2348 836 pretio
2389 781 2494 821 non
2537 769 2786 839 restituto
2817 767 3036 838 praediis
3064 766 3186 833 ejici
3205 767 3485 834 iubemus,

1910 864 1966 911 et
1997 855 2177 926 aperis
2211 857 2577 926 impensisque
2598 857 2733 922 suis,
2761 871 2898 924 quas
2929 857 2996 910 ad
3039 871 3149 911 rem
3193 858 3488 926 pretiosio-

1914 962 2025 1000 rem
2053 945 2355 1002 faciendam
2380 955 2434 1001 et
2462 947 2762 1003 ornandam
2818 947 3187 1012 contulerunt,
3214 947 3485 1016 fraudari;

1911 1047 1963 1092 et
1995 1037 2415 1093 :estimationem
2439 1039 2695 1107 acquisiti
2730 1038 2942 1109 praedii,
2965 1039 3228 1106 siquidem
3252 1039 3489 1094 illustres

1915 1127 2016 1180 viri
2049 1127 2179 1190 sint,
2223 1125 2354 1182 llsco
2395 1127 2693 1197 applicari;
2739 1142 2843 1182 non
2887 1137 3107 1198 propter
3143 1129 3488 1183 commodum

1914 1218 2132 1287 aliquod
2162 1226 2255 1273 aut
2293 1219 2526 1273 reditum
2559 1219 2672 1274 ﬁsci
2702 1218 2848 1291 (nam
2882 1219 2972 1288 qui
3005 1220 3286 1273 avaritiam
3331 1219 3485 1272 inero

1914 1309 2160 1378 plebilem
2197 1309 2249 1363 in
2279 1310 2400 1364 aliis
2433 1324 2688 1364 coercere
2732 1310 3032 1372 studemus,
3061 1325 3311 1379 quonaur
3328 1309 3488 1362 modo

1914 1401 1964 1452 id
2003 1399 2132 1454 lucri
2169 1400 2337 1455 nostri
2369 1415 2530 1454 causa
2565 1401 2700 1454 citra
2761 1403 3018 1468 pudorem
3066 1401 3232 1454 ullqu
3269 1410 3480 1454 statue-

1916 1507 2115 1557 remus,
2178 1505 2384 1560 nosque
2436 1491 2837 1546 declararemus
2890 1505 2992 1546 uno
3045 1490 3336 1559 publicam,
3395 1489 3489 1543 sed

1916 1583 2162 1651 privatim
2194 1591 2435 1638 nostram
2468 1582 2752 1636 utilitatem
2781 1581 3086 1651 quaerere?)
3124 1582 3216 1635 sed
3261 1590 3319 1634 ut
3358 1597 3490 1649 pau-

1918 1673 2136 1742 peribus
2179 1672 2538 1741 prospiciatur
2581 1690 2594 1726 :
2646 1670 3024 1728 humilioribus
3074 1673 3277 1739 absque
3332 1669 3492 1738 pretii

1919 1765 2194 1819 refusione
2241 1763 2527 1833 pellendis,
2574 1773 2630 1818 et
2679 1765 2873 1818 merito
2920 1773 3178 1832 praeterea
3226 1761 3494 1830 supplicio

1917 1855 2266 1924 castigandis.
2316 1853 2440 1908 llaac
2487 1869 2586 1908 nos
2635 1868 2732 1922 pro
2783 1853 2959 1907 salute
3001 1853 3338 1907 subditorum
3377 1865 3499 1904 esse

1921 1959 2034 2002 rata
2069 1949 2338 2012 volumus,
2391 1961 2619 2017 quorum
2657 1961 2821 2001 causa
2868 1945 3024 1999 nobis
3061 1944 3249 2012 ingens
3286 1949 3338 1995 et
3371 1955 3496 2008 per-

1920 2050 2075 2108 peltta
2116 2039 2419 2093 sollicitudo
2464 2037 2743 2091 incumbit.
2797 2036 2926 2090 Nam
2959 2036 3002 2088 si
3055 2042 3336 2101 tantopere
3360 2031 3495 2084 sub-

1916 2129 2048 2198 jecti
2114 2129 2286 2183 nostri
2340 2143 2484 2183 cura;
2527 2129 2680 2181 nobis
2725 2126 2966 2190 fuerunt,
3018 2133 3074 2178 ut
3127 2123 3255 2177 nulli
3307 2134 3496 2174 eorum

1919 2219 2344 2287 pepercerimus,
2395 2234 2515 2287 quae
2570 2218 2636 2270 ad
2686 2217 2991 2271 libertatem
3036 2215 3248 2268 illorum
3295 2212 3500 2266 condu-

1922 2317 2090 2371 cunt;
2125 2323 2229 2376 qua
2262 2319 2484 2378 prepter
2527 2317 2581 2362 et
2626 2307 2862 2362 hostium
2911 2306 3228 2370 ditionibus,
3259 2314 3314 2358 et
3343 2304 3501 2366 vicis,

1921 2409 1974 2453 et
2001 2399 2237 2468 Oppidis,
2273 2398 2384 2453 Deo
2411 2398 2564 2453 nobis
2599 2399 2919 2467 opitulante,
2949 2397 3104 2466 potiti
3126 2410 3348 2460 sumus,
3383 2394 3504 2447 aliis

1923 2491 2044 2546 belli
2076 2490 2200 2560 jure
2243 2491 2437 2558 captis,
2485 2489 2604 2543 aliis
2644 2498 2699 2543 et
2747 2488 3012 2558 priorum,
3057 2496 3113 2541 et
3156 2487 3326 2555 ipsius
3365 2483 3502 2539 adeo

1922 2582 2250 2653 captivitatis
2321 2582 2565 2651 exemplo
2621 2590 2874 2651 metuque
2935 2579 3133 2634 deditis
3203 2585 3494 2647 antequam

1925 2674 2113 2727 martia
2156 2673 2279 2726 tuba
2331 2673 2636 2743 clangeret;
2674 2681 2986 2740 tantamque
3027 2661 3259 2725 Stliditis
3293 2668 3360 2723 ab
3399 2668 3505 2722 im-

1924 2766 2206 2836 pressione
2229 2766 2418 2820 bellica
2449 2764 2844 2829 liberationem,
2871 2765 3114 2833 adjutore
3133 2761 3262 2825 Deo,
3291 2771 3508 2814 summa

1925 2858 2270 2912 contentione
2330 2857 2524 2910 virium
2584 2855 2947 2920 confecimus,
3007 2853 3282 2924 proposito
3351 2851 3508 2906 nobis

1927 2946 2036 2999 voti
2073 2947 2347 3016 studiique
2390 2945 2678 3015 singularis
2715 2959 2917 3014 opere:
2953 2943 3042 3013 qui
3080 2957 3209 3010 ergo
3249 2943 3510 2996 adversus

1927 3047 2308 3092 extraneorum
2338 3037 2575 3092 hostium
2603 3038 2862 3107 impetum
2895 3036 3019 3089 talia
3052 3043 3308 3102 tantaque
3335 3031 3512 3102 perle-

258 3143 374 3214 μιας
530 3141 636 3195 οὐκ
652 3138 1063 3210 ὰποτριψόμεθα
1093 3138 1171 3206 τῷ
1192 3137 1384 3207 δικαίῳ
1405 3139 1497 3206 τῆς
1515 3137 1820 3208 ἐλευθερίας

1930 3131 2124 3194 cimus,
2155 3144 2258 3182 non
2285 3131 2447 3183 etiam
2485 3129 2814 3182 domesticos
2842 3137 2897 3181 et
2930 3127 3176 3180 internus
3203 3123 3386 3178 hostes
3417 3136 3512 3174 na-

252 3235 580 3307 βουλήματι,
612 3231 693 3302 τῷ
742 3231 995 3302 τμητικῷ
1027 3233 1125 3301 τῆς
1181 3230 1463 3299 παρούσης
1508 3229 1825 3298 νομοθεσίας

249 3327 341 3380 καὶ
381 3322 705 3394 ιλευθσρίας
737 3321 903 3390 ξίφει,
931 3319 1379 3390 δυσχεραίνοντες
1408 3318 1502 3372 καὶ
1533 3318 1826 3389 βαρυνόμε-

256 3435 336 3472 νοι
369 3415 437 3472 τὸ
469 3415 794 3486 ἀκόρεστον,
841 3412 942 3481 τὴν
994 3408 1382 3480 πλεονεκτικὴν
1425 3409 1826 3478 ἀποτέμνοντες

251 3507 599 3579 προαίρεσιν,
626 3504 724 3558 καὶ
751 3502 848 3556 τοῦ
879 3502 1046 3570 ζυγοῦ
1076 3502 1175 3570 τῆς
1204 3501 1535 3570 τυραννικῆς
1579 3501 1673 3553 καὶ
1729 3501 1824 3569 βας

255 3597 408 3668 ρείας
452 3595 550 3650 καὶ
588 3593 774 3666 χειρὸς
821 3594 918 3646 καὶ
967 3590 1192 3661 γνώμης
1255 3591 1713 3659 ἀπαυχενὶξοντες
1767 3592 1827 3642 τὸ

253 3686 528 3754 ὑπήκωνς
572 3683 747 3737 ταῦτα
804 3683 897 3735 ἐπὶ
950 3681 1050 3749 τῆς
1091 3680 1299 3733 ἑαυτῶν
1345 3680 1607 3749 διηνεκῶς
1646 3681 1828 3749 μένειν

259 3767 705 3846 [quantum
749 3771 859 3824 τῶν
890 3770 1134 3834 δικάζειν
1162 3770 1440 3839 λαχόντων
1469 3787 1826 3839 παρασκευα-

264 3869 426 3932 ζέτω,
449 3863 526 3929 τις
542 3863 676 3920 θεοῦ
700 3864 1000 3936 θεραπείαν
1029 3863 1240 3932 καὶτῆς
1263 3864 1319 3928 ἐξ
1349 3862 1513 3915 αὐτοῦ
1554 3862 1828 3931 βασιλείας

264 3960 440 4042 ἡμῶν,
467 3959 550 4025 είς
573 3958 764 4044 κοινὴν
785 3957 1124 4012 λυσιτιλειαν
1156 3957 1249 4010 καὶ
1277 3956 1566 4027 ὠφέλειαν.

921 4275 926 4280 .
1007 4267 1082 4327 Εη

329 4449 436 4535 ξόὖ
459 4449 1030 4535 Πορφυρόπεννήτοιξ
1061 4453 1195 4522 περὶ
1225 4449 1345 4535 τῶνε
1391 4451 1832 4522 είσερχομένων

333 4520 610 4580 δυνατῶα·
625 4520 711 4590 εἰς
742 4520 1172 4588 ἃνακοινώσεις
1196 4520 1490 4588 πενήτων.

335 4636 492 4708 Παρὰ
524 4633 735 4688 πολλῶν
754 4635 1028 4706 ἀνέμαθεν
1057 4637 1091 4706 η
1115 4636 1180 4688 ἐκ
1207 4632 1344 4686 Θεοῦ
1373 4631 1617 4702 βασιλεία
1645 4632 1824 4701 ἡμῶν,

270 4730 339 4790 ὼς
356 4731 404 4781 οί
438 4728 495 4780 ὲν
510 4726 590 4796 τῷ
616 4725 813 4797 θέματι
829 4726 936 4780 τῶν
957 4725 1284 4798 Θρᾳκησίων
1306 4725 1520 4778 δυνατοὶ
1545 4725 1638 4776 καὶ
1669 4723 1840 4794 ὑπερ.

1869 4274 1916 4330 D

267 4385 458 4456 Νεαρὸ
490 4384 601 4440 τοῦ
650 4383 834 4454 πυροῦ
873 4382 1334 4456 Κωστανζίνρυ
1388 4381 1494 4456 τοῦ
1522 4380 1832 4456 βασιᾼέως
1874 4429 1877 4436 .

1926 3231 2082 3284 tum,
2127 3221 2445 3284 creationis,
2489 3220 2668 3290 legum
2715 3219 3005 3289 aequitatis,
3052 3217 3199 3287 justo
3245 3212 3512 3268 libertatis

1926 3311 2147 3365 decreto
2209 3310 2574 3380 ejiceremus?
2625 3320 2785 3364 acuto
2841 3307 3052 3362 scilicet
3098 3305 3231 3377 legis
3287 3303 3513 3370 lmjusce

1931 3403 2130 3471 gladio,
2199 3417 2318 3454 cum
2373 3402 2699 3470 permoleste
2757 3414 2819 3452 ac
2877 3399 3115 3466 graviter
3161 3395 3510 3465 cupiditatem

1932 3492 2076 3546 illam
2134 3491 2516 3560 inexplebilem
2578 3491 2840 3551 feramus,
2897 3502 3119 3542 avarum
3175 3484 3513 3555 propositum

1936 3593 2267 3646 resecautes,
2297 3581 2567 3648 simulque
2608 3581 2946 3636 subditorum
2985 3589 3294 3632 nostrorum
3337 3576 3515 3630 cervi-

1933 3689 2026 3730 ces
2067 3688 2096 3727 a
2134 3672 2265 3742 jugo
2311 3673 2624 3743 tyrannicae,
2676 3685 2879 3739 perque
2927 3669 3104 3738 gravis
3153 3678 3266 3721 tum
3301 3681 3513 3729 manus,

1937 3775 2048 3820 tum
2078 3766 2298 3828 mentis,
2329 3765 2640 3818 liberantes.
2675 3762 2848 3831 Atque
2883 3764 2998 3816 haec
3039 3759 3117 3814 uti
3163 3768 3418 3829 perpetuo
3461 3757 3514 3810 in

1936 3858 2124 3911 eodem
2151 3858 2345 3911 robore
2369 3864 2642 3921 maneant,
2671 3854 2897 3923 quilibet
2919 3867 3129 3916 eorum,
3158 3851 3248 3919 qui
3276 3850 3514 3920 iudicum

1937 3949 2124 4006 oﬂleiis
2153 3951 2469 4018 funguntur,
2512 3957 2620 4002 tam
2652 3947 2722 4002 ad
2759 3948 2928 4015 ipsius
2970 3945 3062 4000 Dei
3094 3948 3324 4006 cultum,
3356 3957 3516 4010 quant

1947 4043 2016 4098 ad
2081 4041 2295 4111 imperii
2350 4041 2510 4096 nobis
2562 4040 2632 4095 ab
2673 4039 2794 4110 ipso
2848 4037 3091 4094 concessi
3154 4034 3516 4097 duratiouetu,

1946 4131 2317 4197 commodum,
2346 4141 2401 4188 et
2432 4131 2741 4197 utilitatem,
2771 4129 2988 4186 etiiciat.

2696 4267 2762 4324 ν.

1940 4383 2275 4440 (ἱοηειαηιὶηι
2329 4385 2662 4454 imperatam
2719 4380 3156 4450 Porphyrogeuiti
3211 4379 3420 4454 nopella
3457 4379 3521 4433 de

2009 4454 2306 4521 potentibus
2365 4449 2419 4508 iri
2495 4453 2696 4522 prazdia
2756 4449 3042 4520 pauperum
3109 4449 3516 4503 succedentibus.

2012 4523 2186 4592 (Anno
2223 4524 2373 4594 947.)

2015 4636 2093 4691 Ex
2129 4636 2313 4690 multis
2373 4636 2625 4704 cognovit
2685 4632 2942 4688 divinitus
2991 4631 3278 4687 constituta
3332 4629 3520 4695 majes-

1949 4736 2033 4783 tas
2068 4735 2273 4793 nostra,
2327 4736 2572 4794 potentes
2605 4733 2657 4778 et
2706 4723 3083 4794 locupletiores
3140 4724 3192 4776 itt
3243 4723 3521 4792 provincia

271 4817 503 4885 ἔχοντες,
555 4816 1071 4886 καταφρονήσαντες
1125 4814 1223 4872 καὶ
1247 4813 1344 4883 τῆς
1368 4812 1654 4882 βασιλικῆς
1681 4829 1820 4882 νομο

1946 4816 2364 4873 Thracesiorum
2386 4816 2496 4889 (.7),
2522 4825 2829 4886 contempta
2855 4813 3113 4885 imperiali
3141 4813 3276 4882 lege,
3305 4812 3527 4882 ipsoque

272 4908 455 4970 θεσίας
475 4907 574 4961 καὶ
596 4905 761 4962 αὑτοῦ
784 4905 878 4959 τοῦ
901 4905 1064 4974 φύσει
1087 4905 1300 4958 δικαίου
1320 4903 1532 4974 καὶτῆς
1560 4903 1730 4972 ἡμετέ
1739 4919 1820 4974 ρας

1941 4907 2065 4978 jure
2088 4907 2343 4973 naturali,
2374 4916 2430 4963 et
2476 4910 2729 4962 mandato
2755 4913 2970 4971 nostro,
3023 4922 3126 4960 non
3174 4905 3422 4961 desinere
3471 4905 3524 4960 in

270 5000 645 5068 προστάξεως,
693 5000 772 5079 οὑ.
808 4997 1072 5052 παύονται
1119 4997 1565 5068 ἐπεισερχόμενοι
1617 4999 1676 5050 ὲν
1729 4997 1820 5049 τοῖ.

1947 5001 2147 5071 praedia
2161 5003 2449 5057 succedere
2479 5001 2632 5056 titulo
2648 4999 3014 5070 emptionum,
3060 5007 3116 5052 et
3150 4999 3524 5064 donationum,

269 5094 489 5163 χωρίοις
511 5094 700 5145 ἕνεκεν
731 5091 949 5162 ἀγορῶν
977 5092 1069 5144 καὶ
1084 5091 1303 5160 δωρεῶν
1327 5093 1422 5144 καὶ
1447 5087 1820 5160 κληρονομιῶν

1952 5101 2006 5148 et
2034 5092 2406 5146 liaereditatum
2439 5109 2454 5146 :
2494 5099 2654 5162 atque
2688 5089 2974 5146 occasione
3016 5087 3323 5158 huiusmodi
3367 5088 3530 5144 mist}:J

268 5187 359 5239 καὶ
381 5187 450 5256 τῇ
473 5183 700 5254 τοιαύτῃ
723 5182 994 5252 προφάσει
1018 5182 1146 5245 τοὺς
1165 5181 1431 5242 ἐλεεινοὺς
1458 5179 1820 5250 τυραννοῦντεη

1951 5198 2044 5239 ros
2083 5199 2179 5254 per
2223 5183 2562 5255 tyrannidem
2610 5182 2918 5252 opprimere
2956 5195 3239 5249 pauperes,
3282 5191 3335 5234 et
3378 5178 3527 5231 sedi-

268 5279 521 5347 πτωχοὺς
558 5275 653 5330 καὶ
690 5276 798 5334 τῶν
829 5273 974 5327 ἰδίων
1004 5273 1284 5335 ποιοῦντες
1319 5273 1658 5342 μετανάστας
1683 5286 1697 5299 ·
1759 5271 1820 5324 διέ

1955 5277 2058 5331 bus
2087 5276 2200 5330 suis
2227 5274 2515 5345 expellere.
2569 5273 2856 5342 Propterea
2907 5274 2974 5327 de
3008 5271 3280 5327 communi
3330 5268 3530 5322 delibe-

269 5371 427 5422 τοῦτο
455 5370 524 5422 ὲκ
551 5366 740 5437 κοινῆς
764 5365 1104 5436 διασκέψεως
1131 5365 1298 5435 νόμον
1327 5365 1424 5417 καὶ
1457 5363 1633 5434 δόγμα
1668 5363 1820 5418 κοινδ

1958 5365 2167 5420 ratione
2217 5365 2388 5434 legem
2431 5373 2598 5435 atque
2643 5365 2922 5419 decretum
2971 5373 3256 5416 commune
3299 5358 3439 5412 hanc
3470 5355 3524 5408 in

271 5460 606 5531 ἰκτιθέμεθα
644 5461 740 5514 καὶ
760 5459 1149 5535 ἐκτυπούμεθα
1173 5459 1232 5512 ὲν
1272 5457 1414 5522 ὅλοις
1434 5456 1591 5528 ήμῶν
1616 5458 1728 5522 τοῖς
1755 5455 1816 5511 θέ

1956 5456 2284 5513 sententiam
2318 5457 2370 5512 in
2417 5457 2670 5514 omnibus
2714 5453 3011 5528 provinciis
3058 5451 3258 5506 nostris
3302 5447 3527 5502 ferimus

277 5570 464 5622 μασιν,
491 5552 672 5616 οὕτως
705 5567 720 5583 ⁸

1961 5563 2027 5616 ac
2053 5549 2482 5620 promulgamus.

349 5737 424 5811 (ἲ)
465 5734 578 5794 lloc
605 5743 710 5800 est,
743 5733 1091 5824 Bithynorum
1126 5731 1288 5802 Asiae.

429 5905 480 5920 κ
