4050 6418
181 387 281 447 573

1264 375 1628 436 NOYELLJE
1668 375 2353 437 CONSTlTU'l‘IONES.

3329 379 3434 439 574

180 489 435 550 δότωσαν,
475 483 584 538 κᾶν
626 484 658 536 ὀ
703 482 1013 553 ἀγοραστὴς
1049 481 1150 535 οὐκ
1190 477 1258 553 ἦν
1312 481 1422 535 τῶν
1455 481 1786 544 δυνατωτέε

1887 500 1996 550 am,
2023 495 2270 556 emptore
2298 484 2379 539 vel
2405 483 2524 552 ejus
2547 484 2751 540 familia
2776 499 2835 541 se
2857 499 2954 554 per
2977 485 3228 555 iujuriam
3259 487 3434 552 lases,

183 597 310 649 ρων.

246 757 308 810 δ’.
334 755 417 808 Τὰ
444 741 503 808 δέ
537 753 900 825 εὐτελέστερα
954 755 1063 807 τῶν
1087 753 1483 826 μοναστηρίων,
1525 753 1621 805 καὶ
1647 753 1760 806 ὅσοι

184 848 286 900 ἀπὸ
313 847 646 916 σπαθαρίων
683 847 796 899 τῶν
820 849 878 900 ἐν
900 849 964 916 τῇ
1022 844 1373 914 θεοφυλάκτῳ
1427 845 1581 898 πόλει
1639 846 1763 898 δια-

186 938 480 1005 τριϐόντων
507 938 608 990 καὶ
641 937 967 1007 κατωτέρων
1001 938 1282 1006 ἀρχόντων
1322 936 1514 1007 ἔτυχον
1554 938 1760 1008 ἀγορά-

191 1044 370 1090 σαντες
410 1027 589 1098 χωρὶς
638 1028 964 1097 οἱασδήποτε
1011 1027 1132 1097 βίας
1183 1028 1276 1080 καὶ
1326 1027 1562 1091 ἀδικίας,
1622 1027 1761 1098 μηδὲ

195 1117 554 1188 προστασίαις
577 1118 965 1190 δυνατωτέρων
991 1117 1450 1187 διφεντευόμενοι,
1486 1117 1562 1188 μὴ
1605 1117 1765 1188 μόνον

198 1211 284 1273 τάς
308 1211 479 1279 τιμὰς
507 1210 1064 1280 ἀνὼμσανέτωσαν,
1088 1210 1224 1264 ἀλλά
1254 1211 1348 1264 καὶ
1389 1210 1489 1270 τάς
1545 1211 1769 1280 ἐπικερ-

203 1302 295 1365 δεῖς
339 1303 616 1366 δαπάνας,
672 1299 784 1355 οἷον
807 1304 889 1364 είς
946 1300 1286 1372 ἀμπελώνων
1339 1301 1770 1370 καταφυτεύσας

199 1394 283 1445 καὶ
318 1393 642 1462 ὑδρομύλων
685 1393 1066 1463 κατασκευήνο
1131 1391 1392 1446 δύνασθαι
1455 1393 1510 1446 δὲ
1551 1391 1769 1456 καὶτὰς

203 1485 321 1549 ὕλας
347 1486 458 1537 τῶν
492 1486 638 1538 ἰδίων
675 1486 992 1555 οίκημάτων
1021 1487 1326 1554 περιαιρεῖν
1378 1484 1518 1554 μετά
1563 1485 1658 1537 τοῦ
1693 1485 1770 1555 μὴ

204 1574 401 1643 βλάψαι
425 1575 522 1644 τὴν
552 1575 825 1644 προτέραν
850 1576 1202 1637 κατάστασιν,
1251 1576 1300 1628 εί
1352 1575 1426 1645 μὴ
1467 1575 1564 1646 τὴν
1630 1574 1772 1644 ὑπὲρ

203 1663 410 1716 τούτων
445 1664 679 1734 δαπάνην
727 1664 1114 1734 λαμϐάνουσιν.

281 1753 339 1810 ε’.
395 1755 644 1824 Ἀπορίας
674 1755 731 1808 δὲ
767 1755 935 1826 οὔσης
981 1754 1116 1824 πρὸς
1144 1756 1241 1824 τὴν
1288 1755 1636 1826 ἀναστροφὴν
1664 1753 1772 1806 τῶν

207 1821 685 1920 χρεωστουμένων,
728 1821 1140 1914 μεσεγγυᾶσθαι
1299 1821 1772 1916 προεκποιηθέντα
1797 1821 1847 1882 Β

201 1939 288 1990 ἐπὶ
312 1934 586 1989 τοσούτων
608 1934 884 2005 διάστημα
913 1937 1143 2007 χρόνων,
1189 1935 1385 2006 μέχρις
1419 1929 1480 1989 οὗ
1515 1935 1623 1989 ἀπὸ
1669 1935 1768 2005 τῆς

199 2027 502 2097 μελλούσης
536 2029 779 2097 καθαρᾶς
814 2027 1148 2096 ἐπικαρπίας
1183 2026 1244 2080 τὸ
1275 2025 1624 2096 ὀφειλόμενον
1686 2025 1772 2078 τί-

199 2134 354 2187 μημα
405 2115 443 2185 ἢ
486 2116 548 2168 τὸ
603 2115 892 2186 εἰρημένον
939 2116 1202 2185 ἀνάλωμα
1256 2116 1480 2169 δύναται
1547 2114 1770 2168 ἑπισυν⁶

195 2208 426 2275 ἀγεσθαι
449 2223 463 2237 ·
495 2207 529 2276 ἢ
562 2207 759 2276 μᾶλλον
791 2207 1116 2276 κατέχεσθαι
1156 2206 1255 2274 μὲν
1295 2207 1368 2259 τὸ.
1388 2206 1574 2277 κτῆμα
1622 2206 1773 2276 παρά

194 2298 282 2352 τοῦ
343 2296 810 2367 ὲκποιησαμένου,
868 2297 948 2360 είς
1009 2296 1066 2349 δὲ
1126 2298 1227 2365 τὴν
1287 2296 1618 2366 συγκομιδὴν
1665 2294 1774 2348 τῶν

197 2391 425 2459 καρπῶν
451 2387 706 2456 γίνεσθαι
761 2387 1017 2456 πρόνοιαν
1059 2388 1150 2440 καὶ
1192 2386 1588 2458 παραφυλακὴν
1640 2387 1774 2457 πρὸς

196 2482 254 2532 τι
287 2479 672 2548 περισωθῆναι
703 2479 897 2539 αὐτοὺς
928 2478 1006 2538 είς
1034 2477 1421 2547 ἀποπλήρωσιν
1454 2475 1550 2530 τοῦ
1583 2476 1777 2529 συναλ-

199 2565 487 2629 λάξαντος,
540 2563 788 2628 ἐξουσίαν
816 2562 1025 2633 ἔχοντο;
1073 2564 1169 2616 καὶ
1210 2565 1375 2618 αὑτοῦ
1401 2563 1606 2618 τούτων
1645 2581 1778 2632 προ-

200 2657 440 2710 νοεῖσθαι
477 2656 560 2718 είς
610 2655 673 2708 τὸ
723 2656 798 2724 μὴ
855 2655 1258 2709 ἀποϐάλλεσθαι
1323 2657 1451 2720 τοὺς
1505 2656 1774 2727 καρπούς.

202 2749 312 2801 Καὶ
379 2748 432 2800 εί
508 2746 611 2815 μιν
679 2745 902 2812 εὐπορεῖ
940 2745 1206 2816 ἑτέρωθεν
1258 2749 1286 2799 ὁ
1343 2747 1780 2817 ὲκποιησάμενος

202 2836 549 2898 διοικεῖσθαι,
589 2837 796 2897 πάντας
826 2835 1168 2888 ἀναδίδοσθαι
1217 2835 1354 2904 πρὸς
1383 2834 1474 2887 τὸν
1509 2834 1778 2887 συναλλά-

207 2930 366 2994 ξαντα
411 2943 426 2978 °.
479 2929 528 2980 εί
574 2927 630 2979 δὲ
685 2927 785 2996 μὴ,
827 2926 886 2979 τὸ
955 2925 1156 2995 ἀνῆκον
1210 2925 1268 2991 ἐξ
1294 2909 1473 2978 αὐτῶν
1506 2924 1642 2996 πρὸς
1685 2925 1782 2995 τὴν

207 3017 510 3084 σιαγκαίαν
534 3014 723 3086 χρείαν
773 3015 868 3067 καὶ
913 3014 1187 3085 γεωργίαν
1228 3013 1323 3067 τοῦ
1377 3014 1549 3084 ἀγροῦ
1602 3031 1781 3086 παρα-

1865 587 1920 630 el
1951 592 2239 646 oppressos
2269 579 2504 646 polentia
2531 596 2544 632 :
2571 576 2704 633 nihil
2761 579 3069 644 restituant,
3121 578 3246 634 licet
3287 594 3433 646 emp~

1863 675 1946 720 tor
1984 681 2047 720 ex
2079 681 2307 720 numero
2335 667 2696 734 potentiorum
2723 682 2830 722 non
2862 675 3005 721 erat.

1933 755 1986 810 ι.
2018 755 2312 809 ilumiliora
2364 771 2492 810 vero
2547 755 2904 821 monasteria,
2955 766 3010 810 et
3054 756 3368 826 quicunque
3411 771 3440 808 a

1864 847 2157 918 spathariis
2179 848 2506 918 degentibus
2548 847 2602 901 in
2652 848 2754 901 hac
2800 849 2973 910 urbe,
3017 861 3136 915 qua:
3183 847 3444 900 divinitus

1865 935 2207 999 custoditur,
2257 936 2496 1002 itemque
2559 949 2588 988 ιι
2646 934 3052 1002 magistratibus
3093 933 3445 988 inferioribus

1867 1028 1994 1098 quid
2023 1027 2257 1082 emerint
2280 1026 2483 1095 absque
2512 1026 2562 1080 vi
2596 1035 2651 1079 et
2694 1024 2886 1094 injuria
2939 1039 3298 1094 quacunque,
3345 1038 3446 1079 nec

1868 1119 2182 1190 patrociniis
2235 1119 2596 1188 potentiorum
2649 1115 2879 1182 defensi,
2922 1132 3029 1171 non
3083 1115 3254 1182 pretia
3305 1117 3445 1170 dun-

1871 1221 2022 1266 taxat
2053 1213 2374 1282 recipiunto,
2403 1225 2595 1264 verum
2615 1209 2776 1264 etiam
2807 1208 3104 1264 iucrativas
3147 1209 3443 1278 impensas.

1869 1302 2002 1358 Puta
2029 1317 2154 1372 quae
2185 1302 2342 1358 facta:
2392 1311 2521 1358 sunt
2565 1301 2616 1356 in
2664 1301 2996 1356 consitiones
3042 1299 3342 1364 tinearum,
3393 1306 3450 1353 et

1871 1393 2283 1449 aediﬁcationem
2345 1392 2694 1462 aquariarum
2744 1393 3027 1445 molarum.
3090 1389 3349 1443 Poterunt
3395 1397 3450 1442 et

1873 1483 2130 1537 materias
2162 1482 2513 1538 aediﬁciorum
2562 1497 2784 1536 suorum
2833 1481 3040 1542 tollere,
3073 1480 3301 1534 modone
3333 1486 3446 1532 sta-

1875 1585 1986 1631 tum
2021 1577 2254 1646 priorem
2304 1576 2502 1631 laedant
2533 1591 2546 1630 :
2585 1575 2686 1629 nisi
2721 1571 2860 1628 forte
2892 1588 2988 1642 pro
3035 1570 3100 1625 iis
3149 1571 3448 1640 impensam

1875 1669 2073 1724 factam
2101 1669 2394 1739 recipiunt.

1945 1764 2001 1819 ὃ.
2042 1763 2196 1829 Quod
2227 1761 2274 1818 si
2306 1762 2375 1817 ob
2404 1760 2640 1832 inopiam
2687 1759 2838 1814 reddi
2867 1774 2970 1828 ets,
3015 1773 3134 1828 qua:
3161 1755 3450 1814 debentur,

1875 1864 2144 1924 nequeant
2177 1872 2191 1908 :
2226 1854 2292 1908 ad
2325 1862 2404 1909 tot
2450 1866 2718 1908 annorum
2745 1851 2999 1920 [spatium
3045 1856 3453 1917 sequestrentur

1873 1961 1960 2011 ea,
1990 1960 2112 2014 quae
2143 1944 2375 1999 alienata
2407 1952 2534 1998 sunt
2564 1957 2578 1995 :
2613 1942 2786 1997 donec
2832 1957 2898 1996 ex
2931 1941 3236 1996 futurorum
3288 1937 3452 2006 liqui-

1873 2037 2062 2093 dorum
2089 2037 2361 2091 fructuum
2413 2034 2763 2104 perceptione
2791 2033 3028 2088 debitum
3063 2031 3337 2098 pretium,
3372 2025 3452 2079 vel

1875 2129 2117 2196 impensa
2149 2127 2308 2191 facta,
2346 2140 2444 2180 ceu
2481 2125 2689 2180 dictutn
2738 2132 2844 2190 est,
2891 2122 3068 2192 colligi
3120 2120 3307 2190 possit.
3361 2116 3453 2171 Vel

1875 2220 2048 2290 ipsum
2073 2218 2334 2289 praedium
2365 2217 2545 2288 potius
2571 2217 2638 2270 ab
2671 2230 2736 2270 eo
2765 2215 3143 2285 poSsideatur,
3193 2211 3284 2280 qui
3317 2208 3455 2263 alie-

1876 2310 2068 2363 navit:
2110 2320 2290 2362 verum
2347 2307 2399 2360 in
2447 2304 2768 2360 collectione
2813 2303 3085 2356 fructuum
3118 2314 3252 2354 cura
3295 2297 3456 2353 simul

1873 2407 1928 2454 et
1963 2397 2140 2452 cautio
2173 2395 2512 2460 adhibeatur,
2547 2404 2605 2448 ut
2635 2394 2732 2464 ipsi
2768 2393 2975 2447 fructus
2998 2391 3064 2444 ad
3108 2388 3459 2446 satisfacien-

1876 2488 2002 2542 dum
2055 2488 2104 2542 ei
2173 2488 2266 2557 qui
2333 2485 2610 2541 contraxit
2666 2493 2970 2541 serventur.
3018 2483 3193 2550 Atque
3253 2481 3354 2534 hac
3400 2478 3454 2532 in

1878 2589 2030 2648 parte
2074 2579 2379 2634 facultatem
2415 2578 2664 2641 habebit,
2713 2586 2841 2630 utet
2875 2576 2989 2644 ipse
3029 2572 3309 2644 provideat
3339 2613 3355 2637 ,
3390 2583 3455 2625 ne

1878 2673 2087 2726 fructus
2114 2671 2432 2725 amittantur
2455 2709 2470 2724 .
2507 2683 2571 2723 ac
2606 2666 2872 2736 siquidem
2920 2665 2968 2720 is
2989 2707 3004 2732 ,
3035 2663 3130 2734 qui
3177 2660 3457 2724 alienavit,

1880 2763 2095 2818 aliunde
2129 2761 2229 2817 sibi
2266 2761 2576 2831 prospicere
2621 2767 2826 2826 potest;
2866 2755 3104 2811 universi
3139 2753 3346 2809 fructus
3379 2750 3455 2806 illi

1882 2854 2186 2917 tradantur,
2258 2865 2490 2922 quocum
2545 2857 2879 2904 contractum
2952 2846 3070 2901 fuit.
3122 2844 3215 2900 Sin
3259 2853 3464 2908 autem,

1884 2943 2180 2998 retineatur
2209 2943 2277 2995 ab
2312 2953 2398 3003 eo,
2428 2939 2522 3009 qui
2571 2938 2867 3002 alienavit,
2911 2945 3171 3006 quantum
3207 2935 3272 2989 ad
3304 2946 3460 2987 usum

1886 3033 2058 3102 ipsius
2098 3031 2494 3098 necessarium,
2529 3031 2751 3100 agrique
2783 3029 3074 3083 cultiouem
3112 3024 3406 3094 requiritur
3443 3039 3458 3076 :

213 3107 532 3178 κρατεῖσθαι
556 3105 710 3176 παρὰ
737 3105 830 3159 τοῦ
865 3105 1329 3176 ὲκποιησαμένου,
1382 3105 1442 3158 τὸ
1483 3105 1542 3159 δὲ
1595 3105 1783 3160 λοιπὸν

1887 3127 2150 3198 reliquum
2167 3134 2336 3183 totum
2361 3125 2674 3180 restituatur
2700 3121 2798 3186 illi,
2826 3120 3052 3190 quicum
3075 3132 3139 3173 eo
3169 3114 3461 3172 contraxit.

209 3204 349 3254 ἅπαν
401 3202 487 3264 εἰς
552 3199 646 3252 τὸν
686 3200 803 3268 μετ’
850 3195 1018 3250 αὐτοῦ
1083 3193 1485 3262 συναλλάξαντα
1539 3197 1785 3250 ἀποκαθ-

208 3291 481 3344 ίστασθαι.

276 3381 355 3450 ς’,
396 3383 464 3436 Εἰ
520 3380 580 3434 δὲ
632 3381 698 3433 ἐκ
747 3379 855 3433 τῶν
912 3379 1392 3450 περιφανεστέρων
1445 3379 1544 3447 τῆς
1589 3378 1791 3448 όμάδος

205 3475 344 3543 πρὸς
373 3473 530 3534 ἴσους
586 3471 620 3541 ἦ
670 3469 849 3537 ὀλίγον
925 3469 1334 3538 ὐποὸεϐηκότας
1381 3469 1441 3520 ὲν
1493 3467 1787 3538 ἀξιώμασι,

200 3564 370 3634 τυχὸν
402 3561 705 3632 σχολαρίων
739 3560 875 3630 πρὸς
909 3560 1265 3629 στρατιώτας,
1315 3559 1348 3629 ἢ
1387 3561 1452 3612 ὲκ
1489 3560 1599 3612 τῶν
1636 3561 1791 3613 εὐτε-

203 3656 483 3724 λεστέρων
523 3653 660 3724 πρὸς
713 3653 838 3714 τοὺς
892 3651 1089 3721 μικρόν
1141 3667 1193 3704 τι
1245 3651 1636 3721 ὑπερέχοντας,
1681 3648 1792 3704 οἷον

202 3748 325 3802 ἀπὺ
358 3748 470 3800 τῶν
499 3744 880 3817 ἀστρατεύτων
905 3741 1138 3796 πολιτῶν
1198 3742 1338 3814 πρὸς
1381 3743 1706 3812 σχολαρίους
1757 3745 1791 3812 ἢ

209 3838 592 3908 σεκρετικοὺς,
611 3836 899 3905 ἐκποίησις
924 3839 1150 3903 γέγονεν
1175 3833 1208 3904 ἢ
1237 3835 1557 3903 γενήσεται,
1585 3833 1794 3903 μενέτω

203 3936 332 3987 ἀπα
339 3928 690 4001 μσάλευτος.

274 4020 350 4085 ζ’.
412 4019 643 4090 Ὁμοίως
688 4019 748 4072 δὲ
781 4017 882 4072 κᾶν
907 4017 974 4071 δι’
1033 4018 1281 4086 ἀνάγκην
1336 4017 1691 4087 ἐπικειμένην
1730 4018 1795 4070 ὲκ

201 4111 302 4164 τοῦ
351 4111 619 4180 δημοσίου
670 4109 705 4179 ἢ
777 4108 939 4178 τυχὸν
967 4108 1056 4161 διὰ
1087 4107 1148 4160 τὺ
1174 4109 1232 4161 ιν
1269 4107 1412 4174 ἄλλῳ
1448 4109 1600 4178 τόπῳ
1668 4107 1793 4177 βού-

202 4201 398 4256 λεσθαι
433 4200 716 4270 προικίσαι
751 4198 1028 4269 θυγατέρα
1057 4199 1192 4252 ίδίαν
1223 4198 1490 4268 ἑτέρωθεν
1533 4199 1634 4252 οὐκ
1677 4198 1794 4270 ἔχει

201 4313 290 4358 τις
348 4291 648 4350 ἀποδοῦναι
712 4291 771 4344 τὸ
819 4290 954 4361 πρὸς
990 4290 1082 4343 τὸν
1119 4289 1380 4361 δημόσιον
1413 4289 1635 4360 δφλημα
1673 4289 1794 4360 me

203 4384 464 4441 ἔπιτεθὲν
505 4381 726 4453 βάροςῆ
755 4383 855 4450 τὴν
881 4377 1278 4450 ὑποσχεθείσαν
1311 4381 1516 4447 προῖκα
1580 4380 1641 4433 έν
1694 4395 1782 4433 κιο

203 4477 417 4545 ητοῖς,
454 4473 552 4527 καὶ
592 4471 679 4525 διὰ
701 4469 908 4539 ταύτην
934 4469 1033 4540 τὴν
1059 4467 1240 4521 αίτίαν
1275 4466 1537 4523 δύνασθαι
1564 4467 1792 4538 ὲκποίη-
1827 4465 1870 4522 D

208 4585 296 4620 σιν
327 4563 593 4632 γενέσθαι
631 4564 696 4615 ὲκ
723 4562 832 4614 τῶν
851 4560 1145 4630 ἀκινήτων,
1203 4560 1365 4628 μόνον
1420 4559 1602 4628 μέντοι
1659 4555 1796 4630 πρὸς

205 4661 339 4720 τοὺς
367 4655 741 4726 συγχωρίτας,
783 4653 818 4725 ἢ
845 4653 906 4715 ἐξ
964 4652 1213 4720 ἀνάγκης
1269 4651 1406 4720 πρὸς
1437 4650 1509 4703 τὰ
1549 4651 1652 4703 ὑπὸ
1696 4652 1797 4721 τὴν

207 4753 384 4817 αὐτὴν
417 4746 819 4819 μητροκωμίαν
844 4743 1022 4815 χωρία
1047 4744 1168 4812 ἦτοι
1198 4742 1304 4796 ὑπὸ
1332 4741 1432 4812 τὴν
1479 4742 1652 4804 αὐτὴν
1682 4759 1792 4795 κω-

209 4840 526 4912 μητούραν.

279 4932 354 4998 η’.
403 4930 508 4982 Διά
537 4927 628 4980 τὸν
657 4927 822 4982 αὑτὸν
843 4923 936 4980 οὖν
959 4925 1182 4996 τρόπον,
1219 4927 1313 4978 καὶ
1361 4924 1588 4978 δυνατοῦ
1619 4941 1798 4996 προσ-

207 5023 362 5075 ώπου
420 5017 830 5088 πιπράσκοντας
871 5014 904 5085 ἢ
976 5014 1155 5077 ἄλλως
1202 5013 1633 5084 ὲκποιουμένου,
1667 5029 1796 5068 συνο

211 5113 440 5182 εωράθη
497 5107 876 5180 προτιμᾶσθαι
946 5107 1072 5168 τοὺς
1123 5104 1380 5175 χωρίτας,
1425 5107 1484 5158 ἐν
1533 5097 1614 5169 οἷς
1661 5109 1798 5161 εἰσιν

211 5201 744 5272 ἀνακεκοινωμένοι,
803 5199 836 5270 ἢ
897 5199 1067 5269 χωρὶς
1109 5198 1207 5266 τῆς
1264 5197 1474 5251 ἐκείνου
1513 5200 1703 5268 ξνομῆς
1761 5199 1796 5270 ἢ

211 5295 323 5348 τῶν
385 5293 602 5348 ὑδάτων
647 5291 814 5361 ἥτῶν
855 5290 1028 5360 ὀρέων
1078 5288 1139 5342 οὐ
1176 5287 1427 5342 δύνανται
1458 5289 1795 5344 διοικεῖσθαι.

223 5383 406 5456 ’Υπὲρ
470 5384 531 5438 δὲ
572 5383 668 5438 τοῦ
737 5380 1043 5453 ἀγοραστοῦ
1101 5382 1323 5444 νοεῖται,
1377 5378 1446 5432 ἵν’
1524 5381 1622 5434 ἐὰν
1666 5381 1799 5454 θέλῃ

216 5476 382 5530 τοῦτο
418 5476 582 5546 μόνον
611 5475 1012 5544 παρακρατεῖν,
1047 5471 1157 5524 τῶν
1193 5470 1254 5524 δὲ
1279 5470 1800 5540 ἀνακεκοινωμένων

218 5567 504 5638 ὶκστῆναι,
536 5565 634 5638 ἔχῃ
673 5564 943 5630 ἐξουσίαν.
975 5564 1038 5618 Εἰ
1077 5561 1136 5614 δὲ
1164 5561 1229 5612 ἐκ
1257 5557 1352 5612 τοῦ
1403 5560 1796 5630 ὲκποιουμένου

221 5662 504 5731 κτήματος
536 5658 656 5713 ἐστι
686 5676 739 5712 τι
773 5656 870 5712 καὶ
899 5655 1286 5718 ίδιοσύστατον,
1329 5651 1364 5722 ἦ
1394 5651 1454 5704 τὸ
1485 5651 1604 5707 ὅλον
1661 5653 1798 5707 ἀνα-

223 5753 522 5826 γκάζονται
551 5749 822 5822 ἀγοράσαι
849 5749 882 5820 ἢ
909 5747 1003 5804 τοῦ
1036 5746 1158 5802 ὅλου
1192 5742 1526 5807 ἐξίστασθαι.
1566 5743 1796 5816 Ἐχέτω-

1961 3391 2016 3445 6.
2057 3390 2208 3457 Quod
2246 3391 2293 3446 si
2323 3391 2391 3445 ab
2425 3389 2815 3444 illustrioribus
2845 3384 3210 3442 universitatis
3257 3383 3324 3437 ad
3374 3395 3468 3451 pa-

1892 3495 2002 3546 res,
2032 3481 2113 3533 vel
2141 3481 2298 3550 paulo
2324 3479 2678 3548 dignitatibus
2713 3471 3022 3541 inferiores,
3067 3475 3213 3531 velut
3248 3491 3277 3529 a
3307 3474 3468 3530 scho-

1891 3573 2096 3628 laribus
2141 3572 2208 3625 ad
2257 3572 2476 3636 milites,
2519 3570 2601 3624 vel
2653 3569 2720 3622 ab
2774 3567 3157 3622 humilioribus
3199 3567 3266 3619 ad
3303 3565 3464 3634 paulo

1892 3663 2229 3732 superiores,
2276 3661 2426 3715 velut
2467 3662 2534 3714 ab
2578 3658 2890 3727 expertibus
2927 3655 3133 3709 militiae
3178 3652 3467 3720 municipi-

1893 3756 1993 3810 hus
2041 3755 2107 3808 ad
2154 3750 2448 3815 scholares,
2500 3749 2587 3804 vel
2629 3747 2858 3803 secretis
2903 3744 3284 3810 inservientes,
3334 3742 3469 3796 alie-

1895 3845 2039 3898 natio
2064 3843 2222 3909 l'acta,
2263 3842 2350 3897 vel
2395 3841 2572 3895 adhuc
2608 3838 2785 3893 futura
2837 3835 3312 3911 sin/inconcussa
3357 3846 3471 3886 ma-

1897 3942 2042 3987 neut.

1965 4026 2020 4079 7.
2063 4021 2326 4078 Similiter
2354 4029 2410 4075 et
2438 4021 2483 4075 si
2507 4021 2579 4076 ob
2621 4019 3020 4073 incumbentem
3063 4030 3094 4070 a
3122 4016 3251 4069 lisco
3282 4027 3471 4068 neces!

1897 4117 2144 4180 sitatem,
2193 4124 2285 4169 aut
2317 4114 2460 4183 quod
2493 4113 2745 4166 fortassis
2777 4110 2881 4164 alio
2913 4110 2965 4163 in
3001 4109 3118 4162 loco
3141 4107 3320 4162 dotem
3349 4105 3474 4160 iiiite

1896 4225 2006 4265 sua:
2029 4207 2360 4264 constituere
2383 4205 2532 4270 velit,
2568 4203 2788 4258 aliunde
2818 4202 2940 4270 quis
2965 4199 3182 4256 solvere
3219 4205 3470 4266 nequeat,

1895 4303 2036 4371 quod
2084 4300 2216 4355 lisco
2243 4301 2420 4363 debet,
2455 4305 2546 4352 aut
2571 4299 2716 4365 quod
2765 4293 3076 4360 impositum
3106 4291 3155 4344 ei
3189 4305 3333 4344 onus
3362 4298 3470 4348 est,

1897 4401 1991 4446 aut
2021 4392 2342 4461 promissam
2375 4391 2427 4443 in
2459 4387 2622 4442 rebus
2653 4384 2754 4439 soli
2784 4386 2962 4438 dotem
3001 4399 3016 4436 :
3049 4382 3151 4434 hac
3184 4380 3296 4448 ipsa
3335 4392 3471 4446 quo-

1899 4497 2005 4554 que
2031 4483 2098 4537 de
2142 4497 2306 4538 causa
2337 4480 2452 4535 Iieri
2498 4478 2754 4534 alienatio
2789 4473 2988 4544 poterit
3033 4486 3219 4526 earum
3269 4483 3474 4536 rerum,

1897 4590 2022 4647 quae
2049 4575 2144 4630 soli
2201 4582 2326 4629 suul.
2359 4591 2372 4627 :
2401 4571 2495 4628 sed
2540 4569 2808 4624 duntaxat
2841 4566 2908 4619 ad
2957 4563 3337 4623 convicaneos,
3382 4567 3477 4611 aut

1901 4666 2210 4724 necessario
2243 4665 2308 4718 ad
2337 4678 2400 4719 ea
2435 4661 2657 4730 praedia,
2688 4675 2806 4729 quae
2841 4657 2942 4711 sub
2967 4656 3154 4710 eadem
3202 4660 3476 4708 ntetroco-

1899 4758 2008 4813 mia
2033 4765 2179 4821 sunt,
2214 4755 2268 4810 id
2292 4763 2394 4820 est,
2427 4753 2530 4808 sub
2561 4750 2750 4805 eadem
2783 4747 3130 4804 vicancilale.

1972 4937 2024 4992 8.
2063 4935 2400 5006 Quapropter
2447 4934 2634 4988 eodem
2693 4927 2852 4983 modo
2897 4934 2952 4980 et
2995 4922 3201 4993 potenti
3253 4933 3480 4990 persona

1901 5028 2190 5094 vendente,
2223 5028 2308 5081 vel
2330 5026 2488 5079 aliter
2510 5023 2780 5077 alienanle
2799 5059 2814 5084 ,
2843 5017 3104 5088 optimum
3138 5014 3280 5068 iactu
3309 5013 3480 5064 visum

1901 5131 2022 5186 est,
2071 5119 2312 5190 prmlerri
2362 5118 2614 5170 vicaneos
2659 5113 2711 5166 in
2754 5111 2840 5175 iis,
2889 5110 2943 5164 in
2974 5109 3170 5177 quibus
3200 5109 3482 5160 consortes

1901 5221 2063 5276 sunt,
2095 5219 2208 5279 ,aut
2250 5207 2466 5278 pascuis
2515 5205 2652 5272 ejus,
2696 5212 2788 5257 aut
2831 5201 3020 5271 aquis,
3071 5206 3162 5252 aut
3205 5192 3480 5250 montibus

1899 5317 2089 5359 carere
2137 5316 2244 5356 non
2297 5307 2542 5369 possunt.
2588 5299 2664 5352 Ac
2696 5311 2794 5366 pro
2842 5301 3084 5363 emptore
3120 5287 3338 5357 quidem
3376 5281 3478 5334 hoc

1903 5393 2240 5461 intelligitur,
2277 5401 2337 5446 ut
2367 5391 2412 5445 si
2464 5398 2671 5444 certum
2707 5388 2973 5442 duntaxat
3003 5378 3204 5450 aliquid
3241 5374 3477 5430 retinere

1902 5486 2048 5549 velit,
2079 5494 2134 5539 et
2161 5499 2246 5550 ea,
2305 5497 2423 5552 quae
2469 5478 2728 5535 consortii
2775 5487 2930 5541 sunt,
2983 5473 3216 5528 alienare
3249 5485 3262 5521 ;
3298 5472 3478 5552 potesf

1905 5581 2068 5628 tatem
2093 5572 2194 5628 hoc
2221 5550 2412 5642 agendi
2441 5570 2655 5624 habeat.
2690 5567 2841 5622 Licet
2869 5573 3047 5618 autem
3077 5557 3282 5628 praedii,
3333 5550 3473 5620 quod

1901 5656 2190 5722 alienatur,
2243 5657 2422 5727 aliqua
2467 5671 2594 5727 pars
2653 5655 2721 5709 ab
2765 5650 2888 5708 aliis
2937 5655 3181 5717 separata
3229 5651 3472 5698 seorsum

1903 5749 2134 5806 exsistat
2165 5766 2178 5806 :
2209 5759 2483 5829 emptores
2519 5757 2698 5803 tatncn
2725 5752 2818 5799 aut
2844 5749 3014 5799 totuut
3040 5751 3220 5795 emere
3248 5746 3472 5818 .coguu-
