4050 6450
523 392 627 455 575

1541 380 2049 445 CONSTANTINI
2080 379 2753 442 POllPHYROGENlTl

3709 376 3781 439 76

528 517 652 570 tur,
707 508 800 557 aut
838 509 951 557 toto
998 500 1211 557 cedere.
1252 498 1522 553 Caeterum
1562 494 2132 564 quatuorgmensium.

2236 511 2307 547 ἀν
2330 494 2387 548 δὲ
2416 495 2510 547 καὶ
2547 490 2884 564 προθεσμίαν
2912 486 3098 561 μηνῶν
3126 487 3167 542 δ’
3191 490 3272 551 είς
3316 488 3633 553 ὲπισύναξιν
3683 489 3780 542 τοῦ

528 597 670 651 diem
701 594 936 648 habeant
968 591 1034 645 ad
1056 589 1431 645 collectionem
1467 587 1648 657 pretii,
1681 594 1941 654 quantum
1972 585 2101 655 qui-

531 687 650 739 dem
679 684 817 738 alius
867 681 1046 747 daret,
1076 679 1161 735 vel
1211 678 1388 748 potius
1441 676 1626 745 quanti
1682 676 1739 729 lit
1785 675 2102 740 aestimatio;

532 776 797 844 siquidem
828 773 932 826 hoc
954 783 1243 839 pauperes,
1271 768 1359 835 qui
1392 773 1601 835 emunt,
1630 763 1952 834 optaverint.

607 863 703 917 His
730 863 780 915 in
824 863 968 914 hunc
1001 858 1223 912 modum
1271 871 1300 909 a
1334 855 1616 924 majestate
1664 862 1846 908 nostra
1872 850 2110 907 decretis

537 963 702 1021 atque
732 948 1068 1012 constitutis,
1097 946 1440 1016 praecipimus
1472 944 1591 1006 tibi,
1623 951 1679 996 nt
1707 941 1957 995 omnibus
1982 954 2111 1008 pro-

539 1039 858 1094 vincialibus
920 1035 1232 1104 bujusmodi
1294 1032 1776 1101 promulgationem
1830 1028 2109 1099 legemque

540 1138 803 1192 nostram,
838 1140 865 1177 a
898 1126 1149 1193 personis
1173 1122 1486 1191 potentibus
1505 1120 1572 1174 ad
1606 1128 1909 1174 extremum
1944 1126 1998 1171 et
2025 1115 2111 1170 ul-

538 1219 725 1272 timum
760 1229 953 1284 usque,
1003 1212 1106 1283 legi
1152 1226 1312 1267 cures
1344 1229 1360 1265 :
1392 1225 1454 1265 ac
1487 1217 1651 1280 prout
1679 1209 1732 1262 in
1764 1222 1828 1263 ea
1871 1206 2114 1262 contine-

536 1317 707 1371 retur,
732 1306 992 1375 juxtaque
1014 1304 1119 1358 vim
1148 1300 1325 1370 cujus,
1374 1300 1440 1355 de
1472 1298 1800 1369 pauperibus
1833 1305 1994 1365 atque
2019 1309 2115 1365 po-

539 1396 777 1450 tentibus
801 1394 1046 1463 inquiras
1071 1402 1124 1449 et
1151 1392 1394 1448 ordines.
1424 1389 1642 1446 Sancita
1675 1402 1864 1445 mense
1896 1384 2115 1451 Martio,

542 1486 846 1540 indictione
874 1498 929 1539 ν.

1270 1591 1359 1647 Vl.

545 1706 795 1774 Ejusdem
836 1704 1036 1759 novella
1099 1703 1441 1768 constitutio,
1494 1709 1652 1774 quem
1696 1695 2123 1774 dictauitATheo-

609 1777 783 1844 philus
832 1776 1089 1842 patricius
1146 1780 1196 1828 et
1245 1769 1516 1842 quaestor!
1568 1772 1646 1826 De
1714 1769 2001 1844 sportulis,
2053 1770 2118 1822 ds

2204 585 2533 655 τιμήματος,
2566 583 2760 637 ὁπόσον
2812 581 3000 653 ἔτερος
3035 580 3286 641 δίδωσιν.
3347 580 3381 649 ἢ
3435 579 3634 649 μᾶλλον
3674 580 3781 631 ὁπ-

2204 675 2331 728 όσου
2352 675 2688 741 διατιμᾶται,
2720 673 2878 741 εἴπερ
2903 671 3062 725 τοῦτο
3086 671 3135 724 oi
3166 669 3524 740 ἐξωνούμενοι
3546 671 3785 741 πένητες

2207 765 2585 830 ὲπιλέξωνται.

2279 855 2496 909 Τούτων
2520 854 2690 917 οὕτως
2715 853 2865 924 παρὰ
2895 853 2994 923 τῆς
3020 852 3295 923 βασιλείας
3323 851 3485 921 ἡμῶν
3517 851 3787 919 δογματι-

2212 946 2452 1000 σθέντων
2482 946 2577 999 καὶ
2604 944 3097 1014 νομοθετηθέντων,
3133 941 3427 1012 κελεύομέν
3459 957 3543 993 σοι
3568 941 3788 993 ὑπανα-

2210 1035 2413 1104 γνῶναι
2442 1035 2576 1087 πᾶσι
2606 1037 2717 1097 τοῖς
2750 1035 2811 1088 ὲν
2848 1031 2928 1101 τῷ
2954 1033 3152 1101 θέματι
3183 1030 3284 1096 τὴν
3317 1029 3576 1099 τοιαύτην
3624 1027 3792 1099 ήμῶν

2211 1124 2520 1195 ὲκφὼνησιν
2545 1124 2640 1177 καὶ
2681 1121 3021 1192 νομοθεσίαν,
3060 1120 3168 1175 ἀπό
3217 1136 3278 1173 τε
3329 1118 3571 1172 δυνατῶν
3614 1133 3793 1188 προσ-

2213 1214 2379 1269 ώπων
2403 1215 2496 1267 καὶ
2524 1213 2629 1277 ἕως
2670 1213 2896 1283 ἐσχάτου
2910 1212 3006 1266 καὶ
3034 1210 3369 1265 τελευταίουο
3405 1209 3499 1264 καὶ
3524 1209 3668 1263 κατὰ
3686 1209 3794 1277 τὴν

2215 1298 2419 1376 ταύτης
2463 1304 2724 1375 περιοχὴν
2772 1305 2867 1357 καὶ
2920 1303 3151 1373 δύναμιν
3201 1302 3296 1356 καὶ
3350 1298 3627 1364 ἐξετάζειν
3695 1298 3797 1352 καὶ

2217 1396 2441 1451 διοικεῖν
2470 1395 2730 1464 περὶτῶν
2756 1394 2986 1455 πτωγῶν
3016 1394 3111 1449 καὶ
3146 1394 3254 1447 τῶν
3278 1391 3541 1445 δυνατῶν.

2221 1713 2413 1781 Νεαρὰ
2485 1712 2810 1781 νομοθεσία
2866 1710 2971 1766 τοῦ
3003 1708 3220 1781 αὐτοῦ,
3279 1707 3358 1777 ἢν
3416 1710 3803 1781 ὐπηλγόρευσε

2294 1778 2580 1850 Θεόφιλοξ·
2595 1782 2902 1848 πατρίκιος
2922 1779 3018 1833 καί
3042 1778 3356 1850 κοιαιστωρ
3376 1778 3509 1850 περί
3522 1778 3802 1850 extera-ta:

617 1841 914 1915 aperiendi:
962 1841 1306 1915 testamentis,
1345 1851 1395 1901 et
1429 1849 1492 1915 de
1529 1856 1610 1905 eo,
1637 1841 1776 1915 quod
1824 1850 2018 1901 certus,
2053 1853 2116 1892 ac

2287 1841 2483 1915 τικῶν,
2511 1841 2606 1904 καὶ
2625 1841 2758 1914 περὶ
2783 1841 3067 1914 ἀνοίξεως
3089 1841 3401 1913 διαθηκῶν,
3416 1841 3515 1899 κάὶ
3533 1846 3673 1915 περὶ
3690 1845 3802 1915 τοῦ

614 1908 862 1981 deﬁnitus
885 1912 1319 1967 consuetudinum
1345 1911 1529 1965 modus
1553 1925 1663 1979 esse
1689 1908 1896 1963 debeat.

618 2088 1064 2159 Quandoquidem
1091 2087 1523 2153 consuetudinis,
1551 2101 1787 2155 ususque
1818 2084 2122 2141 auctoritas

550 2183 605 2236 in
634 2189 840 2235 tantum
891 2195 995 2234 non
1029 2180 1191 2244 valet,
1241 2188 1298 2233 ut
1342 2187 1436 2233 aut
1481 2179 1764 2243 rationem,
1804 2186 1897 2231 aut
1945 2177 2121 2247 legem

552 2273 771 2326 vincere
802 2270 967 2341 possit
996 2288 1012 2337 ;
1040 2270 1243 2325 idcirco
1265 2284 1508 2335 avaram,
1554 2278 1610 2325 et
1630 2265 1954 2339 superﬂuam
2002 2280 2125 2323 om-

554 2377 674 2418 nem
704 2366 1062 2427 exactionem,
1092 2362 1223 2417 licet
1242 2376 1307 2417 ex
1348 2362 1509 2433 longa
1556 2360 1948 2416 consuetudine
1973 2358 2118 2413 obti-

555 2456 752 2521 nnerit,
786 2463 962 2520 certo,
984 2468 1049 2509 ac
1079 2454 1299 2509 deﬁnito
1327 2453 1485 2509 ntodo
1509 2454 1863 2523 corrigentes,
1891 2451 1970 2507 sic
1997 2465 2128 2506 con-

552 2544 878 2601 stiluimusf

630 2636 682 2688 l.
733 2633 801 2688 Ut
829 2634 1047 2705 judices
1076 2635 1437 2705 provinciales
1492 2634 1544 2688 in
1575 2632 1813 2702 qualibet
1846 2647 1963 2687 auri
1994 2631 2128 2686 libra

556 2742 661 2781 non
709 2728 850 2782 ultra
901 2727 1103 2783 solidos
1149 2737 1257 2782 tres
1292 2726 1595 2794 accipiant,
1642 2724 1896 2779 nimirum
1930 2723 1998 2775 ab
2040 2720 2126 2786 iis,

555 2819 644 2884 qui
672 2818 963 2885 locupletes
1008 2827 1135 2871 sunt
1187 2816 1337 2886 (olim
1386 2816 1562 2881 enim,
1605 2815 1695 2882 qui
1720 2813 1849 2868 dicti
1884 2821 2007 2866 sunt
2034 2826 2129 2882 pe-

556 2908 711 2963 danei
741 2907 970 2974 indices,
1003 2908 1203 2961 solidos
1234 2907 1370 2960 duos
1400 2907 1451 2959 in
1488 2905 1715 2960 exordio
1740 2903 1884 2967 litis,
1918 2916 2129 2956 I‘lll’allS'

2292 1913 2623 1990 ὡρισμένον
2649 1913 2803 1973 εἶναι
2827 1920 2893 1974 τὸ
2927 1913 3150 1987 μέτρον
3179 1916 3299 1971 τῶν
3348 1913 3691 1983 συνηθειῶν
3727 1914 3799 1968 ἐν

2293 1990 2471 2043 παντὶ
2495 1989 2875 2043 δικαστηρίω.

2293 2004 2471 2045 παντί
2495 2004 2875 2056 δικαστηρίῳ.

2310 2100 2522 2169 Ἐπειδὴ
2543 2101 2640 2169 τῆς
2658 2098 2948 2169 συνηθείας
2971 2099 3065 2152 καὶ
3088 2098 3186 2165 τῆς
3209 2097 3458 2167 χρήσεως
3488 2098 3521 2166 ἡ
3542 2094 3805 2149 αύθεντία

2222 2210 2322 2246 ουκ
2358 2192 2450 2245 επ).
2482 2190 2734 2244 τοσοῦτον
2777 2189 2972 2260 ίσχύει,
3006 2190 3081 2252 ὡς
3135 2189 3227 2241 καὶ
3266 2188 3363 2244 τὸν
3400 2185 3657 2254 λογισμὸν
3708 2186 3811 2237 καὶ

2224 2284 2316 2337 τὸν
2342 2285 2507 2353 νόμον
2542 2283 2864 2352 ὑπερνικᾷν,
2893 2280 2982 2334 διὰ
3015 2279 3174 2333 τοῦτο
3205 2279 3384 2331 πᾶσαν
3406 2277 3677 2346 ἄπληστον
3708 2290 3809 2328 πε·-

2229 2375 2650 2447 ρισσοπραξίαν,
2685 2373 2789 2427 κᾶν
2850 2375 2914 2425 ὲκ
2968 2373 3185 2442 μακρᾶς
3233 2369 3516 2439 συνηθείας
3555 2367 3803 2434 ἐκράτη-

2229 2484 2343 2528 σεν,
2392 2465 2683 2535 ὡρισμένῳ
2713 2464 2897 2534 μέτρῳ
2959 2462 3356 2525 συστείλαντες,
3407 2458 3549 2512 οὕτω
3616 2457 3812 2509 διατυ-

2230 2552 2333 2606 ποῦ
2342 2569 2461 2621 μεν.

2300 2641 2347 2697 α’
2386 2644 2545 2696 Ὥστε
2569 2644 2693 2706 τοὺς
2718 2642 3045 2712 θεματικοὺς
3071 2638 3331 2702 δικαστὰς
3359 2639 3444 2706 ἐφ’
3474 2637 3681 2705 ἑκάστῃ
3708 2636 3808 2691 τοῦ

2229 2733 2456 2802 χρυσίου
2476 2734 2635 2804 ὶ-ίτρᾳ
2659 2732 2733 2803 μὴ
2758 2731 3069 2801 περαιτέρω
3098 2729 3264 2800 τριῶν
3289 2729 3642 2799 νομισμάτων
3661 2728 3811 2795 λαμ-

2230 2826 2434 2889 6ἀνειν,
2458 2825 2699 2895 δηλονότι
2721 2824 2934 2877 ἐπὶτῶν
2957 2823 3335 2893 εὐπορούντων
3364 2822 3479 2893 (καὶ
3496 2822 3556 2874 τὸ
3571 2822 3813 2875 παλαιζν

2231 2916 2340 2985 γὰρ
2371 2917 2419 2968 οί
2454 2914 2779 2984 καλούμενοι
2806 2914 2905 2985 (8‘)
2935 2914 3207 2983 διαιτηταὶ
3233 2912 3337 2966 ἀνὰ
3363 2912 3458 2969 δύο
3490 2913 3812 2982 νομίσματα

558 3010 665 3064 que
690 2998 824 3051 duos
848 2997 1047 3051 solidos
1086 2994 1139 3049 in
1173 2995 1278 3049 line
1308 2994 1575 3065 ejusdem,
1623 3002 1819 3062 praeter
1864 2991 2131 3060 stipemlia

2236 3009 2291 3058 ὲν
2322 3007 2463 3076 ἀρχῇ
2494 3005 2596 3075 τῆς
2616 3006 2771 3075 δίκης
2803 3007 2895 3059 καὶ
2924 3006 3027 3059 ἀνὰ
3056 3005 3149 3058 δύο
3173 3008 3232 3057 έν
3259 3004 3334 3075 τῷ
3363 3004 3508 3058 τέλει
3529 3004 3589 3071 ἐξ
3615 3004 3814 3058 ἑκατέο

562 3086 793 3154 publica,
825 3085 891 3140 ab
909 3096 1135 3155 utraque
1159 3092 1310 3153 parte
1336 3079 1719 3154 acceperunt);
1750 3095 1887 3152 quos
1914 3080 2131 3148 quidem

2236 3116 2332 3169 ρον
2361 3099 2557 3169 μέρους
2591 3098 2915 3168 ἐλάμϐανον,
2940 3098 3139 3165 ἔξωθεν
3169 3098 3276 3152 τῶν
3314 3099 3379 3152 ἐκ
3408 3096 3504 3151 τοῦ
3543 3098 3815 3166 δημοσίου

563 3189 674 3234 tres
733 3180 934 3235 solidos
992 3179 1290 3249 percipient
1354 3193 1453 3248 pro
1500 3178 1613 3232 suis
1666 3175 2077 3232 necessitatibus
2109 3212 2124 3238 ,

2236 3186 2540 3256 σιτήσεων),
2574 3187 2731 3240 ἅτινα
2759 3186 2886 3257 τρία
2918 3186 3233 3257 νομίσματα
3262 3182 3474 3250 ἕξουσιν
3502 3184 3643 3254 ὑπὲρ
3671 3185 3819 3247 ιδίας

563 3270 893 3337 suorumque
925 3269 1228 3332 hominum,
1261 3268 1355 3322 sed
1395 3274 1449 3321 et
1483 3281 1692 3330 eorum,
1719 3265 1809 3333 qui
1857 3280 1922 3318 ex
1952 3261 2131 3316 ollicio

2236 3275 2425 3347 χρείας
2449 3278 2543 3331 καὶ
2569 3278 2678 3330 τῶν
2701 3279 2845 3332 ἰδίων
2891 3278 3217 3347 ἀνθρώπων,
3243 3276 3380 3330 ἀλλὰ
3408 3276 3503 3329 καὶ
3543 3274 3651 3328 τῶν
3697 3275 3819 3328 ἀπὸ

565 3359 910 3413 subserviunt
938 3358 1086 3427 ipsis,
1117 3366 1299 3426 utpote
1330 3356 1421 3426 qui
1449 3357 1582 3410 nihil
1611 3356 1753 3409 aliud
1790 3354 2132 3422 peculiariter

2236 3367 2335 3436 τῆς
2365 3364 2571 3429 τάξεως
2602 3365 3059 3436 ὑπηρετουμένων
3091 3364 3294 3428 αὐτοῖς,
3331 3362 3405 3426 ὡς
3432 3363 3597 3433 μηδὲν
3618 3362 3706 3416 έτε
3721 3379 3819 3432 ρον

570 3467 668 3518 pro
717 3454 874 3505 rebus
899 3450 1158 3518 judicatis
1187 3451 1405 3523 exigere
1439 3460 1681 3521 possunt.
1714 3448 2002 3520 Nunquam
2037 3464 2135 3502 au-

567 3554 672 3595 tem
723 3558 884 3611 supra
914 3554 1125 3596 centum
1158 3543 1323 3597 libras
1358 3542 1725 3612 sportularum
1756 3541 1974 3595 nomine
2016 3539 2136 3594 exi-

563 3642 736 3700 gatur,
779 3634 902 3687 licet
928 3635 1031 3687 bon
1055 3653 1091 3696 ι,
1127 3648 1247 3703 quae
1272 3642 1547 3703 petuntur,
1592 3640 1808 3686 centum
1841 3631 2006 3686 libras
2044 3643 2137 3683 ex-

564 3727 793 3791 cedant;
842 3742 906 3779 eo
963 3735 1213 3796 excepto,
1258 3726 1401 3794 quod
1449 3725 1801 3788 cibariorum,
1842 3730 1896 3776 ct
1927 3722 2139 3777 itineris

567 3818 806 3883 nomine,
841 3819 965 3870 dum
1001 3832 1223 3886 peregre
1264 3818 1441 3878 abest,
1500 3829 1787 3871 exsecutor
1850 3812 2134 3883 impendit.

567 3905 792 3960 Rustica
832 3921 961 3961 vero
986 3907 1154 3976 plebs,
1185 3908 1383 3976 aliique
1421 3921 1709 3976 pauperes,
1734 3906 1848 3961 sive
1877 3905 2138 3960 adversus

568 3999 777 4065 se’psos
799 4005 962 4065 agant
993 4011 1182 4051 eorum
1239 3996 1475 4060 nomine,
1517 4010 1634 4063 qum
1662 3994 2027 4050 communiter
2074 3993 2140 4047 ad

569 4086 718 4155 ipsos
744 4094 1010 4154 spectant,
1027 4086 1142 4143 sive
1162 4086 1415 4155 privatim
1443 4084 1637 4155 singuli
1669 4093 1854 4140 contra
1878 4082 2139 4155 singulos,

569 4187 664 4231 aut
692 4179 951 4233 adversus
976 4177 1220 4233 homines
1250 4178 1581 4246 potentiores
1603 4187 1655 4232 et
1706 4177 2001 4247 locupletes
2026 4193 2039 4241 ;
2075 4179 2142 4231 de

573 4270 707 4323 libra
726 4268 985 4339 qualibet,
1018 4282 1116 4338 pro
1148 4268 1336 4323 sOlidis
1374 4268 1567 4332 tribus,
1601 4283 1765 4323 unum
1807 4268 1967 4323 modo
1994 4282 2139 4337 prte-

573 4368 738 4416 stent.
769 4356 920 4426 Quoi
954 4359 996 4414 si
1028 4372 1192 4413 causa
1241 4357 1442 4412 nullam
1463 4357 1603 4427 juris
1631 4358 2035 4427 ambiguitatem
2089 4365 2143 4410 et

571 4450 995 4505 controversiam
1029 4450 1237 4515 habuit,
1263 4466 1438 4522 neque
1466 4465 1554 4506 res
1583 4450 1739 4521 digna
1771 4451 1865 4505 lite
1893 4449 2017 4512 fuit,
2045 4448 2142 4503 sed

570 4541 711 4596 forte
736 4550 1085 4611 contemptus
1116 4542 1395 4611 improbus
1425 4542 1519 4609 jus
1541 4542 1795 4611 dicentis,
1835 4541 1918 4596 vel
1944 4539 2147 4609 praeda,

571 4630 655 4687 vel
692 4632 899 4701 rapina,
934 4610 1020 4685 vel
1042 4632 1169 4701 quid
1195 4610 1463 4703 ejusmodi
1513 4632 1614 4686 fuit
1659 4610 2001 4695 admissum;
2054 4643 2151 4683 au-

571 4731 751 4777 ctores
782 4723 974 4776 borum
1022 4722 1357 4793 facinorum,
1402 4723 1672 4794 siquidem
1711 4721 1950 4776 illustres
1997 4729 2144 4786 sunt,

572 4828 670 4880 pro
702 4814 787 4879 iis,
834 4826 954 4883 quas
995 4813 1050 4868 in
1071 4811 1330 4883 judicium
1364 4823 1488 4869 sunt.
1520 4813 1773 4876 deducta,
1804 4812 1873 4866 de
1903 4809 2149 4879 qualibet

571 4902 709 4957 libra
757 4914 990 4960 statutos
1055 4915 1165 4962 tres
1230 4906 1436 4961 solidos
1488 4912 1777 4973 praestent;
1825 4901 2144 4957 humiliores

572 5008 720 5059 vero,
741 4996 936 5065 singuli
987 4997 1215 5052 solidum
1234 5012 1439 5062 unum;
1473 5004 1835 5065 praeterquam
1874 4993 2039 5063 quod,
2090 5001 2144 5048 et

571 5094 826 5139 statutam
858 5087 1067 5156 legibus
1099 5087 1491 5155 pecuniariam,
1529 5084 1613 5138 vel
1659 5082 1998 5153 corporalem
2026 5094 2145 5152 pm-

576 5188 696 5228 nam
721 5175 1020 5232 exsolvcnt.
1072 5178 1263 5232 Itidem
1296 5178 1363 5231 ab
1392 5176 1494 5238 eis.
1542 5184 1599 5229 et
1624 5188 1842 5238 usurzc,
1875 5175 1990 5229 sive
2023 5173 2140 5229 fru-

573 5278 717 5331 ctus,
753 5268 804 5321 in
835 5269 1035 5336 quibus
1065 5268 1210 5332 licet,
1242 5268 1550 5338 exigantur.
1585 5264 1935 5320 Possessinne
1965 5274 2146 5319 autem

574 5357 626 5408 in
654 5356 890 5412 solutum
922 5360 1070 5423 data,
1102 5358 1145 5413 si
1176 5358 1394 5426 quidem
1420 5356 1630 5411 ratione
1660 5369 1956 5424 pauperum
1980 5355 2147 5420 nillil;

640 5539 742 5609 (8‘)
766 5539 846 5593 Ex
862 5538 949 5609 bis
980 5536 1331 5609 manifestum
1362 5545 1450 5609 est
1477 5552 1507 5591 a
1533 5536 1896 5593 Constantino
1924 5537 2147 5609 abroga-

579 5617 695 5661 lunt
720 5607 844 5662 esse
874 5607 1168 5663 Justiniani
1223 5616 1278 5662 et
1307 5607 1769 5677 prtedecessorum
1798 5607 2146 5662 constitutio-

579 5691 703 5748 nes,
721 5678 928 5748 quibus
949 5677 1276 5748 permissum
1305 5684 1424 5731 erat
1444 5676 2014 5748 pedaneisjndicibus,
2044 5692 2143 5743 χα-

589 5745 966 5812 (memmi:
1000 5747 1118 5801 sive
1140 5747 1441 5818 διαιτηταῖς
1472 5746 1587 5802 sive
1604 5745 1907 5816 διαιτηταῖς
1934 5745 2143 5815 κληρω-

2235 3456 2548 3525 δυναμένων
2580 3455 2887 3520 ἰδιαζόντως
2941 3456 3005 3509 έκ
3059 3453 3168 3508 τῶν
3213 3454 3581 3524 δικαζομένων
3634 3469 3819 3522 προσο

2238 3549 2497 3600 απαιτεῖν
2520 3563 2536 3580 ’
2572 3547 2840 3617 μηδέποτε
2870 3545 2929 3599 δὲ
2960 3545 3103 3616 ὑπὲρ
3141 3544 3211 3599 τὰ
3245 3542 3290 3615 ρ’
3323 3544 3633 3616 νομίσματα
3658 3543 3815 3613 λόγῳ

2240 3639 2481 3709 ὲκταγῆς
2512 3638 2883 3700 ἀπαιτεῖσθαι,
2923 3638 3028 3692 κᾶν
3056 3636 3371 3707 ὑπερϐαίνει
3402 3636 3502 3699 τὰς
3546 3643 3587 3705 ρ’
3612 3636 3814 3704 λίτρας

2240 3728 2311 3780 τὰ
2339 3726 2738 3797 ἀπαιτούμενα,
2792 3727 2842 3778 εί
2878 3725 2953 3796 μὴ
2974 3725 3096 3780 καθ’
3123 3727 3246 3777 ὅσον
3302 3725 3442 3795 ὑπὲρ
3478 3722 3684 3794 τροφῆς
3715 3723 3821 3776 καὶ

2241 3818 2548 3890 ὁδοιπορίας
2575 3816 2987 3887 ὲπιξενούμενος
3020 3818 3048 3868 ὁ
3089 3815 3419 3885 ὲκϐιϐαστὴς
3466 3814 3807 3884 ἐδαπάνησε.

2244 3907 2318 3961 Τὸ
2344 3908 2401 3962 δὲ
2450 3907 2765 3978 ἀγροικικὺν
2830 3906 3031 3977 πλῆθος
3086 3908 3184 3960 καὶ
3230 3909 3281 3961 οἱ
3332 3905 3509 3965 λοιποὶ
3547 3905 3813 3975 πένητες,

2246 3999 2508 4053 είτε.κατ’
2561 3997 2809 4067 ἀλλήλων
2840 3998 3124 4066 ὲνάγουσιν
3154 3998 3294 4068 ὑπὲρ
3330 3996 3439 4050 τῶν
3487 3999 3642 4065 κοινῇ
3691 3995 3815 4049 δια-

2251 4087 2529 4157 φερόντων
2553 4087 2737 4149 αύτοίς
2771 4087 2803 4156 ἢ
2834 4087 2929 4140 καὶ
2960 4086 3067 4156 ίδίᾳ
3090 4086 3320 4150 ἕκαστος
3350 4085 3473 4140 καθ’
3517 4084 3730 4155 ἐτέρου,
3785 4083 3827 4153 ἢ

2247 4180 2390 4234 κατὰ
2454 4178 2565 4232 τῶν
2625 4177 3009 4250 δυνατωτέρων
3058 4179 3153 4232 καὶ
3197 4176 3447 4247 εὐπόρων
3490 4175 3825 4247 ἀνθρώπων,

2248 4271 2371 4326 καθ’
2408 4269 2644 4340 ἑκάστην
2673 4269 2860 4340 λίτραν
2893 4269 3014 4326 ἀντὶ
3046 4269 3214 4339 τριῶν
3269 4268 3329 4324 ἓν
3386 4270 3546 4338 μόνον
3577 4268 3830 4338 παρεχέ-

2248 4360 2714 4429 τωσαννόμισμα.
2753 4361 2815 4413 El
2867 4359 2924 4412 δὲ
2967 4359 3237 4429 μηδεμίαν
3281 4355 3396 4430 εἷχε
3446 4357 3677 4429 νομικὴν
3710 4359 3830 4428 ἁμ-

2250 4449 2496 4519 φιϐθὶλαν
2521 4452 2554 4520 ή
2583 4450 2730 4520 δίκη,
2761 4449 2898 4521 μηδὲ
2942 4451 3003 4502 τὸ
3041 4451 3275 4521 πρᾶγμα
3317 4448 3474 4519 δίκης
3525 4448 3675 4515 ἄξιον
3729 4443 3826 4518 ἦν,

2251 4541 2390 4596 ἀλλὰ
2420 4543 2583 4610 τυχὸν
2614 4541 2971 4611 ἀναίσχυντος
3003 4522 3239 4612 ἀναρχία
3282 4541 3316 4610 ἢ
3369 4541 3573 4610 πραῖδα
3619 4540 3653 4609 ἢ
3724 4541 3823 4609 ἁρ-

2247 4629 2398 4700 παγὴ
2431 4631 2466 4700 ἢ
2503 4646 2557 4683 τι
2589 4628 2699 4682 τῶν
2730 4629 2987 4683 τοιούτων
3030 4628 3308 4698 ἐπράχθη,
3343 4626 3502 4681 αὐτοὶ
3544 4627 3596 4679 oi.
3644 4624 3832 4679 ταῦτα.

2246 4721 2702 4791 διαπραξάμενοι,
2744 4721 2904 4791 ειπερ
2949 4720 3058 4773 τισὶ
3080 4719 3188 4774 τῶν
3211 4718 3655 4790 ὲμφανεστέρων,
3678 4718 3831 4785 ὑπὲρ

2244 4812 2360 4866 τῶν
2420 4811 2820 4866 δικαιωθέντων
2878 4810 3274 4882 παρεχέτωσαν
3342 4809 3412 4863 τὰ
3473 4807 3556 4876 ἐφ’
3616 4808 3832 4877 ἑκάστῃ

2244 4904 2406 4975 λίτρᾳ
2430 4903 2714 4975 ὡρισμένα
2769 4902 2899 4972 τρία
2940 4901 3257 4972 νομίσματα
3287 4915 3302 4931 ⁸
3352 4898 3722 4968 εὐτελέστεροι
3769 4897 3836 4950 δὲ

2249 4996 2423 5060 δντες,
2454 4996 2562 5049 ἀνὰ
2605 4995 2846 5064 νόμισμα
2875 4994 2953 5057 ἓν,
2993 4992 3131 5065 πρὸς
3164 4991 3242 5062 τῷ
3282 4991 3377 5045 καὶ
3407 4991 3506 5061 τὴν
3564 4988 3671 5043 ἀπὸ
3715 4987 3835 5041 τῶν

2252 5087 2438 5159 νόμων
2471 5087 2824 5160 χρηματικὴν
2859 5085 3107 5155 ποινὴνῆ
3145 5082 3465 5152 σωματικὴν
3497 5078 3830 5135 ἐκτιννύναι.

2252 5178 2377 5231 Ἐπὶ
2404 5180 2543 5249 νομῇ
2566 5178 2624 5231 δὲ
2645 5177 2943 5248 γενομένης
2975 5177 3072 5245 τῆς
3101 5176 3429 5240 ἀποδόσεως,
3469 5174 3517 5226 εί
3554 5173 3652 5242 μὲν
3686 5172 3833 5240 πρὸς

2254 5266 2516 5330 πένητας,
2566 5264 2759 5318 οὐδέν·
2812 5265 2862 5317 εί
2909 5262 2966 5315 δὲ
3016 5262 3151 5332 πρὸς
3221 5260 3681 5333 ὲμφανεστέρους,
3734 5259 3833 5312 ἐπὶ

2254 5356 2322 5425 τῇ
2357 5354 2516 5424 λίτρᾳ.
2555 5354 2616 5406 τὸ
2639 5354 2812 5423 ἥμισυ
2840 5352 2936 5405 τοῦ
2965 5351 3323 5421 νομίσματος.
3381 5349 3572 5402 Ἦνίκα
3595 5347 3654 5401 δὲ
3691 5363 3834 5416 προ-

2257 5539 2392 5600 τοῖς,
2431 5534 2762 5590 δικαστικῶν
2792 5532 3074 5600 Extexam...
3104 5530 3242 5585 duos
3278 5529 3497 5600 quidem
3541 5542 3746 5600 aureos
3773 5527 3830 5580 in

2253 5597 2650 5660 contestatione
2675 5604 2785 5657 litis
2816 5612 2871 5656 et
2893 5602 3030 5656 duos
3056 5598 3112 5654 in
3143 5600 3250 5654 line
3282 5597 3477 5669 negotii
3507 5597 3574 5651 ab
3597 5606 3832 5669 utraque.

2252 5685 2404 5743 parte
2436 5676 2703 5741 accipere.
2757 5670 3050 5743 Iustiniani
3107 5669 3273 5725 verba
3327 5665 3538 5724 citstsnt
3602 5665 3655 5719 in
3712 5683 3764 5716 ‹·.
3798 5665 3832 5719 9

2251 5742 2386 5801 Nov.
2417 5745 2504 5802 9‘2.
2543 5743 2706 5797 Zacn.
2734 5759 2763 5797 Α
2793 5742 3143 5797 [ιικοεδτιιιιι.
