4050 6450
276 305 373 371 581

1366 293 1729 358 NOYELLE
1765 291 2446 355 CONSTITUTIONES.

3424 294 3528 356 58";-

271 420 613 491 στράτευμα,
643 410 728 471 ὧν
748 416 920 477 οὕτως
943 415 977 484 ἦ
1011 414 1213 482 ἑτέρως
1242 415 1478 482 ἐχόντων
1509 415 1724 482 ἀνάγκη
1755 411 1848 464 καὶ

1952 407 2225 461 exercitus
2253 405 2304 458 in
2338 404 2633 474 republica.
2661 404 2790 470 Qua:
2829 405 2937 459 duo
2962 405 3005 462 si
3035 415 3202 472 recte,
3241 408 3322 461 vel
3349 413 3529 464 secius

271 513 330 565 τὸ
363 512 472 564 πᾶν
514 505 1098 578 συμμεταϐάλλεσθαι,
1137 506 1229 557 καὶ
1280 505 1337 566 ὃς
1401 505 1476 573 μὴ
1530 504 1704 558 ταῦτα
1748 503 1852 556 ὑπὸ

271 599 472 668 πολλὴν
528 598 736 651 τίθεται
776 595 1073 666 πρόνοιαν,
1121 593 1250 663 περὶ
1289 595 1386 664 τὴν
1421 594 1627 647 οἰκείαν
1680 593 1847 660 σφάλ-

268 692 418 744 λεται
488 687 806 758 σωτηρίαν,
877 684 1037 753 εῖπερ
1097 683 1304 736 οἰκείαν
1361 683 1566 736 οἴεσθαι
1629 682 1735 754 χρὴ
1790 681 1852 734 τὸ

269 781 471 834 κοινόν.
515 780 625 831 Καὶ
677 776 864 848 ἐπειδὴ
911 775 990 845 τῷ
1040 776 1215 846 χρόνῳ
1252 777 1319 828 τὰ
1347 775 1458 827 τῶν
1503 775 1850 844 στρατιωτῶν

264 869 728 940 ἁρῤωστήσαντα,
759 864 884 916 ὅθεν
914 863 1096 926 αὐτοῖς
1122 864 1215 915 καὶ
1257 864 1291 931 ἡ
1324 863 1418 915 τοῦ
1447 858 1586 916 εἶναι
1627 864 1720 916 καὶ
1751 863 1848 934 ζῇν

269 960 484 1029 προσῆν
514 956 760 1028 ἀφορμὴ,
788 956 924 1026 πρὸς
959 955 1020 1007 τὸ
1057 952 1439 1024 χαλεπώτερον
1474 955 1844 1016 ὲναπέκλινον.

265 1051 295 1118 ἡ
327 1049 392 1100 ἐκ
414 1047 555 1100 Θεοῦ
585 1045 831 1116 βασιλεία
856 1043 1013 1115 ἡμῶν
1041 1044 1176 1113 πρὸς
1203 1043 1262 1096 τὸ
1283 1044 1538 1096 εὐεκτοῦν
1567 1047 1658 1096 καὶ
1689 1047 1850 1113 ἀμει-

265 1140 484 1210 νότερον
516 1137 691 1190 ταῦτα
722 1136 1048 1206 μετήνεγκε,
1085 1135 1270 1204 κοινὴν
1313 1134 1392 1204 τῷ
1424 1137 1586 1188 παντὶ
1618 1152 1848 1205 χαρισα-

268 1228 400 1296 μένη
438 1226 543 1295 τὴν
575 1223 914 1276 λυσιτέλειαν
929 1267 942 1282 ,

331 1405 400 1451 α’.
465 1396 811 1459 Θεσπίζομεν
852 1395 1032 1448 τοίνυν
1081 1394 1213 1448 αὐτὸ
1263 1393 1328 1464 δὴ
1384 1393 1580 1458 τοῦτο,
1638 1395 1774 1466 ὅπερ
1813 1397 1847 1466 ἡ

268 1488 531 1557 συνήθεια
558 1486 825 1556 ἀγράφως
868 1484 1058 1556 πρώην
1090 1483 1352 1555 ἐκύρωσε,
1395 1485 1469 1554 μὴ
1499 1485 1698 1550 ἐξεῖναι
1737 1487 1845 1548 τοῖς

269 1581 632 1651 στρατιώταις
679 1581 745 1632 τὰ
792 1578 852 1643 ἐξ
893 1572 967 1633 ὧν
1006 1580 1063 1631 αῖ
1115 1582 1393 1649 στρατεῖαι
1450 1578 1848 1648 ὑπηρετοῦνται

272 1673 528 1740 κτήματα
574 1669 899 1733 διαπωλεῖν,
954 1669 1334 1740 συντηρεῖσῠαι
1384 1669 1440 1721 δὲ
1486 1671 1566 1732 είς
1611 1671 1846 1740 ἑκάστην

1956 498 2146 551 atl‘ecta
2179 499 2329 550 sint:
2371 511 2596 552 necesse
2641 504 2725 550 est
2765 512 2888 551 cum
2936 498 3017 552 eis
3065 501 3261 554 mutari
3320 505 3524 557 omnia.

1954 590 2131 656 Atque
2173 588 2260 640 his
2288 590 2380 655 qui
2435 604 2625 658 magna
2653 603 2786 642 cura
2817 604 2921 642 non
2946 589 3227 658 prospicit,
3269 590 3334 646 de
3356 593 3529 646 salute

1953 691 2053 730 sua
2083 676 2422 746 periclitatur
2448 695 2461 730 :
2485 678 2530 730 si
2558 679 2716 734 modo
2747 694 2906 732 suum
2946 679 3296 734 exsistimare
3341 681 3523 744 debet,

1951 767 2092 836 quod
2128 766 2402 835 publicum
2431 775 2534 822 est.
2565 767 2630 820 Et
2676 768 2930 836 quoniam
2957 769 3214 835 paulatim
3264 783 3352 823 res
3381 771 3526 824 mili-

1954 870 2063 913 tum
2093 859 2425 922 laborantes,
2476 874 2587 913 una
2619 860 2830 915 scilicet
2865 862 2995 929 ipsis
3036 869 3091 914 et
3133 861 3429 916 eXsistendi
3475 873 3530 915 et

1951 949 2232 1004 victitandi
2279 951 2606 1019 suppetebat
2648 953 3050 1019 Opportunitas,
3099 953 3153 1006 in
3195 953 3522 1008 deteriorem

1949 1055 2014 1096 ac
2049 1039 2404 1096 diﬂiciliorem
2433 1041 2802 1096 conditionem
2831 1042 3172 1096 deﬂexerit-nt
3196 1045 3526 1098 :constituta

1950 1130 2213 1186 divinitus
2236 1131 2490 1199 majestas
2517 1140 2702 1184 nostra
2729 1131 2796 1184 ad
2836 1141 3039 1185 statum
3067 1133 3181 1186 haec
3214 1141 3358 1188 recte
3381 1149 3529 1186 com-

1950 1231 2196 1290 paratum
2228 1229 2282 1274 et
2310 1220 2587 1275 meliorem
2609 1260 2624 1285 ,
2666 1221 2882 1290 publico
2913 1222 3088 1291 ipsam
3135 1224 3524 1292 rempublicam

1949 1313 2242 1365 commodo
2285 1311 2555 1377 afﬁciens,
2591 1313 2855 1366 traduxit.

1969 1445 1982 1456 .
2021 1401 2074 1456 l.
2130 1399 2415 1455 Sancimus
2470 1402 2634 1470 igitur
2685 1401 2757 1466 id,
2820 1402 2962 1471 quod
3024 1402 3137 1472 ipsa
3191 1405 3527 1458 consuetudo

1943 1491 2263 1560 jamdudum
2299 1491 2438 1546 citra.
2484 1492 2814 1560 scripturam
2856 1491 3218 1558 conﬁrmavit,
3271 1510 3338 1549 ne
3379 1497 3526 1549 mili-

1951 1585 2093 1638 tibus
2126 1598 2188 1637 ea
2227 1584 2447 1652 praedia,
2477 1587 2543 1640 de
2570 1584 2767 1652 quibus
2811 1585 3019 1638 militiae
3036 1585 3345 1640 functiones
3372 1587 3526 1640 exhi-

1930 1675 2164 1744 J)entur,
2204 1674 2513 1728 distrahere
2563 1675 2758 1735 liceat;
2785 1676 2879 1729 sed
2919 1676 2984 1728 ad
3015 1676 3318 1744 quamlibet
3382 1677 3525 1729 mili-

281 1762 576 1828 στρατείαν,
629 1761 842 1814 ἱππέων
886 1761 985 1831 μὲν
1023 1761 1278 1830 ἀκίνητον
1330 1759 1522 1829 κτῆσιν
1565 1761 1608 1812 δ’
1648 1761 1846 1830 λιτρῶν

1953 1764 2100 1828 tiam,
2129 1764 2374 1833 equittun
2411 1764 2630 1832 quidem
2663 1765 2938 1832 possessio
2965 1767 3017 1818 in
3057 1766 3220 1820 rebus
3243 1766 3344 1820 soli
3395 1783 3528 1820 con-

279 1853 524 1924 ὕπαρξιν·
558 1851 638 1916 οἷς
686 1853 1036 1923 ἀριθμεῖσθαι
1089 1851 1388 1921 κελεύομεν
1439 1853 1530 1906 καὶ
1574 1853 1700 1915 τοὺς
1755 1853 1848 1906 ἐπὶ

270 1945 356 1996 τὸν
391 1945 576 1997 στόλον
599 1943 1073 2013 ἁποτεταγμένους
1097 1943 1376 2013 πλωΐμους
1405 1943 1497 1995 τοῦ
1524 1961 1582 1995 τε
1622 1944 1846 2011 Αἰγαίου

267 2037 542 2102 πελάγους
595 2036 688 2088 καὶ
735 2035 836 2104 τῆς
888 2036 1071 2104 Σάμου
1114 2035 1208 2087 καὶ
1251 2035 1358 2088 τῶν
1399 2035 1846 2107 Κιϐυρραιωτῶνο

266 2127 584 2179 αὐτόπολοι
638 2126 746 2195 γὰρ
810 2127 904 2178 καὶ
950 2120 1092 2179 οὗτοι
1149 2125 1244 2178 καὶ
1294 2127 1585 2197 αὐτερέται
1629 2126 1850 2197 βαρείας

268 2219 489 2284 μετιᾶσι
513 2216 612 2278 τὰς
643 2215 967 2286 ὑπηρεσίας.
1001 2215 1124 2280 Τοῖς
1156 2216 1212 2268 δὲ
1242 2216 1308 2269 τά
1343 2216 1594 2286 βασιλικά
1627 2217 1850 2287 πλώῖμα

269 2311 362 2361 ἐπὶ
411 2311 608 2379 ῥόγαις
651 2309 1114 2380 ὑπηρετουμένοις
1165 2309 1260 2361 καὶ
1297 2312 1408 2371 τοῖς
1435 2309 1644 2372 λοιποῖς
1682 2309 1850 2364 πλωτ-

270 2418 390 2469 μοις
437 2401 546 2470 ἤδη
575 2401 668 2454 νῦν
713 2401 1017 2470 ἐκράτησεν
1067 2400 1132 2451 ἐκ
1188 2399 1475 2470 συνηθείας
1521 2401 1612 2452 δύο
1654 2399 1851 2470 λιτρῶν

267 2495 346 2556 εἰς
381 2493 624 2560 ἑκάστην
683 2492 971 2562 στρατείαν
1018 2488 1273 2560 ἀκίνητον
1319 2489 1677 2553 διασώζεσθαι
1717 2491 1850 2562 κτῆ-

271 2601 372 2649 σιν,
405 2582 436 2634 ὃ
461 2583 559 2636 καὶ
588 2584 718 2653 ἡμῖν
741 2581 1050 2652 ἀρκούντως
1083 2581 1229 2651 ἔχειν
1259 2579 1425 2633 δοκεῖ.
1456 2582 1517 2632 Εἰ
1539 2581 1640 2649 μὲν
1671 2577 1764 2634 οὖν
1793 2582 1852 2633 ὲν

269 2671 509 2743 τοσαύτη
542 2672 785 2742 ἀκινήτῳ
832 2671 1022 2741 κτήσει
1051 2665 1158 2723 εἷεν
1192 2669 1240 2721 οἱ
1273 2669 1330 2720 ἐν
1364 2670 1651 2739 ἑκατέραις
1690 2687 1852 2740 στρα-

269 2761 442 2823 τείαις
477 2760 933 2829 κατειλεγμένοι,
979 2761 1071 2812 καὶ
1120 2757 1343 2822 σώζοιεν
1396 2759 1604 2828 ταύτην
1661 2777 1854 2828 συντη-

276 2851 496 2920 ροῦντες
534 2850 933 2918 ἀνεκποίητον,
987 2849 1080 2902 καὶ
1131 2849 1557 2919 παραπέμποιεν
1608 2851 1686 2912 είς
1729 2852 1852 2912 τοὺς

275 2943 542 3008 φυσικοὺς
571 2942 940 3010 κληρονόμους
974 2939 1097 2994 καθ’
1127 2937 1185 2992 ὃν
1220 2940 1286 2991 ἂν
1327 2939 1600 3008 βούλοιντο
1624 2943 1852 3009 νόμιμον

1952 1854 2160 1921 stituta,
2218 1855 2490 1924 ejusmodi
2548 1867 2934 1919 conservetur,
2977 1863 3034 1910 ut
3094 1868 3328 1923 quatuor
3359 1857 3527 1912 libras

1949 1956 2148 2014 aequet.
2168 1945 2380 2011 Quibus
2410 1948 2760 2002 annumerari
2809 1947 3064 2016 jubemus
3105 1958 3160 2002 et
3197 1949 3526 2011 classiarios,

1951 2035 2016 2089 ad
2039 2035 2270 2090 classem
2299 2035 2602 2098 ordinatos,
2633 2045 2741 2090 tam
2759 2035 2929 2107 Egazi
2949 2037 3145 2101 maris,
3165 2055 3322 2106 quam
3358 2039 3525 2103 Sami,

1950 2132 2003 2176 et
2039 2122 2554 2193 Cibyrrhaeotarum.
2589 2120 2726 2177 Nam
2755 2138 2882 2178 cum
2943 2125 2999 2177 hi
3049 2135 3102 2177 et
3167 2125 3530 2192 personalitrr

1951 2213 2142 2270 adesse
2197 2215 2376 2280 classi,
2434 2225 2491 2271 et
2551 2215 2784 2285 remiges
2807 2216 3023 2283 ipsimet
3058 2232 3180 2271 esse
3223 2226 3526 2287 cogantur:

1950 2303 2259 2378 functiones
2279 2321 2410 2360 sane
2435 2321 2597 2374 quam
2621 2321 2814 2376 graves
2851 2307 3074 2362 obeunt.
3111 2310 3177 2361 At
3206 2309 3262 2362 in
3304 2309 3389 2371 iis,
3434 2313 3528 2378 qui

1951 2396 2237 2466 stipendiis
2293 2397 2555 2465 acceptis,
2611 2412 2806 2467 operas
2845 2399 3212 2467 imperatoriis
3262 2401 3529 2455 classibus

1951 2485 2232 2551 exhibent,
2261 2494 2316 2539 et
2350 2485 2402 2538 in
2428 2485 2725 2542 classiariis
2748 2489 2978 2552 caeteris,
3027 2505 3088 2542 ex
3125 2492 3527 2545 consuetudine

1949 2576 2274 2644 jampridem
2307 2575 2562 2639 obtinuit,
2608 2577 2739 2632 utin
2772 2578 3019 2650 singulas
3061 2578 3368 2635 functiones
3420 2582 3527 2634 mi-

1952 2667 2137 2720 litares
2158 2676 2407 2720 servetur
2441 2667 2494 2718 in
2528 2667 2693 2722 rebus
2717 2667 2816 2721 soli
2858 2670 3150 2724 constituta
3195 2672 3418 2725 duarum
3459 2673 3527 2726 li-

1955 2758 2170 2809 brarum
2195 2756 2488 2824 possessio,
2524 2757 2666 2825 quod
2699 2759 2854 2816 nobis
2872 2759 3198 2815 etiam'satis
3228 2777 3350 2816 esse
3381 2763 3530 2816 vidr-

1956 2857 2059 2901 tur.
2085 2849 2356 2912 Quantum
2391 2862 2521 2903 sane
2554 2846 2608 2899 in
2640 2849 2812 2903 rebus
2841 2849 2940 2904 soli
2967 2849 3011 2903 si
3043 2853 3375 2919 possideant,
3433 2856 3525 2926 qui

1953 2943 2263 2996 a‘terutram
2295 2940 2488 2996 harum
2518 2940 2766 2994 militiam
2811 2941 3038 3004 obeunt,
3077 2943 3240 3012 idque
3268 2944 3370 2998 sibi
3410 2960 3528 2999 ser-

275 3033 515 3100 τρόπον,
569 3031 709 3099 μετὰ
749 3031 842 3083 τοῦ
889 3032 1091 3082 οἰκείου
1145 3029 1395 3098 μέντοιγε
1448 3029 1686 3100 βάρους,
1740 3030 1847 3081 εἴτε

1957 3039 2080 3083 vent.
2105 3032 2241 3084 citra
2271 3030 2430 3088 ullam
2463 3029 2871 3095 alienationem,
2897 3038 2951 3084 et
2980 3031 3052 3086 ad.
3079 3033 3321 3087 haeredes
3358 3043 3521 3088 natu-

277 3122 551 3184 κατιόντες
579 3118 688 3174 εἷεν
721 3122 860 3190 πρὸς
887 3120 977 3184 οὓς
1009 3120 1496 3190 παραπέμπονται,
1528 3113 1851 3172 είτεάνιόν-

271 3228 379 3276 τες,
417 3212 534 3266 εἴτε
586 3215 650 3265 ἐκ
683 3212 947 3280 πλαγίου,
982 3213 1092 3265 είτε
1140 3210 1200 3276 ἐξ
1247 3211 1530 3266 ἁδιαθέτου
1569 3211 1854 3280 ίσοκληρία

267 3304 408 3357 τισὶν
437 3303 699 3375 ἁρμόσει,
734 3306 847 3358 εἴτε
898 3305 1006 3358 ἀπὸ
1038 3302 1301 3373 διαθήκης
1335 3302 1394 3369 ἐξ
1440 3303 1639 3356 ἀνίσων
1672 3304 1852 3373 μερῶν

269 3393 496 3454 εἰκότως
541 3391 824 3462 κληθεῖεν,
893 3393 1106 3463 γνήσιοι
1164 3391 1196 3460 ἢ
1252 3390 1475 3460 φυσικοὶ
1518 3392 1550 3457 ἦ
1606 3390 1854 3456 ἐξωτικοὶ

269 3486 507 3552 παγανοὶ
555 3483 884 3554 κληρονόμοι
917 3484 1064 3553 (τοὺς
1109 3482 1516 3556 ἀξιωματικοὺς
1545 3481 1650 3552 γὰρ
1691 3482 1851 3535 παντὶ

266 3576 458 3644 τρόπῳ
507 3574 875 3646 ἁποκλείομεν
921 3574 1057 3644 πρὸς
1107 3575 1203 3637 τὰς
1254 3573 1510 3636 τοιαύτας
1556 3574 1850 3644 διαδοχὰς),

270 3667 362 3718 καὶ
405 3667 551 3720 κατά
596 3665 890 3733 ἀναλογίαν
928 3665 1022 3718 τοῦ
1068 3665 1292 3736 κέρδους
1341 3666 1438 3735 τῆς
1488 3665 1852 3735 κληρονομίας

266 3757 499 3809 ἕπεσθαι
549 3756 848 3827 ὁριζόμεθα
902 3757 997 3809 καὶ
1041 3758 1103 3809 τδ
1159 3756 1324 3827 βάρος
1368 3757 1468 3825 τῆς
1516 3755 1848 3819 συντελείας.

271 3847 517 3916 Κινητὴν
550 3848 602 3899 δὲ
649 3848 710 3900 οὐ
762 3847 1244 3919 περιεργαζόμεθα
1300 3845 1557 3918 ὕπαρξιν,
1618 3847 1735 3900 ἀλλ’
1791 3848 1850 3900 ὲν

273 3943 493 4012 ἐξουσία
541 3941 673 4013 αὕτη
715 3941 956 3995 κείσεται
1001 3941 1093 3995 τοῦ
1140 3944 1522 4012 κεκτημένου,
1565 3944 1616 3996 εί
1666 3945 1849 4014 μήπου

269 4032 412 4084 κατὰ
442 4033 579 4085 πολὺ
626 4035 658 4102 ἡ
694 4033 951 4100 ἀκίνητος
1004 4031 1366 4084 ἐλαττοῦται·
1412 4033 1530 4086 δέον
1580 4033 1688 4106 γὰρ
1730 4035 1849 4087 τότε

267 4122 466 4193 ἀνδρὸς
507 4123 718 4191 ἀγαθοῦ
757 4124 1056 4194 δοκιμασίᾳ
1086 4123 1146 4176 τὸ
1173 4123 1391 4188 ἐλλιπὲς
1437 4124 1536 4194 τῆς
1586 4126 1849 4195 ἀκινήτου

266 4217 329 4266 ἐκ
374 4215 486 4266 τῶν
537 4214 778 4283 κινητῶν
820 4213 1290 4284 ἀναπληροῦσθαι.
1315 4215 1378 4266 Εἰ
1403 4215 1459 4266 δὲ
1485 4217 1541 4268 ἐν
1565 4215 1851 4287 περιουσίᾳ

265 4305 482 4359 mnam
538 4307 814 4377 ἀκινήτων
857 4307 884 4358 ὁ
932 4302 1272 4375 στρατιώτης
1326 4306 1678 4373 καθεστήκοι,
1709 4306 1849 4360 ὥστε

1955 3121 2092 3176 rales
2120 3121 2512 3186 transmittant,
2535 3136 2857 3191 quocunque
2875 3122 3038 3176 modo
3056 3123 3300 3194 legitimo
3337 3126 3527 3180 volue-

1954 3214 2084 3278 rint,
2120 3226 2245 3266 cum
2273 3227 2439 3264 onere
2475 3221 2654 3268 tamen
2682 3228 2815 3278 suo;
2870 3215 2985 3268 sive
3013 3214 3167 3269 liberi
3197 3231 3263 3270 ac
3297 3218 3524 3272 descen-

1953 3305 2144 3376 dentes
2176 3304 2306 3372 sint,
2335 3305 2404 3358 ad
2425 3321 2560 3374 quos
2606 3306 3004 3372 transmittunt,
3047 3307 3162 3361 sive
3193 3319 3446 3377 parentes
3475 3321 3530 3363 et

1951 3396 2304 3451 ascendentes
2347 3396 2462 3450 sire
2519 3412 2587 3450 ex
2626 3406 2977 3463 transverso;
3017 3397 3130 3451 sive
3159 3399 3227 3453 ab
3271 3400 3530 3454 intestato

1950 3487 2272 3554 quibusdam
2297 3486 2572 3554 portiones
2609 3486 2846 3556 aequales
2870 3494 3204 3555 competant,
3245 3490 3362 3543 sive
3408 3490 3524 3543 {nr-

1953 3575 2113 3629 tassis
2162 3575 2230 3628 ab
2283 3575 2636 3644 inaequalibus
2684 3575 3024 3642 portionibus
3066 3591 3136 3630 ex
3195 3587 3524 3633 testamento

1951 3674 2234 3730 vocentur,
2266 3666 2374 3728 sui,
2409 3668 2491 3719 vel
2541 3665 2834 3730 naturales,
2870 3666 2953 3719 vel
3003 3667 3247 3721 extranei
3281 3671 3524 3738 paganici

1950 3756 2192 3811 haeredes
2221 3774 2235 3810 :
2279 3755 2424 3827 (nam
2458 3757 2510 3810 in
2543 3755 2810 3824 dignitate
2836 3756 3161 3810 constitutos
3188 3760 3335 3811 omni
3361 3760 3525 3813 modo

1950 3847 2018 3902 ab
2048 3846 2358 3915 bujusmodi
2411 3846 2857 3902 successionibus,
2907 3845 3265 3917 excludimus)
3335 3857 3394 3903 ut
3432 3867 3527 3919 prn

1949 3949 2066 3995 rata
2101 3939 2258 4001 lucri,
2283 3954 2349 3994 ex
2384 3939 2699 3993 haereditate
2742 3939 3138 4006 provenientis,
3183 3940 3346 3996 etiam
3401 3943 3524 3994 t'un-

1947 4031 2144 4086 ctionis
2180 4043 2318 4084 unus
2372 4036 2654 4098 sequatur.
2706 4027 2782 4083 De
2810 4029 2968 4084 bonis
3000 4039 3186 4082 autem
3233 4031 3527 4085 mobilibus

1950 4122 2083 4177 nihil
2109 4123 2325 4176 curiose
2344 4121 2654 4182 statuimus,
2681 4122 2772 4173 sed
2817 4130 2979 4175 erunt
3009 4121 3127 4174 haec
3174 4121 3226 4173 in
3260 4132 3528 4190 potestate

1947 4213 2313 4285 possidentis:
2341 4211 2447 4266 nisi
2477 4211 2616 4266 forte
2650 4211 2884 4276 accidat,
2917 4220 2976 4265 ut
2999 4227 3184 4266 rerum
3204 4211 3303 4266 soli
3333 4229 3524 4283 magna

1949 4305 2090 4360 facta
2118 4304 2187 4358 sit
2214 4303 2542 4362 imminutio.
2599 4299 2752 4362 Tunc
2797 4302 2943 4356 enim
2973 4303 3202 4356 arbitrio.
3255 4302 3354 4356 viri
3400 4305 3524 4356 boni

265 4397 414 4449 κατὰ
463 4397 601 4450 πολὺ
637 4398 734 4468 τὴν
774 4397 991 4450 δικαίαν
1041 4396 1393 4468 ὑπερϐαίνειν
1439 4398 1752 4466 ποσότητα,
1799 4399 1848 4451 εἰ

1952 4396 2096 4465 quod
2129 4395 2182 4447 in
2206 4397 2364 4448 rebus
2394 4393 2496 4446 soli
2519 4392 2830 4448 constituta:
2860 4392 3186 4458 possessioni
3239 4392 3408 4456 deest,
3454 4397 3520 4446 de

267 4491 362 4556 μὲν
395 4487 622 4541 ἅπαντα
655 4490 711 4540 ὲν
750 4490 861 4550 τοῖς
900 4491 1312 4558 στρατιωτικοῖς
1353 4488 1572 4553 κώδιξιν
1594 4490 1846 4560 ἀπογράς

262 4596 481 4647 φονται,
509 4578 586 4648 μὴ
612 4578 874 4631 δύνασθαι
901 4580 1037 4648 μήτε
1061 4579 1236 4634 ταῦτα
1271 4581 1410 4650 μήτε
1436 4583 1501 4634 ὲκ
1531 4579 1735 4634 τούτων
1755 4581 1846 4634 τὸν

265 4673 613 4744 στρατιώτην
653 4673 963 4738 διαπωλεῖν,
1003 4673 1106 4726 κᾶν
1150 4673 1394 4742 μείζονος
1435 4670 1544 4726 εἷεν
1570 4674 1848 4746 ἠξιωμένα

259 4766 429 4835 τιμῆς
469 4763 538 4816 τὰ
592 4763 1128 4833 περιλιμπανόμενα·
1172 4762 1368 4833 μᾶλλον
1398 4761 1453 4815 δὲ
1487 4763 1563 4833 μὴ
1588 4763 1848 4817 δύνασθαί

260 4875 382 4910 τινα
407 4858 476 4909 ὲκ
498 4855 705 4908 τούτων
744 4855 1064 4926 ἀγοράζειν,
1087 4856 1183 4908 κα)⁸
1210 4855 1448 4924 μάλιστα
1486 4854 1847 4925 περίϐλεπτον

258 4949 293 5019 ἢ
321 4947 703 5017 ἀξιωματικὸν
730 4947 762 5018 ἢ
791 4947 1195 5018 μητροπολίτην
1227 4947 1260 5017 ἢ
1292 4947 1592 5000 ἐπίσκοπον
1617 4946 1649 5016 ἢ
1679 4963 1847 5018 μονα-

261 5039 492 5108 στηριον
550 5037 583 5107 ἢ
631 5037 821 5107 ἕτερον
878 5037 968 5090 τὸν
1022 5037 1334 5106 οἱονδήποτε
1381 5037 1555 5106 εὐαγῆ
1613 5031 1761 5089 οἷκον
1795 5036 1844 5108 δῆ

257 5127 537 5197 δυνάστην
593 5128 757 5196 μέχρι
794 5127 1082 5197 σχολαρίου
1108 5167 1122 5192 ,
1170 5127 1377 5190 εἰδότας
1399 5167 1414 5192 ,
1459 5127 1534 5190 ώς
1563 5128 1662 5180 οὑκ
1695 5125 1846 5180 ἔσται

260 5220 454 5282 αὐτοῖς
471 5219 604 5287 περὶ
627 5217 734 5270 τῶν
756 5219 1085 5288 τιμημάτων
1123 5219 1334 5288 ἀγωγὴ,
1359 5218 1472 5272 ἀλλ’
1500 5218 1619 5270 οὐδὲ
1655 5220 1683 5270 ὁ
1721 5218 1848 5288 napi.

258 5310 368 5362 τῶν
391 5309 808 5377 δαπανημάτων
836 5307 1014 5375 λόγος,
1053 5307 1151 5361 κᾶν
1174 5309 1223 5359 εί
1253 5307 1468 5378 τύχοιεν
1511 5308 1680 5360 πολλά
1718 5325 1849 5362 κατ-

257 5397 611 5460 αναλωκότες
625 5413 650 5448 ε
663 5398 706 5457 ίς
721 5396 1032 5465 φιλοπονίαν
1044 5396 1150 5448 τῶν
1162 5397 1372 5466 ἠγορασ
1381 5397 1574 5466 μένων⁶
1590 5395 1846 5466 λήψονται

263 5490 523 5556 μέντοιγε
562 5487 664 5548 τὰς
710 5485 842 5549 ὕλας
871 5486 1071 5548 αὐτῶν,
1104 5489 1254 5556 μετὰ,
1280 5487 1374 5539 τοῦ
1408 5487 1482 5556 μὴ
1510 5486 1706 5554 βλάψαι
1748 5487 1846 5557 τὴν

261 5581 541 5650 προτέραν
571 5579 925 5631 κατάστασιν.
953 5579 1014 5629 Ei
1037 5577 1080 5628 δ’
1107 5580 1167 5629 οὐ
1190 5581 1360 5630 πάντα
1381 5579 1847 5648 ἀπογεγραμμὲνα

260 5669 419 5738 εἰσιν,
451 5667 574 5724 ἀλλ’
604 5667 722 5738 ἔχει
753 5667 976 5730 εἰκότως
1014 5669 1042 5720 ὁ
1066 5667 1403 5737 στρατιώτης
1433 5667 1620 5738 κτῆμα
1643 5665 1843 5720 ἰδιοπε-

1955 4486 2245 4541 mobilibus
2269 4484 2631 4554 supplendum
2661 4483 2784 4538 erit.
2825 4482 2921 4536 Sin
2956 4489 3138 4536 autem
3182 4484 3370 4536 multis
3423 4485 3522 4536 soli

1955 4579 2118 4632 rebus
2153 4575 2388 4632 abundet
2427 4575 2602 4638 miles,
2645 4574 2716 4627 ita
2751 4581 2812 4628 ut
2838 4573 2998 4642 longe
3019 4573 3222 4640 jusram
3251 4575 3528 4643 quantita-

1956 4674 2062 4721 tem
2103 4667 2373 4722 excedant
2411 4681 2428 4719 :
2473 4665 2739 4734 siquidem
2778 4665 2962 4719 omnia
3004 4666 3273 4734 descripta
3303 4681 3430 4719 sunt
3469 4666 3524 4719 in

1954 4761 2234 4824 codicibus,
2276 4761 2628 4827 militaribus,
2673 4775 2851 4828 neque
2897 4761 3097 4829 poterit
3145 4763 3292 4825 hate,
3351 4777 3525 4831 neque

1955 4853 2022 4918 de
2074 4851 2160 4905 his
2206 4850 2500 4919 quidquam
2557 4851 2864 4905 distrahere
2912 4851 3106 4914 miles,
3179 4857 3526 4921 quantumvis

1955 4941 2126 5006 multo
2161 4940 2379 5010 majoris
2411 4941 2751 4998 aestimentur
2779 4955 2900 5009 quae
2939 4950 3247 5010 supersunt.
3296 4943 3394 4997 Vel
3434 4959 3528 5012 pu-

1953 5033 2062 5089 tius
2085 5048 2250 5088 nemo
2289 5032 2584 5101 quidquam
2613 5033 2806 5086 borum
2833 5046 3016 5087 emere
3055 5034 3276 5100 poterit,
3299 5049 3535 5103 praeser-r

1957 5126 2050 5177 tim
2108 5121 2440 5191 spectabilis,
2495 5133 2590 5176 aut
2644 5122 2696 5176 in
2747 5122 3021 5190 dignitate
3055 5124 3410 5184 constitutus,
3438 5135 3527 5174 :m'.

1954 5214 2436 5284 metropolitarms,
2485 5223 2577 5270 aut
2609 5215 2919 5282 cpiscopus,
2971 5215 3056 5266 vel
3113 5212 3524 5276 monasterium,

1955 5310 2037 5360 vel
2058 5307 2162 5360 alia
2197 5319 2534 5374 inimenon
2567 5304 2818 5372 religiosa
2839 5304 3063 5369 dotnus,
3097 5303 3179 5356 vel
3213 5311 3425 5369 potens,
3457 5303 3524 5352 ad

1955 5395 2254 5450 scholarem
2300 5408 2524 5461 usque:
2566 5393 2756 5447 scituri
2812 5407 2884 5452 se.
2942 5391 3146 5448 nullam
3207 5390 3274 5444 de
3337 5388 3525 5457 pretiis

1955 5487 2228 5540 actionem
2259 5485 2559 5543 habituros.
2597 5483 2746 5550 Quin.
2769 5498 2872 5541 nec
2889 5483 3278 5550 impensarum.
3301 5477 3527 5532 habebi-

1956 5584 2043 5630 tnr
2083 5575 2244 5637 ratio,
2275 5573 2526 5642 quamvis
2562 5573 2616 5628 in
2647 5572 2970 5638 excolendas
3000 5585 3089 5626 res
3115 5577 3330 5636 ontptas
3354 5565 3522 5622 multa

1954 5665 2332 5737 expenderinl.
2371 5662 2626 5720 Materias
2675 5673 2860 5726 tamen
2894 5675 3020 5718 suas
3055 5653 3431 5724 itarecipiem,
3467 5665 3526 5710 ut
