4050 6446
499 297 600 365 583

1412 293 1912 356 CONSTANTINI
1955 254 2624 352 PonPHYno‘GENtTI

3635 287 3744 352 584

499 424 698 471 statum
737 411 972 482 priorem
1004 423 1111 465 non
1143 407 1360 464 laedant.
1391 407 1542 473 Quod
1572 408 1616 461 si
1651 405 1830 459 omnia
1867 405 2066 459 descri-

2175 403 2465 473 ριὸριστον,
2501 400 2596 454 καὶ
2626 402 2690 470 τῇ
2721 399 2976 470 στρατεία
3008 399 3470 465 ἀκαταδούλωτον,
3494 399 3746 466 ἐξουσίαν

495 515 587 578 pta
613 519 718 558 non
741 511 890 567 sunt,
917 501 1010 556 sed
1037 499 1176 554 forte
1203 497 1598 569 possessionem
1637 495 1790 549 miles
1819 508 2060 548 seorsum

497 596 613 651 suis
637 594 899 648 inclusam
925 589 1171 646 terminis
1199 589 1378 649 habet,
1411 601 1508 640 nec
1532 585 1623 637 ulli
1657 584 1860 637 militia:
1888 585 2062 637 servi-

499 687 601 741 tuti
633 686 923 739 obnox'am
971 702 982 735 :
1014 681 1320 734 facultatem
1350 676 1546 730 habeat
1583 675 1699 743 ejus
1739 673 2058 737 alienandar,

498 789 826 846 quocunque
871 772 1032 826 modo
1079 771 1264 824 volet:
1319 777 1524 822 tantum
1572 774 1632 818 ut
1682 765 1952 832 descripta
2006 764 2060 817 in

505 867 667 919 rebus
721 863 816 916 soli
859 861 1128 928 [)OSSCS>i0
1159 857 1280 926 ejus
1327 857 1394 910 ad
1427 855 1786 910 exhibendam
1832 853 2064 909 functio-

501 970 622 1008 uem
651 953 935 1006 militarem
965 947 1212 1003 suﬁiciat.
1236 945 1446 1015 Quippe
1475 945 1520 999 si
1553 945 1680 1014 quid
1709 946 1870 1012 desit,
1902 960 2062 1014 coge-

503 1053 587 1096 tur
636 1043 700 1107 is,
759 1041 919 1109 quia
973 1037 1146 1092 milite
1201 1039 1457 1106 praedium
1530 1051 1596 1089 ex
1663 1035 1837 1105 aliqua
1901 1051 2062 1092 causa

498 1139 688 1186 nactus
713 1140 814 1196 est,
866 1130 1012 1199 quod
1044 1129 1228 1184 deﬁcit
1255 1142 1348 1198 per
1377 1127 1497 1182 illas
1528 1126 1673 1195 ipsas
1694 1142 1781 1181 res
1807 1127 1904 1182 soli
1933 1143 2063 1196 sup-

496 1220 662 1288 plere.
694 1219 787 1274 Siu
849 1233 936 1273 res
979 1220 1101 1285 soli,
1134 1234 1268 1287 quas
1322 1217 1475 1272 miles
1527 1217 1788 1284 possidet,
1842 1232 2063 1283 prorsus

495 1310 777 1378 descripta:
805 1324 911 1363 non
939 1319 1112 1363 sunt:
1153 1323 1273 1377 qua:
1320 1307 1493 1376 magis
1547 1306 1750 1361 fertiles
1801 1316 1944 1372 sunt,
1995 1308 2062 1360 ad

493 1412 730 1468 quatuor
761 1416 929 1468 usque
969 1401 1132 1454 libras
1157 1401 1316 1456 tacite
1343 1399 1452 1454 sint
1484 1398 1751 1467 obligatas.
1781 1398 1899 1464 Quo
1931 1399 2058 1468 qub-

491 1493 615 1545 dem
655 1491 758 1545 illa:
807 1491 1088 1561 privilegio
1136 1506 1200 1546 ex
1248 1489 1580 1561 providentia
1624 1499 1809 1543 nostra
1847 1491 2064 1544 munitae

493 1591 638 1635 sunt.
669 1582 862 1635 Eorum
889 1592 1090 1648 autem,
1122 1597 1241 1651 qua:
1283 1581 1488 1649 reliqua
1511 1589 1656 1646 sunt,
1703 1581 1966 1650 permissa
1993 1581 2064 1634 sit

491 1673 571 1725 eis
615 1671 888 1725 alienatio.
924 1671 1000 1724 Ac
1056 1672 1100 1724 si
1155 1671 1374 1740 quidem
1426 1672 1757 1733 usuvenerit,
1812 1679 1872 1722 ut
1920 1684 2062 1723 unus

2173 494 2343 563 ἐχέτω
2375 489 2419 561 ᾧ
2454 494 2517 564 δὴ
2551 493 2790 562 βούλοιτο
2837 493 3021 562 τρόπῳ
3070 492 3227 544 τοῦτο
3265 492 3542 558 ἐκποιεῖν,
3595 493 3653 544 ἐν
3702 484 3750 557 ᾧ

2175 586 2421 654 μέντοιγε
2467 588 2499 656 ἡ
2535 585 3007 655 ἀπογεγραμμένη
3052 584 3308 654 ἀκίνητος
3351 583 3543 650 κτῆσις
3581 581 3749 634 αὐτοῦ

2174 677 2329 746 ἱκανή
2359 679 2506 728 ἐστιν
2537 674 2924 744 ὑπηρετεῖσθαι
2955 678 3020 745 τῇ
3050 676 3326 744 στρατείᾳ·
3363 675 3412 725 εί
3461 675 3570 742 γὰρ
3610 676 3749 727 ἀπο-

2169 767 2456 830 λείπεται,
2521 767 2768 834 ἀνάγκην
2809 765 2918 828 ἕξει
2972 768 3000 818 6
3055 765 3206 834 παρὰ
3257 764 3347 815 τοῦ
3416 764 3748 835 στρατιώτου

2169 856 2351 910 λαϐὼν
2383 857 2446 910 ἐκ
2474 873 2620 919 τινος
2644 857 2821 918 αἰτίας
2853 857 2914 908 τὸ
2953 855 3162 924 κτῆμα,
3192 854 3251 908 τὸ
3276 854 3491 918 ἐλλιπὲς
3520 855 3588 908 δι’
3627 857 3752 908 dau-

2171 947 2348 1015 νήτων
2382 944 2796 1013 ἀναπληρῶσαι.
2845 945 2906 996 Εἰ
2935 945 2978 996 δ’
3007 941 3237 1006 οὖδόλως
3271 941 3750 1015 ἀπογεγραμμένά

2172 1037 2279 1088 εἰσὶ
2313 1037 2378 1088 τὰ
2427 1035 2524 1088 τοῦ
2557 1034 2890 1103 στρατιώτου
2940 1033 3192 1103 ἀκίνητα,
3233 1035 3301 1088 τὰ
3338 1033 3750 1106 εὐχρηστότερα

2174 1125 2466 1195 σιωπηρῶς
2510 1124 2918 1178 ὑποκείσθωσαν
2968 1125 3073 1187 ἓως
3109 1125 3152 1177 δ’
3201 1123 3418 1195 λιτρῶν,
3452 1123 3543 1178 καὶ
3570 1125 3747 1194 τούτῳ

2170 1215 2249 1286 τῷ
2289 1215 2568 1285 προνομίῳ
2597 1213 2657 1278 ἐξ
2696 1213 2970 1284 ἡμετέρας
2997 1213 3253 1283 προνοίας
3305 1211 3745 1284 συγκροτείσθω·

2172 1321 2308 1358 σαν·
2348 1303 2415 1358 τὰ
2463 1305 2518 1357 δὲ
2559 1305 2794 1374 περιττὰ
2835 1304 3081 1373 ἐφεῖσθαι
3126 1304 3335 1368 τούτοις
3381 1303 3746 1356 ἐκποιείσθαι.

2171 1397 2283 1450 Καὶ
2307 1396 2463 1466 είπερ
2495 1395 2674 1465 συμϐῇ
2706 1390 2796 1448 τὸν
2828 1391 2926 1465 μὲν
2949 1397 3018 1448 τὰ
3043 1389 3445 1466 εύχρηστότερα
3475 1397 3750 1466 ἀγοράσαι

2172 1487 2458 1556 πρότερον,
2487 1488 2578 1539 τὸν
2612 1487 2667 1540 δὲ
2695 1487 2763 1539 τὰ
2793 1487 3169 1557 ἀχρηστότερα
3203 1486 3451 1557 ὕστερον,
3481 1487 3748 1556 ἐκνικηθῇ

2169 1577 2227 1630 δέ
2253 1578 2316 1629 ἐκ
2337 1575 2430 1629 τοῦ
2459 1577 2878 1648 προτεθειμένου
2901 1571 3091 1630 τούτου
3128 1579 3423 1647 προνομίου
3449 1578 3516 1631 τὰ
3543 1578 3749 1648 εῦχρηο

2173 1684 2300 1730 στα,
2350 1668 2519 1737 ἐχέτω
2564 1667 2632 1720 τὰ
2679 1667 2776 1738 τῆς
2825 1669 3183 1736 προγενεσίας
3234 1667 3420 1722 δίκαια
3472 1669 3613 1723 κατὰ
3649 1669 3751 1722 τοῦ

491 1761 754 1816 fertiliora
797 1761 946 1830 prius
978 1769 1143 1824 emat,
1177 1761 1316 1814 alius
1348 1761 1527 1813 minus
1554 1759 1706 1814 utilia
1752 1760 2064 1829 posterius;

2174 1759 2631 1828 μεταγενεστέρου
2653 1761 2681 1812 6
2704 1757 3152 1831 προγενέστερος.
3195 1758 3257 1812 Εἰ
3279 1761 3335 1814 δὲ
3367 1759 3570 1823 πολλάς
3595 1759 3752 1829 ἔχον-

495 1862 551 1906 et
575 1867 639 1906 ex
673 1849 954 1920 privilegio
977 1851 1091 1920 jam
1118 1851 1385 1921 exposito,
1421 1848 1689 1904 fertiliora
1719 1849 1922 1903 fuerint
1949 1848 2068 1902 evi-

494 1949 577 1993 cta
603 1957 617 1992 :
635 1939 758 2006 jura
787 1939 1089 2008 prioritatis
1127 1941 1388 1994 adversus
1428 1939 1787 2009 posteriorem
1827 1938 2068 1992 anterior

496 2031 706 2084 habeat.
746 2031 898 2096 Quod
925 2031 970 2084 si
1002 2031 1375 2099 possessiones
1397 2029 1449 2082 in
1480 2030 1638 2084 rebus
1666 2028 1764 2082 soli
1805 2028 1983 2096 plures
2009 2036 2068 2081 et

493 2121 756 2187 pretiosas
782 2121 1067 2174 admodum
1113 2120 1394 2184 habentes,
1440 2133 1558 2173 eam
1610 2133 1730 2187 qum
1800 2117 2065 2185 descripta

493 2211 616 2275 fuit,
641 2211 1034 2275 alienaverint;
1058 2219 1350 2278 posteaque
1377 2218 1438 2262 ut
1463 2209 1786 2277 descriptam
1817 2207 2066 2263 evincere

500 2301 766 2354 voluerint
809 2301 1142 2354 :evictiouis
1195 2299 1494 2354 subsidium
1535 2299 1615 2354 eis
1663 2299 1873 2362 damus,
1906 2310 1959 2352 et
2007 2306 2068 2352 ut

497 2390 618 2444 aliis
647 2404 712 2443 ex
731 2391 1165 2458 possessionibus
1191 2392 1420 2459 emptori
1442 2389 1688 2454 satisﬁat,
1718 2405 1839 2444 eum
1860 2391 2067 2444 scilicet

495 2481 631 2533 ulura
665 2492 898 2550 quatuor
931 2481 1145 2550 quidem
1182 2481 1348 2536 libras
1371 2482 1600 2549 equites,
1649 2481 1911 2535 classiarii
1938 2496 2067 2534 vero

495 2570 634 2624 ultra
679 2574 813 2626 duas
864 2572 916 2624 iu
953 2571 1105 2625 bonis
1157 2571 1376 2626 habent.
1407 2570 1560 2633 Quod
1587 2569 1631 2624 si
1677 2579 1884 2639 partem
1943 2569 2066 2622 fun-

502 2665 703 2719 ctionis
751 2664 1008 2717 militaris
1054 2663 1257 2731 aliquis
1301 2663 1552 2725 exhibet,
1605 2675 1703 2728 pro
1732 2671 1846 2713 rata
1903 2661 2068 2728 partis

492 2755 610 2820 ejus
636 2754 799 2807 etiam
843 2755 906 2807 de
945 2767 1030 2819 eo,
1072 2754 1217 2821 quod
1251 2753 1302 2805 iu
1331 2753 1486 2807 bOuis
1513 2752 1712 2806 habere
1747 2751 1924 2815 debet,
1959 2762 2068 2806 sta-

494 2842 746 2895 tuendam
779 2842 903 2895 erit.
945 2840 1059 2895 Non
1093 2841 1250 2894 aliter
1281 2834 1462 2893 autem
1520 2840 1813 2895 dominium
1841 2843 2068 2910 praedio-

493 2947 612 2984 rum
645 2930 958 2984 militarium
1008 2932 1072 2984 iis
1119 2931 1458 2998 acquiratur,
1500 2930 1592 2999 qui
1646 2945 1709 2986 ea
1740 2947 2066 3001 quocunque

497 3021 649 3074 titulo
683 3020 995 3090 possident;
1027 3021 1130 3073 nisi
1160 3035 1424 3075 annorum
1467 3020 1822 3090 quadraginta
1850 3031 2063 3091 tempus

495 3112 841 3166 attestatioue
867 3110 1014 3165 nulla
1040 3111 1436 3165 interveniente
1463 3110 1750 3167 efﬂuxerit.
1775 3112 2066 3182 Propemo-

500 3201 628 3253 dum
662 3201 807 3255 enim
839 3201 990 3256 malae
1024 3201 1142 3256 ﬁdei
1174 3203 1580 3272 possessoribus
1623 3205 1721 3259 hos
1756 3204 1883 3260 olim
1929 3221 2064 3276 quo-

496 3308 600 3360 que
632 3293 968 3347 consuetudo
996 3293 1316 3348 numerabat
1343 3310 1355 3345 :
1391 3295 1494 3349 nisi
1525 3296 1665 3364 quod
1691 3311 1756 3351 ex
1789 3307 2064 3354 contractu

498 3385 863 3454 possidentes,
891 3385 1094 3439 nullum
1129 3385 1398 3440 fructuum
1425 3387 1679 3441 damnum
1723 3388 2063 3446 sentiebant:

498 3475 650 3528 mala:
675 3489 804 3528 vero
838 3475 958 3530 ﬁdei
995 3489 1367 3545 possessores,
1411 3487 1467 3531 et
1512 3477 1718 3533 fructus
1755 3489 1809 3535 et
1837 3481 2064 3548 reditus,

507 3578 561 3619 et
599 3581 762 3620 oume
809 3568 1192 3622 detrimentum
1249 3569 1576 3624 solvebant:
1613 3570 1665 3626 id
1718 3574 1862 3640 quod
1911 3575 2069 3629 nobis

493 3669 708 3724 quoque
740 3656 936 3724 placet.
956 3655 1152 3713 Milites
1175 3673 1303 3713 vero
1334 3660 1726 3717 existimandos
1759 3666 2065 3730 statuimus,

501 3761 606 3800 non
658 3760 752 3800 eos
789 3748 950 3803 modo
1011 3749 1102 3818 qui
1136 3750 1307 3804 sacris
1340 3751 1569 3806 militum
1611 3753 1909 3824 legionibus
1941 3769 2071 3811 sunt

491 3836 667 3890 devoti
697 3855 710 3889 :
736 3837 830 3890 sed
861 3848 914 3891 et
943 3839 1064 3902 hos,
1112 3841 1202 3908 qui
1233 3855 1298 3894 ex
1333 3841 1526 3911 injuria
1575 3849 1804 3912 quadam
1837 3847 2068 3903 fortuna:

497 3928 681 3993 inopes
712 3925 861 3993 facti,
907 3942 1004 3997 per
1050 3930 1284 3984 edictum
1341 3933 1740 3991 immunitatem
1787 3941 2066 3994 consecuti

497 4028 623 4070 sunt
661 4038 672 4070 :
717 4032 853 4085 quos
898 4019 1088 4072 iisdem
1133 4036 1253 4074 cum
1290 4022 1394 4078 illis
1413 4026 1498 4078 cui
1524 4025 1818 4098 privilegiis
1851 4045 2065 4099 :equum

497 4121 803 4172 censemus,
832 4123 940 4162 non
973 4110 1350 4176 concedentes,
1400 4121 1457 4165 ut
1484 4114 1568 4168 vel
1611 4116 1677 4170 ah
1725 4116 1967 4185 ipsismet
2002 4135 2066 4175 ea

498 4199 890 4264 distrahantur,
931 4200 998 4254 de
1038 4203 1234 4270 quibus
1263 4201 1567 4261 functiones
1610 4207 1877 4263 militares
1917 4211 2070 4264 exhi-

498 4287 725 4355 bentur;
761 4289 927 4346 multo
963 4293 1142 4347 minus
1174 4309 1201 4346 a
1240 4293 1390 4349 ﬁsco.
1416 4293 1549 4348 Nam
1578 4297 1622 4350 si
1665 4313 1788 4353 vere
1829 4301 2069 4368 preprie-

2171 1867 2262 1912 τες
2305 1851 2594 1917 ἀκινήτους
2630 1851 2987 1919 κτήσειςκαὶ
3027 1852 3356 1918 πολυτίμους
3401 1853 3499 1922 τὴν
3542 1853 3753 1920 ἀπογε-

2141 1941 2498 2010 ’γραμμένην
2539 1941 2928 2011 ἐκποιήσαιεν,
2980 1939 3268 2010 ἐκνικῆσαι
3324 1943 3382 1997 δὲ
3431 1942 3750 2012 βουληθεῖεν

2179 2030 2405 2100 ὕστερον
2441 2029 2536 2083 ἆτε
2572 2031 3092 2102 ἀπογεγραμμένην,
3136 2033 3373 2086 δίδοσθαι
3423 2035 3523 2101 μὲν
3565 2034 3753 2096 αὐτοῖς

2170 2122 2270 2189 τὴν
2328 2121 2580 2192 βοήθειαν
2632 2122 2729 2192 τῆς
2784 2121 3157 2190 ἐκνικήσεως,
3212 2123 3275 2175 ἐκ
3335 2123 3434 2192 τῆς
3479 2121 3644 2190 ἄλλης
3691 2121 3752 2173 δὲ

2169 2211 2374 2263 τούτων
2407 2211 2594 2273 οὐσίας
2616 2210 2692 2281 τῷ
2715 2212 2991 2280 ἀγοραστῇ
3022 2209 3082 2264 τὸ
3113 2212 3294 2264 ἱκανὸν
3321 2211 3748 2280 περιποιεῖσθαι,

2169 2303 2258 2354 ὅτε
2286 2302 2315 2355 δ
2336 2301 2488 2370 ’,λοιδὴ
2513 2302 2797 2372 εὐποροῖεν
2820 2302 2959 2372 ὑπὲρ
2985 2302 3082 2364 τὰς
3113 2300 3389 2373 τέσσαρας
3423 2301 3606 2371 λίτρας
3638 2302 3746 2370 μὲν

2169 2394 2218 2444 οἱ
2251 2393 2458 2456 ἱππεῖς,
2495 2392 2633 2463 ὑπὲρ
2654 2392 2752 2456 τὰς
2776 2391 2867 2445 δύο
2896 2393 2952 2445 δὲ
2976 2389 3023 2446 oi
3051 2393 3359 2463 πλωτῆρες.
3399 2393 3462 2446 Εί
3501 2393 3555 2444 δὲ
3585 2391 3745 2462 μέρει

2171 2484 2459 2555 στρατείας
2509 2483 2864 2554 ὑπηρετεῖταί
2912 2501 2994 2546 τις
3023 2523 3038 2547 ,
3099 2485 3243 2538 κατὰ
3300 2476 3590 2553 ἀναλογίαν
3646 2483 3746 2535 τοῦ

2172 2575 2369 2645 μέρους
2428 2574 2594 2627 αὐτοῦ
2639 2574 2732 2627 καὶ
2783 2574 2882 2644 τὴν
2941 2573 3201 2644 εὐπορίαν
3249 2572 3576 2627 τυποῦσθαι.
3650 2572 3747 2641 Μὴ

2167 2664 2342 2726 ἄλλως
2379 2664 2435 2717 δὲ
2473 2664 2822 2734 κυριεύεσθαι
2876 2663 2944 2717 τὰ
2997 2664 3363 2733 στρατιωτικὰ
3403 2667 3516 2726 τοῖς
3567 2661 3748 2714 ταῦτα

2167 2757 2441 2827 οῐῳδήτινι
2495 2757 2682 2827 τρόπῳ
2729 2755 3062 2824 κτωμένοις,
3103 2757 3152 2807 εί
3187 2754 3262 2826 μὴ
3291 2756 3318 2808 6
3349 2754 3446 2824 τῆς
3474 2770 3748 2823 τεσσαρα-

2169 2847 2485 2911 κονταετίας
2508 2845 2922 2916 ἀνεπιφώνητος
2942 2845 3253 2916 διαρῤεύσει
3284 2845 3496 2915 χρόνος.
3547 2843 3748 2914 Σχεδὸν

2169 2941 2277 3010 γὰρ
2309 2942 2420 3002 τοῖς
2465 2941 2606 3009 κακῇ
2652 2939 2831 2992 πίστει
2861 2937 3119 3005 νομεῦσιν
3151 2937 3374 3008 ἠρίθμει
3403 2935 3624 2998 τούτους
3649 2936 3752 2988 καὶ

2171 3033 2337 3087 πάλαι
2363 3034 2396 3102 ἡ
2427 3031 2704 3101 συνήθειαι
2732 3029 2873 3098 πλὴν
2897 3031 3019 3082 ὅσον
3047 3032 3093 3080 οί
3130 3031 3228 3099 μὲν
3269 3031 3332 3081 ὲκ
3365 3027 3752 3096 συναλλάγμα-

2167 3140 2260 3186 τος
2287 3121 2613 3192 νεμηθέντες
2644 3121 2740 3192 τὴν
2764 3119 2874 3173 τῶν
2902 3119 3132 3192 καρπῶν
3163 3119 3368 3189 ζημίαν
3389 3119 3669 3187 διέφυγον,
3695 3119 3747 3169 οι

2168 3214 2225 3266 δὲ
2261 3214 2442 3266 πίστει
2475 3214 2617 3283 κακῇ
2651 3211 2940 3282 νεμόμενοι
2981 3212 3074 3264 καὶ
3129 3212 3375 3282 καρποὺς
3420 3211 3517 3264 καὶ
3569 3225 3749 3279 προσ-

2167 3303 2319 3366 όδους
2351 3303 2444 3356 καὶ
2490 3302 2670 3355 πᾶσαν
2704 3301 2908 3372 βλάϐην
2941 3301 3351 3355 κατατίθενταιο
3398 3300 3427 3353 6
3474 3301 3565 3354 καὶ
3607 3301 3749 3370 ἡμῖν

2168 3393 2416 3465 ἀρέσκει.
2447 3393 2793 3464 Στρατιώτας
2815 3393 2872 3446 δέ
2900 3393 3217 3462 νομίζεσθαι
3257 3393 3644 3462 διατυποῦμεν,
3681 3393 3746 3443 οὐ

2169 3485 2296 3548 τοὺς
2336 3484 2778 3555 καθοσιωμένους
2815 3483 2972 3554 μόνον
3007 3486 3127 3547 ταῖς
3165 3485 3338 3555 ἱεραῖς
3376 3483 3606 3551 λεγεῶσι
3636 3483 3750 3536 τῶν

2173 3567 2544 3636 στρατιωτῶν,
2585 3567 2720 3620 ἀλλὰ
2753 3567 2860 3634 γὰρ
2897 3565 2960 3636 δὴ
3005 3565 3100 3617 καὶ
3147 3565 3392 3630 τούτους,
3427 3566 3476 3618 οἳ
3505 3567 3594 3619 διά
3623 3583 3751 3620 τινα

2169 3657 2338 3726 τύχης
2375 3659 2637 3728 ἐπήρειαν
2672 3658 2902 3720 ἐπιδεεῖς
2937 3658 3193 3726 ὀφθέντες
3222 3659 3484 3728 ἁδωρείας
3521 3658 3750 3722 ἐνδίκως

2168 3751 2518 3819 τετυχήκασι.
2559 3749 2680 3802 Τῶν
2715 3749 2895 3802 αὐτῶν
2941 3749 3048 3819 γὰρ
3077 3751 3172 3803 καὶ
3205 3751 3428 3813 τούτους
3451 3750 3752 3805 ἀπολαύειν

2169 3840 2482 3910 δικαιοῦμεν
2524 3840 2855 3909 προνομίων,
2903 3843 2962 3894 ού
3012 3843 3423 3914 συγχωροῦντες
3455 3844 3576 3897 οὔτε
3617 3847 3756 3914 παρ’

2171 3930 2395 3983 ἐκείνων
2422 3931 2825 4001 πιπράσκεσθαι
2847 3942 2915 3983 τα
2945 3932 3005 3996 ἐξ
3029 3926 3102 3986 ὧν
3128 3933 3185 3987 αἱ
3222 3937 3501 4004 στρατεῖαι
3535 3935 3752 4004 ὑπηρε-

2172 4019 2395 4074 τοῦνται
2425 4037 2438 4052 ’
2477 4021 2570 4074 καὶ
2620 4021 2800 4092 πολλῷ
2837 4023 2996 4077 πλέον
3032 4024 3184 4093 παρὰ
3217 4024 3309 4078 τοῦ
3348 4026 3628 4098 δημοσῖου.
3685 4027 3754 4079 Εἰ

2172 4113 2280 4182 γὰρ
2313 4115 2425 4175 τοῖς
2469 4113 2674 4183 κυρίως
2718 4113 3005 4178 δεσπόταις
3058 4116 3409 4188 ἐπιτιμῶμεν
3458 4117 3549 4170 τοῦ
3593 4123 3754 4188 κοινῇ

2175 4204 2548 4275 συμφέροντος
2575 4205 2785 4271 ἕνεκεν,
2813 4206 2929 4270 πῶς
2960 4206 3026 4261 ἂν
3046 4207 3125 4277 τῷ
3148 4210 3392 4280 δημοσίῳ
3413 4213 3757 4281 πιπράσκειν

2173 4297 2578 4367 ἐπιτρέψωμεν,
2625 4297 2718 4351 καὶ
2758 4298 2858 4368 τὴν
2888 4299 3055 4353 πάλαι
3084 4301 3330 4372 ἄγραφον
3360 4302 3574 4356 ἀδικίαν
3604 4303 3758 4355 ἐκεί-

495 4390 598 4443 que
621 4376 852 4432 dominis
882 4378 1300 4435 interminantur
1326 4381 1396 4437 ob
1443 4383 1516 4450 id,
1547 4386 1686 4454 quod
1717 4389 1932 4456 expedit
1967 4403 2065 4456 pu-

2174 4403 2274 4456 νην
2306 4389 2473 4456 νόμου
2509 4387 2663 4454 τάξιν
2689 4387 2838 4457 ἔχειν
2876 4389 3224 4458 μεθήσομεν;
3259 4391 3326 4462 ῆν
3349 4392 3517 4462 ἐχρῆν
3543 4391 3650 4460 γῆς
3693 4408 3755 4443 τε

497 4467 634 4521 hlice
673 4485 687 4522 ;
731 4470 952 4538 quinam
998 4472 1128 4526 ﬁsco
1189 4473 1492 4530 distrahere
1553 4478 1970 4545 permittemus:
2009 4490 2065 4536 et

498 4574 604 4611 non
627 4559 884 4628 scriptam
913 4561 1059 4615 illam
1092 4573 1328 4618 veterem
1363 4567 1730 4637 iniquitatem,
1764 4569 1897 4640 legis
1924 4572 2066 4628 obti—

498 4663 626 4702 nere
656 4650 823 4704 vicem
856 4654 1248 4710 concedentus?
1278 4672 1439 4726 quam
1484 4660 1698 4729 quidem
1735 4662 1932 4730 ubique
1961 4673 2068 4716 ter-

496 4751 677 4790 rarum
711 4746 764 4792 et
792 4741 959 4794 maris
989 4742 1264 4814 expulsam
1294 4749 1552 4814 oportuit,
1584 4756 1639 4800 ut
1670 4762 1789 4816 quae
1831 4749 2063 4803 maxime

503 4824 743 4879 belluina
775 4827 841 4881 sit
875 4837 928 4883 et
952 4829 1364 4886 immanissima.
1394 4832 1526 4888 Nam
1555 4837 1801 4903 equidem
1833 4839 2073 4892 arbitror

499 4916 646 4983 illos,
675 4918 764 4985 qui
789 4917 932 4974 hanc
961 4989 967 4992 _
992 4922 1431 4992 introduxerunt,
1479 4927 1725 4980 eamdem
1752 4942 1873 4982 cum
1927 4931 2072 4985 ursis

2173 4476 2396 4544 ἁπάσης
2416 4476 2801 4541 ἐξελαύνεσίαι
2825 4481 2921 4532 καὶ
2942 4479 3214 4550 θαλάσσης
3247 4482 3321 4546 ὼς
3349 4478 3512 4534 οὖσαν
3547 4482 3757 4552 θηριω-

2173 4565 2436 4637 δεστάτην
2456 4569 2548 4622 καὶ
2573 4568 2980 4642 ἀπηνεστάτην.
3011 4569 3180 4642 Οἶμαι
3208 4575 3336 4644 γὰρ,
3363 4573 3440 4638 ὡς
3465 4575 3514 4626 οἱ
3545 4576 3757 4643 ταύτην

2175 4659 2561 4727 εἰσαγαγόντες
2599 4660 2698 4730 τὴν
2723 4662 2892 4733 αὐτὴν
2915 4665 3037 4726 ταῖς
3066 4665 3289 4736 ἄρκτοις
3315 4663 3478 4734 φύσιν
3508 4669 3572 4735 τῇ
3603 4669 3758 4718 πολι-

2173 4750 2296 4820 τείᾳ
2327 4751 2683 4822 προσένεμοψ
2723 4753 2880 4822 λόγος
2913 4756 3022 4824 γὰρ
3050 4757 3183 4827 ἔχει,
3230 4758 3396 4826 μόνας
3428 4758 3631 4829 θηρίων
3657 4758 3758 4820 τὰς

2181 4840 2419 4910 ἄρκτους
2463 4841 2606 4912 λιμῷ
2657 4842 2988 4915 πιεζομένας
3015 4848 3142 4909 τοὺς
3191 4847 3488 4911 δακτύλους
3545 4847 3760 4917 περιλι-

2176 4931 2420 4999 χμᾶσθαι
2444 4949 2459 4962 ·
2501 4934 2597 4987 καί
2629 4951 2732 4987 που
2769 4936 2951 5000 καλῶς
2988 4955 3075 5000 τις
3102 4938 3256 5002 εἰδὼς
3286 4942 3476 5011 χεῖρας
3504 4940 3571 4994 ἂν
3619 4940 3760 5008 μᾶλ-

498 5016 743 5103 naturam
777 4989 1084 5081 reipublicaa
1111 4989 1387 5070 tribuisse.
1422 5015 1632 5084 Quippe
1677 5019 1837 5089 vulgo
1890 5021 2066 5088 perhi-

2173 4989 2269 5076 ’λον
2308 5026 2436 5097 ὅλης
2479 5029 2578 5100 τῆς
2624 4989 2948 5099 πολιτείαςί
2967 4989 3082 5086 ἀλλ’
3124 4989 3253 5103 οὐχί
3287 4989 3586 5096 ’δακτύλους
3619 4989 3760 5095 ἶτοὺς

495 5098 671 5160 betur.
703 5100 846 5157 solas
874 5118 938 5157 ex
969 5103 1097 5159 feris
1128 5119 1285 5160 ursas
1304 5103 1447 5160 fame
1469 5120 1686 5176 pressas
1719 5108 1914 5180 digitos
1943 5125 2072 5165 suos

2181 5116 2518 5186 στρατιώτας
2550 5115 2694 5174 εἶναι
2720 5121 2924 5191 δοκοίη.

495 5196 737 5262 sugendo
781 5197 1226 5253 circumlambere
1259 5216 1274 5254 :
1308 5199 1435 5256 licet
1457 5203 1550 5271 qui
1598 5212 1746 5260 recte
1811 5220 1923 5260 rem
1971 5205 2366 5275 mstimaverit,
2421 5212 2628 5268 fortean
2697 5217 2875 5284 potius
2930 5231 3121 5272 manus
3186 5216 3348 5273 totius
3418 5217 3758 5288 reipublicae,

495 5302 654 5356 quam
686 5290 880 5358 digitos
907 5304 1027 5347 esse
1061 5292 1259 5347 milites
1294 5295 1590 5352 arbitretur

562 5383 619 5437 5.
652 5384 830 5454 Atque
861 5387 977 5440 hzec
995 5387 1266 5444 secuturis
1291 5394 1622 5460 temporibus
1653 5393 1809 5464 plene
1837 5396 1996 5450 simul
2027 5407 2084 5452 et

497 5469 744 5537 utiliter,
797 5473 865 5526 de
917 5481 1102 5528 nostra
1151 5477 1364 5543 quidem
1414 5481 1704 5546 sententia,
1763 5485 2069 5540 statuimus.

499 5560 654 5628 Quod
685 5568 896 5623 adtinet
927 5571 1198 5640 praeterita
1225 5610 1240 5635 ,
1289 5571 1401 5640 jam
1447 5572 1574 5627 olim
1617 5575 1836 5642 quidem
1869 5577 2077 5633 obtinet

504 5656 653 5714 rudis
674 5669 728 5714 et
756 5660 985 5732 simplex
1016 5663 1373 5730 consuetudo,
1405 5672 1465 5720 ut
1493 5666 1631 5721 citra
1661 5668 1817 5737 pretii
1853 5671 2074 5724 restitu-

2254 5401 2323 5463 γ’.
2364 5395 2548 5450 Ταῦτα
2591 5396 2690 5466 μὲν
2743 5395 2834 5452 οῦν
2872 5401 2986 5463 τοῖς
3032 5400 3339 5472 ἔμπροσθεν
3370 5403 3583 5474 χρόνοις
3611 5405 3765 5461 ἐντε-

2184 5485 2291 5549 λῶς
2330 5487 2446 5557 ἅμα
2473 5490 2568 5542 καὶ
2597 5488 2889 5554 λυσιτελῶς
2923 5491 3064 5545 κατά
3094 5493 3155 5545 τὸ
3182 5495 3316 5564 ⁴ἡμῖν
3355 5495 3546 5550 δοκοῦν
3573 5496 3766 5552 διατυ-

2185 5579 2415 5648 ποῦμεν.
2466 5581 2589 5634 Ἐπὶ
2627 5580 2684 5633 δὲ
2729 5585 2842 5646 τοῖς
2887 5583 3243 5654 προλαϐοῦσι,
3275 5587 3442 5643 πάλαι
3491 5589 3765 5658 μὲνέπι-

2184 5676 2381 5744 κρατεῖ
2409 5674 2719 5745 ἁδιαίτητος
2765 5678 2861 5732 καὶ
2907 5679 3236 5752 παχυμερὴς
3265 5681 3525 5752 συνήθεια
3549 5721 3563 5746 ,
3590 5682 3767 5754 ἀναρ-
