4050 6444
296 375 399 439 585

1399 365 1776 428 NOVELL/E
1817 361 2500 428 CONSTITUTIONES.

3460 360 3566 422 586

295 481 618 556 γύρωςτοὺς
645 477 957 549 ἀγοραστὰς
976 478 1085 532 τῶν
1106 479 1514 548 στρατιωτικῶν
1545 479 1884 545 ἐξωθεῖσθαι.

2004 482 2191 536 tionem
2224 480 2442 548 praediis
2491 478 2818 534 militaribus
2851 487 3125 548 emptores
3152 477 3457 547 ejiciautur.
3497 485 3568 536 At

307 576 370 630 Ἦ
394 575 453 629 δέ
481 572 828 643 λεπτομερὴς
847 571 958 624 τῶν
993 571 1135 624 κατὰ
1168 571 1332 642 μέρος
1367 571 1656 640 διοίκησις,
1698 572 1886 626 ἄλλοτε

291 667 469 729 ἄλλως
514 665 574 718 ἐν
619 659 817 733 οἷσπερ
866 660 933 716 ἂν
974 663 1148 733 αὐτὴν
1193 663 1430 733 μετῆγον
1484 664 1534 715 oi
1571 667 1670 734 τῆς
1706 663 1888 734 ψήφου

292 760 478 829 κύριοι
525 755 974 828 μεταφερομένη,
1010 755 1214 824 πολλήν
1252 773 1374 808 τινα
1420 755 1602 825 λώϐην
1657 757 1888 826 παρεῖχε

290 853 405 914 τοῖς
443 848 736 920 πράγμασι
767 848 862 900 καὶ
897 847 1080 900 πᾶσαν
1109 847 1401 916 ἀσάφειαν.
1439 845 1632 918 Ἡμεῖς
1654 842 1748 900 οὖν
1770 847 1890 917 ἅμα

292 941 488 1014 πρόσω
542 938 640 994 καὶ
710 937 887 992 ὀπίσω
949 939 1076 1001 τοὺς
1138 937 1269 1008 περὶ
1334 937 1444 991 τῶν
1496 939 1889 1008 συμφερόντων

294 1034 630 1103 στρέφοντες
685 1029 1118 1098 ἀναλογισμοὺς,
1162 1028 1264 1092 τὰς
1306 1029 1616 1100 κεχυμένας
1672 1029 1890 1093 ἐκείνας

292 1129 386 1180 καὶ
428 1121 888 1191 ποικιλοτρόπους
932 1120 1517 1190 ἀποδιαπομπούμενοι
1549 1118 1800 1190 πράξεις,
1830 1123 1888 1174 ὲν

295 1216 492 1289 ῥυθμῷ
526 1218 622 1270 καὶ
664 1213 809 1283 λόγῳ
857 1212 956 1284 τὴν
999 1214 1059 1266 ἐν
1092 1213 1266 1266 ἅπασι
1303 1211 1572 1282 διοίκησιν
1601 1211 1888 1282 περιστέλ-

295 1309 482 1372 λοντες
533 1305 869 1376 θεσπίζομεν
893 1320 906 1334 ⁸
960 1307 1011 1357 εί
1055 1305 1153 1374 μὲν
1182 1299 1294 1356 εῐεν
1333 1303 1663 1374 κληρονόμοι
1705 1301 1890 1365 αὐτοῖς

300 1403 407 1465 τοῖς
433 1397 969 1469 ἀπογεγραμμένοις
1017 1393 1402 1466 στρατιώταις,
1430 1394 1712 1456 κατιόντες
1729 1392 1891 1462 τυχὸν

302 1494 336 1564 ή
387 1493 633 1555 ἀνιόντες
675 1489 710 1561 ἢ
762 1491 828 1543 ἐκ
878 1488 1113 1557 πλαγίου
1181 1487 1376 1559 μέχρις
1437 1487 1600 1540 ἐκτου
1653 1484 1888 1557 βαθμοῦ,

306 1581 525 1644 τούτους
556 1579 778 1639 πάντως
801 1577 1198 1648 προσδέχεσθαι
1229 1575 1370 1630 κατὰ
1403 1575 1502 1646 τὴν
1529 1577 1638 1630 τῶν
1663 1574 1891 1645 βαθμῶν

313 1671 583 1743 ἐγγύτητα
615 1669 1072 1741 προτιμωμένους
1123 1670 1204 1733 εἰς
1233 1669 1297 1722 τὸ
1343 1668 1580 1722 ἐκδικεῖν
1626 1667 1696 1721 τά
1737 1668 1889 1738 παρὰ

318 1765 426 1821 τῶν
468 1763 816 1836 στρατιωτῶν
857 1761 1226 1832 ἐκποιηθέντα
1258 1762 1446 1825 κακῶς
1481 1760 1514 1830 ἢ
1550 1762 1702 1832 παρὰ
1731 1761 1892 1814 δυνά-

1994 574 2340 641 particularis
2392 571 2727 641 singulorum
2785 570 3226 634 administratio,
3281 587 3399 639 quae
3435 573 3570 627 alias

1992 663 2146 719 aliter
2178 663 2583 726 immutabatur,
2622 668 2778 730 prout
2809 673 2930 716 eam
2958 659 3311 715 intlectebaut
3347 660 3442 725 illi,
3475 662 3567 729 qui

1986 754 2209 825 judiciis
2234 763 2536 824 praeerant,
2580 765 2833 822 magnam
2869 752 3161 822 quamdam
3194 750 3355 807 rebus
3387 754 3567 822 perui-

1991 848 2154 911 ciem,
2201 861 2265 902 ac
2304 843 2505 900 nullam
2541 859 2649 899 non
2682 844 3068 900 obscuritatem
3125 844 3324 898 attulit.
3368 841 3574 897 Idcirco

1993 952 2092 992 nos
2125 949 2232 992 tam
2264 938 2315 991 in
2349 935 2649 1001 anteriora,
2680 950 2841 1005 quam
2872 936 3195 1005 posteriora,
3223 935 3577 1005 cogitationes

1995 1031 2060 1085 de
2098 1029 2185 1091 iis,
2234 1043 2356 1098 quae
2384 1031 2676 1098 expediunt
2703 1069 2718 1091 .
2770 1039 3192 1094 conrertentes,
3247 1040 3303 1084 et
3347 1031 3575 1084 confusa

1996 1122 2116 1176 illas
2177 1132 2342 1191 atque
2375 1121 2554 1176 varias
2581 1119 2824 1178 actionc's
2851 1120 3186 1191 ablegautes,
3238 1129 3292 1176 et
3343 1122 3578 1177 admini-

1995 1213 2312 1267 stratiouem
2354 1213 2408 1267 in
2459 1213 2621 1269 rebus
2671 1213 2928 1270 omnibus
2975 1215 3171 1271 ordine
3216 1215 3453 1285 quodam
3509 1231 3578 1272 ac

1995 1304 2203 1360 ratione
2231 1303 2554 1371 munientes,
2618 1308 2913 1371 sancimus,
2950 1315 3009 1361 ut
3035 1307 3301 1376 siquidem
3333 1309 3578 1364 hatredcs

1999 1404 2221 1451 exstent
2250 1395 2542 1466 descriptis
2571 1396 2860 1464 militibus,
2887 1399 3282 1454 descendentes
3310 1409 3460 1470 puta,
3493 1401 3579 1458 vel

1995 1488 2354 1543 ascendentes
2382 1529 2398 1555 ,
2447 1489 2533 1545 vel
2578 1503 2646 1544 ex
2685 1497 3016 1556 transverso,
3069 1491 3134 1546 ad
3165 1503 3378 1548 sextum
3409 1507 3580 1562 usque

1995 1587 2222 1650 gradum
2247 1595 2264 1647 ;
2291 1580 2326 1634 ii
2352 1595 2575 1650 prorsus
2591 1580 2966 1647 admittautur,
2984 1581 3138 1650 juxta
3165 1586 3427 1654 graduum
3455 1600 3584 1654 pro-

1997 1670 2356 1742 pinquitatem
2386 1672 2511 1728 aliis
2539 1673 2630 1728 alii
2660 1675 2886 1745 praelati,
2921 1675 2988 1730 ad
3012 1677 3336 1732 evictionem
3366 1693 3580 1747 eorum,

1995 1775 2116 1832 quae
2145 1761 2285 1818 male
2313 1777 2343 1818 a
2372 1763 2636 1819 militibus
2666 1764 2900 1820 alienata
2948 1776 3102 1833 sunt,
3156 1779 3250 1823 aut
3279 1783 3308 1822 a
3359 1781 3582 1839 potente

317 1875 440 1912 στου
472 1855 565 1928 βία
589 1854 1024 1926 κατασχεθέντα.
1078 1855 1202 1908 Τῶν
1251 1855 1549 1925 ἐγγυτέρου
1587 1855 1646 1907 δὲ
1676 1852 1886 1925 βαθμοῦ

2004 1867 2091 1924 per
2122 1853 2232 1908 vim
2272 1855 2490 1910 detenta
2522 1864 2576 1910 et
2607 1871 2878 1926 possessa.
2921 1857 3076 1926 Quod
3125 1860 3172 1915 si
3221 1863 3420 1931 gradus
3459 1876 3585 1931 pro-

307 1947 586 2019 συγγενῶν
618 1947 696 2018 μὴ
721 1946 1068 2017 βουλομένων
1098 1946 1130 2015 ἢ
1170 1945 1246 2016 μὴ
1285 1945 1620 2016 δυναμένων,
1649 1945 1896 2007 καὶτοὺς

303 2036 696 2111 πορῥωτέρους
747 2035 1084 2106 εἰσδέχεσθαι
1137 2037 1442 2104 συγγενεῖς.
1506 2033 1794 2104 Συγγενῶν
1839 2033 1897 2087 δὲ

295 2131 400 2200 οὐχ
419 2128 692 2194 unum-iv,
713 2129 746 2198 ἢ
768 2129 877 2180 τῶν
894 2127 1002 2181 ἀπὸ
1027 2126 1194 2197 νόμου
1215 2127 1570 2197 καλουμένων
1595 2126 1894 2197 ἀγχιστῶν,

294 2221 430 2284 τοὺς
487 2219 750 2282 συνδότας
806 2220 904 2272 καὶ
968 2220 1305 2290 συναιχμους
1356 2219 1540 2273 αὐτῶν
1600 2218 1896 2273 ἀκούεσθαι

297 2312 810 2384 προσερχομένους.
836 2312 1058 2366 Τούτων
1088 2312 1147 2366 δέ
1185 2312 1288 2365 οὐκ
1315 2312 1512 2378 ὄντων,
1547 2311 1672 2374 τοὺς
1710 2327 1899 2366 συντε-

299 2403 505 2468 λεστάς
557 2403 945 2474 ἀπορωτέρους
997 2404 1376 2474 στρατιώτας,
1441 2401 1507 2457 ἶν’
1558 2401 1618 2466 ἐξ
1667 2400 1894 2454 ἐκείνων

299 2497 466 2552 αὐτοὶ
499 2496 566 2550 τὸ
590 2496 773 2549 ἐνδέον
807 2496 907 2565 τῆς
949 2495 1187 2565 ἀπορίας
1214 2493 1590 2558 ἀνασώζοντες
1616 2493 1900 2546 ἐποικοδο-

300 2590 542 2660 μηθεῖεν
572 2587 712 2658 πρὸς
742 2589 897 2657 ἰσχὺν
932 2587 1274 2656 ἱκανότητος.
1310 2587 1372 2640 Ei
1416 2587 1474 2640 δὲ
1500 2585 1597 2639 καὶ
1623 2580 1770 2640 οὗτοι
1799 2586 1900 2638 οὑκ

299 2679 438 2746 εἷεν,
461 2681 686 2749 ἀνάγκη
715 2680 955 2742 καὶτοὺς
991 2678 1308 2740 πολιτικοὺς
1340 2676 1701 2740 ωντελεστάς
1750 2679 1898 2729 εἰσα-

302 2774 573 2828 κούεσθαι
623 2775 764 2842 πρὶς
806 2771 869 2824 τὸ
902 2775 977 2843 μὴ
996 2771 1310 2825 διαπίπτειν
1338 2769 1430 2823 τὸν
1472 2771 1536 2822 ἐκ
1570 2768 1664 2822 τοῦ
1699 2769 1902 2839 κήνσου

302 2869 496 2940 φόρον.
521 2867 662 2920 Εἱδέ
684 2883 748 2935 γε
783 2865 1122 2936 στρατιώτης
1140 2863 1476 2933 στρατιώτου
1494 2863 1684 2932 ἐτέρου
1709 2861 1902 2930 κτῆσιν

303 2961 603 3032 ήγόρασεν,
651 2961 701 3012 εί
729 2959 877 3030 μένὸ
907 2956 1144 3027 εὔπορος
1187 2955 1246 3023 ἐξ
1299 2954 1532 3026 ἀπόρου,
1585 2955 1686 3026 τὴν
1731 2955 1904 3026 αὐτὴν

309 3053 492 3124 inda“
507 3052 878 3116 τοῖςδυνατοῖς
902 3048 1116 3119 ποινὴν,
1143 3049 1470 3119 ἀναργύρως
1495 3047 1781 3103 ἐκπίπτων
1794 3047 1905 3102 τῶν

313 3145 705 3217 ήγορασμένων
727 3161 742 3176 ο
761 3145 811 3197 εί
833 3143 890 3198 δὲ
908 3144 1117 3212 ἄπορος
1137 3142 1196 3208 ἐξ
1221 3141 1481 3212 εὐπόρου,
1505 3141 1568 3196 τδ
1594 3141 1905 3214 ἀγορασθὲν

309 3243 421 3306 εξει
435 3242 660 3303 πάντως
685 3241 716 3312 ή
740 3238 803 3291 τὸ
822 3236 1305 3309 τίμημαλήψεται.
1329 3235 1391 3289 El
1405 3235 1462 3289 δὲ
1479 3237 1683 3306 ἀμφοῖν
1697 3235 1903 3306 ἀπορία

305 3332 656 3404 εὑρίσκεται,
713 3329 793 3400 τῷ
838 3330 1194 3400 ζημιουμένῳ
1233 3328 1390 3400 μέρει
1442 3327 1902 3400 προσδοηθεῖσθαι

305 3422 615 3482 κελεύομεν
641 3463 655 3485 ,
721 3420 822 3489 τήν
860 3419 1072 3490 ἀγαθὴν
1104 3418 1290 3473 πίστιν
1319 3418 1556 3473 ἐνταῦθα
1588 3418 1900 3490 τηροῦντες,

301 3516 337 3587 ή
352 3531 442 3577 τις
458 3515 563 3566 οὐκ
586 3514 653 3584 ἐᾷ
684 3530 809 3567 τινα
825 3513 1132 3584 κερδαίνειν
1150 3512 1215 3568 ἐκ
1233 3512 1332 3582 τῆς
1349 3511 1510 3566 ἄλλου
1535 3510 1758 3583 ζημίας.

377 3605 446 3658 δ’.
510 3606 704 3659 Ίάὖτα
751 3607 884 3677 περὶ
940 3604 1356 3678 στρατιωτικῶν
1407 3605 1656 3676 κτήσεων
1710 3603 1746 3657 ἀ
1804 3605 1904 3675 μὲν

302 3697 609 3769 εὑρηκότες
637 3697 672 3751 ἀ
691 3698 750 3752 δὲ
772 3697 1154 3769 ἐξευρηκότες,
1177 3697 1286 3750 δεῖν
1306 3696 1567 3767 ᾠήθημεν
1600 3696 1903 3767 μεταϐῆναι

309 3793 417 3842 καὶ
467 3790 554 3842 ἐπ’
593 3789 778 3844 αὐτῶν
825 3790 933 3842 τῶν
981 3789 1397 3861 στρατιωτικῶν
1437 3787 1772 3860 προσώπων,
1808 3791 1903 3842 καὶ

311 3883 385 3934 τά
427 3882 771 3952 συμπεσόντα
804 3881 1018 3946 τούτοις
1058 3882 1256 3954 μικρὸν
1278 3880 1486 3936 ἀνωθεν
1509 3882 1899 3953 ἀναγορεῦσαι.

311 3968 429 4026 Ἦν
455 3974 544 4028 ὅτε
563 3968 633 4044 ἦν
657 3973 958 4045 ὁλοσχερὴς
987 3972 1096 4026 τῶν
1126 3972 1472 4045 πραγμάτων
1499 3973 1784 4044 ἀνατροπὴ
1811 3974 1904 4027 καὶ

305 4069 456 4140 φορᾶ
486 4066 716 4138 ὀλέθρου
759 4065 1154 4130 δυσκάθεκτος,
1197 4065 1293 4120 καὶ⁹
1319 4067 1428 4131 πᾶς
1448 4083 1533 4130 τις
1563 4066 1673 4120 τῶν
1701 4067 1761 4120 ἐν
1777 4067 1905 4138 δόξῃ

304 4156 608 4230 κραταιῶν
663 4156 934 4212 πασσυδεὶ
981 4156 1170 4228 χώρας
1207 4155 1662 4229 ἀπεριγράπτους
1708 4159 1906 4211 ἀποτε-

302 4250 610 4321 μνόμενος.
638 4248 1077 4320 ὲν-ἀνδραπόδων
1092 4248 1236 4319 λόγῳ
1251 4250 1378 4313 τοὺς
1405 4248 1624 4314 ἀθλίους
1653 4249 1904 4303 ἐνέταττε

303 4343 616 4410 κτήτορας,
645 4339 870 4409 σχέτλια
910 4341 1084 4392 ποιεῖν
1115 4339 1215 4410 οὐχ
1237 4338 1563 4408 ήγούμενος,
1599 4339 1832 4410 πάσχειν
1850 4339 1907 4392 δέ

299 4432 543 4504 μᾶλλον,
575 4431 631 4484 εί
659 4447 743 4494 τις
774 4430 961 4502 ἕτερος
1001 4430 1303 4501 ὑπέρτερος
1323 4430 1511 4484 τούτου
1539 4432 1597 4484 ἐν
1624 4431 1907 4504 πλεονεξία

1999 1946 2168 2015 pioris
2217 1948 2433 2017 cognati
2481 1949 2654 2004 nolint
2699 1959 2795 2005 aut
2822 1966 2928 2006 non
2997 1956 3244 2022 possint,
3297 1955 3458 2011 etiam
3493 1971 3588 2010 co-

1999 2039 2148 2110 gnati
2185 2041 2509 2097 remotiores
2539 2042 2914 2099 admittentur.
2942 2044 3115 2101 Nullis
3138 2056 3320 2101 autem
3342 2049 3588 2119 cognatis

2000 2129 2362 2195 exstantibus,
2416 2141 2511 2185 aut
2566 2132 2817 2188 amnibus
2838 2172 2854 2198 ,
2893 2135 2987 2205 qui
3038 2151 3104 2192 ex
3134 2136 3252 2207 lege
3277 2149 3540 2195 vocantur
3565 2180 3580 2204 .

2001 2219 2324 2276 accedentes
2355 2219 2600 2289 ejusdem
2666 2223 2873 2279 militiae
2916 2227 3334 2298 collationisque
3365 2232 3589 2300 partici-

2002 2325 2120 2380 pes,
2169 2311 2514 2382 audiantur;
2569 2316 2662 2385 qui
2695 2315 2742 2370 si
2783 2317 2913 2372 nulli
2947 2319 3076 2388 sint,
3127 2321 3329 2378 milites
3379 2325 3588 2394 inopes,

2003 2404 2190 2458 eadem
2242 2405 2578 2462 sustinentes
2634 2422 2798 2464 onera
2831 2427 2845 2476 ;
2889 2418 2946 2464 ut
2971 2426 3036 2466 ex
3064 2413 3149 2468 his
3179 2415 3484 2472 sarcieutes
3513 2419 3588 2484 id,

2002 2496 2146 2564 quod
2179 2511 2369 2552 eorum
2396 2499 2591 2569 inopia:
2620 2501 2809 2567 deest,
2864 2516 2934 2558 eo
2966 2517 3140 2572 usque
3174 2505 3482 2575 proﬁciant,
3530 2521 3590 2562 ιιι

2004 2591 2136 2645 satis
2167 2591 2418 2647 habeant.
2475 2593 2630 2661 Quod
2663 2597 2707 2650 si
2738 2611 2806 2652 ne
2837 2595 2913 2651 illi
2944 2599 3161 2667 quidem
3189 2608 3425 2666 exstent,
3471 2617 3590 2655 mu-

2008 2683 2270 2753 tticipales
2303 2700 2522 2755 quoque
2554 2687 2842 2744 collatores
2876 2690 3050 2744 audiri
3095 2705 3321 2747 necesse
3368 2701 3486 2756 est,
3531 2703 3592 2747 ut

2009 2788 2080 2828 ne
2109 2775 2342 2846 vectigal
2370 2791 2570 2834 census
2595 2779 2906 2835 intercidat.
2953 2779 3010 2836 Si
3040 2797 3172 2837 vero
3197 2784 3350 2838 miles
3384 2798 3595 2853 posses-

2007 2866 2216 2920 sionem
2249 2867 2440 2924 militis
2465 2869 2690 2926 alterius
2737 2873 2907 2939 emit,
2957 2873 3224 2944 siquidem
3257 2875 3495 2944 locuples
3525 2880 3593 2932 ab

2009 2957 2168 3027 inope
2188 2995 2206 3024 ,
2253 2959 2500 3016 eamdem
2539 2975 2660 3016 cum
2694 2964 3002 3034 potentibus
3033 2980 3247 3036 pmnam
3280 2971 3591 3037 sustinebit,

2009 3050 2146 3106 citra
2179 3053 2582 3110 restitutionem
2612 3056 2774 3126 pretii
2807 3071 2896 3113 res
2923 3059 3203 3115 amittens.
3247 3059 3342 3115 Sin
3378 3061 3532 3133 inops
3561 3081 3591 3119 a

2011 3143 2297 3216 locuplete,
2325 3147 2548 3203 omnino
2575 3163 2692 3204 rem
2715 3160 2952 3220 emptam
2981 3153 3222 3220 habebit,
3241 3163 3333 3211 aut
3357 3158 3592 3227 pretium

2015 3238 2262 3308 recipiet.
2324 3237 2479 3305 Quod
2519 3239 2564 3295 si
2594 3241 2754 3297 ambo
2793 3244 3136 3313 reperiantur
3174 3246 3396 3316 inopes,
3451 3251 3594 3319 parti

2012 3329 2212 3383 damno
2236 3328 2443 3384 structa
2475 3329 2753 3386 subveniri
2780 3331 3057 3401 iubemus,
3094 3335 3249 3390 bona:
3274 3336 3396 3392 lldei
3427 3337 3596 3393 ratio-

2014 3430 2135 3470 nem
2171 3417 2228 3472 in
2263 3417 2366 3473 hoc
2400 3417 2684 3484 habentes,
2718 3433 2838 3488 quae
2883 3422 3154 3477 neminem
3203 3438 3326 3479 cum
3368 3426 3595 3482 alterius

2012 3507 2339 3564 detrimento
2367 3506 2576 3564 lucrum
2606 3508 2786 3564 facere
2819 3509 2968 3565 sinit.

2082 3599 2137 3652 4.
2191 3597 2287 3654 llis
2332 3599 2399 3655 de
2442 3600 2880 3669 possessionibus
2917 3602 3244 3661 militaribus
3278 3607 3472 3676 partim
3512 3609 3588 3664 ita

2013 3690 2264 3761 repertis,
2299 3691 2496 3761 partim
2530 3705 2559 3745 s
2598 3691 2755 3747 nobis
2784 3694 3106 3762 excogitatis
3133 3712 3148 3750 :
3179 3697 3244 3750 ad
3276 3697 3421 3766 ipsas
3453 3715 3592 3767 quo-

2011 3795 2116 3851 que
2145 3796 2411 3853 personas
2431 3783 2695 3841 militares
2722 3786 3108 3841 transeundum
3141 3788 3592 3856 existimavimus,

2012 3881 2065 3930 et
2096 3888 2215 3943 qua:
2238 3873 2324 3929 his
2353 3872 2716 3944 contigerunt,
2745 3875 2906 3931 altius
2932 3879 3091 3945 paulo
3117 3882 3426 3948 repetenda.
3464 3882 3596 3938 Erat

2014 3962 2307 4032 aliquando
2338 3963 2389 4016 id
2422 3972 2659 4032 tempus,
2705 3979 2829 4019 cum
2869 3966 3026 4032 plena
3062 3982 3243 4023 rerum
3269 3973 3484 4029 eversio
3513 3973 3595 4028 vi-

2014 4064 2186 4125 geret,
2210 4069 2275 4110 ac
2303 4054 2534 4111 infrenis
2559 4056 2794 4125 impetus
2816 4056 3000 4113 exitii:
3034 4074 3155 4115 cum
3181 4063 3360 4132 quivis
3380 4081 3594 4134 eorum,

2014 4149 2107 4218 qui
2139 4147 2309 4218 gloria
2342 4148 2693 4216 praestabant,
2743 4151 2945 4219 passim
2977 4150 3177 4210 fundos
3208 4155 3345 4211 citra
3379 4159 3598 4214 modum

2015 4241 2356 4304 abscindens,
2405 4239 2524 4296 loco
2556 4241 2954 4310 mancipiorum
2989 4244 3216 4300 miseros
3250 4262 3595 4316 possessores

2016 4331 2276 4396 haberet;
2311 4331 2480 4400 iuiqui
2515 4345 2575 4385 se
2603 4332 2735 4386 nihil
2764 4334 3085 4390 existimans
3115 4336 3314 4403 facere,
3346 4342 3440 4394 sed
3473 4356 3598 4410 per-

2015 4422 2122 4490 peti
2153 4422 2354 4492 potius,
2383 4423 2510 4476 dum
2533 4422 2676 4477 alius
2703 4423 2878 4492 ipsum
2914 4426 3143 4480 avaritia
3169 4440 3488 4496 superaret:
3521 4433 3596 4486 ita

295 4524 532 4595 όφθείη.
567 4521 680 4577 Καὶ
710 4517 780 4594 ἦν
810 4522 1112 4593 ὁλοσχερὴς
1155 4521 1362 4592 ἅμιλλα
1395 4525 1607 4577 κακῶν.
1634 4523 1770 4577 Οὐδέ
1797 4525 1897 4595 γὰρ

2020 4510 2285 4566 malorum
2313 4511 2530 4580 plenum
2565 4513 2834 4582 quoddam
2879 4524 3155 4569 certamen
3204 4526 3344 4572 crat.
3409 4518 3598 4591 Neque

295 4614 434 4669 οὐδὲ
468 4613 636 4682 μέχρι
657 4612 769 4666 τῶν
789 4612 1036 4667 δυνατῶν
1076 4612 1210 4682 ἐστη
1248 4612 1309 4666 τὸ
1333 4612 1530 4679 δεινὸν,
1559 4613 1674 4668 ἀλλ’
1699 4614 1910 4667 ἐκεῖθεν

2020 4617 2146 4658 vero
2178 4603 2235 4658 in
2275 4602 2588 4674 potentibus
2633 4602 2918 4660 insistebat
2963 4607 3062 4661 hoc
3094 4607 3294 4663 malum
3322 4649 3338 4676 ,
3384 4614 3480 4668 sed
3529 4617 3600 4670 ab

296 4704 628 4776 ἀρξάμενον
664 4703 760 4757 καὶ
797 4704 878 4767 είς
900 4703 1029 4766 τοὺς
1049 4701 1414 4773 όλιγοσθενεῖς
1447 4703 1820 4774 ἐτελεύττμτεν⁹
1850 4707 1897 4759 αι

2018 4696 2148 4764 ipsis
2175 4709 2453 4760 exorsum,
2499 4695 2555 4750 in
2593 4695 2772 4751 minus
2799 4695 3049 4756 valentes
3090 4701 3412 4769 desinebat,
3470 4722 3596 4763 naut

297 4799 418 4868 γὰρ
466 4795 580 4848 τῶν
623 4794 1006 4866 ὑπερεχόντων
1055 4793 1198 4858 ἔξεις
1246 4794 1551 4864 διαδόσιμοι
1587 4794 1662 4860 ὡς
1701 4795 1897 4850 ἐπίπαι

2015 4785 2357 4853 superiorum
2389 4783 2705 4840 aﬂ‘ectioues
2739 4785 2791 4840 in
2823 4786 3017 4857 vulgus
3047 4789 3370 4862 plerumque
3395 4809 3598 4867 prepa-

297 4889 383 4959 τῷ
411 4881 622 4954 πλήθει
643 4884 907 4954 γίνονται.
934 4885 1044 4938 Καὶ
1075 4883 1248 4948 οὕτως
1268 4887 1317 4938 οἱ
1340 4885 1528 4956 ἄρχειν
1557 4885 1650 4938 τοῦ
1675 4885 1897 4957 στρατοὶ

2016 4886 2230 4946 gantur.
2285 4877 2542 4946 Adeoque
2573 4877 2665 4946 qui
2696 4879 2746 4932 in
2775 4881 3017 4935 exercitu
3045 4882 3306 4939 militibus
3337 4903 3600 4956 praesunt,

299 4977 610 5048 λαχόντες,
661 4973 854 5046 ῶσπερ
895 4974 1046 5037 δντος
1100 4975 1270 5046 νόμου
1321 4975 1565 5030 τοιοῦτον
1615 4972 1757 5031 εἶναι
1822 4979 1897 5031 τοι

2017 4968 2176 5036 quasi
2217 4968 2300 5022 lex
2340 4968 2520 5038 aliqua
2562 4968 2722 5024 talem
2761 4984 2883 5025 esse
2914 4972 3106 5028 ducem
3133 4974 3361 5045 jubcat,
3412 4997 3601 5036 omnes

303 5069 658 5141 στρατηγὸν,
714 5067 954 5129 ἅπαντες
1008 5062 1144 5136 ἦγον
1202 5065 1316 5120 ἄνω
1357 5083 1418 5120 τε
1452 5068 1550 5122 καὶ
1594 5069 1744 5122 κάτω
1788 5069 1897 5130 τοὺ,

2019 5076 2236 5116 sursum
2261 5062 2625 5131 deorsumque
2655 5061 2857 5118 milites
2885 5075 3073 5135 agunt,
3100 5071 3446 5143 acceptisque
3479 5090 3597 5128 mu-

305 5159 713 5234 στρατιώτας,
769 5158 869 5212 καὶ
923 5158 1074 5230 δῶρα
1130 5156 1506 5228 λαμϐάνοντες
1569 5161 1897 5216 ἀντεδίδοσαε

2022 5151 2244 5207 ueribus
2279 5161 2335 5208 et
2359 5152 2519 5208 donis
2548 5151 2947 5211 immunitatem
2976 5147 3082 5212 illis
3113 5177 3141 5213 ει
3173 5162 3367 5219 militia
3397 5179 3600 5232 repen-

300 5255 501 5318 αὐτοῖς
530 5249 886 5322 ἀστρατείαν.
938 5249 1254 5320 Ἄνθρωποι
1291 5249 1464 5315 ὤνιοι,
1500 5251 1745 5321 ἀμελεῖς,
1783 5255 1896 5307 ἀπό

2022 5245 2177 5310 dunt,
2211 5244 2462 5299 homines
2495 5245 2744 5311 venales,
2789 5247 3146 5319 negligentes,
3195 5253 3415 5307 minime
3447 5255 3602 5310 belli-

303 5350 501 5420 λεμοι,
562 5344 875 5416 μυρμήκων
907 5343 1257 5413 ἀγενέστεροι
1292 5345 1390 5395 καὶ
1436 5342 1618 5396 λύκων
1652 5345 1897 5415 ἀρπακτι

2025 5337 2160 5402 cosi,
2197 5335 2446 5391 formicis
2474 5336 2826 5408 ignobiliores
2848 5349 2904 5394 et
2924 5341 3062 5412 lupis
3087 5344 3392 5410 rapaciores
3417 5344 3430 5397 !
3459 5345 3602 5412 Qua-

304 5443 574 5510 κῶτεροι·
606 5437 675 5491 δι’
713 5430 789 5491 ὧν
819 5436 948 5500 τοὺς
973 5435 1203 5506 ἐχθροὺς
1241 5435 1603 5505 δασμολογεῖν
1633 5437 1733 5490 οὐκ
1767 5438 1897 5508 ἔχον·

2026 5442 2246 5501 propter
2280 5446 2445 5486 unum
2481 5432 2548 5485 ab
2581 5431 2830 5508 hostibus
2861 5433 3079 5500 exigere
3111 5435 3311 5490 tributa
3346 5451 3452 5490 non
3488 5455 3605 5506 pos-

306 5551 433 5597 τες,
468 5527 879 5601 ἡργυρολόγουν
909 5527 1040 5590 τοὺς
1093 5525 1390 5596 ὑπηκόους.
1441 5526 1606 5579 Ὅθεν
1639 5527 1739 5580 οὐκ
1769 5530 1892 5596 ἐδεή

2026 5535 2178 5589 sent,
2231 5539 2261 5578 a
2311 5523 2544 5579 subditis
2582 5524 2840 5594 pecunias
2883 5523 3191 5592 exigebant.
3257 5525 3442 5595 itaque
3494 5546 3602 5584 non

311 5626 499 5696 θησαν
543 5621 742 5694 χρόνου
792 5621 930 5691 πρὸς
996 5619 1058 5673 τὸ
1115 5619 1225 5672 πᾶν
1290 5618 1618 5690 ἀνατρέψαι,
1679 5620 1794 5675 ἀλλ’
1859 5625 1897 5674 ές

2027 5618 2187 5688 longo
2218 5621 2302 5674 cis
2337 5617 2405 5672 ad
2437 5617 2787 5672 evertendam
2817 5613 3205 5683 rempublicam
3249 5617 3426 5686 spatio
3471 5629 3604 5676 tem-

313 5718 424 5782 τῆς
457 5714 610 5784 σφῶν
640 5712 964 5783 καταφορᾶς
987 5711 1068 5775 είς
1097 5709 1326 5781 ἔσχατον
1375 5710 1626 5765 κινδύνου
1672 5711 1772 5784 τὴν
1813 5712 1894 5766 τῶ

2033 5713 2184 5782 poris
2239 5726 2378 5782 opus
2405 5711 2529 5778 fuit,
2561 5710 2656 5766 sed
2691 5705 3121 5779 praecipitationis
3165 5724 3263 5765 sua
3301 5710 3602 5770 Romanum

329 5808 633 5882 Ῥωμαίων
651 5805 859 5874 ἤλασαν
887 5803 1087 5874 ἀρχήν.
1127 5802 1300 5874 Ὀσην
1357 5803 1460 5874 μὲν
1500 5804 1593 5860 οὖν
1619 5805 1717 5877 τὴν
1753 5823 1889 5861 σπου

2029 5803 2316 5877 imperium
2357 5802 2422 5857 ad
2467 5811 2770 5859 extremum
2809 5798 3111 5871 periculum
3145 5800 3489 5871 impulerunt.
3548 5806 3608 5861 lu

611 5904 880 5965 PA'I’RUL.
926 5901 1045 5963 Gtt.
1091 5899 1311 5963 CXIII.
2355 5987 2359 5991 .
2392 5998 2399 6001 _
2434 5977 2442 6001 ἱ
3219 5895 3291 5963 19
