4050 6432
376 339 486 404 587

1306 332 1776 396 CONSTANTIN
1785 331 1811 390 Ι
1842 326 2525 395 PORPHYROGENITI

3544 335 3650 401 5S8

384 459 578 513 horum
606 468 735 524 ergo
760 451 1107 522 repressione
1124 462 1388 522 quantum
1414 454 1577 509 studii
1604 450 1946 520 posuerimus

2077 447 2173 517 δὴν
2240 453 2372 522 περὶ
2425 452 2522 523 τὴν
2579 450 2783 504 τούτων
2830 450 3129 518 ἁναστολήν
3184 450 3651 523 κατεϐαλλόμεθα,

385 548 537 603 multi
574 547 699 602 boni
738 543 1114 613 moderatique
1155 544 1253 597 viri
1284 544 1625 613 prmdicatnri
1655 551 1799 595 sunt.
1867 538 1963 593 Vel

386 638 677 697 multitudo
707 638 887 707 potius
914 651 1127 698 eorum,
1177 636 1268 703 qui
1302 637 1369 688 ad
1392 633 1629 703 patrium
1667 634 1842 686 solum
1880 647 1962 686 re-

354 733 537 812 ,versi
565 740 716 797 sunt,
760 745 948 785 recens
975 729 1236 782 servitute
1269 727 1502 789 liberati,
1537 724 1810 780 clamabit.
1855 723 1959 777 Ce-

379 821 671 878 lebrabunt
698 820 884 883 etiam,
907 817 1117 885 opinor,
1141 815 1262 870 alia:
1284 830 1370 870 res
1397 815 1450 869 in
1476 813 1670 869 melius
1699 814 1957 876 redactae,

379 928 608 984 quarum
651 911 795 967 curis
839 908 1059 963 assiduo
1097 910 1428 972 cruciamur,
1471 904 1588 974 ipso
1618 919 1740 959 cum
1771 917 1961 959 somno

379 1006 577 1061 bellum
617 1012 910 1073 gerentes:
969 1014 1037 1055 ne
1082 999 1252 1054 futilis
1295 1006 1351 1053 et
1384 998 1612 1052 evanida
1645 998 1719 1052 sit
1748 1013 1775 1048 a
1808 996 1960 1050 nobis

380 1096 695 1166 excogitata
717 1106 921 1158 rerum,
959 1105 1080 1162 qua:
1108 1092 1303 1145 vitiose
1337 1090 1606 1153 feruntur,
1644 1090 1956 1153 correctio;

375 1202 535 1258 quam
562 1186 615 1239 in
648 1183 830 1240 edicto
856 1182 1133 1252 prsesenti.
1165 1190 1428 1251 quantum
1459 1181 1579 1249 ejus
1606 1179 1723 1234 lieri
1753 1179 1945 1247 potuit,

364 1286 627 1334 accurate
659 1275 1019 1340 instituimus,
1072 1282 1127 1329 et
1156 1287 1274 1328 arvo
1318 1282 1574 1331 secuturo
1619 1273 1686 1325 ad
1712 1268 1958 1324 duratio-

376 1386 497 1431 item
536 1380 799 1425 aeternam
836 1368 1133 1433 tradentes,
1164 1365 1475 1430 sancimus;
1519 1374 1579 1418 ut
1614 1364 1659 1417 si
1695 1363 1817 1431 quis
1852 1363 1957 1415 mi-

374 1465 522 1520 litem
552 1461 729 1517 coloni
783 1460 902 1515 loco
952 1458 1195 1515 detinere
1246 1457 1617 1526 deprehensus
1660 1453 1957 1520 fuerit,si-

2072 540 2257 593 πολλοὶ
2289 543 2398 595 τῶν
2431 542 2683 613 χρηστῶν
2712 545 2805 595 καὶ
2838 543 3075 611 μετρίων
3104 542 3574 613 ἁναφωνήσουσιν,
3617 546 3650 615 ἦ

2072 631 2270 700 μᾶλλον
2298 635 2329 702 ή
2365 634 2578 703 πληθὺς
2610 633 2719 687 τῶν
2750 636 2829 697 είς
2860 634 2920 686 τὸ
2952 633 3181 702 πάτριον
3232 633 3428 701 ἔδαφος
3469 636 3653 688 ἐπινο-

2066 723 2334 777 στούντων
2381 724 2660 795 βοήσεται,
2715 725 2967 796 ἄρτιντῆς
2998 709 3261 786 δουλείας
3305 724 3654 796 ἀπηλλαγμέ-

2063 829 2189 865 νων·
2227 813 2589 882 άναγγελοῦσι
2629 813 2708 881 δὲ,
2744 810 2925 883 οἶμαι,
2958 815 3051 866 καὶ
3068 814 3124 867 al
3141 812 3249 866 τῶν
3287 813 3465 867 ἄλλων
3517 832 3655 885 πρα-

2065 904 2292 971 γμάτων
2327 906 2463 975 πρὸς
2493 905 2563 958 τὰ
2588 907 2824 976 κρείττω
2857 905 3171 976 μεταϐολαὶ,
3202 899 3292 966 αἷς
3316 907 3649 976 προσταλαι-

2066 995 2400 1069 πωρούμεθα
2433 999 2551 1059 ταῖς
2603 998 2881 1067 φροντίσιν
2935 996 3401 1066 ὑπομαχοῦντες,
3446 998 3535 1051 ἵνα
3573 1001 3650 1069 μὴ

2066 1087 2221 1157 κωφή
2256 1104 2338 1149 τις
2377 1083 2412 1162 ᾗ
2454 1088 2551 1141 καὶ
2596 1088 3045 1158 διαπεφορημένη
3078 1090 3111 1160 ή
3148 1088 3497 1159 ὲπινοηθεϊσα
3542 1090 3650 1142 τῶν

2065 1177 2407 1249 πλημμελῶς
2440 1180 2757 1250 φερομένων
2782 1180 3088 1250 διόρθωσις,
3117 1181 3186 1251 ἣν
3219 1184 3276 1234 ἐν
3305 1180 3385 1251 τῷ
3422 1184 3649 1250 παρόντι

2065 1268 2257 1336 ὲδίκτῳ
2290 1267 2366 1332 ῶς
2394 1262 2508 1322 οἶόν
2542 1267 2606 1323 τέ
2647 1270 2797 1321 ἐστιν
2826 1269 3068 1338 ἀκριϐῶς
3098 1269 3643 1339 ἀνεστοιχειώσαμεν,

2067 1360 2162 1411 καὶ
2193 1358 2272 1429 τῷ
2298 1358 2609 1430 ἔμπροσθεν
2639 1358 2817 1429 χρόνῳ
2844 1358 3218 1429 είςδιαμονὴν
3249 1360 3423 1412 ἀΐδιον
3469 1377 3649 1431 παρα-

2064 1449 2298 1514 διδόντες
2340 1449 2671 1521 θεσπίζομεν
2693 1449 2897 1514 οὕτως·
2958 1452 3011 1503 εί
3051 1469 3136 1514 τις
3192 1452 3531 1523 στρατιώτην
3587 1456 3649 1507 ἐν

374 1556 591 1626 quidem
631 1555 678 1610 is
710 1554 825 1623 ipSe
857 1551 1057 1609 fundos
1095 1548 1286 1615 etiam,
1327 1549 1393 1603 de
1424 1547 1621 1617 quibus
1650 1544 1947 1600 functiones

2060 1544 2325 1612 παροίκου
2378 1543 2525 1611 λόγῳ
2582 1543 2833 1613 εὑρεθείη
2889 1542 3136 1613 κατέχων
3162 1585 3176 1609 ,
3241 1547 3287 1595 εί
3336 1545 3435 1614 μὲν
3482 1543 3645 1607 αὑτὸς

376 1647 647 1711 militares
694 1645 1040 1707 exhibentur,
1089 1649 1272 1712 raptos
1308 1641 1549 1705 habeat,
1598 1638 1821 1708 triginta
1859 1650 1947 1691 sel

2060 1633 2264 1696 ἐκεῖνος
2317 1634 2411 1687 καὶ
2443 1634 2510 1687 τὰ
2543 1633 2601 1700 ἐξ
2626 1626 2701 1688 ὧν
2738 1637 2771 1704 ἡ
2823 1634 3083 1706 στρατεία
3117 1634 3473 1706 ὑπηρετείται
3509 1638 3647 1706 κτή-

375 1738 583 1793 solidos
613 1751 808 1797 aureos
865 1734 1045 1803 multae
1070 1734 1193 1790 loco
1206 1732 1402 1800 solvat,
1422 1748 1659 1801 quorum.
1675 1731 1947 1785 dimidiam

2064 1740 2211 1795 ματα
2237 1724 2493 1795 ἀρπάσας
2522 1724 2656 1795 ἔχει,
2679 1724 2978 1796 τριάκοντα
3003 1724 3061 1791 ἓξ
3077 1725 3302 1796 χρυσίου
3329 1726 3645 1796 νομίσματα

373 1829 593 1900 quidem
640 1834 846 1898 partem
893 1825 1049 1881 miles
1097 1825 1328 1896 accipiet
1368 1825 1438 1879 ad
1483 1822 1947 1891 recuperationem

2063 1816 2257 1887 ποινῆς
2310 1816 2496 1871 ἕνεκεν
2550 1816 2834 1883 ἀποτίσει,
2881 1814 2963 1881 ἐξ.
2991 1810 3067 1871 ὧν
3111 1817 3180 1869 τὰ
3213 1817 3420 1887 ἡμίσεα
3466 1818 3564 1889 μὲν
3615 1820 3645 1871 ὁ

375 1920 810 1985 restitutionisin
835 1920 1113 1992 integrum
1129 1933 1242 1974 sua:
1269 1934 1285 1984 ;
1311 1916 1589 1973 dimidiam
1612 1914 1947 1979 vero'liscus,

2065 1910 2404 1979 στρατιώτης
2440 1908 2670 1979 λήψεται
2692 1908 2827 1980 πρὸς
2853 1908 3196 1979 ἐπανάληψιν
3226 1909 3327 1978 τῆς
3362 1909 3646 1964 ἀποκατα-

2061 2000 2305 2062 στάσεως
2350 2000 2538 2067 αὑτοῦ,
2583 2000 2653 2053 τὰ
2679 1999 2886 2069 ἡμίσεα
2925 2000 2981 2053 δὲ
3025 2003 3052 2053 ὀ
3084 2001 3341 2069 δημόσιος
3370 1996 3439 2071 ἧς
3481 2001 3643 2071 χάριν

2055 2092 2327 2162 ἐστερήθη
2351 2092 2615 2158 δουλείας.
2646 2093 2706 2146 El
2735 2092 2793 2147 δὲ
2813 2093 2911 2163 οὑχ
2934 2094 3210 2165 ἁρπάσας,
3226 2095 3340 2149 ἀλλ’
3363 2096 3642 2165 ἀγοράσας

2057 2180 2257 2252 εὑρεθῇ
2298 2182 2367 2234 τὰ
2399 2179 2790 2253 στρατιωτικὰ,
2821 2184 2961 2249 πρὸς
3014 2181 3117 2252 μὲν
3148 2184 3241 2235 τὸν
3263 2183 3526 2254 δημόσιον
3558 2181 3641 2237 κδ’

2054 2269 2261 2340 χρυσοῦ
2289 2271 2603 2341 νομίσματα
2637 2272 2955 2341 καταθήσει,
2988 2274 3124 2344 πρὸς
3152 2272 3211 2326 δὲ
3239 2272 3332 2326 τὸν
3367 2272 3636 2345 στρατιώο

2052 2378 2153 2433 την
2182 2361 2413 2432 ἀγωγὴν
2462 2363 2602 2433 ὑπὲρ
2654 2363 2751 2416 τοῦ
2799 2365 3107 2434 τιμήματος
3150 2365 3248 2435 οὑχ
3280 2365 3414 2432 ἕξει.
3472 2366 3532 2417 Ei
3574 2363 3633 2417 δὲ

2051 2453 2257 2523 ἑτέρων
2286 2452 2661 2519 ἐξελασάντων
2688 2455 2887 2519 αὐτοὺς
2925 2455 2997 2508 ἐκ
3011 2455 3121 2509 τῶν
3149 2456 3422 2525 οίκείωνή
3457 2456 3637 2510 αὑτῶν

2049 2544 2275 2599 ἐκείνων
2304 2545 2576 2617 εκστασίῳ
2600 2547 2984 2617 χρησαμένων,
3010 2545 3163 2600 ἄλλοι
3195 2546 3420 2609 τούτους
3450 2564 3640 2600 κατοι-

2049 2635 2369 2705 κτείραντες
2411 2634 2681 2701 ἐδέξαντο,
2729 2637 2843 2689 εῐτε
2870 2639 3151 2708 παροικεῖν
3193 2636 3304 2690 εἴτε
3364 2636 3637 2707 θητεύειν,

2047 2726 2330 2780 ἀνεύθυνοι
2358 2725 2623 2783 εστωσαν.
2656 2727 2816 2782 Ὀσοι
2843 2729 2901 2782 δὲ
2933 2728 3272 2800 στρατιώτας
3304 2729 3524 2792 ἱκανοὺς
3551 2730 3637 2792 είς

2051 2818 2189 2882 ἰδίας
2239 2819 2543 2895 ὑπηρεσίας
2591 2821 3008 2893 κατετόλμησαν
3037 2822 3184 2892 ἔχειν
3208 2822 3317 2875 τῶν
3346 2822 3637 2890 φοσσάτων

374 2016 498 2086 ejus
525 2015 804 2071 servitutis
834 2014 1074 2079 nomine,
1110 2026 1215 2082 qua
1262 2010 1529 2080 spoliatus
1550 2017 1654 2064 est.
1716 2007 1869 2074 Quod
1907 2006 1955 2062 si

373 2125 499 2164 cum
530 2108 726 2178 praedia
755 2106 1008 2163 militaria
1035 2120 1140 2161 non
1176 2103 1441 2174 rapuisse,
1466 2101 1561 2157 sed
1586 2100 1782 2157 emisse
1802 2114 1953 2155 com-

374 2208 587 2268 pertum
619 2199 803 2263 fuerit,
860 2200 992 2254 ﬁsco
1017 2196 1233 2265 quidem
1260 2194 1451 2264 viginti
1480 2202 1592 2250 tres
1617 2192 1821 2248 solidos
1841 2191 1955 2248 sol-

370 2302 480 2358 vet,
514 2291 775 2347 adversus
805 2290 1029 2355 militem
1062 2303 1192 2343 vero
1222 2286 1492 2345 actionem
1524 2287 1591 2341 de
1620 2284 1799 2354 pretio
1828 2285 1950 2340 nul-

371 2385 478 2439 lam
508 2381 748 2439 habebit.
804 2380 861 2436 Si
893 2393 1023 2436 vero
1064 2378 1182 2433 suis
1212 2375 1370 2432 bonis
1417 2376 1485 2430 ab
1513 2374 1637 2429 aliis
1669 2372 1944 2443 expulsos,

369 2475 455 2532 vel
488 2490 583 2546 per
610 2473 931 2541 semetipsos
957 2471 1208 2526 cessione
1237 2483 1388 2535 usos,
1423 2468 1511 2522 alii
1540 2466 1768 2521 miseriti
1798 2475 1950 2520 rece-

372 2578 591 2637 perunt,
637 2566 720 2622 vel
757 2565 836 2620 uti
871 2563 1191 2618 colonorum
1221 2561 1419 2619 obeant
1451 2574 1697 2625 munera,
1748 2556 1830 2612 vel
1871 2556 1947 2611 uti

370 2673 469 2730 pro
496 2658 747 2721 mercede
783 2655 1066 2720 serviant;
1105 2664 1258 2709 extra
1288 2655 1500 2722 culpam
1533 2662 1715 2708 sunto.
1770 2650 1826 2706 Si
1854 2651 1947 2720 qui

371 2759 553 2819 autem
582 2749 782 2809 milites
805 2746 1025 2803 idoneos
1059 2745 1124 2800 ad
1159 2745 1469 2801 exhibenda
1494 2743 1796 2799 ministeria
1822 2758 1944 2809 sua,

366 2843 590 2898 lassatis
613 2843 901 2910 subreptos
927 2839 1130 2915 habere
1163 2837 1367 2893 fuerint
1389 2836 1506 2892 ausi
1532 2852 1549 2902 ;
1581 2850 1680 2905 pro
1703 2835 1944 2906 quolibet

364 2948 559 3009 eorum
593 2932 662 2988 ab
686 2910 980 2987 excussare
1014 2930 1127 2985 sive
1156 2928 1464 2984 discussore
1492 2925 1737 2995 publico,
1781 2925 1942 2981 solidi

2054 2907 2269 2971 τούτους
2318 2910 2797 2982 ἀποστερήσαντες
2820 2954 2836 2979 ,
2904 2913 2986 2975 είς
3030 2912 3260 2967 ἕκαστον
3314 2912 3371 2965 ἐν
3415 2911 3634 2981 ἑκάστῳ

369 3041 467 3085 ses
506 3023 735 3092 singulis
764 3020 973 3088 vicibus
991 3020 1300 3087 exigantur,
1322 3033 1466 3087 quos
1498 3016 1660 3072 ﬁscus
1688 3015 1799 3072 sibi.
1820 3017 1941 3069 vin-

2045 2998 2245 3068 χρόνῳ,
2264 2999 2325 3064 ἒξ
2340 3001 2653 3071 ,νομίσματα
2669 3004 2697 3056 ὁ
2720 3003 3116 3075 εξκουσσεύσας
3145 3002 3633 3075 είσπραχθήσεται,

369 3090 619 3174 ιὶίοιιιιίιι
656 3113 760 3170 nisi
790 3111 932 3171 forte
974 3110 1044 3165 ab
1089 3111 1220 3179 ipsis
1254 3109 1501 3173 ducibus,
1549 3107 1737 3171 aliisve
1779 3107 1943 3175 magi-

2054 3090 2145 3143 καὶ
2182 3091 2355 3146 ταῦτα
2391 3094 2419 3145 ὁ
2457 3093 2715 3163 δημόσιος
2766 3094 3137 3162 οἰκειώσεται,
3196 3096 3245 3149 εἰ
3297 3095 3485 3166 μήπου
3523 3094 3633 3148 ἀπὸ

366 3204 637 3263 stratibus
665 3218 760 3260 eos
791 3203 1121 3272 acceperint,
1166 3195 1389 3267 ipsique,
1412 3196 1611 3250 milites
1660 3209 1735 3257 ex,
1756 3206 1944 3248 eorum

368 3297 478 3355 sint
508 3308 755 3360 numero,
778 3291 869 3363 qui
896 3287 1201 3345 ministerio
1228 3287 1382 3343 ducis
1411 3295 1506 3341 aut
1531 3283 1942 3354 magistratuum

370 3386 732 3451 destinantur.
770 3383 906 3438 Nam
937 3381 986 3438 si
1024 3380 1268 3435 extranei
1304 3377 1415 3447 sint
1441 3386 1499 3431 et
1536 3373 1791 3446 gregarii,
1832 3387 1940 3428 non

364 3477 689 3533 liberabitur
739 3475 829 3544 qui
868 3488 963 3529 eos
1018 3471 1245 3537 detinet,
1290 3467 1502 3525 tametsi
1553 3466 1787 3535 probare
1835 3477 1940 3518 non

370 3562 654 3622 diliiculter
682 3566 874 3634 possit,
900 3578 929 3618 a
978 3563 1115 3618 duce
1156 3559 1241 3616 vel
1268 3558 1591 3630 magistratu
1618 3562 1940 3623 potestatem

364 3657 470 3715 sibi
503 3657 721 3723 factam,
750 3667 806 3712 ut
837 3656 918 3711 eis
946 3662 1147 3711 utatur.
1434 3706 1437 3711 ,
1606 3650 1633 3659 “

1085 3829 1221 3886 Ἣιιδ

367 3944 625 4016 Ejusdem
679 3942 887 4016 nouella
951 3939 1735 4016 constitutiotquam.dictavit
1777 3936 1947 3991 Theo-

413 4008 617 4069 ’άοεὶιιι
654 4015 911 4081 patricius
939 4022 986 4066 et
1016 4021 1244 4082 quaestor
1273 4008 1615 4078 Decapoleos,
1676 4008 1740 4062 de
1793 4024 1947 4077 spor-

402 4094 409 4103 '
437 4084 585 4138 talis.
616 4085 744 4137 Ha'c
773 4083 1107 4138 m'omulaata
1147 4090 1220 4134 est
1248 4082 1499 4138 abrogata
1543 4079 1711 4138 priori
1741 4077 1944 4131 consti-

439 4097 585 4138 tutis.
616 4097 744 4137 ιτα-ε
772 4097 1107 4152 promutgata
1147 4097 1220 4134 est
1248 4097 1499 4148 abrogata
1543 4097 1710 4150 prtort
1741 4097 1942 4131 consu-

439 4158 663 4219 tullone,
690 4154 813 4223 quia
846 4154 1166 4223 permitteret
1209 4150 1478 4223 judicibus
1508 4147 1942 4223 provincialibus,

435 4234 485 4278 et
509 4220 710 4277 scribta
726 4222 989 4291 sportulas
1013 4222 1269 4289 πάρει-ε,
1290 4220 1389 4287 vel,
1411 4230 1466 4273 ut
1498 4220 1741 4290 quadam
1767 4230 1945 4272 ments

400 4354 403 4359 ς
436 4293 609 4363 pluria
637 4291 853 4371 habent,
877 4293 1145 4361 judicare.

441 4482 698 4552 lnjustam
726 4488 917 4537 contra
951 4489 1169 4539 nostros
1215 4479 1530 4536 tributarios
1563 4494 1735 4546 nuper
1772 4492 1937 4533 esco-

364 4574 587 4646 gitatam
618 4572 929 4643 pensionem
982 4571 1083 4626 hac
1109 4573 1361 4641 przesenti
1399 4572 1515 4642 lege
1545 4571 1938 4627 emendandam

366 4678 489 4719 esse
535 4660 866 4716 credidimus
897 4701 912 4725 ,
943 4670 1196 4729 putamus
1218 4662 1385 4728 enim,
1414 4662 1560 4732 quod
1608 4662 1811 4716 nullum
1854 4660 1944 4714 fu-

368 4753 467 4823 git,
502 4748 715 4821 qualem
758 4748 1174 4817 confusionem,
1204 4760 1260 4807 et
1296 4750 1719 4821 implicationem
1773 4751 1945 4805 dicta-

366 4858 487 4898 rum
534 4841 897 4912 sportularum
956 4856 1117 4899 causa
1174 4843 1475 4903 introduxit
1540 4861 1556 4907 ;
1615 4844 1938 4911 deprehensi

371 4949 629 5004 namque,
684 4934 827 5003 quod
858 4935 975 4990 ﬂeri
1034 4950 1140 4992 non
1166 4936 1374 4998 debuit,
1422 4935 1513 4990 uni
1544 4949 1614 4990 ex
1666 4935 1941 5005 judicibus

364 5026 573 5083 lucrum
602 5025 865 5084 facientes
901 5043 969 5083 ex
1001 5027 1183 5084 alieno
1226 5030 1447 5091 damno,
1482 5029 1562 5084 sic
1592 5029 1942 5099 probationes

354 5114 611 5182 eludunt,
644 5127 703 5171 ut
739 5131 1115 5186 smpenumero
1144 5126 1329 5187 partes
1363 5119 1625 5175 exhibere
1662 5134 1785 5176 sese
1828 5135 1936 5177 non

364 5211 597 5266 valeant.
643 5212 782 5266 Ante
812 5211 1081 5280 siquidem
1131 5211 1495 5269 necessariam
1530 5214 1934 5281 probationem,

363 5305 421 5352 et
472 5298 802 5374 audientiam
848 5299 1248 5368 possessionem
1285 5300 1675 5359 transferentes
1731 5318 1940 5374 praeve-

362 5390 564 5455 niunt;
603 5391 820 5447 interim
859 5404 1003 5459 saepe
1044 5392 1316 5460 contingit
1348 5406 1418 5447 ex
1453 5384 1816 5465 frequentium
1852 5395 1936 5464 ju-

363 5481 543 5535 dicum
591 5480 812 5544 viatico,
843 5486 900 5533 et
950 5481 1138 5534 crebra
1192 5481 1527 5550 profectione
1561 5485 1935 5552 ambitionem,

361 5575 476 5629 sive
499 5573 779 5643 pecuniam
808 5571 1088 5644 iudicibus
1120 5577 1530 5644 corrumpendis
1556 5577 1744 5635 datam
1773 5593 1937 5649 supe-

366 5678 489 5716 rare
518 5678 698 5718 rerum
724 5665 791 5719 de
814 5663 1008 5733 quibus
1047 5665 1227 5734 agitur.
1257 5665 1700 5746 azstiInationem.
1727 5668 1959 5723 Idcirco.

368 5750 647 5833 Serenitas
669 5767 878 5831 nostra,
914 5759 1207 5845 consulens
1238 5758 1305 5822 iis
1336 5773 1457 5830 qua
1479 5771 1799 5828 occurrunt,
1835 5777 1935 5842 nec
1964 5822 1969 5827 ,

2057 3182 2379 3252 στρατηγῶν
2412 3184 2445 3255 ἢ
2479 3185 2588 3240 τῶν
2630 3186 2807 3249 ἄλλων
2848 3187 3127 3258 ἀρχόντων
3171 3186 3394 3248 τούτους
3441 3185 3631 3256 ἔτυχον
3663 3206 3670 3210 ·
3732 3257 3737 3263 ,

2052 3271 2383 3345 δεδεγμένοι,
2442 3276 2537 3345 καὶ
2588 3272 2733 3341 οὗτοι
2777 3279 2842 3332 ὲκ
2892 3279 3003 3332 τῶν
3040 3278 3498 3347 ἀποτεταγμένων
3544 3278 3627 3340 εἰς

2053 3363 2361 3435 ὑπηρεσίαν
2406 3367 2516 3421 τῶν
2567 3369 2950 3441 στρατηγῶνῆ
2981 3370 3089 3424 τῶν
3136 3369 3312 3423 ἄλλων
3353 3369 3630 3439 ἀρχόντων

2050 3457 2507 3533 καθειστήκεσαν.
2576 3462 2642 3516 El
2691 3463 2801 3541 γὰρ
2852 3465 2918 3516 ὲκ
2972 3463 3082 3518 τῶν
3129 3462 3329 3528 ἔξωθεν
3382 3462 3477 3519 καὶ
3524 3460 3629 3530 τῆς

2054 3551 2369 3621 κοινότητός
2406 3556 2566 3618 εἰσιν,
2602 3554 2704 3608 οὑκ
2726 3555 3119 3625 ἀθωωθήσεται
3153 3556 3185 3607 ὁ
3213 3554 3434 3618 τούτους
3464 3553 3627 3624 ἔχων,

2048 3640 2099 3691 εί
2141 3642 2232 3694 καὶ
2275 3642 2542 3698 δεικνύειν
2598 3644 2830 3716 ἑτοίμως
2866 3645 3004 3717 ἔχει,
3052 3646 3205 3717 παρὰ
3248 3643 3557 3717 στρατηγοῦ
3590 3645 3626 3716 ἦ

2049 3731 2310 3805 ἄρχοντος
2345 3739 2716 3810 ἐπιτραπῆναι
2742 3740 3040 3810 κεχρῆσθαι
3069 3740 3273 3805 αὐτοῖς.

2126 3828 2137 3831 ﬁ
2799 3831 2882 3888 H'.
2922 3868 2925 3871 -

2049 3943 2257 4017 Νεαρὰ,
2288 3950 2614 4017 νομοθεσία
2678 3949 2784 4004 τοῦ
2834 3948 3046 4012 αὐτοῦ,
3104 3946 3186 4015 ἡν
3242 3949 3627 4017 ὐπηγόρευσε

2122 4016 2423 4085 Θεόδωρος
2446 4020 2756 4088 πατρίκιος
2777 4019 2876 4088 καί
2903 4019 3222 4088 armato-tam
3249 4021 3282 4071 ό
3298 4016 3627 4073 Auernali-

2122 4101 2250 4153 της,
2303 4090 2436 4155 περὶ
2480 4086 3081 4157 ἐκὲαγιατικῶνμΤῆς
3112 4093 3221 4157 γὰρ
3255 4088 3369 4155 πρὸ
3402 4091 3626 4155 ταύτης
3702 4128 3705 4131 ι

2120 4159 2476 4228 νομοθεσίας
2528 4159 3152 4228 ἀποδοκιμασθείσης.
3200 4157 3296 4228 διὰ
3330 4157 3397 4210 τὸ
3436 4174 3627 4223 -περι-

2090 4260 2097 4263 κ
2124 4226 2297 4298 ᾴχειν
2329 4228 2471 4294 τοὺς
2506 4226 2856 4298 θειιατικοῦς
2889 4229 3092 4295 κριτὰς
3118 4226 3340 4298 acalng
3366 4229 3627 4298 σκριόιιν

2117 4293 2433 4351 δικαστικὰ
2450 4293 2806 4367 λαμϐάνειν,
2838 4293 2900 4366 ἢ,
2924 4293 3012 4362 ἠὼς
3040 4298 3174 4367 ἐνίει
3199 4293 3319 4367 τῶν
3344 4296 3625 4367 ἀντιγρά-

2115 4383 2245 4434 φων
2271 4368 2417 4436 ἔχει,
2448 4364 2727 4435 δικάζειν,
2754 4364 3155 4436 ἐνομοθετήθη
3188 4366 3365 4433 αῦτη.

2118 4479 2364 4534 Ἔκτισίν
2406 4499 2527 4536 τινα
2574 4480 2883 4552 παράλογον
2908 4481 3032 4551 ἄρτι
3064 4479 3168 4551 πρὸ
3202 4479 3436 4550 βραχέος
3479 4478 3626 4532 κατὰ

2048 4572 2156 4626 τῶν
2177 4573 2463 4643 ἡμετέρων
2502 4574 2882 4643 ἐπινοηθεῖσαν
2906 4572 3184 4627 ὑποτελῶν
3217 4573 3328 4625 δεῖν
3360 4570 3624 4642 ᾠήθημεν

2045 4661 2132 4715 διὰ
2186 4661 2281 4715 τοῦ
2332 4663 2598 4732 παρόντος
2661 4663 3147 4735 ἐπανορθώσασθαι
3200 4662 3620 4733 διαγγέλματος.

2045 4750 2213 4825 Οἶμαι
2261 4755 2391 4829 γὰρ,
2438 4755 2515 4819 ὡς
2552 4756 2742 4810 οὐδένα
2791 4757 3177 4825 διαπέφευγεν,
3208 4755 3328 4808 οἷαν
3355 4754 3622 4823 σύγχυσιν

2044 4848 2139 4901 καὶ
2164 4848 2468 4918 ἐπιπλοκὴν
2504 4850 2537 4919 ή
2578 4849 2687 4902 τῶν
2716 4849 3024 4919 λεγομένων
3064 4846 3459 4917 ὲκταγιατικῶν
3492 4846 3626 4898 ὑπό-

2043 4938 2192 5002 θεσις
2227 4941 2627 5011 παρεισήγαγε.
2655 4941 2975 5011 Θηρώμενοι
3010 4939 3117 5009 γὰρ
3147 4937 3224 5001 ώς
3269 4938 3368 4991 οὑκ
3412 4936 3624 5004 ῶξελον

2041 5031 2126 5083 ἑνὶ
2179 5032 2288 5085 τῶν
2330 5033 2602 5087 δικαστῶν
2643 5033 2830 5104 κέρδος
2858 5033 3032 5085 ποιεῖν
3058 5033 3121 5082 ὲκ
3164 5029 3261 5099 τῆς
3300 5028 3488 5100 ἑτέρου
3522 5026 3624 5096 ζη-

2044 5123 2197 5192 μίας,
2233 5122 2377 5177 οὑτω
2406 5124 2799 5193 κατασχίζουσι
2826 5122 2925 5186 τὰς
2955 5121 3278 5188 ἀποδείξεις,
3308 5120 3386 5182 ὼς
3414 5118 3621 5172 πολλά-

2040 5230 2127 5275 κις
2179 5213 2314 5283 μηδὲ
2364 5214 2462 5283 τὴν
2522 5215 2632 5269 τῶν
2675 5214 2858 5285 μερῶν
2904 5213 3256 5285 παράστασιν
3295 5211 3614 5282 ὑπομένειν.

2040 5305 2155 5377 Πρό
2203 5306 2315 5375 γὰρ
2368 5308 2466 5378 τῆς
2504 5308 2729 5378 δεούσης
2772 5307 3099 5376 δοκιμασίας
3147 5305 3243 5360 καὶ
3298 5305 3617 5373 ἀκροάσεως

2039 5396 2303 5465 φθάνουσι
2350 5399 2454 5467 τὴν
2514 5399 2843 5470 μεταγωγὴν
2887 5396 3156 5468 δρώμενοι
3193 5396 3293 5465 τῆς
3324 5395 3525 5465 νομῆς·
3555 5395 3618 5447 ὲν

2037 5486 2120 5555 οἷς
2157 5492 2417 5555 πολλάκις
2464 5491 2775 5561 συμϐαίνει,
2817 5491 2882 5542 ὲκ
2911 5489 3012 5558 τῆς
3053 5488 3163 5543 τῶν
3196 5486 3438 5558 συνεχῶν
3462 5485 3620 5539 δικα-

2040 5585 2181 5637 στῶν
2215 5570 2406 5653 ὲφᾶδου
2439 5585 2532 5637 καὶ
2562 5586 2662 5651 τῆς
2693 5581 3099 5652 ἀλλεπάλλήλου
3154 5581 3463 5652 μεταφορᾶς
3514 5578 3619 5649 τὴν

2037 5675 2146 5729 τῶν
2183 5676 2566 5746 ὑποκειμένων
2623 5673 2936 5743 διατίμησιν
2978 5673 3071 5727 τὸν
3110 5671 3381 5743 δεκασμδν
3409 5672 3619 5739 ὑπερα-

2036 5770 2301 5823 κοντίσαι.
2333 5768 2433 5823 Διὰ
2457 5767 2682 5823 τοιαῦτα
2713 5768 2748 5838 ή
2785 5769 3035 5838 ἡμετέρα
3068 5765 3379 5837 Γαληνότης
3410 5762 3619 5835 πολλὴν
