4050 6424
350 341 457 405 589

1447 340 1597 402 NOV
1604 340 1815 401 ΕΠ..)ὶέ
1855 337 2536 399 CONSTITUTIONES.

3493 320 3621 402 suo

350 449 652 519 ποιουμένη
686 466 794 502 των
842 449 948 503 ὑπὸ
1006 446 1309 522 χεῖρα“τὴν
1363 453 1639 519 πρόνοιαν,
1695 452 1757 507 οὑ
1804 451 1926 506 νέαν

2038 465 2230 506 novam
2293 450 2529 520 aliquam
2569 448 3012 505 constitutionem
3068 450 3453 519 introduccns,
3509 450 3601 506 sed

347 541 470 594 τινὰ
502 540 869 606 ἐπεισάγουσα
895 540 1237 611 νομοθεσίαν,
1268 539 1405 593 ἀλλὰ
1434 540 1531 612 τὴν
1565 539 1803 594 παλαιὰν
1830 541 1924 593 καὶ

345 636 649 689 ἀδέκαστον
672 636 1034 706 ἀνακτωμένη
1062 635 1372 706 συνήθειαν,
1406 635 1657 706 συντόμῳ
1691 635 1837 707 λόγῳ
1857 624 1942 689 τά

344 729 475 798 περὶ
504 728 711 781 τούτων
736 728 1006 782 διαωποῖ.

411 828 484 875 α’.
540 820 867 891 Περίζεσθαι
918 821 1017 889 μὲν
1045 815 1138 874 οῦν
1170 820 1294 874 κατ’
1325 819 1513 873 οὐδένα
1553 818 1709 888 λόγον
1740 818 1925 889 βουλό-

343 916 488 982 μεθα
518 912 646 977 τοὺς
685 912 945 975 δικαστάς
978 913 1167 983 κέρδος
1211 916 1273 966 ἐκ
1319 913 1429 967 τῶν
1469 911 1747 976 τοιούτων,
1799 911 1925 965 οὑδὲ

341 1007 408 1075 τῇ
445 1005 720 1076 προφάσει
749 1004 859 1058 τῶν
881 1005 1144 1074 νοταρίων
1176 1004 1207 1074 ἢ
1240 1004 1544 1075 ἀνθρώπων
1574 1003 1776 1059 αὐτῶν.
1814 1005 1923 1057 Οὑ-

338 1095 396 1148 δὲ
420 1096 554 1166 γάρ,
588 1095 708 1148 οὑδέ
741 1095 964 1159 τούτους
1000 1096 1267 1167 μεριστάς
1299 1092 1575 1149 εἶναιτῶν
1614 1080 1937 1163 ἐκταγιατιέ

340 1184 458 1236 κῶν
490 1183 904 1255 συγχωροῦμεν,
943 1184 1081 1239 άλλὰ
1111 1186 1293 1256 μόνοις
1318 1188 1431 1248 τοῖς
1459 1185 1924 1255 ὑπηρετουμένοις

340 1275 464 1338 ταῖς
481 1273 675 1339 τάξεσι
729 1271 838 1326 τῶν
873 1274 1078 1343 κριτῶν
1123 1274 1608 1344 προελευσιμαίοις
1654 1275 1795 1328 κατὰ
1826 1273 1925 1344 τὴν

347 1365 720 1435 ὑποκειμένην
790 1365 1105 1434 οἰκονομίαν
1157 1366 1488 1435 συμμέτρως
1555 1366 1923 1438 ἐπιτρέπομεν

348 1452 442 1523 τὴν
472 1451 681 1505 τούτων
709 1452 891 1523 λῆψιν.
937 1452 1275 1507 Ἰκανοῦσθαι
1311 1453 1365 1507 δὲ
1394 1453 1472 1524 τῷ
1498 1455 1596 1523 μὲν
1617 1458 1778 1525 κριτῇ
1811 1455 1926 1510 δια·

353 1541 679 1612 κελευόμεθα
714 1545 773 1596 ἐν
802 1542 1032 1607 ἐκείνοις
1062 1547 1174 1607 τοῖς
1210 1546 1274 1597 ἐκ
1310 1544 1410 1614 τῆς
1448 1544 1732 1615 βασιλικῆς
1771 1545 1925 1597 εὐσε-

360 1631 487 1695 ϐοῦς
516 1632 689 1704 χειρὸς
730 1633 825 1687 καὶ
873 1635 971 1705 τῆς
998 1635 1093 1689 τοῦ
1126 1635 1410 1707 προσοδίου
1443 1635 1608 1690 αὑτοῦ
1640 1639 1888 1707 παροχῆς
1908 1653 1921 1668 ·

363 1725 470 1787 τοῖς
496 1722 553 1777 δέ
592 1726 659 1795 τῇ
701 1726 979 1796 ὑπηρεσίᾳ
1020 1724 1185 1779 αὑτοῦ
1236 1726 1718 1796 ὑποτεταγμένοις,
1762 1745 1923 1782 νοτα-

356 1813 488 1883 ρίοις
518 1829 577 1865 τε
615 1786 712 1867 {at
739 1786 1056 1884 ὑπουργοῖς,
1087 1816 1147 1880 ἐξ
1176 1810 1250 1868 ὧν
1293 1816 1434 1885 ὑπὲρ
1628 1786 1922 1887 ἐγγράφων
1956 1786 1999 1847 Β

349 1898 581 1971 κρίσεων
621 1902 992 1973 λαμϐάνουσιν
1029 1907 1158 1976 παρ’
1192 1906 1437 1970 ἐκείνων,
1470 1906 1521 1960 οἳ
1561 1906 1660 1978 τὴν
1689 1908 1925 1962 νικῶσαν

342 1989 751 2062 ἀποφερόμενοι
802 1993 983 2063 ψῆφον
1037 1995 1282 2062 κρίσεσιν
1342 1997 1642 2066 ἐγγράφοις
1690 2014 1923 2067 κατοχυ-

341 2077 629 2150 ρώσασθαι
653 2080 858 2154 ταύτην
880 2085 1239 2156 προῄρηνται.
1260 2086 1415 2141 οὑτω
1441 2088 1550 2158 γάρ
1579 2089 1709 2142 καὶὸ
1733 2090 1924 2161 κριτὴς

338 2168 751 2243 ἐπιπονώτερον
786 2175 923 2243 πρὸς
956 2176 1169 2231 τελείαν
1213 2177 1488 2246 ἀπόφασιν
1516 2179 1625 2232 τῶν
1657 2178 1922 2252 ζητουμέ-

336 2280 448 2318 νων
490 2262 931 2338 διαναστήσεται,
962 2268 1057 2322 καὶ
1099 2271 1149 2322 οἱ
1192 2273 1562 2342 προσήκοντες
1594 2273 1743 2344 αὑτῷ
1772 2276 1918 2348 ὑπη-

340 2354 501 2425 ρέται
551 2356 689 2428 πρὸς
735 2358 895 2412 τοῦτο
939 2359 1260 2430 διοικήσεως
1315 2361 1706 2433 ἐποτρυνοῦσιν
1753 2366 1919 2421 αὐτὸν

337 2448 439 2500 καὶ
467 2450 911 2520 παρακαλέσουσι
959 2452 1056 2506 καὶ
1099 2454 1509 2525 προθυμότερον
1545 2456 1921 2525 θεραπεύσου-

336 2553 448 2604 σιν,
480 2538 686 2605 εἰδότες
710 2541 784 2604 ὠς
812 2542 911 2595 οὑκ
956 2540 1109 2597 ἔσται
1157 2543 1379 2598 ἄλλοθεν
1425 2545 1610 2609 αὐτοῖς
1650 2549 1920 2619 πορισμὸς

334 2628 498 2698 εἰμὴ
548 2630 577 2681 ὁ
606 2629 717 2685 άπὸ
769 2632 1079 2697 συντελείας
1114 2633 1216 2703 τῆς
1263 2634 1440 2706 δίκης,
1490 2638 1539 2689 εἰ
1589 2636 1634 2689 δ’
1670 2637 1743 2691 ἂν
1792 2642 1920 2710 μίαν

2030 541 2653 609 veteremincorruptam
2683 541 3132 597 consuetudinem
3156 558 3445 610 renovans,
3478 544 3605 600 bre-

2029 633 2162 687 viter
2200 631 2313 687 haec
2339 632 2404 687 de
2434 632 2516 687 his
2544 630 2847 688 constituit.

2098 813 2123 867 1
2138 853 2149 865 .
2163 808 2317 866 Nulla
2333 811 2501 880 igitur
2515 810 2721 867 ratione
2738 808 3200 880 volumusjndices
3216 823 3280 867 ex
3296 811 3381 867 bis
3398 811 3608 869 lucrum

2028 904 2228 968 facere,
2265 917 2365 958 nec
2392 912 2657 971 praetextu
2682 901 3044 967 notariorum,
3088 903 3171 956 vel
3192 918 3413 959 suorum
3434 904 3611 960 homi-

2028 1010 2155 1048 num
2193 1009 2208 1060 ;
2248 1007 2422 1062 neque
2450 992 2835 1062 permittimus,
2874 992 3020 1061 ipsos
3047 993 3413 1061 sportularum
3472 1004 3602 1065 paro

2029 1083 2220 1151 ticipes
2267 1098 2429 1149 esse;
2491 1084 2586 1138 sed
2623 1082 2692 1138 iis
2728 1083 3009 1148 duntaxat,
3046 1074 3451 1154 quihjndicibus
3477 1088 3609 1143 sub-

2028 1174 2273 1229 serviuut
2304 1173 2357 1227 in
2395 1172 2660 1228 faciendis
2696 1174 3002 1241 itineribus,
3037 1190 3134 1244 pro
3186 1172 3605 1243 dispensationis

2030 1267 2117 1321 hic
2172 1264 2429 1333 subjecta:
2489 1266 2684 1329 modo,
2741 1266 3143 1335 perceptionem
3178 1268 3368 1321 harum
3404 1276 3605 1323 conce-

2028 1359 2223 1413 dimus.
2255 1355 2497 1412 Judicem
2533 1357 2698 1428 igitur
2728 1365 3043 1413 contentum
3080 1358 3147 1413 iis
3180 1371 3302 1413 esse
3326 1358 3604 1427 iubemus,

2027 1465 2151 1519 qua:
2176 1449 2244 1503 ab
2270 1451 2620 1520 imperatoris
2654 1451 2741 1520 pia
2794 1467 2958 1506 manu
2997 1450 3211 1521 accipit,
3243 1450 3488 1523 adeoque
3514 1467 3600 1509 re-

2028 1539 2171 1593 ditus
2216 1538 2299 1593 sui
2329 1540 2725 1609 praestatione;
2791 1541 3042 1597 subditos
3076 1549 3257 1596 autem
3300 1542 3608 1598 ministerio

2029 1629 2218 1700 ipsius,
2275 1636 2381 1683 tam
2419 1631 2677 1696 notarios,
2734 1646 2899 1702 quam
2927 1633 3290 1702 apparitores;
3330 1633 3421 1700 iis,
3484 1648 3606 1706 qua

2028 1734 2125 1788 pro
2168 1721 2387 1783 indiciis
2422 1722 2476 1776 in
2529 1723 2731 1793 scripta
2764 1724 2998 1779 redactis
3034 1725 3103 1781 ab
3146 1724 3255 1780 illis
3306 1726 3605 1796 accipiunt,

2026 1817 2117 1884 qui
2150 1812 2474 1869 sententiam
2495 1813 2772 1869 victricem
2797 1815 3094 1881 consecuti,
3119 1814 3338 1884 scriptis
3360 1813 3607 1883 indiciis,

2026 1911 2242 1960 munire
2276 1919 2393 1961 eam
2445 1906 2690 1975 cupiunt.
2726 1903 2819 1961 Sic
2874 1905 3041 1972 enim,
3072 1916 3128 1962 et
3148 1905 3314 1977 iudex
3364 1906 3606 1962 laborio-

2024 2012 2121 2053 sus
2141 1996 2209 2053 ad
2248 1995 2581 2052 deﬁnitivam
2638 1996 2971 2051 sententiam
3008 1998 3063 2052 in
3093 1996 3257 2052 rebus
3283 2007 3608 2055 controver-

2024 2090 2100 2146 sis
2151 2089 2482 2159 properabit,
2517 2097 2571 2143 et
2600 2087 2745 2144 illius
2771 2088 3112 2158 apparitores
3163 2089 3340 2159 ipsum
3381 2090 3448 2145 ad
3500 2090 3605 2146 ltoc

2024 2186 2292 2255 agendum
2356 2183 2682 2247 incitabunt,
2738 2193 2792 2238 et
2854 2183 3183 2252 invitabunt,
3242 2184 3574 2254 alaerioriqu

2027 2277 2210 2332 animo
2247 2277 2568 2340 inservient,
2611 2278 2849 2334 scientes
2877 2276 3098 2333 aliunde
3125 2277 3363 2331 {ructant
3406 2290 3594 2345 caper.

2027 2381 2086 2422 se
2114 2382 2222 2422 non
2242 2381 2400 2437 posse
2424 2408 2438 2435 ,
2468 2381 2629 2436 quam
2676 2379 2741 2420 ex
2776 2366 3251 2423 consummatione
3284 2365 3416 2422 litis.
3449 2366 3608 2434 Quod

2025 2460 2071 2515 si
2099 2459 2423 2514 sententiam
2476 2472 2638 2513 unam
2670 2458 2908 2529 quolibet
2939 2460 3027 2514 die
3054 2458 3347 2528 protulerit
3372 2459 3438 2515 de
3489 2470 3604 2515 tre-

2024 2553 2197 2607 centis
2249 2552 2482 2621 amplius
2532 2551 2745 2620 solidis,
2803 2552 3025 2607 omnino
3059 2551 3268 2606 lucrum
3308 2564 3454 2608 anno
3493 2560 3609 2608 toto

2027 2644 2231 2700 nullum
2265 2645 2443 2715 capiet
2768 2640 2773 2645 ’

333 2721 621 2789 ἀπόφασιν
662 2723 746 2792 ἐφ’
789 2724 994 2795 ἑκάστῃ
1035 2725 1218 2798 ἡμέρᾳ
1248 2728 1341 2781 καὶ
1381 2729 1563 2783 κοίσιν
1594 2732 1911 2803 ποιήσηται,
1949 2737 2090 2808 ὑπὲρ
2129 2740 2197 2793 τά
2263 2736 2549 2809 τριακόσια
2593 2736 2905 2809 νομίσματα
2974 2737 3192 2804 πάντως
3234 2738 3302 2793 δι’
3343 2739 3467 2794 ὅλου
3511 2736 3608 2795 τοῦ

335 2815 594 2870 ἐνιαυτοῦ
620 2815 943 2895 κομιοῦνται
971 2820 1184 2890 κέρδος.

410 2909 478 2983 β’.
522 2909 677 2982 map
704 2910 819 2967 ἀλλ’
845 2913 962 2967 οὑδὲ
983 2914 1042 2968 ἐν
1069 2914 1278 2980 τούτοις
1308 2918 1701 2993 διακεχυμένην
1734 2922 1915 2987 αὑτοῖς

340 3000 441 3054 καὶ
473 3000 823 3055 ὰδιάστικτον
872 3003 1189 3075 παρέχομεν
1221 3006 1430 3074 ἄδειαν,
1484 3009 1622 3064 ἀλλὰ
1656 3014 1749 3065 καὶ
1780 3014 1915 3082 πρὶς

2096 2920 2152 2977 2.
2189 2917 2575 2975 Verumtamen
2619 2931 2791 2989 neque
2818 2917 3097 2973 confusam
3130 2916 3183 2972 in
3218 2916 3321 2984 liis,
3351 2927 3407 2973 et
3436 2917 3608 2973 indis-

2027 3012 2252 3069 tinctam
2332 3009 2610 3066 licentiam
2667 3009 2803 3080 ipsis
2862 3009 3214 3065 concedimus
3261 3048 3280 3076 ,
3359 3010 3453 3066 sed
3507 3018 3608 3080 pro

345 3094 446 3164 τὴν
478 3093 577 3197 τῆς
619 3093 778 3164 δίκης
801 3097 1087 3205 Δποσότητα
1122 3099 1218 3152 καὶ
1262 3100 1352 3153 τὸν
1399 3100 1591 3172 μισθὸν
1624 3102 1917 3159 διατυποῦο

2028 3104 2326 3174 quantitate
2378 3101 2510 3167 litis,
2547 3100 2714 3154 etiam
2771 3099 3028 3155 salarium
3080 3098 3271 3170 judicii
3331 3099 3602 3170 scriptura

344 3201 449 3253 μεν
492 3183 595 3254 τῆς
650 3183 932 3255 ἐγγράφου
982 3188 1235 3259 κρίσεως.
1273 3191 1398 3245 Ἐπὶ
1447 3193 1700 3248 ὑποθέσει
1740 3196 1921 3249 τοίνυν

336 3276 431 3343 λς’
458 3277 818 3348 νομισμάτων
847 3277 908 3343 ἐξ
936 3280 1261 3353 μιλιαρήσια
1292 3282 1383 3337 τον
1415 3285 1796 3357 δικαιούμενον
1827 3288 1922 3343 καὶ

337 3368 530 3439 κρίσιν
566 3368 846 3439 ἔγγραφον
888 3370 1233 3441 λαμϐάνοντα
1263 3374 1653 3429 κατατίθεσθαι
1700 3377 1920 3430 κελευό-

338 3460 489 3530 μεθα
510 3476 524 3491 ·
562 3461 659 3514 ἐπὶ
684 3460 743 3513 δὲ
769 3462 899 3531 μιᾶς
935 3462 1123 3533 λίτρας
1148 3463 1182 3535 ἧ
1204 3463 1354 3518 ’δυοῖν
1385 3464 1419 3536 ἢ
1455 3466 1649 3536 τριῶν,
1678 3469 1920 3538 νόμισμα

335 3553 399 3606 ἐν
429 3568 444 3582 ·
475 3551 572 3605 ἐπὶ
598 3551 656 3604 δέ
682 3550 967 3622 τεσσάρων
995 3552 1029 3623 ἦ
1057 3552 1224 3607 πέντε
1250 3553 1284 3623 ἢ
1319 3553 1398 3619 ἓξ,
1446 3556 1759 3626 νομίσματα
1788 3558 1883 3612 δύο
1904 3573 1920 3591 ο

338 3642 438 3695 ἐπὶ
457 3642 517 3695 δὲ
538 3643 582 3707 ζ’
607 3641 642 3713 ἢ
662 3640 712 3714 η’
750 3642 785 3712 ἢ
813 3640 879 3707 θ’,
911 3644 1221 3715 νομίσματα
1247 3646 1374 3716 τρία
1394 3662 1409 3676 ο
1440 3648 1533 3699 ἐπὶ
1557 3648 1612 3701 δὲ
1642 3653 1673 3700 ι’
1701 3649 1735 3720 ἢ
1783 3648 1856 3702 ια’
1886 3650 1919 3721 ἢ

344 3732 442 3805 ιβ’,
472 3734 787 3807 νομίσματα
806 3732 849 3787 δ’
871 3750 885 3764 ο
922 3734 1015 3787 ἐπὶ
1046 3734 1104 3787 δὲ
1134 3736 1433 3808 ποσότητος
1471 3738 1715 3803 πλείονος
1742 3740 1844 3811 ὅση
1876 3741 1924 3793 δ’

348 3826 423 3877 ἄν
456 3826 566 3879 ἐστι
602 3826 767 3898 μέχρι
821 3826 1196 3898 κεντηναρίου,
1254 3829 1567 3900 νομίσματα
1616 3829 1655 3883 ε’
1696 3836 1792 3885 καὶ
1848 3831 1925 3905 μὴ

343 3920 676 3990 περαιτέρω.
711 3922 900 3977 Ταῦτα
928 3924 986 3976 ἐν
1027 3925 1293 3996 κρίσεσιν,
1325 3923 1461 3976 ὅπου
1507 3923 1748 3996 μερισίαι
1794 3925 1925 3977 πολ-

339 4009 505 4075 λάκις
538 4012 570 4081 ἢ
601 4013 887 4078 ἀποδόσεις
920 4014 1397 4069 ἐπακολουθοῦσιν.
1444 4004 1533 4070 Ἐν
1557 4010 1637 4081 οἷς
1677 4016 1733 4070 δὲ
1770 4033 1925 4089 μερι-

337 4101 435 4156 κοὶ
492 4107 755 4175 μερισμοὶ
794 4105 827 4176 ἢ
877 4107 1189 4177 ἐντάλματα
1246 4107 1281 4177 ἢ
1327 4106 1658 4177 σῃμειώσεις
1696 4108 1928 4166 καταθέ-

334 4191 485 4247 σεὼν
510 4211 673 4248 τινων
700 4197 923 4260 εἰκότως
946 4199 1003 4268 ἢ,
1026 4199 1392 4269 διαγνώσεων,
1411 4201 1616 4254 ἀτελῶν
1640 4201 1824 4271 μέντοι
1839 4219 1926 4271 γε,

332 4286 399 4337 ἐν
454 4285 569 4349 τοῖς
622 4286 888 4352 τοιούτοις
924 4290 999 4360 μὴ
1048 4290 1210 4344 πλέον
1259 4289 1356 4344 τοῦ
1397 4291 1732 4361 νομίσματος
1786 4310 1929 4364 παρ-

2023 3186 2396 3261 comprehensi
2436 3188 2839 3244 constituimus.
2913 3186 3258 3258 Quapropter
3329 3187 3384 3243 in
3438 3200 3604 3243 causa

2025 3282 2247 3352 triginta
2304 3295 2397 3336 se:
2441 3279 2760 3345 solidorum,
2792 3293 2884 3334 sex
2920 3278 3115 3345 millia,
3150 3280 3269 3335 sive
3319 3280 3459 3335 mala
3492 3279 3606 3337 litis

2024 3375 2310 3437 victorem,
2344 3371 2436 3441 qui
2465 3372 2791 3427 sententiam
2835 3370 2890 3425 in
2924 3370 3144 3440 scriptis
3168 3371 3386 3441 accipit,
3426 3372 3605 3427 solve.

2025 3480 2085 3521 re
2117 3464 2390 3534 iubemus.
2428 3461 2482 3516 In
2511 3477 2619 3517 una
2660 3462 2969 3527 verolibra,
3005 3462 3085 3516 vel
3116 3462 3347 3531 duabus,
3380 3464 3465 3519 vel
3509 3463 3608 3519 tri-

2026 3558 2151 3619 bus,
2170 3555 2404 3610 solidum
2439 3566 2628 3606 unum.
2660 3552 2718 3606 ln
2741 3552 2896 3607 libris
2944 3563 3200 3622 quatuor,
3231 3554 3316 3610 vel
3339 3555 3607 3626 quinque,

2026 3646 2109 3701 vel
2144 3659 2235 3700 sex
2300 3644 2502 3699 solidos
2556 3643 2711 3698 duos.
2742 3644 2804 3697 in
2839 3650 3071 3712 septem,
3093 3643 3178 3697 vel
3201 3652 3346 3711 octo,
3395 3646 3475 3700 vel
3507 3661 3607 3700 no-

2028 3752 2148 3792 vem
2186 3735 2357 3800 libris,
2397 3732 2599 3789 solidos
2632 3741 2763 3788 tres.
2802 3731 2859 3786 In
2894 3732 3048 3788 libris
3076 3734 3285 3799 decem,
3319 3733 3402 3790 vel
3438 3734 3608 3791 unde-

2028 3829 2135 3883 cim
2179 3866 2194 3893 ,
2245 3825 2329 3880 vel
2374 3824 2681 3893 duodecim,
2732 3824 2936 3880 solidos
2994 3833 3245 3894 quatuor.
3297 3823 3353 3880 In
3405 3823 3610 3895 maiore

2029 3932 2261 3983 summa,
2312 3925 2735 3987 quantacunque
2793 3915 2957 3971 fuerit
3010 3932 3182 3986 usque
3227 3917 3294 3971 ad
3348 3929 3607 3973 centena-

2032 4015 2196 4075 rium,
2234 4011 2434 4068 solidos
2462 4011 2722 4081 quinque,
2755 4025 2860 4064 non
2909 4009 3162 4079 amplius.
3197 4009 3374 4083 Atque
3412 4010 3525 4066 lucc
3556 4012 3607 4065 in

2022 4102 2241 4174 iudiciis
2274 4143 2291 4171 ,
2340 4101 2432 4156 ubi
2490 4101 2812 4172 partitiones
2856 4115 3253 4171 saepenumero,
3317 4102 3401 4158 vel
3455 4102 3605 4159 solu-

2031 4195 2204 4250 tiones
2270 4198 2593 4264 sequimtur.
2646 4190 2705 4248 In
2761 4193 2958 4264 quibus
3004 4202 3185 4251 autem
3252 4193 3609 4265 particulares

2031 4286 2347 4355 divisiones,
2379 4285 2464 4341 vel
2514 4284 2786 4349 mandata,
2837 4284 2923 4337 vel
2958 4286 3284 4351 natationes,
3343 4299 3608 4354 quarum-

331 4375 571 4449 έχεσθαι
602 4379 695 4432 ἐπὶ
744 4378 811 4451 ιβ’
857 4380 1057 4453 λιτρῶν
1101 4383 1362 4453 ποσότητι
1395 4385 1491 4438 καὶ
1536 4384 1792 4437 ἐπέκεινα
1823 4384 1926 4439 κᾶν

2031 4380 2155 4435 dam
2219 4378 2811 4450 fortedepositionum,
2866 4386 2959 4430 aut
3003 4392 3182 4432 causa!
3236 4368 3621 4446 cognitionum'

328 4469 490 4540 ὑπὲρ
523 4470 881 4542 κεντηναρίου
1011 4468 1175 4545 ἧττον
1207 4474 1265 4527 δὲ
1309 4474 1403 4529 τοῦ
1433 4475 1765 4547 νομίσματος
1796 4477 1926 4546 μᾶλ-

2034 4484 2344 4537 versantur,
2370 4488 2491 4542 qua:
2536 4483 2714 4526 tamen
2742 4472 2808 4525 ad
2852 4470 3088 4525 minores
3107 4477 3355 4538 spectent
3378 4486 3397 4539 ;
3441 4469 3495 4523 in
3525 4478 3611 4522 ta-

323 4559 431 4613 λον
460 4560 584 4613 κατ’
617 4559 915 4628 ἀναλογίαν
947 4565 1045 4634 τῆς
1077 4564 1450 4637 ὑποκειμένης
1481 4567 1799 4637 ποσότητος,
1844 4565 1921 4637 ὡς

2028 4565 2167 4621 libus
2192 4581 2296 4621 non
2356 4564 2588 4635 amplius
2612 4579 2718 4618 uno
2753 4561 2930 4617 solido
2964 4570 3252 4639 praestetur
3274 4563 3329 4617 in
3396 4561 3602 4618 duodeo

324 4648 658 4718 λογίζεσθαι
692 4651 1039 4724 μιλιαρήσιον
1060 4656 1147 4723 ἐφ’
1180 4657 1384 4730 ἑκάστῃ
1425 4658 1604 4731 λίτρᾳ,
1634 4659 1727 4713 καὶ
1760 4659 1819 4712 τὸ
1856 4660 1921 4713 ἐκ

2028 4661 2131 4717 cim
2164 4659 2427 4715 librarum
2477 4674 2726 4724 summa,
2770 4668 2826 4713 et
2849 4656 3012 4724 ultra,
3056 4650 3183 4711 licet
3228 4642 3624 4743 centenarium:

323 4744 550 4797 τούτων
584 4746 1064 4818 ἀποσυναγόμενον
1102 4749 1284 4803 ἱκανὸν
1325 4748 1605 4816 εἶναιτοῖς
1648 4752 1921 4825 νοταρίοις

325 4839 433 4893 καὶ
461 4840 577 4901 τοῖς
605 4838 698 4891 τοῦ
731 4841 920 4912 κριτοῦ
952 4841 1268 4914 ὑπουργοῖς.

2027 4753 2273 4808 excedat.
2308 4751 2449 4819 Quin
2475 4751 2655 4820 potius
2683 4752 2846 4806 etiam
2882 4749 3065 4803 minus
3112 4747 3288 4803 solido
3311 4738 3407 4825 pro
3436 4738 3623 4836 ratio-:

2026 4860 2097 4901 ne
2130 4860 2356 4900 summa:
2418 4844 2748 4914 propositae,-
2808 4850 2865 4896 ιιι
2894 4842 2946 4895 ἰιι
2986 4840 3120 4895 libra
3150 4838 3391 4909 qualibet
3442 4836 3626 4915 millia

330 4938 750 4999 computentur,
805 4934 1024 5004 etquod
1054 4949 1118 4989 ex
1153 4935 1218 4989 iis
1245 4935 1535 5007 colligitur,
1571 4939 1818 5004 notariis,
1874 4930 2586 5009 et'apparitoribusjudicis
2610 4934 2864 4991 sulliciat.

362 5030 367 5033 ’
410 5026 466 5096 γ’
473 5064 490 5080 .
520 5025 647 5089 Τοῖς
672 5025 726 5079 δὲ
752 5028 1229 5109 προελευσιμαίοις
1252 5030 1476 5102 ἐφίεμεν
1496 5034 1633 5105 μετὰ.
1651 5036 1749 5104 τῆς
1770 5033 1936 5105 ἄλλης

326 5110 401 5188 ἦς
433 5114 809 5171 ἀπολαύουσιν
834 5118 1209 5183 ἐξκουσσείας,
1238 5122 1520 5190 φοσσάτων
1545 5139 1603 5175 τε
1636 5126 1729 5177 καὶ
1761 5123 1921 5177 πολέ-

336 5225 462 5278 μων
491 5206 938 5279 ἀπηλλαγμένοις
968 5209 1113 5282 ἔχειν
1145 5211 1240 5264 καὶ
1266 5213 1333 5265 τά
1366 5212 1473 5265 τῶν
1503 5208 1945 5282 ἐκταγιατικῶν,ί

335 5302 409 5352 ἵν’
435 5302 502 5353 ἐκ
532 5301 738 5355 τούτων
770 5301 839 5356 τὰ
877 5303 1072 5375 διαρκῆ
1118 5304 1470 5376 ποριζόμενοι
1507 5305 1583 5377 μὴ
1619 5299 1924 5376 βαρύνῖυσιν

334 5394 398 5444 ἐν
425 5392 542 5455 τοῖς
571 5392 876 5463 άπλήκτοις
904 5394 1031 5459 τοὺς
1058 5396 1275 5462 εὐαγεῖς
1304 5396 1507 5460 οίκους,
1540 5396 1674 5467 μηδὲ
1705 5415 1926 5466 προστι-

337 5482 547 5536 θῶνται
592 5483 689 5537 καὶ
728 5479 873 5538 οὗτοι
913 5488 994 5548 είς
1036 5483 1261 5555 μείζονα
1306 5486 1656 5555 καινοτομίαν
1689 5487 1797 5539 τῶν
1830 5489 1927 5558 τὴν

341 5575 617 5648 ὑποίοχὴν
649 5576 1021 5647 ποιουμένων,
1054 5576 1168 5630 ἀλλ’
1191 5578 1346 5631 αὑτοὶ
1383 5578 1482 5645 μὲν
1511 5577 1572 5642 ἐξ
1604 5571 1678 5631 ὧν
1710 5579 1930 5649 κερδαί-

347 5681 532 5722 νουσιν
572 5666 837 5722 ὠνοῦνται
879 5668 977 5740 τὴν
1017 5668 1232 5739 χρείαν,
1276 5670 1324 5721 οἱ
1369 5668 1425 5722 δὲ
1472 5668 1658 5739 κριταὶ⁵
1702 5667 1933 5737 ἄφθονον

343 5756 522 5829 ἔχοιεν
552 5759 656 5833 τὴν
686 5759 794 5815 τῶν
829 5760 1146 5830 ἀναγκαίων
1179 5762 1445 5832 παροχήν.
1481 5759 1922 5832 Σύμμετρείσοαι

2113 5033 2168 5088 '5.
2206 5030 2543 5087 Oilicialibus
2589 5039 2799 5093 autem,
2827 5029 2919 5105 qui
2940 5012 3615 5105 judicibttsl'subscrviunt

2035 5110 2090 5178 iu
2150 5120 2436 5177 itineribus
2471 5119 2756 5191 faciendis,
2805 5104 3174 5189 permittimus
3204 5102 3327 5171 cum
3359 5115 3462 5193 alia
3502 5102 3625 5177 im-.

2034 5212 2317 5274 munitate,
2338 5226 2442 5280 qua
2476 5208 2759 5275 fruuntur,
2805 5224 2834 5262 a
2871 5206 3118 5273 fossatis,
3150 5196 3205 5291 et
3226 5194 3414 5291 militia
3442 5216 3629 5290 οιοιι-⁸

2034 5306 2161 5371 sati,
2192 5313 2247 5361 et
2297 5304 2588 5369 immunes,
2642 5302 3013 5372 sportularum
3065 5290 3279 5382 quoque
3323 5294 3629 5379 commoda.

2032 5399 2330 5469 percipere,
2363 5406 2423 5451 ut
2447 5410 2512 5451 ex
2556 5395 2622 5451 iis
2653 5386 3090 5473 quaututnsatis
3123 5399 3227 5471 est.
3259 5387 3635 5483 acqttirentes.‘

2035 5489 2284 5559 hospitiis
2338 5488 2679 5542 venerabiles
2709 5488 2900 5543 domos
2928 5499 3033 5539 nou
3075 5489 3323 5563 gravent,
3358 5492 3457 5533 nec
3501 5475 3606 5543 ipsi

2034 5595 2248 5651 quoque
2270 5579 2480 5634 creteris
2501 5579 2782 5644 accedant,
2808 5576 2875 5632 ad
2904 5590 2998 5630 eos
3018 5587 3158 5627 novo
3186 5571 3422 5640 quodam
3448 5583 3605 5622 more

2049 5670 2218 5738 magis
2260 5669 2590 5735 onerandus,
2617 5683 2847 5739 quorum
2894 5674 2977 5719 est
3020 5661 3253 5733 hospitia
3314 5659 3609 5732 pra‘bere;

2028 5759 2125 5817 sed
2152 5760 2250 5832 ipsi
2278 5763 2494 5831 quidem
2535 5763 2649 5818 suis
2677 5775 2744 5817 ex
2781 5758 2966 5826 lucris,
2987 5769 3110 5827 quae
3140 5753 3371 5820 iaciunt,
3402 5751 3609 5837 victum
