4050 6418
348 294 450 360 591

1345 291 1488 351 (ΞοΝ
1497 289 1856 351 STANTINI
1885 287 2563 348 PORPHYROGENITI

3509 289 3615 350 592

349 417 705 480 tomparent;
771 406 979 476 iudices
1031 413 1212 459 autem
1270 402 1436 457 ubere
1491 398 1926 455 necessariarum

2033 399 2091 452 δὲ
2121 398 2333 460 τούτοις
2363 399 2462 468 τὴν
2492 397 2601 448 τῶν
2632 396 3031 480 ἐκταγιατικῶν
3063 396 3221 466 λῆψιν
3252 399 3312 451 ού
3349 399 3482 468 πρὸς
3515 401 3618 468 τὴν

349 517 528 557 rerum
570 497 1010 571 suppeditatione
1075 496 1353 552 fruantur.
1384 494 1653 548 Cmterum
1706 505 1929 561 pereep-

349 596 511 648 tiouis
559 595 750 646 modus
808 589 1171 658 sportularum
1230 594 1505 641 statuatur
1530 584 1635 649 his,
1689 598 1793 638 non
1833 597 1930 651 pro

349 684 656 756 quantitate
689 681 1038 752 praediorum,
1074 677 1154 731 vel
1195 691 1399 738 rerum,
1433 690 1554 744 qua:
1607 674 1925 738 redduntur,

324 761 444 828 'aut
471 772 848 834 restituuntur,
879 769 974 824 sed
1009 783 1105 838 pro
1139 766 1351 820 ratione
1402 765 1627 830 laboris,
1673 774 1728 820 et
1779 780 1928 820 mora

347 878 460 919 tum
491 861 769 932 temporis,
808 868 918 912 tu.n
957 857 1125 927 ipsius
1153 855 1383 910 itineris.
1409 855 1618 925 Quippe
1645 854 1714 920 si,
1772 854 1925 908 verbi

346 971 530 1017 causa,
562 951 726 1008 semel
754 949 951 1004 missus
989 947 1175 1002 decem
1205 946 1464 1001 librarum
1492 945 1815 1000 solutionem
1844 945 1926 1000 vel

347 1049 400 1102 in
431 1045 668 1117 praediis,
706 1041 790 1097 vel
837 1040 960 1095 aliis
983 1037 1145 1094 rebus
1194 1047 1450 1108 procuret
1479 1055 1496 1104 ;
1522 1035 1724 1092 sufficit
1752 1035 1826 1101 ei,
1879 1037 1925 1092 si

344 1135 576 1192 solidum
607 1147 772 1187 unum
797 1129 1049 1199 accipiat.
1081 1129 1176 1184 Sin
1206 1139 1386 1183 autem
1419 1127 1600 1182 decies
1623 1126 1923 1195 profectus,

345 1227 544 1282 multas
580 1223 860 1279 molestias
907 1220 1152 1292 pertulit,
1191 1220 1384 1274 itinere
1411 1219 1571 1288 longo
1633 1217 1924 1282 confecto;

346 1331 684 1388 nequaquam
738 1315 839 1369 hoc
867 1327 1157 1368 oneromm
1193 1321 1298 1378 est,
1321 1325 1443 1368 eum
1479 1310 1533 1365 in
1558 1310 1746 1380 viginti
1780 1324 1919 1380 qua-

347 1423 468 1464 tuor
527 1409 714 1464 solidis
795 1423 962 1462 unum
1026 1405 1259 1462 solidum
1329 1405 1595 1475 accipere.
1661 1403 1744 1458 Ad
1814 1405 1928 1458 haec

344 1511 545 1566 autem,
601 1517 721 1570 qute
779 1501 843 1554 de
893 1500 994 1554 hoc
1048 1496 1262 1552 servari
1319 1499 1538 1562 debent,
1597 1491 1925 1559 detiniemla,

347 1593 487 1648 forte
541 1593 704 1662 longo
737 1606 991 1647 sermone
1047 1604 1182 1659 opus
1210 1596 1374 1645 esset.
1401 1589 1507 1644 Sed
1535 1589 1790 1658 quoniam
1830 1587 1928 1658 ju-

346 1683 940 1740 dicibushinclucrum
965 1682 1150 1736 venire
1168 1681 1390 1736 omnino
1439 1679 1768 1749 prohibitum
1819 1685 1922 1744 est,

2035 492 2314 561 ποσότητα
2353 491 2463 543 τῶν
2504 489 2907 559 ἀποδιδομένων
2941 489 3241 559 κτημάτων
3283 490 3316 561 ἢ
3359 491 3622 559 πραγμά-

2033 600 2164 648 των,
2208 581 2346 636 ἀλλά
2391 581 2529 653 πρὸς
2568 581 2660 636 τὸν
2703 582 2874 635 κόπον
2915 581 3010 635 καὶ
3053 580 3150 650 τὴν
3193 580 3384 651 τριϐὴν
3424 581 3517 634 τοῦ
3563 599 3623 635 τε

2034 673 2227 746 χρόνου
2255 675 2350 728 καί
2373 674 2474 743 τῆς
2499 673 2828 744 ὁδοιπορίας.
2862 676 2924 727 Εἰ
2951 674 3060 745 γὰρ
3091 673 3251 741 λόγου
3279 673 3443 745 χάριν
3471 675 3622 740 ἀπαξ

2034 764 2311 834 πεμφθεὶς
2353 763 2488 817 δέκα
2531 764 2729 834 λιτρῶν
2765 765 3021 818 ἀπόδοσιν
3060 765 3358 836 ἐποιήσατο
3404 768 3622 836 κτημάο

2030 873 2139 908 των
2169 855 2201 919 ἢ
2234 856 2601 926 πραγμάτων,
2627 856 2686 909 ἒν
2711 856 2954 927 νόμισμα
2983 857 3250 926 λήψεσθαι
3281 855 3471 910 τοῦτον
3501 860 3621 913 ίκα·

2031 946 2121 1000 νδν
2163 946 2426 1017 ὑπάρχει.
2471 947 2532 1000 ΕΞ
2573 946 2629 1000 δὲ
2673 948 2898 1011 δεκάκις
2946 947 3196 1002 ἀπελθὼν
3243 949 3414 1004 ποὶλά
3461 968 3622 1004 συνε-

2029 1037 2192 1109 τρίϐη
2220 1037 2315 1109 τῆς
2341 1037 2653 1109 ὁδοιπορίας
2683 1041 2900 1110 μακρᾶς
2929 1038 3114 1109 οῦσης,
3144 1040 3329 1094 οὐκέτι
3357 1042 3622 1112 φορτικὸν

2028 1131 2090 1183 τὸ
2129 1133 2188 1184 ὲν
2226 1130 2559 1200 νομίσμασιν
2599 1131 2774 1183 εἴκοσι
2815 1131 2908 1184 καὶ
2953 1132 3249 1202 τέσσαρσιν
3283 1131 3344 1185 ἓν
3379 1133 3625 1202 νόμισμα

2030 1223 2216 1276 λαϐεῖν
2259 1222 2447 1276 αὐτόν.
2481 1222 2805 1291 Ὀρίσασθαι
2853 1223 2954 1292 μὲν
2997 1221 3201 1277 οὖν’τά
3251 1223 3380 1295 περὶ
3427 1225 3622 1277 τούτου

2030 1311 2227 1366 πολλοῦ
2274 1313 2341 1364 ἂν
2381 1313 2467 1381 εἴη
2513 1311 2699 1379 λόγου.
2767 1311 2909 1365 Ἀλλ’
2935 1313 3056 1365 ἐπεὶ
3099 1313 3272 1366 ταῦτα
3313 1315 3392 1376 εἰς
3433 1313 3624 1384 κέρδος

2028 1404 2138 1458 τῶν
2170 1405 2374 1474 κριτῶν
2407 1402 2666 1472 ἔρχεσθαι
2699 1403 2844 1470 ἅπαξ
2875 1403 3254 1474 ἀπηγορεύθη,
3287 1406 3621 1472 πιστεύομεν

2029 1495 2207 1566 ἀγαθῇ
2241 1495 2427 1566 χάριτι
2451 1493 2665 1557 τούτοις
2697 1494 3001 1547 τυποῦσθαι
3031 1495 3168 1566 πρὸς
3197 1493 3488 1561 ἀναλογίαν
3516 1492 3611 1545 τοῦ

2029 1583 2204 1638 κόπου
2242 1584 2352 1637 τῶν
2404 1582 2878 1654 προελευσιμαίων
2920 1583 3020 1646 τάς
3059 1583 3168 1636 τῶν
3215 1583 3625 1650 ὲκταγιατικῶν

2029 1675 2304 1746 τιμήσεις.
2349 1674 2500 1744 Πλὴν
2540 1676 2588 1728 εἰ
2632 1675 2730 1745 μὲν
2775 1674 3044 1745 δυσχερής
3084 1692 3170 1738 τις
3218 1674 3474 1737 ὑπόθεσις
3519 1676 3619 1727 καὶ

346 1775 488 1829 bona
540 1773 644 1828 title
687 1771 1082 1828 committimus
1120 1770 1275 1840 ipsis,
1309 1779 1368 1824 ut
1407 1739 1505 1840 pro
1534 1769 1692 1823 modo
1726 1766 1926 1822 laboris

2031 1739 2298 1828 ἐπίκοπος
2330 1739 3010 1836 ἐποφθείηξθεσπίζομεν-
3030 1765 3159 1835 ἄχρι
3190 1765 3300 1818 τῶν
3335 1767 3504 1835 τριῶν
3539 1784 3628 1819 νο-

345 1879 558 1926 corum,
611 1862 706 1932 qui
755 1862 1063 1926 mittuntur,
1115 1859 1488 1931 sportularum
1538 1857 1928 1913 aestimationes

349 1954 570 2009 faciant.
605 1954 856 2008 Attamen
892 1952 939 2007 si
975 1967 1138 2007 causa
1170 1951 1414 2022 quaedam
1441 1950 1645 2021 gravis,
1669 1959 1725 2004 et
1777 1949 1928 2004 labo-

353 2045 496 2100 riosa
531 2059 654 2100 esse
705 2054 985 2113 comperta
1028 2043 1213 2108 fuerit,
1241 2057 1412 2114 usque
1456 2041 1523 2095 ad
1563 2050 1672 2096 tres
1726 2040 1930 2098 solidos

349 2141 402 2194 in
436 2153 542 2192 una
606 2137 740 2191 libra
773 2136 992 2190 nomine
1018 2134 1386 2205 sportularum
1421 2133 1566 2203 exigi
1592 2147 1755 2203 posse
1802 2147 1929 2188 san-

348 2231 567 2292 cimus;
602 2227 672 2282 ita
743 2237 946 2290 tamen,
984 2235 1042 2280 ut
1100 2224 1464 2293 sportularum
1536 2224 1812 2294 prtestntio
1848 2223 1930 2278 vi-

347 2319 484 2389 ginti
531 2328 760 2390 quatuor
807 2318 1008 2373 solidos
1069 2331 1176 2371 non
1227 2316 1481 2382 excedat,
1537 2315 1665 2370 licet
1717 2315 1929 2372 exactio

354 2412 590 2465 maxime
619 2409 886 2465 laboriosa
947 2409 1037 2474 sit,
1075 2417 1128 2464 et
1157 2423 1277 2479 quae
1323 2407 1626 2471 solvuntur,
1662 2423 1928 2462 summam

347 2510 562 2558 centum
591 2501 848 2555 librarum
894 2510 1172 2572 superent.
1215 2500 1271 2554 In
1304 2501 1501 2556 minori
1551 2513 1679 2556 vero
1717 2514 1928 2555 summa

350 2589 714 2659 permittimus
737 2589 1030 2658 iudicibus,
1063 2600 1120 2643 ut
1145 2588 1402 2646 salarium
1437 2605 1561 2646 cum
1598 2588 1784 2645 labore
1813 2597 1928 2643 tru-

349 2684 528 2738 tiuent
570 2725 586 2750 ,
637 2691 692 2736 et
753 2681 1157 2751 apparitoribus
1207 2681 1406 2736 itinera
1464 2680 1790 2736 facientibus
1843 2679 1929 2737 vel

345 2789 540 2839 unum,
599 2773 682 2828 vel
729 2773 887 2840 duos,
913 2772 999 2828 vel
1041 2783 1150 2828 tres
1185 2773 1426 2838 solidos,
1454 2788 1552 2843 pro
1607 2770 1929 2828 difﬁcultate

348 2881 529 2922 causa:
557 2864 881 2922 concedant.
916 2866 1091 2936 Atque
1123 2865 1236 2920 haec
1282 2863 1335 2918 in
1371 2863 1461 2928 iis,
1497 2863 1554 2918 in
1586 2863 1784 2934 quibus
1809 2863 1926 2933 ple-

348 2974 425 3012 na
470 2957 670 3014 solutio
699 2957 765 3012 de
811 2956 1010 3027 judicis
1037 2953 1311 3012 sententia
1367 2955 1637 3026 sequitur.
1691 2955 1763 3010 At
1799 2969 1926 3025 pro-

351 3059 469 3121 pter
517 3049 883 3105 immissioues
921 3047 975 3103 in
1025 3047 1449 3116 possessionem,
1503 3046 1638 3100 nihil
1692 3046 1745 3100 in
1804 3046 1927 3101 uni-

2035 1853 2328 1923 μισμάτων
2363 1854 2466 1907 ἐπὶ
2498 1857 2564 1926 τῇ
2605 1853 2764 1926 λίτρᾳ
2804 1855 3194 1922 έκταγιατικὸν
3228 1855 3622 1910 ἀπαιτεῖσθαι·

2036 1943 2112 2014 μὴ
2170 1941 2614 2014 ῦπερϐαινούσης
2645 1944 2827 2013 μέντοι
2855 1944 2924 1998 τά
2953 1942 3032 1997 κδ’
3054 1946 3369 2016 νομίσματα
3397 1945 3496 2012 τῆς
3528 1945 3620 2000 τοῦ

2031 2034 2418 2104 ὲκταγιατικοῦ
2447 2035 2715 2106 παροχῆς,
2744 2035 2847 2090 κᾶν
2874 2037 2923 2089 εἰ
2950 2038 3017 2090 τὰ
3051 2037 3286 2107 μάλιστα
3320 2039 3352 2109 ἡ
3387 2039 3626 2111 εἰσπρα-

2034 2128 2116 2196 ξις
2151 2129 2493 2202 πολύμοχθος
2531 2131 2618 2203 εἴη
2656 2132 2751 2186 καὶ
2785 2132 2855 2186 τά
2888 2131 3255 2202 ἀποδιδόμενα
3291 2134 3433 2204 ὑπὲρ
3470 2136 3539 2188 τὰ
3579 2141 3624 2205 ρ’

2031 2222 2361 2291 τυγχάνουσι
2393 2222 2605 2293 λίτρας.
2643 2223 2730 2276 Ἐν
2765 2224 2950 2294 ἥττονι
2981 2225 3038 2278 δὲ
3074 2224 3338 2295 ποσότητι
3371 2227 3488 2288 τοῖς
3520 2227 3623 2288 τάς

2033 2317 2247 2386 κρίσεις
2283 2315 2541 2386 λαχοῦσιν
2573 2315 2800 2387 ἐφίεμεν
2832 2317 3180 2388 σταθμᾶσθαι
3215 2319 3292 2388 τῷ
3337 2318 3486 2389 κόπῳ
3510 2318 3619 2389 τὴν

2032 2403 2220 2476 λῆψιν,
2259 2406 2402 2460 ὥστε
2429 2407 2541 2478 ῆέν
2577 2407 2610 2479 ἢ
2644 2407 2737 2462 δύο
2771 2408 2804 2479 ἢ
2840 2411 2966 2479 τρία
3001 2411 3313 2482 νομίσματα
3350 2411 3483 2482 πρὸς
3518 2411 3620 2482 τὴν

2029 2499 2131 2568 τῆς
2161 2496 2470 2562 ὑποθέσεως
2494 2499 2814 2570 δυσχέρειαν
2839 2502 3197 2572 προσεφιέναι
3224 2507 3335 2564 τοῖς
3363 2503 3624 2573 προελευ-

2033 2588 2294 2657 σιμαίοις.
2337 2590 2444 2643 Καὶ
2488 2591 2693 2660 ταῦτα,
2735 2593 2794 2645 ὲν
2828 2587 2922 2656 οἷς
2966 2595 3001 2665 ἡ
3043 2595 3297 2658 ἀπόδοσις
3339 2595 3522 2648 τελεία
3567 2593 3627 2660 ἐξ

2030 2680 2363 2751 ἀποφάσεως
2415 2683 2794 2739 ἐπακολουθεῖ.
2832 2685 2955 2738 Ἐπὶ
3003 2686 3112 2757 γὰρ
3161 2689 3282 2749 ταῖς
3329 2686 3425 2738 ἐπὶ
3476 2690 3622 2757 νομῇ

2035 2771 2406 2840 παραδόσεσι,
2446 2773 2611 2843 μηδὲν
2643 2774 2875 2829 καθόλου
2897 2776 3036 2847 ὑπὲρ
3057 2778 3447 2846 έκταγιατικοῦ
3479 2794 3626 2848 παρ-

2036 2862 2259 2934 έχεσθαι
2333 2863 2652 2936 κελεύομεν.
2689 2865 2751 2918 Εἰ
2783 2866 2838 2918 δὲ
2873 2866 3021 2932 ἀπαξ
3053 2868 3087 2940 ἢ
3124 2867 3204 2931 δίς
3238 2868 3267 2920 ό
3301 2869 3624 2939 προελευσι-

2033 2956 2193 3024 μαίος
2239 2955 2320 3018 είς
2359 2956 2450 3009 τὸν
2489 2957 2654 3010 τόπον
2698 2957 2946 3026 ἀφίκετο,
2994 2958 3072 3030 μὴ
3113 2958 3276 3012 πλέον
3318 2958 3413 3013 τυῦ
3457 2960 3620 3030 νομί-

2032 3062 2257 3117 σματος,
2294 3046 2327 3117 ἢ
2367 3046 2428 3099 τὸ
2465 3047 2600 3101 πολὺ
2641 3048 2736 3102 δύο
2774 3049 3014 3105 δίδοσθαι
3054 3051 3225 3122 αὐτῷ,
3270 3051 3375 3106 κᾶν
3419 3051 3626 3122 πολλῆς

351 3153 564 3194 versum
595 3139 957 3212 sportularum
980 3137 1198 3193 nomine
1213 3137 1458 3208 praestari
1475 3135 1747 3206 iubemus.
1776 3137 1926 3204 Quod

2038 3138 2331 3207 ποσότητος
2363 3138 2452 3210 εἴη
2478 3139 2539 3193 τδ
2564 3139 2966 3212 ἀποδιδόμενον.

354 3231 398 3284 si
448 3232 642 3300 seniel,
687 3241 780 3286 aut
808 3232 890 3286 bis
917 3228 1170 3286 ol'llcialis
1201 3230 1487 3286 itineribus
1541 3229 1803 3284 faciendis
1854 3230 2159 3286 inserviens
2191 3231 2245 3286 in
2285 3245 2412 3286 eum
2474 3232 2654 3287 locum
2709 3233 2891 3299 iverit,
2942 3250 3048 3291 non
3081 3235 3315 3306 amplius
3360 3251 3468 3293 uno
3528 3250 3618 3292 so-

353 3321 483 3391 lido,
511 3324 596 3378 vel
623 3333 680 3378 ut
725 3323 1041 3394 plurimum,
1067 3323 1282 3378 duobus
1306 3332 1644 3387 numeretur,
1675 3321 1802 3378 licet
1855 3322 1931 3390 id,
1973 3325 2117 3394 quod
2146 3324 2397 3390 solvitur,
2426 3340 2634 3395 magna:
2660 3339 2886 3382 summa:
2919 3327 3010 3383 sit.

1102 3445 1198 3501 IX.

354 3537 612 3607 Ejusdem
636 3539 937 3593 constitutio
961 3539 1025 3594 de
1071 3538 1152 3592 his
1179 3538 1269 3607 qui
1297 3538 1465 3592 credes
1494 3548 1674 3607 sponte
1698 3539 1945 3593 commit-

431 3555 612 3593 usaem
636 3555 937 3593 constitutio
961 3555 1025 3594 ae
1071 3555 1152 3592 rm
1214 3555 1269 3590 ut
1297 3555 1465 3592 cwues
1494 3555 1674 3607 sponte
1698 3555 1944 3593 commu-

427 3619 564 3674 tunt,
585 3620 632 3663 et
665 3609 735 3664 ad
758 3607 1054 3664 Ecclesium
1077 3555 1386 3678 οοηῗιιρίιιηι
1405 3623 1426 3675 ;
1448 3617 1502 3662 ιιι
1534 3624 1638 3663 non
1654 3609 1944 3663 admittan-

425 3691 534 3732 tur.

424 3769 534 3826 Lex
576 3767 738 3824 lllosis
769 3769 786 3800 ί
828 3767 1092 3824 adversus
1120 3767 1445 3825 homicidam
1471 3769 1734 3835 decernit,
1761 3784 1884 3824 eum
1909 3783 1939 3823 e

356 3861 600 3915 sacrario
627 3857 1003 3928 abripiendum
1037 3873 1178 3914 esse.
1206 3855 1378 3927 Hujus
1401 3857 1534 3928 legis
1555 3859 1798 3928 vestigiis
1828 3868 1935 3913 tam

355 3952 598 4008 Romana
646 3949 746 4022 (9),
796 3967 960 4022 quam
1016 3960 1198 4006 nostra
1241 3950 1328 4005 lex
1378 3949 1638 4007 insistens
1682 3966 1936 4023 expresse

356 4044 577 4097 mamdat
614 4059 629 4096 :
679 4051 735 4096 ut
786 4041 1065 4108 adulteris,
1113 4051 1170 4096 et
1199 4041 1468 4112 virginum
1512 4042 1839 4113 raptoribus,
1880 4055 1937 4100 et

352 4131 665 4200 homicidis,
721 4141 777 4186 ct
801 4131 1032 4199 furibus,
1079 4147 1186 4202 quo
1239 4133 1570 4204 confugiant,
1613 4132 1789 4192 nullus
1835 4151 1934 4208 pro

353 4224 504 4294 asylo
565 4223 635 4277 sit
674 4221 844 4279 locus.
895 4221 1103 4295 Quippe
1135 4223 1450 4294 templorum
1491 4227 1756 4282 securitas
1795 4228 1928 4284 οσο-

350 4316 454 4370 ctis
484 4314 702 4385 injuria,
729 4330 833 4370 non
863 4316 1118 4386 injuriam
1163 4313 1521 4373 inferentibus
1565 4328 1650 4374 est
1695 4320 1923 4376 tributa.

2714 3451 2795 3508 8’.

2044 3540 2161 3596 Τοῦ
2205 3544 2394 3614 αὑτοῦ
2453 3545 2781 3614 νομοθεσία
2853 3541 3149 3614 περὶτῶν
3183 3542 3477 3614 ἑκουσίως
3517 3557 3624 3610 φο-

2106 3613 2411 3682 νευόντων
2460 3612 2562 3670 κάὶ
2601 3613 2676 3682 τῇ
2713 3612 3047 3681 Ἐκκλησία
3093 3613 3622 3682 προσφευγόγτων,

2103 3681 2260 3736 ὥστε
2281 3685 2504 3752 αὐτοὺς
2531 3684 2616 3754 μὴ
2646 3681 2955 3753 δέχεσθαι.

2118 3777 2182 3830 Ἦ
2218 3777 2311 3830 τοῦ
2350 3777 2596 3842 Μωσέως
2636 3776 2928 3846 νομοθεσία
2974 3777 3116 3830 κατὰ
3151 3775 3246 3830 τοῦ
3289 3775 3620 3849 ἀνδροφόνου

2033 3869 2432 3938 ἀποφαίνεται,
2467 3869 2547 3922 ὅτι
2590 3870 2655 3922 ὲκ
2687 3867 2782 3922 τοῦ
2825 3867 3215 3939 θυσιαστηρίου
3251 3866 3395 3939 λήψῃ
3429 3867 3618 3924 αὐτόν.

2033 3959 2220 4030 Τούτῳ
2249 3958 2380 4029 γοῦν
2409 3961 2486 4032 τῷ
2517 3960 2664 4031 νόμῳ
2693 3959 2790 4015 καὶ
2817 3960 2846 4012 ό
2873 3959 3180 4028 Ῥωμαϊκὸς
3215 3959 3309 4013 καὶ
3340 3958 3617 4030 ἡμέτερος

2032 4049 2452 4104 κατακολουθῶν
2502 4049 2715 4120 τρανῶς
2770 4050 3116 4119 ὲγκελεύεται
3141 4068 3155 4082 ·
3227 4051 3466 4121 μοιχοῖς,
3523 4052 3619 4104 καὶ

2032 4138 2322 4211 παρθένων
2346 4140 2580 4212 ἀρπαξι,
2607 4142 2704 4195 καὶ
2731 4141 3099 4212 ἀνδροφόνοις,
3123 4142 3219 4194 καὶ
3248 4141 3428 4212 φωρσὶ
3451 4141 3617 4193 τόπον

2032 4231 2257 4296 ἀσυλίας
2296 4233 2432 4304 πρὸς
2473 4233 2797 4304 καταφυγὴν
2843 4233 2918 4305 μὴ
2965 4228 3139 4287 εἶναι’
3181 4235 3215 4302 ἡ
3258 4233 3367 4304 γὰρ
3406 4232 3471 4285 ἐκ
3507 4231 3616 4285 τῶν

2037 4321 2195 4393 ἱερῶν
2217 4322 2492 4394 ἀσφάλεια
2514 4327 2628 4388 τοῖς
2655 4325 3062 4395 ἀδικουμένοις,
3087 4325 3208 4396 οὐχὶ
3233 4326 3343 4389 τοῖς
3370 4323 3616 4379 ἀδικοῦσι

350 4403 485 4468 Quia
521 4419 649 4458 vero
679 4401 813 4472 legis
846 4402 1004 4473 hujus
1030 4415 1242 4470 auctor,
1291 4399 1524 4477 inclytus
1549 4405 1640 4462 ille
1677 4408 1926 4478 princeps

2033 4411 2253 4466 δίδοται.
2293 4412 2446 4466 Ἐπεὶ
2475 4412 2531 4467 δὲ
2560 4415 2588 4468 ό
2617 4413 2774 4468 τοῦτο
2804 4413 3172 4487 νομοθετήσας
3205 4415 3263 4468 ὲν
3296 4413 3616 4485 βασιλεῦσιν

346 4492 709 4558 Justinianus,
738 4493 830 4562 qui
856 4491 1076 4560 Maioris
1092 4493 1348 4550 Ecclesia:
1381 4496 1473 4550 Dei
1506 4497 1764 4567 templum
1795 4497 1925 4552 illud

349 4583 668 4638 admirabile
700 4583 959 4651 condidit,
998 4587 1169 4640 eidem
1215 4602 1374 4642 sacro
1425 4588 1548 4643 fano
1581 4589 1922 4659 privilegium

347 4672 644 4740 concessit,
671 4683 729 4727 ut
748 4674 882 4743 asyli
911 4674 1085 4729 locum
1118 4675 1318 4731 habeat
1344 4693 1358 4731 :
1381 4678 1675 4733 verisimile
1697 4694 1802 4733 non
1839 4689 1923 4734 est

346 4779 471 4820 eum
491 4762 560 4817 ab
581 4777 640 4819 se
661 4764 876 4819 decreta
900 4767 1206 4822 rescindere
1228 4769 1462 4823 vicissim
1486 4770 1739 4826 voluisse.
1767 4769 1923 4825 Post-

346 4871 509 4926 quam
548 4855 692 4910 enim
756 4857 1077 4912 saucivisset
1115 4867 1174 4912 ut
1218 4859 1480 4914 adulteris
1519 4869 1574 4916 et
1633 4859 1922 4918 bomieidis

345 4957 401 5001 et
428 4948 697 5021 virginum
722 4949 1028 5016 raptoribus
1057 4964 1154 5018 pro
1175 4951 1325 5022 asylo
1345 4952 1521 5005 nullus
1539 4961 1684 5007 esset
1726 4952 1880 5008 locus
1908 4991 1925 5019 .

344 5039 478 5094 nihil
518 5040 644 5094 huic
691 5041 976 5096 adversum
1009 5040 1266 5110 deinceps
1306 5041 1551 5110 protulit,
1595 5058 1718 5098 eum
1761 5045 1922 5110 dixit,

341 5129 651 5201 huiusmodi
696 5144 956 5200 personas
1001 5131 1053 5186 in
1089 5133 1312 5189 condito
1354 5133 1424 5189 ab
1463 5150 1524 5190 se
1548 5134 1748 5204 templo
1782 5137 1920 5207 asyli

339 5220 520 5276 locum
562 5223 799 5283 habere;
833 5224 927 5278 sed
954 5223 1193 5277 arbitror
1214 5224 1485 5293 equidem,
1509 5225 1554 5279 si
1579 5226 1665 5293 pie
1692 5225 1835 5294 quis,
1865 5237 1919 5280 et

337 5309 587 5380 religiose
610 5326 829 5366 causam
859 5311 1190 5382 propositam
1226 5314 1605 5378 considerans,
1640 5306 1810 5384 ipsam
1835 5313 1913 5369 le-

335 5413 456 5470 gem
476 5405 757 5472 scriptam,
807 5411 864 5458 et
893 5403 1230 5459 sanctionem
1271 5405 1338 5460 de
1372 5405 1506 5475 asyli
1537 5406 1681 5477 jure,
1711 5407 1917 5477 disqui-

405 5495 419 5526 ¹
458 5493 676 5551 Deuter.
714 5508 826 5555 ιιι.

2031 4504 2275 4574 ἀοίδιμος
2306 4506 2679 4570 Ἰουστινιανὸς
2699 4549 2712 4573 ,
2747 4508 2774 4560 ό
2807 4507 2902 4560 καὶ
2929 4507 3023 4560 τὸν
3053 4507 3480 4578 πανθαύμαστον
3513 4505 3616 4577 τῆς

2030 4592 2128 4647 τοῦ
2175 4594 2310 4648 Θεοῦ
2341 4597 2602 4667 Μεγάλης
2648 4599 2980 4669 Ἐκκλησίας
3009 4599 3431 4661 κατασκευάσας
3461 4598 3610 4666 ναὸν,

2028 4685 2227 4740 δέδωκε
2246 4688 2541 4759 προνόμιον
2559 4688 2669 4761 (10)
2693 4691 2842 4761 αὐτῷ
2861 4691 2923 4763 δὴ
2950 4691 3184 4764 τῴκίερῴ
3206 4691 3423 4762 τεμένει
3447 4693 3612 4744 τόπον

2028 4777 2260 4843 ἀσυλίας
2292 4779 2457 4850 ἔχειν,
2489 4782 2550 4835 οὐ
2581 4783 2801 4847 πάντως
2835 4784 2998 4847 αὐτὸς
3027 4784 3096 4838 τὰ
3129 4783 3324 4837 ἑαυτοῦ
3359 4783 3427 4836 δι’
3449 4783 3614 4854 ἀλλή-

2027 4868 2136 4923 λων
2175 4872 2578 4943 ἀνατρέπεσθαι
2619 4876 3025 4946 παρεσκεύασε.
3064 4875 3454 4948 Νομοθετήσας
3499 4875 3612 4945 γὰρ

2028 4962 2380 5032 μοιχοῖς,.καὶ
2402 4964 2775 5036 ἀνδροφόνοις,
2793 4969 2887 5021 καὶ
2909 4966 3196 5039 παρθένων
3217 4963 3423 5037 ἀρπαξι
3444 4966 3611 5018 τόπον

2021 5051 2249 5116 ἀσυλίας
2283 5053 2360 5125 μὴ
2393 5049 2565 5124 εἶναι,
2598 5057 2754 5111 οὐδὲν
2781 5058 3026 5112 ὲναντίον
3057 5057 3290 5130 ὕστερον
3319 5057 3424 5128 ἔφη
3445 5097 3461 5122 ,
3493 5059 3608 5120 τοῖς

2019 5145 2282 5209 τοιούτοις
2325 5147 2640 5217 προσώποις
2678 5143 2818 5206 εἶναι
2857 5151 3024 5205 τόπον
3065 5152 3237 5206 εἰπὼν
3277 5151 3503 5214 ἀσυλίας
3547 5153 3607 5203 ὲν

2021 5233 2098 5303 τῷ
2138 5236 2268 5302 παρ’
2299 5237 2466 5290 αὐτοῦ
2508 5241 3012 5298 κατασκευασθέντι
3078 5242 3224 5313 ναῷ·
3267 5241 3382 5296 ἀλλ’
3411 5233 3600 5310 οἶμαι,

2022 5324 2096 5387 ὡς
2133 5327 2184 5380 εἴ
2209 5345 2294 5392 τις
2329 5329 2432 5382 τῶν
2461 5330 2702 5392 εὐσεϐῶς
2732 5335 2826 5387 καὶ
2857 5333 3121 5402 φιλοθέως
3154 5332 3602 5387 ἐπισκοπούντων

2023 5413 2120 5484 τὴν
2147 5418 2516 5491 προκειμένην
2545 5419 2799 5478 ὑπόθεσιν
2826 5422 2990 5480 αὐτόν
3015 5441 3071 5478 τε
3099 5423 3188 5479 τὸν
3215 5421 3604 5494 γεγραμμένοι

407 5613 705 5690 (Qll‘lovel.
733 5615 828 5690 Π,
843 5629 963 5683 cap.
998 5614 1053 5690 ἶ,
1081 5629 1200 5690 qua!
1225 5615 1344 5690 ct_l.
1372 5615 1529 5690 gest,
1550 5615 1628 5690 _C.
1672 5621 1733 5671 de
1763 5619 1941 5674 mund.
1981 5625 2126 5690 prin.

411 5684 522 5750 (I0)
555 5683 709 5747 Quod
745 5686 974 5740 habetur
1007 5684 1063 5740 in
1090 5685 1318 5741 Leuncl.
1361 5685 1508 5739 JGlt.
1547 5688 1586 5752 I,
1623 5704 1742 5758 pag.
1784 5691 1870 5744 72.
