2025 3211
175 198 228 231 593

726 194 910 228 NOVELLE
930 192 1209 224 CONSTlTUTION
1214 194 1268 224 ES.

1747 192 1802 226 594

173 254 257 288 νόμον
273 250 320 278 καὶ
336 249 382 277 τὸν
398 250 537 286 διορισμὺν
554 250 618 286 περὶ
633 251 683 286 τῆς
699 250 829 283 ἀσυλίας,
846 249 976 285 πρόσφψ,

1029 247 1141 276 itionem
1150 248 1357 277 convenientem
1376 247 1613 280 instituens,inter
1628 255 1658 276 se
1672 249 1803 276 concilia-

173 307 222 334 ρον
241 295 404 331 ποιούμενος
424 296 473 331 τὴν
490 296 617 331 ζήτησιν,
637 295 827 331 συμϐιϐάσειε,
846 295 896 330 τὴν
916 295 963 329 ἀρ-

174 343 266 378 μόδιον
283 341 315 368 ἂν
332 340 407 376 εὖροι
424 341 494 375 πρὸς
510 341 545 367 τὰ
556 340 749 376 συμπίπτοντα
764 341 819 367 τῶν
835 340 964 376 πραγμά-

171 396 228 415 των
242 386 381 421 ἀπόφασιν
394 394 402 401 ·
419 386 467 413 καὶ
488 387 652 422 συντηρήσει
669 386 719 421 μὲν
732 386 782 421 τὴν
793 385 919 417 ἀσυλίαν,
934 385 963 411 ὲν

173 431 220 464 αἷς
241 432 386 459 ὑποθέσεσι
405 431 607 463 κεκανόνισται,
627 431 780 467 παρόψεται
801 431 831 458 δὲ
848 432 963 466 ταύτην.

172 477 238 504 ινθα
257 476 295 512 μὴ
310 476 415 503 δίκαιον
429 474 500 504 εἶναι
512 477 593 503 τόπον
607 477 731 509 ἀσυλίας.
744 476 824 504 Ἐπεὶ
839 476 867 503 δὲ
881 477 964 503 πολυ-

173 522 271 557 σχιδὴς
289 522 453 548 καθίσταται
473 530 515 554 τις
535 523 549 548 ὸ
568 522 619 557 τῆς
640 523 797 558 μιαιφονίας
816 523 917 559 τρόπος
937 522 965 559 (ἢ

171 567 229 601 γὰρ
254 566 387 597 ἑκουσίοις
413 566 461 593 καὶ
485 567 538 593 ἀπὸ
563 567 692 603 προνοίας
716 568 763 594 καὶ
787 567 966 603 παρασκευῆς

172 612 329 648 ἁμαρτάνει
342 620 400 644 τις,
414 611 452 643 ὠς
467 613 481 639 ό
495 612 665 648 εὖτρεπίζων
678 612 756 647 ξίφος
772 614 812 645 είς
827 614 858 640 τὸ
872 613 967 648 φονεῦ-

172 667 220 684 σαι
233 657 378 693 ἄνθρωπον
389 666 396 673 ·
421 658 438 693 ἢ
463 658 516 685 ἀπὸ
530 658 627 693 θυμοῦ,
641 658 680 690 ὠς
692 660 721 685 ὲν
733 659 830 694 ἐφόδῳ,
844 660 888 686 ὅτε
903 668 967 686 σκο-

174 704 267 730 πείται
286 702 335 730 καὶ
348 703 380 730 τὸ
396 704 461 739 παρ’
472 703 554 731 αὑτοῦ
572 705 772 740 ἐπιφερόμενον
788 705 870 733 ὅπλον
886 706 933 733 καὶ
949 707 966 741 ἡ

176 749 333 784 ἒγχείρησις
344 757 351 764 ·
378 749 395 785 ἢ
416 749 486 776 κατὰ
500 749 597 785 τύχην,
613 751 652 782 ὡς
668 751 698 777 ὲν
711 751 867 786 κυνηγεσίῳ
885 751 968 786 ῥίψας

181 795 232 830 μὶν
244 794 315 822 καεά
327 795 412 831 θηρὸς
426 795 456 822 τὺ
471 796 558 831 βέλος,
574 795 717 832 ἄνθρωπον
728 797 756 823 δὲ
773 798 926 833 ἀναιρήσεις
939 796 969 830 ἐξ

184 839 300 873 ἀγνοίας·
314 840 332 876 ἢ
350 840 380 867 ιν
396 841 471 878 μάχῃ
489 843 557 876 μετά
574 843 665 877 χειρὸς
681 843 796 878 πλήξας,
812 843 828 879 ἡ
848 843 902 870 ἀπὸ
918 844 968 879 μέ‹

185 884 233 920 οης
245 885 304 912 τινα
321 886 465 920 φονεύσας,
483 887 558 918 ὅστις
577 888 624 914 καὶ
641 888 687 914 ἐπὶ
704 889 864 915 πενταετίαν
880 888 966 925 ἐξορί-

181 933 279 970 Cm),
297 933 366 970 πρὸς
385 934 435 966 τὰς
454 934 579 967 τοιαύτας
598 934 745 970 διαιρέσεις
763 935 811 962 καὶ
829 935 879 967 τὰς
899 936 970 962 κατά

180 979 265 1016 μέρος
285 981 376 1013 αἰτίας
395 980 495 1017 ἔχομεν
513 981 606 1015 σαφῶς
627 981 675 1007 καὶ
695 981 765 1008 κατὰ
782 982 812 1008 τὸ
832 981 970 1017 προσῆκον

179 1024 231 1052 καὶ
249 1025 300 1061 τὴν
321 1026 354 1053 ἐκ
374 1026 421 1053 τοῦ
441 1026 525 1061 νόμου
546 1027 694 1061 ἀπόφασιν.
715 1026 770 1052 Καὶ
791 1027 806 1052 ό
829 1027 878 1061 μὲν
899 1026 971 1053 κατά

178 1070 294 1105 ἄγνοιαν
301 1070 422 1105 φονεῦων
428 1070 491 1097 οὗτε
499 1070 544 1097 τὺν
552 1070 622 1098 κατὰ
628 1070 682 1097 τῶν
689 1070 861 1106 ἀνδροφόνων
869 1071 971 1097 δέδοικε

178 1117 265 1152 νόμον
279 1117 342 1144 οὔτε
359 1117 473 1149 ἀσυλίας
490 1116 586 1152 χρῇξει
608 1125 615 1132 ·
629 1117 725 1152 ὥσπερ
741 1118 788 1145 καὶ
803 1118 818 1144 ὁ
835 1119 888 1146 ἀπδ
904 1127 971 1153 τρυ-

180 1163 236 1199 φῆς
250 1162 365 1197 ἀνελὼν,
377 1164 425 1190 καὶ
436 1164 450 1190 ὁ
464 1163 502 1199 μὴ
515 1162 641 1198 ἐσχηκὼς
656 1163 769 1199 γνώμην
781 1163 828 1190 τοῦ
843 1164 972 1199 φονεῦσαι

180 1209 231 1236 ἐὰν
244 1209 375 1245 φονεύσῃ.
393 1208 474 1236 Ἀλλά
490 1208 577 1235 ταῦτα
596 1209 645 1244 μὲν
661 1211 690 1236 ἐν
705 1209 810 1241 τούτοις
828 1210 972 1245 περιίστα-

181 1261 247 1282 ται·
272 1255 360 1282 [nive
381 1254 410 1281 δέ
443 1254 501 1281 ἐστ.
522 1253 553 1280 τὸ
575 1253 794 1289 πολυθρύλλητον
813 1253 923 1289 ζήτημα
943 1254 973 1281 τὸ

182 1301 248 1336 περὶ
265 1299 314 1327 τοῦ
333 1300 458 1327 ἑκουσίου
479 1299 526 1327 καὶ
544 1299 576 1326 ἐκ
596 1299 783 1334 προαιρέσεως
802 1300 850 1326 καὶ
871 1299 973 1335 προθέ-

183 1352 255 1376 σεως
273 1345 367 1379 φόνου.
383 1343 485 1371 Τοῦτον
501 1343 556 1378 γὰρ
573 1343 618 1370 τὸν
636 1342 760 1370 ἑκούσιον
776 1344 858 1377 φόνον
874 1343 936 1370 οὔτε
955 1344 972 1379 ἡ

182 1390 308 1421 Μωσέως
337 1389 483 1425 νομοθεσία
516 1389 718 1425 συγχωρεῖσθαι
749 1389 823 1421 ἀξιοῖ
864 1388 926 1417 οὔτε
956 1391 973 1426 ἡ

189 1437 333 1471 Ῥιιιμαίκὴ
348 1437 364 1472 ἡ
381 1437 455 1470 παρὰ
469 1436 523 1463 τῶν
539 1436 625 1471 ἁγίων
637 1435 766 1471 Πατέρων
781 1436 972 1472 ἀποδεχθεῖσα,

148 1508 162 1512 _
185 1481 246 1508 οὔτε
260 1490 303 1513 τις
317 1481 433 1517 εὐσεϐὴς
448 1481 579 1516 λογισμὸς
594 1482 719 1517 ἀνέχεται
733 1482 778 1509 τὸν
794 1483 865 1509 κατὰ
877 1483 974 1510 τοσοῦ-

189 1535 231 1553 τον
245 1527 426 1562 ἀδικήσαντα,
444 1527 488 1554 ἵνα
500 1528 548 1554 καὶ
561 1527 636 1562 ξίφος
650 1527 798 1564 εὖτρεπίσῃ
814 1528 861 1555 καὶ
877 1529 974 1565 διαμει

1014 295 1100 328 verit,
1118 302 1181 322 eum
1203 295 1365 323 sententiam
1388 295 1421 323 ad
1441 302 1486 323 res
1503 294 1689 322 coincidentes
1713 299 1803 329 aptam

1014 341 1198 373 inventurum.
1213 346 1239 369 et
1260 342 1347 377 ipsum
1365 340 1475 376 quidem
1497 340 1565 376 asyli
1584 340 1629 376 ius
1643 340 1672 367 in
1692 340 1724 368 iis
1741 347 1805 367 rau-

1015 386 1052 414 sis
1077 394 1139 421 quae
1153 387 1303 414 canonibus
1319 386 1435 414 deﬁnitae
1447 390 1520 418 sunt,
1532 385 1705 414 conservabit
1718 393 1725 412 :
1740 390 1768 412 at
1780 385 1806 412 in

1015 431 1076 459 aliis
1089 432 1159 458 idem
1177 431 1304 467 ncgliget,
1319 430 1364 459 ubi
1378 438 1432 459 non
1447 431 1549 465 justum
1562 438 1611 458 nec
1625 438 1732 465 :equum
1746 430 1806 466 rue,-

1016 477 1061 508 rit,
1077 477 1143 512 asyli
1162 477 1248 505 locum
1265 477 1389 505 concedi.
1405 476 1439 504 Et
1452 476 1578 512 quoniam
1594 476 1687 504 multis
1704 483 1737 504 ac
1758 483 1806 502 va-

1018 523 1066 551 riis
1075 523 1164 551 modis
1179 523 1355 551 homicidium
1366 522 1543 551 committitur
1557 522 1615 559 (aut
1627 523 1698 551 enim
1711 528 1806 558 sponte

1016 576 1064 597 sua
1077 570 1224 604 quispiam,
1241 574 1269 598 et
1287 570 1412 598 consulto
1429 571 1545 605 dataque
1558 577 1641 605 opera
1660 570 1808 597 instructus

1017 619 1123 650 peccat.
1142 620 1171 642 ut
1195 615 1229 649 is,
1253 615 1299 650 qui
1317 615 1435 651 gladium
1460 615 1573 644 necandi
1589 615 1708 643 hominis
1727 622 1808 642 causa

1018 665 1133 696 apparat
1147 669 1155 694 ;
1170 665 1217 689 attt
1233 669 1266 689 es
1278 661 1512 694 iracundia,vclut
1523 662 1549 689 in
1563 662 1665 695 impetu
1679 661 1807 696 quodam,

1019 706 1064 734 ubi
1078 706 1287 734 considerantur
1298 710 1324 734 et
1337 714 1412 734 arma
1425 714 1485 742 quae
1497 707 1629 742 gestabat,
1645 712 1671 734 et
1686 707 1745 741 ipse
1761 713 1809 733 co—

1020 757 1098 779 nattts
1112 760 1119 785 ;
1134 756 1180 778 aut
1197 752 1320 785 fortuito,
1342 753 1411 779 utin
1427 758 1533 786 venatu,
1553 753 1574 780 si
1585 753 1666 780 telum
1683 752 1710 779 in
1725 751 1809 779 feram

1019 797 1177 832 coujccerit,
1191 798 1362 825 ethomincm
1381 798 1538 833 ignoranter
1555 797 1686 826 occiderit
1702 805 1709 830 ;
1727 802 1772 823 aut
1784 796 1810 824 in

1020 844 1090 877 rixa,
1100 844 1123 872 si
1136 852 1216 871 manu
1229 844 1405 879 percusserit,
1412 844 1454 872 vel
1466 852 1497 872 ex
1508 843 1665 872 temulentia
1671 850 1754 879 quem
1763 850 1811 870 ne-

989 911 1010 940 B
1023 890 1137 923 caverit,
1149 890 1194 925 qui
1206 890 1316 925 quidem
1326 890 1358 917 ad
1373 889 1589 925 quinquennium
1601 888 1757 923 relegatur),
1771 895 1814 916 se-

1024 936 1142 964 cundum
1154 935 1308 971 huiusmodi
1322 936 1479 968 divisiones.
1491 939 1517 962 et
1527 935 1664 970 expositas
1674 934 1814 970 particular

1025 982 1074 1008 tim
1090 988 1198 1014 causas,
1218 981 1300 1008 etiam
1316 980 1460 1009 manifesto
1484 980 1616 1015 planeque
1643 978 1813 1007 convenienti

1026 1026 1142 1059 ratione,
1158 1026 1225 1061 legis
1252 1027 1418 1054 sententiam
1443 1026 1583 1054 habemus.
1600 1025 1633 1053 Et
1651 1025 1675 1053 is
1694 1025 1813 1060 quidem.

1026 1073 1073 1108 qui
1092 1073 1192 1100 caulem
1213 1073 1373 1108 ignoranter
1387 1072 1523 1106 admittit;
1546 1078 1597 1100 nec
1616 1071 1698 1098 latam
1720 1071 1747 1098 in
1767 1070 1814 1097 ho-

1027 1118 1140 1146 micidas
1155 1118 1240 1154 legem
1255 1118 1361 1151 metuit,
1383 1125 1432 1145 nec
1451 1118 1527 1153 asylo
1542 1117 1644 1152 indiget
1662 1126 1669 1144 :
1685 1116 1816 1151 quemad-

1027 1164 1136 1192 modum
1149 1168 1176 1191 ct
1192 1163 1226 1195 is,
1241 1163 1288 1198 qui
1301 1171 1349 1198 per
1365 1163 1457 1190 ludum
1475 1170 1507 1191 ac
1516 1163 1608 1199 iocum
1622 1162 1772 1194 necaverit,
1789 1165 1817 1187 et

1026 1209 1072 1245 qui
1092 1210 1212 1237 animum
1223 1209 1370 1244 pceidendi
1392 1217 1446 1236 non
1465 1209 1569 1241 habuit,
1585 1208 1608 1236 si
1624 1208 1765 1236 occiderit.
1784 1207 1816 1234 Et

1027 1257 1085 1284 haec
1097 1255 1207 1291 quidem
1232 1256 1257 1283 in
1276 1255 1318 1283 his
1338 1256 1501 1283 consistunt.
1515 1255 1561 1282 Illa
1577 1262 1641 1282 vero
1659 1253 1817 1290 pervulgata

1026 1301 1140 1337 quaestio
1149 1305 1202 1334 est,
1216 1301 1250 1329 de
1265 1301 1420 1334 homicidio,
1440 1300 1512 1336 qttod
1529 1305 1625 1334 sponte
1637 1298 1817 1327 committitur

1027 1351 1054 1375 ct
1065 1355 1099 1375 ex
1111 1347 1194 1374 animi
1210 1346 1342 1374 arbitratu
1363 1351 1442 1381 atque
1462 1346 1611 1382 proposito.
1627 1345 1695 1373 Nam
1716 1346 1816 1372 caedem

1028 1394 1101 1421 illam
1113 1397 1290 1428 spontaneum
1306 1399 1356 1420 uec
1372 1391 1487 1421 Mosaica
1504 1392 1548 1420 lex
1558 1390 1672 1420 concedi
1686 1390 1753 1424 vult,
1767 1398 1819 1417 nec

1028 1439 1160 1472 Romana,
1175 1439 1276 1466 sanctis
1290 1446 1305 1466 a
1317 1438 1441 1465 Patribus
1455 1437 1619 1472 approbata;
1632 1436 1693 1471 pius
1703 1435 1820 1470 denique

1028 1482 1100 1512 ferre
1120 1483 1214 1517 nequit
1230 1483 1349 1513 animus.
1375 1488 1405 1510 ut
1426 1483 1471 1517 qui
1497 1485 1550 1509 tam
1572 1481 1690 1515 iniustus
1713 1479 1773 1511 fuit,
1792 1483 1823 1505 ut

1029 1529 1111 1557 etiam
1132 1528 1250 1564 gladium
1266 1532 1445 1564 praepararet,
1465 1535 1496 1555 ac
1513 1526 1631 1562 proximi
1650 1526 1691 1554 sui
1705 1529 1820 1553 mortem

189 1571 286 1608 λετήσῃ
303 1573 349 1605 τὸν
364 1572 411 1599 τοῦ
430 1572 544 1608 πλησίον
560 1572 676 1600 θάνατον
691 1572 739 1599 καὶ¹
753 1573 847 1601 τοῦτον
862 1575 976 1612 τελέσῃ,

1031 1575 1219 1608 meditaretur,
1230 1582 1345 1610 eamque
1365 1574 1517 1610 perliceret,
1533 1573 1634 1601 auxilio
1647 1576 1675 1600 et
1688 1579 1739 1607 ope
1754 1576 1821 1598 tem-

187 1618 342 1652 χρήσασθαι
357 1619 391 1653 τῇ
408 1619 440 1644 ἐκ
452 1617 500 1644 τοῦ
517 1617 590 1653 ἱεροῦ
607 1617 726 1653 βοηθείᾳ.
741 1617 798 1646 Οὐκ
813 1618 872 1646 ἔστι
886 1620 977 1654 τοῦτο,

188 1664 238 1691 οὐκ
253 1663 313 1691 εστι
329 1663 385 1690 ιιῶν
397 1663 516 1695 εὐσεσῶς
531 1663 730 1699 διανοουμένων
743 1672 750 1679 ·
770 1665 838 1692 ἀλλά
851 1666 979 1700 δυνατὸν,

188 1708 225 1741 ὥς
237 1708 357 1744 εἴρηται,
369 1711 417 1736 καὶ
427 1710 491 1741 τοὺς
503 1709 601 1744 νόμους
612 1710 765 1746 τηρηθῆναι
777 1711 825 1737 καὶ
839 1712 980 1747 φυλαχθῆ-

188 1763 234 1782 vat
248 1755 281 1781 τδ
292 1755 515 1790 τῆςῈκκλησίας
523 1756 682 1791 προνόμιον.
702 1756 799 1783 Ὴνίκα
815 1757 870 1793 γὰρ
883 1757 918 1784 ἂν
932 1757 980 1785 ἀν-

189 1800 301 1836 θρωπος
321 1801 352 1827 ὲκ
372 1800 420 1836 τῆς
439 1800 516 1833 θείας
529 1800 664 1837 Προνοίας
684 1802 912 1836 ἐγκαταλειφθεὶς
935 1803 982 1830 ἀν-

190 1846 302 1882 θρώπου
317 1846 506 1882 διαμελετήσει
523 1847 637 1874 θάνατον
654 1848 699 1874 καὶ
713 1847 806 1875 τοῦτον
820 1849 981 1884 ἀπαρτίσει,

193 1892 242 1918 καὶ
262 1892 369 1927 ἀφανὴς
393 1893 442 1920 καὶ
464 1892 630 1927 ἀνέγκλητος
654 1893 767 1928 γένηται
787 1894 803 1920 ό
824 1894 890 1930 παρ’
900 1894 983 1922 αὐτοῦ

196 1939 384 1973 καταρτισθεὶς
398 1939 494 1973 φόνος,
508 1938 550 1971 είς
564 1937 661 1965 ἑαυτὸν
675 1938 702 1965 δὲ
717 1938 863 1974 γενόμενος
878 1939 982 1975 μετρή-

195 1992 236 2010 tm
249 1983 280 2011 τὸ
298 1984 412 2019 μέγεθος
428 1985 475 2012 τοῦ
491 1985 672 2021 τολμηθὲν-τος
688 1984 835 2021 πτώματος
851 1986 898 2013 καὶ
915 1987 984 2021 πρὸς

192 2029 372 2066 ὲξαγόρευσιν
385 2032 503 2067 ὁρμήσει
513 2050 521 2063 ,
536 2031 673 2065 λογίζεται
687 2032 792 2067 δήπου,
808 2032 879 2068 ποίῳ
891 2032 985 2068 τρόπῳ

192 2078 296 2113 ταύτην
312 2077 441 2112 ἀσφαλῶς
461 2077 609 2113 ποιήσηται
620 2086 628 2094 ·
655 2078 703 2105 καὶ
719 2078 893 2113 λογιζόμενος
911 2079 985 2114 εὑρί-

193 2132 255 2150 σκει
271 2123 397 2155 πάντως,
412 2124 453 2150 ὅτι
467 2123 515 2150 τοῦ
530 2124 718 2160 ἐρευνωμένου
733 2124 854 2159 ἀφανοῦς
868 2124 984 2152 θανάτου

194 2171 260 2204 παρ’
273 2170 356 2196 αὐτοῦ
374 2170 607 2205 ἑξαγγελλομὲνου
625 2170 765 2205 φωρᾶται,
783 2170 830 2197 καὶ
848 2163 986 2205 φωραθεὶς

193 2215 232 2246 ὡς
247 2216 412 2250 ἀνδροφόνος
428 2215 460 2242 ἐκ
474 2215 522 2242 τοῦ
537 2215 620 2250 νόμον
638 2216 685 2243 καὶ
700 2214 747 2242 τοῦ
765 2215 921 2251 προσφόρου
936 2215 986 2252 ἄρ-

194 2269 288 2296 χοντος
303 2261 320 2295 ἢ
336 2260 553 2295 συλλαμβάνεται
568 2260 584 2295 ἢ
602 2260 704 2295 ...(ΙΙ).
714 2261 770 2287 Καὶ
785 2260 830 2287 διὰ
845 2260 932 2288 ταῦτα
946 2262 986 2294 είς

193 2307 225 2333 τὸ
243 2307 317 2342 ίερὺν
335 2307 525 2342 εἰσερχόμενος
545 2306 592 2333 καὶ
609 2306 649 2341 τῷ
668 2307 736 2342 ἱερεῖ
754 2307 987 2343 προσερχόμενος,

194 2353 241 2379 καὶ
253 2352 424 2387 πανταχόθεν
438 2352 508 2387 ἔχων
521 2352 552 2378 τὸ
565 2352 686 2387 ἀσφαλὲς
698 2354 815 2379 ποιεῖται
829 2353 879 2389 τὴν
893 2353 988 2388 ἐξαγό-

195 2407 301 2434 ρευσιν.
320 2398 404 2433 τυχὸν
421 2398 470 2434 οἴῳ
490 2398 585 2434 τρόπῳ
606 2399 653 2425 καὶ
674 2398 719 2433 οἶα
743 2400 851 2434 μηχανῇ
873 2399 923 2434 τὴν
939 2398 987 2425 τοῦ

196 2443 373 2477 φονευθέντος
397 2444 562 2479 κατήρτισεν
586 2444 773 2480 ἀγνοουμένην
796 2444 916 2480 σφαγὴν,
940 2445 988 2472 καὶ

196 2490 371 2525 ἐπιτυγχάνει
387 2490 437 2525 τῆς
454 2490 588 2524 ἀφέσεως.
605 2489 679 2525 Αὕτη
697 2491 752 2526 γάρ
768 2491 815 2517 καὶ
829 2490 905 2517 ἔστιν
919 2490 988 2527 ἀλη-

197 2535 251 2567 θῶς
272 2535 321 2562 καὶ
339 2534 448 2569 λέγεται
465 2535 670 2569 ἐξομολόγησις,
688 2536 705 2570 ἡ
725 2534 773 2563 τοῦ
794 2535 986 2570 κεκρυμμένου

198 2579 425 2616 παραπτώματος
442 2580 602 2616 αὐθαίρετος
618 2580 745 2616 δήλωσις.
767 2580 798 2607 'H
815 2581 843 2607 δὲ
861 2581 924 2615 περὶ
939 2581 987 2615 τῆς

198 2627 318 2662 φανερᾶς
333 2627 381 2653 καὶ
396 2626 530 2662 προδήλου
545 2626 671 2661 πράξεως
686 2627 733 2653 καὶ
750 2627 905 2661 μιαιφονίας
920 2635 989 2660 συγ-

200 2673 348 2704 κατάθεσις
366 2673 425 2704 πῶς
442 2672 490 2699 καὶ
505 2672 669 2708 λεχθήσεται
685 2672 754 2703 ὅλως
774 2672 987 2707 ἐξομολόγησις;

206 2717 253 2743 Ἐκ
269 2716 319 2743 τοῦ
335 2716 459 2744 τοιούτου
476 2712 523 2744 οὖν
541 2717 689 2751 συνάγεται
707 2718 754 2744 καὶ
769 2719 892 2752 τηρεῖται
911 2718 960 2744 καὶ
974 2718 991 2753 ἡ

200 2763 247 2789 τοῦ
260 2763 345 2797 νόμου
356 2763 495 2797 ἀπόφασις
510 2763 558 2790 καλ
572 2763 589 2797 ή
603 2762 650 2789 τοῦ
667 2762 740 2798 ίεροῦ
755 2763 901 2797 ἀσφάλεια.
916 2763 948 2789 Εί
964 2763 992 2790 δὲ

201 2808 270 2844 αὕτη
285 2809 349 2845 [pth]
377 2809 436 2845 (12)
461 2809 534 2837 οὕτω
562 2810 722 2845 διορισθείη,
740 2809 856 2845 μάχεται
884 2809 992 2841 πάντως

238 2855 262 2887 (ι
271 2857 295 2890 Ι)
309 2855 413 2884 Desunt
423 2857 564 2884 nonnulla.

1031 1621 1067 1656 pii
1091 1619 1207 1649 fruatur.
1229 1620 1286 1648 Non
1308 1621 1427 1653 esthoc,
1456 1627 1508 1648 non
1532 1623 1573 1647 est
1595 1618 1748 1646 animorum
1778 1616 1822 1651 pie

1032 1667 1207 1702 cogitantium
1221 1677 1228 1694 :
1247 1667 1294 1695 sed
1310 1666 1366 1694 lleri
1382 1671 1482 1700 potest,
1498 1673 1546 1693 ceu
1567 1664 1669 1691 dictum
1682 1667 1735 1696 est,
1751 1665 1781 1689 ut
1793 1665 1821 1689 et

1032 1713 1104 1749 leges
1118 1712 1308 1745 observentur,
1331 1717 1359 1740 et
1376 1711 1545 1747 privilegium
1564 1710 1692 1739 Ecclesiae
1715 1709 1820 1737 salvum

1033 1759 1077 1786 sit.
1089 1757 1192 1792 Quippe
1206 1764 1268 1785 cum
1280 1758 1361 1785 homo
1377 1758 1499 1785 desertus
1512 1764 1526 1783 a
1538 1755 1627 1783 divina
1638 1753 1823 1785 Providentia,

1034 1805 1134 1832 caedem
1151 1803 1268 1831 hominis
1282 1803 1374 1830 auitno
1388 1801 1555 1837 conceperit,
1570 1807 1686 1836 eamque
1703 1800 1824 1835 perfece-

1034 1848 1080 1879 rit,
1095 1852 1177 1883 alque
1191 1847 1234 1874 illa
1244 1847 1331 1875 caedes
1345 1846 1380 1873 ab
1390 1852 1422 1874 eo
1432 1845 1589 1876 commissa,
1601 1840 1782 1879 cognitionem
1798 1848 1825 1869 ct

1035 1894 1238 1922 accusationem
1256 1892 1397 1920 hominum
1415 1890 1551 1926 emtgerit,
1569 1890 1628 1925 ipse
1650 1895 1715 1916 vero
1728 1888 1826 1916 ductus

1035 1939 1106 1966 intra
1126 1945 1166 1971 se,
1192 1938 1284 1972 lapsus
1304 1937 1347 1965 sui
1371 1936 1585 1972 magnitudinem
1602 1935 1782 1971 perpenderit,
1799 1939 1826 1961 et

1035 1985 1069 2012 ad
1081 1983 1280 2012 confessionem
1303 1983 1362 2018 ejus
1381 1990 1442 2011 sese
1459 1982 1604 2010 contulerit
1621 1991 1628 2009 :
1649 1988 1715 2009 sane
1733 1987 1825 2009 secum

1037 2031 1095 2066 ipse
1102 2030 1214 2066 cogitat,
1226 2037 1344 2065 quonam
1352 2033 1430 2064 pacto
1437 2028 1522 2064 possit
1535 2035 1596 2056 eam
1609 2033 1667 2055 tuto
1675 2027 1826 2059 instituere,

1036 2078 1118 2113 idque
1143 2076 1279 2112 cogitans,
1302 2075 1414 2104 onutiuo
1451 2074 1572 2102 futurum
1593 2073 1729 2109 intelligit,
1752 2078 1781 2100 ut
1805 2074 1826 2099 si

1037 2123 1138 2151 caedem
1154 2122 1330 2158 incognitam,
1348 2129 1409 2156 quae
1428 2120 1617 2155 investigatur,
1633 2119 1765 2152 enuntiet,
1782 2119 1829 2145 dc-

1038 2169 1285 2204 prchendaturzac
1301 2167 1497 2202 deprehensus,
1519 2165 1592 2192 velut
1604 2164 1738 2192 homicida
1761 2164 1828 2199 legis

1038 2215 1214 2247 auctoritate,
1230 2214 1459 2248 magistratusque
1487 2211 1677 2246 competentis,
1690 2213 1737 2237 aut
1751 2214 1827 2237 com-

1038 2259 1231 2294 prehendatur,
1252 2263 1300 2285 aut
1317 2264 1377 2285 eam
1400 2257 1486 2292 ipsam
1510 2256 1545 2284 ob
1568 2262 1676 2284 causam
1701 2255 1829 2290 templum

1040 2303 1205 2339 ingrediens,
1228 2308 1255 2330 et
1268 2303 1301 2331 ad
1317 2303 1489 2330 sacerdotem
1518 2300 1662 2334 accedens,
1680 2306 1761 2336 atque
1779 2308 1830 2328 utt-

1039 2351 1180 2383 decunque
1203 2347 1343 2376 securitati
1365 2355 1421 2376 suat
1452 2348 1606 2381 consulens,
1631 2347 1829 2376 confessionum

1040 2395 1185 2428 instituat;
1209 2394 1282 2422 verbi
1299 2394 1396 2430 gratia,
1416 2401 1470 2429 quo
1487 2398 1576 2428 pacto,
1596 2397 1624 2420 et
1638 2399 1757 2428 quanam
1771 2396 1831 2420 arte

1039 2441 1160 2476 ignotam
1173 2439 1256 2467 occisi
1271 2439 1373 2467 eadem
1386 2438 1573 2471 commiserit,
1585 2445 1618 2466 ac
1631 2438 1737 2466 veniam
1751 2438 1834 2472 impe'

1041 2492 1104 2515 tret.
1114 2487 1175 2514 Haec
1184 2487 1256 2514 enim
1264 2490 1292 2514 et
1302 2489 1345 2513 est
1358 2491 1463 2520 reapse,
1471 2490 1500 2513 et
1513 2485 1613 2512 dicitur
1630 2484 1776 2515 confessio.
1785 2484 1833 2510 de-

1043 2532 1098 2561 licti
1111 2533 1214 2560 scilicet
1227 2532 1326 2560 occulti
1344 2536 1493 2566 sponlauea
1505 2531 1668 2559 enuntiatio.
1683 2530 1755 2559 Certi
1768 2537 1832 2557 vero

1044 2579 1234 2613 manifestique
1244 2577 1318 2609 facti,
1332 2581 1360 2604 et
1369 2576 1452 2605 caedis
1462 2576 1606 2611 depositio,
1621 2583 1740 2610 quonam
1752 2574 1832 2609 plano

1044 2630 1121 2659 pacto
1137 2623 1272 2651 confessio
1285 2622 1505 2658 nuncupabitur?
1516 2622 1556 2649 Ex
1570 2622 1621 2649 hoc
1631 2628 1696 2655 ergo
1707 2625 1760 2646 tam
1775 2619 1832 2646 eul-

1045 2670 1146 2705 ligitur,
1153 2677 1234 2705 quam
1242 2669 1468 2701 conscrvatur,lut
1475 2668 1542 2704 legis
1548 2666 1693 2698 sententia,
1700 2665 1740 2693 sic
1749 2664 1830 2692 etiam

1046 2716 1137 2752 templi
1158 2716 1302 2744 securitas.
1321 2715 1387 2749 Qua;
1408 2715 1517 2750 quidem
1537 2713 1561 2741 si
1577 2711 1688 2740 deﬁnita
1707 2711 1733 2737 in
1760 2710 1832 2736 hunc

1046 2762 1158 2790 modum
1179 2769 1232 2789 non
1250 2761 1341 2793 fuerit,
1363 2761 1475 2788 omnino
1491 2765 1582 2786 secum
1597 2756 1655 2791 ipse
1670 2757 1772 2789 pugnat
1784 2754 1830 2787 qui

1045 2808 1118 2843 leges
1133 2808 1269 2842 congessit
1281 2811 1362 2842 atque
1378 2804 1556 2841 promulgavit
1567 2801 1736 2830 Justinianus
1748 2808 1755 2826 :
1766 2806 1829 2827 cum

238 2885 295 2927 (l2)
310 2889 425 2927 Negatio
447 2892 617 2921 desideratur
631 2892 659 2920 in
675 2892 795 2921 editione
809 2890 966 2920 Lcunclavii
982 2899 988 2918 :
1010 2894 1083 2919 recte
1099 2895 1159 2916 cam
1173 2887 1276 2916 addidit
1294 2885 1407 2914 Rballis.
