4050 6422
376 361 487 435 595.

1374 363 1656 425 CONSTA
1665 361 1882 421 NTINI
1926 360 2378 432 PORPIIYIEOG
2388 360 2487 431 EN
2499 359 2606 418 ΥΠ

3532 355 3639 417 596

371 478 555 537 edicto
582 475 847 542 sanxerit,
876 490 949 531 ne
980 475 1271 533 homicidis
1292 476 1445 532 locus
1465 477 1595 547 asyli
1626 486 1843 544 pateat;
1873 474 1954 529 ni.

2062 477 2237 545 ἐαυτῷ
2272 476 2301 528 ό
2331 475 2459 536 τοὺς
2492 474 2691 543 νόμους
2734 472 2995 541 ἀθροίσας
3036 470 3133 525 καὶ
3174 469 3391 539 γράψας
3422 470 3645 522 ’1ουοτι-

376 571 597 645 hiloqne
624 569 803 626 minus
832 569 1080 635 voluerit,
1111 578 1171 624 ut
1210 568 1491 625 homicida:
1532 569 1584 623 in
1615 567 1834 624 condito
1861 566 1955 623 abs

373 679 437 723 se
465 663 668 734 templo
690 662 782 733 jus
802 662 936 732 asyli
963 662 1247 718 baberent.

1125 878 1192 933 Χ.

376 1013 456 1075 De
485 1015 587 1076 Itis,
612 1014 702 1085 qui
741 1021 925 1085 sponte
956 1011 1126 1067 credes
1154 1012 1508 1085 committunt,
1540 1015 1625 1066 [ex
1655 1014 1847 1076 altera,
1882 1029 1957 1066 re-

391 1096 399 1101 ‘
447 1082 639 1153 sipiens
673 1083 881 1153 quidem
909 1099 995 1136 eos
1030 1097 1095 1135 ex
1117 1082 1593 1153 commiseratione,
1622 1094 1811 1148 praeter
1840 1099 1957 1135 seu-

438 1151 664 1209 ‘tentiam
685 1151 885 1221 prioris
908 1167 928 1217 ;
954 1167 1133 1206 verum
1166 1151 1353 1206 exsilio
1384 1162 1655 1219 perpetuo,
1679 1154 1957 1206 bonorum.

445 1239 545 1293 quc
567 1223 877 1285 amissione,
903 1221 1161 1277 multum.

446 1354 573 1409 lltec
612 1353 725 1425 jam
762 1353 977 1409 sancire
1014 1352 1373 1419 decrevimus,
1403 1354 1600 1423 prioris
1630 1355 1845 1424 quidem
1878 1356 1956 1411 le-

374 1444 460 1520 gis
497 1446 844 1502 severitatem
878 1460 1002 1500 cum
1049 1447 1364 1517 benigniore
1408 1448 1745 1502 decretorum
1782 1447 1957 1502 eccle—

373 1536 716 1592 siasticorum
775 1550 1008 1591 censura
1074 1542 1494 1601 commutantes,
1550 1536 1955 1593 dissolutionem

372 1638 504 1682 vero
535 1625 924 1694 licentiamque
958 1626 1408 1695 delinquentium,
1455 1641 1576 1698 quae
1609 1627 1752 1680 illam
1785 1627 1954 1696 ipsam

374 1718 444 1774 ob
464 1732 684 1774 causam
713 1717 925 1772 facilem
962 1717 1320 1774 imitationem
1346 1719 1528 1783 habet,
1550 1733 1655 1773 non
1673 1733 1954 1788 poenarum

2058 565 2260 627 νιανὸς,
2292 562 2664 629 νομοθετήσας
2705 560 2805 627 μέν
2838 560 3194 631 ἀνδροφόνοις
3225 558 3305 628 μὴ
3339 554 3481 612 εἶναι
3513 561 3651 612 ἀσυ-

2057 651 2198 714 λίαν,
2243 652 2303 705 ἐν
2345 651 2401 704 δὲ
2444 650 2526 719 τῷ
2568 649 2888 718 πκράύτοῦ
2937 648 3199 704 συστάντι
3243 647 3377 718 ίερῷ
3416 649 3644 705 ἀσυλίαν

2059 741 2207 811 ἔχειν
2237 741 2423 795 λοιπον
2453 742 2581 805 τοὺς
2608 741 2990 812 ἀνδροφόνους.

2807 874 2864 927 I'.

2065 1011 2174 1068 Τοῦ
2237 1010 2426 1067 αὐτοῦ
2485 1010 2736 1077 δευτέρα
2794 1009 3119 1076 νομοθεσία
3150 1007 3285 1075 περὶ
3318 1006 3439 1077 τῶν
3472 1007 3646 1063 ἐκου-

2128 1081 2286 1146 σίωςῗ
2309 1081 2712 1149 φονευόντων,
2735 1077 3029 1149 δεχομένη
3048 1078 3166 1149 μὲν
3212 1076 3436 1149 αὐτοὺς
3451 1145 3463 1149 Α
3488 1077 3643 1131 κατὰ

2129 1145 2528 1219 συμπᾶθειαν,
2554 1147 2713 1214 παρὰ
2734 1145 2997 1219 δύναμιν
3021 1145 3132 1213 τῆς
3150 1145 3646 1219 πρώτῃςηᾴειφυ-

2134 1213 2227 1290 rid
2241 1219 2416 1274 δὲκαὶ
2435 1213 2783 1288 περιουσίας
2816 1213 3107 1270 exarabas:
3141 1213 3640 1275 καταδικάζουσα.

2129 1356 2314 1411 Ταῦτα
2342 1355 2653 1425 νομοθετεῖν
2684 1352 3047 1426 προῃρήμεθα
3073 1351 3167 1406 νῦν
3196 1350 3259 1405 τὸ
3292 1350 3392 1420 μὲν
3435 1350 3642 1419 αὐστη-

2061 1448 2153 1519 ρὸν
2197 1448 2295 1517 τῆς
2326 1447 2432 1516 πρὸ
2462 1446 2667 1516 ταύτης
2692 1443 3016 1515 νομοθεσίας
3043 1445 3109 1513 τῇ
3138 1441 3503 1514 φιλανθρώπῳ
3532 1442 3641 1497 τῶν

2059 1540 2527 1608 ἐκκλησιαστικῶν
2557 1538 2776 1609 θεσμῶν
2822 1538 3141 1607 ἐπιτιμήσει
3184 1534 3641 1606 μεταϐάλλοντες,

2059 1635 2120 1687 τὸ
2147 1633 2413 1687 ἀπόλυτον
2432 1631 2506 1689 Δδέ
2536 1633 2630 1685 καὶ
2660 1631 2847 1684 ἄνετον
2880 1630 2990 1683 τῶν
3030 1626 3518 1698 ἐξαμαρτανόντων
3546 1628 3644 1681 καὶ

2058 1724 2146 1776 διὰ
2170 1722 2329 1775 τοῦτο
2382 1721 2476 1774 καὶ
2520 1720 2654 1790 πρὸς
2709 1717 2941 1789 μίμησιν
2991 1716 3216 1770 εύκολον
3262 1714 3324 1769 οὐ
3372 1716 3533 1785 μόνον
3564 1714 3646 1785 τῷ

371 1806 641 1864 duntaxat
668 1808 887 1864 vinculo
914 1815 1195 1875 sanantes,
1232 1823 1419 1863 verum
1441 1809 1603 1863 etiam
1644 1810 1952 1878 patrimonii

2064 1810 2394 1880 καταδέσμῳ
2425 1809 2533 1863 τῶν
2567 1806 2863 1877 ἐπιτιμίων
2898 1806 3211 1875 ἐξιώμενοι,
3247 1803 3389 1861 ἀλλὰ
3416 1802 3514 1857 καὶ
3543 1803 3642 1872 τῆς

377 1914 543 1971 pr0pe
574 1901 739 1956 totius
784 1901 1149 1970 ademptione,
1179 1899 1320 1969 quod
1362 1900 1630 1955 homicida
1666 1902 1902 1971 possidet
1942 1918 1957 1966 ;

373 1989 509 2060 ipsis
546 1991 763 2060 quidem
805 1990 1110 2054 homicidia,
1158 1994 1223 2047 de
1249 1990 1420 2046 salute
1448 1991 1756 2062 reipublicae
1807 2007 1958 2059 vero,

375 2094 444 2136 ne
470 2081 594 2150 quis
617 2081 781 2137 simili
804 2083 1038 2151 quodam
1057 2081 1272 2138 fervore
1295 2083 1556 2153 rapiatur,
1590 2081 1707 2137 utili
1735 2082 1960 2138 consilio

374 2170 808 2240 prospicientes,
865 2179 925 2225 ut
968 2181 1198 2241 utraque
1248 2171 1456 2226 ratione
1510 2182 1618 2227 tum
1652 2172 1737 2241 jus
1784 2172 1958 2240 ipsum

376 2257 583 2342 salvum
609 2256 700 2325 sit,
725 2268 838 2314 tum
853 2260 1201 2316 ecclesiarum
1219 2262 1476 2316 eximium
1506 2277 1834 2333 sacrumque
1851 2263 1961 2331 pri-

372 2348 627 2422 vilegium
670 2361 1051 2414 conservetur.
1088 2353 1356 2423 adeoque,
1394 2353 1733 2409 cautionibus
1778 2353 1959 2409 ambo-

376 2456 521 2508 rum,
545 2442 865 2499 imitationis
902 2443 1204 2514 frequentia
1242 2455 1581 2500 coerceatur.

450 2651 503 2704 l.
523 2649 674 2718 Quod
724 2652 888 2720 igitur
917 2652 1109 2708 attinet
1135 2651 1259 2707 vitae
1286 2654 1577 2719 rationem,
1604 2668 1763 2722 quam
1798 2667 1957 2724 agere

376 2738 647 2794 homicida
694 2741 873 2808 debet,
911 2741 982 2794 ita
1026 2740 1266 2795 ordinari
1303 2741 1416 2795 ιιωο
1446 2740 1719 2808 iubemus,
1747 2741 1825 2796 uti
1867 2758 1957 2797 ca-

376 2845 547 2886 nones
578 2841 832 2887 accurate
860 2840 1131 2886 statuunt.
1163 2829 1275 2886 Nos
1308 2842 1487 2887 autem
1523 2834 1623 2887 hac
1657 2848 1780 2889 eum
1829 2849 1957 2890 con-

376 2921 661 2979 stitutione
677 2930 936 2992 perpetuo
947 2922 1263 2978 damnatum
1281 2924 1476 2981 exsilio
1492 2925 1739 2993 pellimus
1755 2942 1819 2982 co
1841 2926 1959 2983 loco

376 3027 485 3080 quo
523 3012 809 3080 piacularis
849 3012 991 3067 illius
1020 3014 1182 3070 cmdis
1235 3014 1442 3071 facinus
1480 3017 1775 3072 admissum
1815 3016 1953 3073 fuit:

2068 1900 2378 1973 προσούσης
2413 1900 2491 1969 τῷ
2541 1902 2771 1969 φονευτῇ
2807 1900 3125 1967 περιουσίας
3167 1894 3365 1967 μικροῦ
3404 1895 3515 1948 δεῖν
3552 1895 3642 1947 ἐκ·

2066 1991 2272 2043 πτώσει
2305 2007 2319 2021 ο
2354 1990 2469 2051 τοῖς
2504 1988 2604 2058 μὲν
2645 1987 2992 2057 ἀνδροφόνοις
3025 1986 3205 2046 αὐτοῖς
3235 1983 3533 2053 σωτηρίαν,
3566 1983 3641 2053 τῷ

2062 2086 2224 2156 κοινῷ
2267 2086 2323 2138 δὲ
2352 2085 2453 2154 τῆς
2494 2084 2768 2146 πολιτείας
2807 2081 2867 2134 τὸ
2900 2080 2975 2152 μὴ
3015 2080 3152 2150 πρὸς
3173 2080 3263 2133 τὸν
3287 2079 3471 2148 ὅμοιόν
3522 2096 3644 2133 τινα

2063 2177 2223 2247 ζῆλον
2255 2175 2431 2230 ἐλθεῖν
2466 2176 2609 2231 κατὰ
2653 2175 2715 2227 τὸ
2762 2171 3039 2235 λυσιτελὲς
3069 2170 3533 2241 προμηθούμενοι,
3570 2169 3646 2233 ὡς

2060 2268 2126 2322 ἂν
2156 2268 2222 2321 δι’
2244 2268 2571 2338 ἀμφοτέρων
2602 2268 2698 2320 καὶ
2728 2265 2786 2319 τὸ
2807 2264 3015 2317 δίκαιον
3052 2262 3293 2333 σώζηται
3317 2263 3412 2315 καὶ
3446 2262 3507 2314 τὸ
3536 2260 3643 2315 τῶν

2060 2359 2366 2431 ἐκκλησιῶν
2397 2359 2539 2429 μέγα
2563 2360 2654 2411 καὶ
2677 2357 2820 2410 θεῖον
2849 2354 3182 2425 συντηρῆται
3203 2354 3518 2424 προνόμιον,
3546 2353 3641 2406 καὶ

2059 2450 2120 2504 τὸ
2155 2451 2288 2505 πολὺ
2346 2452 2444 2521 τῆς
2500 2450 2790 2522 μιμήσεως
2839 2445 3232 2518 ἀναστέλληται
3275 2448 3391 2511 ταῖς
3438 2444 3645 2499 τούτων

2061 2544 2412 2613 ἀσφαλείαις.

2130 2665 2199 2713 α’.
2276 2658 2357 2712 Τά
2401 2657 2501 2728 μέν
2529 2657 2623 2711 οὖν
2664 2658 2791 2729 περὶ
2840 2657 2937 2726 τῆς
2974 2655 3068 2710 τοῦ
3121 2655 3327 2723 φονέως
3365 2653 3645 2722 διαγωγῆς

2059 2752 2154 2805 καὶ
2188 2751 2287 2821 τῆς
2319 2751 2490 2804 εἰσέτι
2523 2750 2787 2821 βιώσεως,
2816 2748 2997 2813 καθὼς
3032 2751 3065 2819 ἠ
3099 2746 3354 2818 κανονικὴ
3384 2745 3647 2817 ἀκρίϐεια

2057 2842 2323 2909 τυπώσει,
2359 2843 2678 2899 διοικεῖσθαι
2708 2840 3024 2913 κελεύομεν.
3074 2840 3361 2911 ’Δειφυγίᾳ
3389 2839 3447 2892 δέ
3478 2838 3647 2905 αὑτὸν

2059 2934 2147 2989 διὰ
2177 2934 2342 3003 τῆσδε
2373 2936 2474 3004 τῆς
2507 2933 2830 3002 νομοθεσίας
2852 2932 3290 3001 καταδικάζομεν
3320 2930 3416 2985 τοῦ
3448 2931 3643 2995 τόπου,

2059 3023 2164 3078 καθ
2182 3025 2195 3045 ’
2221 3024 2280 3077 ὃν
2311 3024 2534 3092 γέγονεν
2558 3026 2591 3095 ἡ
2619 3023 2974 3095 πλημμέλεια
3007 3022 3103 3076 τοῦ
3139 3020 3360 3091 φονικοῦ
3395 3023 3643 3091 μιάσμα-

376 3106 572 3177 partim
628 3114 688 3160 ut
735 3106 838 3160 hoe
893 3107 1085 3163 exsilio
1134 3107 1401 3174 puniatur
1454 3108 1501 3166 is
1547 3110 1641 3186 qui
1702 3110 1956 3182 deliquit,

2062 3130 2172 3179 τος,
2207 3114 2365 3168 τοῦτο
2388 3114 2488 3184 μὲν
2510 3114 2810 3185 κολαζούσῃ
2839 3114 2930 3168 τὸν
2953 3114 3369 3184 ἀμαρτήσαντα,
3396 3114 3556 3164 τοῦτο
3586 3110 3645 3164 δέ

374 3198 575 3277 partim
626 3206 684 3251 ut
725 3197 1009 3263 elliciatur,
1062 3212 1133 3253 ne
1189 3198 1440 3264 tristitiae,
1467 3213 1531 3254 ac
1554 3199 1755 3255 doloris
1782 3200 1961 3257 incre-

379 3297 624 3351 meutum
660 3290 825 3344 occisi
871 3289 1190 3361 propinquis
1235 3291 1466 3358 accidat,
1521 3292 1664 3361 quod
1706 3293 1961 3364 utrinque

377 3377 625 3443 tortassis
640 3379 786 3434 haud
804 3389 888 3435 est
909 3380 1119 3445 inutile,
1137 3396 1204 3437 ne
1220 3396 1453 3451 unquam
1467 3382 1580 3449 ejus
1602 3383 1817 3438 assiduo
1832 3398 1963 3439 conv

377 3478 588 3538 spectu,
620 3471 715 3540 qui
735 3471 975 3527 dolorem
994 3472 1192 3538 attulit,
1225 3481 1279 3530 et
1312 3474 1421 3529 vita
1472 3474 1708 3530 defuncti
1755 3490 1959 3531 memo-

378 3556 484 3626 ria,
512 3573 707 3632 sponte
733 3563 988 3618 concitati
1022 3563 1088 3617 ad
1114 3563 1375 3619 ultionem
1406 3567 1720 3631 necessarii,
1758 3568 1957 3621 malum

379 3655 525 3715 malo
557 3669 752 3711 sanare
781 3664 1065 3723 conentur,
1091 3664 1145 3709 et
1175 3670 1362 3712 casum
1392 3656 1959 3726 homicidiiduplicem

375 3746 603 3803 faciant.
648 3748 992 3820 Quapropter
1034 3749 1256 3805 omnino
1280 3750 1570 3806 damnatus
1603 3750 1752 3807 illinc
1781 3752 1961 3807 homi~~

379 3840 501 3896 cida
533 3849 856 3910 perpetuum
898 3839 1140 3907 exsulet,
1170 3854 1273 3894 nec
1294 3854 1530 3910 unquam
1566 3842 1685 3896 istic
1716 3852 1958 3908 vagetur,

380 3943 479 3989 aut
509 3932 562 3988 in
594 3946 657 3986 ea
692 3942 834 3987 terra
866 3932 1206 3987 domicilium
1250 3933 1470 3996 habeat,
1512 3947 1631 4001 qua:
1670 3934 1784 3988 oris
1822 3935 1960 4005 rictu

382 4024 603 4083 diducto
655 4024 839 4078 fratris
877 4023 1079 4091 injuste
1130 4023 1307 4077 necati
1363 4024 1678 4099 sanguinem
1726 4025 1959 4095 excepit.

374 4101 560 4184 'Atque
593 4115 734 4170 hanc
767 4116 902 4170 adeo
927 4116 1155 4183 primam
1180 4114 1472 4169 secundum
1506 4115 1652 4170 illam
1703 4116 1959 4171 ecclesia-

380 4210 571 4267 sticam
601 4221 887 4263 censuram
926 4205 1427 4262 condemnationem
1452 4206 1606 4261 ferat.

2067 3204 2141 3277 μὴ
2196 3204 2418 3260 πλείονα
2459 3205 2557 3276 τῆς
2607 3206 2760 3269 ἀνίας
2798 3204 3017 3259 καὶτοῦ
3063 3204 3380 3274 ἀλγήματος
3413 3201 3642 3270 αὗξησιν

2063 3300 2174 3362 τοῖς
2205 3296 2283 3366 τῷ
2333 3298 2726 3367 πεφονευμένῳ
2779 3297 3099 3367 διαφέρουσι
3154 3292 3635 3365 κατεργαζομένησ

2065 3387 2195 3452 ἴσως
2229 3388 2284 3442 δὲ
2317 3390 2411 3443 καὶ
2445 3387 2771 3459 ἀμφοτέρων
2813 3387 2914 3442 οὐκ
2944 3385 3297 3457 ἀσυμφόρως,
3337 3383 3413 3447 ὡς
3461 3382 3529 3437 ἂν
3565 3381 3642 3451 μή

2067 3496 2197 3533 ποτε
2251 3480 2346 3533 τοῦ
2394 3479 2763 3549 λελυπηκότος
2816 3479 3032 3548 συνεχεῖ
3080 3478 3269 3547 ὁράσει
3320 3476 3413 3529 καὶ
3455 3476 3522 3544 τῇ
3545 3472 3643 3526 τοῦ

2063 3570 2609 3640 προαποϐεϐιωκότος
2660 3573 2845 3641 μνήμῃ
2891 3571 2970 3632 είς
3007 3568 3332 3639 αὐθαίρετον
3364 3566 3645 3635 ἐκδίκησιν

2062 3664 2111 3714 oi
2160 3662 2530 3732 προσήκοντες
2562 3661 2713 3731 αύτῷ
2742 3660 3169 3732 παρορμὼμενοι
3206 3658 3362 3729 κακῷ
3388 3659 3449 3711 τὸ
3471 3657 3643 3710 κακὸν

2063 3751 2383 3817 ἐξιάσασθαι
2435 3750 2764 3821 πειραθῶσι,
2810 3750 2901 3804 καὶ
2933 3748 3154 3804 διπλοῦν
3200 3749 3543 3819 ἐργάσωνται
3581 3744 3646 3798 τὸ

2064 3846 2265 3914 πτῶμα
2317 3846 2416 3914 τῆς
2472 3843 2802 3913 μιαιφονίας.
2864 3843 3046 3895 Ἔστω
3082 3840 3182 3911 μὲν
3239 3836 3333 3894 οὖν
3380 3838 3643 3908 ἀειφυγίᾳ

2066 3938 2283 3999 πάντως
2315 3937 2343 3987 ὁ
2382 3937 2574 4005 φονεὺς
2608 3934 2815 3988 ἐκεῖθεν
2844 3933 3362 4003 καταδικαζόμενος,
3406 3932 3501 3984 καὶ
3533 3947 3640 4000 μη-

2064 4027 2257 4080 δέποτε
2294 4028 2628 4097 περινοστῶν
2664 4028 2781 4080 ἐκεῖ
2814 4027 2909 4080 καὶ
2939 4025 3294 4095 αὐλιζόμενος
3339 4025 3397 4076 ἐν
3445 4023 3510 4091 τῇ
3543 4022 3638 4091 γῇ,

2067 4119 2101 4188 ἢ
2131 4118 2292 4189 ἐχανε
2333 4118 2394 4171 τὸ
2428 4117 2520 4171 τοῦ
2556 4119 2757 4183 ἀδίκως
2782 4117 3157 4188 ἀναιρεθέντος
3187 4113 3417 4182 ἀδελφοῦ
3445 4110 3641 4164 ὐποδέ-

2068 4209 2262 4274 ξασθαι
2294 4205 2457 4280 αἷμα.
2494 4211 2603 4264 Καὶ
2637 4210 2799 4263 τοῦτο
2828 4210 3046 4280 πρῶτον
3099 4209 3239 4278 μετά
3286 4205 3385 4276 τὴν
3438 4202 3642 4273 ἐκκλη-

2069 4304 2353 4375 σιαστικὴν
2381 4304 2699 4373 ἐπιτίμησιν
2733 4304 2794 4358 τὸ
2822 4303 3138 4371 κατάκριμα
3166 4298 3428 4370 δεχέσθω.

378 4454 383 4459 .
449 4407 507 4463 2.
532 4406 799 4464 Praeterea
833 4422 962 4462 vero
1002 4405 1313 4461 facultatum
1357 4418 1580 4459 suarum
1614 4404 1958 4463 amissionem

2140 4414 2206 4484 β’.
2285 4415 2426 4484 Πρὸς
2450 4413 2624 4484 τούτῳ
2680 4413 2736 4466 δὲ
2792 4412 2888 4466 καὶ
2935 4412 3039 4481 τῆς
3089 4411 3300 4473 οἰκείας
3369 4404 3645 4462 ἔκπτωσιν

380 4502 667 4565 sustineat,
690 4517 813 4571 quae
861 4510 1042 4554 tamen
1079 4498 1209 4553 ﬁsco
1234 4512 1338 4552 non
1375 4496 1712 4552 addicentur.
1744 4494 1879 4551 Nam
1912 4496 1958 4549 si

2069 4472 2763 4577 etp-tatdcfiuwvmptouoiag,
2795 4504 2858 4557 οὐ
2901 4502 2978 4575 τῷ
2994 4472 3247 4573 δημοσίῳ
3294 4516 3641 4570 προσκυρου-

385 4607 523 4648 uxor
545 4593 616 4647 sit
644 4592 952 4654 homicidm,
972 4606 1076 4676 non
1107 4590 1283 4645 dotem
1315 4588 1403 4643 illa
1430 4587 1634 4654 solum,
1651 4602 1773 4642 cum
1798 4589 1958 4642 rebus

2071 4603 2257 4673 μένης.
2303 4602 2364 4653 Ei
2399 4600 2509 4669 γὰρ
2550 4598 2743 4651 ὕπεστι
2790 4596 3007 4669 γαμετὴ
3039 4596 3117 4665 τῷ
3151 4596 3407 4664 φονευτῇ,
3450 4592 3553 4662 τήν
3584 4608 3644 4644 τε

382 4686 496 4742 suis
543 4685 818 4747 omnibus,
880 4681 1126 4747 auferet;
1176 4695 1362 4736 verum
1391 4680 1553 4735 etiam
1613 4679 1956 4733 donationem

2066 4698 2269 4765 προῖκα
2315 4694 2396 4746 δεῖ
2435 4691 2527 4745 καὶ
2555 4691 2624 4745 τὰ
2652 4693 2829 4744 οἰκεῖα
2857 4691 3035 4744 πάντα
3071 4688 3390 4759 κομίζεσθαι
3417 4686 3644 4755 ταύτην,

384 4785 606 4845 propter
635 4776 875 4841 nuptias.
918 4773 1073 4839 Quod
1125 4774 1170 4828 si
1215 4774 1547 4828 theoretrum
1581 4786 1800 4841 quoque
1830 4785 1958 4839 pro-

2066 4788 2160 4840 καὶ
2184 4786 2267 4839 ἔτι
2296 4784 2395 4855 τὴν
2427 4783 2535 4855 πρὸ
2567 4780 2659 4836 τοῦ
2709 4782 2890 4850 γάμου
2921 4781 3131 4851 δωρεάν
3155 4795 3169 4808 ·
3202 4782 3250 4831 εἰ
3282 4778 3419 4849 τύχῃ
3450 4777 3507 4830 δὲ
3551 4778 3648 4830 καὶ

385 4870 612 4923 missum
641 4867 692 4923 ei
725 4866 864 4923 forte
892 4865 1054 4925 fuerit
1084 4904 1097 4929 ,
1124 4865 1337 4921 aliudve
1366 4864 1657 4934 quiddam,
1688 4864 1851 4918 etiam
1891 4863 1958 4918 il-

2066 4873 2368 4946 θεώρετρον
2393 4872 2753 4942 ὑποσχεθείσα
2780 4871 2812 4940 ἢ
2843 4872 2971 4925 ἄλλο
2994 4885 3064 4934 τι,
3092 4867 3187 4920 καὶ
3213 4866 3405 4919 τούτου
3429 4863 3644 4925 πάντως

384 4961 488 5015 lius
510 4960 733 5014 om’nino
759 4958 1221 5025 recuperationem
1254 4968 1311 5012 et
1332 4957 1714 5026 pr0prietatem
1738 4956 1958 5015 habeat.

2062 4969 2207 5039 ἔχειν
2239 4968 2338 5037 τὴν
2379 4965 2669 5035 ἀνάληψιν,
2710 4964 2804 5017 καὶ
2833 4964 2933 5033 τὴν
2981 4962 3303 5032 κυριότητα,
3336 4958 3539 5011 παίδων
3569 4956 3644 5025 μὴ

389 5054 437 5108 si
479 5051 640 5107 liberi
675 5051 803 5105 nulli
829 5060 1064 5104 exstent.
1099 5047 1170 5104 lis
1197 5064 1323 5104 vero
1347 5048 1708 5107 exstantibus,
1745 5049 1958 5116 nuptia-

2062 5061 2327 5115 ὑπόντων.
2384 5060 2445 5112 Ei
2490 5058 2547 5112 δὲ
2577 5058 2764 5110 ὕπεισι
2819 5055 3030 5120 παῖδες,
3080 5055 3179 5124 τῆς
3240 5054 3487 5124 χρήσεως
3534 5048 3646 5101 τῶν

380 5145 529 5215 lium.
550 5143 823 5196 lucrorum
851 5140 1246 5196 usutnlructum
1270 5141 1551 5210 percipiat.
1576 5140 1880 5194 observatis
1909 5140 1958 5194 in

2066 5154 2320 5224 γαμικῶν
2369 5151 2579 5222 κερδῶν
2622 5148 2917 5203 ἀπολαύειν
2963 5145 3135 5216 αὐτὴν
3185 5143 3375 5198 πασῶν
3416 5141 3523 5193 τῶν
3556 5140 3653 5191 ἐπὶ

384 5238 487 5292 hoc
515 5235 767 5291 omnibus
812 5235 986 5302 legum
1015 5232 1379 5301 praescriptis:
1402 5246 1527 5286 cum
1553 5232 1766 5287 interim
1808 5230 1958 5286 liberi

2064 5247 2277 5309 τούτοις
2301 5243 2538 5315 νομικῶν
2572 5242 3012 5313 παρατηρήσεων
3039 5234 3512 5307 συντηρουμένων⁹
3539 5229 3650 5283 τῶν

385 5329 714 5395 reliquorum
753 5335 1100 5394 paternorum
1126 5324 1394 5379 bonorum
1434 5323 1485 5378 in
1514 5324 1762 5379 trientem
1795 5323 1958 5378 haere-

2068 5340 2126 5391 δὲ
2162 5338 2367 5391 παίδων
2395 5339 2458 5389 ἐκ
2497 5336 2595 5406 τῆς
2651 5334 2818 5402 ἄλλης
2872 5329 3134 5401 πατρῴας
3196 5326 3513 5397 περιουσίας
3572 5322 3656 5392 τῷ

385 5425 481 5475 dcs
509 5422 640 5475 sint.
665 5420 755 5476 .Ac
784 5419 828 5472 si
865 5417 1085 5488 quidem
1127 5416 1393 5470 homicida
1424 5423 1569 5470 motu
1615 5414 1852 5485 preprio,
1885 5414 1970 5468 vel
2073 5428 2238 5497 τρίτη,
2274 5422 2804 5495 κληροδοτουμένων,
2839 5420 2950 5474 Καὶ
2979 5419 3028 5471 εί
3062 5417 3161 5488 μὲν
3183 5418 3212 5470 ὁ
3242 5416 3436 5485 φονεὺς
3471 5414 3652 5482 οἰκείᾳ

382 5532 561 5586 ipsum
588 5519 642 5572 in
659 5518 800 5573 viam
833 5516 1202 5571 revocantium
1236 5512 1465 5568 consilio
1491 5521 1545 5567 et
1563 5511 1958 5581 approbatione,

2068 5516 2376 5588 -προθέσειῆ
2401 5518 2465 5587 τῇ
2492 5515 2601 5567 τῶν
2627 5512 3017 5577 κανονιζόντων
3042 5511 3205 5564 αὑτὸν
3228 5505 3537 5577 συμϐουλίᾳ
3557 5504 3652 5557 καὶ

385 5611 681 5665 commisso
733 5611 895 5679 prius
936 5610 1142 5664 scelere
1186 5607 1455 5678 deposito,
1500 5606 1856 5660 monasticam
1899 5604 1958 5658 ad

2072 5608 2367 5678 δοκιμασίᾳ
2416 5605 2553 5676 πρὸς
2603 5605 2694 5658 τὸν
2750 5603 3060 5674 μοναχικδν,
3111 5602 3174 5655 τὸ
3219 5600 3485 5671 πρότερον
3514 5598 3657 5649 ἁπο-

391 5700 553 5752 vitam
593 5702 900 5767 transierit,
935 5702 1149 5757 tertiam
1179 5700 1441 5755 bonorum
1467 5699 1583 5767 ejus
1614 5706 1820 5766 partem
1854 5713 1958 5750 mo-

2076 5695 2472 5764 σκευαζόμενος
2520 5692 2706 5763 μῦσος,
2746 5691 2992 5761 μετέλθοι
3075 5688 3207 5759 βίον,
3250 5685 3548 5756 λαμϐάνειν
3591 5682 3657 5735 τὸ

393 5790 689 5849 uester-ium
722 5795 971 5859 accipiet.
1012 5795 1229 5859 reliquo
1262 5794 1457 5850 triente
1491 5791 1644 5848 uxori
1684 5799 1739 5846 et
1774 5789 1958 5847 liberis

2077 5787 2436 5858 μοναστήριον
2469 5785 2530 5839 τὸ
2562 5783 2742 5856 τρίτον
2788 5782 2952 5854 μέρος
2985 5782 3083 5853 τῆς
3115 5779 3280 5836 αὐτοῦ
3312 5774 3656 5854 περιουσίας,
