4050 6422
413 305 521 368 599

1341 398 1348 408 ι
1414 326 1922 394 CONSTANTINI
1950 336 2626 408 PORPHYROGENITI

3564 366 3678 431 θοι)

401 419 603 475 tatibus
632 419 993 492 obsequiosus
1035 427 1154 496 fuit,
1192 433 1274 489 his
1303 452 1517 506 nempe,
1575 443 1618 496 si
1676 449 1795 512 quis
1857 448 1964 502 inte

401 519 576 549 elmne
621 521 870 549 mnu-nm
906 516 1064 549 tum.“
1151 523 1408 549 ι.,...,.....---
1452 531 1585 549 Lg,“
1619 533 1672 549 μ.
1718 544 1728 549 -
1868 546 1877 549 -

2100 454 2157 505 ἐν
2180 456 2437 525 ἐσχάταις
2460 455 2528 529 ἦν
2558 462 2886 533 ὑπηρεσίαις
2909 469 3247 542 ἐναρίθμιος,
3271 474 3356 529 ὁτι
3378 476 3443 549 δὴ
3463 478 3674 546 τούτοις

399 519 576 564 Status
621 521 872 570 mortuus
906 516 1087 586 fuerit,
1151 523 1412 581 bonorum
1450 531 1822 590 haereditatem
1865 546 1988 591 tan-

398 615 560 667 quam
608 605 838 660 multum
899 610 967 665 de
1023 611 1114 667 illo
1145 617 1281 672 bene
1331 621 1541 676 meritis
1597 626 1980 694 attribuerim,

408 689 518 740 Deo
545 700 727 746 autem
767 697 1013 752 omnium
1055 701 1301 760 Creatori
1341 716 1396 762 et
1446 711 1582 780 regi,
1613 727 1771 783 aquo
1808 719 1985 776 oritur

398 779 662 848 quidquid
695 786 881 852 optimi
908 788 1050 844 inter
1076 793 1323 852 homines
1351 809 1457 863 est,
1492 779 1582 870 qui
1619 779 1776 860 nobis
1799 812 1983 865 omnia

398 865 628 935 largitus
656 883 761 938 est,
794 875 866 929 ita
901 889 981 944 ut,
1015 883 1160 948 quod
1207 887 1430 942 omnino
1470 902 1705 949 mentem
1737 910 1978 968 superat,

395 959 703 1018 cohaeredes
731 965 955 1029 Christi.
982 980 1037 1026 et
1075 973 1243 1040 ipsius
1295 978 1539 1038 haeredes
1577 999 1677 1054 per
1705 959 1977 1046 Christum

395 1063 493 1103 nos
545 1051 857 1120 instituerit,
924 1074 993 1114 ne
1026 1064 1304 1121 minimam
1335 1070 1556 1138 quidem
1578 1051 1803 1145 paruam
1851 1096 1980 1135 con-

394 1139 631 1208 tulerint,
668 1152 922 1215 tanquam
964 1154 1308 1214 exheredem
1349 1162 1496 1217 illum
1525 1181 1622 1234 per
1649 1170 1976 1227 oblivionem

393 1240 726 1289 amoventes.
784 1237 889 1295 Sed
935 1240 1184 1301 homines
1236 1251 1480 1318 quidem,
1537 1255 1581 1310 si
1634 1270 1850 1326 oportet
1883 1277 1978 1319 eos

391 1321 480 1387 qui
509 1335 665 1378 suum
705 1326 995 1388 Factorem
1035 1351 1140 1390 non
1170 1354 1492 1399 reverentur
1516 1346 1588 1401 ita
1641 1364 1860 1416 vocare,
1912 1354 1976 1409 de

391 1412 475 1468 his
503 1414 631 1470 talia
651 1418 959 1482 decrevisse
980 1426 1024 1482 si
1044 1429 1270 1487 stultum
1299 1445 1353 1491 et
1375 1436 1639 1508 insipiens
1662 1453 1766 1509 est,
1788 1460 1973 1499 verum

390 1522 496 1561 non
537 1522 859 1570 extraneum
887 1529 944 1572 et
975 1519 1312 1589 inopinatum
1347 1528 1449 1582 erit
1488 1532 1656 1587 semel
1707 1535 1774 1588 ab
1800 1534 1975 1592 oliicio

388 1599 705 1658 aberrantes
735 1608 803 1661 ad
851 1622 1273 1682 cunsequentem
1319 1619 1586 1688 principio
1619 1625 1823 1678 exitum
1852 1641 1975 1693 pro-

388 1702 600 1754 perare.
639 1691 898 1752 Homines
933 1709 1137 1764 autem,
1186 1706 1386 1773 quibus
1436 1709 1486 1762 in
1520 1712 1677 1766 ccelis
1728 1723 1811 1769 est
1844 1731 1972 1770 con-

388 1783 619 1836 versatio
670 1783 750 1855 (ut
797 1787 931 1843 dicit
959 1791 1175 1847 divinus
1209 1794 1550 1870 Apostolus,)
1581 1812 1633 1856 et
1686 1805 1972 1863 hmreditas
2006 1789 2046 1844 Β

387 1873 673 1938 pollicetur
705 1879 968 1935 caelorum
1025 1898 1275 1956 regnum,
1322 1886 1524 1946 Christi
1564 1895 1748 1960 amici,
1785 1907 1837 1950 et
1867 1899 1974 1953 rra-

386 1972 518 2028 tres,
575 1974 630 2020 et
681 1975 734 2037 (0
797 1970 1011 2028 Domini
1069 1976 1423 2049 benignitatis
1485 1983 1969 2058 immensitatem!)

385 2055 702 2115 cohaeredes
725 2062 816 2129 qui
851 2064 961 2120 sint
989 2075 1045 2121 et
1085 2080 1347 2126 vocentur
1393 2074 1538 2145 digni
1585 2079 1779 2142 habiti,
1806 2097 1967 2149 quam

384 2144 688 2216 dementiae,
736 2165 1108 2228 quantamque
1168 2161 1392 2220 insaniae
1448 2177 1627 2222 nolam
1665 2172 1968 2240 incurrunt,

383 2235 426 2288 si
461 2248 732 2294 tantorum
760 2242 1024 2301 bonorum
1055 2251 1367 2321 participes,
1410 2259 1565 2326 quasi
1602 2261 1744 2315 nullo
1784 2262 1970 2318 fruen-

383 2336 484 2394 tes,
543 2330 689 2386 illum
753 2336 843 2404 qui
878 2352 977 2394 nos
1016 2341 1160 2397 inter
1196 2345 1391 2402 fratres
1420 2363 1744 2406 annumerat
1770 2367 1824 2408 et
1879 2371 1969 2410 co-

385 2417 625 2475 haeredcs
683 2423 873 2491 eﬂicit,
911 2443 1015 2483 non
1068 2433 1262 2490 minori
1293 2435 1346 2491 in
1392 2449 1547 2507 parte
1599 2446 1968 2502 successionis

380 2513 628 2580 cognatis
643 2517 944 2574 evenientis
961 2519 1076 2591 lege
1094 2526 1438 2585 decernimus
1454 2532 1792 2590 ethredem
1814 2538 1968 2592 tieri?

382 2599 534 2666 Quod
571 2615 652 2660 est
673 2607 970 2666 absurdum
999 2615 1214 2685 merito,
1248 2623 1536 2690 quemdam
1567 2639 1688 2680 esse
1717 2625 1770 2680 in
1795 2629 1967 2684 brutis

380 2693 545 2748 futuri
609 2711 826 2754 sensum
876 2711 929 2756 ct
969 2709 1389 2777 providentiam,
1434 2729 1532 2769 nos
1567 2731 1695 2770 vero
1754 2719 1963 2776 ratione

378 2798 602 2842 ornatos
643 2801 851 2848 tantum
896 2802 1150 2866 prsesenti
1177 2802 1301 2858 vita:
1331 2805 1646 2866 incumbere
1698 2823 1748 2868 et
1778 2817 1962 2870 adhre-

381 2892 520 2941 rere,
554 2890 611 2934 ut
646 2899 749 2938 non
776 2886 829 2939 in
857 2888 1050 2947 alienis
1081 2891 1158 2963 (id
1194 2908 1388 2968 nempe
1430 2900 1748 2960 facillimum
1782 2909 1962 2962 omni-

377 2969 477 3025 bus
507 2972 609 3039 est)
658 2976 822 3031 luturi
855 2992 1077 3047 parvam
1129 2983 1319 3040 saltem
1364 2989 1434 3043 ob
1471 3007 1568 3047 nos
1596 2995 1742 3063 ipsos
1765 3006 1818 3051 et
1869 3017 1962 3055 eos

375 3065 464 3128 qui
523 3065 801 3134 inopinate
861 3073 1169 3129 moriuntur
1215 3078 1477 3137 exhibere
1534 3088 1930 3154 providentiam

375 3153 490 3219 sed,
524 3164 582 3209 ut
605 3157 715 3222 jam
739 3160 996 3227 diximus,
1020 3168 1364 3233 przeterituro
1385 3185 1438 3228 et
1476 3153 1598 3232 mox
1629 3179 1957 3238 deStruendo

378 3245 488 3314 regi
524 3245 896 3305 lizereditatem
942 3256 1243 3323 assignare,
1284 3263 1333 3317 ei
1362 3275 1540 3322 autem
1574 3271 1662 3338 qui
1695 3281 1955 3329 aeternum

377 3347 586 3406 regnat,
640 3351 692 3394 et
726 3341 792 3397 ad
845 3360 1003 3413 quem
1037 3349 1182 3404 vadit
1222 3365 1468 3411 mortuus
1521 3361 1642 3415 vitae
1683 3368 1958 3423 terrestris

375 3432 641 3486 rationem
695 3437 1024 3509 redditurus,
1068 3445 1202 3500 nihil
1245 3446 1360 3515 ejus
1395 3450 1656 3507 bonorum
1689 3474 1717 3510 a
1783 3458 1958 3530 legum

378 3531 646 3589 potestate
679 3535 1018 3588 consecrari.

374 3619 471 3686 τῆς
499 3618 740 3688 ἐπιγείου
769 3621 926 3691 λόγον
954 3626 1165 3695 ὑφέξων
1189 3631 1356 3703 ζωῆς,
1401 3638 1567 3706 μηδὲν
1584 3641 1683 3712 τῆς
1717 3645 1881 3700 αὐτοῦ
1913 3667 1979 3702 πε

449 3709 504 3765 1.
542 3711 908 3798 Quamobrem
971 3735 1359 3794 congruentem
1396 3731 1539 3786 circa
1570 3736 1620 3788 id
1649 3739 1887 3808 regulam
1933 3759 1962 3796 a

375 3804 578 3860 nostris
611 3804 1051 3869 antecessoribus
1082 3818 1264 3872 nescio
1302 3837 1409 3889 quo
1441 3827 1600 3880 modo
1631 3830 1956 3898 neglectam,

377 3894 766 3953 instituendam
823 3903 1069 3960 arbitrati
1099 3924 1306 3976 sumus,
1343 3923 1400 3966 ut
1441 3894 1852 3984 praesenti—vita:
1907 3935 1960 3981 et

374 3986 606 4048 posteris
632 3987 836 4044 utilitas
877 3994 946 4046 ab
991 3995 1077 4050 illa
1127 3999 1458 4068 conferatur,
1482 4015 1536 4060 et
1572 4008 1640 4063 iis
1666 4011 1756 4079 qui
1790 4027 1820 4068 e
1871 4023 1960 4070 tu-

374 4076 548 4134 multu
577 4080 700 4134 vitae
734 4081 1102 4150 migraverunt
1135 4099 1424 4160 antequam
1457 4099 1522 4151 de
1572 4076 1957 4172 superstitibus

373 4167 536 4222 rebus
580 4180 636 4223 ut
696 4172 952 4230 voluntas
981 4193 1169 4234 eorum
1206 4183 1386 4240 tulerit
1431 4188 1826 4262 disposuerint,
1889 4199 1955 4254 iis

373 4256 542 4326 igitur
570 4273 904 4332 praeparetur
970 4269 1186 4336 requies
1242 4274 1308 4327 de
1350 4292 1452 4345 qua
1506 4256 1647 4336 inter
1705 4284 1951 4343 homines

372 4351 628 4420 degentes
689 4357 996 4426 audierant,
1032 4377 1130 4417 ceu
1184 4370 1453 4434 quoddam
1504 4381 1745 4430 tutamen
1805 4381 1954 4435 omni

372 4443 570 4498 civium
632 4449 879 4505 societati
929 4453 1136 4511 hancce
1181 4457 1348 4528 legem
1384 4472 1438 4517 et
1475 4479 1818 4525 communem
1883 4473 1958 4528 di-

374 4538 670 4594 rectionem
721 4552 1039 4614 statuentes,
1106 4564 1202 4619 per
1245 4567 1406 4622 quam
1448 4557 1814 4628 decernimus,
1873 4566 1957 4621 bis

370 4641 490 4694 qme
510 4632 578 4684 ab
608 4638 1049 4694 anteceSsoribus
1073 4643 1297 4706 nostris,
1343 4646 1411 4701 de
1445 4647 1761 4709 haereditate
1789 4656 1955 4712 bono-

372 4733 489 4770 rum
541 4733 730 4776 eorum
765 4725 854 4792 qui
897 4727 1137 4784 intestati
1171 4731 1545 4804 decesserunt,
1597 4748 1956 4812 praeceperint

369 4808 612 4866 immotis
662 4817 1008 4874 manentibus
1039 4861 1053 4884 ,
1107 4821 1239 4878 illud
1287 4827 1462 4881 solum
1504 4832 1648 4898 quod
1715 4838 1951 4894 nondum

368 4905 633 4960 hactenus
670 4923 697 4962 ιι
751 4909 868 4980 lege
914 4914 1225 4970 mandatum
1281 4922 1634 4988 cognovimus
1675 4923 1949 4993 iubentes,

366 4997 583 5051 tertiam
632 5004 997 5060 successionis
1047 5007 1323 5062 derelicta:
1351 5023 1560 5079 partem
1621 5017 1689 5071 ah
1742 5034 1808 5074 eo
1859 5022 1950 5090 qui

365 5087 574 5157 absque
630 5092 819 5148 ultima
852 5096 1133 5154 voluntate
1190 5103 1446 5179 decessit,
1483 5105 1597 5161 sive
1641 5087 1952 5181 assignetur

362 5184 640 5238 successio
681 5187 760 5240 Itis
813 5190 903 5258 qui
931 5192 997 5245 ab
1040 5193 1298 5248 intestato
1321 5197 1388 5250 ad
1422 5197 1791 5257 haereditatem
1855 5221 1949 5261 vo-

364 5284 581 5342 cantur,
620 5279 736 5331 sive
767 5280 1014 5349 cognatis
1048 5283 1362 5340 absentibus
1391 5290 1587 5345 aerario
1613 5292 1830 5360 publico
1856 5298 1952 5352 de-

362 5362 586 5429 feratur,
618 5367 830 5423 dualms
859 5373 1107 5439 partibus
1133 5375 1214 5428 vel
1239 5380 1485 5446 cognatis
1513 5381 1594 5437 vel
1619 5386 1814 5441 aerario
1844 5403 1949 5455 pu-

358 5455 502 5512 blico
553 5461 872 5526 reservatis,
900 5473 956 5517 ut
1004 5462 1265 5532 diximus,
1303 5472 1520 5526 tertiam
1577 5486 1788 5542 partem
1841 5479 1949 5536 Deo

364 5550 746 5606 universorum
805 5567 860 5608 et
914 5558 1023 5628 regi
1075 5561 1144 5614 ob
1197 5561 1368 5631 ipsius
1423 5567 1658 5621 animam
1707 5571 1943 5628 delnnmi

360 5639 548 5693 donari
581 5660 592 5696 :
626 5645 713 5698 cui
764 5648 978 5704 scilicet
1010 5652 1146 5720 parti
1178 5661 1625 5714 annnmerahitur
1652 5666 1945 5720 aestimatio

364 5745 646 5789 servorum
689 5739 782 5808 qui
827 5741 896 5798 de
943 5758 1094 5800 more
1152 5747 1523 5821 invenientur,
1563 5765 1616 5811 et
1647 5755 1736 5813 isti
1791 5759 1945 5816 liberi

2091 546 2376 602 ἀδιαθέτου
2411 553 2558 617 τινος
2586 556 3038 630 ,τελευτήσαντος
3068 564 3161 619 τὸν
3211 567 3412 640 κλῆρον
3429 546 3545 642 *τῆς
3573 587 3674 627 πε-

2092 641 2336 708 ριουσίας
2369 643 2447 708 ὡς
2476 647 2539 718 δή
2581 665 2636 700 τι.
2687 651 2830 719 μέγα
2862 663 3430 730 προσκεχαρισμένοις
3482 667 3672 737 ἐχαρί-

2089 745 2273 795 σαντο,
2303 733 2423 806 Θεῷ
2452 737 2511 791 δὲ
2537 737 2618 810 τῷ
2635 741 2857 798 πάντων
2881 746 3096 819 πλάστῃ
3143 751 3238 804 καὶ
3270 733 3672 828 βασιλεί,νπαρ⁵

2085 814 2146 873 οὗ
2186 827 2294 878 πᾶν
2347 828 2377 880 ὅ
2399 845 2452 882 τι
2489 831 2782 889 κάλλιστον
2810 837 2870 890 ὲν
2919 814 3366 915 ἁνθρῶποιςίτῷ
3388 849 3462 900 τὰ
3489 814 3670 904 πάντα

2085 909 2218 979 ἡμῖν
2235 914 2602 990 χαριζομένῳ,
2630 922 2770 976 ὥστε
2795 928 2911 992 καὶ,
2928 927 2958 980 ὃ
2987 909 3166 984 πάντα
3192 931 3317 986 νοῦν
3337 909 3665 1009 *ὑπεραίρεῃ

2093 1006 2574 1080 συγκληρονόμους
2599 1015 2862 1085 Χριστοῦ,
2900 1019 3274 1092 κληρονόμους
3303 1025 3348 1078 δ’
3384 1006 3563 1082 αὑτοῦ*
3583 1031 3671 1083 ἐν-

2086 1098 2386 1165 στήσασθαι
2439 1101 2528 1158 διὰ
2591 1103 2852 1174 Χριστοῦ,
2896 1110 3018 1163 οὐδὲ
3074 1112 3136 1166 τὸ
3181 1115 3473 1171 πολλοστὸν
3531 1121 3666 1188 γοῦν

2081 1189 2533 1261 ἀπονενεμήκασι
2567 1195 2758 1265 μέρος,
2797 1197 2988 1272 ὥσπερ
3046 1204 3359 1278 ἀπόκληρον
3409 1209 3571 1264 αὐτὸν
3599 1211 3668 1265 δι’

2081 1279 2477 1353 ἀμνημοσύνης
2527 1285 2816 1357 ἀφέμενοι.
2858 1290 3022 1346 Ἀλλὰ
3061 1293 3123 1346 τὸ
3161 1296 3261 1364 μὲν
3314 1298 3663 1368 ἀνθρώπους,

2080 1368 2135 1421 εἴ
2163 1387 2222 1436 γε
2251 1371 2333 1424 δεῖ
2364 1375 2492 1438 τοὺς
2549 1377 2623 1446 μὴ
2649 1377 2740 1430 τὸν
2764 1380 2974 1433 ἑαυτῶν
3009 1384 3395 1452 ὲπεγνωκότας
3427 1391 3663 1458 ποιητὴν

2079 1458 2238 1512 τοῦτο
2279 1461 2477 1527 εἰπεῖν,
2544 1467 2912 1535 περὶτούτων
2965 1471 3137 1536 οὕτως
3171 1474 3450 1542 ἐκθέσθαι,
3494 1482 3543 1533 εί
3571 1484 3667 1534 καὶ

2082 1553 2346 1620 μωμητὸν
2380 1555 2476 1608 καὶ
2505 1556 2814 1626 ἀλόγιστον,
2846 1562 2983 1618 ἀλλὰ
3007 1564 3195 1620 καινὸν
3213 1567 3369 1622 οὐδὲν
3401 1571 3510 1624 οὐδ’
3541 1573 3664 1626 ἀδό·

2078 1658 2263 1710 κητον,
2293 1643 2442 1711 ἅπαξ
2469 1648 2886 1718 ἀποσφαλέντας
2919 1655 3014 1709 τοῦ
3064 1658 3403 1730 καθήκοντος
3437 1663 3573 1732 πρὸς
3603 1664 3666 1718 τὸ

2077 1735 2141 1804 τῇ
2177 1734 2317 1807 ἀρχῇ
2341 1737 2638 1793 ἀκόλουθον
2677 1741 3031 1800 ἐπισπεύδειν
3066 1749 3377 1821 κατάλυμα.
3411 1753 3663 1823 Ἀνθρω-

2077 1839 2166 1877 ποι
2196 1825 2276 1891 δὲ,
2297 1822 2380 1891 οἷς
2402 1830 2550 1882 ἐστιν
2582 1831 2642 1885 ἐν
2671 1833 2922 1904 οὐρανοῖς
2955 1832 3010 1909 (ᾖ
3048 1848 3213 1910 φησιν
3241 1843 3270 1895 ὁ
3298 1842 3446 1907 θεῖος
3499 1822 3660 1898 Ἀπό-

2077 1916 2284 1981 στολος)
2311 1920 2369 1973 τδ
2417 1921 2721 1992 πολίτευμα
2777 1929 2874 1980 καὶ
2906 1928 3108 2001 κλῆρος
3162 1933 3196 1996 ὴ
3239 1933 3350 1987 τῶν
3406 1934 3653 2006 οὐρανῶν

2074 2009 2410 2079 ἐπήγγελται
2459 2014 2727 2085 βασιλεία,
2757 2019 2808 2071 οἱ
2839 2020 3079 2092 Χριστοῦ
3123 2023 3268 2093 φίλοι
3311 2026 3406 2080 καὶ
3441 2026 3658 2096 ἀδελφοὶ

2074 2101 2166 2153 καὶ
2183 2100 2249 2174 (ὣ
2264 2104 2537 2159 Δεσπότου
2557 2107 2970 2181 φιλανθρωπίας
2985 2114 3313 2189 ὑπερϐολῆς)
3328 2118 3660 2190 ,συγκληρο-

2073 2190 2228 2262 νόμοι
2283 2191 2423 2248 εἶναί
2450 2213 2508 2250 τε
2539 2199 2632 2252 καὶ
2671 2199 2980 2268 λογίζεσθαι
3036 2205 3356 2275 ἠξιωμένοι,
3381 2209 3505 2264 τίνα
3558 2211 3662 2281 μὲν

2070 2284 2278 2348 ἀνοίας.
2300 2288 2458 2341 ποίαν
2481 2289 2536 2342 δὲ
2569 2291 2791 2358 ἀλογίας
2821 2286 3131 2366 ὑπερϐολὴν
3176 2299 3580 2364 ὑπολείπονται,
3610 2304 3660 2358 ει

2070 2375 2340 2429 τοσούτων
2389 2383 2771 2450 τετυχηκότες,
2811 2383 2894 2449 ὡς
2957 2387 3170 2452 οὐδενὸς
3218 2392 3662 2458 ἀπολελαυκότες

2069 2465 2147 2534 τῷ
2173 2468 2252 2531 εἰς
2291 2469 2556 2537 ἀδελφοὺς
2591 2473 2736 2543 ἡμᾶς
2795 2477 3310 2548 ἀναγράψαντικαὶ
3346 2484 3658 2556 συγκληρο-

2070 2557 2268 2628 νόμους
2315 2561 2596 2616 τελέσαντι
2629 2565 2764 2636 μηδὲ
2788 2567 2885 2640 τὴν
2927 2570 3187 2625 ἐλάττονά
3228 2589 3292 2641 γε
3331 2577 3532 2646 μοῖραν
3556 2577 3659 2646 τῆς

2069 2651 2469 2724 προχωρούσης
2496 2660 2610 2720 τοῖς
2636 2661 2929 2728 συγγενέσι
2956 2663 3385 2736 νομοθετοίημεν
3409 2668 3626 2739 ἀποκλη

2071 2744 2230 2812 ροῦν;
2252 2749 2328 2810 ὼς
2352 2747 2506 2803 ἐστιν
2534 2751 2735 2806 ἄτοπον
2759 2756 3039 2822 ἐπιεικῶς,
3066 2753 3209 2812 εἶναι
3237 2761 3337 2829 μέν
3357 2778 3480 2815 τινα
3499 2764 3658 2832 παρὰ

2066 2836 2280 2905 ἀλόγοις
2311 2839 2405 2894 τοῦ
2428 2841 2718 2911 μέλλοντος
2734 2844 2990 2917 αἴσθησίν
3007 2866 3066 2902 τε
3093 2851 3186 2904 καὶ
3208 2851 3486 2922 πρόνοιαν,
3503 2855 3658 2924 ἡμᾶς

2065 2925 2122 2978 δὲ
2153 2926 2297 2998 λόγῳ
2335 2933 2736 3004 τετιμημένους
2761 2937 3017 2993 τοσοῦτον
3051 2944 3118 3012 τῇ
3143 2943 3393 3015 παρούσῃ
3428 2961 3656 3014 προστε-

2065 3018 2292 3085 τηκέναι
2327 3024 2421 3074 καὶ
2448 3025 2838 3095 προσηλῶσθαι
2870 3025 3005 3100 ζωῇ,
3025 3031 3100 3096 ὼς
3133 3035 3259 3103 μηδ’
3285 3035 3341 3086 ὲν
3365 3037 3475 3099 τοῖς
3497 3036 3657 3091 ἀλλοο

1941 3135 1954 3155 ι
1989 3134 2029 3191 C
2063 3105 2238 3175 τρίοις
2285 3109 2467 3178 (τοῦτο
2505 3112 2571 3182 δὴ
2619 3115 2680 3167 τὸ
2732 3118 2929 3186 ῥᾷστον
2969 3120 3166 3194 ἅπασι)
3222 3124 3318 3176 τοῦ
3366 3125 3654 3194 μέλλοντος

2063 3198 2268 3267 μικρὰν
2292 3201 2424 3268 γοῦν
2453 3204 2592 3276 ὑπέρ
2623 3223 2682 3258 τε
2714 3209 2872 3278 ἡμῶν
2895 3210 3076 3267 αὐτῶν
3105 3215 3200 3267 καὶ
3233 3215 3340 3268 τῶν
3361 3219 3652 3271 ἀνεπισκέ-

2060 3304 2208 3351 πτως
2238 3292 2617 3349 τελευτώντωλ
2642 3299 3018 3368 ἐπιδείξασθαι
3050 3305 3330 3374 πρόνοιαν,
3360 3307 3476 3360 ἀλλ’
3508 3307 3534 3360 ὃ
3553 3310 3649 3361 καὶ

2059 3381 2347 3450 εἰρηκότες
2384 3385 2656 3458 ἔφθημεν,
2697 3391 3224 3466 ἀπολειφθησομένῳ
3254 3397 3353 3466 μὲν
3400 3399 3495 3452 καὶ
3527 3399 3653 3452 ὅσον

2059 3470 2212 3524 οὔπω
2244 3474 2650 3552 φθαρησομένῳ
2680 3482 2892 3552 βασιλεῖ
2922 3487 3457 3558 καταλιμπάνεσθαι,
3494 3491 3573 3562 τῷ
3604 3493 3652 3545 δ’

2060 3565 2296 3630 αἱωνίως
2324 3567 2666 3637 βασιλεύοντι
2694 3576 2790 3628 καὶ
2820 3576 2957 3647 πρὸς
2972 3577 3030 3631 ὃν
3082 3580 3304 3636 ἄπεισιν
3326 3585 3355 3637 ό
3376 3583 3652 3640 τελευτῶν

1986 3657 2237 3720 ριουτίας
2270 3662 2333 3714 ἐκ
2361 3665 2591 3735 νομικῆς
2614 3668 2974 3736 ἀφοσιοῦσθαι
3009 3675 3354 3746 κυριότητος.

2139 3757 2208 3804 α’.
2238 3754 2338 3807 Διὰ
2374 3755 2548 3810 ταῦτα
2575 3758 2640 3827 δὴ
2663 3759 2754 3812 τὸν
2790 3762 2918 3832 περὶ
2947 3763 3139 3818 τούτου
3177 3768 3525 3837 προσήκοντα
3558 3771 3653 3825 τύ-

2065 3859 2166 3894 πον
2222 3845 2334 3908 τοῖς
2385 3847 2492 3918 πρὸ
2523 3849 2681 3918 ἡμῶν
2725 3853 2826 3906 οὐκ
2854 3848 2952 3908 οἷδ’
2999 3856 3148 3920 ὅπως
3199 3862 3651 3931 παρεωραμένον,

2062 3935 2463 4005 εἰσηγήσασθαί
2511 3957 2569 3992 τε
2601 3941 2762 3996 αὐτὸν
2791 3946 3129 4017 ἡγησάμεθα
3182 3948 3315 4014 δεῖν,
3357 3951 3454 4005 καὶ
3483 3954 3561 4024 τῷ
3588 3971 3651 4008 τε

2063 4026 2292 4094 παρόντι
2323 4028 2423 4100 βίῳ
2469 4032 2566 4085 καὶ
2624 4037 2738 4098 τοῖς
2792 4035 2984 4091 ἔπειτα
3013 4038 3201 4095 δοῦναι
3231 4040 3328 4113 τὴν
3359 4043 3418 4108 ἐξ
3478 4046 3647 4098 αὐτοῦ

2061 4109 2348 4178 ὠφέλειαν,
2391 4119 2486 4170 καὶ
2525 4123 2636 4184 τοῖς
2666 4122 2864 4193 ἁθρόον
2913 4125 3006 4178 τοῦ
3047 4127 3166 4196 βίου
3221 4131 3647 4200 μεθισταμένοις

2063 4202 2193 4272 πρίν
2221 4223 2271 4258 τι
2299 4209 2429 4279 περὶ
2451 4210 2561 4267 τῶν
2583 4215 2897 4283 προσόντων
2920 4218 3014 4271 καὶ
3040 4218 3164 4290 ὼςή
3193 4219 3449 4293 βούλησις
3465 4225 3646 4290 αὐτοῖς

2059 4293 2359 4362 διαθέσθαι,
2388 4301 2482 4353 καὶ
2510 4303 2724 4368 τούτοις
2775 4306 2841 4376 δὴ
2871 4308 2982 4378 ἄρα
3016 4309 3117 4380 τὴν
3145 4311 3222 4374 ὼς
3249 4313 3307 4366 ὲν
3337 4313 3646 4383 ἀνθρώποις

2059 4385 2303 4455 ἥκουσαν
2329 4391 2581 4461 ἐννοῆσαι
2607 4396 2959 4468 παραψυχὴν»
2983 4393 3097 4452 οἷόν
3123 4418 3246 4454 τινα
3269 4404 3542 4475 κηδεμόνα
3572 4407 3649 4478 τῷ

2061 4478 2225 4530 παντὶ
2257 4479 2613 4550 πολιτεύματι
2645 4484 2794 4539 τόνδε
2823 4487 2921 4539 τὸν
2973 4488 3139 4559 νόμον
3188 4492 3281 4545 καὶ
3311 4493 3489 4549 κοινὸν
3549 4495 3650 4564 ἑφ-

2062 4569 2318 4633 ιστῶντες
2334 4573 2653 4644 ἐπίτροπον,
2681 4576 2748 4630 δι’
2777 4572 2838 4633 οὗ
2875 4577 3229 4652 θεσπίζομεν,
3260 4584 3370 4637 τῶν
3400 4587 3500 4640 ὅσα
3535 4591 3650 4653 τοῖς

2059 4661 2165 4728 πρὸ
2209 4663 2362 4734 ἡμῶν
2393 4665 2487 4718 ἐπὶ
2542 4670 2609 4738 τῇ
2647 4667 2984 4743 κληρονομίᾳ
3044 4673 3146 4744 τῆς
3197 4675 3308 4729 τῶν
3340 4678 3646 4744 ἀδιαθέτως

2058 4753 2437 4811 τελευτώντων
2459 4757 2692 4830 ῶρισται
2722 4766 3044 4831 περιουσίας
3079 4768 3396 4824 ἀσαλεύτων
3444 4789 3647 4843 τηρου·

2060 4845 2477 4915 μένων,·τοῦτο
2537 4852 2700 4922 μόνον
2733 4857 2873 4928 ὅπερ
2902 4856 3058 4912 ούπω
3110 4861 3204 4913 καὶ
3235 4860 3330 4915 νῦν
3389 4861 3644 4932 ἔγνωμεν

2058 4937 2457 5011 θεσμοθετηθὲν
2499 4946 2852 5016 προσθέντες,
2881 4949 2943 5002 τὸ
2973 4949 3155 5019 τρίτον
3209 4952 3308 5022 τῆς
3337 4953 3644 5022 ἐπιλαγχα-

2057 5029 2256 5102 νούσης
2287 5034 2484 5106 μοίρας
2509 5037 2602 5090 τοῦ
2627 5039 2945 5106 τελευταίας
2979 5041 3290 5115 βουλήσεως
3317 5045 3643 5118 τετελευτη-

2055 5123 2212 5188 κότος
2237 5128 2429 5198 χωρὶς,
2455 5131 2614 5185 τοῦτο
2641 5133 2740 5202 μὲν
2767 5134 2868 5204 τῆς
2897 5137 3010 5200 τοῖς
3037 5120 3101 5202 ἐξ
3124 5136 3412 5192 ἀδιαθέτου
3441 5139 3642 5194 καλου-

2059 5215 2239 5281 μένοις
2271 5220 2352 5282 sic;
2383 5221 2753 5295 κληρονομίαν
2809 5229 3350 5301 προσποριζομένης,
3386 5231 3547 5285 τοῦτο
3583 5232 3641 5286 δὲ

2053 5307 2152 5375 τῆς
2176 5307 2254 5379 τῷ
2286 5309 2534 5384 δημοσίῳ
2581 5317 2862 5385 συγγενῶν
2901 5321 3002 5389 οὐχ
3029 5320 3280 5374 ὑπόντων
3320 5322 3635 5393 εἰσκομιζο-

2058 5399 2247 5467 μένης,
2274 5429 2341 5438 -—
2370 5403 2465 5455 τοῦ
2499 5404 2746 5476 διμοίρου
2784 5407 2815 5478 ἢ
2851 5411 2966 5472 τοῖς
2995 5411 3318 5479 συγγενέσιν
3365 5410 3397 5480 ἦ
3433 5411 3512 5480 τῷ
3545 5411 3641 5482 δη-

2056 5491 2230 5562 μοσίῳ
2262 5498 2601 5567 τηρουμένου
2630 5501 2703 5561 ὼς
2727 5499 2961 5571 ἔφημεν,
2990 5533 3061 5543 —-
3083 5503 3144 5556 τὸ
3169 5504 3354 5574 τρίτον
3384 5504 3465 5573 τῷ
3494 5504 3637 5557 πάν-

2054 5599 2163 5634 των
2215 5584 2338 5655 Θεῷ
2381 5587 2476 5640 καὶ
2529 5589 2741 5658 βασιλεῖ
2793 5592 2935 5663 ὑπὲρ
2969 5595 3068 5665 τῆς
3098 5596 3268 5650 αὑτοῦ
3323 5597 3420 5653 τοῦ
3451 5596 3642 5650 τελευ.

2055 5673 2258 5736 τῶντο;
2305 5678 2596 5748 δωρεῖσθαι
2657 5685 2867 5755 ψυχῆς·
2918 5687 3091 5759 τούτῳ
3146 5689 3347 5761 δηλαδὴ
3378 5690 3453 5760 τῷ
3477 5691 3636 5759 μέρει

2059 5768 2576 5843 συναριθμουμένης
2627 5777 2719 5830 καὶ
2747 5780 2841 5847 τῆς
2879 5779 2984 5833 τῶν
3016 5780 3090 5844 ὡς
3128 5783 3276 5844 εἰκὸς
3305 5781 3633 5854 εὑρισκομέ-
