2025 3209
120 179 170 212 ιοι

682 186 866 217 NOVELLE
884 188 1224 221 CONSTITUTIONES.

1704 194 1758 226 602

120 247 174 265 νων
182 237 298 264 οἰκετῶν
308 238 420 273 διατιμή
425 247 503 272 σεως,
513 239 559 266 καὶ
568 240 657 267 αὐτῶν
665 241 910 278 ἐλευθερουμένων.

965 246 1039 272 ﬁent.
1055 245 1113 273 Non
1131 247 1204 274 enim
1229 250 1354 274 sanctum
1370 252 1424 281 est,
1441 256 1530 283 neque
1549 257 1628 284 regta:
1645 253 1755 285 mentis,

120 283 160 313 Οὐ
175 283 230 319 γάρ
242 283 318 310 ὅσιον
327 283 388 310 οὐδὲ
409 283 554 320 βασιλικῆς
571 286 703 321 προνοίας
717 288 787 320 ,ἀλλ’
798 289 851 316 οὐδ’
863 290 910 317 ἀν-

121 329 264 365 θρωπίνης
279 328 373 361 ἁπλῶς
390 330 502 365 γνώμης
519 331 594 357 ἐστὶν
610 331 695 364 ἄξιον,
721 332 845 366 ἐλεεινῶς
864 334 911 361 τοῦ

120 373 282 404 ἑκϐιοῦντος
297 373 351 399 τῶν
366 373 544 408 ἀνθρωπίνων
568 375 766 410 ἁρπασθέντος,
789 377 856 412 μηδὲ
872 378 911 412 τῷ

118 419 165 444 τοῦ
194 418 327 444 δεσπότου
345 418 452 453 θανάτῳ
465 419 509 444 τὸν
533 420 580 454 τῆς
593 419 716 452 δουλείας
729 421 911 457 διαρραγῆναι

117 467 174 495 τοῖς
186 464 346 490 δουλωθεῐσι
365 465 459 498 ζυγὸν,
476 465 576 491 amen
595 466 643 500 τῆς
657 466 748 493 αὐτῶν
767 469 912 503 συμφορᾶς

119 512 165 537 καί
197 512 263 541 τοὺς
292 510 529 545 κληρονομοῦντας
559 512 701 545 συγγενεῖς
727 512 777 547 τὴν
805 514 912 541 taurini

118 555 272 590 θεραπείαν
299 555 440 590 ἐπιζητεῖν
457 556 503 581 καὶ
530 555 579 590 τὴν
604 555 744 591 βασιλείαν
758 557 797 593 τῷ
807 559 912 594 ταμείῳ

119 602 270 636 προσόδους
286 602 413 628 ἐπινοεῖν.
432 601 477 627 Διὸ
493 602 524 636 δὴ
540 601 622 628 πάλιν
639 602 912 639 ὲπαναλαμὸάνοντές

108 656 110 662 '
123 657 208 682 (ξιιμεν
218 656 225 663 ·
240 647 320 678 εἴτις
330 648 471 678 ἀδιάθετος
487 648 645 683 τελευτήσει
665 650 712 676 καὶ
735 650 836 677 παίδων
862 651 911 686 οὐχ

120 693 243 719 ύπόιτων
258 693 274 727 ἢ
288 693 311 718 ul
327 693 421 718 τούτου
439 694 582 726 συγγενεῖς
595 694 612 728 ἢ
625 694 693 729 μηδὲ
708 695 811 722 τούτων
825 696 911 723 ὄντων

118 740 131 764 ξ.
150 738 279 772 δημόσιος
295 738 403 763 καλοῖτο
424 738 464 769 εἰς
480 738 675 773 κληρονομίαν,
697 739 747 774 τῆς
773 748 911 774 συγκεφα-

119 783 286 817 λαιουμένης
299 782 426 809 ἐντεῦθεν
439 783 548 818 ἀπάσης
561 783 738 816 ὑποστάσεως
757 785 788 812 τὸ
804 786 853 821 μὲν
871 785 911 812 δί-

127 837 225 863 μοιρον
239 829 274 863 τῷ
290 829 321 855 ὲκ
337 830 427 863 νόμων
456 829 581 865 διαδόχῳ,
599 832 724 865 συγγενεῖ
739 832 820 867 τυχὸν
834 833 851 868 ἢ
865 833 912 867 δη-

128 874 224 908 μοσίῳ,
239 873 266 899 τὸ
284 874 311 900 δὲ
330 874 421 909 τρίτον
450 875 518 909 ὑπὲρ
536 875 672 910 σωτηρίας
694 875 741 903 τοῦ
761 877 912 909 ἀδιαθέτως

963 291 1018 318 imo
1042 299 1130 325 neque
1160 292 1284 319 humanae
1308 293 1420 321 omnino
1445 294 1620 329 cogitationis
1634 295 1755 330 dignttm,

963 344 1024 363 cum
1049 336 1242 364 miserabiliter
1256 338 1402 366 defunctus
1432 339 1513 366 rebus
1540 340 1666 368 humanis
1696 350 1757 368 erc-

962 387 1024 416 ptus
1040 382 1137 414 fuerit,
1158 390 1210 410 non
1224 383 1311 411 servis
1335 385 1458 419 abrumpi
1478 385 1581 412 domini
1605 386 1646 413 sui
1669 391 1758 414 morte

962 426 1219 462 servitutisjugnm,
1235 429 1282 456 sed
1305 436 1336 456 ex
1359 436 1453 457 eorum
1474 429 1630 458 calamitate
1643 435 1756 459 vocatos

962 474 996 501 atl
1023 474 1206 502 ltaereditatem
1228 480 1359 510 cognatos
1385 483 1462 503 suam
1491 477 1636 504 utilitatent
1659 479 1756 512 exqui-

962 527 1032 552 rere,
1048 525 1074 547 et
1088 521 1188 555 regiam
1214 525 1375 555 potestatem
1402 521 1529 550 thesauro
1552 522 1659 557 publico
1682 523 1757 551 velut

962 566 1083 593 redditus
1092 566 1241 602 assignare.
1250 566 1312 594 Ideo
1325 567 1422 595 iterum
1437 573 1607 596 resumentes
1621 568 1755 597 dicimus:

963 611 986 638 si
1002 611 1062 646 quis
1075 611 1220 640 intestatus
1237 611 1399 643 decesserit,
1422 617 1450 640 et
1464 612 1559 639 liberis
1585 613 1755 647 absentibus,

963 656 1003 684 vel
1011 656 1068 689 ejus
1079 657 1195 693 cognati,
1207 657 1248 685 vel
1261 657 1334 684 ttullo
1342 657 1448 684 illorum
1459 657 1616 691 cxsistente,
1629 658 1756 685 mrarium

962 703 1098 737 publicum
1115 708 1248 730 vocentur
1262 704 1295 731 ad
1311 703 1509 736 lutereditatem,
1539 708 1595 731 tota
1609 703 1668 737 ejus
1688 704 1756 732 sub-

962 749 1061 776 stantia
1089 749 1115 775 in
1129 756 1263 777 summam
1287 754 1393 782 coacta,
1415 749 1475 776 duae
1485 754 1577 783 partes
1589 749 1669 784 legali
1691 757 1755 777 suc-

963 796 1075 828 cessori,
1103 800 1217 829 cognato
1232 803 1329 831 nempe
1345 796 1387 823 vel
1411 795 1509 823 aerario
1523 796 1645 831 publico,
1675 796 1755 824 tertia

963 849 1026 869 vero
1042 842 1076 869 ob
1092 843 1205 869 salutent
1230 842 1290 876 ejus
1306 843 1352 877 qul
1381 842 1528 869 intestatus
1550 841 1669 869 decessit
1700 841 1756 870 Deo

963 888 1136 920 attribuatur,
1151 888 1330 915 aestimatione
1346 887 1372 915 in
1393 887 1480 915 solido
1509 895 1650 915 servorum
1668 887 1753 916 liber-

125 919 332 953 τελευτήσαντος
354 920 469 946 ἁνείσθω
497 922 575 956 Θεῷ,
603 921 653 956 τῆς
671 922 853 958 διατιμήσεως
880 923 909 950 ὲν

963 937 1018 960 tate
1032 933 1191 960 donatorum
1208 933 1276 968 parti
1299 932 1353 960 Deo
1369 932 1523 961 obvenienti
1550 933 1700 968 assignate.

120 965 224 1000 βεϐαίῳ
233 965 286 991 τῶν
299 966 534 1001 ἐλευθερουμένων
550 967 664 994 οἰκετῶν
678 968 717 1003 τῷ
742 969 911 1004 συγκληρου-

118 1011 193 1045 μένῳ
207 1012 285 1045 μέρει
300 1011 338 1045 τῷ
355 1012 414 1045 Θεῷ
432 1012 676 1048 συλλογιζομένης.

152 1056 185 1090 β’.
205 1057 236 1083 Εἰ
254 1057 344 1092 μέντοι
359 1066 388 1091 γε
402 1058 439 1088 ὼς
454 1059 525 1089 εξκδς
544 1058 675 1094 συμϐαίη,
695 1060 745 1095 τῆς
756 1061 910 1096 προσούσης

117 1103 154 1137 τῷ
172 1104 354 1138 ἀποιχομένῳ
373 1105 533 1138 περιουσίας
550 1104 579 1130 τὸ
596 1105 746 1141 πλεῖστονῆ
764 1106 846 1133 καὶτὸ
856 1108 910 1134 πᾶν

118 1147 187 1175 εἶναι
199 1150 229 1175 ὲν
243 1149 407 1184 θεράπουσι,
422 1150 468 1175 καὶ
487 1150 566 1176 τοῦτο
576 1150 693 1187 διορίσαι
709 1152 910 1187 φιλανθρώπως

117 1197 175 1230 ἅμα
187 1196 235 1222 καὶ
251 1196 403 1230 συμπαθῶς
415 1196 544 1230 ᾠήθημεν
559 1197 624 1229 δεῖν,
640 1196 710 1224 ὥστε
731 1198 768 1234 μὴ
781 1199 844 1230 τοὺς
861 1199 910 1233 μὲν

115 1242 162 1267 τοῦ
188 1242 240 1275 τῆς
265 1241 386 1273 δουλείας
405 1242 528 1268 ἀνεῖσθαι
547 1242 641 1276 ζυγοῦ,
666 1244 728 1275 τοὺς
743 1244 772 1270 δὲ
787 1244 910 1271 ἐνταλαι-

117 1287 272 1322 πιυρείσθαι
292 1287 379 1322 τούτῳ
397 1288 442 1313 καὶ
471 1288 689 1323 κατατρύχεσθαι
701 1297 707 1304 ·
728 1289 787 1316 ἀλλ’
801 1290 880 1321 ὅσους
896 1292 910 1317 ὁ

117 1333 234 1367 χαλεπός
263 1341 292 1358 τε
309 1333 356 1359 καὶ
387 1332 470 1367 βαρὺς
490 1333 540 1367 τῆς
555 1333 678 1365 δουλείας
702 1334 803 1363 ἐκάκου
818 1343 848 1361 τε
864 1335 911 1362 καὶ

117 1378 261 1405 κατωδύνα
276 1378 375 1410 κλοιὸς,
388 1378 493 1409 τούτοις
506 1378 607 1405 ἅπασιν
618 1379 632 1405 ὁ
644 1379 739 1412 παρὼν
748 1379 828 1415 ἡμῶν
836 1380 909 1407 ἐλευ-

117 1424 211 1458 θερίαν
236 1423 325 1454 διδους
363 1423 534 1457 εὐφραινέτω
557 1423 667 1458 θεσμὸς,
697 1424 745 1451 καὶ
766 1425 821 1451 τῶν
848 1426 910 1452 δου-

120 1470 201 1495 λικῶν
217 1469 346 1496 ἁπάντων
365 1468 474 1503 θεσμῶν
493 1469 593 1503 ὁμοίως
605 1469 747 1497 ἀπίτωσαν
760 1470 907 1505 ἐλεύθεροι.

154 1512 231 1539 Οὕτω
243 1513 297 1548 γὰρ
320 1521 366 1539 και
389 1514 445 1544 τοῖς
468 1514 499 1539 ἐκ
518 1515 600 1549 νόμου
623 1514 662 1550 τῷ
677 1515 811 1550 ἀδιαθέτῳ
839 1516 905 1551 κλη-

123 1559 263 1594 ρουμένοις
279 1560 308 1586 τὺ
327 1560 385 1586 δέον
411 1561 526 1595 συνορᾷ-ι
552 1559 725 1596 βουλομένοις
739 1563 790 1589 οὐκ
814 1562 911 1598 ἐπιζή-

120 1614 193 1639 μιον,
210 1606 254 1631 καὶ
269 1606 325 1637 τοῖς
340 1606 460 1636 οίκέταις
479 1606 525 1632 καὶ
542 1607 597 1638 τοῖς
614 1607 807 1642 ἀποιχομένοις
822 1609 909 1644 σωτή-

119 1660 175 1686 pta,
206 1652 254 1677 καὶ
283 1651 342 1685 Θεῴ
364 1651 403 1685 τῷ
427 1653 473 1678 καὶ
500 1653 531 1677 ἐκ
557 1653 682 1687 σμικρῶν
706 1654 839 1690 ἀφορμῶν
861 1656 910 1690 τὴν

118 1695 259 1731 σωτηρίαν
276 1696 431 1730 ἀνθρώποις
448 1697 634 1731 οἰκονομοῦντι
652 1698 686 1725 τὰ
710 1699 771 1726 ὅσια
785 1701 909 1736 ἀποπλη-

117 1743 255 1777 μΐιςομεν.
276 1743 330 1768 Καὶ
347 1742 441 1777 μηδεὶς
468 1743 534 1777 πρὸς
552 1743 598 1769 τὸν
614 1745 740 1779 παρόντα
755 1746 837 1781 νόμον
862 1747 909 1773 τοῦ

115 1787 299 1819 τελευτῶντος
328 1788 343 1822 ἢ
364 1788 499 1821 συγγενὴς
524 1789 539 1823 ἦ
559 1788 686 1824 βασιλεὺς
709 1790 746 1821 ὡς
770 1791 816 1818 τοῦ
843 1793 910 1819 καθ-

115 1835 232 1868 ήκοντος
267 1833 504 1869 ἀποστερούμενος
529 1833 773 1862 ὰποδυσπετείτω·
796 1835 855 1863 ἀλλ’
881 1837 910 1862 ὲν

115 1879 156 1914 νῷ
172 1880 226 1910 πᾶς
250 1888 291 1911 τις
317 1879 406 1914 βαλὼν
431 1879 478 1905 καὶ
504 1879 611 1915 ἰδιώτης
636 1880 686 1907 καὶ
713 1880 851 1915 βασιλεὺς,
873 1882 910 1914 ὡς

118 1928 225 1953 ἅπασιν
242 1927 255 1953 ὁ
270 1926 383 1958 Θάνατος
404 1928 557 1963 ἀνθρώποις
569 1928 667 1963 ἄδηλον
683 1927 781 1963 ἐπίσης
798 1929 845 1955 καὶ
859 1937 908 1963 φο-

118 1973 203 2008 ϐερὸν
223 1974 267 2000 καὶ
290 1974 338 2000 οὐκ
360 1973 433 2000 ἔστιν
447 1974 520 2005 ὅπως
545 1982 587 2005 τις
601 1974 666 2010 περὶ
678 1974 726 2001 τοῦ
739 1974 832 2007 τέλους
850 1974 911 2009 βου-

114 2020 249 2053 λεύσηται
270 2020 409 2054 ἀσφαλῶς,
435 2020 512 2046 τόνδε
535 2021 580 2047 τὴν
612 2021 735 2056 παρόντα
758 2022 840 2057 νόμον
862 2023 910 2055 τῆς

113 2066 310 2101 ἀπαραιτήτου
327 2066 440 2101 πορείας
453 2066 560 2100 ἐκείνης
576 2065 727 2100 λογιζέσθω
737 2067 907 2103 ὲφοδιαστὴν,

114 2112 165 2138 καὶ
179 2112 217 2146 μὴ
235 2111 284 2146 τὴν
303 2112 403 2146 ἑτέρων
431 2113 510 2145 μόνον
531 2111 624 2138 οὐσίαν
638 2112 735 2147 χανδὸν
757 2113 909 2147 ἐπειγέσθω

114 2159 266 2185 καταπιεῖν
277 2166 283 2173 ·
298 2158 495 2192 προσεννοείτω
511 2159 550 2189 δὲ,
564 2158 605 2184 ὅτι
621 2159 668 2185 καὶ
681 2158 763 2185 αὑτὸν
777 2158 841 2190 ἴσως
857 2159 866 2194 (
880 2159 910 2185 τὸ

113 2214 145 2231 τε
165 2204 267 2240 ἁθρόον
282 2204 337 2230 τῶν
354 2204 543 2239 ἀνθρωπίνων)
567 2205 584 2239 ὴ
611 2204 657 2230 τοῦ
673 2203 787 2231 θανάτου
808 2204 909 2240 θερίσει

112 2251 239 2286 δρεπάνη
265 2251 313 2277 καὶ
335 2250 437 2285 πολλῆς
454 2251 542 2276 ἐκεῖσε
557 2250 607 2285 τῆς
625 2249 750 2285 βοηθείας
772 2250 909 2286 δεήσεται,

113 2297 164 2322 καὶ
182 2297 205 2322 εὶ
224 2296 261 2330 μὴ
275 2297 325 2331 τῆς
342 2296 388 2322 τοῦ
407 2296 540 2330 παρόντος
556 2295 639 2330 νόμου
655 2295 819 2322 ἀπολαύσειε
831 2296 911 2331 χάρι-

114 2351 175 2373 τος,
195 2341 257 2367 οὐδὲ
273 2342 322 2376 τῆς
343 2342 478 2376 τυχούσης
502 2342 559 2367 ἐκεῖ
579 2340 750 2374 ὲπιτεύξεται
766 2341 919 2376 παρακλή-.

115 2396 187 2417 eam;
199 2395 205 2401 ·
223 2387 253 2413 οὐ
267 2387 321 2421 γὰρ
338 2387 455 2422 σμικρὸν
469 2387 507 2418 είς
523 2386 696 2422 παρηγορίαν
717 2387 757 2422 τῷ
778 2386 911 2414 ἐκσεϐιω-

116 2433 178 2458 κῦτι
204 2433 220 2466 ἡ
235 2432 440 2468 εὖπροαίρετος,
467 2432 504 2463 ὠς
519 2433 552 2458 ἄν
569 2441 610 2464 τις
633 2432 701 2467 φαίη
733 2432 781 2459 καὶ
807 2433 911 2468 σμικρὰ

116 2477 187 2512 αὕτη
206 2477 296 2512 δωρεὰ
310 2477 348 2511 τῷ
364 2477 424 2512 Θεῷ
448 2478 494 2504 καὶ
510 2477 694 2513 φιλανθρώπῳ
709 2477 843 2513 Δεσπότῃ,
860 2486 912 2504 πο-

116 2522 263 2557 λυτρόπως
287 2522 337 2557 τὴν
357 2522 435 2557 ἡμῶν
462 2522 598 2557 σωτηρίαν
620 2523 652 2549 ὲκ
672 2523 792 2559 σμικρᾶς
808 2524 911 2550 οἰκονο-

119 2567 218 2602 μοῦντι
230 2568 464 2603 φιλοτιμουμένης
478 2568 651 2603 προφάσεως.
672 2568 766 2596 Ταῦτα
787 2569 826 2604 τῷ
845 2578 912 2605 παρ-

117 2614 174 2637 όντι
190 2612 273 2646 ἡμῶν
289 2613 343 2643 πᾶς
360 2621 402 2643 τις
415 2612 540 2639 ἐννοείτω
551 2613 723 2648 ἐντυγχάνων
734 2613 910 2649 θεσπίσματι,

119 2658 165 2683 καὶ
180 2659 228 2683 τὸν
245 2657 369 2692 παρόντα
392 2659 474 2693 νόμον
497 2656 554 2684 οἷόν
571 2667 632 2685 τινα
649 2658 746 2694 βοηθὸν
770 2659 817 2686 καὶ
836 2659 868 2686 τό
880 2668 912 2694 γε

120 2706 246 2738 κρεῖττον
265 2704 352 2730 εἰπεῖν
365 2704 414 2738 τῆς
432 2705 529 2731 ἑαυτοῦ
546 2705 682 2740 ῥᾳθυμίας
694 2705 855 2741 διορθωτὴν,
871 2704 912 2738 οἷς

121 2750 247 2784 ἐνδημῶν
261 2750 301 2785 τῷ
317 2750 366 2787 βίῳ
380 2751 413 2777 τὰ
427 2751 475 2784 τῆς
491 2751 625 2786 ἐκδημίας
638 2752 669 2778 οὺ
695 2751 821 2787 λυσιτελῆ
838 2752 912 2788 αὐτῷ

119 2796 236 2827 διέθετο,
254 2796 375 2831 δεχέσθω
390 2798 529 2832 ἀσμένως,
547 2798 680 2834 σωτήριον
697 2798 734 2830 ὥς
750 2807 781 2832 γε
800 2798 912 2834 οἰόμεθα

120 2841 176 2872 τοῖς
188 2842 348 2875 τελευταίας
358 2844 594 2879 χωρὶςτελευτῶσι
611 2844 775 2880 βουλήσεως,
789 2847 835 2872 καὶ
851 2845 911 2880 Θεῷ

122 2886 161 2922 τῷ
170 2888 278 2915 πάντων
289 2889 395 2925 βασιλεῖ
407 2891 457 2919 οὐκ
470 2891 634 2927 ἀπόϐλητον,
648 2891 715 2919 ἀλλὰ
728 2892 774 2919 καὶ
786 2892 853 2927 αὐτῇ
875 2893 907 2927 τῇ

997 1064 1024 1090 2.
1045 1062 1073 1090 Si
1090 1070 1165 1097 ergo,
1184 1067 1213 1089 ut
1227 1062 1376 1090 verisimile
1389 1066 1440 1094 est,
1458 1062 1559 1095 evenit,
1577 1067 1680 1096 partem
1691 1062 1756 1089 sub-

961 1109 1096 1137 stantiata
1122 1109 1251 1136 defuncto
1276 1108 1411 1136 derelicta:
1437 1107 1569 1142 majorem
1598 1108 1638 1134 Vel
1671 1107 1753 1135 etiam

963 1156 1121 1183 totalitatetn
1145 1155 1172 1182 in
1205 1154 1294 1182 servis
1309 1159 1447 1186 constare,
1473 1154 1499 1181 id
1516 1161 1625 1189 quoque
1658 1154 1755 1181 decer-

962 1200 1078 1228 nendum
1097 1200 1212 1234 benigne
1225 1199 1306 1227 simul
1328 1204 1356 1227 et
1370 1199 1569 1234 eompatienter
1588 1199 1753 1233 putavimus,

962 1254 1016 1274 non
1042 1251 1071 1272 ut
1086 1246 1132 1273 alii
1146 1254 1159 1272 ιι
1177 1245 1316 1273 servitutis
1328 1245 1393 1280 jugo
1414 1245 1581 1275 eximantur,
1611 1244 1656 1271 alii
1688 1251 1754 1271 vero

962 1291 1011 1319 sub
1026 1291 1071 1318 illo
1087 1291 1185 1318 misere
1200 1291 1336 1326 patiantur
1348 1297 1374 1318 et
1384 1290 1551 1324 crucientur,
1567 1290 1614 1318 sed
1627 1294 1655 1317 ιιι
1667 1297 1754 1325 quan-

962 1342 1003 1365 tos
1019 1339 1114 1364 durum
1132 1341 1159 1364 et
1183 1344 1264 1371 grave
1278 1336 1415 1364 servitutis
1433 1336 1526 1371 jngnm
1559 1336 1701 1369 torquebat
1726 1340 1754 1363 et

961 1383 1099 1418 angebat,
1134 1382 1176 1409 ltis
1212 1382 1338 1409 omnibus
1360 1389 1480 1417 prtesens
1508 1386 1630 1409 nostrttnt
1661 1381 1754 1408 decre-

963 1434 1018 1456 tnnt
1034 1428 1185 1456 libertatem
1204 1427 1310 1455 donans
1327 1429 1453 1463 gaudeat,
1469 1432 1497 1455 et
1508 1427 1537 1455 hi
1566 1428 1673 1455 cunctis
1693 1435 1753 1456 ser-

963 1475 1060 1502 vilibus
1076 1474 1189 1502 vinculis
1203 1474 1328 1502 similiter
1341 1474 1449 1501 liberati
1461 1474 1589 1501 evadant.

999 1521 1037 1548 lta
1050 1522 1120 1548 enim
1143 1526 1170 1549 et
1185 1521 1228 1549 his
1242 1522 1288 1556 qui
1310 1528 1344 1548 ex
1360 1521 1419 1555 lege
1435 1522 1564 1548 intestato
1591 1521 1752 1554 succedunt,

963 1569 984 1595 si
995 1568 1066 1602 quod
1087 1568 1164 1595 decet
1181 1567 1356 1595 considerare
1371 1567 1474 1600 volunt,
1489 1567 1592 1594 nullutn
1612 1568 1752 1598 damnum,

963 1619 990 1640 et
1002 1613 1089 1640 servis
1119 1617 1147 1640 et
1173 1612 1229 1639 vita
1245 1612 1381 1640 defunctis
1401 1612 1533 1644 salutem,
1554 1616 1582 1638 et
1596 1611 1650 1639 Deo
1662 1619 1678 1639 e
1692 1619 1755 1646 par-

962 1660 1003 1686 vis
1023 1658 1162 1693 principiis
1178 1658 1292 1685 salutem
1311 1658 1465 1685 hominibus
1479 1658 1632 1692 disponenti
1655 1664 1752 1684 conse-

962 1704 1111 1732 crationem
1122 1703 1203 1731 simul
1218 1703 1396 1731 conferimus.
1413 1703 1447 1730 Et
1472 1703 1562 1730 nullus
1578 1703 1611 1730 de
1624 1702 1752 1736 praesenti

962 1749 1021 1783 lege
1036 1749 1093 1776 sive
1110 1747 1229 1775 defuncti
1244 1752 1387 1782 cognatus,
1408 1749 1465 1775 sive
1483 1755 1530 1774 rex
1546 1752 1674 1781 tanquam
1686 1755 1752 1782 pro—

963 1795 1022 1830 prio
1038 1802 1089 1822 suo
1106 1794 1252 1822 destitutus
1279 1799 1428 1828 queratur;
1460 1793 1508 1821 sed
1526 1794 1552 1820 in
1573 1794 1663 1820 attinto
1693 1793 1753 1827 qui-

961 1849 1068 1876 cunque
1091 1846 1231 1875 reputans,
1247 1841 1304 1868 sive
1329 1840 1452 1875 privatus
1464 1840 1521 1868 sive
1538 1847 1597 1873 rex,
1626 1839 1752 1867 ontnibus

962 1894 1076 1915 ntortem
1092 1886 1246 1915 hominibus
1265 1886 1395 1913 incertam
1412 1886 1514 1921 pariter
1524 1893 1586 1913 esse
1597 1893 1629 1912 ac
1654 1884 1753 1912 timen-

961 1933 1035 1965 dam,
1052 1938 1079 1960 et
1101 1932 1167 1959 nulli
1183 1932 1266 1960 licere
1283 1936 1311 1959 ιιι
1327 1932 1360 1959 de
1374 1932 1427 1960 line
1443 1939 1492 1960 suo
1506 1931 1659 1959 certissime
1683 1938 1753 1965 prac-

962 1978 1061 2009 videat,
1075 1982 1235 2013 praesentem
1257 1978 1327 2005 hanc
1343 1977 1429 2013 legem
1445 1982 1573 2013 tanquam
1590 1976 1754 2004 inevitabilis

962 2023 1041 2057 hujus
1069 2023 1176 2051 itineris
1200 2023 1331 2050 viaticum
1361 2022 1521 2055 arbitretur,
1537 2027 1564 2050 et
1580 2030 1613 2050 ne
1637 2022 1752 2049 aliorum

962 2070 1050 2097 solutn
1079 2069 1260 2097 substantiam
1273 2069 1355 2103 largis
1372 2068 1518 2097 haustibus
1536 2068 1647 2096 ltanrire
1677 2069 1754 2096 l'esti-

961 2114 1084 2147 nct;sed
1095 2114 1232 2149 recogitet
1255 2121 1284 2142 se
1301 2114 1391 2148 ipsutn
1408 2113 1592 2148 pariter(talis
1605 2119 1646 2141 est
1657 2113 1754 2140 ltuma-

962 2169 1057 2188 narutn
1072 2168 1162 2188 rerum
1172 2161 1355 2188 inconstantia
1367 2161 1387 2195 ί)
1398 2161 1494 2188 tnortis
1507 2160 1575 2187 falce
1589 2161 1752 2192 secandum,

961 2212 989 2234 et
1006 2214 1104 2241 magno
1129 2206 1181 2233 sibi
1198 2206 1253 2234 illic
1271 2207 1373 2233 auxilio
1390 2214 1458 2241 opus
1474 2206 1541 2238 fore,
1561 2211 1588 2233 et
1605 2206 1655 2232 nisi
1673 2205 1753 2240 ltnjus

926 2257 949 2285 ι)
962 2251 1102 2285 praesentis
1117 2251 1183 2284 legis
1202 2251 1319 2285 gratiam
1342 2251 1460 2283 fruatur,
1477 2250 1580 2278 nullum
1592 2258 1622 2278 se
1635 2250 1690 2278 illic
1702 2251 1752 2277 ob-

962 2301 1101 2324 tenturum
1126 2304 1187 2324 esse
1209 2296 1337 2324 solatium
1355 2305 1362 2324 :
1381 2304 1434 2323 non
1449 2296 1523 2324 enim
1538 2304 1633 2331 parum
1649 2296 1682 2323 ad
1717 2296 1754 2323 le-

962 2350 1058 2369 vamen
1079 2342 1184 2369 confert
1202 2342 1258 2369 vita
1282 2340 1410 2370 defuncto
1434 2342 1492 2369 haec
1519 2342 1596 2369 bona:
1626 2341 1752 2368 volunta-

963 2389 1009 2420 tis,
1026 2393 1055 2415 ut
1072 2388 1186 2416 dicenda
1202 2392 1255 2421 est,
1273 2388 1314 2416 vel
1326 2388 1424 2423 exigua
1436 2388 1549 2422 oblatio,
1564 2389 1620 2416 Deo
1631 2388 1753 2425 benigno

963 2442 1060 2468 nempe
1075 2434 1200 2467 Domino,
1234 2434 1326 2462 multis
1343 2435 1430 2463 modis
1446 2435 1562 2462 salutem
1588 2440 1710 2463 nostratu
1737 2442 1754 2463 e

963 2481 1054 2516 parvis
1068 2481 1259 2509 occasionibus
1274 2481 1443 2516 procuranti,
1458 2481 1572 2509 donata.
1603 2481 1666 2509 llaec
1691 2482 1752 2517 qui-

963 2534 1069 2561 cunque
1085 2528 1211 2562 presenti
1227 2528 1255 2554 in
1271 2532 1364 2555 nostro
1376 2528 1486 2555 decreto
1499 2528 1621 2555 invenire
1635 2532 1752 2562 reputet,

963 2577 990 2601 et
1006 2577 1170 2608 praesentem
1194 2573 1264 2600 hanc
1288 2573 1374 2607 legetn
1393 2580 1443 2601 ceu
1455 2574 1591 2608 quoddam
1609 2574 1751 2605 auxilium,

962 2622 989 2645 et
1011 2623 1041 2645 ut
1070 2618 1167 2645 melius
1197 2618 1298 2650 dicam,
1324 2626 1381 2645 sua:
1407 2619 1518 2647 desidize
1546 2620 1752 2654 reparatrieem,

963 2664 1087 2699 quisquis
1117 2665 1145 2691 itt
1172 2664 1227 2691 vita
1253 2664 1356 2699 degens
1383 2673 1445 2700 quas
1467 2666 1511 2692 sui
1529 2665 1659 2692 transitus
1674 2669 1753 2691 erant

964 2717 1016 2736 non
1034 2710 1179 2737 salubriter
1189 2710 1335 2745 disposuit,
1353 2718 1416 2738 cum
1432 2710 1529 2744 gaudio
1544 2709 1681 2744 excipiat;
1694 2713 1752 2735 tan-

963 2763 1044 2790 quam
1060 2755 1207 2783 salutarem
1225 2764 1285 2783 eam
1301 2761 1457 2792 reputamus
1471 2756 1513 2783 bis
1532 2755 1577 2789 qui
1594 2754 1696 2788 absque
1710 2753 1747 2780 ul-

964 2802 1029 2829 tima
1056 2802 1195 2829 voluntate
1222 2801 1409 2833 decesserunt,
1427 2806 1454 2828 et
1480 2802 1535 2828 Deo
1559 2799 1750 2827 universorum

965 2846 1020 2880 regi
1037 2853 1089 2872 non
1109 2845 1322 2880 despiciendam,
1338 2846 1385 2873 sed
1400 2845 1481 2871 etiam
1507 2843 1558 2878 ipsi
1586 2843 1685 2870 civium
1703 2850 1750 2869 so-

964 2892 1055 2920 cietati
1089 2892 1275 2924 utilissimam,
1291 2896 1317 2919 et
1344 2895 1465 2919 anostra
1482 2897 1541 2925 qua:
1564 2897 1597 2918 ex
1623 2889 1677 2917 Dco
1705 2893 1749 2916 est
