4050 6410
422 288 432 321 ’
488 329 599 396 eos

915 325 1431 392 CONSTANTINI
1468 322 2151 420 PonPanerNI'rI
2190 325 2564 391 NOVELLIE
2605 325 3287 391 CONSTITUTIONES.

3632 324 3755 391 60L

478 430 627 513 regia
658 446 929 512 potestate
953 442 1182 497 Domino
1207 418 1582 496 universorum
1611 436 1720 507 regi
1750 418 2050 494 consecra-

2177 439 2402 513 πολιτείᾳ
2431 441 2877 497 λυσιτελέστατον
2905 443 3056 514 παρὰ
3076 443 3174 514 τῆς
3201 445 3266 498 ἐκ
3287 442 3423 498 Θεοῦ
3456 442 3739 516 βασιλείας

480 548 609 589 tam.

1205 668 1320 723 XII.

480 787 813 842 Constantini
843 786 1042 841 novella
1061 789 1268 856 quinta,
1295 803 1412 853 quis
1444 785 1497 838 in
1529 785 1725 840 sacella
1750 784 2056 840 recluditur.

556 859 630 913 De
658 858 797 927 fugis
829 857 1235 925 mancipiorum,
1273 863 1324 910 et
1366 857 1431 909 de
1458 856 1718 925 jumentis
1743 856 1985 924 perditis.

553 1062 603 1115 i.
644 1059 749 1114 Pro
770 1057 1042 1128 mancipio
1073 1057 1320 1128 perdito,
1359 1067 1413 1113 et
1458 1059 1508 1112 in
1546 1058 1734 1113 eadem
1783 1058 2059 1127 provincia

481 1156 738 1217 reperto,
781 1146 1011 1202 solidum
1062 1161 1251 1212 unum,
1304 1147 1471 1202 millia
1552 1156 1786 1216 quatuor
1813 1148 2062 1201 dominus

482 1245 720 1307 praestat.
775 1234 834 1291 Si
878 1250 1007 1290 vero
1037 1236 1089 1291 in
1133 1236 1378 1291 ulteriori
1428 1237 1705 1305 provincia
1733 1235 2059 1306 reperiatur,

481 1329 685 1385 solidos
716 1327 876 1392 duos,
903 1327 1071 1382 millia
1099 1336 1352 1397 quatuor.
1396 1327 1549 1392 Quod
1580 1327 1623 1381 si
1655 1327 1789 1381 duas
1818 1335 1910 1379 aut
1945 1334 2057 1379 tres

483 1418 791 1485 provincias
821 1419 1210 1489 peragraverit,
1242 1428 1296 1471 et
1334 1428 1555 1488 captum
1588 1417 1751 1473 fuerit
1780 1457 1795 1482 ,
1860 1416 2063 1472 solidos

482 1519 615 1574 tres,
654 1509 823 1564 millia
854 1519 1105 1578 quatuor.
1144 1510 1221 1562 Ac
1255 1509 1404 1577 prius
1432 1508 1674 1578 quidem,
1714 1523 1877 1578 quam
1913 1523 2066 1561 men-

482 1616 571 1655 ses
599 1599 882 1656 duodecim
913 1599 1292 1668 praeterierint,
1316 1599 1442 1653 alibi
1474 1598 1807 1666 mancipium
1830 1596 2061 1651 distrahi

490 1706 598 1745 non
632 1690 714 1745 fas
741 1697 868 1756 est,
910 1690 1004 1745 sed
1038 1690 1301 1756 tantisper
1333 1698 1388 1743 et
1409 1689 1638 1750 servari,
1684 1698 1737 1743 et
1780 1687 2061 1751 custodiri,

2166 529 2329 600 ἡμῶν
2363 531 2553 603 Κυρίῳ
2599 531 2679 603 τῷ
2728 532 2886 603 ἡμῶν
2936 533 3275 605 βασιλεύοντι
3329 535 3742 609 ἀνατιθέμενον.

2886 661 2985 717 IB'.

2162 773 2357 845 Νεαρὰ
2393 780 2434 827 ε’
2476 777 2933 845 Κωνσταντίνου
2969 777 3007 844 ή
3038 752 3399 845 ἀποκειμένῇ
3423 777 3493 831 ἐν
3522 776 3596 844 τῇ
3624 748 3765 832 σίι-¹

2232 843 2447 915 aeu”.
2469 844 2605 915 Περὶ
2631 846 2840 915 φυγῶν
2861 843 3179 915 ψυχαρίων
3206 843 3303 900 καὶ
3334 843 3744 902 ἀπολωλότων

2235 914 2473 982 κτηνῶν
2504 913 2646 984 (l5).
2728 913 2735 915 ἡ
2871 913 2881 915 ἡ
3756 932 3759 935 ·

2238 1055 2306 1104 α’.
2354 1047 2526 1119 Ὑπὲρ
2556 1048 2901 1112 ἀπολωλότος
2953 1049 3222 1120 ψυχαρίου
3266 1052 3362 1105 καὶ
3390 1053 3450 1106 ἰν
3474 1053 3552 1126 τῷ
3589 1055 3751 1126 αὐτῷ

2164 1143 2365 1211 θέματι
2405 1139 2721 1210 εὑρεθέντος
2755 1140 2983 1210 παρέχει
3022 1141 3050 1192 ὁ
3098 1141 3366 1213 δεσπότης
3410 1143 3654 1215 νόμισμα
3686 1145 3752 1199 ἓν

2168 1230 2321 1301 μίλια
2360 1228 2471 1302 (I6)
2513 1231 2779 1300 τέσσαρα.
2818 1232 2881 1283 El
2927 1231 2984 1284 δὲ
3014 1231 3460 1302 ὕπερθεματίσαν
3506 1235 3706 1306 εὐρεθῇ
3732 1277 3749 1299 ,

2163 1321 2475 1391 νομίσματα
2502 1320 2595 1374 δύο
2631 1322 2784 1392 μίλια
2812 1322 3075 1392 τέσσαρα.
3126 1323 3188 1376 Εἰ
3221 1323 3280 1377 δὲ
3308 1323 3403 1377 δύο
3447 1324 3480 1394 ἢ
3507 1325 3634 1395 τρία
3663 1327 3752 1380 θέ-

2168 1428 2312 1482 ματα
2355 1411 2563 1465 διελθὸν
2605 1412 2876 1483 κρατηθῇ,
2908 1412 3221 1480 νομίσματα
3266 1415 3393 1485 τρία
3443 1416 3596 1482 μίλια
3631 1418 3755 1470 τέσ-

2168 1520 2330 1573 σαρα.
2382 1504 2495 1557 Καὶ
2531 1504 2636 1575 πρὸ
2695 1505 2792 1574 μὲν
2836 1504 2929 1557 τοῦ
2980 1505 3272 1576 παρελθεῖν
3303 1507 3394 1560 τὸν
3423 1508 3747 1577 δωδεκαμη-

2164 1596 2334 1647 νιαῖον
2365 1595 2555 1664 χρόνον
2589 1596 2662 1664 μὴ
2696 1594 2895 1662 ἐξεῖναι
2922 1595 3349 1666 διαπιπράσκειν
3384 1598 3519 1652 αὐτὸ
3571 1600 3747 1653 ἀλλα-

2165 1685 2284 1756 χοῦ,
2304 1686 2439 1739 ἀλλὰ
2467 1689 2752 1759 συντηρεῖν
2782 1688 2871 1740 καὶ
2891 1687 3180 1756 φυλάττειν
3210 1689 3269 1741 ἐν
3290 1689 3581 1762 ἀσφαλείᾳ.
3609 1691 3675 1745 Εἰ
3694 1692 3753 1744 δὲ

487 1782 729 1838 adhibita
758 1781 1035 1847 cautione,
1066 1780 1244 1836 debet.
1294 1779 1350 1835 Si
1382 1795 1511 1834 vero
1542 1779 1827 1834 duodecim
1856 1778 2061 1833 mensi-

2177 1781 2262 1833 καὶ
2284 1779 2390 1832 τῶν
2420 1779 2629 1834 δώδεκα
2662 1780 2850 1851 μηνῶν
2884 1780 3269 1851 παρελθόντων
3294 1781 3397 1835 οὐκ
3427 1783 3749 1854 ἀναζητηθῇ

482 1875 587 1929 bus
615 1873 829 1941 elapsis,
882 1872 1207 1939 mancipium
1260 1871 1597 1940 deperditum
1634 1886 1661 1923 a
1692 1870 1911 1925 domino
1957 1885 2055 1923 suo

484 1965 802 2033 requisitum
832 1977 936 2017 non
970 1961 1172 2027 fuerit,
1210 1961 1369 2017 liceat
1406 1963 1456 2015 ei
1520 1962 1611 2031 qui
1655 1962 1853 2030 reperit
1881 1972 2053 2015 nota:-

483 2071 591 2124 que
630 2068 869 2125 personae
896 2054 1147 2119 vendere,
1195 2068 1292 2123 pro
1329 2054 1516 2109 solidis
1544 2067 1663 2118 sex,
1705 2052 1890 2107 milliis
1920 2068 2057 2121 qna-

488 2157 631 2200 tuor.
666 2145 956 2214 Propterea
997 2159 1129 2199 vero
1168 2155 1274 2199 tam
1311 2144 1400 2199 vili
1435 2145 1611 2215 pretio
1641 2143 2055 2197 distrahendum

486 2238 614 2301 erit,
653 2235 797 2308 quod
838 2237 953 2304 ejus
982 2249 1262 2305 possessor
1312 2250 1418 2289 non
1468 2237 1538 2290 sit
1590 2243 1917 2305 perpetuus;
1964 2234 2057 2287 sed

484 2331 628 2398 quod
683 2341 865 2381 rursus
900 2328 951 2380 in
995 2334 1259 2396 potestate
1316 2326 1516 2381 domini
1549 2326 1640 2388 sit,
1667 2340 1726 2379 re
1751 2334 2056 2393 comperta,

489 2419 713 2473 tetidem
758 2418 958 2473 solidos
992 2428 1271 2484 prastare,
1312 2432 1440 2472 cum
1485 2424 1718 2486 quatuor
1751 2416 1956 2480 milliis.
1999 2430 2061 2469 ac

486 2525 702 2564 servum
735 2525 891 2566 suum
921 2511 1185 2580 recipere.

555 2601 612 2657 2.
656 2600 759 2656 Pro
785 2600 1045 2671 jumentis
1074 2609 1253 2656 autem
1289 2598 1536 2670 perditis,
1566 2598 1829 2667 siquidem
1858 2596 2063 2666 majora

492 2698 611 2751 sive
653 2695 939 2766 grandiora
994 2693 1122 2759 sint,
1157 2702 1285 2761 puta
1329 2704 1425 2760 pro
1472 2691 1663 2753 bobus,
1711 2696 1764 2741 et
1804 2687 1979 2756 equis,
2012 2696 2065 2740 et

491 2785 687 2855 mulis,
725 2793 958 2856 quatuor
984 2783 1151 2838 millia
1186 2781 1436 2835 dominus
1459 2788 1702 2848 praestet,
1736 2792 1801 2831 ac
1822 2778 2064 2847 iumenta

494 2875 742 2946 recipiat.
774 2875 829 2931 In
879 2872 1178 2929 minoribus
1212 2885 1362 2933 vero,
1390 2867 1442 2923 id
1474 2879 1578 2932 est,
1623 2868 1819 2922 ovibus
1847 2877 1900 2921 et
1939 2880 2066 2935 por-

487 2970 591 3034 cis,
612 2968 666 3023 in
696 2968 1036 3022 dominorum
1059 2965 1316 3017 duntaxat
1343 2959 1568 3013 arbitrio
1598 2960 1689 3025 sit,
1715 2968 1771 3011 ut
1801 2959 1944 3027 quod
1976 2971 2070 3011 vo-

492 3063 634 3124 lunt,
666 3067 943 3129 pmstent.

2159 1871 2220 1925 τὸ
2247 1871 2525 1935 ἀπολωλὸς
2548 1871 2816 1943 ψυχάριον
2852 1873 3001 1943 παρὰ
3038 1871 3132 1926 τοῦ
3168 1872 3375 1944 Κυρίου
3401 1874 3592 1939 αὑτοῦ,
3624 1876 3745 1929 τότε

2160 1962 2361 2027 ἐξεῖναι
2389 1962 2467 2034 τῷ
2491 1963 2749 2034 εὑρηκότι
2782 1964 3212 2036 διαπιπράσκειν
3235 1965 3367 2018 αὐτὸ
3392 1967 3473 2028 εἰς
3506 1967 3742 2035 ἐμφανὲς

2160 2054 2450 2124 πρόσωπον
2467 2056 2557 2107 ὲπί
2581 2055 2852 2124 καταϐολῇ
2870 2056 3223 2126 νομισμάτων
3240 2056 3301 2121 ἓξ
3315 2058 3406 2110 καὶ
3427 2056 3623 2127 μιλίων
3636 2074 3752 2111 τεσ.

2164 2145 2366 2218 σάρων.
2412 2147 2511 2200 Διά
2540 2146 2699 2199 τοῦτο
2740 2147 2796 2200 δὲ
2835 2146 3009 2211 οὕτως
3031 2146 3248 2210 εὐώνως
3297 2149 3752 2217 διαπιπράσκειν,

2160 2237 2247 2291 διὰ
2273 2238 2333 2290 τὸ
2362 2238 2439 2308 μὴ
2461 2234 2597 2291 εἶναι
2632 2239 2722 2291 τὸν
2744 2238 3009 2307 δεσπότην
3037 2239 3282 2309 διηνεκῆ,
3309 2238 3446 2292 ἀλλὰ
3467 2239 3632 2292 πάλιν
3662 2240 3754 2292 ἐπ’

2161 2326 2413 2392 ἐξουσίας
2474 2325 2619 2396 ἔχειν
2696 2326 2788 2379 τὸν
2841 2327 3029 2399 κύριον
3085 2327 3283 2393 αὐτοῦ,
3341 2330 3468 2383 ὅταν
3526 2330 3756 2400 διαγνῷ,

2163 2416 2424 2487 παρέχειν
2502 2417 2571 2469 τὰ
2644 2415 2868 2470 τοιαῦτα
2954 2417 3013 2483 ἒξ
3081 2419 3390 2488 νομίσματα
3442 2420 3581 2490 μετὰ
3645 2420 3758 2473 τῶν

2163 2510 2444 2580 τεσσάρων
2462 2509 2674 2579 μιλίων,
2698 2510 2791 2563 καὶ
2816 2509 2907 2562 τὸν
2938 2509 3069 2564 ῖδιον
3083 2511 3489 2581 ἀπολαμϐάνειν
3508 2512 3757 2584 οἰκέτην.

2241 2599 2308 2670 β’.
2361 2599 2531 2671 Ὑπὲρ
2564 2601 2620 2654 δὲ
2664 2600 2876 2669 κτηνῶν
2911 2600 3296 2667 ἀπολωλότων,
3356 2602 3452 2657 ἐπὶ
3487 2603 3590 2673 μὲν
3644 2606 3760 2666 τοῖς

2174 2689 2385 2761 μείζοσι
2404 2689 2497 2743 καὶ
2529 2688 2859 2761 άδροτέροις,
2895 2690 3059 2743 οἱονεὶ
3088 2690 3262 2761 βουσὶ,
3293 2692 3388 2745 καὶ
3410 2691 3628 2759 ἵπποις,
3660 2694 3760 2748 καὶ

2171 2782 2439 2853 ἡμιόνοις,
2464 2782 2728 2853 παρέχειν
2756 2781 2849 2835 τὸν
2883 2782 3014 2837 ῐδιον
3044 2783 3307 2854 αὐθέντην
3331 2784 3487 2854 μίλια
3512 2785 3760 2856 τέσσαρα

2175 2874 2271 2928 καὶ
2292 2873 2595 2944 λαμϐάνειν
2626 2873 2784 2927 αὐτά.
2825 2873 3035 2928 Ἐπὶλδὲ
3059 2876 3172 2937 τοῖς
3209 2876 3581 2947 μικροτέροις,
3597 2894 3761 2930 τουτ-

2176 2968 2291 3019 ἐστι
2329 2964 2624 3036 προϐάτοις
2657 2968 2749 3019 καὶ
2779 2966 3004 3037 χοίροις,
3051 2969 3232 3035 μόνοις
3276 2968 3478 3022 κείσθω
3520 2973 3633 3034 τοῖς
3660 2987 3765 3025 κυ-

2178 3057 2313 3128 ρίοις
2339 3055 2517 3110 αὐτῶν
2550 3055 2577 3109 ὅ
2612 3055 2890 3125 βούλονται
2921 3057 3201 3127 παρέχειν.

566 3149 621 3204 5.
662 3149 730 3202 At
764 3146 984 3201 nomine
1028 3143 1315 3198 vulnerum
1368 3140 1422 3196 in
1471 3140 1670 3209 capite,
1710 3139 1794 3194 vel
1846 3136 2068 3206 injuria-

2254 3142 2324 3214 γ’.
2367 3146 2541 3212 Χάριν
2571 3144 2625 3196 δὲ
2650 3145 2759 3196 τῶν
2798 3145 2887 3197 ἐπὶ
2933 3145 3142 3215 κεφαλῇ
3176 3144 3509 3215 τραυμάτων
3537 3145 3636 3198 εἴτ’
3660 3139 3761 3200 οὗν

498 3256 617 3296 ι·ιιιιι
667 3236 956 3301 atrocium,
998 3235 1084 3290 vel
1131 3233 1508 3298 scortationis,
1558 3231 1641 3286 vel
1675 3230 1950 3295 adulterii,
1993 3229 2076 3285 vel

494 3329 647 3391 furti,
684 3326 818 3380 nihil
859 3324 1081 3381 omnino
1124 3324 1390 3394 exigatur.
1436 3321 1659 3376 .Furtiva
1714 3321 1758 3376 si
1807 3320 2081 3390 reperiar:-

495 3430 604 3484 tur,
631 3417 865 3473 dominis
893 3417 1041 3472 salva
1070 3425 1250 3471 sunto.
1294 3415 1446 3483 Quod
1484 3413 1529 3469 si
1560 3411 1691 3467 nulli
1728 3419 1945 3466 exstent
1984 3410 2079 3464 do-

497 3511 652 3575 mini,
685 3509 814 3564 Iisco
842 3507 1164 3563 inferantur.

562 3602 620 3659 4.
656 3602 1024 3659 Consimiliter
1051 3602 1096 3656 si
1144 3599 1238 3671 qui
1289 3599 1592 3655 moriantur
1623 3598 1887 3663 intestati,
1921 3605 1976 3652 et
2011 3610 2080 3650 ne

493 3697 629 3754 sexti
683 3695 899 3767 quidem
926 3694 1149 3765 ‘gradus
1184 3702 1460 3763 cognatos
1516 3692 1753 3748 habeant
1799 3731 1814 3756 ,
1891 3704 2077 3746 eorum

494 3788 784 3843 facultates
819 3796 981 3855 atque
1031 3786 1166 3839 bona
1219 3784 1350 3839 lisco
1389 3782 1713 3837 inferantur.
1765 3779 1860 3836 Sin
1899 3788 2080 3835 testa-

496 3892 737 3938 mentum
781 3881 900 3951 quis
937 3880 1147 3944 fecerit,
1183 3879 1311 3932 licet
1356 3878 1487 3932 nulli
1521 3877 1736 3947 cognati
1792 3886 1847 3933 et
1889 3890 2078 3931 neces-

497 3975 627 4028 sarii
664 3973 1009 4042 reperiantur
1040 3971 1108 4025 ad
1159 3971 1457 4024 indicatum
1490 3985 1659 4037 usque
1696 3972 1960 4040 gradum;
1998 3979 2075 4021 te-

498 4064 751 4120 stamenti
784 4076 960 4119 tamen
990 4062 1187 4117 tabulze
1212 4063 1610 4116 custodiantur.
1690 4072 1693 4077 '

571 4155 625 4213 5.
665 4154 853 4210 Itidem
910 4154 954 4209 si
996 4153 1281 4210 defunctus
1333 4153 1631 4208 decesserit
1679 4153 1989 4216 intestatus,
2024 4166 2078 4207 ct

501 4243 714 4314 cognati
763 4243 1109 4310 reperiantur
1144 4284 1158 4307 ,
1202 4242 1267 4295 ad
1308 4242 1423 4296 illos
1447 4245 1591 4311 ῑμςοε
1629 4246 1766 4296 bona
1803 4244 2073 4312 patrium-

501 4335 575 4389 nii
627 4334 1082 4388 transmittuntor.
1138 4334 1289 4399 Quod
1351 4334 1395 4389 si
1458 4350 1632 4404 neque
1694 4346 1924 4390 testatus
1984 4338 2076 4401 sit,

501 4436 677 4492 neque
720 4434 978 4494 cognatos
1038 4423 1251 4487 habent,
1293 4423 1383 4493 qui
1428 4424 1714 4477 defunctus
1762 4435 1845 4478 est
1892 4443 1904 4477 :
1952 4435 2078 4480 tunc

501 4529 628 4584 pars
654 4514 917 4570 bonorum
945 4514 1062 4584 ejus
1087 4515 1244 4569 tertia
1271 4527 1367 4582 pro
1404 4515 1733 4570 redimendis
1759 4516 1925 4585 ipsius
1947 4532 2071 4585 pce-

498 4606 659 4670 catis,
691 4607 945 4661 fratribus
971 4607 1294 4661 Christianis
1326 4608 1484 4663 datur
1510 4623 1524 4661 :
1563 4616 1616 4662 et
1645 4607 1787 4677 quod
1815 4620 2072 4677 praue-rei

500 4705 744 4767 superat,
769 4696 899 4755 ﬁsco
926 4698 1172 4756 infertur.

2107 4468 2159 4527 D

2182 3235 2629 3307 ὲκτραχωμάτων
2661 3236 2693 3306 ἢ
2718 3236 2973 3307 πορνείας
3000 3236 3032 3305 ἢ
3066 3238 3312 3307 μοιχείας
3335 3236 3369 3307 ἢ
3398 3236 3599 3305 κλοπῆς
3625 3236 3756 3306 μηδ’

2179 3328 2359 3380 ὁτιοῦν
2389 3327 2663 3380 ἀπαιτεῖν.
2691 3327 2771 3381 Τὰ
2793 3326 2849 3379 δὲ
2889 3326 3194 3397 κλοπιμαῖα
3224 3327 3589 3398 εὑρισκόμενα
3617 3328 3758 3381 ἀνα-

2182 3418 2451 3482 σώζεσθαι
2480 3420 2592 3481 τοῖς
2627 3418 2777 3481 ἰδίοις
2808 3418 3122 3481 δεσπόταις.
3153 3418 3442 3472 Δεσποτῶν
3481 3417 3538 3471 δὲ
3567 3418 3645 3489 μὴ
3676 3417 3761 3470 δν-

2180 3527 2311 3573 των,
2336 3507 2416 3579 τῷ
2440 3509 2685 3579 δημοσίῳ
2708 3507 3144 3579 εἰσκομίζεσθαι.

2252 3600 2315 3654 δ’.
2358 3600 2631 3661 Ὡσαύτως
2677 3599 2744 3653 δὲ.
2779 3599 2875 3653 καὶ
2935 3599 3313 3655 τελευτώντων
3344 3598 3507 3654 τινῶν
3542 3599 3765 3655 ἀδιαθέ-

2181 3710 2311 3756 τως,
2343 3693 2436 3746 καὶ
2469 3692 2607 3762 μηδὲ
2652 3695 2936 3761 συγγενεῖς
2963 3692 3196 3762 ἑχόντων
3228 3692 3386 3745 ἕκτου
3416 3691 3650 3762 βαθμοῦ,
3692 3690 3766 3744 τὰ

2182 3786 2508 3855 διαφέροντα
2540 3786 2726 3849 αὐτοῖς
2751 3784 2828 3855 τῷ
2869 3785 3115 3857 δημοσίῳ
3154 3785 3586 3855 εἰσκομίζεσθαι.
3630 3788 3765 3838 Δια-

2184 3876 2414 3945 θεμένου
2449 3875 2528 3939 δὲ,
2569 3877 2672 3930 κᾶν
2708 3878 2989 3945 συγγενεῖς
3033 3876 3109 3947 μὴ
3139 3877 3483 3947 εὑρίσκονται
3512 3877 3606 3929 καὶ
3639 3876 3766 3929 ἴδιοι

2187 3968 2349 4037 μέχρι
2386 3967 2479 4021 τοῦ
2514 3967 2805 4040 εἱρτηιιένου
2845 3965 3077 4038 βαθμοῦ,
3132 3965 3498 4035 φυλάττεσθαι
3544 3968 3612 4020 τὰ
3660 3965 3769 4036 τῆς

2183 4059 2467 4132 διαθήκης.

2254 4149 2316 4203 ε’.
2369 4150 2649 4214 Ὡσαύτως
2694 4152 2751 4206 δὲ
2808 4151 3098 4207 ἀδιαθέτου
3157 4148 3615 4218 τετελευτηκότος
3665 4164 3769 4202 και

2186 4243 2465 4309 συγγενῶν
2495 4243 2923 4314 εὑρισκομένων,
2954 4243 3091 4313 πρὸς
3122 4243 3367 4305 ἐκείνους
3393 4242 3460 4294 τὰ
3489 4241 3585 4309 τῆς
3636 4239 3799 4314 κτήσξ

2187 4357 2322 4402 σεως
2372 4336 2852 4409 μεταπέμπεσθαι.
2916 4336 2980 4388 Εἰ
3032 4335 3088 4388 δὲ
3144 4334 3282 4404 μήτε
3339 4333 3575 4386 διάθοιτο
3625 4332 3768 4401 μήτε

2190 4433 2472 4499 συγγενεῖς
2509 4428 2620 4497 ἔχοι
2650 4428 2677 4477 ὁ
2705 4427 3133 4497 τετελευτηκὼς,
3193 4426 3315 4478 τότε
3342 4423 3402 4477 τὸ
3445 4423 3542 4494 μὲν
3581 4422 3768 4492 τρίτον

2190 4521 2354 4589 μέρος
2384 4519 2481 4589 τῆς
2507 4517 2671 4571 αὐτοῦ
2707 4520 2950 4587 κτήσεως
2979 4517 3217 4571 δίδοσθαι
3247 4516 3389 4584 ὑπὲρ
3419 4514 3617 4585 λύτρου
3652 4511 3764 4565 τῶν
3798 4508 3805 4525 ³

2188 4610 2495 4680 ἁμαρτιῶν¹
2527 4609 2693 4662 αὐτοῦ
2746 4610 2856 4670 τοῖς
2901 4610 2958 4661 ὲν
3015 4606 3236 4677 Χριστῷ
3288 4606 3574 4672 ἀδελφοῖς*
3622 4600 3683 4654 τὸ
3710 4600 3769 4654 δὲ

2108 4754 2130 4781 ',
2185 4703 2501 4776 περιττεῦον
2527 4702 2601 4774 τῷ
2625 4702 2868 4774 δημοσίῳ
2899 4699 3335 4771 εἰσκομίζεσθαι.

2059 4817 2200 4873 XIII.

579 4924 722 4997 Imp.
751 4927 1086 4986 Constantini
1117 4931 1553 5006 Porphyrogeniti
1594 4934 1906 5000 rescriptum
1940 4934 2002 4985 de
2035 4935 2365 4988 restitutione
2399 4934 2722 5003 prwdiorum
2761 4950 2791 4986 α
2844 4932 3144 5001 potentibus
3175 4938 3600 4997 comparatorum
3629 4926 3768 4995 (i7).

1948 5023 2063 5078 Non
2096 5032 2300 5081 exstat.

580 5180 694 5251 (15)
728 5178 1005 5251 Novellam
1034 5179 1201 5248 ipsam
1241 5194 1345 5233 non
1378 5194 1521 5245 esse,
1560 5179 1741 5251 quivis
1792 5180 2044 5251 intelligit
2077 5197 2091 5234 :

511 5248 876 5322 deperdirtaene
909 5248 1144 5322 ANovellaz
1206 5252 1442 5322 epitomis
1473 5253 1565 5322 sit,
1595 5249 1836 5322 dubitari
1889 5248 2087 5318 potest.

514 5318 763 5376 Nonnulli
799 5320 979 5387 capita
1032 5320 1066 5373 4
1119 5329 1176 5373 ct
1206 5318 1239 5372 5
1278 5334 1343 5373 ex
1374 5319 1596 5374 Novella
1631 5318 1744 5383 XII,
1775 5335 1895 5387 qua:
1950 5335 2090 5387 prte-

514 5393 701 5455 cessit,
762 5390 1056 5459 epitomata
1120 5404 1241 5443 esse
1274 5397 1597 5455 putaverunt
1642 5407 1654 5441 :
1692 5391 1873 5443 minus
1920 5399 2089 5459 recte,

514 5477 635 5514 cum
660 5476 781 5529 cap.
802 5458 838 5514 l
859 5476 981 5513 cum
1012 5459 1099 5512 illa
1122 5459 1255 5513 nihil
1288 5473 1574 5529 commune
1603 5458 1819 5524 habeat,
1840 5469 1893 5513 et
1921 5475 2038 5525 cap.
2059 5458 2091 5511 5

403 5532 410 5545 ’
514 5530 657 5585 aliud
688 5526 850 5599 quam
881 5529 968 5582 illa
1016 5538 1236 5582 statuat.
1273 5526 1352 5600 Ad
1388 5529 1790 5600 successionem
1833 5536 2092 5600 cognato-

520 5615 639 5669 rum
682 5596 942 5669 usquead
979 5608 1194 5669 sextum
1219 5597 1446 5663 gradum
1484 5596 1732 5652 conferas
1764 5596 1923 5668 supra
1952 5596 2086 5651 Nov.

525 5667 658 5735 \‘lll,
692 5686 744 5726 c.
770 5667 827 5724 2.
865 5668 1031 5724 ΖΑειι.
1066 5683 1096 5721 Α
1120 5667 1270 5723 ιιιΜι.

2264 5184 2376 5251 (16)
2397 5182 2571 5236 Ilicet
2591 5183 2730 5236 infra
2765 5180 3090 5251 μιλιαρήσια
3122 5178 3469 5251 scribendum
3499 5191 3619 5230 esse
3646 5191 3776 5230 cre-

2191 5246 2444 5321 diderim.
2500 5246 2823 5321 Quanquam
2866 5246 3093 5321 LduincI.
3151 5251 3218 5321 ad
3269 5261 3320 5300 v.
3357 5246 3515 5317 μίλια
3573 5253 3775 5321 notat:

2194 5340 2212 5371 ι
2253 5320 2480 5376 Monstro
2511 5314 2735 5383 nomen,
2766 5335 2884 5389 qua:
2914 5329 2968 5372 et
3003 5318 3333 5388 μιλιαρίσιον
3360 5314 3377 5368 ξ
3405 5331 3528 5389 pars
3559 5314 3781 5369 scilicet

2191 5395 2341 5444 aurci
2361 5393 2698 5449 duodecima.
2720 5406 2749 5444 ιι
2762 5386 3020 5448 ι’ὃιιίιιεε,
3040 5391 3155 5441 sive
3180 5388 3390 5453 siliquae
3410 5386 3533 5454 (hoc
3558 5393 3662 5447 est,
3678 5402 3771 5437 κε-

2194 5462 2374 5532 ράτια)
2408 5463 2552 5521 duae.
2586 5469 2644 5514 ut
2669 5461 2949 5532 Ccdrcnus
2994 5457 3178 5522 tradit,
3204 5459 3296 5527 qui
3327 5467 3381 5509 et
3405 5456 3658 5525 siliquam
3690 5456 3779 5509 ait

2187 5527 2381 5586 obolos
2416 5546 2466 5583 χι
2498 5532 2798 5584 continuere.
2837 5547 2855 5579 ι
2891 5527 2966 5581 Ιυ.

2262 5602 2373 5671 (l7)
2411 5599 2582 5669 Iinjus
2613 5598 2845 5655 Novella:
2884 5597 3086 5653 mentio
3127 5597 3184 5650 iit
3212 5599 3265 5651 in
3306 5594 3440 5648 Nov.
3488 5592 3624 5647 XIV.
