4050 6414
796 477 879 487 "—‘
895 477 1950 491 ...ηε-*ια’*
1964 482 1973 488 ι

805 642 1558 783 ΕΚΛΟΓΑΙ
1634 651 2030 779 ΠΕΡΙ
2104 652 2976 783 ΠΡΕΣΒΕΩΝ

2007 482 2974 513 m

2983 485 3036 494 _-
3048 489 3181 495 ην---
3234 481 3520 516 ====

1498 1034 2264 1156 EXCEBPTA

693 1295 1002 1470 DE
1170 1293 3035 1481 LEGATIONIBUS
3180 1276 3181 1281 *

250 1596 345 1654 Ex
383 1590 689 1671 Dexippo
731 1591 1144 1665 Atheniensi,
1198 1595 1493 1672 Ennapio
1533 1594 1868 1668 Sardiano,
1916 1596 2102 1659 Petro
2145 1598 2411 1668 patricio
2455 1604 2513 1659 et
2562 1600 2890 1677 magistro,
2940 1600 3167 1662 Prisco
3201 1600 3511 1679 scphista,

588 1695 807 1756 Marco
848 1693 1419 1771 Philadelphiensi,
1471 1696 1827 1757 Menandro
1860 1704 2241 1777 protectore,
2288 1699 2774 1780 TlteOphylacto
2820 1701 3158 1764 Simocalta
3188 1750 3205 1777 ,

260 1820 406 1880 Pas!
450 1817 706 1882 Daoidis
751 1817 1086 1881 Haschelii
1129 1828 1185 1879 et
1225 1819 1511 1897 Philippi
1554 1818 1783 1882 Labbei
1826 1838 2038 1895 curas,
2070 1822 2308 1883 Bonum
2337 1840 2503 1881 anno
2561 1822 2720 1884 1828
2752 1824 2923 1901 typis
2958 1821 3164 1886 demto
3218 1826 3516 1888 mandata

1153 1939 1342 2001 opera
1385 1932 1442 1983 et
1486 1923 1699 1985 studio
1752 1924 1823 1985 Β.
1874 1925 1949 1987 G.
1990 1925 2333 1988 Niebuhrii
2391 1926 2461 1988 Ο.
2522 1924 2594 1986 F.

945 2232 1510 2299 'PIUEFATIO
1567 2234 2062 2299 EDITORUM
2119 2238 2746 2301 BONNENSIUM.

306 2395 616 2451 Parisioam
655 2394 1039 2451 historicorum
1070 2395 1494 2467 Byzantinorum
1534 2396 1824 2453 editionem
1875 2412 1979 2452 non
2008 2412 2073 2452 eo
2105 2397 2285 2451 animo
2321 2400 2389 2450 ab
2421 2396 2574 2452 initio
2618 2396 2918 2459 institutam
2953 2414 3080 2456 esse
3111 2407 3171 2455 nt
3228 2398 3505 2467 integrum

237 2482 568 2547 scriptorum
605 2494 802 2548 corpus
845 2479 1322 2550 complecteretur,
1357 2474 1616 2551 inspectis
1665 2481 2033 2536 voluminibus
2063 2495 2184 2548 quae
2216 2489 2342 2547 ante
2371 2479 2577 2531 editum
2607 2493 2636 2532 a
2670 2477 2925 2547 Philippo
2957 2479 3175 2536 Labheo
3206 2477 3507 2548 protrepti-

244 2580 347 2616 con
376 2562 724 2631 prodierant,
761 2560 917 2617 facile
943 2572 1185 2632 apparet.
1217 2562 1467 2618 Labbeus
1503 2576 1706 2629 autem,
1736 2573 1842 2618 tam
1880 2564 2121 2619 historia:
2148 2562 2459 2633 cognitione
2489 2577 2652 2629 quam
2702 2562 2916 2630 ingenio
2936 2563 3237 2631 judieiique
3270 2563 3511 2615 sanitate

236 2645 454 2713 egregie
491 2644 811 2711 instructus,
846 2644 1011 2699 simul
1032 2659 1095 2698 ac
1130 2660 1251 2700 sese
1275 2645 1424 2715 Operi
1456 2648 1805 2715 exsequendo
1835 2645 2364 2717 dederat,corporis,
2397 2645 2539 2715 quod
2573 2644 2828 2712 deinceps
2853 2645 3110 2714 paulatim
3139 2644 3332 2709 crevit,
3366 2644 3505 2698 ima-

235 2730 418 2796 ginem
461 2727 565 2783 sibi
607 2726 941 2796 informavit,
986 2730 1211 2798 ejusque
1251 2730 1568 2800 perﬁciendi
1623 2732 1923 2785 animosam
1961 2747 2109 2799 sporn
2150 2730 2438 2797 concepit;
2469 2745 2572 2797 qua
2605 2728 2803 2784 ductus
2841 2728 3072 2784 indicem
3116 2727 3281 2783 futuri
3320 2736 3507 2797 synta-

235 2812 436 2879 gmatis
469 2811 787 2879 proposuit;
821 2811 1066 2881 singulis,
1098 2828 1215 2879 qua:
1254 2823 1381 2867 tunc
1403 2814 1619 2885 cognita
1653 2822 1828 2879 erant,
1854 2813 2073 2881 scriptis
2101 2814 2154 2868 in
2182 2828 2247 2867 eo
2278 2812 2452 2867 locum
2484 2825 2878 2879 numerumque
2902 2812 3219 2879 assignavit.

306 2891 553 2947 Primum
598 2894 651 2947 in
692 2897 793 2948 hoc
826 2895 1007 2949 indice
1039 2896 1313 2959 volumen,
1345 2907 1558 2950 servata
1588 2898 1727 2951 serie
1754 2910 1934 2949 rerum
1964 2907 2262 2964 gestarum,
2301 2896 2371 2948 ita
2402 2898 2778 2963 componebat,
2813 2905 2870 2948 ut
2901 2894 3019 2963 ejus
3049 2893 3278 2948 futtdum
3304 2893 3511 2949 faceret

238 2975 451 3046 eclogas
473 2976 543 3031 de
572 2976 936 3046 legationibus
966 2995 993 3032 a
1029 2977 1228 3033 Davide
1261 2977 1572 3035 llmschelio
1596 2983 1807 3046 editas;
1843 2981 2043 3051 quippe
2065 2996 2205 3050 quae,
2228 2996 2339 3034 uno
2360 2990 2587 3047 excepto
2617 2978 2933 3042 Menandro.
2965 2979 3032 3034 ad
3063 2988 3305 3046 tempora
3331 2977 3509 3032 Justi-

247 3056 413 3112 niano
438 3060 755 3129 imperante,
785 3058 1155 3132 ProcOpioque
1179 3061 1464 3131 scriptore,
1506 3063 1814 3132 antiquiora
1851 3073 2162 3135 spectarent
2198 3081 2210 3118 :
2247 3063 2600 3119 Menandrum
2637 3072 2817 3119 autem
2846 3064 2914 3117 ab
2952 3077 3016 3118 eo
3042 3070 3262 3132 prepter
3286 3064 3506 3117 easdem

243 3140 481 3198 rationes
513 3142 615 3199 hoc
639 3145 760 3199 loco
798 3154 1062 3199 retentum
1090 3160 1210 3200 esse
1237 3134 1494 3211 arbitror,
1527 3163 1646 3217 quas
1682 3149 1810 3203 mihi
1837 3134 2051 3222 quoque
2073 3162 2141 3203 ne
2171 3162 2294 3201 eum
2329 3147 2451 3200 inde
2480 3146 2814 3201 dimoverem
2841 3154 3130 3200 suaserunt
3157 3163 3172 3199 :
3203 3142 3412 3199 scilicet
3449 3151 3508 3197 ut

239 3227 412 3280 nimia
446 3226 737 3282 voluminis
770 3228 985 3282 exilitas
1010 3229 1295 3284 vitaretnr.
1320 3229 1416 3284 Cui
1451 3232 1630 3299 potius
1668 3238 1915 3304 augendo
1941 3248 2064 3286 cum
2104 3246 2290 3285 curam
2323 3229 2630 3290 adhiberet,
2663 3228 2863 3282 factum
2907 3243 3028 3284 esse
3059 3241 3275 3292 censeo,
3304 3237 3363 3281 ut
3395 3242 3523 3281 non-

232 3308 412 3363 solum
442 3308 682 3379 eclogas,
722 3326 858 3380 quas
886 3311 1114 3366 Pbotius
1140 3327 1205 3366 ex
1245 3311 1630 3382 Olympiodoro
1660 3315 2015 3386 Candidoque
2050 3324 2102 3369 et
2139 3311 2472 3383 Theophane
2503 3311 2852 3380 conscripsit,
2879 3310 3237 3381 subjungeret
3263 3328 3280 3376 ;
3314 3325 3502 3364 verum

228 3403 490 3461 exterpta
527 3409 744 3462 quoque
785 3394 1233 3449 Constantiniana
1288 3394 1355 3450 de
1397 3396 1758 3466 legationibus
1794 3416 1861 3455 ex
1898 3397 2328 3468 Theopbylacto,
2373 3394 2498 3447 licet
2547 3396 2737 3448 eodem
2788 3405 3032 3463 tempore
3069 3396 3230 3465 hujus
3278 3394 3504 3449 historia

230 3472 442 3542 integra
472 3474 525 3527 in
556 3474 744 3530 eodem
776 3477 1141 3546 typographeo
1172 3477 1336 3546 prelis
1370 3478 1609 3544 subjecta
1643 3493 1822 3549 esset;
1853 3496 1963 3540 tum
2000 3498 2131 3537 vero
2162 3479 2414 3550 llesycbii
2439 3480 2760 3545 opusculum
2791 3478 2860 3533 de
2888 3478 3190 3549 originibus
3219 3477 3505 3551 Byzantii;

230 3556 472 3627 druique
503 3573 534 3613 e
566 3557 732 3613 Suida
770 3559 990 3615 collecta
1021 3575 1140 3629 quae
1166 3561 1231 3614 ad
1262 3562 1568 3616 universam
1601 3563 1884 3622 historiam
1910 3567 2287 3637 Byzantinam,
2317 3562 2588 3631 publicam
2619 3562 2827 3629 pariter
2853 3570 3018 3629 atque
3044 3563 3509 3624 ecclesiasticam,

231 3641 517 3711 pertinere
547 3644 880 3697 viderentur.
906 3643 1114 3710 Quibus
1149 3644 1494 3714 compositis,
1519 3646 1753 3715 subjecit
1785 3650 2172 3706 diversissimae
2204 3645 2402 3701 indolis
2428 3644 2812 3699 annotationes
2842 3644 2895 3698 in
2925 3644 3142 3710 eclogas
3171 3645 3241 3699 de
3277 3644 3507 3713 legatio-

232 3724 398 3778 nibus
432 3743 446 3779 :
489 3725 837 3781 admirandas
862 3726 1077 3782 llenrici
1114 3725 1335 3792 Valesii,
1362 3727 1463 3781 viri
1505 3743 1641 3795 pene
1679 3732 1996 3800 singularis,
2028 3741 2082 3787 et
2103 3730 2330 3785 stolidas
2358 3725 2668 3782 Cantoclari
2697 3743 2710 3778 :
2737 3736 2850 3780 tum
2877 3726 2941 3780 ad
2976 3739 3038 3781 ea
3066 3740 3185 3795 quae
3214 3742 3278 3781 ex
3304 3724 3507 3781 Pbotio

233 3806 518 3877 descripta
562 3818 712 3875 sunt,
755 3824 883 3865 snas
923 3811 1092 3880 ipsius
1138 3812 1664 3880 commentationes;
1711 3815 2032 3885 prolixiores
2076 3816 2193 3871 illas
2235 3812 2450 3882 quidem
2486 3826 2647 3880 quam
2692 3810 2828 3865 satis
2871 3820 3036 3877 esset,
3076 3811 3170 3865 sed
3209 3810 3501 3869 admodum

238 3889 408 3944 utiles
448 3902 502 3944 et
532 3893 679 3947 bona:
719 3890 892 3961 frugis
926 3894 1113 3962 plenas
1146 3911 1159 3948 :
1199 3896 1465 3949 universa:
1513 3906 1692 3951 autem
1736 3899 2038 3954 collectioni
2079 3895 2366 3969 prannisit,
2411 3895 2557 3962 quod
2602 3891 2970 3961 Prorrepticon
3006 3891 3307 3961 inscripsit,
3350 3890 3506 3946 valde

237 3972 551 4028 festinatum
581 3977 900 4046 opusculum
927 3993 941 4038 ;
968 3992 1098 4045 quo,
1148 3988 1345 4047 prmter
1369 3986 1726 4047 conspectum
1760 3984 1960 4051 operis.
1992 3982 2060 4037 de
2088 3996 2196 4049 quo
2218 3978 2473 4049 superius
2499 3976 2826 4031 mentionem
2865 3975 2991 4039 feci,
3026 3976 3308 4046 catalogus
3337 3977 3506 4044 impe-

236 4069 479 4111 ratorum
526 4060 1070 4130 patriareharumque
1136 4063 1489 4127 continetur;
1522 4064 1704 4119 addito
1737 4065 1915 4120 iudice
1939 4068 2004 4120 ad
2043 4067 2349 4119 litterarum
2390 4061 2642 4117 ordinem
2680 4060 2963 4129 disposito,
3004 4074 3112 4129 quo
3149 4059 3330 4115 etmcti
3367 4074 3506 4112 euu-

237 4152 518 4198 merantur
546 4159 780 4214 quorum
813 4146 878 4199 ad
914 4148 1053 4202 hanc
1078 4146 1319 4201 historiae
1348 4162 1555 4216 partem
1588 4152 1893 4218 spectantia
1923 4153 2147 4219 scripta,
2192 4158 2284 4202 aut
2319 4147 2512 4201 saltem
2548 4161 2736 4200 eorum
2776 4145 3035 4200 memoria
3065 4143 3336 4199 exstabat.

304 4226 419 4298 Ego
444 4242 596 4293 vero,
622 4244 744 4283 cum
777 4230 829 4283 in
870 4245 936 4285 eo
968 4246 1052 4286 res
1085 4239 1230 4288 esset
1254 4242 1309 4285 ut
1341 4233 1506 4288 editio
1542 4233 1848 4289 Bottnensis
1876 4235 2096 4302 eclogas
2129 4236 2195 4287 de
2224 4230 2586 4298 legationibus
2618 4229 2923 4292 exhiberet,
2958 4229 3228 4296 quomodo
3252 4228 3305 4281 in
3341 4234 3504 4291 caete-

237 4315 328 4372 ris.
372 4329 497 4380 quae
537 4312 786 4370 Labbcus
822 4315 889 4370 iis
929 4315 1198 4385 adjunxit,
1236 4332 1485 4372 versarer
1534 4334 1639 4372 non
1685 4333 1876 4387 parum
1913 4316 2170 4372 ltmsitavi.
2217 4311 2403 4380 Neque
2434 4312 2580 4367 enim
2612 4311 2900 4364 immemor
2936 4325 3056 4363 sum
3096 4307 3503 4378 promissionis,

234 4413 334 4465 qua
366 4395 638 4451 Weberus
664 4413 786 4452 sese
814 4397 1106 4453 obstrinxit
1140 4415 1152 4449 :
1181 4400 1310 4453 nihil
1343 4416 1566 4468 prorsus
1588 4415 1654 4455 ex
1690 4400 1797 4464 his,
1821 4416 1942 4471 quae
1972 4401 2023 4452 iu
2056 4398 2291 4455 editione
2329 4394 2576 4450 Parisina
2601 4393 2969 4457 continentur,
2999 4392 3259 4447 omissum
3290 4390 3353 4445 iri
3386 4406 3399 4443 :
3431 4416 3505 4430 —

236 4480 373 4547 quod
406 4480 629 4548 quidem
656 4481 878 4535 minime
904 4483 1174 4544 obstabat,
1209 4497 1273 4535 ne
1300 4482 1550 4552 llesychii
1582 4485 1901 4550 opusculum
1934 4481 2152 4551 aptiori,
2180 4479 2293 4534 imo
2326 4477 2546 4547 proprio
2576 4491 2675 4531 suo
2734 4474 2854 4529 loco
2883 4482 3295 4539 reservaretur;
3332 4487 3397 4526 ac
3434 4486 3504 4527 ne

234 4562 554 4616 ornitteudis
588 4564 803 4631 quidem
836 4566 1109 4634 excerptis
1142 4581 1208 4619 ex
1244 4562 1673 4635 'l‘neopbylacto,
1705 4580 1937 4635 quarum
1978 4564 2123 4617 nulla
2157 4563 2381 4616 omnino
2420 4558 2628 4615 utilitas
2660 4567 2766 4624 est,
2799 4557 2901 4612 nisi
2942 4566 3001 4611 ut
3037 4555 3161 4610 inde
3214 4556 3381 4610 varia:
3425 4555 3506 4612 le-

236 4645 449 4699 ctiones
479 4645 548 4699 ad
576 4646 741 4699 crisin
778 4645 973 4716 integri
1006 4648 1186 4713 operis
1223 4656 1495 4715 petantur.
1529 4649 1599 4705 De
1641 4648 1865 4716 reliquis
1902 4648 1953 4701 in
1996 4657 2283 4713 utramque
2334 4654 2541 4712 partem
2579 4640 2844 4708 disputari
2881 4645 3111 4708 poterat.
3152 4638 3410 4692 Attamen
3446 4638 3505 4693 in

236 4727 402 4782 Suida
436 4728 818 4798 perlustrando
842 4730 954 4784 sive
988 4730 1231 4785 Labbeus
1259 4731 1374 4786 sive
1413 4731 1573 4793 alius,
1602 4730 1686 4785 cui
1733 4732 1873 4786 hunc
1906 4729 2151 4785 laborem
2181 4727 2550 4792 demandavit,
2588 4724 3055 4795 negligentissime
3082 4731 3331 4777 versatus
3374 4730 3502 4788 est;

236 4825 310 4882 ut,
347 4817 395 4871 si
440 4832 631 4870 revera
661 4831 781 4886 qua:
817 4816 889 4872 ibi
933 4819 997 4871 ad
1041 4819 1321 4885 historiam
1347 4819 1706 4890 Byzantinam
1758 4813 1992 4884 reposita
2032 4822 2259 4878 exstant.
2295 4808 2521 4864 collecta
2560 4809 2689 4862 dare
2732 4807 2901 4873 velis,
2956 4806 3109 4861 labor
3161 4805 3505 4860 adhibendus

232 4909 400 4963 esset,
431 4899 520 4953 cui
553 4899 911 4970 impertiendo
935 4902 1038 4956 hoc
1061 4903 1276 4972 quidem
1329 4912 1572 4973 tempore
1604 4919 1778 4973 neque
1811 4898 1936 4954 mihi
1961 4900 2130 4952 otium
2163 4906 2251 4951 est
2285 4910 2458 4964 neque
2485 4894 2697 4955 amicis.
2722 4893 2813 4963 qui
2847 4908 2962 4946 mea
2999 4907 3163 4946 causa
3194 4892 3374 4973 etiam
3419 4891 3505 4945 in-

234 4995 452 5056 gratum
483 4985 765 5055 suscipere
793 4987 968 5055 parati
1002 4997 1145 5041 sunt.
1183 4988 1258 5042 Ex
1296 4989 1380 5043 his
1410 4972 1588 5045 autem
1617 4972 1736 5058 qua:
1771 4982 1909 5055 apud
1942 4981 2218 5034 Labbeum
2249 4978 2476 5033 collecta
2508 4977 2759 5045 leguntur
2800 4990 2904 5029 non
2938 4972 3204 5058 paucarad
3235 4973 3497 5058 ecclesia-

234 5071 431 5125 sticam
464 5069 747 5123 historiam
772 5070 1047 5138 pertinent
1079 5086 1091 5122 :
1127 5085 1157 5123 e
1181 5070 1403 5138 reliquis
1426 5057 1762 5141 quaecunque
1793 5065 2013 5135 majoris
2038 5064 2295 5117 momenti
2318 5072 2445 5116 sunt
2465 5070 2557 5115 aut
2587 5060 2790 5114 diserte
2820 5060 2919 5113 sub
2970 5057 3200 5127 alicujus
3222 5071 3252 5111 e
3278 5057 3496 5141 seviris,

231 5166 466 5221 quorum
503 5151 762 5220 reliquias
785 5167 907 5206 cum
931 5153 1170 5207 maxime
1193 5138 1689 5216 edimus—nomine
1715 5151 2035 5212 afferuntur,
2068 5156 2160 5200 aut
2187 5148 2253 5199 ad
2291 5160 2459 5199 unum
2482 5160 2546 5199 ex
2576 5143 2645 5197 iis
2677 5143 2785 5210 iam
2818 5143 2930 5209 diu,
2960 5142 3260 5213 prtesertim
3302 5138 3499 5196 Valesii

233 5236 514 5298 acumine,
548 5235 716 5289 relata
754 5244 900 5302 sunt,
962 5246 1157 5290 caetera
1204 5236 1341 5290 levia
1379 5234 1491 5291 fere
1526 5236 1778 5289 videntur
1807 5251 1869 5290 ac
1919 5231 2071 5301 parvi
2111 5231 2290 5301 pretii.
2327 5227 2458 5295 Quae
2484 5243 2605 5283 cum
2639 5229 2708 5282 ita
2740 5230 2870 5293 sint,
2908 5228 3020 5291 illa,
3055 5239 3281 5297 quorum
3323 5225 3501 5292 primo

232 5319 348 5375 loco
381 5319 712 5373 mentionem
742 5318 867 5384 feci,
901 5333 1123 5388 prorsus
1146 5322 1415 5384 omittam,
1451 5334 1539 5384 ne,
1566 5322 1689 5374 dum
1726 5320 2008 5375 historiam
2046 5319 2471 5376 ecclesiasticam
2506 5318 2736 5388 attingo,
2767 5318 2818 5371 in
2852 5319 3177 5373 immensum
3208 5320 3496 5369 excrescat

230 5422 369 5476 opus
405 5405 520 5474 jam
546 5422 643 5475 per
672 5420 732 5461 se
775 5407 935 5462 nimis
979 5406 1258 5477 amplum:
1292 5438 1359 5447 —
1390 5423 1451 5464 ea
1487 5423 1616 5463 vero
1655 5423 1773 5479 qua:
1816 5409 2039 5465 Suidam
2084 5423 2148 5464 ex
2190 5407 2312 5462 aliis
2351 5406 2926 5461 Constantinianarmn
2970 5404 3276 5470 eclogarum
3322 5396 3492 5452 titulis

230 5491 538 5559 sumpsisse
569 5497 819 5558 apparet,
840 5506 981 5560 saepe
1008 5494 1402 5555 emendatiora,
1435 5491 1661 5562 adjectis
1694 5507 1798 5547 non
1833 5493 1968 5547 adeo
1990 5493 2177 5560 paucis
2206 5490 2445 5559 ejusdem
2476 5490 2716 5561 generis,
2746 5487 2997 5559 subjnnxi
3041 5484 3285 5554 reliquiis
3310 5482 3495 5536 unius-

231 5572 499 5641 cujusque
534 5573 823 5641 scriptoris
856 5589 872 5626 :
907 5582 1108 5628 caetera
1128 5589 1292 5630 .nunc
1318 5576 1533 5644 quidem
1565 5590 1669 5629 non
1701 5578 1951 5639 exhibeo,
1983 5590 2088 5628 non
2121 5583 2299 5627 tamen
2324 5580 2381 5626 ut
2414 5572 2501 5625 illa
2537 5572 2589 5626 in
2616 5580 2933 5641 perpetuum
2965 5566 3272 5629 excludam,
3307 5563 3404 5618 sed
3430 5575 3497 5617 eo

234 5657 467 5711 consilio
503 5666 582 5722 ut,
625 5656 673 5712 si
717 5655 1010 5725 aliquando
1059 5655 1231 5709 otium
1277 5655 1442 5711 fuerit
1489 5656 1670 5712 Suidae
1711 5658 1969 5713 accurate
2008 5656 2345 5719 excutiendi,
2395 5666 2521 5709 tunc
2563 5654 2744 5724 amplo
2791 5653 3127 5705 incremento
3172 5644 3493 5715 locupletata

232 5738 413 5792 Omnia
445 5738 611 5795 simul
651 5752 971 5807 preponam.
996 5768 1065 5779 —
1092 5738 1402 5796 Cantoclari
1440 5740 1839 5807 aunotationes,
1872 5755 1993 5809 qua:
2030 5740 2334 5792 versionem
2378 5734 2625 5790 Latinam
2659 5742 2927 5804 spectant,
2957 5730 3251 5797 aliquando
3275 5742 3495 5783 errores

233 5820 536 5892 corrigunt,
593 5836 728 5891 quos
767 5819 1058 5879 Classenus
1104 5821 1353 5890 sustulit;
1407 5838 1793 5892 nonnunquam
1828 5823 1981 5879 novis
2025 5820 2144 5877 illos
2186 5819 2507 5884 cumulant;
2552 5834 2669 5887 qua:
2702 5816 2768 5871 ad
2797 5815 2982 5871 Graeca
3015 5812 3344 5878 referuntur,
3384 5810 3500 5880 ple-
