4050 6416
468 368 573 441 60]
1535 368 1933 431 EXCERPTA
1976 365 2073 424 DE
2111 364 2494 426 LEGATION
2507 366 2524 424 l
2537 365 2705 425 BUS.
3617 366 3720 432 603

476 497 702 550 rumque
733 497 853 536 cum
897 485 1196 540 tncredibili
1229 485 1527 555 ignorantia
1562 484 1909 551 conjunctam
1955 479 2311 533 stoliditatem
2346 480 2644 546 exhibent;
2685 478 2988 549 cuiusmodi
3029 479 3229 553 ﬂagitia
3273 497 3370 553 pro
3411 499 3528 540 mea
3566 498 3720 554 parte

477 580 780 634 prepagare
805 566 956 621 nefas
993 568 1185 624 habeo.
1232 568 1540 635 Aliquando
1565 566 1783 636 quidem
1818 566 1873 619 in
1911 565 2014 619 hoc
2048 560 2390 630 sterquilinio
2425 576 2510 616 res
2547 577 2656 616 non
2685 565 3118 620 contemnendas
3149 566 3434 634 invenias;
3471 569 3562 624 ubi
3590 571 3720 624 vitia

481 656 665 700 textus
701 646 1062 704 Iltescheliani
1094 650 1433 718 conjiciendo
1462 659 1654 703 sanata
1690 658 1782 704 aut
1823 657 1973 702 certe
2005 645 2358 715 probabiliter
2383 653 2586 699 tentata
2612 657 2740 701 sunt
2777 665 2790 702 :
2819 662 2938 717 qua:
2966 648 3235 704 hominem
3268 652 3488 706 absurdi
3521 653 3720 722 ingenii

482 730 824 798 excogitasse
854 748 1011 788 nemo
1041 735 1143 788 sibi
1175 732 1528 798 persuadebit
1558 747 1572 785 :
1611 746 1823 796 verum,
1853 730 2161 796 cuicunque
2189 727 2400 783 auctori
2440 728 2541 784 ista
2577 731 2864 796 debentur,
2894 747 3081 786 eorum
3117 734 3380 789 rationem
3416 735 3469 789 in
3500 737 3726 793 scholiis

483 812 690 866 criticis
731 813 800 866 ita
835 815 1080 868 habui‘ut
1108 815 1435 869 Cantoclaro
1466 829 1563 883 pro
1604 813 1674 869 iis
1705 813 1966 867 honorem
2000 809 2339 866 exhiberem.
2372 840 2442 851 —
2485 811 2765 869 Labbeum
2795 816 3044 885 equidem
3077 817 3301 872 minimc
3348 832 3546 886 sperno
3577 836 3591 870 :
3626 821 3724 875 sed

479 895 570 962 qui
603 895 715 961 rjus
743 895 1118 967 Protrepticon
1146 897 1351 965 jamdiu
1383 896 1642 952 oblivioni
1671 896 1928 950 traditum
1962 894 2158 948 iterum
2188 893 2239 946 in
2279 893 2560 948 hominum
2591 898 2840 950 notitiam
2874 895 3130 965 proferet,
3161 899 3206 954 is
3240 897 3424 967 gloriae
3450 899 3551 954 viri
3585 903 3730 958 male

479 977 725 1030 consulet
752 992 767 1032 :
796 979 929 1034 adeo
953 995 1166 1045 manca,
1197 994 1435 1048 persaepe
1468 989 1649 1034 autem
1674 991 1924 1032 errorum
1950 975 2128 1046 plena,
2167 987 2298 1031 sunt
2324 991 2443 1045 qua:
2469 977 2535 1033 de
2559 979 2918 1048 scriptoribus
2952 980 3111 1050 hujus
3147 981 3386 1037 historia:
3416 983 3622 1050 tradit,
3649 984 3726 1039 ita

482 1067 539 1109 ut
563 1059 646 1110 vi-x
681 1058 775 1111 illo
805 1074 919 1115 aevo
950 1060 1081 1115 ferri
1117 1061 1412 1132 potuerint,
1445 1069 1569 1128 post
1609 1059 1914 1116 Fabricium
1953 1071 2113 1113 nemo
2147 1055 2308 1112 l‘erat.
2336 1055 2727 1126 lmperatorum
2757 1058 3160 1128 chronologiam
3205 1075 3349 1115 nunc
3379 1061 3460 1114 vel
3509 1063 3662 1128 pueri
3695 1078 3732 1118 e

476 1139 625 1194 libris
645 1143 845 1211 ubique
865 1144 1040 1200 obviis
1061 1155 1244 1212 petere
1263 1152 1534 1214 poterunt,
1549 1145 1740 1198 saltem
1766 1157 1870 1196 non
1891 1142 2070 1196 minus
2097 1151 2411 1195 accuratam
2435 1157 2450 1206 ;
2472 1141 2539 1195 de
2583 1142 2934 1210 patriarchis,
2951 1143 2996 1197 si
3022 1143 3108 1198 cui
3137 1158 3383 1212 quaerere
3408 1145 3560 1212 libet,
3583 1147 3729 1215 apud

475 1219 827 1290 Bandurium,
863 1227 1018 1296 cujus
1065 1238 1350 1298 syntagma
1389 1228 1444 1282 in
1491 1227 1594 1282 hoc
1634 1238 1863 1295 corpore
1888 1223 2146 1278 exhibere
2169 1237 2276 1278 non
2321 1223 2678 1294 negligemus,
2704 1223 2946 1292 pleniora
2974 1225 3428 1294 accuratioraque
3463 1228 3730 1303 inveniet,

553 1317 681 1372 Haec
705 1320 1006 1377 omittendo
1043 1325 1376 1391 emptoribus
1414 1338 1480 1378 eo
1507 1321 1679 1391 magis
1704 1320 2092 1376 consulendum
2120 1330 2240 1375 erat
2275 1322 2418 1390 quod
2447 1321 2616 1376 editio
2652 1331 2838 1377 nostra
2890 1321 3084 1390 amplis
3115 1324 3524 1380 accessionibus
3563 1335 3726 1382 aucta

477 1413 580 1457 est.
616 1403 825 1458 Etenim
858 1407 923 1460 ad
967 1407 1287 1475 Dexippum,
1322 1405 1623 1474 Eunapium
1661 1415 1714 1460 et
1751 1404 2106 1458 Menandrum
2148 1413 2404 1470 excerpta
2438 1405 2503 1458 de
2536 1407 2824 1460 sententiis
2857 1407 3146 1473 addebant,
3169 1421 3290 1476 quae
3315 1422 3346 1462 e
3373 1409 3732 1478 palimpsesto

486 1485 745 1540 Vaticano
772 1489 941 1542 edidit
969 1489 1044 1544 ill.
1073 1490 1275 1545 Maius:
1303 1497 1414 1544 tum
1450 1490 1774 1559 fragmenta,
1805 1505 1835 1544 e
1865 1486 2029 1542 Suida
2057 1486 2190 1552 fere,
2228 1486 2448 1554 autjam
2475 1487 2726 1552 collecta,
2763 1497 2853 1541 aut
2885 1489 3078 1544 saltem
3111 1490 3346 1544 indicata
3385 1509 3398 1545 :
3423 1491 3643 1555 deinde,
3672 1505 3733 1548 ιιι

481 1565 766 1624 Fabricius
796 1571 907 1624 ﬁeri
935 1572 1122 1640 jussit,
1157 1573 1373 1643 eclogas
1403 1587 1433 1626 e
1461 1572 1720 1627 Nonnoso
1743 1572 1818 1641 (ιι)
1844 1586 1858 1636 ;
1883 1583 2046 1638 porro
2077 1568 2432 1638 panegyricos
2461 1569 2736 1624 Anastasii
2771 1585 2801 1624 a
2829 1569 3090 1642 Procopio
3118 1579 3174 1628 et
3201 1569 3483 1629 Prisciano
3511 1573 3730 1640 dictos;

481 1651 715 1720 denique
739 1653 995 1720 indicetn,
1031 1669 1094 1710 ex
1124 1657 1372 1710 instituto
1399 1656 1543 1725 quod
1575 1657 1627 1710 in
1653 1655 1883 1725 Agathia
1906 1653 2118 1708 edendo
2146 1659 2366 1706 secutus
2392 1667 2533 1716 sum,
2563 1653 2853 1723 duplicem.

550 1735 670 1791 Jam
717 1754 846 1794 vero
883 1755 1042 1809 quam
1079 1743 1337 1811 praclara
1374 1744 1483 1798 sint
1514 1758 1636 1814 qua:
1666 1744 1720 1797 in
1760 1744 1952 1797 horum
2006 1739 2308 1795 sevirorum
2352 1738 2596 1807 reliquiis
2629 1741 2693 1794 ad
2731 1741 2976 1797 historia:
3017 1743 3381 1811 cognitionem
3435 1745 3731 1814 pertinent,

485 1831 688 1875 norunt
716 1826 946 1879 lectores
969 1824 1200 1880 Gibboni
1240 1843 1253 1881 :
1289 1841 1462 1896 neque
1489 1840 1618 1881 vero
1658 1826 1946 1896 quisquam
1978 1824 2098 1878 sani
2142 1822 2337 1890 judicii
2376 1824 2462 1878 vir
2500 1826 2636 1879 adeo
2666 1825 2821 1880 unice
2851 1825 3045 1882 Atticis
3074 1826 3432 1881 delectabitur
3463 1837 3542 1894 ut,
3576 1831 3727 1883 verbi

484 1904 681 1971 gratia,
715 1903 886 1960 Prisci
933 1908 1298 1964 narrationem
1338 1909 1405 1963 de
1455 1909 1722 1978 legatione
1755 1907 1822 1962 ad
1856 1905 2078 1961 Attilam
2123 1904 2385 1965 fastidiat.
2440 1908 2624 1979 itaque
2667 1910 2994 1979 scriptorum
3044 1910 3266 1965 honoris
3313 1925 3520 1976 causa,
3568 1912 3724 1966 simul

483 1995 663 2040 autem
688 1989 913 2042 ornandi
942 1991 1142 2059 operis,
1169 1992 1256 2046 cui
1295 2006 1490 2048 nomen
1522 2007 1700 2046 meum
1741 1992 2070 2061 praescripsi,
2103 1991 2431 2059 quaerebam,
2457 1992 2500 2047 si
2523 1994 2606 2048 cui
2649 1993 2846 2048 illustri
2885 1994 2936 2048 in
2962 2009 3019 2047 re
3047 1994 3237 2048 critica
3277 1995 3472 2048 artiﬁci
3506 2010 3729 2060 persua-

484 2068 613 2121 dere
645 2085 878 2137 possent,
907 2081 965 2125 ut
1010 2073 1127 2142 ejus
1169 2075 1356 2144 prima:
1397 2075 1566 2143 partis
1612 2076 1960 2129 recensendo:
1989 2075 2291 2144 susciperet
2329 2073 2584 2128 cilicium.
2613 2073 2766 2129 Tunc
2799 2075 2983 2131 subito
3022 2077 3188 2131 menti
3228 2078 3554 2132 occurrebat
3590 2076 3730 2131 Bek-

483 2148 672 2215 kcrus,
706 2168 808 2206 non
843 2154 1019 2219 minus
1059 2164 1280 2226 propter
1307 2157 1601 2212 amicitiam
1633 2172 1736 2226 qua
1774 2166 2039 2219 tenemur,
2073 2173 2236 2226 quam
2263 2167 2484 2226 propter
2522 2158 2734 2212 unicam
2765 2159 2868 2211 vim
2904 2170 3066 2228 atque
3095 2159 3453 2225 celeritatem,
3479 2175 3645 2230 quam
3677 2160 3731 2212 in

485 2235 833 2313 recensendis
863 2236 1170 2292 Graecorum
1198 2239 1351 2295 libris
1374 2256 1495 2295 cum
1525 2239 1848 2295 eruditionis
1885 2239 2190 2310 ingeniique
2222 2243 2428 2296 lumine
2451 2241 2794 2313 conjunctam
2828 2243 3065 2298 exhibet.
3102 2245 3180 2298 Ac
3203 2248 3351 2298 certe
3375 2245 3424 2298 ei
3461 2243 3602 2298 laudi
3625 2259 3732 2311 qua

484 2312 782 2372 Politianus
816 2317 1017 2374 lectum
1053 2323 1311 2387 pictorem
1333 2331 1557 2388 ornat,’t
1597 2325 1724 2382 Plus
1755 2326 2026 2380 neminem
2059 2324 2298 2394 potuisse
2321 2312 2673 2393 pingerenec
2707 2325 2922 2388 melius,
2957 2344 2975 2376 ι
3005 2340 3188 2392 parem
3215 2324 3436 2380 omnino
3466 2324 3519 2378 iu
3543 2334 3735 2378 nostro

485 2397 790 2454 litterarum
821 2418 1018 2472 genere
1044 2404 1286 2462 Bekkcro
1313 2409 1654 2464 tribuendam
1679 2423 1822 2476 esse,
1851 2424 2029 2469 nemo,
2054 2407 2238 2471 credo,
2274 2406 2530 2476 ambiget.
2563 2404 2763 2476 Rogavi
2790 2421 2912 2460 eum
2953 2407 3132 2476 igitur,
3169 2407 3264 2462 sed
3293 2407 3506 2472 timide;
3535 2408 3738 2476 quippe

490 2495 595 2534 non
634 2484 853 2540 nescius
878 2501 1003 2540 eum
1050 2489 1316 2546 hactenus
1355 2492 1569 2546 nonnisi
1611 2493 1822 2548 collatis
1865 2492 2143 2547 codicibus
2186 2490 2433 2544 innixum
2467 2491 2636 2545 libros
2673 2493 3038 2546 recensendos
3086 2493 3392 2560 suscepisse
3427 2509 3441 2552 ;
3473 2501 3525 2544 at
3562 2493 3614 2544 in
3653 2493 3740 2547 his

486 2564 821 2634 legationmn
853 2574 1126 2641 excerptis
1171 2575 1418 2628 codicum
1451 2576 1756 2630 subsidium
1791 2577 1984 2630 aderat
2019 2575 2220 2628 nullum
2249 2591 2261 2626 :
2300 2591 2425 2629 nam
2460 2575 2838 2629 hlouacensem
2873 2576 2939 2629 ab
2981 2574 3286 2629 Hmschelio
3319 2575 3739 2630 accuratissime

485 2648 817 2718 cxscriptum
863 2667 987 2708 esse
1019 2665 1252 2722 constat,
1284 2655 1529 2711 Vaticani
1559 2667 1740 2712 autent
1773 2658 1934 2712 varia:
1975 2657 2232 2712 lectiones
2271 2657 2338 2711 ab
2386 2656 2463 2711 ill.
2499 2656 2638 2712 Maio
2683 2659 2906 2726 prolatae
2953 2672 3088 2727 pene
3132 2657 3439 2712 absolutum
3475 2673 3598 2712 cum
3643 2658 3740 2711 illo

486 2743 811 2812 consensum
857 2737 1126 2803 probant:
1156 2755 1330 2810 neque
1363 2739 1504 2794 ullus
1527 2752 1722 2810 praeter
1755 2743 1872 2804 bos,
1925 2739 2140 2794 sublato
2160 2757 2226 2796 ex
2257 2741 2540 2795 hominum
2592 2731 2786 2796 notitia
2821 2740 3138 2805 Schottano,
3177 2753 3462 2812 superesse
3495 2741 3734 2796 videtur.

487 2809 618 2881 Sed,
637 2818 780 2883 quod
801 2819 1016 2884 quidem
1042 2809 1407 2891 speraveram,
1428 2809 1642 2878 deﬂexit
1673 2822 1946 2877 Bckkcrus
1976 2839 2094 2879 mea
2121 2837 2283 2879 causa
2314 2825 2380 2880 de
2417 2840 2565 2879 more
2591 2839 2727 2892 suo;
2760 2826 3106 2894 acceptisque
3143 2809 3537 2879 litescheliauze
3569 2824 3742 2877 illaia-

488 2908 684 2964 naaque
735 2901 1032 2956 editionum
1078 2905 1360 2976 exemplis,
1387 2921 1618 2974 quorum
1643 2905 1871 2974 margini
1899 2905 2239 2973 conjecturas
2282 2909 2412 2963 mihi
2444 2918 2626 2972 natas,
2651 2905 2960 2978 Valesiique
3001 2907 3408 2963 emendationcs
3456 2909 3738 2976 ascripse-

489 2992 633 3062 ram,
666 2980 782 3050 ipse
827 2988 1097 3043 universis
1143 2991 1293 3045 hisce
1333 2990 1576 3060 reliquiis
1623 2989 1976 3042 emendandis
2016 3005 2076 3044 se
2123 2991 2290 3046 dedit.
2327 2991 2393 3044 Et
2433 2993 2576 3060 quod
2621 2991 2687 3045 ad
2729 2993 2851 3046 illas
2880 2993 3096 3062 quidem
3139 2993 3356 3056 attinet,
3408 2991 3738 3047 Parisiensis

489 3061 746 3119 editionis
772 3069 1067 3138 exemplar,
1101 3072 1432 3142 Maianzeque
1471 3073 1781 3141 eclogarum
1809 3072 1876 3126 de
1917 3075 2226 3143 sententiis,
2270 3075 2520 3146 plurimis
2561 3075 2694 3131 locis
2736 3061 3005 3141 correcta,
3055 3075 3298 3141 remisit;
3336 3090 3522 3130 verum
3561 3076 3634 3129 ita
3683 3083 3743 3130 ut

495 3147 725 3203 arbitrio
755 3165 874 3206 meo
909 3155 1238 3224 relinqueret
1261 3158 1306 3212 si
1337 3156 1464 3225 quid
1490 3157 1690 3210 addere
1720 3164 1814 3208 aut
1850 3165 2064 3212 mutare
2091 3157 2307 3212 vellem.
2341 3157 2460 3224 Quo
2486 3159 2737 3226 equidem
2774 3159 2846 3212 ita
2879 3173 3007 3213 usus
3035 3174 3175 3221 sum,
3204 3168 3262 3211 ut
3303 3158 3565 3227 plurimas
3599 3174 3739 3227 pne-

491 3235 682 3290 sertim
711 3235 938 3293 Bekkeri
963 3245 1370 3300 cmendationes
1403 3259 1522 3313 quae
1554 3244 1877 3299 certissimae
1905 3244 2220 3299 viderentur
2269 3246 2323 3300 in
2364 3246 2608 3300 ordinem
2642 3246 2910 3300 sermonis
2949 3245 3206 3299 inferrem
3237 3261 3250 3298 ε
3285 3243 3536 3297 adderem
3565 3243 3734 3296 etiam

491 3318 718 3374 subinde
743 3337 861 3390 quze
890 3325 1085 3380 iterato
1115 3327 1368 3381 examine
1402 3328 1453 3381 in
1488 3337 1721 3381 mentem
1762 3327 1895 3381 mihi
1930 3328 2177 3383 venirent
2210 3344 2224 3382 :
2258 3343 2323 3382 ex
2353 3329 2437 3382 his
2463 3337 2646 3382 autem
2676 3343 2795 3397 qua:
2820 3345 2847 3379 a
2880 3341 2964 3379 me
2987 3326 3258 3396 proposita
3287 3323 3548 3389 Brkkero,
3580 3323 3741 3393 cujus

493 3404 802 3460 auctoritati
827 3407 877 3460 in
902 3411 1169 3465 sermonis
1194 3411 1501 3481 cognitione
1526 3413 1727 3474 omnia,
1758 3411 1888 3466 mihi
1921 3410 2054 3465 nihil
2089 3411 2200 3466 fere
2235 3411 2435 3476 tribuo,
2466 3410 2806 3482 displicuisse
2841 3412 3107 3473 videbam,
3134 3410 3265 3471 nihil
3299 3409 3510 3472 reduxi,
3543 3405 3746 3476 μετεξιυί-

493 3499 752 3553 perquam
777 3504 947 3559 pauca
975 3508 1094 3561 qua:
1121 3509 1187 3548 ex
1219 3495 1444 3548 historia
1485 3495 1830 3564 dijudicanda
1860 3505 2063 3549 essent.
2095 3496 2278 3565 Usque
2315 3497 2450 3550 adeo
2479 3507 2659 3550 autem
2689 3494 2931 3548 Bckkcro
2971 3493 3193 3563 obsequi
3231 3508 3473 3547 meatum
3505 3496 3746 3561 partium

489 3582 611 3622 esse
635 3571 786 3637 duxi,
816 3583 894 3639 ut,
923 3576 1138 3630 etiamsi
1165 3577 1396 3633 subinde
1425 3578 1743 3648 suspicabar
1763 3579 2092 3648 scriptarum
2121 3581 2298 3648 potius
2326 3580 2720 3650 vitia,quorum
2758 3593 2939 3633 sermo
2974 3576 3160 3632 saeculi
3191 3577 3273 3631 sui
3308 3577 3427 3630 labe
3453 3585 3747 3630 contactus

492 3659 661 3714 esset,
691 3666 854 3720 quam
890 3656 1195 3710 scribarum
1228 3657 1528 3726 spltalmata
1552 3659 1692 3723 tolli,
1723 3660 2005 3729 impudens
2035 3667 2217 3719 tamen
2250 3664 2380 3718 mihi
2414 3665 2562 3719 visus
2587 3678 2785 3726 essem,
2818 3662 2862 3716 si
2897 3673 3086 3716 contra
3113 3676 3274 3730 quam
3314 3660 3406 3715 ille
3433 3659 3745 3723 statuisset,

488 3730 820 3790 deciderent.
850 3737 930 3790 Ad
960 3739 1062 3794 hoc
1093 3756 1262 3811 genus
1295 3742 1424 3797 illud
1461 3745 1717 3811 pertinet,
1750 3752 1809 3797 ut
1831 3744 2077 3813 exempla
2111 3745 2408 3813 proferam,
2441 3746 2582 3816 quod
2618 3760 2757 3816 saepe
2793 3761 2891 3815 pro
2931 3745 3134 3798 aoristo
3173 3745 3344 3813 primo
3382 3742 3626 3795 futurum
3660 3757 3747 3796 re-

491 3821 662 3884 ponit,
691 3831 804 3888 aut,
851 3825 941 3879 ubi
976 3829 1116 3894 apud
1157 3829 1429 3894 Priscum,
1486 3831 1775 3896 Malchum,
1826 3828 2204 3896 Menandrum,
2265 3831 2530 3885 articulus
2572 3828 2939 3892 desideratur,
2987 3841 3148 3894 quem
3199 3834 3347 3881 certe
3398 3841 3502 3878 non
3563 3826 3750 3878 minus

493 3902 722 3984 rationis
773 3922 935 3976 quam
987 3929 1133 3966 sanan
1178 3915 1587 3968 consuetudinis
1620 3913 1766 3983 leges
1813 3914 2079 3984 ﬂagitant,
2115 3929 2237 3969 eum
2291 3913 2503 3977 inserit,
2534 3912 2616 3968 vel
2657 3926 2817 3967 casus
2862 3911 3113 3979 obliqnos
3159 3909 3536 3978 pronominum
3573 3907 3660 3961 ὅδε
3694 3917 3748 3962 et

486 3973 644 4045 οὗτος
682 3973 805 4040 cum
854 3989 1045 4045 iisdem
1073 3995 1165 4062 qui
1203 4010 1232 4046 a
1261 3993 1467 4047 τοιόσδε
1493 4006 1546 4049 et
1583 3973 1823 4058 τοιξῦτος
1869 3973 2082 4050 formati

2153 4014 2196 4061 r,
2237 4006 2429 4050 mutat.
2473 3973 3010 4065 Chronograpbiam;
3051 3973 3215 4063 quam
3256 3992 3421 4048 editio
3464 4001 3651 4046 nostra
3693 3991 3747 4046 in

493 4067 740 4134 margine
777 4072 1019 4139 exhibet,
1046 4077 1112 4130 ad
1142 4089 1396 4146 excerpta
1425 4079 1491 4133 de
1513 4079 1873 4147 legationibus
1910 4095 2014 4135 non
2046 4079 2148 4135 levi
2177 4080 2360 4136 labore
2389 4080 2784 4134 stabiliveram.

559 4153 655 4240 llis
675 4161 908 4226 peractis
933 4169 1220 4233 typOthetae
1249 4171 1536 4237 opustradi
1569 4181 1797 4240 poterat,
1832 4171 1932 4226 nisi
1961 4187 2186 4228 exosum
2213 4172 2475 4228 versionis
2510 4170 2716 4227 Latina:
2745 4187 2883 4229 onus
2912 4172 3269 4228 incumberet.
3300 4171 3453 4238 Quod
3487 4185 3608 4226 cum
3647 4173 3749 4226 de-

490 4237 691 4325 pellere
721 4258 825 4296 non
873 4247 1084 4313 liceret,
1126 4237 1601 4318 Cantoclaranatu,
1651 4269 1755 4324 qua
1795 4255 2036 4325 pejorem
2076 4258 2278 4312 nullam
2305 4258 2357 4311 in
2390 4259 2645 4312 universo
2687 4259 2787 4310 hoc
2817 4256 3125 4310 litterarum
3172 4269 3371 4325 genere
3420 4255 3649 4311 inveniri
3688 4258 3743 4313 in

493 4323 682 4411 vulgus
713 4337 901 4384 notum
931 4343 1045 4399 est,
1075 4335 1195 4389 sine
1221 4339 1403 4406 operis
1426 4339 1691 4392 dedecore
1714 4323 1974 4394 int—actam
2001 4341 2208 4395 servari
2236 4357 2341 4396 non
2376 4356 2533 4411 posse
2566 4339 2861 4409 apparebat
2899 4357 2911 4393 :
2947 4354 3134 4394 verum
3163 4323 3254 4408 qui
3287 4351 3346 4392 se
3373 4339 3583 4408 ingrato
3613 4354 3749 4392 cor-

491 4410 698 4479 rigendi
739 4413 909 4470 labori
940 4417 1112 4484 daret,
1149 4421 1490 4477 inveniebam
1516 4423 1788 4476 nemiuem
1816 4441 1830 4486 ;
1867 4425 1966 4477 nisi
2009 4423 2292 4485 Classeuo,
2327 4410 2638 4489 quanquam
2669 4421 2942 4474 coutinuis
2976 4417 3425 4487 occupationibus
3455 4419 3745 4487 implicito,

489 4493 680 4561 pietas,
711 4513 814 4564 qua
847 4513 932 4554 me
960 4504 1200 4568 parentis
1231 4504 1352 4559 loco
1379 4504 1526 4570 colit,
1561 4507 1939 4574 persuasisset.
1967 4505 2021 4560 lu
2051 4520 2158 4573 quo
2189 4505 2408 4572 negotio
2443 4511 2704 4573 quantum
2738 4503 2880 4558 taedii
2906 4501 3336 4558 exhauriendum
3368 4501 3552 4564 fuerit.
3578 4517 3747 4556 nemo

489 4575 593 4628 nisi
627 4590 884 4644 expertus
922 4583 1103 4638 animo
1134 4587 1446 4656 concipiet:
1481 4587 1610 4642 illud
1635 4599 1817 4642 autem
1855 4590 2296 4643 molestissimum
2334 4595 2474 4648 erat,
2509 4586 2651 4655 quod
2684 4587 2916 4641 sublatis
2958 4585 3259 4640 innumeris
3285 4585 3435 4640 vitiis
3465 4594 3648 4640 tamen
3688 4587 3741 4641 id

488 4657 661 4712 solum
689 4661 874 4728 perlici
921 4677 1127 4734 poterat
1157 4681 1269 4722 uta
1298 4669 1615 4725 foedissimis
1650 4669 1900 4724 sordibus
1927 4671 2251 4726 liberaretur
2280 4670 2456 4724 oratio
2489 4686 2502 4724 :
2541 4670 2591 4723 id
2627 4671 2874 4732 minime,
2913 4681 2972 4724 ut
3003 4670 3229 4737 pulchra
3265 4669 3440 4736 lieret,
3474 4679 3745 4740 grataque

490 4740 814 4808 legentibus.
855 4743 995 4800 Idem
1018 4749 1310 4807 Classenus
1340 4767 1494 4806 mens
1525 4752 1832 4822 complures
1867 4754 2124 4819 praeclare
2153 4755 2490 4824 excogitatas
2518 4753 2928 4808 cmendatioucs
2960 4751 3360 4822 suppeditavit;
3397 4753 3738 4821 singulorum

488 4827 816 4890 scriptorum
850 4830 1088 4900 reliquiis
1111 4844 1429 4904 argumenta
1459 4835 1686 4900 addidit,
1712 4835 2203 4904 chronographiam
2239 4836 2510 4907 excerptis
2540 4835 2606 4888 de
2633 4836 2920 4890 sententiis
2952 4851 3017 4889 ex
3052 4835 3292 4903 Eunapio
3317 4845 3372 4889 et
3396 4834 3695 4888 Menandro
3727 4853 3742 4900 ;

491 4909 822 4978 iudicesque,
858 4913 908 4966 in
940 4931 1077 4984 quos
1112 4919 1456 4973 utilissimum
1494 4919 1734 4973 laborem
1763 4919 2077 4988 insumpsit,
2115 4919 2382 4984 confecit;
2417 4931 2474 4974 ut
2513 4920 2718 4974 leviora
2765 4918 2869 4973 alia
2904 4918 3173 4983 omittam,
3213 4933 3331 4986 (tum
3359 4918 3413 4971 in
3453 4919 3553 4992 hoc
3587 4917 3748 4971 Volu-

491 5009 612 5046 tuen
643 4997 889 5050 contulit.
922 5000 1050 5066 Quae
1075 5001 1441 5058 consideranti
1483 5001 1765 5071 apparebit
1793 5000 1948 5070 longe
1975 5003 2416 5070 operosissimum
2449 5001 2565 5070 ejus
2589 5001 2640 5056 in
2667 5017 2731 5056 eo
2760 5001 3006 5056 ornando
3046 5001 3212 5055 fuisse
3241 5000 3497 5054 laborem.

564 5103 822 5171 Superest
856 5117 914 5160 ut
942 5109 1010 5164 de
1046 5111 1386 5181 panegyricis
1425 5111 1712 5166 Anastasio
1762 5110 1949 5173 dictis,
1987 5124 2126 5180 quos
2173 5121 2448 5181 postremo
2486 5113 2604 5167 loco
2644 5111 2839 5181 adjeci,
2879 5126 2996 5178 quae
3029 5110 3131 5164 huc
3170 5111 3446 5179 pertinent
3487 5109 3743 5167 doceam.

485 5184 746 5244 Oratione
767 5188 1014 5261 Procopii
1041 5193 1221 5248 Gazaei
1241 5197 1315 5264 (b)
1349 5195 1572 5265 reliquis
1607 5196 1973 5249 monumentis
2003 5210 2122 5261 qua:
2154 5195 2241 5249 hic
2273 5195 2493 5250 collecta
2519 5205 2735 5248 exstant
2755 5194 3118 5262 adjungenda,
3143 5193 3480 5247 eruditorum
3511 5193 3747 5261 gratiam

495 5288 580 5325 me
608 5275 871 5329 meruisse
898 5287 1046 5330 certe
1075 5280 1209 5338 scio,
1233 5279 1323 5346 qni
1353 5294 1471 5334 eam
1500 5279 1667 5332 semel
1696 5288 1904 5332 tantum
1932 5279 1983 5332 in
2014 5278 2324 5334 Villoisonis
2358 5280 2744 5333 anecdotorum
2775 5277 3094 5332 collectione
3121 5278 3322 5333 editam
3345 5291 3466 5330 esse
3497 5287 3701 5328 norunt
3730 5293 3746 5329 :

487 5367 684 5420 quotus
720 5358 863 5412 enim
895 5359 1126 5428 quisque
1178 5361 1230 5414 in
1266 5361 1552 5416 Germania
1593 5361 1735 5415 illam
1771 5361 2057 5429 possidet?
2089 5361 2205 5415 Mea
2236 5377 2398 5430 opera
2430 5363 2482 5414 in
2522 5360 2665 5415 illius
2701 5359 3023 5428 repetitione
3065 5373 3174 5412 non
3219 5358 3429 5428 longius
3469 5357 3746 5426 processit

489 5454 652 5504 quam
686 5449 744 5493 ut
781 5441 1014 5497 subinde
1039 5443 1242 5499 codicis
1272 5445 1560 5502 lectionem
1592 5461 1621 5500 a
1655 5447 1770 5501 viro
1799 5448 2016 5516 egregio
2053 5447 2343 5501 Villoisone
2374 5445 2724 5498 immutatam
2749 5457 3062 5497 revocarent
3095 5459 3108 5494 :
3145 5443 3394 5498 versione
3430 5442 3619 5504 latina,
3654 5455 3749 5492 ar-

550 5583 622 5640 (Itl
648 5583 894 5647 Excerpta
925 5584 988 5632 de
1017 5583 1282 5633 sententiis
1310 5585 1544 5645 Dexippi,
1571 5583 1779 5647 Eunapii
1809 5587 1862 5634 et
1885 5583 2161 5642 Menandri,
2189 5585 2386 5645 eclogas
2409 5595 2437 5631 e
2460 5581 2708 5641 Nonnoso,
2745 5580 3021 5641 fragmenta
3068 5593 3131 5632 ex
3159 5577 3328 5641 Suida,
3351 5584 3405 5630 ut
3428 5578 3487 5630 ab
3512 5579 3752 5632 instituto

490 5657 519 5691 n
541 5652 593 5689 ut
604 5658 656 5691 ro
677 5643 858 5704 aliena,
873 5647 1144 5693 omisimus.
1177 5647 1310 5694 Εοιτ.
1333 5643 1479 5695 rm.

551 5704 619 5770 (ὑ)
648 5707 815 5756 Exstat
841 5702 967 5770 apud
994 5721 1080 5757 nos
1110 5711 1239 5759 inter
1261 5721 1413 5770 opera
1441 5707 1593 5769 ipsius
1618 5707 1864 5772 Procopii,
1893 5707 2010 5758 tomi
2035 5707 2290 5758 LXXXVII
2314 5715 2452 5769 parte
2477 5719 2546 5765 ιιι,
2569 5707 2660 5756 col.
2690 5704 2828 5756 2793.
2855 5702 2923 5752 in.
