2025 3220
140 175 190 209 609
839 173 1046 204 PMFATIO.

143 232 326 265 guutctttoque
342 234 400 255 eam
427 227 554 254 instruxit
568 234 582 254 a
596 234 638 254 me
654 231 763 262 rogatus
778 225 875 253 Franc.
894 226 1023 259 liittcrus,
1040 227 1109 255 Phil.
1131 227 1159 255 D.
1179 228 1223 262 qui
1242 227 1396 262 mtperrime
1411 234 1522 261 operam
1539 235 1613 255 suam
1631 230 1663 255 ad
1679 232 1764 264 expli-

141 271 239 299 candas
255 270 282 298 in
299 270 349 297 hac
363 269 516 297 litterarum
533 270 707 296 universitate
729 269 887 303 disciplinas
910 268 1087 303 philoIOgicas
1100 268 1220 303 proliteri
1238 269 1344 296 statuit.
1364 268 1484 296 EtillOl‘lS
1498 270 1689 296 annotationcs
1702 279 1762 304 qua:

140 313 172 341 ad
185 312 357 346 explicandas
374 318 418 339 res
435 311 572 338 Anastasii
588 317 691 338 tantum
708 311 860 344 conferunt,
879 314 907 337 ut
924 310 964 337 vel
978 310 1010 337 ad
1028 309 1154 337 Latinum
1171 310 1366 345 Panegyricum
1387 311 1620 344 interpretandum
1636 314 1765 344 quodam-

141 354 222 382 modo
236 353 362 381 suﬂiccre
374 352 490 387 possint,
518 353 573 379 fere
590 353 710 387 integras
730 352 825 386 repetit
840 359 847 378 :
864 359 917 386 quo
929 351 1045 379 consilio
1064 352 1150 379 honos
1167 352 1282 379 habetur
1298 352 1423 379 manibus
1445 351 1598 379 Villoismtis
1613 360 1621 377 :
1640 360 1726 386 neque
1740 354 1764 378 ei

141 396 250 424 aliunde
265 395 318 422 ulla
339 395 466 422 obstabat
480 395 560 427 ratio,
573 395 717 421 exstinctis
734 395 834 421 dudum
852 398 879 421 et
896 393 1031 428 scriptore
1044 398 1071 420 et
1088 393 1306 427 bibliopolarum,
1319 400 1432 427 quorum
1452 393 1607 427 sumptibus
1627 393 1764 419 Anecdota

139 442 212 468 edita
225 444 300 471 sunt,
313 438 434 473 negotio.
450 437 551 465 Contra
565 443 656 465 autent
673 438 784 465 minime
795 438 877 465 licere
890 438 976 464 visunt
992 440 1033 462 est
1051 435 1078 463 in
1095 443 1161 462 mea:
1176 436 1302 462 editionis
1315 440 1504 462 ornamentum
1521 440 1691 466 convertere,
1706 442 1766 469 qlia:

139 483 177 510 ill.
191 481 278 508 liuius
289 481 323 507 ad
337 480 455 514 eclogas,
475 483 520 506 aut
539 478 695 512 Endlicher,
720 487 745 505 v.
762 479 808 511 cl.,
829 479 860 505 ad
880 480 1070 515 pagegyricum
1091 479 1234 511 Prisciani,
1249 486 1339 513 quem,
1359 479 1405 505 ditt
1421 487 1434 505 a
1453 478 1595 513 philologis
1615 479 1764 513 expetitum

138 531 198 551 cum
228 523 255 550 in
277 522 441 549 bibliotheca
471 522 594 549 Caesarea
628 520 829 548 Vindobonensi
857 529 999 556 superesse
1023 522 1197 554 innotuisset,
1231 528 1303 548 anno
1327 520 1465 555 praeterito
1491 520 1586 552 edidit,
1615 521 1651 547 ita
1680 528 1766 547 anno—

139 565 205 592 tavit
214 569 244 591 ut
255 563 321 591 nihil
331 563 402 598 quod
411 563 472 590 addi
487 564 572 597 possit
583 563 644 590 aliis
655 563 830 597 relinqueret.
841 562 930 597 ipsum
944 563 1114 598 grammatici
1133 570 1241 590 carmen
1255 562 1433 589 Bobiensibus
1449 562 1611 588 memhranis
1620 563 1724 589 erudite
1739 567 1766 589 et

139 607 280 641 di‘igeuter
295 607 439 640 scriptum,
460 606 494 633 ab
510 606 614 633 editore
629 606 697 632 adeo
711 610 837 632 accurate
851 612 1009 639 expressum
1027 610 1079 636 est,
1095 609 1124 632 ut
1139 605 1184 631 vix
1200 605 1270 631 ullus
1285 604 1520 631 emendationibus
1538 605 1564 630 in
1578 612 1610 631 eo
1625 604 1700 631 locus
1717 604 1762 631 sit.

172 647 342 677 Parisiensis
357 647 442 674 editio
457 647 530 674 circa
546 654 690 681 operarum
707 654 814 673 errores
826 647 920 674 cadent
935 646 1066 681 ﬂagitiosa
1079 646 1240 681 negligentia
1254 650 1346 673 curata
1359 651 1401 673 est
1417 653 1469 680 qua
1485 645 1594 679 reliqua:
1610 650 1669 679 post
1694 647 1764 672 (Jan-

140 695 311 722 tactlzenum,
323 693 467 724 antequam
482 689 600 724 Cangius
614 689 705 723 operis
720 697 812 715 curatn
830 689 856 715 itt
870 696 900 715 se
916 688 1082 722 susciperet;
1099 687 1186 714 inutili
1203 692 1230 714 et
1246 687 1334 714 fallaci
1351 692 1474 721 typoruut
1491 687 1634 720 splendore
1649 692 1762 714 ornatae.

141 732 296 768 Spbaimata
313 730 392 765 hujus
405 731 514 764 generis
528 737 578 764 ope
593 731 789 757 llmscheliame
804 729 961 757 sustulimus
978 729 1107 764 plurima;
1124 729 1260 761 restituto,
1276 733 1304 755 ut
1318 729 1350 755 de
1369 729 1518 755 minoribus
1534 733 1636 755 taceant
1647 748 1655 758 .
1680 736 1760 755 versu

142 776 245 810 integro
259 773 304 808 qui
317 772 475 805 exciderat;
496 772 542 800 sed
562 773 595 799 de
609 773 650 800 his
666 773 823 807 singulatim
841 778 951 799 monere
973 770 1111 797 Bckkerns
1131 770 1226 796 vetuit.
1243 770 1408 803 Ubicunque
1421 769 1502 804 igitur
1515 769 1647 803 ejusmodi
1664 770 1764 796 mentio

142 816 302 846 invenietur,
316 814 342 841 id
358 818 470 849 propter
485 814 647 848 peculiarem
665 814 810 848 quamdam
826 814 956 840 rationem
967 812 1067 839 factum
1077 816 1129 842 est,
1140 819 1199 845 quae
1210 816 1298 837 tamen
1310 811 1423 838 fortasse
1435 819 1486 837 non
1497 812 1763 844 semperapparcbit.

183 858 248 891 Quae
255 856 350 884 Suidas
359 855 479 883 servavit
490 862 543 882 non
552 855 640 890 attigit
649 854 796 887 Bcklterus;
805 855 831 882 in
843 855 885 882 his
893 861 1000 889 qttoque
1009 852 1136 880 nonnulla
1146 853 1263 879 correxi.
1273 852 1397 879 Photium
1409 852 1479 885 dedi,
1488 859 1539 879 uta
1547 852 1666 879 Bekkero
1676 853 1764 879 editus

147 907 199 935 est;
207 900 256 927 nisi
265 898 336 933 quod
348 898 374 925 in
391 897 536 932 rebusqutc
544 905 576 924 ex
588 898 699 925 historia
715 898 841 932 pendent,
852 897 942 923 varias
951 895 1062 926 Labbei,
1075 893 1158 921 semel
1170 898 1260 920 autem
1275 893 1314 920 vel
1327 894 1367 920 bis
1380 900 1453 920 meas
1465 894 1550 928 ipsius
1561 895 1764 921 emendationes

147 941 290 977 receperint:
306 949 314 966 :
329 940 421 975 plures
436 941 553 967 fortasse
569 940 642 967 locos
663 944 826 972 tentaturus,
840 939 892 967 nisi
912 938 977 965 mihi
1002 942 1142 964 constaret
1156 937 1283 964 Photium
1308 938 1333 964 in
1357 938 1509 966 scribendis
1525 939 1677 966 nominibus
1695 946 1764 972 saepe

140 990 257 1016 errasse;
267 990 282 1010 α
297 983 397 1018 quibus
412 982 582 1017 corrigendis
597 982 693 1009 editori
709 982 899 1009 abstinendum
913 981 1123 1013 cst.Versiones,
1135 981 1207 1009 Porti
1221 989 1273 1008 non
1284 988 1364 1017 sa'pe,
1378 982 1483 1009 Schotti
1494 990 1630 1017 nunquam
1646 983 1764 1010 correxi.

173 1025 215 1053 Ex
230 1025 276 1052 his
283 1023 391 1059 cognita
399 1024 534 1051 editorum
551 1031 644 1058 opera,
655 1023 699 1050 vix
714 1031 781 1057 opus
796 1028 836 1050 est
850 1024 997 1058 explicare,
1007 1032 1175 1060 quaecunque
1193 1026 1218 1052 in
1231 1026 1340 1053 scholiis
1355 1026 1458 1053 criticis
1474 1026 1570 1053 litteris
1581 1025 1612 1053 B.
1625 1031 1651 1053 ct
1664 1026 1698 1052 N.
1708 1027 1765 1054 dis—

139 1068 311 1102 tinguuntur,
335 1066 540 1093 etnendationcs
562 1073 624 1092 esse
639 1073 698 1100 quae
706 1065 866 1097 Bekkerum,
876 1074 973 1100 tneque
984 1067 1100 1094 habeant
1116 1072 1239 1094 auctores
1251 1067 1427 1095 :Classenum
1440 1069 1538 1102 quibus
1551 1069 1609 1095 duae
1620 1069 1713 1095 littera:
1721 1067 1763 1095 Cl.

138 1110 238 1139 addita
245 1113 319 1137 sunt.
330 1108 471 1143 Vulgatatu
484 1107 577 1143 (ναις.)
587 1115 646 1134 eam
657 1108 710 1135 dixi
730 1107 872 1135 lectionem
885 1116 946 1143 qua:
956 1109 989 1136 ab
999 1109 1188 1136 lla-:scheliana
1199 1109 1316 1135 editione
1330 1116 1377 1143 per
1388 1109 1537 1136 Parisinam
1549 1113 1629 1144 atque
1636 1109 1763 1137 Venetam

139 1156 287 1188 propagata
303 1156 355 1178 est.
366 1151 477 1183 Quoties
488 1149 554 1177 nihil
570 1155 667 1183 praeter
682 1150 746 1177 illud
758 1151 826 1185 vulg.
838 1151 870 1178 ad
884 1152 1011 1186 rejectam
1027 1151 1169 1178 lectionem
1201 1151 1360 1183 ascrilnitur,
1371 1152 1421 1178 hoc
1431 1151 1627 1186 signiﬁcamus:
1640 1152 1767 1178 emenda-

140 1196 256 1227 tionetn,
273 1194 331 1220 sive
343 1191 481 1219 Bekkerus
495 1199 555 1219 eam
568 1200 582 1218 a
595 1200 638 1219 tne
653 1192 801 1220 invenisset
818 1195 994 1228 propositam,
1005 1194 1061 1220 sive
1070 1201 1129 1220 eam
1144 1194 1296 1227 cencipere,
1307 1198 1335 1219 ut
1347 1200 1419 1227 smpe
1440 1194 1488 1225 sit,
1499 1193 1601 1220 oblitus
1612 1200 1711 1224 essem,
1730 1194 1765 1220 ita

141 1234 314 1264 manifestam
330 1234 415 1261 videri
426 1238 455 1261 ut
464 1234 498 1260 ab
510 1241 673 1268 unoquoque
684 1242 736 1262 nun
748 1235 892 1262 admodum
903 1236 1039 1262 incurioso
1048 1240 1094 1261 aut
1105 1234 1213 1261 indocto
1223 1234 1338 1260 inveniri
1351 1234 1469 1261 deberet.
1481 1235 1563 1269 Signa
1577 1233 1766 1268 -j-et’*,antiqno

141 1284 216 1306 more
228 1276 351 1310 reducto,
365 1276 475 1311 apposui
492 1283 545 1310 quo
561 1276 707 1303 indicarem
721 1276 808 1304 locum
820 1284 987 1310 corruptum,
1000 1276 1042 1303 cui
1054 1276 1185 1303 medendo
1203 1275 1368 1310 probabilem
1386 1276 1567 1310 conjecturam
1580 1275 1698 1302 viderem
1709 1275 1768 1302 uul-

141 1318 205 1351 laut,
219 1319 274 1345 no'n
288 1317 433 1352 typothctte
449 1315 608 1343 vitiolabora
615 1324 653 1349 re,
668 1317 715 1343 sed
731 1317 809 1351 plane
820 1317 856 1343 ita
871 1318 903 1344 ab
918 1316 1070 1345 Hoeschelio
1079 1317 1179 1344 editum
1191 1324 1260 1344 esse.
1271 1317 1308 1343 Ac
1321 1322 1383 1344 sunt
1395 1321 1467 1343 certe
1480 1317 1554 1350 plura
1571 1324 1652 1350 quatit
1669 1317 1765 1343 vellem

140 1362 199 1390 loca
213 1361 298 1389 etiam
315 1360 342 1387 in
363 1360 405 1387 his
419 1359 600 1394 cclogis,qu:n
615 1360 703 1386 editor
714 1369 727 1386 a
739 1360 846 1387 licentia
859 1362 978 1388 mutandi
994 1362 1097 1388 alienus
1113 1366 1141 1387 ut
1155 1367 1218 1388 sunt
1232 1361 1361 1388 mendosa
1381 1361 1532 1395 relinquere
1551 1361 1666 1395 cogitur,
1697 1360 1762 1387 illud

141 1409 230 1430 tamen
249 1410 314 1430 vere
326 1403 475 1437 prmdicare
492 1409 602 1436 possunt
619 1401 669 1428 hac
688 1402 806 1429 editione
820 1403 970 1436 perfectum
987 1411 1048 1431 esse
1063 1408 1091 1430 ut
1105 1404 1264 1436 utilissimae,
1285 1411 1436 1438 magnaque
1452 1410 1483 1429 ex
1503 1407 1579 1437 parte
1596 1403 1766 1438 egregiorum

139 1445 304 1480 sortiturum
320 1444 524 1479 reliquiae,qu:e
541 1444 693 1471 antehacin
710 1443 824 1478 singulis
838 1446 942 1480 paginis
956 1448 1097 1474 innumera
1112 1447 1237 1473 vitiorum
1249 1447 1420 1473 multitudine
1437 1447 1557 1480 legentes
1572 1447 1768 1481 impediebant,

140 1487 197 1521 in.
216 1487 296 1522 bace
313 1486 432 1514 maxima
452 1493 484 1513 ex
504 1493 580 1521 parte
600 1486 693 1513 faciles
709 1488 845 1514 evaserint
868 1493 950 1523 atque
976 1494 1076 1523 aperta:
1100 1490 1132 1516 ad
1151 1489 1366 1524 intelligendum.
1390 1489 1456 1516 Cum
1487 1490 1580 1524 igitur,
1598 1496 1657 1524 qua:
1675 1490 1768 1517 hacte-

145 1536 200 1557 nus
211 1528 331 1566 ualeat!
348 1528 486 1563 iacebant,
500 1528 560 1556 sine
579 1528 662 1555 dubio
678 1529 762 1556 multo
779 1529 902 1564 pluribus
919 1538 1000 1567 quam
1018 1536 1099 1558 antea
1123 1531 1309 1564 innotescent,
1326 1531 1415 1558 oblata
1437 1536 1478 1557 est
1493 1531 1610 1560 occasio.
1627 1531 1764 1564 prmclaris

146 1570 261 1606 ingeniis
273 1570 345 1599 haud
366 1569 487 1606 indigna,
509 1570 553 1597 ubi
572 1569 612 1597 vis
628 1570 767 1597 divinandi
786 1579 815 1598 se
831 1579 958 1600 exerceat
973 1578 999 1601 et
1014 1574 1082 1601 bene
1093 1579 1181 1608 empta
1199 1573 1305 1608 longius
1316 1574 1458 1607 producat.
1474 1572 1512 1599 Ex
1530 1573 1767 1600 emendationibus

143 1620 215 1648 quas
227 1613 391 1648 recepimus,
413 1611 503 1640 multa:
518 1612 705 1640 Hatschelium
728 1613 829 1641 habent
847 1619 998 1647 attctorcnt,
1021 1616 1047 1641 in
1070 1615 1193 1650 margine
1211 1615 1338 1642 editionis
1361 1616 1420 1649 ejus
1436 1615 1580 1649 proposita:
1598 1624 1605 1642 :
1620 1623 1697 1649 quas,
1713 1616 1771 1643 sire

142 1655 223 1683 nobis
237 1654 419 1690 probarentur
439 1654 496 1682 sive
512 1655 612 1686 minus,
632 1655 772 1688 designavi
791 1656 860 1689 sigla
881 1655 918 1682 Η.
935 1656 1008 1684 Idem
1028 1656 1198 1684 llteschelius
1213 1656 1256 1683 ubi
1271 1657 1407 1691 geminum
1426 1656 1547 1683 codicem
1570 1657 1725 1689 adhibebat,
1744 1663 1773 1683 et

141 1697 251 1725 δεδοιιί
270 1701 298 1724 et
312 1694 604 1731 Bavarictun,quoties
623 1696 650 1722 hi
675 1696 745 1723 inter
768 1704 797 1724 se
819 1697 965 1730 variarent,
981 1698 1164 1725 diversitatem
1190 1698 1282 1724 itidem
1304 1697 1330 1724 in
1356 1697 1477 1731 margine
1498 1697 1638 1730 indicavit,
1659 1699 1770 1730 praeﬁxa

140 1738 210 1773 sigla
226 1737 266 1766 ιι.
279 1737 334 1766 llas
352 1737 496 1765 varietates
512 1746 566 1772 mg.
586 1736 622 1764 II.
636 1737 775 1772 designavi
793 1748 800 1764 .-
815 1746 864 1773 pro
880 1746 934 1773 quo
953 1747 1010 1766 var.
1030 1738 1066 1765 Η.
1084 1738 1204 1766 scribere
1218 1743 1294 1766 certe
1310 1739 1497 1772 pratstitisset;
1512 1746 1604 1765 verum
1621 1740 1646 1765 in
1671 1747 1698 1766 re
1717 1744 1770 1766 tant

141 1781 194 1808 levi
219 1779 461 1815 reprehensionem
489 1778 533 1806 vix
561 1784 663 1806 metuo.
683 1778 798 1806 Gravius
818 1785 858 1806 est
881 1780 951 1814 qttod
972 1780 1118 1815 aliquando
1145 1779 1189 1805 ubi
1215 1779 1338 1814 plagulas
1359 1779 1495 1814 inspicere
1515 1779 1676 1807 domesticis
1698 1781 1772 1808 curis

141 1821 291 1858 impeditus
309 1820 415 1850 fueram
435 1821 489 1855 mg.
510 1819 547 1847 Η.
571 1821 692 1856 ponitur,
709 1828 770 1847 cum
793 1826 883 1848 tamen
903 1821 1058 1856 conjectura
1079 1821 1243 1857 designanda
1263 1826 1347 1849 esset.

178 1861 272 1892 Scrib.
286 1863 385 1892 Bonum
396 1869 480 1898 postr.
493 1862 563 1890 Non.
578 1861 637 1890 Oct.
655 1862 872 1889 MDCCCXXIX.

1713 175 1766 208 610

445 1985 497 2016 DE
516 1985 739 2017 HISTORICIS
759 1985 925 2023 QUORUM
944 1985 1141 2023 RELIQUI/E
1167 1986 1232 2017 HIC
1258 1986 1474 2018 PRODEUNT.

180 2091 330 2120 PUBLlliS
352 2090 553 2120 HERENNIUS
577 2091 748 2121 DEXIPPUS
766 2093 816 2128 (ἱ),
841 2093 931 2122 Ptole-
949 2098 974 2126 Α
986 2094 1078 2128 classi,
1091 2094 1134 2122 cui
1145 2092 1304 2121 Cleodamus
1319 2099 1444 2129 praterat,
1463 2093 1635 2128 coniunctus,
1645 2094 1775 2122 ultionem

143 2139 205 2166 mani
223 2138 242 2166 f.
259 2139 310 2174 (2).
336 2138 520 2171 Atheniensis,
535 2138 609 2174 Pago
630 2137 806 2172 Hennensis,‘
819 2147 835 2167 e
850 2140 935 2175 Cery-
985 2141 1018 2168 de
1033 2140 1161 2168 Barbaris
1176 2139 1294 2175 aliquam
1321 2140 1448 2174 sumpsit,
1475 2140 1562 2168 tribus
1594 2140 1713 2168 millibus
1741 2148 1775 2168 ex

141 2193 206 2213 eum
223 2190 306 2220 gente
323 2185 507 2221 (3),sutumos
522 2184 550 2212 in
567 2184 679 2212 civitate
693 2186 811 2212 honores
821 2186 935 2220 adeptus
985 2187 1106 2221 ipsorum
1133 2194 1249 2215 numero
1277 2193 1324 2222 per
1351 2187 1521 2215 occasionem
1545 2186 1697 2214 interfectis
1724 2187 1773 2222 (Δ).

141 2237 196 2266 est,
209 2240 256 2260 rex
279 2236 387 2259 creatus
409 2235 491 2266 atque
507 2230 611 2258 arehon
631 2237 797 2266 eponymus;
816 2231 935 2265 splendi—
985 2232 1044 2265 Quo
1060 2233 1132 2260 faelo
1146 2233 1188 2260 vir
1201 2233 1319 2260 eximius
1341 2237 1402 2268 post
1419 2232 1583 2268 quingentos
1596 2240 1680 2260 annos
1692 2233 1775 2260 Athe-

141 2279 234 2313 deque
255 2277 427 2312 agonotbeta:
448 2282 563 2304 munere
591 2275 783 2304 Panathemeis
807 2276 934 2310 functus;

141 2324 235 2352 clarus
253 2329 346 2351 orator
367 2328 449 2358 atque
468 2323 644 2352 historiarum
667 2323 800 2359 scriptor;
827 2328 936 2358 propter

141 2379 214 2407 quas
228 2370 346 2398 fortuna:
368 2370 450 2398 simul
468 2375 549 2405 atque
576 2369 717 2397 industriae
738 2370 815 2398 dotes
839 2374 936 2397 stature

142 2417 251 2445 honore
263 2422 377 2445 ornatus
391 2421 444 2449 est,
464 2416 542 2451 cujus
559 2417 633 2444 basis
655 2423 716 2444 cum
739 2416 817 2444 titulo
835 2421 935 2444 exstat.

142 2464 200 2493 Sed
227 2464 308 2500 longe
337 2463 536 2499 pmclariorem
566 2463 782 2498 saeculorumque
805 2462 935 2491 memoria

141 2511 257 2547 dignum
273 2512 403 2538 honorem
425 2510 476 2538 sibi
489 2509 657 2545 comparavit
679 2516 733 2544 quo
748 2514 879 2544 tempore,
894 2508 937 2537 ef-

141 2556 213 2584 fusis
229 2557 257 2584 in
272 2555 407 2583 Graeciam
422 2563 471 2591 per
493 2554 667 2590 Propontidis
682 2555 800 2583 claustra
815 2553 935 2589 Herulis,

142 2604 290 2638 captisque
305 2602 429 2634 Athenis,
453 2602 527 2630 cives
546 2609 639 2630 secum
655 2601 683 2630 in
697 2602 784 2629 saltus
801 2601 888 2630 invios
902 2608 937 2630 ex

144 2649 222 2677 urbis
240 2649 321 2677 clade
345 2648 473 2683 profugos
500 2648 689 2681 conﬁrmavit;
710 2647 830 2683 bellique
848 2647 883 2674 ab
903 2647 936 2675 iis

142 2694 199 2722 dux
218 2693 396 2726 constitutus,
412 2693 531 2721 advecta:
547 2693 573 2720 in
589 2693 685 2721 Attica:
706 2700 783 2720 oram
807 2692 937 2721 Romana:

142 2787 149 2793 ‘
181 2751 221 2787 (Ι)
242 2750 347 2778 Nomen
367 2750 503 2786 integrum
521 2750 634 2779 exhibet
658 2745 820 2779 ἣκει-1⁸580
857 2757 934 2785 corp.

141 2795 229 2814 IIISCI'.
245 2794 328 2814 Περ.

241 2794 451 2856 cinscriptio
469 2830 476 2849 :
501 2829 564 2849 nam
584 2821 683 2850 Suidas
694 2829 716 2850 s.
737 2829 763 2849 v.
786 2820 934 2856 Δέξιππος,

142 2856 295 2892 [iesippum
319 2860 423 2890 patrem
438 2856 474 2883 illi
493 2856 599 2884 tribuit.

179 2891 218 2930 (ὃ)
232 2891 295 2921 Vid.
311 2891 428 2920 Boeclth.
443 2893 486 2920 ad.
498 2892 581 2920 Inscr.

985 2279 1094 2306 nienses
1105 2278 1191 2306 armis
1203 2279 1328 2306 desuetos
1351 2279 1384 2306 ad
1402 2286 1459 2306 rem
1477 2278 1646 2314 gloriamque
1672 2277 1774 2305 milita-

985 2332 1043 2353 rem
1067 2324 1204 2353 revoeavit
1220 2334 1228 2353 :
1245 2324 1429 2352 Mithridatico
1451 2325 1526 2353 enim
1553 2325 1623 2352 bello
1645 2332 1698 2352 non
1725 2332 1775 2351 sua

986 2378 1074 2406 neque
1095 2375 1192 2406 sponte
1209 2377 1284 2398 arma
1311 2376 1434 2399 moverat
1460 2371 1555 2399 infelix
1573 2371 1681 2399 civitas.
1704 2372 1774 2399 Cum

986 2416 1070 2452 igitur
1086 2417 1120 2444 de
1135 2416 1187 2444 hac
1202 2416 1316 2452 Dexippi
1338 2416 1424 2452 gloria
1447 2417 1541 2445 titulus
1562 2422 1659 2445 statua:
1683 2411 1780 2452 sileat,

985 2461 1119 2490 creditqu
1143 2463 1277 2498 est-prius
1298 2464 1414 2498 positam
1435 2470 1497 2490 esse
1520 2470 1601 2498 quam
1628 2464 1700 2491 illam
1718 2465 1777 2492 adi-

986 2508 1160 2545 pisceretur:
1184 2508 1227 2537 cui
1254 2508 1376 2544 opinioni
1401 2508 1483 2537 facile
1500 2510 1670 2543 accederem,
1691 2510 1713 2538 si
1735 2511 1777 2538 lti-

986 2555 1069 2583 storia
1091 2555 1152 2589 aavi,
1168 2564 1178 2582 ι
1195 2563 1278 2591 quam
1303 2555 1402 2591 partim
1427 2563 1460 2584 ex
1474 2555 1563 2590 libris,
1580 2557 1678 2592 partim
1693 2564 1710 2584 e
1722 2557 1776 2584 vita

988 2601 1121 2635 hauserit,
1141 2610 1151 2627 ι
1172 2606 1201 2630 ut
1221 2601 1388 2637 epigramma
1414 2602 1555 2637 praedicat,
1576 2603 1683 2630 diversa
1714 2609 1777 2629 e5so

986 2652 1078 2682 posset
1090 2646 1125 2674 ab
1143 2646 1189 2674 illa
1202 2647 1293 2675 omnis
1316 2647 1377 2681 aevi,
1396 2646 1476 2683 cujus
1498 2647 1621 2675 notitiam
1634 2655 1667 2674 ex
1687 2646 1777 2673 Euna-

986 2694 1032 2728 pio
1043 2697 1070 2721 et
1083 2693 1181 2721 Photio
1195 2693 1337 2722 habemus.
1351 2692 1389 2720 Ea
1406 2693 1434 2721 in
1447 2693 1536 2729 primo
1550 2692 1653 2721 Claudii
1668 2691 1777 2719 Gothici

1025 2752 1065 2787 (4)
1086 2751 1162 2779 Hane
1173 2751 1212 2779 rei
1228 2755 1311 2787 gestat
1323 2751 1434 2783 seriem,
1448 2748 1642 2787 paulttlum_ab
1665 2747 1712 2787 illa
1735 2747 1778 2787 di-

990 2783 1110 2820 versam,
1141 2783 1234 2821 quam'
1251 2785 1391 2813 Gibhonus
1413 2783 1550 2821 nunquam
1578 2783 1638 2810 sine
1664 2783 1776 2821 honoris

990 2818 1348 2857 praefatione—nominandus
1366 2818 1541 2857 excogitavit,
1568 2825 1641 2857 nune
1656 2818 1774 2857 domum,

989 2852 1124 2919 editislab
1153 2856 1191 2884 ill.
1208 2855 1279 2885 Maio
1299 2852 1491 2890 excerptis'de
1514 2852 1657 2882 sententiis
1674 2853 1776 2880 consti-

990 2896 1065 2919 tuere
1089 2896 1152 2919 lcet.

990 2896 1065 2921 tuere
1080 2896 1152 2921 Περι.
