4050 6414
518 344 622 411 bii

1557 344 1953 406 EXCERPTA
1994 343 2091 403 DE
2130 343 2718 408 LEGATIONIBUS.

3670 322 3781 405 sta

521 460 658 527 Aug.
684 469 824 510 anno
844 451 1154 518 desinebat;
1180 453 1513 508 Athenarum
1538 461 1716 506 autem
1737 453 1939 507 cladem
1961 452 2099 523 Syn-
2131 458 2182 517 Α
2210 469 2404 523 capere
2436 455 2701 522 potuisset
2735 452 3118 522 breviloquens
3165 450 3437 506 annalium
3483 454 3643 521 ratio,
3683 459 3777 524 qui

517 550 714 614 celius,
746 546 836 615 qui
874 545 974 599 hoc
1022 544 1245 613 Dexippi
1290 558 1425 612 opus
1474 543 1705 614 legebat,
1733 545 1831 598 sub
1859 542 2101 599 Gallieno

520 640 815 708 contigisse
844 637 1009 692 refert
1041 653 1055 690 :
1092 650 1263 705 neque
1310 636 1353 690 si
1398 649 1514 689 eam
1561 650 1683 690 cum
1714 637 2101 693 continuatore

521 730 710 785 Dionis
740 730 840 800 (5),
880 744 1037 797 quem
1070 729 1309 781 Zonaras
1361 726 1631 795 sequitur,
1663 726 1882 782 biennio
1925 729 2103 782 serius

510 823 785 897 accidisse
816 828 1140 884 statuamus,
1171 830 1227 873 ut
1273 819 1365 873 illo
1420 819 1537 888 ipso
1569 818 1779 873 Claudii
1812 833 1959 874 anno
1987 820 2100 889 pri-

521 927 613 966 mo
666 911 772 967 269
833 910 1113 973 acciderit,
1155 910 1443 964 diliicultas
1492 910 1855 978 expediretur.
1902 909 1977 964 Ita
2008 919 2103 964 aut

520 1002 826 1073 fingendum
870 1002 975 1057 erit
1029 1003 1268 1071 priorem
1336 1002 1611 1057 exstitisse
1668 1003 1983 1068 editionem,
2037 1003 2102 1058 de

517 1110 626 1164 qua
683 1108 842 1147 nemo
889 1093 1188 1162 quidquam
1250 1094 1493 1160 tradidit,
1541 1104 1634 1147 aut
1673 1094 2099 1161 concedendum,

517 1184 706 1239 laevam
747 1184 1027 1239 hominum
1063 1185 1115 1238 in
1138 1185 1438 1239 honoribus
1497 1185 1832 1240 aestimandis
1866 1195 2100 1240 mentem

518 1290 668 1342 eum,
703 1290 812 1345 quo
843 1277 909 1329 ad
942 1276 1205 1346 majorum
1232 1277 1457 1344 gloriam
1488 1277 1664 1331 elatus
1690 1286 1792 1343 est,
1820 1286 2100 1346 prepterca

523 1367 843 1437 neglexisse,
877 1369 1025 1436 quia,
1072 1368 1424 1422 tumultuarie
1482 1384 1510 1421 a
1558 1377 1883 1438 congregata
1924 1371 2105 1423 multi-

524 1458 710 1512 tudine
733 1459 984 1523 collatus,
1029 1458 1233 1511 nullum
1272 1460 1323 1512 in
1363 1459 1518 1512 fastis
1541 1459 1766 1513 urbanis
1806 1461 1982 1515 locum
2007 1460 2103 1513 ha-

519 1548 672 1602 beret
729 1565 743 1602 :
808 1550 1064 1604 librorum
1135 1550 1337 1603 famam
1406 1550 1692 1616 extulisse,
1747 1565 1832 1604 res
1887 1549 2103 1605 fortiter

518 1647 701 1706 gestas
751 1639 966 1694 silentio
1023 1642 1394 1695 transmisisse
1421 1657 1435 1695 :
1462 1671 1532 1682 —-
1559 1656 1693 1707 rem,
1727 1651 1948 1712 propter
1986 1642 2104 1712 ejus

519 1729 619 1784 aevi
669 1731 1012 1799 pravitatem,
1037 1730 1195 1801 plane
1221 1748 1325 1785 non
1353 1733 1750 1789 incredibilem.

2203 547 2317 601 fere
2339 546 2569 614 singulis
2598 545 2751 601 libris
2765 545 3020 601 saeculum
3036 543 3603 613 comprehendebant;
3637 547 3784 600 unde

2204 637 2509 693 Trebellius
2571 636 2744 692 Pollio
2802 637 2916 708 (10)
2970 636 3271 706 Dexippum
3325 642 3501 689 omnia
3558 636 3786 692 breviter

2202 739 2531 798 persecutum
2564 746 2694 793 esse,
2733 731 2971 800 scripsit.
3437 776 3447 783 .

2273 818 2361 872 ΙΙΙ.
2394 818 2503 873 Has
2569 819 2732 887 igitur
2782 820 2993 889 eclogas
3041 821 3107 873 de
3137 818 3492 888 legationibus
3529 818 3595 872 ad
3630 821 3791 874 Σκυ-

2204 910 2340 965 θικά
2370 911 2655 979 pertinere
2675 909 2787 977 jam
2823 909 3046 966 Vossius
3075 910 3351 980 perspexit
3372 910 3509 981 (ll),
3563 910 3792 964 cadem-

2204 1016 2309 1072 qne
2337 1017 2523 1055 earnm
2556 1001 2695 1055 ratio
2736 1009 2819 1055 est
2864 1016 3002 1069 quas
3053 1015 3117 1054 ex
3171 999 3330 1053 titulo
3384 996 3453 1053 de
3495 998 3794 1053 sententiis

2204 1089 2376 1143 rditlit
2410 1089 2482 1141 ill.
2513 1088 2705 1142 Maius.
2734 1087 3017 1153 Σκυθικά,
3050 1088 3113 1140 de
3140 1084 3273 1140 bello
3293 1084 3536 1157 Scythico
3570 1095 3794 1142 vertere

2204 1182 2495 1245 debebam;
2533 1180 2785 1250 quoniam
2820 1179 2949 1234 illud
2978 1179 3317 1247 intelligitur,
3343 1180 3484 1248 quod
3504 1219 3519 1241 ,
3544 1188 3792 1247 coeptum

2204 1275 2306 1330 sub
2358 1275 2542 1338 Decio,
2601 1288 2771 1342 usque
2842 1274 2907 1326 ad
2961 1271 3239 1325 Aureliani
3290 1286 3475 1340 pacem
3541 1272 3788 1327 duravit.

2205 1369 2382 1438 Atque
2408 1367 2496 1421 hic
2520 1366 2738 1435 quidem
2770 1365 2959 1419 leviter
2985 1365 3133 1419 circa
3173 1366 3341 1418 verba
3387 1364 3567 1433 lapsus
3623 1378 3789 1430 sum;

2206 1459 2258 1513 in
2290 1473 2354 1513 eo
2382 1473 2574 1514 vereor
2628 1472 2695 1511 ne
2738 1458 2958 1525 gravius
3012 1456 3330 1519 erraverim,
3392 1454 3535 1523 quod
3589 1469 3710 1523 qua:
3754 1470 3789 1508 a

2204 1566 2258 1620 p.
2290 1549 2383 1613 22,
2420 1550 2454 1603 l.
2483 1549 2579 1614 20,
2615 1547 2683 1602 ad
2714 1564 2763 1615 ι).
2799 1548 2889 1612 26,
2923 1547 2959 1602 1.
2999 1548 3378 1627 4,]ι31ωιιιυτ,
3408 1546 3647 1615 Dexippo
3679 1545 3789 1615 ipsi

2208 1641 2527 1706 tribuerem,
2559 1641 2714 1708 quasi
2743 1641 3049 1695 orationem
3079 1643 3147 1694 ad
3171 1642 3319 1695 cives
3354 1656 3481 1696 suos
3513 1641 3788 1706 habitam,

2204 1733 2296 1804 qui
2326 1733 2612 1788 temerario
2647 1733 2874 1786 consilio
2901 1732 3069 1786 muris
3092 1733 3278 1801 egredi
3317 1740 3373 1786 et
3396 1748 3517 1787 cum
3537 1733 3790 1787 hostibus

603 1822 780 1876 Vitam
834 1838 1007 1892 usque
1057 1824 1123 1875 ad
1183 1821 1343 1876 Probi
1404 1822 1761 1891 principatum
1826 1820 2096 1892 perduxit,
2129 1810 2170 1864 Β
2200 1823 2487 1895 confligere
2517 1823 2926 1894 cuperent.Non
2945 1823 3286 1881 attenderem
3312 1823 3387 1878 ill.
3414 1824 3543 1877 Maii
3571 1825 3758 1892 opinio
3803 1866 3807 1885 ί

524 1930 646 1969 cum
667 1914 778 1980 jam
804 1913 905 1968 sub
941 1912 1224 1969 Valeriano
1259 1914 1543 1968 claruisset
1572 1915 1666 1985 (6).

596 2008 823 2078 Dexippi
849 2022 1035 2077 opera,
1065 2023 1183 2073 qua:
1208 2006 1274 2062 ad
1300 2008 1580 2062 historiam
1602 2007 1966 2077 pertinebant,
1999 2009 2099 2063 tria

520 2102 653 2172 legit
697 2099 924 2156 Photius
954 2100 1030 2170 (7)
1063 2117 1078 2166 ;
1109 2101 1173 2153 de
1205 2101 1400 2169 quibus
1435 2099 1658 2169 singulis
1697 2101 1962 2169 agendum
1991 2100 2120 2157 est.'

592 2193 632 2246 l.
669 2191 751 2245 Τὰ
783 2192 922 2262 μετὰ
966 2190 1338 2262 Ἀλέξανδρον,
1379 2191 1534 2245 libris
1580 2201 1812 2259 quatuor
1844 2207 2099 2261 compre-

520 2285 722 2350 hensa;
755 2298 822 2337 ex
863 2283 1061 2352 quibus
1102 2282 1443 2336 notissimam
1472 2284 1838 2351 satrapiarum
1875 2284 2100 2339 divisio-

521 2391 643 2431 nem
678 2376 876 2430 recitat
928 2373 1180 2439 Photius;
1234 2372 1668 2443 scriptoremque
1698 2375 1750 2428 in
1786 2378 2098 2431 universum

514 2482 640 2524 cum
674 2468 906 2521 Arriano
944 2466 1258 2521 consentire
1283 2466 1458 2519 docet.
1497 2465 1578 2519 Ad
1627 2468 1766 2521 hanc
1796 2465 2102 2522 Macedoni-

516 2576 638 2616 cam
668 2540 951 2614 historiam
973 2556 1257 2613 l-e‘ferenda
1286 2572 1408 2613 esse
1436 2572 1557 2627 quae
1584 2557 1662 2611 ill.
1692 2558 1863 2614 Maius
1884 2560 2099 2614 inventa

516 2644 572 2704 in
623 2650 826 2705 codicis
863 2648 1195 2719 palimpsesti
1254 2649 1469 2719 paginis
1524 2649 1614 2714 81,
1667 2648 1919 2717 82,’100,
1976 2651 2097 2717 101,

516 2742 686 2798 edidit
717 2756 824 2796 uno
858 2742 1026 2796 verbo
1070 2742 1345 2794 monuisse
1385 2740 1450 2792 ad
1496 2742 1829 2810 probandum
1863 2742 2058 2799 sufﬁcit
2085 2764 2098 2775 ν

516 2833 782 2903 siquidem
811 2832 987 2888 oratio
1017 2830 1321 2902 Hyperidis,
1356 2831 1471 2886 sive
1497 2822 1781 2903 aSsumpta
1805 2836 1920 2888 sive
1954 2836 2100 2902 ficta,

512 2923 641 2977 belli
673 2922 907 2977 Lamiaci
940 2932 1148 2990 tempus
1173 2930 1402 2992 spectat.
1431 2922 1583 2976 Dicet
1619 2922 1848 2978 fortasse
1879 2925 2097 2996 aliquis,

515 3028 547 3068 a
580 3012 853 3080 Romana,
897 3029 1001 3067 non
1050 3011 1232 3067 dicam
1283 3012 1585 3084 Byzantina
1623 3014 1874 3081 historia,
1922 3017 2099 3072 aliena

2204 1933 2325 1972 nem
2383 1917 2518 1988 (12),
2561 1917 2843 1985 epistolam
2889 1930 3051 1972 esse:
3089 1916 3173 1970 cui
3207 1925 3267 1969 ut
3312 1915 3516 1984 aliquid
3557 1915 3624 1969 de
3657 1930 3781 1969 meo

2202 2005 2472 2076 adjiciam,
2503 2007 2702 2072 dicam,
2737 2021 2766 2060 a
2802 2006 3120 2074 magistratu
3153 2005 3396 2061 Romano
3448 2005 3668 2060 missam
3694 2006 3778 2060 vi-

2201 2099 2349 2166 deri;
2406 2099 2517 2153 imo
2562 2098 2631 2152 ab
2674 2097 2791 2164 ipso
2841 2095 3075 2150 fortasse
3128 2095 3475 2163 imperatore,
3556 2109 3681 2149 eum
3722 2108 3787 2149 se

2201 2204 2324 2244 cum
2380 2189 2552 2257 copiis
2594 2203 2717 2242 mox
2747 2186 3059 2241 adfuturum
3109 2186 3363 2240 nuntiare
3416 2185 3493 2255 (ιι.
3526 2184 3617 2249 Ξ5,
3655 2184 3691 2237 Ι.
3715 2185 3788 2239 17

2202 2282 2409 2353 seqq.)‘
2437 2281 2742 2349 lectamque
2775 2294 2899 2334 esse
2930 2278 2981 2332 in
3021 2279 3286 2333 concione
3331 2279 3404 2349 (ρ.
3440 2279 3531 2343 '22,
3590 2279 3625 2332 l.
3667 2277 3785 2344 18).

2204 2373 2278 2428 De
2303 2375 2408 2438 his,
2441 2374 2486 2426 si
2524 2372 2662 2428 forte
2685 2370 2976 2440 aliquando
3025 2370 3228 2425 codicis
3271 2371 3462 2441 pagina
3507 2370 3611 2424 524
3663 2356 3785 2439 βιό-

2202 2468 2378 2521 nittse
2411 2466 2571 2519 litura
2629 2464 2745 2518 erui
2796 2463 3053 2532 potuerit,
3108 2463 3313 2531 liquido
3367 2463 3639 2518 constabit
3676 2477 3689 2514 :
3720 2478 3790 2517 ac

2206 2568 2333 2613 tunc
2368 2559 2598 2613 fortasse
2628 2558 2913 2624 expeditur
2938 2559 3004 2612 de
3037 2572 3144 2626 quo
3173 2559 3385 2613 tandem
3434 2558 3634 2626 oppido
3661 2556 3790 2626 qui-

2206 2652 2410 2722 busque
2446 2651 2654 2707 civibus
2693 2666 2872 2705 sermo
2898 2651 2990 2707 sit.
3016 2648 3170 2705 Nunc
3213 2650 3266 2703 in
3298 2651 3347 2704 id
3379 2651 3649 2704 sententia
3698 2651 3789 2704 in-

2204 2745 2370 2798 oliuat
2400 2754 2454 2796 ut
2484 2744 2599 2797 haec
2634 2745 2699 2797 ad
2732 2743 2966 2812 primum
2995 2741 3296 2796 Gothorum
3348 2743 3644 2819 adventum
3681 2742 3789 2796 sub

2207 2838 2365 2893 Decio
2394 2837 2665 2906 pertinere
2686 2835 2903 2891 credam
2920 2874 2937 2902 ,
2964 2837 3122 2906 cujus
3148 2850 3346 2891 nomen
3380 2837 3435 2891 in
3468 2837 3783 2894 oblitterata

2205 2928 2293 2983 illa
2328 2928 2520 2997 pagina
2554 2926 2922 2996 conspicitur;
2946 2926 2998 2981 id
3025 2926 3168 2997 quod
3190 2942 3256 2982 eo
3284 2927 3598 2984 conﬁrmari
3633 2930 3789 2985 vide-

2205 3027 2292 3073 tur
2351 3019 2495 3089 quod
2546 3019 2612 3072 de
2663 3019 2825 3074 rebus
2879 3020 2945 3074 ad
2995 3007 3294 3090 Nicopolim
3351 3019 3553 3077 Moesiae
3608 3022 3787 3093 gestis

517 3120 625 3160 non
666 3105 921 3158 debuisse
953 3096 1263 3158 collectioni
1285 3113 1517 3209 .nostra:
1552 3105 1722 3162 inseri
1757 3121 1771 3158 :
1801 3108 1943 3176 quod
1976 3111 2099 3179 qui-
2126 3148 2170 3209 Ο
2208 3113 2412 3167 mentio
2437 3111 2675 3180 injicitur
2699 3112 2775 3183 (p.
2807 3112 2899 3177 25,
2922 3113 2958 3168 Ι.
2986 3112 3079 3178 2‘2,
3117 3112 3191 3167 cf.
3223 3112 3531 3185 Syncellum
3564 3129 3617 3183 p.
3651 3115 3781 3181 705,

516 3200 638 3255 dem
677 3197 883 3254 factum
917 3198 1152 3267 primum
1191 3196 1332 3254 mole
1372 3198 1564 3269 exigua
1596 3199 1789 3255 horum
1828 3201 2101 3274 fragmen-

517 3300 694 3345 torum
724 3289 1034 3353 defendam,
1063 3303 1182 3358 qua:
1214 3304 1539 3359 perparvum
1563 3292 1666 3346 sibi
1696 3291 1875 3348 locum
1910 3306 2101 3364 postu—

518 3381 670 3446 lant;
713 3393 840 3433 cum
900 3392 1077 3433 tamen
1122 3378 1206 3432 vel
1239 3379 1358 3435 ideo
1392 3382 1535 3451 quod
1572 3381 1861 3453 Hyperidis
1904 3400 2098 3441 nomen

516 3492 631 3547 pm
677 3492 737 3533 se
786 3477 968 3532 ferunt
1007 3479 1408 3550 philologorum
1478 3480 1731 3536 notitiam
1786 3486 2097 3544 merentur;

516 3571 767 3640 denique,
832 3571 877 3626 si
931 3570 1091 3627 aliter
1150 3572 1387 3627 facerem
1448 3572 1931 3642 reprehensionem
1988 3584 2097 3624 non

513 3661 863 3732 effugissem;
899 3674 1024 3715 cum
1080 3662 1133 3716 in
1186 3662 1423 3718 editione
1452 3661 1695 3721 Romana
1725 3661 1937 3718 caeteris
1980 3676 2101 3730 qua:

513 3769 545 3808 e
577 3754 817 3823 Dexippo
843 3763 1139 3824 supersunt
1173 3754 1473 3809 adhaerent.
1509 3755 1627 3822 Quo
1647 3755 1790 3809 enim
1823 3753 1981 3808 modo
2011 3754 2097 3821 iis,

513 3844 604 3913 qui
639 3858 758 3897 eam
793 3858 898 3897 non
931 3843 1215 3908 vidissent,
1256 3853 1513 3901 constare
1543 3854 1728 3914 posset
1765 3859 1982 3900 menon
2021 3854 2099 3899 te-

516 3951 665 3992 mere
695 3936 1004 3993 indicasse?

585 4026 653 4080 ll.
706 4027 984 4097 Χρονικὴν
1038 4028 1305 4097 ἱστορίαν,
1365 4030 1481 4084 sive
1527 4028 1748 4083 annales
1789 4027 1885 4099 (8),
1936 4046 2096 4098 quam

516 4119 741 4174 Photius
774 4118 1039 4189 σύντομον
1066 4120 1340 4191 ἱστορικόν
1389 4131 1563 4188 vocat,
1599 4136 1693 4190 per
1720 4121 2092 4192 Olympiadas,

515 4213 953 4283 archontumque
990 4223 1047 4269 et
1084 4216 1366 4270 consulum
1413 4216 1580 4272 fastos
1619 4217 1687 4271 ab
1726 4219 1965 4273 historia:
1989 4221 2095 4274 ini-

517 4304 628 4367 tiis,
656 4302 876 4358 omissis
922 4313 1100 4359 tamen
1141 4305 1405 4361 fabulosis
1452 4309 1789 4379 primordiis,
1830 4324 2000 4380 usque
2028 4313 2094 4367 ad

511 4396 717 4451 Claudii
745 4394 960 4454 Gothici
989 4415 1188 4455 annum
1223 4401 1457 4470 primum
1506 4402 1760 4468 deducti,
1818 4405 2091 4475 pt‘azcipua

509 4487 656 4542 circa
722 4500 1029 4560 temporum
1088 4494 1354 4547 rationem
1408 4509 1537 4548 cura
1590 4495 1850 4550 adhibita.
1885 4489 2171 4550 IIorumD

510 4579 864 4635 duotlecimus
891 4581 1027 4637 liber
1073 4600 1101 4637 a
1145 4582 1426 4654 Stephano
1466 4587 1898 4661 ethnicographo
1949 4588 2088 4642 cita-

511 4668 715 4741 tur(9);
745 4671 833 4726 ubi
862 4671 1181 4730 Hcrulorum
1210 4677 1415 4733 mentio
1441 4678 1744 4736 certissime
1773 4683 2089 4750 comprobat

509 4763 686 4817 locum
738 4764 802 4819 de
839 4780 947 4835 quo
1001 4768 1201 4837 agitur-
1232 4784 1339 4824 non
1392 4770 1623 4826 multum
1675 4772 1742 4827 ab
1773 4775 1953 4842 operis
1984 4772 2090 4828 line

509 4852 746 4909 abfuisse
777 4870 794 4909 :
822 4865 1035 4913 constat
1092 4859 1258 4929 igitur
1311 4861 1631 4931 scriptorem
1676 4864 1758 4937 his
1806 4865 2087 4920 duodecim

512 4956 535 4993 ι·
570 4940 778 4996 chartis
807 4959 970 5000 omne
1024 4961 1196 5001 aevum
1224 4947 1569 5018 explicuisse.
1612 4970 1632 5004 ι
1674 4952 1751 5006 Ex
1804 4953 1953 5009 hisce
1992 4970 2085 5008 an-

508 5031 721 5087 nalibus
755 5031 1068 5103 Syncellum
1101 5052 1439 5110 quaecunque
1474 5056 1505 5095 e
1538 5041 1777 5115 Dexippo
1812 5045 1974 5100 habet
1996 5061 2087 5114 pe-

483 5121 662 5177 ‘tiisse
725 5125 1014 5190 arbitror;
1049 5136 1105 5181 at
1166 5127 1620 5187 Constantiniana
1670 5146 1923 5204 excerpta
1982 5135 2089 5191 illis

508 5224 731 5282 prorsus
760 5214 935 5271 aliena
967 5230 1090 5301 sunt
1125 5237 1140 5275 :
1180 5235 1356 5292 neque
1388 5226 1530 5279 cnim
1554 5226 1794 5296 prolixus
1812 5227 2089 5285 orationes

505 5455 665 5594 “’(f’).
690 5457 985 5584 0eclogis
1023 5466 1274 5531 quasill.
1327 5467 1497 5523 Maius
1534 5468 1703 5524 edidit
1735 5487 1747 5523 :
1789 5471 1912 5527 colit
1960 5470 2083 5529 Vat.

696 5599 973 5677 Elui-rapitis
1000 5602 1110 5659 vita
1138 5605 1425 5677 Porphyrii
1462 5609 1515 5661 in
1554 5611 1592 5665 f.

580 5667 660 5805 (Ἰῖ
692 5668 824 5723 Cod.
848 5667 938 5725 82.
1246 5667 1262 5676 ’
1320 5667 1338 5677 ⁷

566 5736 640 5804 ‘(8
698 5738 996 5805 Eunapius,
1025 5757 1080 5805 p.
1111 5743 1205 5805 58,
1226 5742 1262 5799 i.
1295 5745 1348 5801 5.
1373 5746 1538 5805 Idem.
1567 5748 1617 5805 vi

582 5736 660 5805 (8)
698 5738 996 5810 Eunapius,
1025 5757 1080 5813 p.
1111 5743 1205 5811 58,
1226 5742 1262 5799 i.
1295 5745 1348 5801 5.
1373 5746 1538 5818 Idem,
1567 5748 1675 5806 vita
1708 5750 1933 5822 Porph.,
1961 5752 1998 5810 l.
2041 5753 2079 5809 l.

2205 3203 2239 3256 l.
2266 3204 2375 3271 12).
2426 3200 2578 3268 Quod
2612 3204 2656 3259 si
2688 3205 2761 3258 ita
2795 3204 2886 3269 sit,
2917 3203 3395 3276 Philippopolitani
3429 3206 3643 3263 fuerint"
3672 3225 3779 3279 op-

2204 3292 2384 3364 pidani
2414 3309 2443 3348 a
2471 3293 2725 3350 Barbaris
2749 3296 3123 3352 circumsessi.
3153 3295 3270 3352 Non
3300 3306 3478 3356 tamen
3508 3298 3778 3354 silendum

2203 3395 2285 3439 est
2319 3385 2483 3440 etiam
2508 3387 2607 3441 sub
2635 3386 2856 3442 Claudio
2886 3386 3122 3458 Aug.'ad
3169 3388 3469 3459 Nicopolim
3518 3406 3787 3461 prospere

2202 3475 2465 3531 adversus
2499 3474 2769 3532 Barbaros
2814 3485 3111 3546 pugnatum
3152 3493 3276 3535 esse
3299 3479 3442 3552 (l3);
3493 3496 3601 3551 quo
3644 3493 3788 3538 tem-

2202 3578 2354 3635 pore,
2403 3576 2665 3635 quantum
2693 3562 2746 3621 in
2772 3578 2919 3623 tanta
2962 3571 3335 3627 narrationum
3368 3575 3788 3642 perturbatione

2204 3654 2378 3724 colligi
2404 3666 2602 3725 potest,
2637 3656 3027 3718 Thessalonica
3056 3676 3243 3718 eorum
3282 3664 3540 3734 impetum
3562 3664 3787 3723 fortiter

2202 3749 2486 3805 sustinuit.

2271 3840 2585 3898 Orationem
2616 3844 2868 3917 Dexippi,
2903 3848 3289 3921 scribendtque
3319 3867 3511 3922 genus,
3571 3853 3785 3923 ingenti

2201 3934 2363 3990 laude
2393 3934 2555 3992 effert
2585 3937 2832 4004 Photius,
2868 3954 2934 3996 eo
2974 3956 3145 4012 usque
3165 3952 3223 3997 ut
3263 3941 3617 4014 Thucydidem
3660 3962 3789 4016 per-

2200 4026 2379 4094 spicue
2413 4026 2707 4097 loquentem
2740 4030 2916 4098 dicat;
2964 4046 3085 4101 qua
3125 4034 3261 4088 mira
3296 4045 3379 4091 est
3418 4036 3516 4089 viri
3545 4038 3791 4105 pruden-

2201 4118 2271 4174 tis
2318 4134 2348 4173 a
2391 4135 2523 4176 vero
2563 4122 2854 4180 aberratio.
2890 4123 3063 4182 Nemo
3109 4127 3255 4185 enim
3290 4129 3343 4183 in
3381 4144 3448 4185 eo
3479 4130 3785 4200 quidquam

2204 4219 2404 4281 praeter
2435 4211 2651 4267 inanem
2682 4215 2968 4287 degeneris
3021 4217 3118 4272 aevi
3176 4218 3450 4277 rhetorem
3493 4231 3782 4291 agnoscet,

2198 4310 2257 4356 ut
2289 4301 2484 4357 mirum
2522 4304 2593 4358 sit
2630 4306 2719 4372 qui
2756 4315 2864 4358 tam
2913 4307 3139 4376 puerilia
3183 4318 3444 4375 sectetur,
3492 4311 3637 4366 inter
3689 4327 3786 4368 res

2196 4394 2395 4449 arduas
2430 4396 2689 4461 positum,
2727 4412 2914 4466 magna
2941 4401 3193 4467 gessisse.
3298 4458 3301 4463 ,

2269 4488 2398 4553 Quae
2450 4490 2519 4543 de
2569 4488 2810 4560 Dexippo
2854 4501 3076 4548 exstant
3133 4493 3441 4552 testimonia
3493 4499 3778 4568 sequentia

2194 4576 2310 4633 fere
2342 4588 2468 4633 sunt
2500 4596 2515 4633 :
3394 4646 3397 4651 _

2270 4672 2569 4730 INSCRIPTIO
2598 4673 2655 4729 in
2684 4690 2899 4746 corpore
2936 4675 3167 4733 Bmckkii
3201 4691 3258 4733 n.
3289 4678 3417 4737 580.

2270 4766 2429 4821 Κατὰ
2489 4768 2550 4820 τὸ
2581 4766 2917 4841 ἐπερώτημα
2942 4770 3043 4840 τῆς
3077 4770 3138 4835 ἐξ
3186 4772 3398 4842 Ἀρείου
3429 4772 3606 4840 πάγου
3651 4772 3787 4843 ﬂou-

2201 4861 2300 4931 λῆς
2359 4860 2456 4916 καὶ
2506 4863 2610 4933 τῆς
2674 4860 2873 4933 βουλῆς
2896 4844 3029 4916 ’τῶν
3057 4864 3163 4935 tim"
3193 4864 3288 4918 καὶ
3317 4864 3411 4919 τοῦ
3441 4865 3614 4938 δήμου
3664 4866 3783 4920 τῶν

2192 4953 2519 5022 Ἀθηναίων,
2575 4953 2667 5007 τὸν
2695 4954 2940 5025 ἄρξαντα
2966 4955 3064 5026 τὴν
3124 4955 3219 5009 τοῦ
3278 4956 3544 5027 βασιλέως
3577 4958 3638 5012 ἐν
3678 4956 3784 5011 Θε-

2197 5043 2488 5116 σμοϐέταις
2528 5045 2839 5118 ἀρχὴν,ξκαὶ
2857 5047 3099 5118 ἄρξαντα
3127 5047 3224 5120 τὴν
3247 5050 3534 5121 ἐπώνυμον
3569 5052 3781 5122 ἀρχὴν,

2196 5137 2292 5192 καὶ
2329 5142 2928 5213 πανηγυριαρχήσαντα
2978 5141 3075 5193 καὶ
3120 5141 3612 5212 ἀγωνοθετήσαντα
3663 5144 3783 5203 τῶν

2200 5229 2456 5302 μεγάλων
2513 5231 2934 5302 Παναθηναίων,
2969 5233 3180 5289 οἷκοθεν
3219 5235 3370 5305 ἱερέα
3398 5235 3642 5305 παναγῆ,
3666 5235 3785 5290 Πό-

2262 5476 2340 5546 (9)
2382 5477 2439 5531 S.
2476 5493 2525 5531 ν.
2564 5477 2838 5548 Ἔλουροι.

2268 5547 2383 5615 (10)
2415 5548 2678 5602 Gortlian.
2707 5549 2762 5600 2.

2267 5615 2381 5688 (11)
2417 5617 2493 5688 De
2526 5618 2717 5688 histor.
2754 5616 2957 5688 Graec”
2987 5635 3040 5688 p.
3068 5619 3198 5675 242‘.

2260 5687 2375 5760 (lg)
2416 5685 2571 5760 llrazf.
2596 5689 2836 5760 adzcoll.
2878 5685 3050 5760 Vatic.
3077 5689 3144 5754 il,
3188 5706 3240 5760 p.
3272 5707 3457 5750 xxvm.

2264 5756 2377 5826 (15)
2416 5755 2649 5813 Trebeil.
2678 5758 2866 5826 Pollio,
2892 5759 3081 5816 Glaud.
3113 5755 3199 5823 l2.
