4050 6420
271 334 381 401 613

273 448 429 502 πλιον
470 444 746 517 Ἑρέννιον
773 442 1045 511 Δέξιππον.
1103 446 1443 517 Πτολεμαίου
1478 448 1744 519 ’Ἑρμειον

276 538 486 610 ῥήτορα
544 538 641 590 καὶ
679 538 1021 609 συγγραφέα,
1046 538 1250 609 ἀρετῆς
1283 539 1447 594 ἓνεκα
1467 540 1519 593 οι
1545 540 1761 603 παῖδες.

287 650 583 721 ’Δλκῇνκαὶ
636 650 854 721 μύθοισι
885 650 980 705 καὶ
1004 652 1069 704 ἐν
1101 650 1342 721 βουλαῖσι
1377 650 1703 721 κρατίστους

350 720 590 790 ’Δνδρας
640 720 1008 790 ἀγακλειτοὺς
1058 721 1281 788 γείνατο
1328 722 1636 790 Κεκροπίη.

272 783 377 844 Ὧν
402 783 504 862 ἕνα
558 792 657 862 καὶ
676 783 995 862 Δέξιππον,
1040 783 1081 862 δ’
1105 790 1348 862 ἱστορίην
1397 783 1709 862 ἐσαθρή’σας

286 866 289 867 ⁷
348 859 557 930 Αἰῶνος
614 860 834 927 δολιχὴν
869 859 1149 928 ἀτρεκέως
1184 860 1445 930 ἔφρασεν.
1492 876 1493 879 ‘

262 929 390 984 Καὶ
413 929 482 982 τὰ
547 930 649 996 μὲν
681 930 845 990 αὐτὸς
869 930 1071 995 ὲπεῖδε,
1098 930 1169 982 τὰ
1202 928 1314 982 δ’ἐκ
1347 929 1545 997 βίϐλων
1576 928 1841 994 ἀναλέξας

344 998 562 1070 Εὓρατο
623 998 892 1070 παντοίην
936 999 1184 1070 ίστορίης
1208 1000 1517 1070 ᾃᾴτραπόν.

344 1015 562 1070 δυρατο
623 1015 887 1065 παντοιην
936 1015 1184 1121 ιστοέιης
1244 1015 1517 1067 ατραπον.

272 1064 349 1122 Ἦ
380 1067 559 1139 ᾼμέγα
589 1068 823 1130 ’κλεινὸς
850 1067 1031 1139 ίάνὴρ,
1088 1068 1232 1139 ςκνοῦ
1260 1068 1367 1139 ἄπο
1432 1067 1624 1138 μυρίον
1647 1068 1802 1139 ὄμμα

200 1166 213 1175 ι
264 1160 273 1171 ο
355 1137 659 1200 Ἐκτεξνας,
705 1138 952 1207 χρονίους
987 1138 1227 1206 πρήξιας
1259 1137 1546 1207 ἐξέμαθεν.

268 1209 437 1279 tum
502 1207 602 1277 μὲν
634 1204 939 1279 περίῦωτος
994 1204 1378 1279 ἀν’ξἙλλάδα,
1418 1208 1520 1276 τὴν
1574 1209 1603 1261 ό
1635 1205 1871 1279 νεανθὴς

272 1340 275 1341 ν
338 1274 514 1346 Αἶνος
565 1274 825 1345 Δεξίππῳ
854 1276 1029 1328 δῶκεν
1081 1278 1168 1345 ἐφ’
1203 1276 1441 1346 ίστορίῃ.

280 1345 539 1418 Τοῦνεκαγ
580 1347 646 1412 δὴ
685 1346 784 1418 κοιλἒ
809 1346 996 1418 παξίδες
1019 1346 1343 1418 ἀγακλειτὸν
1371 1345 1641 1418 γενετῆρα

345 1417 687 1485 Μορφήεντα
708 1414 854 1469 λίθον
877 1413 1051 1485 Θῆκαν
1076 1415 1451 1489 ἀμεισόμενοι.

350 1535 614 1601 Ριιοτιυε,
639 1535 761 1589 cod.
796 1533 905 1588 82:
938 1532 1281 1613 Ἀνεγνὼοθη
1314 1534 1589 1602 Δεξίππου
1625 1533 1701 1589 Τὰ
1719 1530 1871 1604 μετὰ

294 1625 707 1707 Ἀλέξῳηδρον,
762 1625 820 1679 ὲν
849 1625 1031 1692 λόγοις
1096 1626 1428 1698 τέσσαρσιν.·
1529 1623 1870 1695 Ἀνεγνώσθη

289 1719 349 1772 δὲ
396 1716 557 1793 αὑτοῦ
621 1718 718 1770 καὶ
773 1716 962 1786 ἕτερον
1024 1719 1288 1789 σύντομον
1350 1719 1647 1790 ἱστορικὸν,
1705 1719 1870 1789 μέχρι

290 1810 392 1877 τῆς
428 1806 692 1883 Κλαυδίου
754 1807 1045 1878 ὲπιτρέχον
1080 1810 1177 1872 τὰς
1198 1809 1594 1879 κεφαλαιώδεις
1622 1807 1860 1879 πράξεις
1894 1794 1939 1849 Β

280 1894 587 1973 βασιλείας,
622 1899 973 1971 ’Δνεγνώσθη
1030 1903 1085 1956 δὲ
1133 1902 1298 1957 αὑτοῦ
1336 1902 1532 1956 καὶτὰ
1584 1900 1863 1967 Σκυθικὰ,

274 1993 334 2044 ὲν
387 1978 587 2065 alibi
627 1990 918 2063 Ῥωμαίων
966 1992 1117 2063 αὐτῷ
1184 1993 1279 2048 καὶ
1335 1993 1558 2046 Σκυθῶν
1614 1991 1866 2061 ἀναγρά-

276 2098 477 2150 φοντσι
537 2081 676 2152 πρὸς
701 2082 963 2154 ἀλλήλους
996 2084 1163 2153 μάχαι
1200 2101 1257 2137 τε
1282 2087 1379 2138 καὶ
1413 2084 1683 2153 ἀξιόλογοι
1708 2083 1856 2155 πρά.-

274 2160 411 2249 ξεις.
470 2172 632 2227 Ἔστι
683 2172 742 2227 δὲ
765 2175 866 2245 τὴν
905 2174 1106 2246 φράσιν
1140 2174 1435 2245 ἀπέριττός
1467 2192 1528 2228 τε
1575 2176 1670 2229 καὶ
1716 2174 1866 2245 ὄγκῳ

275 2264 373 2318 καὶ
388 2262 670 2336 ἀξιώματι
688 2266 915 2335 χαίρων,
938 2267 1054 2331 καὶ,
1085 2264 1161 2330 ὡς
1179 2265 1245 2319 ἄν
1265 2283 1350 2330 τις
1366 2266 1532 2333 εἴποι,
1556 2266 1713 2330 ἄλλος
1730 2266 1868 2336 μετά

274 2372 424 2420 τινος
474 2355 778 2426 σαφηνείας
819 2357 1171 2427 Θουκυδίδης,
1218 2357 1451 2427 μάλιστά
1516 2374 1580 2422 γε
1624 2362 1681 2410 ὲν
1743 2357 1863 2419 ταῖς

274 2442 572 2509 Σκυθικαῖς
598 2447 881 2517 ἱστορίαις.

347 2534 617 2590 [iussuros
654 2548 775 2605 quae
801 2536 866 2590 de
895 2532 1181 2592 Chronicis
1221 2535 1444 2606 Dexippi
1473 2537 1648 2601 docet,
1684 2550 1867 2605 quaere

277 2627 421 2682 infra
454 2644 509 2695 p.
540 2624 630 2680 56.
664 2641 818 2697 seqq.
1204 2696 1205 2699 η

282 2710 293 2715 ’
342 2716 503 2781 lusu,
536 2717 588 2772 in
624 2716 747 2771 Vita
782 2716 1090 2789 Porphyrii,
1118 2720 1217 2773 sub
1247 2718 1405 2773 linem
1434 2740 1446 2774 :
1478 2717 1616 2780 Τοὺς
1642 2717 1867 2788 χρόνους

279 2807 395 2885 (τοῦ
444 2806 765 2878 Πορφυρίου
829 2805 969 2877 βίου)
1022 2810 1079 2871 ἐς
1126 2807 1419 2878 Γαλλιηνὸν
1445 2808 1541 2860 καὶ
1597 2807 1867 2861 Κλαύδιον

279 2898 521 2964 εἰκάζειν
604 2898 911 2965 συνέϐαινε,
960 2899 1198 2953 Τὰκιτόν
1272 2915 1332 2951 τε
1379 2897 1476 2951 καὶ
1530 2898 1867 2970 Αὐρηλιανὺν

282 2991 381 3044 καὶ
417 2990 651 3061 Πρόϐοψ
685 2990 811 3044 καθ’
857 2989 951 3054 οὒς
977 2985 1045 3062 ἦν
1070 2994 1166 3043 καὶ
1224 2990 1495 3056 Δέξιππος
1538 2991 1567 3043 ό
1595 2991 1693 3060 τὴν
1740 3007 1865 3060 χρο-

289 3082 443 3152 νικὴν
493 3079 737 3194 ἱστορίαν
796 3081 1140 3194 σέγγροὶψαὶ,
1167 3082 1303 3194 (ἕνῖιρ
1364 3079 1586 3151 ἁπάσης
1613 3079 1864 3144 παιδείας
1891 3121 1935 3182 C
1965 3079 2111 3194 [LE];

282 3190 343 3227 τε
373 3176 464 3227 καὶ
506 3173 794 3245 δυνάμεως
821 3170 1047 3245 λογικῆς
1097 3172 1402 3236 ἀνάπλεως.

348 3264 647 3339 Erasmus,
672 3264 815 3322 Hist.
840 3265 976 3322 eccl.
998 3264 1065 3334 ν,
1091 3266 1192 3319 24:
1217 3265 1327 3319 Kal.
1345 3263 1602 3336 Δεξίππῳ
1628 3264 1683 3318 δὲ
1714 3264 1866 3318 πλεῖ-

279 3342 385 3413 στα
439 3359 571 3430 περὶ
618 3358 825 3412 τούτων
853 3358 1180 3427 πεπόνηται,
1218 3355 1328 3410 ἀπὸ
1387 3354 1637 3426 μυθικῶν
1697 3352 1866 3424 ἀρξα-

280 3451 456 3520 μένῳ,
492 3447 590 3501 καὶ
630 3445 853 3517 λήξαντι
876 3446 934 3509 ἐς
970 3443 1069 3513 τὴν
1104 3442 1374 3499 Κλαυδίου
1403 3443 1504 3497 τοῦ
1560 3441 1698 3512 μετὰ
1730 3440 1865 3494 Γαλ-

274 3538 463 3609 λιηνὺν
521 3536 823 3608 βασιλείαν*
847 3529 891 3605 ᾧ
925 3533 1352 3605 συνανείληπται
1374 3534 1503 3604 περὶ
1536 3526 1610 3586 ὧν
1639 3531 1861 3602 Κάρποι

277 3632 376 3684 καί
409 3629 576 3700 ιτερα
606 3627 862 3699 βάρὸαρα
890 3622 1017 3703 ἔθνη
1058 3625 1200 3681 κατὰ
1228 3625 1327 3695 τὴν
1357 3624 1587 3678 Ἐλλάδα
1611 3623 1863 3695 καὶΘρᾴ-

278 3737 387 3790 κην
416 3720 515 3772 καὶ
569 3718 781 3772 Ἰωνίαν
799 3716 1262 3788 διαπολεμοῦντες
1289 3714 1557 3786 ἔπραξαν.
1581 3712 1859 3786 (Scythica

284 3809 377 3863 hic
425 3808 651 3862 innuere
709 3805 945 3868 videtur,
1006 3820 1113 3861 non
1160 3805 1556 3861 Chronicorum
1608 3802 1862 3875 partem.)

362 3899 578 3966 S‘Jtnas,
617 3914 743 3956 s.v.
792 3899 1085 3966 Δέξιππος,
1140 3886 1436 3964 Δεξίππου,
1488 3899 1517 3951 ὁ
1573 3896 1861 3967 Ἐρέννιος,

283 3989 656 4063 χρηματίσας.
722 3989 1006 4062 Ἀθηναῖος
1064 3991 1273 4062 ῥήτωρ,
1297 3980 1537 4059 γεγονὼς
1564 3989 1657 4041 ἐπὶ
1688 3982 1864 4040 ’Βαλε-

280 4082 498 4156 ριανοῦ,
527 4080 848 4154 Γαλλιηνοῦ,
879 4082 974 4136 καὶ
1011 4078 1281 4137 Κλαυδίου
1311 4082 1591 4153 δευτέρου,
1634 4082 1728 4135 καὶ
1754 4080 1856 4133 Ait-

279 4172 566 4247 ρηλιανοῦ,
600 4173 710 4228 τῶν
727 4170 994 4242 βασιλέων
1031 4172 1337 4243 Ῥωμαίων.
1390 4236 1393 4239 Α

347 4264 683 4323 Τκειιειιιυε
721 4266 945 4334 POLLIO,
968 4265 1022 4320 in
1043 4264 1309 4327 Gallieno,
1342 4252 1437 4319 M‘:
1459 4280 1476 4314 ι
1503 4261 1664 4318 Gothi
1700 4260 1863 4332 Cyzi-

277 4376 403 4419 cum
432 4371 490 4417 et
530 4360 735 4426 Asiam,
768 4360 1023 4430 deinceps
1048 4358 1308 4411 Achaiam
1336 4372 1578 4419 omnem,
1621 4361 1863 4408 vastave-

279 4463 430 4514 runt.
458 4462 515 4507 et
556 4453 625 4506 ab
650 4412 1096 4515 Atheniensibus,
1135 4449 1271 4504 duce
1301 4446 1563 4519 Dexippo,
1596 4444 1859 4516 scriptore

1966 4412 2114 4484 μετὰ
2147 4412 2468 4477 Δέξιππον,

281 4547 476 4600 horum
506 4538 835 4612 temporum,
873 4539 1005 4595 victi
1030 4549 1208 4595 sunt.)

348 4632 728 4702 EUNAPIUS,
749 4632 1113 4701 sophistarum
1134 4628 1263 4684 vitis
1291 4616 1492 4696 clarus,
1537 4638 1701 4705 natus
1730 4626 1861 4680 Sar-

280 4728 441 4783 dibus
474 4743 566 4782 an.
596 4722 723 4793 347,
756 4723 980 4794 Dexippi
1028 4722 1309 4779 historiam
1338 4723 1411 4776 ita
1429 4718 1782 4785 continuavit,
1809 4727 1869 4772 ut

279 4833 422 4888 opus
472 4832 632 4873 suum
684 4815 846 4871 Μετὰ
906 4813 1210 4879 Δέξιππον
1256 4811 1554 4882 κρονικὴν
1594 4809 1868 4878 ἱστορίαν

282 4910 614 4966 inscriberet
643 4906 778 4978 (l4).
807 4906 863 4961 Id
901 4905 1025 4961 XIV
1051 4906 1226 4978 libros
1275 4903 1610 4967 continebat,
1636 4914 1863 4971 quorum

279 5004 460 5072 primo
497 5015 587 5057 res
620 5000 690 5056 ab
717 5014 951 5069 excessu
975 4997 1181 5052 Claudii
1212 4994 1426 5053 Gothici
1468 4995 1535 5048 ad
1583 4992 1855 5048 Julianum

280 5094 421 5166 imp.
462 5102 649 5164 gestas
686 5090 1025 5161 complexus,
1079 5087 1291 5143 caeteris
1320 5086 1500 5158 hujus,
1529 5099 1687 5155 quem
1719 5083 1856 5153 ipse,

282 5186 608 5257 utpote'pro
637 5182 804 5238 veteri
836 5181 1096 5251 religione
1139 5178 1620 5234 vehementissime
1645 5176 1859 5229 artiora-

282 5288 387 5341 tus,
413 5286 677 5349 tanquam
710 5272 878 5328 Deum
911 5271 1171 5340 aliquem,
1219 5271 1456 5325 humano
1496 5267 1678 5337 generi
1709 5279 1860 5320 com-

282 5371 594 5431 modatum,
645 5364 876 5431 colebat,
934 5362 1259 5427 historiam,
1321 5373 1553 5431 quaeque
1606 5358 1867 5423 deinceps

277 5462 572 5518 subsecuta
604 5466 752 5524 sunt,
788 5456 1006 5528 copiose
1046 5454 1289 5525 narravit
1320 5451 1457 5523 (15).
1491 5449 1680 5504 Finem
1725 5460 1858 5518 0pc-

353 5664 468 5738 (ιι)
504 5664 673 5738 Teste
706 5663 919 5729 Photio,
950 5671 1006 5718 et
1034 5659 1391 5730 inscriptione
1437 5655 1745 5725 eclogarum
1801 5652 1870 5708 de

242 5736 594 5811 _,sen'tentiis.

1685 337 2104 400 PRIEFATIO.

3434 348 3542 415 Gil

1777 448 1942 515 175va
1975 473 2052 529 ris
2088 474 2139 527 in
2168 472 2256 530 illo
2288 482 2529 542 tempore
2586 472 2780 531 fecisse
2831 492 2940 547 quo
2990 479 3049 534 S.
3094 478 3329 537 Joannes
3374 483 3548 554 Chry-

1975 575 2248 620 sostomus
2277 565 2329 618 in
2355 565 2604 620 exsilium
2624 567 2814 636 pulsus
2845 577 2950 633 est,
2984 583 3074 623 an.
3102 568 3236 625 Chr.
3271 571 3371 626 404
3411 573 3550 628 Pho-

1974 657 2081 708 tius
2123 654 2281 709 docet
2328 655 2463 726 (l6).
2518 655 2616 710 Cui
2679 660 2981 729 repugnare
3023 659 3241 729 quidem
3296 662 3551 718 videntur

1902 783 1917 797 ι
1971 745 2193 816 eclogae,
2228 747 2281 799 in
2311 747 2504 814 quibus
2526 749 2605 818 (p.
2633 748 2722 815 96,
2755 765 2814 803 n.
2850 749 2941 821 70)
2995 750 3061 806 de
3097 751 3397 809 Pulclteriaa
3439 756 3553 810 Au-

1971 846 2143 905 gustae
2198 837 2427 892 avaritia
2481 852 2662 895 sermo
2725 850 2853 909 est,‘
2896 856 3017 912 quae
3077 843 3273 899 mulier
3337 847 3550 900 demum

1972 941 2025 980 a.
2052 926 2178 993 414,
2208 926 2495 998 imperium
2544 933 2838 999 capessivit
2870 948 2886 986 :
2921 933 3142 988 minime
3188 942 3367 991 tamen
3424 936 3554 991 inde

1971 1018 2230 1088 colligere
2260 1018 2391 1075 licet
2419 1017 2726 1091 Eunapium
2774 1023 3073 1079 continenti
3103 1026 3420 1082 narratione
3455 1028 3554 1082 de-

1969 1123 2088 1163 cem
2145 1125 2445 1188 annorum,
2486 1114 2581 1183 qui
2632 1115 2791 1168 medii
2847 1126 3001 1175 sunt.
3046 1117 3548 1188 historiam'expo-

1970 1201 2150 1256 suisse
2183 1220 2197 1255 :
2231 1204 2361 1271 quin
2390 1205 2570 1273 potius
2620 1205 2746 1261 illuc
2783 1201 3095 1274 degressum
3143 1221 3265 1263 esse
3303 1220 3551 1280 apparet,

1971 1307 2030 1350 ut
2056 1296 2343 1352 referendo
2372 1297 2642 1367 quomodo
2674 1296 2895 1364 Hierax,
2926 1300 3120 1355 atmulo
3148 1301 3239 1370 qui
3265 1303 3347 1354 vel
3374 1301 3548 1371 ipsum

1971 1382 2213 1451 nequitia
2262 1392 2547 1451 superaret
2579 1397 2676 1452 per
2699 1384 2953 1455 Augustae
2983 1389 3265 1442 avaritiam
3298 1387 3548 1454 traditus,

1969 1487 2069 1544 pro
2099 1488 2231 1529 nece
2260 1466 2515 1528 Fravittae
2543 1489 2693 1531 seras
2710 1489 2919 1545 prunas,
2947 1486 3318 1535 verumtamen
3354 1495 3546 1551 pcenas

1972 1567 2204 1629 dederit,
2247 1580 2308 1622 se
2364 1566 2657 1623 solaretur.
2722 1570 2978 1637 Accedit,
3041 1574 3184 1641 quod
3236 1574 3429 1629 deinde.
3484 1575 3551 1630 de

1973 1655 2271 1715 Stilichone
2312 1657 2577 1728 loquitur,
2610 1660 2727 1733 “qui
2770 1660 2862 1716 diu
2904 1675 3030 1718 ante
3056 1662 3355 1720 Pnlcherite
3382 1667 3552 1737 impe-

1973 1749 2113 1803 rium
2142 1750 2356 1805 occisus
2389 1756 2495 1805 est.

2038 1840 2173 1896 Cum
2236 1841 2509 1913 duplicem
2557 1843 2850 1900 editionem
2898 1845 3138 1903 historiae
3189 1845 3418 1905 PhOtius
3468 1851 3549 1904 vi-

1965 1932 2155 1998 disset,
2179 1931 2655 1989 Constantiniana:
2686 1935 2906 2007 eclogae,
2938 1947 2996 1991 ut
3037 1938 3320 2008 inscriptio
3362 1941 3543 2005 docet,

1966 2037 1997 2077 e
2019 2023 2255 2078 secunda
2287 2034 2515 2094 sumpta:
2548 2035 2696 2093 sunt,
2737 2028 2827 2083 ubi
2874 2028 2974 2083 loci
3002 2029 3239 2098 plurimi,
3269 2029 3324 2085 in
3354 2032 3551 2100 quibus

1966 2117 2199 2187 scriptor
2233 2119 2420 2174 rabido
2450 2119 2712 2176 adversus
2757 2120 3096 2179 Christianos
3137 2124 3261 2179 odio
3288 2124 3547 2180 ell‘renate

1970 2208 2289 2277 indulserat,
2316 2209 2388 2264 ita
2415 2212 2575 2266 recisi
2608 2223 2810 2279 essent,
2834 2222 2913 2280 ut,
2941 2215 3130 2271 Photio
3147 2216 3363 2286 judice,
3397 2218 3549 2273 hinn-

1972 2309 2051 2354 tes
2076 2301 2283 2356 lacunae
2331 2314 2681 2371 apparerent,
2718 2314 2772 2360 et
2814 2307 3094 2376 sequentia
3135 2307 3367 2378 plurima
3397 2310 3549 2365 labu-

1909 2429 1914 2433 -
1969 2401 2157 2446 rarent
2186 2393 2545 2449 obscuritate.
2601 2395 2774 2465 Cujus
2819 2398 3174 2468 vitiiculpam
3215 2399 3440 2455 Photius
3491 2401 3545 2455 in

1971 2479 2270 2549 Eunapium
2301 2484 2473 2553 ipsum
2506 2486 2721 2540 confert
2756 2505 2769 2541 :
2815 2487 3201 2558 conjecturane
3232 2489 3428 2546 ductus
3475 2506 3544 2544 an

1971 2572 2301 2637 testimonio,
2369 2590 2475 2629 non
2538 2584 2769 2637 constat.
2825 2574 3159 2647 Scriptorem
3239 2581 3545 2637 mutilatum

1968 2676 2104 2732 opus
2132 2663 2203 2716 ita
2234 2663 2522 2734 reliquisse
2557 2678 2614 2720 ut
2640 2667 2692 2720 in
2731 2667 2964 2737 hisque:
3016 2671 3309 2726 manebant
3354 2684 3547 2727 sensus

1970 2753 2268 2821 laboraret,
2312 2770 2449 2812 sane
2494 2772 2599 2810 non
2655 2758 2931 2825 probabile
2973 2770 3079 2816 est.
3129 2760 3210 2816 Ac
3249 2760 3365 2816 ﬁeri
3396 2770 3546 2817 certe

1968 2838 2168 2916 potest,
2199 2857 2256 2904 ut
2286 2864 2393 2904 non
2428 2850 2542 2919 ipse
2571 2853 2827 2921 scriptor,
2851 2853 2944 2907 sed
2985 2853 3295 2923 bibliopola,
3344 2855 3544 2912 indocti

1969 2941 2326 2995 amanuensis
2363 2957 2549 3011 opera,
2584 2942 2751 2999 libros
2786 2945 2853 2998 ab
2881 2944 2949 2999 iis
2976 2944 3109 3001 locis
3139 2946 3229 3014 qui
3260 2945 3547 3001 vendenti-

1970 3032 2074 3089 bus
2110 3034 2408 3102 periculum
2432 3045 2683 3090 crearent
2709 3034 2942 3091 liberare
2970 3036 3212 3092 animum
3233 3037 3545 3095 induxerit:

2118 3143 2147 3178 ιι
2205 3136 2332 3180 sunt
2373 3135 2697 3198 expurgata,
2757 3141 2877 3196 qua:
2921 3136 3139 3193 vocant,
3191 3127 3545 3198 exemplaria,

1970 3232 2093 3287 qua:
2132 3218 2187 3272 in
2227 3218 2539 3289 regiOnibus
2586 3220 2676 3275 ubi
2725 3221 2943 3276 decreta
2979 3219 3194 3277 concilii
3239 3217 3545 3277 Tridentini

1968 3318 2184 3378 recepta
2218 3308 2440 3365 fuerunt
2473 3322 2582 3366 non
2609 3325 2733 3364 raro
2763 3320 3080 3367 occurrunt.

2037 3400 2264 3469 Eunapii
2293 3401 2422 3465 vita,
2452 3400 2521 3455 ab
2552 3401 2718 3455 Hadr.
2756 3399 2918 3456 Junio
2961 3401 3294 3470 conscripta,
3328 3400 3385 3456 in
3431 3400 3548 3458 ecli-

1969 3493 2117 3549 tione
2155 3493 2226 3548 cl.
2298 3491 2621 3549 Boissonadi
2663 3492 2883 3562 legitur.
2912 3492 3165 3547 Insanum
3206 3492 3445 3549 hominis
3493 3494 3545 3548 in

1968 3600 2080 3641 rem
2107 3585 2468 3640 Christianam
2501 3584 2686 3639 odium
2718 3582 2871 3651 cujus
2907 3584 2959 3638 in
2991 3585 3076 3638 his
3110 3599 3230 3653 quae
3263 3585 3340 3638 ill.
3373 3584 3548 3640 Maius

1965 3677 2132 3732 edidit
2180 3676 2419 3747 iniquum
2463 3677 2529 3731 de
2554 3690 2750 3747 magno
2789 3674 3099 3732 Theodosio
3137 3676 3401 3746 judicium
3444 3691 3546 3731 uo-

1969 3784 2093 3822 vum
2119 3768 2342 3824 exhibet
2377 3767 2676 3837 specimen,
2721 3767 3066 3836 deliransque
3113 3765 3435 3836 superstitio
3488 3766 3542 3819 ln

1967 3858 2197 3914 somniis
2256 3857 2533 3926 religionis
2569 3871 2731 3925 quam
2787 3864 2949 3912 sectae
2997 3855 3084 3910 cui
3125 3854 3373 3910 addictus
3426 3862 3547 3908 erat

1969 3951 2193 4006 assecla:
2261 3949 2364 4004 sibi
2422 3949 2713 4014 tinxerant,
2772 3947 3052 4003 notissima
3112 3956 3238 4004 sunt
3287 3961 3303 3999 :
3360 3953 3544 4001 notum

1966 4045 2131 4098 etiam
2185 4043 2438 4098 dictionis
2481 4056 2653 4110 genus
2684 4041 2970 4097 molestum
3001 4050 3057 4096 et
3083 4038 3445 4103 salebrosum,
3478 4040 3548 4092 de

1967 4150 2076 4208 quo
2099 4135 2263 4190 nimis
2285 4135 2585 4190 clementer
2616 4134 2828 4204 judicat
2853 4133 3110 4200 Photius;
3148 4146 3307 4201 quem
3340 4132 3408 4186 de
3437 4129 3548 4184 Eu-

1970 4228 2115 4297 napii
2141 4227 2367 4281 historia
2395 4227 2755 4282 disserentem
2791 4226 2904 4295 jam
2950 4225 3233 4279 audiamus
3266 4221 3548 4293 (cod.77).

2053 4318 2704 4389 Ἀνεγνὼσθη-Εὐναπίου
2753 4312 3048 4384 Κρονικῆς
3095 4312 3368 4382 ἱστορίας
3435 4309 3547 4378 τῆς

2522 4411 2651 4473 νέας
2681 4410 2966 4473 ἐκδόσεως,
3003 4410 3059 4461 ὲν
3093 4405 3318 4477 βιϐλίοις
3340 4420 3549 4458 τεσσα-

1968 4504 2310 4576 ρεσκαίδεκα.
2376 4505 2637 4574 ’Λρχεται
2680 4503 2780 4573 μὲν
2832 4502 2931 4571 τῆς
2974 4498 3241 4569 Ἱστορίας
3289 4496 3396 4551 ἀπὸ
3445 4496 3548 4567 τῆς

1967 4599 2233 4655 Κλαυδίου
2267 4598 2566 4668 βασιλείας,
2598 4598 2656 4659 ἐς
2680 4595 2738 4649 ὃν
2765 4594 3021 4663 Δεξίππῳ
3046 4593 3083 4662 ,ἡ
3114 4589 3347 4660 Ἰστορία
3374 4604 3547 4642 καταο

1966 4692 2145 4764 λήγει,
2199 4690 2532 4759 ἀποτελευτᾷ
2560 4688 2615 4742 δὲ
2640 4690 2721 4751 εἰς
2755 4686 2853 4758 τὴν
2916 4683 3176 4754 Ὀιιωρίου
3209 4685 3302 4736 καὶ
3342 4681 3547 4752 Ἀρκα-

1966 4786 2081 4841 δίου
2137 4783 2247 4836 τῶν
2278 4780 2559 4836 Θεοδοσίου
2590 4778 2800 4833 παίδων
2864 4774 3162 4848 βασιλείαν,
3195 4774 3403 4827 ἐκεῖνον
3452 4771 3548 4825 τὸν

1970 4880 2163 4951 χρόνον
2187 4877 2343 4939 τέλος
2367 4876 2467 4944 τῆς
2499 4870 2743 4942 ἱστορίας
2807 4868 3198 4937 ποιησάμενος,
3257 4864 3317 4918 δν
3345 4863 3403 4917 Ἀ
3415 4864 3550 4935 ρσὰ-

1965 4989 2082 5034 κιος
2108 4970 2205 5040 μὲν
2231 4967 2324 5021 τοῦ
2354 4964 2556 5037 χρυσοῦ
2577 4963 2678 5032 τῆς
2710 4959 3035 5041 Ἐκκλῃσίας
3066 4959 3332 5030 στόματος
3367 4955 3550 5012 Ἰωάν-

1966 5084 2059 5122 νου
2085 5061 2449 5123 ἁπελαθέντος
2494 5061 2577 5122 εἰς
2601 5058 2695 5112 τὸν
2720 5052 3109 5127 ἁρχιερατικὸν
3149 5051 3340 5124 θρόνον
3376 5050 3551 5117 ἀνηγ-

1972 5160 2133 5232 μένος
2168 5159 2472 5229 ἱεράτευεν,
2510 5156 2543 5225 ἡ
2582 5153 2640 5206 δὲ
2681 5148 2776 5204 τοῦ
2836 5147 3213 5221 βασιλεύοντος
3259 5141 3547 5232 Ἀρκαδίου

1971 5231 2111 5322 γυνὴ
2150 5250 2293 5305 κατὰ
2318 5247 2556 5318 γαστρὸς
2591 5246 2792 5316 ἔχουσα
2818 5245 2912 5296 καὶ
2945 5238 3283 5310 ἁμὸλώσασα
3312 5234 3405 5287 τὸν
3431 5231 3546 5302 βίον

1970 5346 2260 5401 ἀπέλιπεν.
2315 5336 2483 5403 Οὗτος
2514 5342 2542 5393 ὁ
2571 5338 2843 5398 Εὺνάπιος
2898 5331 3191 5404 Σαρδιανὸς
3239 5325 3340 5398 μιν
3384 5322 3544 5392 γένος

1969 5441 2086 5493 ἐστὶ
2136 5439 2254 5511 (τὰς
2302 5437 2412 5506 γὰρ
2458 5436 2518 5487 ὲν
2561 5431 2733 5502 Λυδίᾳ
2791 5429 3015 5500 Σάρδεις
3065 5424 3192 5496 ἔσχε
3258 5414 3541 5491 navatae)-

2052 5646 2167 5722 (ίῆ)
2195 5644 2492 5722 βιιιιαρίιιε,
2511 5640 2672 5722 infra,
2707 5654 2761 5709 p.

2046 5716 2158 5789 (lli)
2195 5716 2254 5772 ν.
2294 5716 2436 5770 infra
2465 5716 2518 5769 itt
2548 5716 2891 5768 testimoniis.
