4050 6444
477 364 588 430 615

1526 358 1928 418 EXCERPTA
1973 355 2071 414 DE
2111 352 2704 414 LEGATIONIBUS.

3636 349 3747 412 616

474 469 743 539 δυσσεϐὴς
787 467 844 522 δὲ
889 467 989 537 τὴν
1038 463 1336 536 θρησκείαν
1391 464 1464 517 ὢν
1497 463 1586 532 (τὰ
1623 462 1894 532 Ἑλλήνων
1947 461 2055 532 γὰρ

2168 459 2431 530 Illyricam
2483 469 2697 528 gelilt'lll
2762 456 3054 526 pertineret
3126 455 3271 515 (nam
3335 454 3457 524 quis
3499 453 3590 510 illo
3631 471 3746 512 aevo

475 562 662 629 ἐτίμα)
709 559 838 622 τοὺς
877 557 974 628 μὲν
1010 553 1266 625 εὐσεϐείᾳ
1295 553 1393 623 τὴν
1441 552 1718 622 βασιλείαν
1743 551 2060 621 κοσμήσαν-

475 667 575 712 τας
627 650 790 704 παντὶ
819 648 1008 719 τρόπῳ
1031 647 1126 700 καὶ
1152 644 1349 714 ἀνέδην
1385 644 1626 706 κακίζων
1660 641 1935 711 διασύρει,
1967 643 2062 695 καὶ

481 742 717 816 μάλιστα
760 758 824 809 γε
842 739 933 792 τὸν
964 739 1137 810 μέγαν
1171 735 1600 798 Κωνσταντῖνον,
1631 733 1836 804 ἐξαίρει
1860 733 1918 788 δὲ
1937 733 2062 798 τοὺς

476 835 780 897 δυσσεϐεῖς,
829 831 921 885 καὶ
953 830 1062 882 τῶν
1092 829 1268 883 ἄλλων
1289 828 1452 880 πλέον
1495 828 1786 881 ἰουλιανὸν
1841 826 1933 878 τὸν
1961 827 2066 880 Πα-

479 927 743 998 ραϐάτην,
778 922 869 975 καὶ
899 920 1085 990 σχεδόν
1115 920 1247 972 τιτὸ
1275 919 1373 989 τῆς
1420 919 1663 989 ἱστορίας
1697 918 1845 987 αύτῴ
1877 921 1955 981 είς
2001 918 2063 971 τὸ

478 1019 692 1072 ἐκείνου
721 1014 996 1084 ἐγκώμιον
1029 1011 1285 1064 συντεθὲν
1315 1011 1639 1082 ὲξεπονήθη.
1668 1010 1825 1062 Ἔστι
1859 1010 1914 1062 δὲ
1934 1009 2064 1062 καλ-

371 1117 378 1120 ”
476 1107 668 1174 λιεπὴς
707 1103 805 1173 τὴν
840 1102 1062 1172 φράσιν,
1092 1101 1142 1153 εί
1173 1100 1416 1171 περιέλοι
1460 1116 1544 1162 τις
1577 1097 1726 1168 αύτῷ
1757 1097 1865 1150 τῶν
1892 1098 2062 1165 λόγων

474 1194 535 1246 τὸ
550 1193 711 1246 ἀλεκτ
719 1190 981 1262 ρυονῶδες
999 1189 1094 1242 καὶ
1109 1187 1351 1256 ὲλαφωδέ
1359 1204 1444 1240 στε
1453 1203 1567 1257 ρον,
1582 1186 1678 1238 καὶ
1697 1186 2062 1255 συωδέστερον

474 1282 569 1336 καὶ
593 1280 720 1333 δέκα
743 1278 753 1350 |
775 1280 812 1333 l.
837 1278 932 1332 καὶ
953 1278 1016 1349 δὴ
1048 1274 1254 1347 καὶΝ.]
1272 1276 1400 1339 τοὺς
1432 1273 1769 1342 ίερακώδεις,
1786 1275 1882 1327 καὶ
1899 1292 2062 1344 κορα-

473 1373 786 1437 κώδεις,καὶ
802 1368 1156 1441 πιθηκὼδεις,
1175 1368 1272 1422 καὶ
1288 1367 1348 1419 τὸ
1362 1365 1682 1434 ποταμῶδες
1699 1365 1951 1435 δάκρυον,
1971 1367 2064 1421 καὶ

472 1466 541 1517 τὰ
569 1465 749 1534 ὃμοια’
808 1464 1021 1524 τούτοις
1054 1460 1162 1531 γὰρ
1203 1460 1297 1512 καὶ
1325 1459 1425 1528 τὴν
1451 1458 1619 1527 ἄλλην
1647 1456 1755 1509 τῶν
1784 1458 2062 1526 ὀνομάτων

476 1555 932 1627 περιλυμαίνεται
983 1554 1078 1607 καὶ
1129 1549 1432 1605 διανοθεύει
1464 1547 1767 1617 εὐγένειαν.
1796 1550 1902 1602 Καὶ
1931 1567 2028 1620 τρο
2047 1579 2063 1589 ·

474 1648 606 1710 παῖς
640 1647 739 1716 μὲν
773 1645 1038 1715 κέχρηται
1097 1641 1595 1711 παραϐόλως,δπερ
1629 1640 1657 1692 ό
1685 1638 1786 1708 τῆς
1817 1641 2064 1711 ἱστορίας

476 1738 582 1790 ούκ
633 1735 810 1790 ἐθέλει
849 1737 1035 1806 νόμος,
1079 1735 1396 1803 ἀφαιρεῖται
1431 1731 1486 1782 δὲ
1544 1730 1605 1782 τὸ
1651 1729 1853 1782 λυποῦν
1903 1732 2066 1802 ήτῆς

2167 561 2378 604 veteres
2409 550 2615 620 Illyrios
2650 550 2718 604 ah
2752 546 2871 602 aliis
2911 546 3180 617 gentibus,
3214 545 3306 614 qui
3331 545 3462 600 istas
3493 545 3748 616 regiones

2165 643 2494 708 incolebant,
2523 641 2864 697 distinxisset
2883 639 2949 711 ?);
2977 640 3069 694 sed
3100 639 3226 708 quia
3268 638 3521 694 ditecesis
3549 639 3702 694 Mace
3721 669 3751 680 -

2167 734 2328 790 donia
2353 735 2452 789 sub
2489 733 2843 802 dispositione
2868 731 3105 802 praefecti
3171 733 3424 802 pra'torio
3454 746 3549 801 per
3572 731 3754 803 illyri-

2167 841 2286 880 cum
2323 833 2460 878 erat.
2507 822 2607 878 Hic
2636 823 2818 879 causis
2873 823 3097 892 agendis
3145 820 3611 891 Constantinopoli
3658 838 3759 877 oc-

2165 925 2411 986 cupatus,
2503 929 2626 968 cum
2711 921 2932 983 propter
2991 911 3320 981 singularem
3383 910 3756 980 eloquentiam

2165 1005 2640 1076 persuasionisque
2676 1005 2780 1057 vim
2811 1001 3178 1057 celebraretur
3208 1000 3342 1072 (18),
3379 1016 3410 1055 a
3438 1000 3760 1057 Justiniauo

2167 1099 2300 1163 imp.
2326 1112 2418 1150 an.
2449 1094 2576 1159 554,
2607 1096 2820 1162 legatus
2852 1096 2917 1148 ad
2946 1093 3390 1148 Amalasuntham
3422 1093 3756 1160 destinatus,

2162 1195 2288 1264 quia
2321 1192 2536 1247 interim
2573 1193 2969 1248 'l‘heodahadus
3018 1204 3245 1260 regnum
3276 1192 3602 1260 arripuerat,
3634 1191 3760 1247 Au-

2163 1287 2302 1341 lome
2344 1283 2650 1349 substituit,
2679 1292 2732 1337 et
2761 1298 2904 1337 anno
2950 1283 3168 1337 demum
3196 1290 3457 1352 sequente
3490 1298 3612 1336 cum
3645 1284 3760 1336 im-

2165 1377 2428 1447 peratoris
2461 1365 3074 1429 mandatisnavennam
3106 1374 3355 1443 pervenit
3391 1389 3404 1425 :
3445 1384 3573 1430 tunc
3593 1389 3753 1439 vero,

2166 1467 2377 1537 ignavia
2411 1476 2466 1521 et
2493 1467 2689 1521 timore
2725 1465 2962 1521 hominis
2978 1464 3170 1519 callide
3199 1479 3349 1530 usus,
3377 1463 3756 1519 Theodahado

2166 1559 2434 1630 persuasit
2465 1567 2521 1612 ut
2559 1573 2618 1612 se
2653 1557 2878 1627 Augusti
2926 1555 3048 1610 ﬁdei
3081 1555 3448 1624 permitteret,
3486 1555 3758 1624 italiaque

2167 1648 2420 1703 universa
2451 1647 2771 1703 concederet
2801 1645 2936 1718 (l9).
2968 1647 3099 1713 Quae
3133 1659 3256 1700 cum
3324 1645 3439 1715 ipse
3472 1645 3756 1700 Constan-

2172 1739 2450 1809 tinopolim
2483 1739 2869 1804 renuntiasset,
2895 1738 3093 1793 iterum
3141 1751 3264 1790 cum
3307 1735 3609 1792 Athanasio
3643 1735 3758 1790 Ra-

472 1829 673 1894 λέξεως
697 1829 936 1899 ἔμφασις
963 1832 1033 1881 τὰ
1054 1825 1224 1879 πολλὰ
1243 1825 1334 1878 καὶ
1364 1823 1667 1889 ἀστειὸτης.
1713 1824 1792 1895 Τῇ
1817 1825 2056 1896 συνθήκῃ

2168 1851 2398 1892 veunam
2455 1837 2652 1890 missus
2702 1845 2805 1902 cst,
2855 1844 2916 1889 nt
2970 1835 3075 1889 illis
3131 1833 3417 1904 agentibus
3471 1847 3594 1901 qua:
3649 1847 3749 1888 rex

475 1922 534 1975 δὲ
557 1922 753 1991 καὶτῷ
785 1921 944 1990 σαφεῖ
980 1920 1116 1991 πρὸς
1148 1918 1394 1988 ἱστορίαν
1454 1921 1548 1973 καὶ
1613 1919 1736 1982 ταῖς
1784 1916 2056 1987 περιόδοις

482 2013 813 2084 συμμέτρως
838 2011 929 2064 καὶ
957 2009 1172 2071 οίκείως
1195 2007 1325 2079 ἕχει.
1357 2009 1501 2078 Πλὴν
1523 2008 1740 2079 ἐνιαχοῦ
1770 2006 2052 2060 δικανικώ-

481 2121 640 2175 τερον
663 2102 911 2172 μᾶλλονῆ
947 2099 1360 2171 ίστορικώτερον
1392 2104 1581 2170 μεστοῖ
1610 2101 1706 2154 καὶ
1746 2098 2060 2170 περιϐάλλει

477 2196 566 2247 τιν
581 2195 758 2262 λόγον.
785 2191 1114 2266 Νεωτερίζει
1142 2191 1185 2245 δ’
1210 2192 1311 2244 οὐκ
1325 2190 1482 2258 ὀλίγα
1511 2192 1608 2244 καὶ
1649 2190 1779 2260 περὶ
1805 2189 1905 2252 τὰς
1930 2204 2058 2242 συν-

477 2286 681 2351 τάξεις,
714 2285 854 2356 πλὴν
883 2284 985 2337 οὐκ
1019 2285 1097 2346 εἰς
1126 2283 1186 2336 τὸ
1229 2281 1416 2354 ἄχαρι,
1448 2280 1572 2335 οὐδ’
1597 2281 1677 2344 είς
1709 2279 1768 2333 τὺ
1816 2281 1937 2344 ταῖς
1964 2296 2062 2349 με-

480 2377 655 2441 θόδοις
689 2376 862 2447 λαϐὴν
913 2375 1211 2429 ἐπιδοῦναι.

549 2469 653 2523 Δύο
673 2469 729 2522 δὲ
785 2468 1171 2539 πραγματείας
1198 2465 1297 2537 τὴν
1318 2465 1488 2535 αὐτὴν
1520 2464 1882 2536 περιεχούσας
1918 2464 2062 2517 ἱστο-

481 2561 602 2634 ρίαν
631 2559 1029 2630 συνεγράψατο,
1053 2557 1278 2629 πρώτην
1310 2557 1405 2612 καὶ
1431 2557 1713 2627 δευτέραν.
1748 2555 1858 2608 Καὶ
1883 2556 1938 2607 ὲν
1963 2555 2061 2624 μὲν

482 2657 548 2725 τῇ
620 2652 809 2723 πρώτῃ
867 2650 1068 2721 πολλὴν
1123 2649 1265 2704 κατὰ
1306 2649 1408 2718 τῆς
1454 2649 1703 2718 καθαρᾶς
1753 2647 1910 2718 ἡμῶν
1953 2646 2061 2699 τῶν

479 2745 824 2814 Χριστιανῶν
849 2743 1090 2805 πίστεως
1145 2739 1506 2810 κατασπείρει
1563 2738 1930 2809 βλασφημίαν,
1965 2737 2060 2791 καὶ

477 2835 575 2902 τὴν
619 2831 941 2901 Ἑλληνικὴν
987 2830 1350 2902 ἀποσεμνύνει
1400 2829 1849 2900 δεισιδαιμονίαν,
1891 2827 2064 2880 πολλὰ

479 2925 591 2976 τῶν
619 2924 862 2978 εὐσεϐῶν
894 2921 1160 2992 βασιλέων
1215 2919 1652 2990 καθαπτόμενος
1677 2919 1734 2971 ἐν
1757 2917 1815 2971 δὲ
1841 2920 1907 2988 τῇ
1933 2917 2056 2970 δευ-

478 3018 634 3090 τέρᾳ,
673 3017 739 3090 ἢν
760 3018 856 3071 καὶ
872 3015 1032 3070 Νέαν
1051 3014 1300 3067 ἔκδοσιν
1321 3013 1638 3085 ἐπιγράφει,
1677 3011 1775 3083 τὴν
1806 3013 1905 3084 μὲν
1933 3011 2064 3064 πολο

478 3109 579 3179 λὴν
615 3106 772 3176 ὕϐριν
821 3106 916 3162 καὶ
969 3105 1283 3172 ἀσέλγειαν,
1333 3105 1400 3174 ἢν
1451 3104 1595 3157 κατὰ
1645 3104 1744 3175 τῆς
1783 3102 2064 3165 εὐσεϐείας

481 3175 794 3264 ἐσκέδαζεν,
826 3197 1214 3266 ὑποτέμνεται,
1241 3197 1302 3250 τὸ
1326 3196 1384 3250 δὲ
1403 3197 1590 3250 λοιπὸν
1603 3197 1702 3267 τῆς
1725 3195 2056 3267 συγγραφῆς
2091 3175 2134 3233 C

484 3290 644 3361 σῶμα
663 3290 936 3360 συνείρας,
961 3288 1122 3342 Νέαν
1140 3287 1408 3355 ἔκδοσιν,
1427 3289 1496 3351 ὼ³
1518 3289 1750 3360 ἔφημεν,
1767 3289 2064 3360 ἐπιγράφει

482 3383 563 3434 ἔτι
607 3382 779 3434 πολλὰ
797 3383 894 3448 τῆς
928 3383 1106 3434 ἐκεῖσε
1139 3381 1344 3452 λύσσης
1371 3382 1801 3448 ύποιραίνουσαν.
1823 3381 2065 3450 Ἀμφοίν

479 3473 540 3524 δὲ
597 3473 718 3533 ταῖς
778 3472 1052 3524 ὲκδόσεσιν
1080 3473 1136 3525 ὲν
1173 3473 1424 3535 παλαιοῖς
1448 3472 1774 3542 ἐνετύχομεν
1809 3471 2062 3543 βιϐλίοις,

485 3563 633 3626 ἰδίως
696 3563 978 3622 ἑκατέραν
1009 3567 1067 3618 ὲν
1101 3565 1273 3634 ἑτέρῳ
1325 3564 1510 3634 τεύχει
1564 3566 1658 3618 καί
1681 3565 1858 3635 ἑτέρῳ
1880 3582 2067 3620 συντε·

480 3656 782 3728 ταγμένηνο
847 3658 906 3724 ἐξ
966 3651 1040 3712 ὧν
1099 3659 1279 3714 αὐτῶν
1339 3659 1434 3712 καὶ
1481 3658 1580 3730 τὴν
1634 3658 1900 3730 διαφορὰν
1935 3660 2067 3712 ἀνα-

482 3748 774 3821 λεξάμενοι
828 3750 1096 3822 ἔγνωμεν.
1135 3747 1554 3821 Συμὸαίνειοῦν
1603 3753 1664 3805 ἐν
1729 3755 1796 3823 τῇ
1833 3751 1934 3823 νέᾳ
1973 3754 2067 3805 ὲκ-

486 3843 636 3897 δόσει
676 3843 850 3897 πολλὰ
882 3843 993 3897 τῶν
1030 3844 1245 3916 χωρίων
1275 3843 1365 3897 διὰ
1399 3844 1502 3906 τὰς
1522 3845 1900 3914 γεγενημένας
1957 3844 2068 3896 τῶν

487 3935 667 4006 ῥητῶν
693 3936 999 4005 περικοπὰς
1038 3936 1268 4005 ἀσαφῶς
1302 3935 1608 3999 ἐκκεῖσθαι,
1636 3936 1812 3990 καίτοι
1844 3953 2067 4005 φροντι·

483 4027 622 4098 στής
669 4028 787 4080 ὲστι
828 4027 924 4080 τοῦ
957 4027 1180 4094 σαφοῦς
1211 4026 1327 4079 ἀλλ’
1355 4028 1462 4098 ὅτῳ
1490 4028 1679 4098 τρόπῳ
1732 4027 1913 4095 λέγειν
1967 4030 2069 4082 οὑκ

484 4119 615 4190 ἔχω,
657 4118 733 4188 μὴ
771 4117 950 4180 καλῶς
987 4118 1130 4171 κατὰ
1175 4121 1272 4182 τὰς
1317 4119 1625 4190 περικοπὰς
1654 4119 1899 4190 ἁρμόσας
1943 4121 2071 4183 τοὺς

485 4209 677 4278 λόγους
707 4211 764 4262 ὲν
811 4212 877 4281 τῇ
907 4210 1133 4282 δευτέρᾳ
1181 4211 1392 4266 ἐκδόσει
1446 4212 1535 4265 τὸν
1588 4211 1710 4266 νοῦν
1745 4213 2070 4283 λυμαίνεται

483 4299 595 4354 τῶν
633 4300 1180 4372 ἀναγινωσκομένων.
1231 4301 1321 4356 Ἐν
1361 4297 1440 4367 οἷς
1481 4304 1576 4356 καὶ
1614 4303 1676 4357 τὸ
1704 4303 1880 4367 τέλος.

558 4475 779 4538 Petrus,
839 4474 928 4529 cui
981 4490 1010 4528 a
1071 4475 1429 4546 dignitatibus
1457 4479 1701 4545 magistri
1749 4487 1804 4532 et
1853 4479 2067 4548 patricii

483 4566 806 4636 cognomina
869 4566 1167 4632 iusserunt,
1219 4565 1623 4621 Thessalonica:
1666 4576 1843 4633 natus,
1877 4581 1906 4619 a
1936 4565 2072 4620 Pro-

489 4657 646 4725 copio
676 4655 893 4726 lliyrius
945 4656 1144 4711 dicitur
1175 4655 1288 4728 (17)
1327 4675 1340 4710 :
1378 4672 1480 4710 non
1540 4658 1685 4726 quod
1741 4657 1960 4713 natione
2006 4659 2073 4712 ad

558 4790 674 4862 (i7)
700 4789 875 4862 βοιιι.
904 4789 1032 4862 1η5,
1068 4808 1120 4862 [ι.
1156 4791 1285 4854 516,
1317 4791 1403 4847 ed.
1425 4791 1548 4845 Par.

558 4861 670 4930 (18)
699 4860 832 4930 ibid.
858 4892 929 4902 —
959 4860 1278 4924 Menander,
1314 4863 1478 4924 infra,
1508 4878 1560 4930 p.
1597 4861 1726 4925 429,
1753 4862 1842 4927 19,
1869 4861 1959 4916 20.

563 4929 676 4999 (19)
707 4929 934 5001 Procop.
965 4931 1131 4988 Goth.
1166 4930 1208 4985 l.
1238 4931 1294 4998 6,
1329 4949 1383 5001 p.
1407 4929 1531 4985 ⁸522.

559 5003 673 5072 (eo)
705 5001 838 5072 ibid.
865 5000 990 5068 1.7,
1017 5017 1073 5072 p.
1105 5001 1235 5072 525.

558 5067 674 5142 (21)
709 5070 784 5124 De
820 5067 1133 5142 magiSterio
1159 5071 1466 5142 ciliciorum
1485 5069 1697 5142 legendi
1735 5081 1864 5126 sunt
1921 5073 2077 5131 Joan-

487 5139 584 5212 nes
621 5139 804 5210 Lydus
841 5139 937 5212 de'
960 5142 1205 5212 magistr.
1249 5140 1452 5212 "Lib,
1493 5139 1588 5212 25,
1631 5140 1741 5208 26ς
1779 5143 1853 5207 ΙΙΙ,
1908 5146 2076 5212 ιο,υι

492 5209 735 5266 Valesius
760 5213 828 5264 ad
864 5209 1243 5266 AmmCMarc.
1271 5209 1459 5274 XXVI,
1491 5210 1547 5266 5.
1572 5214 1647 5266 Ex
1679 5209 2075 5271 diversissimo-

492 5296 610 5360 rum
650 5281 989 5360 negotiorum
1020 5281 1421 5360 procuratione,
1458 5296 1556 5350 pro
1603 5291 1789 5360 nostra
1820 5284 2074 5360 opinione

492 5350 721 5404 ridicule
773 5362 1181 5419 coagmentata,
1234 5349 1548 5416 conﬂatmn,
1591 5349 2073 5421 complectEbatur,

491 5433 549 5472 ut
577 5430 763 5473 nostro
785 5434 1040 5490 sermone
1063 5423 1244 5490 potius
1273 5437 1433 5490 quam
1467 5422 1783 5476 Pannonica
1810 5422 2075 5479 latinitate

495 5499 659 5562 utar:
698 5489 810 5562 Das
846 5489 1186 5562 iMinislerum
1218 5489 1321 5562 tier
1353 5491 1703 5562 auswartigen
1724 5491 2070 5562 WAngeiegen-

492 5559 684 5625 Im’tm,
709 5561 794 5613 die
821 5561 1032 5628 Aemter
1075 5563 1163 5616 des
1207 5559 1656 5628 Hofmurscltalls,
1707 5559 2073 5616 Cereiuonien-

495 5628 733 5700 ruciuera
758 5627 1503 5700 undﬂeneralpoumeiuers,
1529 5633 1635 5685 und
1679 5631 1762 5685 die
1801 5629 2073 5686 Direction

494 5694 528 5744 ά
541 5712 587 5748 3r
597 5698 1084 5768 ⁸ιεειιξείιινμιωνὲίίειι.

570 5763 682 5835 (22)
721 5763 989 5826 Patricius
1029 5787 1058 5826 a
1101 5770 1444 5828 ConSIantiui
1501 5769 1571 5827 Μ.
1617 5781 1776 5828 actate
1815 5786 1938 5828 eum
1989 5772 2066 5825 lo-
2105 5775 2108 5780 “

2162 1927 2373 1983 Gothus
2411 1927 2735 1997 promiserat
2786 1925 2854 1980 ad
2891 1925 3097 1980 exitum
3143 1923 3614 1994 perducerentur:
3649 1937 3742 1977 ve-

2165 2034 2284 2072 rum
2315 2019 2380 2082 is,
2415 2017 2610 2072 Mundo
2657 2015 2876 2071 interim
2929 2030 3054 2071 cum
3099 2015 3346 2070 exercitu.
3389 2015 3442 2068 in
3485 2014 3746 2069 Dalmatis

2164 2124 2323 2172 caeso,
2355 2109 2552 2179 spretis
2600 2123 2721 2178 qua:
2770 2107 3178 2172 convenissent,
3235 2105 3544 2177 violataque
3597 2106 3751 2174 lega—

2165 2202 2370 2255 tionum
2420 2199 2731 2262 sanctitate,
2800 2197 2921 2254 illos
2977 2199 3030 2252 in
3069 2198 3374 2253 custodiam
3427 2198 3750 2268 dedit(20),

2165 2305 2342 2358 neque
2376 2290 2528 2359 prius
2562 2289 2820 2344 redeundi
2875 2289 3109 2346 facultas
3155 2304 3417 2346 concessa
3464 2301 3548 2345 est
3581 2306 3751 2361 quam

2164 2399 2194 2438 a
2238 2383 2412 2452 Vitige
2435 2382 2556 2436 fere
2587 2391 2710 2452 post
2743 2389 2854 2436 tres
2885 2395 3078 2448 annos,
3109 2381 3252 2436 circa
3278 2383 3439 2436 linem
3470 2383 3595 2436 anni
3620 2381 3754 2439 538.

2168 2477 2273 2531 Sed
2311 2475 2415 2531 hoc
2442 2475 2847 2530 incommodum
2866 2473 3028 2530 Petro
3059 2473 3259 2544 insigni
3304 2475 3512 2530 honore
3548 2489 3753 2544 repen-

2165 2578 2341 2621 satum
2369 2576 2470 2631 est,
2497 2565 2693 2620 collata
2717 2565 2978 2634 dignitate
2997 2564 3239 2634 magistri
3280 2563 3575 2619 olIiciorum
3609 2563 3750 2635 (21).

2167 2658 2356 2713 Postea
2414 2674 2557 2714 anno
2617 2657 2732 2712 fere
2763 2657 2886 2718 550.
2925 2658 3037 2726 jam
3085 2656 3152 2710 ad
3200 2655 3482 2726 patriciam
3521 2667 3754 2712 evectu-

2169 2758 2255 2802 lus
2275 2746 2386 2818 (22)
2405 2746 2672 2817 legatusin
2692 2745 2967 2802 Orientem
2983 2749 3269 2802 missusest
3282 2747 3349 2802 ad
3369 2746 3614 2802 inducias
3626 2763 3755 2803 cum

2169 2839 2412 2894 Chosroe
2438 2838 2839 2909 componendas
2861 2837 3000 2909 (25),
3043 2839 3186 2893 unde
3233 2847 3411 2893 tamen
3457 2854 3516 2892 re
3547 2839 3753 2894 infecta

2171 2927 2359 2982 rediit:
2384 2941 2531 2992 mox,
2560 2941 2652 2981 an.
2683 2926 2787 2981 552
2810 2925 2946 2997 (24),
2975 2927 3217 2982 delectus
3241 2936 3325 2982 est
3354 2937 3412 2982 ut
3435 2942 3559 2982 cum
3594 2925 3739 3000 Vigiv

2165 3020 2241 3075 iio
2271 3020 2432 3090 Papa,
2485 3021 2578 3089 qui
2619 3019 2966 3074 Chalcedone
3009 3019 3377 3085 detinebatur,
3418 3020 3485 3074 de
3531 3021 3752 3088 negotio

2172 3110 2332 3166 trium
2367 3110 2724 3180 capitulorum
2775 3119 2982 3181 ageret.
3017 3109 3266 3180 Vigiiius,
3303 3109 3416 3174 ubi,
3449 3123 3568 3179 qua:
3618 3118 3751 3163 tunc

2167 3210 2286 3256 acta
2318 3209 2466 3267 sunt,
2513 3209 2722 3266 narrat,
2777 3199 2994 3254 Petrum
3041 3200 3416 3264 exconsulem,
3458 3199 3743 3268 patriciunt

2165 3302 2218 3348 et
2247 3293 2564 3371 magistrum
2591 3299 2777 3356 vocat,
2838 3306 2959 3347 mox
3008 3291 3352 3361 magniﬁcum
3375 3293 3545 3345 virum
3572 3298 3626 3344 et
3654 3303 3745 3344 re-

2172 3382 2584 3446 ferendarium;
2647 3382 2740 3450 qui
2788 3390 2915 3436 tunc
2962 3381 3222 3436 exconsul
3282 3381 3583 3443 dicebatur,
3625 3389 3754 3434 erat

2169 3491 2328 3546 quem
2397 3476 2692 3546 imperator
2741 3473 3052 3528 consulatus
3105 3474 3372 3529 codicillis
3419 3483 3748 3542 ornaverat;

2168 3579 2291 3620 eum
2329 3572 2514 3633 postea
2538 3565 2589 3618 in
2617 3563 2916 3635 Byzantino
2943 3563 3190 3633 imperio,
3211 3563 3288 3619 rei
3317 3564 3580 3634 dignitate
3609 3579 3751 3634 pau-

2170 3658 2323 3712 latim
2356 3657 2664 3720 imminuta,
2725 3656 3004 3712 consulem
3054 3663 3110 3712 et
3160 3657 3417 3726 hypatum
3456 3658 3747 3712 dixerunt.

2177 3746 2369 3802 Decem
2409 3745 2607 3801 deinde
2637 3746 2794 3801 annis
2821 3746 3140 3816 interiectis,
3172 3762 3262 3800 an.
3294 3745 3420 3812 562,
3476 3747 3626 3816 pacis
3655 3763 3752 3802 ne-

2169 3839 2377 3909 gotium
2431 3853 2554 3892 cum
2617 3836 2801 3894 Persis
2843 3839 3064 3904 iterum,
3121 3853 3186 3893 ac
3231 3837 3476 3894 feliciOre
3529 3839 3755 3907 quidem

2169 3932 2356 3993 exitu,
2420 3928 2707 3999 suscepit,
2771 3930 3134 3999 ignominiosa
3196 3929 3452 3999 quidem,
3508 3929 3605 3984 sed
3654 3944 3760 3998 pro

2169 4020 2451 4075 exhaustis
2487 4019 2700 4088 imperii
2724 4019 2935 4075 viribus
2963 4021 3295 4087 necessaria,
3337 4033 3472 4091 pace
3500 4020 3552 4075 in
3583 4021 3758 4089 quiu-

2171 4113 2429 4181 quaginta
2460 4125 2633 4166 annos
2658 4112 2960 4177 composita
2996 4111 3132 4182 (25).
3169 4111 3274 4167 Ubi
3320 4127 3442 4166 cum
3491 4125 3520 4164 a
3571 4112 3757 4180 legato

2173 4202 2398 4258 Persico
2421 4216 2587 4272 super
2621 4201 2846 4267 Suania,
2879 4217 3041 4272 quam
3079 4200 3275 4258 Petrus
3315 4203 3616 4272 repetebat,
3651 4203 3757 4256 fai-

2171 4295 2275 4350 laci
2314 4309 2409 4362 spe
2435 4294 2740 4364 proposita,
2769 4296 2835 4348 ad
2862 4309 3042 4363 regem
3070 4294 3368 4349 Chosroem
3395 4292 3631 4364 reiectus
3666 4308 3757 4348 es-

2174 4397 2277 4453 set,
2305 4402 2448 4442 anno
2479 4387 2728 4457 proximo
2769 4387 2913 4441 hunc
2953 4384 3086 4441 adiit
3120 4403 3134 4441 :
3172 4383 3625 4442 verumfrustra.
3671 4387 3752 4440 Ex

2104 4497 2278 4569 una
2331 4482 2602 4550 legatione
2657 4482 2977 4553 Byzantium
3037 4495 3323 4546 reversus,
3379 4480 3520 4536 haud
3580 4482 3754 4536 multo

2181 4580 2304 4641 post
2324 4571 2461 4625 obiit
2484 4570 2618 4640 (26),
2635 4571 2706 4626 28
2726 4571 2837 4625 fere
2859 4571 3015 4626 annis
3037 4578 3156 4641 post
3171 4571 3399 4641 primam
3425 4571 3753 4643 legationem

2182 4661 2462 4728 Italicam;
2528 4660 2716 4716 relicto
2756 4660 2868 4717 ﬁlio
2891 4659 3202 4727 Theodoro,
3243 4663 3334 4732 qui
3374 4661 3485 4733 jam
3524 4677 3616 4717 an.
3647 4660 3755 4716 565

2178 4811 2300 4852 cum
2335 4797 2387 4852 iu
2417 4797 2538 4852 aula
2591 4797 2877 4868 obtinebat
2915 4805 2976 4852 ut
3017 4797 3398 4868 Britannorum
3440 4799 3620 4867 lingua
3659 4813 3762 4868 ap-

2179 4868 2353 4936 posite
2379 4885 2409 4920 a
2441 4869 2592 4938 prioy
2635 4865 2950 4922 Counsellor
2998 4868 3290 4938 diceretur,
3320 4867 3433 4938 Hic,
3472 4865 3760 4938 dignitatis

2179 4935 2402 5007 gradus,
2436 4935 2867 5007 conjitngebatur
2920 4951 3043 4991 cum
3099 4951 3166 4991 eo
3203 4935 3379 5007 oliicio
3424 4937 3477 4991 in
3523 4935 3630 5007 tino
3658 4939 3759 4992 ali-

2179 5007 2300 5073 quis
2358 5006 2492 5061 alias
2544 5006 2873 5061 constitutus
2923 5017 3042 5060 erat
3095 5023 3108 5058 :
3154 5022 3218 5061 ac
3266 5006 3488 5060 Petrum
3532 5006 3754 5076 Quidem

2179 5086 2425 5156 nostrum
2459 5091 2628 5144 usque
2667 5076 2737 5131 ad
2782 5086 3007 5130 mortem
3046 5077 3099 5130 in
3146 5077 3460 5148 magisterio
3501 5092 3760 5147 perman-

2178 5159 2313 5200 SISSE
2342 5156 2572 5200 constat.

2251 5214 2365 5353 :23)
2400 5214 2699 5284 Procopius
2719 5215 2880 5270 Goth.
2912 5215 2996 5281 IV,
3033 5215 3124 5282 12,
3156 5231 3208 5287 p.
3247 5216 3370 5271 591.

2271 5285 2362 5353 24)
2403 5284 2478 5338 De
2512 5300 2653 5340 anno
2691 5300 2800 5353 quo
2841 5287 3016 5340 nuntii
3049 5287 3370 5353 imperatori

2271 5285 2362 5355 ‘24)
2403 5284 2478 5338 De
2512 5283 2653 5356 anno
2675 5300 2800 5356 Aquo
2830 5287 3016 5356 nuntii
3049 5283 3395 5356 imperatoris
3448 5299 3571 5339 cum
3607 5283 3760 5355 Vigi-

2180 5352 2509 5426 lio'eg'erunt
2545 5354 2614 5426 cl.
2661 5352 2972 5410 Gieselerus
3006 5371 3035 5409 a
3069 5352 3155 5410 me
3203 5357 3504 5426 consultus,
3530 5352 3761 5426 respon-

2181 5425 2254 5495 dit
2285 5440 2342 5478 se
2372 5424 2530 5493 plane
2563 5424 2772 5479 Mansio
2796 5427 3186 5495 assentiri,qui
3208 5425 3336 5481 illud
3365 5441 3458 5480 an.
3488 5424 3586 5480 551
3621 5424 3757 5479 eon-

2183 5493 2367 5561 tigisse
2399 5503 2657 5564 statuat,
2689 5493 3183 5564 corrigendumque
3243 5496 3296 5550 in
3361 5495 3762 5562 subscriptione

2180 5564 2422 5631 cpistola:
2455 5563 2743 5634 encyclica:
2777 5576 3000 5634 censeat
3032 5584 3044 5620 :
3092 5563 3151 5620 P.
3188 5565 3249 5624 C.
3289 5565 3468 5621 Basilii
3498 5565 3587 5621 XI.

2253 5634 2364 5703 (25)
2395 5632 2706 5696 Menander,
2746 5649 2796 5702 p.
2834 5633 2938 5688 546
2970 5650 3088 5703 sqq.
3115 5639 3202 5692 ed.
3229 5634 3287 5690 Β.

2253 5649 2364 5696 (Ζῡ)
2395 5649 2706 5696 Μεηειιιυρν,
2746 5649 2796 5696 p.
2834 5649 2938 5688 040
2970 5650 3088 5696 sqq.
3115 5649 3202 5692 eu.
3229 5649 3287 5690 ὕ.

2256 5649 2364 5703 :23)
2395 5649 2706 5696 menanucr,
2746 5649 2796 5702 p.
2834 5649 2938 5688 est)
2970 5650 3067 5706 sqq

2256 5704 2370 5774 (26)
2403 5703 2534 5758 Ibid.
2562 5722 2614 5772 p.
2645 5703 2769 5770 575,
2807 5703 2894 5756 17.
