4050 6418
1060 304 1085 313 _‘
1095 284 1151 309 ,ρ’
1228 283 1257 303 ι’.

301 338 412 403 61⁸1

1720 338 2037 400 PR/EFAT
2047 340 2140 401 [0.

3462 340 3569 399 6ὶῖ

308 450 630 523 dignitatem
659 446 832 519 patris
859 445 1172 510 obtinebat;
1193 459 1316 502 mox
1344 447 1892 522 comeslargitionum
1919 456 1973 515 Α
1998 451 2179 522 petita:
2207 450 2409 520 eclogae
2439 450 2492 506 in
2538 458 2767 521 utroque
2792 450 2949 506 titulo
2979 451 3045 507 de
3084 450 3446 517 legationibus
3471 465 3570 507 ex-

307 544 491 598 factus
532 550 699 611 atque
741 553 795 593 a.
838 538 968 606 576,
1026 538 1093 594 ad
1137 537 1333 595 Persas
1387 540 1589 597 missus
1638 550 1723 597 est
1747 541 1884 611 (27).

304 633 681 691 Christianum
732 630 906 685 fuisse
960 630 1179 685 Petrum
1234 630 1400 686 dubio
1449 642 1651 688 caret:
1687 633 1889 703 quippe

305 727 406 797 qui
441 727 495 781 in
524 723 797 794 legatione
824 720 1043 778 Persica
1075 730 1133 775 ut
1156 722 1393 777 natalem
1443 721 1645 779 Christi
1676 722 1887 779 Domini

305 816 779 890 Epiphaniamqne
816 813 1141 880 celebraret,
1198 813 1504 870 substiterit
1544 814 1680 886 (28),
1724 823 1889 885 atque

303 925 434 966 cum
467 907 662 979 Vigilio
689 908 839 978 Papa
875 906 943 962 de
974 906 1135 963 rebus
1166 921 1290 977 quas
1335 907 1403 962 ad
1434 906 1687 979 dogmata
1716 907 1887 978 perti-

302 1010 440 1058 nent
476 999 667 1069 egerit.

384 1090 488 1147 Hic
525 1089 722 1146 Petrus
747 1088 888 1143 inter
932 1100 1143 1143 coa'vos
1186 1086 1491 1142 incredibili
1528 1088 1758 1158 quadam
1787 1088 1888 1146 llo-

305 1185 420 1242 rnit
440 1182 602 1238 laude
631 1191 689 1237 et
721 1179 890 1250 gloria
927 1195 943 1233 :
971 1178 1127 1248 cujus
1160 1179 1236 1234 rei
1270 1179 1572 1234 testimonia
1610 1179 1748 1235 infra
1791 1196 1887 1252 po-

302 1276 416 1332 sui.
439 1272 648 1328 Praeter
679 1268 1069 1341 eloquentiam,
1114 1278 1277 1339 atque
1316 1270 1532 1324 unicam
1563 1269 1618 1324 in
1666 1285 1891 1339 persua-

304 1364 487 1421 dendo
519 1364 652 1426 vim,
682 1373 949 1416 summam
984 1359 1039 1414 in
1066 1358 1227 1414 rebus
1245 1359 1545 1415 tractandis
1585 1360 1884 1427 solertiam,

307 1456 654 1527 diligentiam
694 1451 1045 1518 indefessam,
1077 1450 1252 1520 legum
1276 1450 1634 1521 cognitionem
1669 1466 1891 1509 accura-

313 1548 603 1610 tissimam,
671 1542 1032 1599 eruditionem
1081 1527 1446 1612 amnigenam,
1500 1542 1549 1597 ei
1609 1543 1884 1610 tribuunt;

319 1650 434 1695 tum
464 1653 587 1694 vero
611 1651 887 1693 amanum
935 1636 1229 1707 ingenium,
1272 1638 1567 1707 mitemque
1594 1635 1835 1691 animum
1872 1655 1884 1690 :

321 1731 378 1785 in
398 1745 502 1801 quo
531 1744 653 1783 cum
681 1727 844 1783 unico
889 1728 1045 1798 cujus
1092 1727 1254 1782 verba
1282 1728 1348 1781 ad
1385 1741 1486 1783 nos
1522 1737 1891 1797 pervenerunt

319 1822 680 1879 obtrectatore
700 1818 815 1889 (29)
844 1818 917 1873 ita
948 1819 1219 1875 consentit
1250 1818 1397 1874 Petri
1446 1818 1618 1875 cliens
1651 1816 1891 1875 Joannes

296 1905 516 1983 'Lydus,
571 1923 630 1965 ut
675 1910 780 1965 hoc
852 1918 1001 1965 certe
1053 1918 1264 1965 constet
1318 1908 1641 1965 benevolum
1692 1908 1887 1977 fuisse,

305 2004 652 2071 liberumque
680 2003 747 2056 ab
769 2000 919 2056 omni
954 2000 1285 2071 arrogantia.
1313 1999 1491 2055 Etiam
1506 2008 1632 2070 post
1657 2010 1888 2056 mortem

303 2107 336 2145 a
358 2090 601 2161 Corippo
643 2089 767 2143 boni
807 2085 1132 2161 cognomi‘he
1180 2088 1476 2161 insignitur
1505 2089 1643 2159 ('50),
1673 2099 1733 2145 ut
1759 2090 1889 2146 olim

308 2183 426 2239 Rex
462 2183 671 2238 Ancus.
700 2182 830 2249 Quae
868 2192 1047 2236 tamen
1083 2182 1312 2237 virtutes
1352 2198 1462 2257 non
1502 2182 1723 2237 obstant
1758 2198 1893 2253 quo-

305 2275 493 2328 minus
526 2288 657 2329 vere
690 2273 987 2341 Procopius
1028 2272 1076 2327 ei
1105 2273 1436 2343 exprobrare
1465 2274 1700 2342 potuerit
1742 2272 1892 2328 fura-

304 2366 593 2421 cissimum
623 2364 816 2431 fuisse,
854 2376 1017 2434 atque
1058 2364 1367 2433 inexplebili
1397 2364 1708 2420 divitiarum
1737 2364 1891 2434 cupi-

304 2456 483 2510 ditate
528 2455 814 2511 incensum
842 2454 955 2527 (3|)
988 2454 1257 2510 :avaritia
1305 2454 1450 2509 enim
1494 2456 1633 2525 apud
1657 2455 1894 2513 Orientis

307 2548 563 2618 populos,
616 2548 684 2603 ad
730 2549 1049 2604 servitutem
1099 2545 1399 2617 prolapsos,
1436 2561 1677 2617 persaepe
1728 2545 1892 2602 etiam

308 2641 553 2695 virorum
590 2640 810 2696 minime
838 2640 1101 2695 malorum
1126 2639 1335 2695 animos
1366 2637 1574 2693 invadit
1614 2655 1628 2692 :
1661 2653 1891 2708 quorum

306 2731 531 2788 bonitas
580 2746 649 2788 eo
702 2742 915 2787 tantum
960 2732 1155 2797 elucet,
1206 2730 1350 2801 quod
1379 2744 1554 2801 neque
1600 2730 1896 2786 crudeliter

306 2833 472 2894 agunt
502 2837 847 2879 nummorum
884 2836 1070 2889 causa,
1108 2835 1284 2891 neque
1310 2819 1400 2890 jus
1435 2818 1677 2875 violant:
1709 2820 1899 2889 quales

284 2902 435 2970 sunt
460 2914 574 2969 fere
601 2914 647 2970 si
681 2914 775 2983 qui
808 2914 950 2968 inter
978 2914 1185 2968 'l‘urcas
1222 2913 1325 2968 viri
1353 2912 1479 2968 boni
1526 2912 1801 2968 dicuntur.
1838 2911 1896 2966 In

314 3023 423 3078 quo
468 3020 666 3079 genere
700 3005 908 3061 illustre
953 3004 1260 3075 exemplum
1307 3013 1429 3060 erat
1461 3003 1725 3059 memoria
1779 3016 1896 3057 mea

319 3095 715 3151 Mobammedes
735 3109 923 3159 senex,
955 3093 1183 3165 Algeriae
1207 3101 1448 3156 satrapa.
1483 3090 1626 3146 Nihil
1650 3092 1751 3146 hoc
1782 3092 1900 3146 viro

316 3187 765 3256 mitiusmjusque
795 3186 900 3242 fide
930 3186 1049 3241 data
1068 3183 1202 3240 nihil
1228 3184 1469 3241 sanctius
1496 3198 1511 3238 :
1541 3193 1598 3239 at
1621 3183 1764 3240 idem
1788 3198 1893 3239 non
1922 3201 1968 3263 ς
2000 3206 2123 3246 esse

308 3282 486 3339 solum
511 3283 613 3338 nisi
636 3297 825 3350 pacem
852 3281 920 3337 ab
937 3296 1003 3336 eo
1017 3280 1362 3345 redemisses,
1382 3279 1663 3350 piraticam
1677 3292 1899 3334 exerce-

308 3374 438 3440 bat;
475 3373 807 3444 violataque,
841 3370 959 3427 sine
990 3386 1087 3427 sua
1117 3371 1297 3442 culpa,
1318 3387 1473 3441 pace,
1501 3373 1748 3441 gavisum
1778 3385 1899 3426 esse

307 3465 518 3529 credo;
552 3478 739 3519 verum
763 3464 925 3519 etiam
952 3462 1199 3533 quotidie
1246 3477 1344 3534 per
1385 3477 1670 3533 vesperam
1718 3461 1900 3516 aureis

310 3556 671 3613 numerandis
697 3571 757 3613 se
782 3556 1106 3612 delectabat.
1136 3553 1481 3611 Praedivitem
1529 3563 1681 3610 certe
1728 3552 1900 3608 fuisse

308 3651 537 3705 Petrum
581 3649 705 3704 inde
760 3648 1087 3717 colligimus,
1131 3649 1274 3719 quod
1324 3645 1501 3701 insula
1546 3644 1812 3711 Aconitis,
1844 3644 1898 3698 in

310 3757 423 3813 qua
460 3742 602 3797 cotis
627 3741 826 3797 fodinae
875 3744 1296 3807 exercebantur,
1348 3739 1560 3808 integra
1598 3752 1697 3808 pro
1732 3735 1899 3791 fundo

315 3835 391 3888 ad
418 3848 539 3887 eum
579 3832 886 3903 pertinebat
920 3832 1057 3906 (52).
1103 3832 1303 3887 Eadem
1356 3829 1638 3886 servitutis
1682 3826 1898 3883 miseria

320 3926 473 3980 virus
500 3926 742 3995 quamvis
801 3923 971 3980 bonos
1017 3924 1411 3980 immanissima
1455 3922 1714 3995 principis
1748 3918 1897 3989 jussa

1994 548 2141 596 stant
2168 559 2183 595 :
2229 556 2459 611 quarum
2504 542 2681 612 prima
2714 542 2781 596 ad
2810 541 3097 611 imperium
3124 528 3348 607 Tiberii,
3380 543 3569 597 ultima

1995 633 2064 689 ad
2091 649 2181 690 res
2219 649 2249 688 a
2275 631 2518 699 Iuliano,
2545 634 2721 690 adhuc
2747 634 2987 701 Cxesare,
3016 636 3119 691 sub
3139 635 3398 705 auspiciis
3426 637 3571 692 Con-

1996 722 2183 780 stantii
2207 723 2261 778 in
2310 722 2481 779 Gallia
2529 734 2710 794 gestas
2764 724 3018 791 pertinet.
3082 722 3239 790 Quod
3264 724 3311 780 si
3344 724 3569 781 ulterius

1996 826 2313 884 progressus
2339 822 2505 877 esset,
2541 812 2588 869 is
2618 812 2713 883 qui
2736 813 2955 883 eclogas
2992 813 3230 870 confecit
3257 830 3365 871 non
3397 816 3570 887 magis

1998 903 2053 958 in
2079 902 2244 960 Petro
2281 918 2446 973 quam
2494 905 2547 959 in
2592 904 2805 960 ceteris
2849 904 3097 960 ultimam
3135 906 3318 976 operis
3362 917 3573 979 partem

1996 995 2347 1067 neglexisset.
2412 994 2600 1066 Itaque
2644 1010 2767 1052 eum
2801 998 2962 1052 linem
3008 996 3203 1053 fecisse
3253 1000 3345 1053 ubi
3380 999 3576 1055 Euna-

1995 1087 2118 1159 pius
2147 1102 2235 1144 res
2261 1087 2418 1158 plene
2437 1102 2664 1143 narrare
2688 1088 2983 1159 incipiebat
3010 1104 3116 1143 non
3144 1089 3353 1145 dubito.
3371 1089 3573 1146 Verum

1996 1176 2052 1231 in
2084 1191 2193 1247 quo
2228 1187 2470 1247 tempore
2496 1176 2742 1233 historiae
2781 1191 2896 1233 sua:
2937 1177 3152 1233 initium
3199 1179 3571 1245 constituerit,

1995 1280 2059 1321 ea
2089 1266 2316 1337 quaestio
2343 1280 2451 1321 non
2471 1281 2627 1338 aeque
2668 1275 2820 1322 certe
2850 1266 3095 1337 expediri
3123 1276 3305 1337 potest
3331 1280 3347 1321 :
3384 1283 3573 1339 regum

1998 1367 2176 1414 tamen
2224 1359 2493 1430 liberique
2528 1358 2711 1430 populi
2753 1357 2985 1415 Romani
3016 1368 3257 1432 tempora
3304 1369 3573 1417 tractasse

1996 1464 2103 1503 non
2162 1450 2520 1517 crediderim;
2556 1465 2678 1505 cum
2730 1460 2952 1521 propter
2991 1451 3302 1520 eclogarum
3344 1467 3412 1509 ex
3445 1453 3583 1519 uni-'

1995 1552 2154 1594 verso
2195 1539 2300 1595 hoc
2348 1550 2592 1611 tempore
2639 1540 2931 1606 defectum,
2959 1550 3071 1595 tum
3110 1542 3237 1612 quia
3266 1557 3375 1598 non
3414 1543 3573 1599 video

1995 1629 2125 1697 quid
2168 1630 2442 1685 hominem
2490 1630 2849 1701 Byzantinum
2895 1632 3173 1702 impellere
3220 1635 3457 1704 potuerit
3504 1637 3573 1691 ad

1995 1717 2279 1772 scribenda
2325 1734 2466 1788 qum,
2504 1729 2564 1774 ut
2609 1720 2841 1791 quisque
2889 1721 3153 1791 prolixius
3203 1735 3299 1778 aut
3355 1725 3575 1781 brevius

1998 1817 2216 1863 narrata
2264 1819 2573 1877 quaereret,
2623 1812 2783 1883 vulgo
2835 1813 3273 1870 inveniebantur.
3320 1814 3434 1870 Non
3492 1828 3576 1871 ta-

1995 1913 2117 1955 men
2145 1914 2175 1953 a
2228 1899 2450 1957 Tiberio
2476 1901 2765 1971 incepisse,
2809 1933 2881 1944 —-
2926 1904 2978 1959 id
3022 1907 3166 1975 quod
3195 1920 3293 1975 per
3330 1921 3395 1962 se
3424 1908 3576 1961 omni

1992 2000 2205 2045 careret
2224 1991 2625 2062 probabilitate,
2654 2025 2727 2041 —-
2748 1997 2842 2052 sed
2859 1997 2973 2065 jam
2996 1997 3063 2052 de
3088 1996 3352 2068 Augusto,
3376 1999 3574 2053 trium-
3622 2012 3627 2013 ί

1991 2082 2309 2154 viratusque
2341 2096 2586 2156 tempore
2613 2090 2811 2161 egisse,
2844 2091 3078 2159 probant
3113 2089 3416 2162 fragmenta
3451 2107 3572 2163 qua:

1992 2176 2044 2232 in
2062 2177 2242 2234 libello
2269 2177 2626 2249 Seguieriano
2647 2183 2713 2237 de
2737 2181 2953 2251 syntaxi
2984 2182 3165 2238 inveni
3193 2183 3336 2255 (δι).
3383 2183 3461 2239 Ex
3488 2185 3576 2240 his

1991 2268 2220 2323 alterum
2254 2272 2396 2339 apud
2441 2271 2669 2327 Dionem
2708 2271 2957 2328 Cassium
2980 2273 3171 2329 iisdem
3202 2291 3371 2346 prope
3398 2277 3577 2333 verbis

1993 2361 2191 2430 legitur
2211 2362 2345 2433 (55),
2377 2362 2520 2432 quod
2547 2364 2614 2418 de
2647 2363 2718 2419 fr.
2742 2365 2798 2429 ι,
2828 2366 2883 2434 5,
2907 2380 2962 2437 p.
2983 2366 3110 2431 I25,
3140 2368 3230 2423 ed.
3260 2368 3345 2436 Β..
3376 2369 3573 2426 collata

1995 2455 2153 2526 legat.
2206 2452 2319 2519 LII,
2381 2468 2437 2525 p.
2470 2455 2570 2511 401
2635 2455 2838 2522 Ursini,
2886 2460 3200 2516 observavit
3255 2460 3509 2517 Valesius
3555 2477 3570 2514 :

1995 2544 2138 2600 unde
2188 2545 2509 2614 conjectura
2548 2556 2694 2603 certa
2748 2549 2925 2604 oritur
2979 2548 3205 2606 Petrum
3248 2552 3379 2608 nihil
3426 2553 3576 2609 aliud

1995 2652 2158 2705 quam
2191 2636 2380 2694 Dionis
2409 2639 2737 2694 breviarium
2780 2640 3088 2698 confecisse
3117 2652 3388 2714 quatenus
3416 2644 3575 2712 hujus

1996 2728 2225 2785 historia
2250 2739 2482 2800 pateret.
2506 2730 2626 2787 Jam
2653 2746 2779 2789 vero
2799 2747 2923 2788 cum
2962 2735 3312 2791 continuator
3355 2736 3573 2801 Dionis.

1996 2819 2152 2889 cujus
2182 2822 2399 2894 eclogas
2426 2822 2505 2877 ill.
2535 2822 2707 2879 Maius
2729 2825 2783 2880 in
2817 2825 2972 2880 titulo
3002 2827 3069 2881 de
3102 2828 3392 2883 sententiis
3426 2827 3576 2883 inve-

1999 2915 2100 2980 nit,
2132 2923 2393 2985 quantum
2429 2916 2605 2985 spatia
2632 2914 2810 2972 metiri
2842 2918 2991 2984 licet,
3021 2932 3133 2972 non
3171 2919 3401 2972 multum
3435 2919 3575 2973 infra

1996 3008 2415 3064 Constantinum
2459 3008 2531 3063 bl.
2560 3009 2931 3077 descenderit,
2976 3026 3083 3066 non
3137 3012 3426 3068 temeraria
3477 3012 3578 3067 ha-

2001 3099 2287 3157 riolatione
2316 3100 2447 3157 mihi
2475 3100 2721 3173 persuasi
2748 3115 2872 3157 eum
2910 3116 3017 3157 nott
3050 3101 3325 3157 diversum
3354 3117 3383 3157 a
3416 3101 3579 3158 Petro

1999 3284 2047 3335 si
2081 3283 2423 3353 exploratum
2474 3292 2621 3341 esset
2683 3284 3074 3353 imperatorum
3127 3288 3350 3340 nomina
3380 3287 3577 3355 quibus

2001 3373 2104 3427 ista
2136 3375 2280 3445 apud
2334 3374 2534 3430 Maium
2581 3390 2681 3444 pro
2751 3376 3022 3431 lemmatis
3065 3376 3477 3449 distinguuntur
3518 3379 3573 3431 in

1999 3466 2187 3522 codice
2217 3465 2298 3521 sic
2328 3467 2503 3537 posita
2531 3480 2666 3524 esse
2701 3485 2714 3523 :
2760 3483 2885 3523 nam
2927 3469 3119 3526 eadem
3149 3472 3361 3527 ratione
3394 3488 3580 3543 gram-

2002 3558 2232 3613 maticus
2274 3557 2366 3612 ille
2407 3558 2502 3628 qui
2556 3559 2625 3615 de
2666 3560 2882 3631 syntaxi
2939 3560 3178 3630 scripsit,
3240 3561 3387 3617 Petri
3440 3578 3581 3632 opus

2004 3646 2058 3701 in
2099 3656 2281 3717 partes
2314 3648 2631 3704 distinctum
2663 3650 2869 3704 invenit
2908 3665 2926 3704 :
2973 3661 3125 3706 certe
3165 3666 3271 3707 non
3315 3651 3578 3706 librorum

2002 3739 2270 3806 numeris;
2302 3754 2461 3812 quos,
2491 3751 2545 3795 ut
2579 3756 2793 3810 semper
2820 3742 2976 3807 alias,
3008 3744 3299 3812 posuisset.

2077 3830 2344 3887 Praeterea
2387 3832 2528 3888 idem
2560 3833 2758 3889 Suidas
2809 3832 2970 3890 Petro
2998 3848 3133 3905 Opus
3165 3835 3306 3904 Περὶ
3351 3839 3581 3891 πολιτι-

2001 3921 2563 3991 κῆςκαταστάσεως
2598 3925 2825 3982 ascribit
2866 3943 2881 3981 :
2931 3930 3073 3997 quod
3128 3927 3208 3984 ill.
3251 3926 3423 3983 Maius
3460 3929 3579 3983 illos

2180 3209 2194 3247 :
2251 3192 2319 3261 ad
2377 3208 2539 3264 quam
2589 3193 2914 3248 ﬁrmandam
2972 3193 3215 3249 nonnihil
3274 3194 3577 3261 accederet,
3692 3182 3705 3203 '

309 4034 419 4089 pro
442 4016 683 4074 numinis
717 4016 961 4072 oraculis
1005 4018 1230 4088 exsequi
1264 4016 1431 4086 cogit,
1471 4015 1629 4086 quasi
1656 4013 1790 4069 nihil
1813 4028 1901 4067 ar-
2002 4015 2258 4086 anonymi
2288 4015 2572 4085 scriptoris
2598 4018 2666 4073 de
2688 4033 2747 4073 re
2780 4018 2992 4087 publica
3028 4018 3276 4091 dialogos
3302 4035 3423 4078 esse
3446 4038 3580 4078 con-

309 4110 489 4165 bitrio
528 4123 629 4164 suo
658 4108 911 4163 relictum
933 4109 1005 4164 sit
1039 4124 1055 4162 :
1094 4108 1277 4178 itaque
1317 4120 1632 4163 asseverare
1668 4120 1776 4161 non
1800 4119 1897 4159 au-
1999 4105 2140 4176 jieit,
2176 4123 2404 4179 quorum
2435 4108 2662 4165 Photius
2691 4110 2813 4165 cod.
2850 4111 2919 4165 37
2952 4112 3217 4177 meminit,
3254 4113 3364 4182 ipse
3397 4125 3577 4171 autem

305 4203 506 4258 derem
562 4201 889 4256 calumniam
936 4214 1058 4256 esse
1106 4198 1361 4267 Procopii
1397 4196 1674 4254 narrantis
1723 4195 1903 4251 Theo-
2005 4215 2036 4255 e
2087 4199 2439 4270 palimpsesto
2497 4200 2760 4257 Vaticano
2822 4202 2999 4273 ampla
3051 4203 3222 4259 edidit
3278 4205 3578 4275 fragmenta

307 4295 598 4352 dahadum
626 4311 656 4351 a
682 4296 845 4352 Petro
864 4294 931 4350 ad
955 4292 1362 4349 Amalasunthze
1394 4304 1581 4346 necem
1618 4288 1893 4343 incitatum

2004 4290 2149 4359 Περὶ
2205 4289 2529 4359 πολιτικῆς
2578 4289 2917 4360 ἐπιστήμης
2979 4290 3262 4361 inscripta.
3317 4290 3577 4361 Equidem

304 4404 440 4446 esse
472 4390 626 4460 (53):
660 4389 771 4446 ‘nisi
812 4403 979 4444 causa
1031 4402 1198 4458 quam
1256 4384 1417 4440 affert
1469 4398 1568 4440 cur
1617 4381 1900 4438 Thcodora
2005 4382 2376 4452 inscriptionis
2413 4382 2781 4437 diversitatem
2848 4382 3118 4446 omittam,
3160 4396 3333 4451 neque
3373 4384 3580 4453 negabo

305 4480 551 4536 exitium
577 4481 814 4536 infelicis
838 4480 1039 4552 reginae
1066 4477 1376 4534 machinata
1391 4485 1536 4533 esset
1565 4485 1674 4530 tam
1708 4489 1899 4544 parum
1926 4531 1980 4552 ἢ
2004 4472 2170 4530 Petro
2198 4474 2412 4544 placere
2438 4474 2676 4544 potuisse
2698 4481 2756 4527 ut
2783 4472 2949 4529 libros
2974 4473 3092 4528 sine
3113 4473 3330 4529 nomine
3354 4475 3575 4530 ederet:

1068 4531 1292 4641 quoque
1330 4531 1540 4624 crimen
1598 4531 1902 4622 maledictis
1926 4531 1981 4592 D
2007 4531 2248 4621 attamen
2296 4566 2382 4619 vix
2426 4531 2687 4621 credibile
2718 4562 2933 4619 videtur
2962 4578 3076 4619 rem
3123 4563 3303 4619 Suidte
3334 4580 3581 4636 comper-

304 4680 537 4720 vesana:
558 4665 909 4736 impudentiae
935 4663 1209 4720 accenseri
1244 4675 1404 4733 posse
1430 4661 1721 4719 conﬁdam.
2010 4664 2119 4715 tam
2171 4659 2332 4713 docto
2368 4658 2694 4727 curiosoque
2740 4654 2936 4712 Photio
2977 4671 3083 4711 non
3130 4657 3455 4723 innotuisse;
3487 4670 3580 4711 ant

385 4757 558 4813 Petro
601 4756 845 4813 Patricio
896 4755 1097 4813 Suidas
1152 4754 1395 4826 ἱστορίας
1457 4752 1647 4809 tribuit
1691 4767 1707 4808 :
1756 4751 1899 4806 unde
2006 4756 2223 4815 contra,
2271 4747 2496 4802 Suidam
2538 4746 2755 4802 silentio
2802 4747 3087 4803 transiisse
3132 4746 3260 4802 illud
3304 4761 3442 4819 opus
3474 4764 3582 4819 quo

387 4915 509 4993 (ἓξ)
537 4914 672 4993 _\_ii_d_e
702 4913 1083 4993 Valesiumad
1110 4929 1164 4985 p.
1194 4912 1320 4993 519,
1441 4912 1527 4967 ed.
1763 4977 1812 4993 __
1852 4978 1865 4991 ν

390 4977 513 5056 (‘28)
539 4985 673 5039 Ibid.
709 5000 763 5052 p.
794 4987 921 5056 δρι,
940 4977 1206 5056 2|,_se'q.,_
1230 4984 1319 5052 qui
1349 4985 1531 5056 locus2
1556 4983 1624 5036 ab
1658 4979 1733 5034 ill.
1763 4977 1904 5056 M_aio

309 5048 761 5119 animadversas,
817 5054 1051 5110 Fabricii
1100 5048 1452 5124 diligentiam
1506 5052 1738 5124 fugerat.
1797 5048 1905 5104 Sed

309 5140 526 5182 nomen
557 5124 705 5179 Petri
744 5118 810 5179 ad
860 5141 970 5180 rem
996 5118 1333 5194 probandam
1385 5118 1902 5194 parum:_el_ﬁceret:

311 5195 569 5251 Joannes
606 5194 749 5249 enim
779 5194 959 5251 Lvdus
986 5190 1075 5249 vix
1110 5193 1330 5249 nomine
1369 5190 1525 5246 tenus
1562 5190 1907 5245 Christianus

310 5249 458 5329 luit;
494 5279 669 5333 neque
698 5280 763 5320 eo
791 5249 962 5335 magis
1009 5264 1248 5320 Joannes
1293 5261 1542 5335 Stobaeus
1577 5274 1597 5335 _:
1635 5259 1893 5335 Jac_o_bum

2007 5249 2361 5335 pi]_§)€5n_\uEFV
2373 5249 2476 5335 ἒξῳ
2495 5257 2596 5335 τῇς
2618 5249 2876 5335 Ἶςτοιλίας.
2897 5249 3050 5335 Hunc
3072 5249 3576 5335 loctttlt_ai_ljtttt_ie_titn

313 5325 1422 5406 rnedicurnhnationeKchivum,paganum
1442 5327 1894 5406 religiottefttisse,
2007 5325 2201 5381 indicis
2228 5325 2558 5406 Reimariani
2582 5327 2841 5406 indagare
2878 5330 3023 5406 potui
3050 5344 3066 5394 ;
3090 5328 3137 5406 is
3166 5325 3441 5406 quialteri.
3473 5325 3582 5376 fra-

312 5406 529 5459 diserte
559 5392 747 5460 narrat
787 5392 1139 5460 Marcellinus
1160 5392 1447 5458 in'Chron.
1495 5392 1617 5455 sub.
1667 5414 1719 5451 a.
1763 5396 1894 5466 tog.
2008 5397 2553 5466 gmentorespondet.
2572 5392 2823 5452 nisicasu
2840 5392 3072 5461 oblatus,
3090 5392 3405 5466 handfacile
3424 5392 3580 5466 inve-

396 5473 512 5544 (29)
564 5473 865 5546 Procopius
898 5475 1166 5546 Anecdot.
1215 5471 1287 5526 ει
1310 5511 1327 5537 ,
1374 5485 1430 5541 p.
1473 5470 1541 5526 70
1572 5488 1587 5524 :
1618 5468 1800 5539 Πρᾶος
1831 5461 1901 5535 ἦν
2011 5461 2207 5546 pietur.
2227 5461 2434 5546 Quotus
2460 5467 2605 5521 enirn
2622 5468 2850 5536 quisque
2868 5463 3581 5546 adeoin_defessus,_ot_i.oque

315 5531 422 5599 xui.
548 5531 760 5615 ἣκιστά
780 5546 1026 5615 ὑϐρίζειν
1048 5544 1226 5615 εἱδῴς.
1286 5531 1323 5615 μ’
1671 5531 1682 5539 ’
1856 5531 1868 5535 ⁷

2011 5531 2308 5590 instructus
2339 5546 2444 5615 est,
2489 5547 2548 5590 ut
2570 5531 2817 5615 quatuor
2845 5536 3124 5615 _y_oc_ahnla_
3157 5549 3252 5603 per
3291 5540 3383 5615 tot_
3414 5531 3583 5615 libros

394 5614 511 5686 (fit!)
533 5605 800 5686 Qitrippus
830 5605 1083 5686 Delituit.
1113 5605 1254 5669 Just.
1286 5612 1435 5671 1.24.
2011 5621 2257 5675 qmerere
2289 5607 2591 5686 sustineat?
2615 5622 2738 5661 cum
2758 5620 2823 5660 ne
2845 5606 2972 5659 illud
2999 5605 3213 5673 quidem
3235 5610 3442 5686 constet
3457 5617 3583 5654 cer-

402 5673 514 5753 βπ)
551 5673 781 5754 Ρΐοὲὁι).
812 5686 846 5739 I.
878 5684 917 5740 Ι.
1240 5749 1261 5754 _
1668 5753 1672 5754 ί
1777 5750 1787 5754 _
2016 5673 2128 5754 [um
2180 5690 2301 5754 esse
2341 5677 2563 5754 _A_ut_onii
2608 5691 2811 5754 nomen
2849 5691 2965 5754 non.
3002 5689 3189 5729 errore
3220 5673 3585 5754 positttttt_prn

402 5742 513 5825 (³52)
550 5742 871 5810 Hermolaus
897 5758 949 5809 in
974 5754 1219 5812 Ethnicis
1234 5749 1494 5824 Stephani
1516 5769 1559 5809 s.
1594 5750 1904 5808 v.’A-/.6vat.
2018 5744 2298 5801 Antonini.
2340 5746 2512 5802 Verbo
2546 5747 2761 5816 quidem
2787 5745 3052 5799 Θωπεὺειν
3088 5742 3232 5813 saepe
3263 5743 3431 5798 utitur
3462 5742 3579 5796 Dio.

652 5853 928 5915 ΡΑτιιοι..
974 5852 1095 5914 Gn.
1148 5851 1369 5915 CXIII.
2472 5892 2545 5919 κθ
3176 5840 3252 5901 '20

2472 5922 2534 5943 ι,-

2075 4904 2189 4976 (33)
2222 4903 2425 4976 gnecd.
2457 4905 2546 4968 I6,
2590 4918 2644 4974 p.
2668 4904 2758 4959 47.

2075 4974 2187 5046 (3i)
2230 4974 2304 5027 Ea
2338 4976 2511 5046 posita
2544 4985 2669 5029 sunt
2704 4974 2863 5038 infra,
2889 4976 3000 5031 col.
3041 4974 3168 5030 673.

2075 5045 2187 5113 (35)
2226 5045 2418 5100 Petrus
2449 5062 2479 5115 :7
2524 5046 2751 5115 ’Arreim
2791 5050 2904 5109 τοῖς
2948 5047 3266 5113 βουλευταῖς
3322 5045 3579 5115 ἐκδημεῖν

2006 5115 2113 5183 ἔξω
2154 5115 2409 5186 Ἰταλίας.
2462 5114 2561 5186 Dio
2594 5113 2705 5178 LII,
2734 5115 2825 5178 tt.
2874 5116 3085 5186 p.395,
3115 5118 3206 5178 at.
3239 5118 3327 5172 ed.
3364 5113 3580 5186 tt.an

2007 5188 2356 5257 rrpooaneirrs
2373 5184 2434 5309 LI.
2454 5185 2550 5239 καὶ
2572 5186 2708 5254 πρὸς
2731 5184 2956 5256 amitte]
2980 5188 3117 5240 πᾶσι
3131 5190 3243 5249 τοῖς
3263 5185 3579 5256 βουλεύουσι

2008 5261 2081 5309 μὴ
2104 5256 2230 5309 ὲκδη
2242 5256 2361 5307 αεῖν
2403 5254 2476 5309 ξω
2495 5257 2596 5309 τῆς
2624 5256 2876 5309 Ἰταλίας.
2897 5257 3050 5309 Hunc
3072 5257 3246 5309 locum
3269 5255 3576 5309 adiumento
