4050 6414
333 349 441 413 621

1754 349 2170 410 ΡΒίΕΕΑΤΙΟ.

3493 367 3602 432 622

337 461 609 534 ἐμπειρίᾳ
651 460 827 530 λόγων
857 459 950 516 καὶ
1001 462 1269 534 δεινότητι
1326 459 1547 527 πειθοῦς
1570 492 1639 503 -
1664 457 1776 527 οἶος
1801 463 1912 533 ὲγέ-

2027 471 2238 531 patrata
2273 473 2401 530 est,
2453 479 2484 522 a
2529 466 2719 526 Prisco
2775 482 3052 531 narratam
3113 489 3279 546 esse,
3343 480 3612 556 Evagriu‘s

333 571 462 609 νετο
512 552 803 625 παρακροῦ
814 553 1030 609 uacent.

410 645 564 712 IDEI,
600 662 657 716 p.
703 645 829 711 428,
873 646 946 702 20
993 662 1008 698 :
1047 645 1122 700 Τὺ
1153 643 1579 718 χθαμαλώτερον
1613 664 1732 712 πως
1775 646 1922 702 ἐστιν

329 734 368 815 ᾖ
401 741 512 794 τῶν
548 739 725 808 λόγων
751 767 823 780 ——
847 739 1168 810 μετέφρασα.
1203 741 1261 804 ἐς
1298 739 1359 793 τὸ
1395 739 1813 810 Ἀττικώτερον.

407 826 800 892 (ΖΑςειουοιισς,
864 825 1149 882 Variarum
1180 825 1248 894 Χ,
1311 826 1401 895 19,
1437 829 1647 882 nomine
1678 827 1922 882 Theodo-

327 920 463 972 Ιταάί
498 921 635 988 regis
665 933 685 972 :
717 918 800 972 vir
825 917 1305 989 eloquentissimus
1326 917 1520 975 Petrus
1542 918 1752 988 legatus
1777 934 1923 976 sere-

330 1009 524 1063 uitatis
553 1017 765 1073 vestrae,
802 1016 857 1063 et
902 1009 1146 1064 doctrina
1176 1024 1441 1077 summus,
1486 1020 1542 1066 et
1578 1011 1923 1066 conscientiae

324 1097 586 1154 claritate
625 1098 950 1168 praecipuus.
1843 1113 1853 1124 ‘

406 1187 557 1247 Ibid.
588 1189 656 1252 Χ.
693 1189 782 1253 22,
809 1190 1043 1257 ejusdem
1071 1191 1280 1246 nomine
1309 1205 1329 1245 :
1371 1205 1469 1262 per
1523 1191 1698 1247 virum
1743 1192 1922 1249 diser-

323 1282 609 1339 tissimum
636 1281 880 1338 Petrum.

405 1370 550 1425 Ibid.
587 1368 658 1435 Χ,
681 1369 737 1437 2,
773 1371 982 1424 nomine
1023 1369 1575 1446 Cundelinw‘regiua:
1611 1384 1631 1422 :
1671 1370 1922 1428 veniente

328 1461 451 1516 viro
479 1460 887 1530 sapientissimo
919 1459 1103 1517 Petro.

406 1549 755 1618 Eunomus,
778 1551 1100 1621 epitomator
1127 1552 1387 1623 Stephani
1423 1553 1496 1610 De
1519 1554 1754 1620 urbibus,
1790 1569 1839 1610 δ.
1865 1569 1915 1609 v.

339 1644 590 1697 ’Δκὸναιτ
627 1644 899 1706 ’Δκονίτις
947 1643 1200 1714 -νῆσος
1261 1644 1601 1716 διαφέρουσα.
1649 1645 1728 1717 τῷ
1777 1662 1920 1699 παν-

344 1735 570 1804 ευφήμῳ
594 1734 873 1807 πατρικιῳ
925 1735 1020 1788 καὶ
1071 1734 1150 1806 τῷ
1186 1736 1247 1807 [ι.
1272 1737 1342 1791 τὰ
1377 1731 1468 1810 Ν.]
1527 1736 1706 1791 πάντα.
1754 1753 1919 1807 σοφο-

339 1827 482 1896 calt-ty
500 1827 786 1898 μσγίστρῳ
811 1827 1027 1900 Πέτρῳ,
1049 1831 1280 1900 κειμένη
1311 1808 1647 1901 καταντικρὺ
1680 1859 1753 1872 ——
1775 1831 1922 1884 Χαλο
1955 1808 1996 1862 Β

329 1918 578 1988 κηδόνος.
609 1916 1002 1991 Ἐπικέκληται
1047 1921 1104 1974 δὲ
1123 1921 1214 1975 διὰ
1243 1921 1306 1975 τὸ
1331 1921 1535 1993 πλῆθος
1563 1922 1674 1977 τῶν
1693 1923 1754 1977 ὲν
1779 1921 1916 1993 αὐτῇ

325 2011 474 2080 πρὸς
515 2012 722 2077 ἀκόνας
744 2013 1136 2084 πεποιημένων
1159 2013 1349 2070 λίθων.

396 2100 694 2170 Contprus,
729 2101 807 2158 De
837 2104 1084 2159 laudibus
1109 2103 1340 2171 Justini,
1371 2103 1416 2173 l,
1447 2104 1539 2171 24,
1572 2103 1664 2161 25.

398 2267 818 2340 successorque
848 2269 1002 2334 boni,
1038 2269 1392 2340 redivivaque
1418 2270 1590 2336 gloria
1618 2269 1766 2327 Petri

399 2337 504 2395 Hic
535 2337 856 2397 Theodorus
872 2340 1045 2408 adest,
1079 2342 1252 2410 patria
1275 2337 1543 2411 gravitate
1566 2343 1844 2410 magister.

396 2506 660 2575 Panium,
705 2507 849 2562 unde
895 2504 1211 2572 PRlSCUS,
1245 2522 1407 2578 quem
1447 2507 1538 2562 alii
1574 2507 1753 2564 minus
1785 2506 1918 2564 deli-

317 2599 440 2655 nite
465 2597 738 2654 Thracem
773 2608 972 2654 vocant
1001 2598 1142 2670 (58),
1184 2596 1374 2653 Panita
1402 2599 1623 2668 dicitur,
1656 2600 1915 2671 oppidum

324 2703 452 2749 erat
505 2691 758 2761 EurOpar,
821 2691 984 2747 unius
1031 2705 1062 2746 e
1113 2705 1208 2746 sex
1271 2691 1569 2761 provinciis
1618 2691 1916 2748 dimceseos

320 2786 730 2856 Thracianqmz
753 2784 1148 2841 dhcrsonesum
1173 2785 1510 2850 continebat,
1528 2794 1692 2856 atque
1716 2785 1770 2840 in
1783 2782 1916 2840 Pro—

322 2875 568 2947 pontidis
590 2889 689 2929 ora
723 2875 868 2930 inter
897 2872 1236 2942 Heracleam,
1257 2875 1386 2930 olim
1418 2874 1760 2942 Perinthum,
1786 2890 1915 2947 pro-

327 2967 522 3020 vincia:
599 2965 944 3035 metrOpolitn
976 3005 990 3031 ,
1047 2975 1102 3020 et
1155 2964 1518 3038 Selymbriam
1570 2969 1917 3030 terminaba-

330 3063 422 3109 tur
451 3054 560 3126 (59)
600 3074 613 3110 :
652 3055 896 3122 incertis,
931 3057 1023 3112 ubi
1056 3057 1108 3111 in
1165 3058 1561 3116 mediterranea
1595 3062 1914 3132 porrigeba-

2025 553 2182 610 docet
2236 555 2350 627 (45)
2404 576 2417 612 :
2459 561 2601 616 tutde
2648 562 2974 634 colligimus,
3020 582 3146 624 cum
3206 553 3486 631 Halchus—
3510 579 3609 632 au-

2025 660 2152 698 num
2187 646 2312 714 474,
2343 648 2542 706 Leonis
2575 652 2663 720 17,
2703 654 2947 713 historiae
2991 674 3105 715 sua:
3135 659 3357 719 initium
3393 665 3606 735 fecerit,

2023 735 2270 795 Priscum
2315 740 2382 794 ad
2423 755 2544 796 eum
2575 745 2906 804 substitisse.
2959 748 3116 808 Unde
3143 762 3294 824 patet
3320 771 3483 827 quam
3514 760 3612 827 ab-

2025 829 2188 975 sursle
2221 829 2416 887 Suidas
2446 845 2570 887 eum
2595 834 2697 889 sub
2730 835 3040 896 Theodosio
3068 841 3294 902 Juniore
3323 848 3618 927 scripsisse.

2026 929 2107 974 tra
2149 930 2224 975 at.

2026 929 2224 976 tradat.
3639 931 3647 936 ’

2096 1015 2280 1088 Longe
2311 1021 2546 1090 optimus
2575 1024 2816 1081 omnium
2862 1028 3134 1099 sequioris
3167 1033 3266 1088 aevi
3316 1033 3609 1095 historico-

2024 1109 2179 1174 rum';
2214 1110 2450 1182 ingenio,
2481 1111 2606 1182 ﬁde,
2644 1117 2929 1186 sapientia,
2978 1121 3108 1178 nulli
3156 1124 3239 1179 vel
3279 1126 3608 1193 optimorum

2026 1204 2328 1267 temporum
2361 1203 2810 1276 posthabendus;
2859 1210 3081 1281 elegans
3116 1228 3331 1286 quoque
3378 1227 3436 1275 et
3488 1235 3610 1278 scr-

2024 1304 2183 1345 mone
2211 1292 2345 1347 satis
2377 1309 2513 1364 puro
2564 1311 2716 1364 usus,
2767 1299 2982 1358 laudem
3027 1313 3196 1376 atque
3221 1307 3450 1377 gloriam
3484 1329 3609 1370 cum

2024 1383 2164 1450 apud
2204 1399 2436 1451 coasvos,
2493 1396 2605 1443 tum
2659 1390 2803 1447 inter
2852 1405 3101 1464 posteros
3139 1399 3336 1458 merito
3375 1403 3610 1477 adeptus

2023 1475 2142 1567 estf;
2168 1477 2254 1531 cui
2299 1477 2465 1534 etiam
2495 1495 2524 1535 a
2555 1480 2770 1539 Valesio
2799 1494 2854 1542 et
2881 1485 3154 1558 Gibbono,
3186 1489 3417 1552 summis
3449 1475 3606 1567 viris,

2024 1564 2234 1661 laudari
2282 1571 2531 1642 contigit.
2582 1573 2791 1632 Rhetor
2843 1577 3066 1648 dicitur,
3115 1593 3172 1638 at
3222 1584 3364 1642 idem
3419 1564 3609 1661 sophi;

2023 1667 2105 1712 Sta
2139 1657 2290 1731 (l4);
2331 1663 2472 1718 unde
2501 1665 2807 1738 colligimus
2836 1685 2941 1725 non
2971 1675 3307 1733 causidicum
3338 1657 3610 1738 Constan-

2025 1747 2248 1819 tinopoli
2277 1754 2474 1822 egisse,
2523 1756 2619 1810 sed
2660 1761 2958 1817 oratoriam
2999 1772 3175 1820 artem
3221 1765 3296 1823 ibi
3326 1769 3605 1828 docuisse.

2023 1837 2290 1895 Caeterum
2321 1842 2390 1897 de
2421 1845 2539 1913 ejus
2572 1847 2681 1902 vita
2715 1847 2818 1904 hoc
2853 1859 3058 1908 tantum
3080 1857 3445 1924 comperimus
3474 1879 3489 1916 :
3520 1878 3610 1920 re-

2021 1941 2235 2001 ceptum
2266 1934 2318 1989 in
2342 1937 2640 1995 amicitiam
2674 1941 2977 2011 Maximini,
3007 1945 3106 2002 viri
3137 1948 3227 2005 illo
3252 1966 3370 2009 aevo
3396 1954 3605 2024 prima-

2023 2027 2108 2092 rii,
2139 2043 2261 2083 cum
2307 2041 2372 2084 eo
2399 2031 2465 2086 ad
2507 2031 2754 2102 Attilam,
2789 2047 2845 2091 et
2880 2047 3094 2113 postea,
3124 2038 3404 2100 Marciano
3435 2045 3608 2116 impe-

2021 2126 2196 2183 rante,
2223 2119 2274 2173 itt
2305 2121 2562 2176 Arabiam
2579 2121 2984 2200 )Egyptumque
3007 2129 3311 2198 profectum
3329 2146 3449 2189 esse
3468 2135 3605 2206 (45).

2020 2209 2122 2274 Qui
2159 2208 2485 2268 Maximinus
2541 2229 2665 2270 cum
2722 2217 2926 2288 absque
2969 2219 3134 2277 dubio
3177 2237 3420 2296 paganus
3463 2238 3609 2284 esset

2020 2297 2387 2366 (Christianus
2436 2304 2584 2359 enim
2616 2323 2893 2377 nunquam
2933 2311 3176 2368 animum
3216 2315 3516 2376 induxisset
3546 2329 3608 2376 ut

2019 2389 2255 2463 Blcmyis
2287 2394 2354 2450 dc
2395 2399 2568 2452 sacris
2615 2398 2668 2453 in
2714 2398 2996 2456 Philarum
3039 2403 3221 2463 insula
3261 2406 3607 2466 celebrandis

2023 2483 2373 2554 concederet,
2408 2487 2740 2560 foederisque
2764 2492 3000 2548 tabulam
3033 2495 3085 2550 in
3119 2495 3213 2551 illo
3244 2500 3443 2570 templo
3470 2500 3605 2574 ﬁge-

2021 2576 2145 2648 ret),
2161 2578 2471 2648 conjectura
2490 2581 2602 2650 jam
2629 2598 2726 2651 per
2747 2599 2809 2640 se
2833 2585 2990 2641 valde
3016 2589 3335 2660 probabilis,
3354 2590 3601 2650 Priscum

2018 2684 2236 2741 quoque
2304 2673 2544 2744 antiquis
2613 2675 2785 2733 sacris
2835 2677 3114 2736 addictum
3167 2679 3370 2752 fuisse,
3432 2687 3604 2758 magis

2018 2759 2199 2816 adhuc
2229 2763 2603 2820 conﬁrmatur.

2091 2851 2277 2908 Eidem
2310 2853 2500 2912 Prisco
2556 2857 2753 2916 Suidas
2794 2871 3058 2932 praeterea
3100 2865 3289 2923 tribuit
3321 2863 3606 2930 Declama.

2021 2944 2192 3001 tiones
2219 2957 2272 3001 et
2299 2945 2593 3018 Epistolas.

2089 3034 2418 3094 Testitnonia
2453 3041 2518 3097 de
2540 3040 2727 3102 Prisco
2759 3062 2775 3101 :

329 3157 440 3212 tur,
460 3123 704 3215 ﬁnibus;
737 3149 970 3218 Aenum,
1015 3165 1246 3222 qumque
1275 3152 1342 3208 ab
1384 3151 1474 3206 illa
1523 3123 1717 3211 versus
1748 3123 1906 3212 occi-

2026 3240 2035 3242 _
2089 3149 2301 3242 Sanus,
2323 3167 2372 3207 s.
2401 3170 2454 3209 ν.
2478 3172 2492 3209 :
2513 3155 2752 3226 Πρίσκος
2768 3159 3030 3235 Πανίτης,
3063 3169 3345 3242 σοφιστὴς,
3363 3171 3605 3242 γεγονὼς

323 3242 540 3297 dentem
583 3241 773 3313 jacent
818 3244 1034 3314 oppida,
1084 3245 1151 3298 ad
1206 3243 1523 3316 ltltodopam
1574 3247 1910 3316 provinciam

319 3335 658 3405 pertinuisse
709 3345 1051 3406 compertum
1098 3344 1208 3391 est.
1248 3336 1477 3393 Pauium
1505 3325 1680 3408 ipsum
1722 3339 1777 3396 iu
1825 3339 1912 3393 lit—

323 3437 444 3482 tore
500 3427 894 3498 (Propontidis)
919 3432 1104 3498 jpmpe
1149 3427 1469 3485 Heracleam
1519 3429 1906 3503 (Perinthum),

315 3522 510 3591 itaque
540 3522 686 3576 inter
709 3520 857 3577 illam
902 3531 957 3576 et
985 3521 1333 3578 Rhaadestum
1366 3524 1530 3578 situm
1565 3523 1752 3590 fuisse,
1783 3523 1900 3580 Sui-

321 3612 425 3668 das
456 3613 616 3667 docet
645 3611 757 3684 (40)
803 3630 818 3669 :
859 3613 1002 3684 apud
1049 3613 1385 3684 geograpbos
1425 3624 1657 3682 veteres,
1707 3616 1911 3686 ipsum-

317 3720 433 3778 que
468 3705 843 3771 Ptoletumum,
875 3706 995 3777 ejus
1023 3708 1351 3762 mentionem
1387 3707 1587 3763 frustra
1617 3709 1862 3782 quaesivi.

402 3797 638 3868 Priscus,
685 3809 827 3855 teste
854 3799 1025 3855 Suida
1058 3799 1196 3872 (41),
1229 3799 1295 3855 de
1345 3801 1577 3856 historia
1611 3801 1910 3872 Byzantina

328 3888 600 3960 rebusque
626 3891 808 3946 Attilae
857 3891 973 3961 (42)
1024 3889 1354 3963 (Ἱστορίαν
1381 3890 1757 3963 Βυζαντικὴν
1791 3894 1907 3963 καὶ,

317 3977 461 4052 [Td]
478 3980 626 4036 κατὰ
653 3981 975 4053 Ἀττήλαν)
993 3993 1118 4038 octo
1144 3983 1312 4039 libros
1335 3985 1584 4056 scripsit:
1604 4002 1724 4056 quae
1750 3987 1911 4042 verba

309 4073 683 4143 quaestionem
706 4083 992 4130 moverunt
1021 4075 1367 4146 geminumne
1389 4093 1462 4134 an
1485 4078 1712 4148 simplex
1749 4077 1914 4133 fuerit

311 4182 494 4238 opus;
523 4169 779 4239 equidem
816 4185 922 4224 non
957 4170 1144 4226 dubito
1169 4185 1335 4225 unum
1365 4170 1556 4226 fuisse.
1585 4169 1783 4225 Verum
1807 4171 1913 4227 etsi

317 4263 437 4318 duo
470 4261 697 4328 iuerint,
735 4262 804 4317 ad
837 4272 1128 4334 utrumque
1163 4275 1314 4320 certe
1352 4265 1690 4335 pertinerent
1712 4266 1912 4337 ecloga:

310 4357 390 4412 de
426 4357 809 4426 legationibus,
832 4372 1065 4431 quorum
1097 4359 1508 4429 inscriptionem
1534 4359 1776 4416 historia:
1805 4359 1912 4415 Go—

2021 3240 2113 3334 itrl.
2157 3242 2265 3295 τῶν
2317 3243 2523 3313 χρόνων
2576 3246 2859 3304 Θεοδοσίου
2917 3254 3010 3309 τοῦ
3085 3240 3305 3329 μικροῦ-ο
3363 3240 3604 3334 ἔγραψεν

2031 3330 2320 3420 Ἱστορίαν
2344 3334 2720 3407 Βυζαντικὴν
2753 3341 2847 3394 καὶ
2894 3341 3028 3414 [ins.
3070 3347 3167 3420 Τὰ]
3201 3351 3350 3406 κατὰ
3401 3330 3606 3409 idat—a-

2018 3421 2138 3517 lor:
2169 3419 2510 3494 [Ἀττήλαν]
2540 3427 2596 3478 ἐν
2633 3425 2861 3503 βιϐλίοις
2892 3433 3055 3500 ὀκτὼ,
3091 3419 3324 3507 μέλέτας
3347 3457 3407 3497 τε
3442 3445 3604 3517 ῥητοη

2023 3513 2180 3584 ρικὰς
2219 3516 2312 3567 καὶ
2334 3517 2648 3582 ἐπιστολάς.

2090 3626 2381 3696 Euenus,
2419 3629 2558 3684 llist.
2591 3632 2740 3698 βαίη
2763 3633 2804 3701 Ι,
2839 3636 2904 3689 17
2939 3655 2954 3691 :
2991 3638 3079 3693 ‘Ev
3099 3639 3310 3706 τούτοις
3333 3647 3444 3708 ui;
3471 3648 3602 3717 χρό⁸

2019 3732 2131 3780 νοις
2156 3717 2185 3770 ὁ
2229 3719 2398 3784 πολὺς
2419 3721 2496 3788 τῷ
2515 3721 2658 3793 λόγῳ
2679 3725 2915 3798 πόλεμος
2931 3729 3216 3802 ἐκεκίνητο
3261 3735 3476 3791 Ἀττιλα
3506 3741 3602 3794 τοῦ

2018 3806 2128 3860 τῶν
2154 3808 2378 3864 Σκυθῶν
2403 3811 2689 3881 βασιλέως,
2717 3815 2777 3870 ὃν
2800 3818 3110 3890 περιέργως
3127 3823 3222 3876 καὶ
3249 3825 3310 3889 ἐς
3335 3828 3404 3881 τὰ
3440 3828 3602 3898 μάλι-

2023 3915 2124 3953 στα
2144 3899 2338 3967 λογίως
2359 3902 2598 3973 Πρίσκος
2620 3907 2648 3958 ὁ
2673 3909 2858 3979 ῥήτωρ
2887 3911 3110 3980 γράφει,
3133 3913 3273 3983 μετὰ
3289 3916 3489 3989 πολλῆς
3501 3921 3602 3991 τῆς

2021 3992 2294 4062 κομψείας
2330 3995 2688 4068 διηγούμενος
2735 4001 2884 4065 ὅπως
2911 4019 2971 4056 τε
3001 4005 3142 4059 κατὰ
3171 4007 3280 4064 τῶν
3307 4009 3460 4084 ἑῴων
3506 4015 3604 4068 καὶ

2021 4085 2294 4158 ἑσπερίων
2351 4089 2724 4162 ἐπεστράτευε
2778 4096 2984 4166 μερῶν,
3039 4098 3158 4164 οἵας
3202 4118 3264 4158 τε
3319 4103 3415 4157 καὶ
3470 4105 3602 4170 ὅσας

2022 4178 2203 4242 πόλεις
2234 4180 2371 4234 ἑλὼν
2403 4185 2707 4254 κατήγαγε,
2739 4187 2835 4242 καὶ
2865 4189 2966 4244 ὅσα
3020 4191 3320 4263 πεπραχὼς
3369 4192 3479 4274 τῶν
3517 4197 3604 4248 ἐν-

2020 4271 2210 4326 τεῦθεν
2242 4275 2501 4347 μετέστη.
3423 4271 3426 4274 ’
3566 4315 3571 4320 τ

2091 4363 2245 4433 lusu,
2288 4367 2348 4434 ν,
2397 4369 2510 4424 l6:
2574 4371 2671 4425 Ἐκ
2716 4374 3010 4442 πρεσϐείας
3065 4377 3123 4432 δὲ
3165 4379 3276 4433 τῶν
3325 4382 3603 4454 ἑσπερίων

310 4450 483 4505 Utica:
507 4452 747 4506 retinere
771 4452 931 4506 debui
969 4469 982 4506 :
1023 4465 1185 4506 nemo
1206 4452 1352 4506 enim
1390 4449 1658 4507 dubitabit
1694 4451 1912 4522 ecloga-

2032 4459 2322 4530 Ῥωμαίων
2379 4463 2662 4558 nussum;
2715 4467 2974 4535 βασιλιύς
3010 4469 3122 4526 τῶν
3175 4449 3604 4544 Ῥωμαίων-ὲκ-

309 4541 386 4594 rii
419 4539 662 4594 codicem
711 4539 784 4595 ita
829 4540 1152 4608 inscriptum
1180 4538 1363 4596 fuisse.
1400 4538 1661 4611 Suspicor
1709 4554 1912 4607 autem,

308 4643 384 4689 ut
445 4631 804 4704 ProcOpianre
855 4634 1136 4700 historiae,
1188 4634 1262 4689 ita
1317 4633 1479 4704 hujus
1524 4634 1774 4705 partibus
1829 4635 1911 4690 di-

311 4741 518 4782 versos
565 4724 790 4781 ‘titulos
855 4725 1024 4782 fuisse
1083 4725 1285 4782 inditos
1376 4744 1391 4781 :
1479 4725 1642 4781 aliam
1716 4728 1914 4782 inscri-

308 4828 476 4890 ptam
517 4816 691 4873 fuisse
731 4818 974 4874 Τὰκατὰ
1008 4817 1343 4887 Ἀττήλαν,
1390 4817 1550 4874 aliam
1587 4820 1907 4888 Γοτθικήν,

311 4912 492 4979 idque
525 4909 595 4964 ah
624 4910 876 4981 imperito
901 4911 1124 4966 homine
1147 4908 1215 4966 ad
1242 4912 1556 4966 universum
1582 4927 1718 4982 opus
1737 4923 1914 4966 trans-

311 5003 494 5058 latum
523 5017 672 5059 esse.
706 5006 746 5057 Α
774 5019 882 5075 quo
909 5013 1152 5074 tempore
1183 5003 1465 5060 historiam
1493 5003 1756 5074 inceperit
1784 5006 1907 5058 Pri-

2026 4549 2326 4620 πέμπεται,
2382 4547 2428 4621 ᾧ
2482 4556 2804 4626 Μαρκιανὸς
2856 4560 2886 4612 ὁ
2937 4561 3132 4634 πρώην
3194 4565 3604 4638 βεῦασιλευκὼς

2021 4643 2120 4715 τὴν
2171 4646 2380 4701 οἰκείαν
2440 4649 2794 4721 κατηγγύησε
2859 4654 3049 4710 παῖδα.
3093 4655 3479 4728 Ἐκπέμπεται
3543 4662 3603 4716 δὲ

2022 4738 2326 4807 στρατηγὸς
2348 4739 2488 4794 κατὰ
2509 4740 2795 4812 Γιζερὶχου
2816 4745 3160 4814 Βασιλίσκος,
3191 4749 3220 4802 ὁ
3243 4749 3346 4820 τῆς
3373 4751 3606 4817 Λέοντος

2019 4829 2276 4896 γυναικὸς
2302 4830 2539 4902 Βηρίνης
2565 4833 2814 4904 ἀδελφὸς,
2858 4837 3000 4908 μετὰ
3046 4841 3460 4914 στρχτεύματος
3484 4845 3606 4916 ἀριτ-

2019 4920 2234 4992 στὶνδην
2289 4925 2730 4997 συνειλεγμένου.
2769 4929 2950 5001 "An-ep
2979 4933 3352 5004 ἀκριϐέστατα
3381 4937 3607 5006 Πρίσκῳ

2013 5015 2091 5084 τῷ
2143 5018 2332 5088 ῥήτορι
2368 5018 2682 5091 πενόνητοιι*
2746 5023 2898 5088 ὅπως
2952 5041 3012 5078 τε
3050 5025 3191 5098 δόλῳ
3240 5027 3546 5100 περιελθὼν
3576 5030 3606 5081 ὀ

312 5111 479 5162 scus,
505 5093 754 5164 expediri
787 5112 892 5151 non
921 5106 1100 5167 potest
1129 5113 1144 5163 ;
1177 5097 1270 5152 sed
1304 5097 1506 5152 nullius
1534 5098 1609 5152 rei
1633 5113 1752 5169 qua:
1780 5106 1908 5151 ante

2022 5104 2182 5172 Λέων,
2217 5107 2410 5176 μισθὸν
2457 5108 2647 5180 ὥσπερ
2673 5113 2958 5178 ἀποδιδοὺς
3003 5115 3106 5186 τῆς
3150 5093 3210 5180 ἐς
3271 5093 3435 5171 aiith
3468 5130 3605 5190 προ-

314 5203 530 5243 annuut
591 5188 697 5244 453
736 5197 885 5260 gesta
915 5191 987 5246 sit
1019 5192 1225 5246 mentio
1259 5205 1326 5245 ex
1369 5205 1436 5247 eo
1466 5190 1715 5246 aﬂ'ertur.
1739 5193 1914 5261 Aspa-

311 5282 424 5348 ris,
449 5282 800 5353 ﬁliorumque
824 5285 1052 5349 eadem,
1075 5300 1196 5356 qua:
1225 5299 1276 5340 a.
1300 5285 1427 5352 471,
1445 5283 1642 5342 Leonis
1667 5286 1796 5357 imp.
1830 5286 1914 5353 15,

397 5459 514 5534 (38)
555 5462 621 5521 Ἴ.
648 5462 908 5528 Fabricii,
940 5463 1079 5520 Bibl.
1107 5480 1188 5535 gr.
1224 5461 1338 5526 ΥΠ,
1370 5479 1426 5532 p.
1459 5463 1584 5518 5'59.

397 5532 513 5602 (59)
553 5535 639 5590 Cf.
695 5532 1125 5589 Constantinum
1164 5534 1236 5587 De
1268 5537 1639 5594 caeremoniis,
1698 5533 1760 5594 ll,
1817 5532 1905 5598 Si,

293 5617 385 5674 ἰ».
411 5603 544 5674 795,
581 5607 670 5660 ed.
707 5604 796 5670 IL,
831 5616 884 5657 et
911 5606 1182 5662 Ammiau.
1217 5605 1453 5661 Marcell.
1495 5604 1705 5673 XXVII,
1734 5609 1784 5666 4,

425 5675 512 5740 Ml)
554 5675 614 5731 S.
643 5690 695 5730 ν.
729 5678 949 5731 Πὰνιον.

426 5745 512 5817 μ)
553 5747 612 5817 ξ.
648 5761 699 5799 v.
735 5747 996 5817 Πρίσκος.

405 5815 513 5888 (42)
556 5815 870 5895 νὶιίυηι-’ἰυ
920 5817 1101 5876 Suida:
1150 5827 1202 5876 et
1253 5819 1504 5880 Eudociae
1552 5823 1706 5880 libris
1773 5825 1913 5880 κατὰ

2023 5197 2270 5267 αγωγῆς,
2292 5199 2510 5270 ἀναιρεῖ
2527 5202 2786 5275 "Astapa
2809 5204 2907 5277 τὴν
2927 5208 3102 5282 ἀρχὴν
3118 5207 3268 5276 αὐτῷ
3290 5207 3601 5277 περιϐάντα.
3705 5234 3714 5238 ν

2024 5289 2221 5354 παῖδάς
2275 5308 2335 5345 τε
2383 5293 2552 5348 αὐτοῦ
2593 5296 2980 5370 Ἀρδαϐοὑριον
3031 5299 3127 5352 καὶ
3177 5298 3490 5366 Πατρέκιον,
3544 5297 3604 5353 ὃν

2032 5469 2298 5553 Ἀτῖαλον
2319 5487 2420 5541 pro
2457 5474 2722 5546 Ἀττήλαν
2791 5477 2997 5548 jamdiu
3050 5472 3492 5531 animadversum
3544 5481 3604 5532 et

2017 5544 2213 5610 corrigi
2234 5545 2444 5611 jussum
2476 5556 2578 5600 est.

2092 5613 2203 5681 (ιδ)
2248 5613 2386 5670 llist.
2426 5616 2570 5670 Eccl.
2601 5618 2664 5682 tt,
2701 5619 2788 5672 16.

2094 5683 2206 5752 (44)
2249 5685 2446 5742 Suidas
2472 5698 2526 5740 et
2555 5689 2836 5756 Evagrius,
2870 5688 3031 5742 infra.

2097 5756 2210 5828 (45)
2246 5757 2484 5823 Priscus,
2513 5759 2680 5825 infra,
2709 5774 2844 5831 .cap.
2880 5760 2965 5815 ll.
