4050 6414
427 320 536 384 ϐἓὲὶ

1460 314 1858 377 EXCERPTA
1901 313 1998 372 DE
2041 312 2632 374 LEGATIONIBUS.

3596 313 3706 378 (τοι

431 431 690 503 Καίσαρα
739 427 1006 498 πεποίητο
1039 426 1330 500 πρότερον,
1361 426 1451 481 ἴνα
1481 425 1580 496 τὴν
1618 425 1903 493 Ἀσπαρος
1934 421 2021 474 εὖ·

2148 426 2280 480 ιίὺει
2325 445 2337 480 :
2387 426 2531 495 quod
2575 441 2671 495 per
2702 439 2762 480 se
2801 438 2992 496 parum
3028 431 3110 480 est
3137 440 3154 490 ;
3186 439 3374 481 verum
3416 426 3470 481 id
3510 427 3714 496 ipsum,

431 541 582 578 νοιαν
610 522 902 594 κτήσηται.

505 695 852 764 MALCHUS,
891 693 1397 765 Philadelphiensis,
1430 707 1494 748 ex
1527 691 1616 746 illa
1649 687 2026 758 Philadelphia

432 809 554 863 qua:
598 794 652 848 in
705 792 989 848 Palaestina
1033 800 1136 852 est,
1187 797 1246 841 ut
1275 797 1420 842 recte
1465 800 1496 840 e
1534 782 1752 840 nomine
1787 781 1890 836 viri
1928 779 2030 850 Sy—

430 885 601 951 riaco,
631 898 754 938 cum
781 882 937 952 plura
987 881 1061 934 ita
1114 888 1441 933 vocarentur
1473 875 1696 946 Oppida,
1735 871 1895 928 infert
1923 871 2028 926 Fa-

433 977 663 1037 bricius,
695 973 998 1044 sopbistam
1045 969 1518 1037 Constantinopoli
1558 968 1668 1038 egit
1707 965 1844 1037 (ιϐ).
1901 964 2028 1034 Ejus

431 1063 740 1128 historiam,
780 1078 886 1134 qua
913 1062 1162 1116 Priscum
1194 1059 1558 1124 continuavit,
1593 1059 1662 1113 ab
1691 1074 1741 1111 a.
1774 1057 1902 1120 474,
1927 1057 2022 1110 de-

431 1160 573 1214 cimo
605 1156 835 1224 septimo
884 1153 1084 1209 Leonis
1114 1155 1269 1222 imp.,
1320 1168 1494 1223 usque
1528 1154 1595 1206 ad
1645 1159 1878 1205 mortem
1919 1147 2028 1201 Nc-

429 1248 573 1318 potis
599 1246 736 1316 (47),
761 1245 926 1315 quia.
963 1243 1067 1298 480
1115 1242 1328 1297 occisus
1384 1253 1490 1306 est,
1527 1251 1732 1311 scptem
1759 1253 2027 1293 annorum

429 1351 521 1391 res
541 1335 765 1389 totidem
783 1332 960 1398 libris,
989 1346 1126 1403 quos
1164 1329 1538 1391 Βυζαντιακά
1572 1329 1871 1396 inscripsit,
1906 1343 2032 1398 per-

430 1440 675 1487 secutam
752 1427 986 1484 Photius
1030 1427 1205 1498 legit:
1249 1435 1413 1495 atque
1456 1424 1599 1480 intra
1640 1421 1745 1476 hoc
1771 1417 2027 1489 temporis

430 1522 667 1593 spatium
725 1518 928 1590 ecloga:
962 1519 1029 1574 de
1070 1517 1454 1588 legationibus,
1498 1527 1748 1585 quasque
1788 1525 1855 1566 ex
1905 1510 2028 1565 aliis

432 1615 606 1672 titulis
645 1607 844 1667 Suidas
878 1610 1138 1674 servavit,
1167 1607 1707 1678 comprehendantur
1761 1619 1775 1657 :
1819 1611 1878 1657 ut
1907 1616 2029 1658 cer-

2131 526 2188 569 nt
2217 531 2245 569 a
2277 515 2538 569 Classcno
2581 515 2724 569 inter
2756 513 3252 570 confabulationem
3288 515 3419 570 mihi
3459 515 3719 572 observa-

2132 615 2244 660 tum
2293 605 2427 672 fuit,
2462 607 2583 678 plus
2623 620 2782 676 quam
2829 605 2882 660 in
2919 605 3087 660 ullum
3135 607 3332 661 cadere
3375 605 3589 662 videtur
3622 607 3718 678 qui

2129 696 2460 779 Pamprepio
2492 707 2600 751 tam
2629 707 2819 764 aperte
2844 696 3044 754 faveat.

2202 787 2428 853 SUIDAS,
2447 803 2496 843 s.
2520 804 2572 843 ν.
2598 805 2611 840 :
2645 787 2890 860 Μάλχος,
2915 786 3215 854 Βυζάντιος
3238 791 3500 859 σοφιστής
3520 808 3534 824 ο
3554 791 3728 862 ἔγραο

2128 881 2230 952 ψεν
2263 880 2508 953 ἱστορίαν
2555 881 2666 936 ἀπὸ
2695 882 2795 952 τῆς
2831 881 3111 951 βασιλείας
3147 883 3585 950 Κωνσταντίνου,
3621 885 3724 938 καὶ

2129 975 2234 1037 ἕως
2273 974 2650 1038 ’Δναστασίου,
2685 977 2745 1028 ἐν
2869 974 2938 1028 τὰ
2969 974 3112 1028 κατά
3165 977 3395 1046 Ζήνωνα
3431 978 3524 1031 καὶ¹
3550 977 3724 1030 Βασι-

2129 1066 2335 1134 λίσκον,
2369 1068 2464 1122 καὶ
2512 1067 2605 1120 τὸν
2644 1068 2976 1139 ἐμπρησμὸν
3006 1068 3104 1138 τῆς
3137 1067 3405 1138 δημοσίας
3445 1067 3726 1138 βιϐλιοθή-

2129 1177 2256 1233 κης,
2289 1162 2385 1215 καὶ
2417 1161 2527 1215 τῶν
2551 1161 2886 1232 ἀγαλμάτων
2916 1161 3012 1214 τοῦ
3039 1160 3431 1229 Αὖγουστείου,
3463 1163 3556 1214 καὶ
3583 1161 3726 1214 ἀλλα

2127 1253 2252 1307 τινὰ
2278 1253 2619 1324 διεξέρχεται
2653 1252 2801 1324 μάλα
2828 1252 3065 1323 σεμνῶς,
3099 1253 3199 1306 καὶ
3223 1252 3533 1324 τραγῳδίας
3562 1252 3726 1323 δίκην

2130 1344 2270 1399 ἀποθ
2279 1345 2462 1416 ρηνῶν
2497 1345 2660 1398 αὑτά.

2201 1437 2460 1506 Ριιοτιυε,
2489 1438 2613 1493 cod.
2656 1437 2762 1492 78:
2807 1435 3150 1508 Ἀνεγνώσθη
3197 1437 3423 1508 Μάλχου
3464 1435 3727 1507 σοφιστοῦ

2127 1528 2521 1595 Βυζαντιακὰ,
2550 1531 2608 1582 ὲν
2640 1528 2868 1600 βιϐλίοις
2909 1528 3072 1585 ἑπτά.
3118 1530 3386 1600 Ἀρχεται
3439 1531 3537 1602 μὲν
3569 1529 3630 1595 ἐξ
3662 1521 3730 1582 οὗ

2129 1620 2339 1676 Λέοντα
2366 1619 2714 1691 τὸνβασιλέα
2764 1621 2799 1690 ἡ
2848 1620 3003 1684 νόσος
3038 1620 3248 1686 ἐπίεζε,
3295 1621 3474 1691 τούτῳ
3516 1621 3576 1675 δὲ
3617 1621 3730 1689 τῆς

425 1704 548 1762 tum
573 1701 940 1763 sit'iittera'tas
963 1691 1314 1755 Constantini
1347 1693 1794 1768 Porphyrogeniti
1827 1706 2025 1762 operas

2143 1701 2418 1783 βασιλείας
2464 1710 2585 1777 ἔτος
2628 1711 3100 1768 ἑπτακαιδέκατον
3136 1711 3528 1782 παρετείνετοο
3576 1711 3730 1782 διέρ-

435 1795 576 1854 nihil
626 1795 860 1866 amplius
893 1793 1174 1849 habuisse.
1212 1788 1396 1847 Monet
1442 1795 1620 1844 tamen
1661 1786 1912 1851 Photius,
1948 1779 2034 1840 his

434 1888 590 1944 libris
614 1901 750 1957 opus
797 1884 865 1940 ad
915 1884 1206 1940 terminum
1247 1897 1408 1952 quem
1445 1891 1638 1936 auctor
1681 1879 1783 1934 sibi
1832 1892 2034 1948 propo-

436 1980 639 2037 suisset
671 1976 988 2048 perductum
1022 1989 1126 2030 non
1155 1988 1310 2038 esse;
1334 1972 1507 2042 ipsum
1537 1971 1760 2026 innuere
1788 1969 1941 2040 plura
1975 1981 2036 2023 se

438 2071 744 2129 additurum
775 2068 820 2124 si
851 2067 957 2122 vita
991 2074 1260 2137 suppetat.
1307 2063 1441 2120 Cum
1469 2063 1637 2133 igitur
1669 2061 1867 2116 Suidas
1897 2057 2033 2114 Mal-

430 2165 530 2220 ‘chi
567 2160 850 2219 historiam
885 2173 1058 2230 usque
1101 2157 1168 2212 ad
1197 2155 1548 2211 Anastasium
1589 2153 1879 2209 deductam
1913 2164 2036 2205 esse

432 2250 672 2319 ‘sc‘riba't,
721 2248 1251 2314 non‘contradicam,
1300 2245 1346 2300 si
1395 2245 1520 2315 quis
1559 2244 1662 2300 sibi
1704 2234 2038 2314 persuaserit

442 2349 635 2402 ultima
663 2346 816 2415 parte
843 2349 1148 2400 trtiucatam
1185 2341 1253 2396 ad
1286 2339 1538 2395 Photium
1579 2333 2035 2392 Constantinum-

439 2455 546 2508 que
578 2438 926 2508 perientisse;
975 2434 1242 2504 integram
1285 2432 1335 2486 ei
1380 2425 1691 2486 iunctuisse
1731 2422 1824 2496 qui
1877 2422 2036 2495 paulo

438 2539 568 2602 post
593 2526 964 2584 Iustinianum
1007 2525 1138 2594 imp.
1174 2522 1385 2579 lexicon
1418 2520 1485 2575 de
1506 2517 1866 2588 scriptoribus
1881 2530 2035 2569 cum-

441 2621 627 2694 posuit
657 2638 671 2675 :
716 2618 861 2691 quod
896 2617 1094 2673 Suidas
1123 2612 1461 2684 compilavit.
1500 2605 1684 2666 Edidit
1713 2616 1863 2664 certe
1899 2603 2036 2660 Maio

443 2715 580 2768 chus
605 2719 819 2767 mortuo
859 2709 1081 2764 demum‘
1119 2704 1363 2770 Zenone,
1400 2701 1558 2773 cujus
1590 2699 1859 2772 ignaviam
1904 2709 2034 2766 pro-

443 2806 651 2875 hraque
691 2814 966 2862 mansura:
1011 2796 1249 2855 infamiae
1284 2795 1511 2852 tradidit
1559 2807 1575 2845 :
1619 2807 1683 2847 ac
1730 2798 1878 2844 tanta
1918 2788 2040 2857 qni-

433 2895 571 2955 'dem
600 2911 723 2952 cum
779 2895 1034 2949 libertate
1085 2900 1145 2946 ut
1202 2890 1370 2944 etiam
1428 2885 1530 2942 sub
1585 2883 1703 2940 miti
1761 2877 2037 2938 Anastasii

447 2992 684 3062 imperio
737 2986 1042 3044 mirandum
1069 2983 1156 3055 .sit
1198 2979 1501 3052 maiestatis
1547 2991 1764 3048 poenam
1795 2973 2036 3030 evasisse

2139 1820 2296 1875 χεται
2323 1803 2381 1856 δὲ
2406 1804 2508 1873 τήν
2536 1820 2595 1856 τε
2640 1803 2892 1874 Ζήνωνος
2922 1803 3249 1874 ἀνάρρησιν,
3276 1804 3373 1857 καὶ
3409 1803 3508 1875 τὴν
3550 1804 3728 1875 ὑπερ-

2137 1897 2285 1967 όριον
2314 1896 2414 1966 τῆς
2451 1895 2726 1966 βασιλείου
2761 1895 2920 1967 δόξης
2957 1896 3266 1968 διατριϐὴν,
3295 1897 3392 1951 καὶ
3431 1897 3534 1968 τὴν
3559 1898 3724 1952 Βασι-

2137 1985 2326 2040 λίσκου
2356 1987 2684 2058 ἀνάρῤησιν,
2710 1987 2804 2041 καὶ
2837 1985 2936 2056 τὴν
2957 1986 3058 2057 τῆς
3087 1987 3408 2054 ἁλουργίδος
3439 1988 3722 2053 ἀπόθεσιν,

2137 2079 2234 2133 καὶ
2258 2079 2359 2150 τὴν
2385 2079 2478 2132 ἐπὶ
2506 2081 2574 2150 τῇ
2609 2078 2859 2149 βασιλείᾳ
2889 2079 3052 2134 πάλιν
3071 2079 3301 2134 κάθοδον
3330 2081 3602 2149 Ζήνωνος,
3622 2082 3730 2150 τήν

2137 2188 2197 2225 τε
2217 2172 2308 2226 τοῦ
2330 2170 2734 2243 προειρημένου
2761 2171 3079 2242 βασιλίσκου
3099 2172 3188 2226 διὰ
3205 2171 3392 2241 ξίφους
3420 2172 3732 2243 ἀναίρεσιν,

2138 2258 2207 2334 ἦς
2236 2264 2332 2316 καὶ
2363 2261 2500 2333 γυνὴ
2549 2263 2643 2316 καὶ
2677 2263 2844 2316 τέκνα
2875 2261 3182 2334 παρανόμῳ
3211 2263 3394 2333 κρίσει
3434 2264 3734 2335 ἐκοινώνη-

2139 2371 2259 2407 σαν.
2289 2355 2400 2409 Kal.
2419 2355 2503 2408 ὅτι
2548 2353 2822 2426 Ἀρμάτος
2855 2356 2884 2408 ό
2917 2356 3143 2424 Ζήνωνα
3175 2354 3434 2424 κατάγων
3463 2355 3731 2426 τοιαύτης

2137 2445 2489 2516 ἀντιμισθίας
2531 2445 2810 2512 ἀπώνατο,
2841 2445 2931 2500 διὰ
2978 2446 3273 2516 Ὀνούλφου
3304 2446 3603 2518 δεξάμενος
3629 2447 3732 2518 τὴν

2139 2536 2377 2609 σφαγήν.
2429 2535 2799 2608 Διαλαμϐἀνει
2831 2535 2887 2591 δὲ
2943 2538 3039 2591 καὶ
3094 2539 3194 2609 τὴν
3246 2537 3574 2609 Θευδερίχου
3635 2537 3734 2591 τοῦ

2151 2627 2457 2704 Ὀτριαρίου
2499 2628 2649 2703 [Τρ.]
2687 2633 2898 2696 στάσιν,
2954 2631 3051 2684 καὶ
3101 2630 3201 2702 τὴν
3249 2629 3578 2702 Θευδερίχου
3636 2629 3733 2682 τοῦ

2138 2721 2500 2796 Μαλαμείρου
2545 2720 2727 2796 [Βαλ.]
2786 2719 2994 2792 φιλίαν,
3044 2721 3260 2777 καὶτὸν
3303 2722 3439 2793 πρὸς
3486 2721 3578 2775 τὸν
3637 2719 3735 2774 τοῦ

2151 2816 2462 2887 Ὀτριαρίου
2493 2814 2651 2888 [Τρ.]
2683 2815 3004 2888 Θευδέριχον
3033 2813 3291 2884 πόλεμον,
3329 2816 3421 2866 καὶ
3459 2815 3560 2884 τὴν
3589 2813 3738 2867 κατά

2139 2909 2392 2978 Ζήνωνος
2422 2909 2587 2963 πάλιν
2637 2909 2850 2974 στάσιν,
2881 2908 2978 2961 καὶ
3014 2908 3118 2977 τὴν
3163 2905 3488 2976 Μαρκιανοῦ
3524 2906 3739 2960 ἐπανά-

2140 3016 2350 3065 στασιν,
2385 3000 2477 3053 καὶ
2510 2999 2618 3071 πρό
2645 3016 2704 3068 τε
2728 2998 2923 3052 τούτου
2952 2997 3052 3071 τὴν
3075 2997 3178 3068 τῆς
3201 2996 3472 3066 πενθερᾶς
3490 2997 3736 3067 Βηρίνης

445 3084 541 3154 qui
575 3082 700 3138 talia
726 3092 912 3137 contra
936 3079 1279 3134 decessorem
1315 3070 1914 3146 principis,‘prazsertim
1937 3068 2027 3138 qui

2143 3090 2461 3162 ὲπιϐουλὴν,
2492 3068 2589 3144 καὶ
2621 3091 2721 3162 τὴν
2745 3090 2835 3145 διὰ
2868 3068 3030 3144 τοῦτο
3073 3086 3370 3160 φυγαδείαν
3398 3089 3497 3160 τὴν
3534 3090 3734 3155 ἀΐδιον,

448 3178 714 3245 Augustae
749 3170 978 3226 maritus
1010 3168 1213 3231 fuerat,
1253 3166 1504 3220 auderet.
1541 3162 1741 3218 Verum
1775 3175 1880 3215 non
1911 3160 2033 3213 uni-

436 3279 574 3323 cum
609 3267 710 3320 hoc
729 3272 813 3320 est
843 3264 946 3318 sub
970 3258 1392 3330 imperatoribus
1424 3253 1743 3326 Byzantinis
1775 3252 2036 3306 miranda:

451 3361 507 3414 in
537 3358 828 3414 scribendo
867 3353 1146 3409 libertatis
1175 3349 1510 3420 exemplum,
1557 3347 1791 3402 fortasse
1836 3362 1865 3399 a
1909 3360 2039 3399 ton-

449 3461 660 3521 temptu
686 3447 990 3503 litterarum
1033 3453 1213 3499 ortum
1254 3452 1275 3495 ξ
1322 3456 1446 3496 nam
1493 3437 1767 3504 Tiberius,
1802 3436 1954 3492 valde
1983 3437 2036 3491 in

452 3543 525 3598 iis
548 3554 814 3603 versatus,
847 3550 1187 3607 quaecunque
1215 3532 1523 3589 edebantur
1562 3533 1723 3585 anxie
1755 3527 2040 3584 scrutaba-

452 3643 563 3699 tur,
611 3631 1012 3696 crudeliterque
1059 3626 1393 3682 vindicabat.
1441 3623 1616 3693 Magis
1659 3622 1827 3676 etiam
1874 3620 2042 3675 mira-

439 3742 577 3781 .mur
617 3724 920 3792 Eunapiurn
978 3735 1086 3774 non
1133 3725 1315 3774 morte
1339 3730 1535 3788 paruas
1579 3715 1794 3770 dedisse
1827 3728 1924 3784 pro
1956 3712 2041 3766 his

453 3834 576 3888 quae
603 3817 852 3887 quemvis
880 3812 1254 3867 Christianum
1282 3824 1388 3864 non
1423 3807 1604 3862 minus
1643 3821 1805 3875 quam
1835 3803 2042 3874 princi-

454 3925 555 3978 pes
589 3907 872 3961 la‘derent.
906 3902 1176 3957 Malchum
1203 3915 1309 3954 non
1354 3899 1768 3963 maledicentia,
1785 3897 1879 3951 sed
1903 3896 2044 3950 veri-

457 3999 558 4054 tati
591 3996 874 4051 studuisse
900 3990 1196 4046 cernimus.
1237 3987 1515 4042 Diﬂicilior
1546 3987 1612 4042 ad
1653 3985 2043 4053 expediendum

445 4090 586 4154 inde
621 4084 795 4140 oritur
821 4080 1054 4152 qumstio
1079 4078 1224 4148 quod
1248 4076 1492 4131 Malchus
1519 4075 1800 4131 historiam
1841 4089 1870 4128 a
1903 4073 2044 4130 Con-

457 4179 705 4234 stantino
729 4173 801 4230 Μ.
831 4172 1121 4227 inchoasse
1151 4185 1182 4224 a
1209 4167 1376 4224 Suida
1402 4167 1604 4222 dicitur
1634 4183 1647 4220 :
1675 4166 1728 4221 in
1757 4169 1902 4238 quod
1934 4178 2042 4222 tam

458 4271 726 4325 disertum
777 4259 1149 4318 testimonium
1208 4257 1448 4327 suspicio
1496 4257 1702 4312 erroris
1747 4273 1812 4314 eo
1867 4259 2044 4312 minus

459 4368 610 4426 cadit
666 4365 811 4438 quod
853 4361 1082 4420 Photius
1133 4375 1166 4417 e
1215 4361 1374 4432 primi
1410 4361 1537 4417 libri
1590 4361 1747 4416 initio
1789 4369 2044 4417 constare

463 4466 643 4526 docet,
675 4429 809 4514 alios
837 4454 1086 4526 ejusdem
1120 4429 1360 4509 auctoris
1381 4462 1545 4524 atque
1569 4452 1873 4522 argumenti
1906 4469 2044 4522 prac-
2080 4429 2123 4484 θ

459 4557 714 4612 cessisse.
760 4552 932 4607 Casus
975 4558 1155 4606 autem
1199 4546 1415 4603 efiicere
1449 4561 1559 4602 non
1588 4547 1766 4616 potuit
1812 4555 1870 4600 ut
1914 4560 2040 4616 pars

461 4657 741 4716 superstes
765 4643 948 4715 operis
977 4642 1134 4697 initio
1159 4655 1223 4696 ac
1251 4639 1361 4696 line
1383 4638 1620 4694 truncati
1651 4637 1917 4707 inciperet
1948 4637 2040 4691 ubi

461 4741 684 4796 Priscus
712 4737 1033 4792 substiterat
1065 4753 1080 4791 :
1113 4735 1295 4805 itaque
1329 4746 1557 4789 necesse
1581 4739 1666 4787 est
1694 4740 1787 4786 aut
1827 4740 2039 4801 partem

462 4846 587 4902 qua!
647 4828 979 4899 praecederet
1028 4825 1096 4881 ab
1131 4824 1312 4894 aliquo
1364 4823 1457 4893 qui
1510 4831 1758 4878 catenam
1801 4821 2043 4876 historiae

461 4921 806 4987 conﬁciebat,
838 4916 1143 4989 cuiusmodi
1173 4916 1354 4983 plures
1382 4913 1657 4970 exstitisse
1691 4921 1926 4977 constat,
1958 4928 2045 4966 re-

463 5015 671 5080 cisam;
705 5021 796 5066 aut
844 5025 929 5066 res
976 5026 1006 5064 a
1045 5008 1404 5064 Constantino
1445 5007 1517 5061 M.
1547 5020 1721 5075 usque
1755 5006 1821 5059 ad
1868 5003 2046 5062 Prisci

465 5106 633 5160 linem
659 5105 875 5157 diverso
901 5115 1063 5169 Opere
1090 5099 1516 5170 comprehensas
1545 5097 1733 5152 fuisse.

511 5185 759 5263 ingenio
801 5203 856 5248 et
896 5193 1208 5262 eloquentia
1258 5192 1400 5246 infra
1444 5190 1714 5254 Priscum,
1766 5203 1796 5242 a
1840 5186 2038 5241 Photio

467 5289 714 5357 quidem,
757 5286 849 5355 qui
886 5300 1008 5339 cum
1037 5284 1264 5339 canonis
1301 5284 1544 5338 historia!
1591 5282 1766 5336 instar
1802 5294 1922 5334 csse
1954 5280 2052 5342 ait,

2139 3183 2237 3237 καὶ
2265 3184 2362 3254 τὴν
2390 3182 2536 3236 κατά
2565 3181 2741 3235 Ἰλλου
2779 3181 3049 3253 πρότερον
3077 3177 3371 3252 ἐπιϐουλὴν
3399 3180 3600 3252 Βηρίνῃ
3632 3197 3732 3233 συ·

2141 3275 2559 3339 σκευασοεῖσαν,
2602 3275 2696 3327 καὶ
2753 3270 2853 3342 τὴν
2899 3269 3230 3344 Ἐπιδάμνου
3264 3272 3369 3325 ὑπὸ
3403 3271 3726 3341 Θευδερίχου

2138 3366 2234 3422 τοῦ
2262 3365 2628 3438 Μαλαμείρου
2662 3364 2847 3436 [Βαλ.]
2880 3365 2937 3417 ὲν
2971 3364 3111 3434 δόλῳ
3143 3360 3496 3434 κατάσχεσιν.
3538 3361 3732 3414 Ταῦτα

2139 3458 2354 3525 διεξιὼν
2404 3457 2626 3524 διέξεισι
2658 3459 2753 3511 καὶ
2795 3458 2863 3510 τὰ
2897 3457 2988 3510 ἐπὶ
3032 3455 3274 3526 Ῥώμης,
3314 3457 3407 3508 καὶ
3453 3453 3606 3514 τέλος
3634 3454 3734 3507 τοῦ

2142 3551 2374 3622 ἑϐδόμου
2429 3551 2591 3620 λόγου
2647 3549 2884 3605 ποιεῖται
2937 3547 3030 3604 τόν
3073 3547 3335 3612 Νέπωτος
3371 3548 3623 3609 θάνατον,
3677 3546 3739 3609 ὃς

2143 3643 2392 3698 ἐκϐαλὼν
2447 3644 2549 3714 τῆς
2604 3644 2781 3715 ἀρχῆς
2835 3643 3132 3716 Γλυκέριον
3175 3643 3274 3712 τήν
3309 3659 3368 3695 τε
3413 3639 3738 3709 Ῥωμαϊκὴν

2149 3740 2304 3808 ἰσχὺν
2339 3737 2718 3808 περιεϐάλετο,
2758 3737 2966 3798 καΥείς
2997 3735 3187 3806 σχῆμα
3229 3735 3421 3804 κείρας
3465 3730 3735 3804 κληρικοῦ

2145 3830 2268 3884 ἀντὶ
2293 3829 2562 3900 βασιλέως
2585 3830 2848 3900 ἀρχιερέα
2880 3829 3218 3897 κατέστησεν
3243 3844 3256 3858 ⁸
3289 3829 3380 3897 ὑφ’
3403 3823 3464 3880 οὗ
3496 3828 3590 3880 καὶ
3617 3827 3741 3878 ἐπι·

2147 3921 2460 3986 ϐουλευθεὶς
2515 3921 2809 3994 ἀνῄρηται.
2859 3914 3021 3974 Οὗτοι
3072 3920 3122 3973 οἱ
3177 3919 3318 3973 ὲπτά
3360 3921 3458 3990 τῆς
3489 3918 3740 3988 ἱστορίας

2145 4011 2294 4081 λόγοι
2327 4015 2423 4066 καὶ
2458 4011 2908 4084 προηγουμένους
2942 4010 3332 4081 ὕποτραίνουσιν
3365 4009 3513 4080 αὐτῷ
3541 4009 3741 4077 λόγους

2147 4103 2342 4166 ἄλλους
2373 4100 2812 4172 διαπεπονῆσθαι
2835 4131 2906 4143 --
2931 4100 3026 4154 καὶ
3054 4103 3087 4173 ἡ
3118 4101 3342 4172 ἀπαρχὴ
3367 4101 3422 4153 δὲ
3454 4100 3563 4153 τῶν
3593 4097 3741 4152 ἑπτὰ

2147 4195 2242 4249 τοῦ
2292 4195 2513 4267 πρώτου
2549 4194 2710 4264 λόγου
2751 4191 2912 4248 τοῦτο
2969 4192 3306 4266 παραδηλοίο
3339 4194 3397 4246 οὑ
3451 4191 3558 4262 μὴν
3598 4189 3740 4244 ἀλλά

2150 4288 2244 4340 καὶ
2266 4287 2589 4356 ἑπομένους,
2624 4287 2674 4340 εἰ
2715 4285 2772 4339 τὸ
2811 4285 2912 4358 ζῇν
2943 4287 3154 4357 προσῆν
3183 4285 3261 4356 τῷ
3296 4284 3628 4354 συγγραφεῖ,
3661 4282 3742 4346 ὡς

2150 4378 2244 4433 τοῦ
2287 4378 2520 4449 ἑϐδόμου
2555 4378 2717 4447 λόγου
2743 4377 2804 4431 τὸ
2831 4379 3008 4451 πέρας
3030 4377 3384 4432 ἐνδείκνυσιν.

2224 4475 2381 4527 Ἔστι
2416 4473 2462 4527 δ’
2497 4473 2524 4526 ό
2555 4473 2908 4544 συγγραφεὺς
2931 4470 3316 4541 Φιλαδελφεὺς,
3340 4471 3393 4523 εί
3427 4487 3512 4534 τις
3549 4469 3736 4535 ἄλλος,

2150 4566 2296 4622 κατὰ
2338 4565 2668 4637 συγγραφὴν
2701 4565 2948 4636 ἱ(πυρίας
2991 4564 3253 4638 ἀριστος·
3286 4562 3548 4634 καθαρὸς,
3597 4563 3740 4616 ἀπέ-

2150 4677 2351 4734 ριττος,
2384 4659 2644 4732 εὐκρινὴς
2679 4657 2829 4732 [num
2869 4656 3208 4729 εἰλικρινήςῖ
3242 4655 3357 4728 N.|,
3379 4654 3580 4721 λέξεων
3615 4656 3738 4717 ταῖς

2149 4752 2550 4822 ἀνθηροτάταις
2587 4753 2682 4805 καὶ
2711 4752 2974 4822 εὐσήμοις
2998 4752 3092 4804 καὶ
3115 4749 3194 4813 εἰς
3221 4748 3387 4818 δγκον
3412 4749 3533 4801 τινὰ
3561 4747 3739 4816 ἀνηγ-

2155 4847 2345 4917 μέναις
2377 4846 2659 4918 χρώμενος
2679 4862 2694 4878 ο
2743 4845 2840 4900 καὶ
2886 4844 3010 4898 οὐδὲ
3043 4845 3099 4899 αἱ
3141 4845 3533 4913 καινοπρεπεῖς
3564 4841 3739 4911 αὐτῷ,

2152 4939 2274 4991 ὅσαι
2301 4939 2364 4991 τὸ
2391 4939 2696 5007 ὲμφατικὸν
2719 4939 2814 4991 καὶ
2843 4936 3041 5008 εὔηχον
3076 4936 3173 4991 καὶ
3206 4935 3496 5006 μεγαλεῖον
3527 4933 3738 5002 ἔχουσι,

2155 5031 2628 5100 παραϐλέπονται,
2658 5030 2968 5101 ὥσπερ.....
2993 5029 3174 5083 τδ.....
3207 5029 3303 5082 καὶ
3343 5024 3549 5080 τοιαῦτ’
3578 5025 3697 5076 ἔνια
3719 5038 3738 5056 ο

2159 5121 2254 5175 καὶ
2282 5121 2417 5186 ὅλως
2447 5121 2630 5176 κανών
2669 5122 2817 5175 ἐστιν
2865 5119 3139 5190 ἱστορικοῦ
3170 5119 3330 5189 λόγου
3352 5133 3366 5148 ·
3398 5114 3658 5186 σοφιστὴς
3693 5115 3740 5169 δ’

2147 5211 2216 5286 ἦν
2245 5215 2306 5268 τὸ
2351 5215 2712 5286 ἐπιτήδευμα,
2746 5212 2842 5267 καὶ
2879 5213 3179 5286 ῥητορικῆς
3215 5216 3292 5276 είς
3327 5211 3494 5281 ἀκρον
3539 5208 3740 5277 ἐληλας

2149 5309 2285 5372 κὼς,
2312 5311 2408 5362 καὶ
2450 5309 2550 5380 τὴν
2588 5308 2891 5379 Θρησκείαν
2930 5309 3032 5360 οὐκ
3087 5305 3192 5371 ἔξω
3218 5305 3313 5359 τοῦ
3343 5300 3738 5375 Χριστιανικοῦ

467 5379 614 5434 ultra
665 5381 948 5432 veritatem
993 5377 1246 5431 laudibus
1286 5376 1482 5442 elatus,
1515 5387 1694 5430 tamen
1729 5375 1871 5428 inter
1901 5371 2055 5427 valde
2151 5371 2364 5458 θιάσου.

467 5473 642 5526 honos
665 5472 910 5526 historia:
941 5481 1203 5526 auctores
1249 5470 1616 5523 numerandus
1659 5479 1762 5523 εει.
1805 5467 1844 5518 Α
1880 5467 2055 5520 Chr-io

455 5557 654 5636 aliena
695 5563 952 5630 religione
1002 5577 1108 5616 non
1146 5562 1382 5616 alienum
1435 5559 1623 5627 fuisse,
1665 5557 1891 5616 i’liotius
1927 5573 2052 5628 pcr-

541 5741 652 5810 (ib')
685 5739 900 5806 Sttitlai,
935 5760 980 5795 s.
1009 5757 1058 5794 γ.
1091 5739 1333 5810 Μᾲἒχοςι

2224 5557 2632 5624 MENANDER,
2656 5558 2940 5631 Euphratae
2965 5559 3033 5628 f.,
3069 5554 3737 5628 Coustanﬁmpolitanus,

2229 5739 2336 5811 (Π)
2372 5737 2615 5804 Photins,
2651 5738 2770 5795 cod.
2807 5737 2900 5794 78.
