4050 6456
301 423 412 488 625
1710 423 1878 483 PRIE
1889 424 2126 483 FATIO.
3457 428 3563 493 89.6

302 533 857 604 injuventutelegnm
875 534 1052 590 studio
1079 548 1200 589 sese
1227 533 1449 589 dederat
1480 533 1608 590 :sed
1630 535 1885 604 quoniam
1914 535 1965 594 Α
1994 536 2131 589 dicat
2163 550 2287 589 eum
2318 535 2637 593 cohortibus
2677 536 2946 607 praetoriis
2977 538 3321 609 imperatoris
3359 546 3565 613 ascrip-

300 645 331 683 a
398 627 799 682 causidicorum
866 640 1091 681 munere
1148 625 1365 680 animus
1417 626 1763 691 abhorrebat,
1816 626 1885 681 ad
1990 634 2101 679 tum
2127 625 2294 681 fuisse
2325 625 2439 697 («59)
2465 644 2479 679 :
2503 641 2624 696 quae
2650 637 2829 681 tamen
2861 627 2953 683 illo
2981 644 3100 684 aevo
3128 645 3280 700 mque
3310 647 3373 686 ac
3394 633 3563 688 scho-

298 720 590 790 segnitiem
626 718 902 787 delapsus,
942 717 998 771 in
1042 718 1193 773 circo
1228 716 1637 787 factionumque
1680 716 1883 771 furori-
1990 717 2105 771 Iarii
2141 717 2320 773 [ictam
2364 718 2740 773 tantummodo
2779 719 3108 775 exercebant
3145 721 3393 776 militiam
3425 724 3562 793 (50).

298 813 408 867 bus
435 808 822 880 patrimonium
842 809 1059 876 effudit;
1109 810 1328 865 tandem
1382 825 1534 872 vero,
1560 810 1885 864 necessitate
1987 808 2043 862 In
2075 808 2346 864 scribendi
2377 823 2577 878 genere
2609 824 2833 880 prorsus
2858 810 3015 867 simia
3052 813 3297 883 Agathite
3329 824 3453 882 est;
3491 816 3565 870 ri-

302 902 370 957 ad
403 900 627 955 meliora
654 900 993 969 compulsus,
1039 916 1162 955 cum
1196 915 1225 954 a
1254 900 1516 955 Mauricio
1555 900 1883 970 imperatore
1986 898 2197 954 dandus
2220 899 2434 968 quoties
2453 900 2848 955 sententiarum
2873 901 3125 957 acumine
3145 912 3242 958 aut
3268 905 3562 959 verborum

298 994 579 1048 litteratos
614 991 864 1048 homines
906 992 1205 1060 splendidis
1242 991 1483 1062 prcmiis
1509 992 1694 1046 ornari
1729 992 1881 1047 vide-
1985 987 2252 1058 elegantia
2281 1004 2341 1044 se
2373 999 2654 1045 ostentare
2682 990 2834 1060 cnpit
2859 1007 2877 1046 :
2906 1001 3283 1055 verumtamen
3314 993 3366 1049 in
3399 995 3563 1050 rebus

303 1094 414 1150 ret,
437 1096 499 1139 se
530 1084 584 1137 in
622 1083 726 1137 hoc
753 1098 951 1153 genere
988 1084 1225 1155 experiri
1257 1083 1466 1139 statuit.
1498 1084 1683 1153 Itaque
1706 1083 1882 1139 histo-
1983 1082 2151 1152 gestis
2204 1081 2504 1139 referendis
2548 1083 2722 1140 bonus
2769 1092 2995 1153 auctor;
3046 1085 3203 1146 circa
3235 1087 3561 1157 populorum

296 1177 437 1232 riam
479 1174 725 1245 Agathize
771 1176 1089 1231 continuare
1126 1175 1236 1231 sibi
1277 1175 1558 1246 proposuit
1588 1192 1602 1230 :
1635 1176 1778 1246 quod
1812 1174 1883 1230 ab
1982 1189 2183 1241 mores,
2216 1182 2595 1245 terrarumque
2636 1174 3057 1247 longinquarum
3083 1176 3272 1241 situm,
3307 1187 3361 1232 et
3396 1192 3560 1247 pere-

295 1268 540 1322 adventu
602 1266 1013 1336 Cotrigurorum
1076 1266 1399 1323 Hunnorum
1449 1267 1505 1323 in
1564 1267 1878 1333 Thraciam,
1982 1267 3311 1339 griuantiumitineraadmodumcuriosusetllde
3333 1270 3556 1341 dignus.

293 1373 439 1427 quos
469 1356 768 1413 Belisarius
801 1357 1099 1427 repressit,
1142 1373 1392 1429 annoque
1435 1358 1540 1414 558
1597 1374 1768 1428 usque
1809 1360 1877 1414 ad
1986 1358 2237 1429 Ejusdem
2292 1356 2533 1430 Agathize
2577 1359 2899 1422 imitatione,
2950 1360 3115 1415 etiam
3163 1360 3558 1437 epigrammata

297 1464 591 1505 excessum
639 1447 847 1503 Tiberii
880 1448 1037 1519 imp.,
1071 1464 1122 1502 a.
1157 1449 1283 1514 582,
1326 1440 1573 1519 perfecit.
1608 1449 1682 1503 De
1714 1448 1878 1515 rebus
1987 1438 2311 1518 componere
2361 1448 2607 1503 tentavit.
2662 1448 2792 1515 Qum
2841 1464 3006 1519 supra
3062 1449 3128 1504 de
3175 1448 3298 1519 ejus
3350 1450 3561 1517 origine

300 1540 431 1595 anni
459 1540 561 1595 5⁸15
594 1539 706 1609 (48)
744 1539 940 1611 agebat
989 1539 1127 1595 libro
1162 1555 1279 1594 vm.
1316 1540 1645 1595 Protectoris
1676 1554 1879 1608 cogno-
1985 1546 2151 1606 atque
2188 1537 2475 1614 juventute
2519 1536 2652 1609 dixi,
2700 1524 2763 1590 ea
2804 1536 2989 1592 omnia
3031 1534 3148 1607 ipse
3195 1537 3250 1594 in
3292 1537 3558 1615 prommip

300 1644 454 1695 mea,
484 1645 588 1700 quo
610 1628 679 1684 ab
708 1628 909 1686 illustri
942 1641 1099 1702 poeta
1125 1630 1306 1687 Attico
1333 1628 1761 1697 discriminatur,
1794 1630 1875 1686 in-
1984 1628 2226 1694 historiae
2256 1626 2570 1693 tradiderat,
2603 1625 2746 1697 quod
2775 1626 2974 1684 Suidas
3003 1627 3258 1695 servavit.

379 1947 764 2018 Excerptorum
799 1949 868 2004 de
906 1948 1291 2021 legationibus,
1319 1963 1438 2019 quae
1458 1951 1847 2022 grammaticis,
1878 1949 2076 2021 quibus
2108 1947 2185 2004 rei
2217 1961 2347 2003 cura
2373 1961 2401 2001 a
2427 1944 2785 2003 Constantino
2808 1943 3278 2017 Porphyrogenito
3303 1944 3561 2000 mandata
3582 1988 3597 1997 .

294 2045 405 2097 est,
442 2036 579 2105 Περί
622 2035 963 2105 πρέσϐεων,
993 2052 1101 2092 non
1128 2037 1267 2106 Περὶ
1305 2036 1660 2106 πρεσϐειῶν,
1693 2038 1893 2094 inscrih

1958 2052 1991 2092 'e
2019 2035 2241 2107 placuit,
2279 2034 2548 2090 rationem
2579 2034 2880 2104 explicare,
2918 2046 3095 2102 neque
3123 2030 3359 2086 alienum
3389 2026 3489 2085 erit
3525 2046 3557 2085 a

292 2123 567 2190 prommio
596 2124 757 2194 hujus
792 2124 1107 2191 voluminis,
1139 2123 1294 2192 cujus
1324 2140 1451 2195 pars
1493 2125 1650 2194 longe
1679 2125 1915 2181 maxima
1960 2140 2029 2181 ex
2089 2123 2197 2181 illis
2235 2130 2451 2180 constat
2481 2139 2496 2177 :
2530 2136 2707 2193 neque
2737 2120 3002 2187 otiosum;
3047 2132 3193 2188 cum,
3225 2117 3411 2174 nescio
3445 2133 3563 2190 quo

290 2226 450 2275 casn,
485 2225 513 2262 a
548 2212 785 2275 nemine,
815 2224 1079 2281 quantum
1112 2213 1243 2268 mihi
1274 2213 1493 2284 quidem
1519 2213 1772 2278 innotuit,
1804 2214 1959 2284 plene
1990 2217 2277 2282 perspecta
2302 2211 2396 2267 sit.
2895 2236 2900 2242 ~

370 2296 478 2351 Ista
507 2307 762 2367 excerpta
783 2299 953 2355 edidit
982 2299 1325 2356 Haschelius
1350 2314 1383 2355 e
1402 2300 1615 2356 duobus
1644 2299 1925 2356 codicibus
1955 2317 1970 2354 :
1998 2297 2231 2365 Schotti,
2259 2312 2422 2369 quem
2446 2311 2594 2353 nunc
2624 2295 2816 2353 nullibi
2848 2308 3168 2366 comparere
3200 2294 3314 2351 dixi
3348 2308 3512 2371 supra
3537 2310 3556 2361 ;
3596 2362 3597 2365 η

294 2393 356 2438 et
383 2383 674 2452 Bavarico,
698 2400 858 2455 quem
886 2387 1108 2443 Boieum
1135 2395 1313 2447 vocat.
1337 2387 1426 2457 qui
1450 2387 1504 2442 in
1533 2387 1846 2443 ﬂonacensi
1869 2386 2203 2443 bibliotheca
2227 2386 2376 2458 regia
2407 2391 2609 2449 exstat,
2645 2399 2676 2438 a
2709 2384 3238 2455 Schweighaeusero,
3267 2397 3322 2439 ν.
3353 2383 3449 2448 cl.,
3488 2382 3562 2451 ad

297 2469 606 2539 Appianum
643 2470 1036 2543 Polybiumque
1079 2472 1359 2529 adhibitus
1388 2491 1404 2529 :
1435 2486 1626 2529 eorum
1654 2482 1837 2529 autem
1875 2473 1991 2530 haec
2024 2472 2256 2529 invicem
2287 2472 2428 2528 ratio
2469 2479 2612 2536 erat,
2650 2478 2712 2526 ut
2747 2471 3086 2527 Schottanus
3126 2468 3348 2540 quidem
3369 2468 3557 2524 omnia

297 2558 781 2627 complecteretur,
814 2575 843 2614 a
882 2559 1145 2615 Bavaricu
1177 2559 1446 2629 pmfatio,
1480 2568 1646 2631 atque
1674 2559 1763 2615 illa
1786 2560 2043 2615 abessent
2075 2574 2198 2629 quae
2235 2558 2418 2614 editor
2446 2565 2658 2613 tantum
2691 2570 2722 2611 e
2767 2555 2982 2612 Schotti
3010 2556 3201 2611 codice
3234 2568 3294 2611 se
3318 2554 3468 2620 dare,
3501 2553 3560 2608 in
3590 2612 3599 2621 _

296 2645 528 2700 elei-ho
557 2660 720 2715 quem
746 2655 867 2717 post
899 2646 1297 2703 dedicationem
1329 2647 1529 2716 posuit,
1553 2646 1861 2718 proﬁtetur.
1889 2645 2032 2703 Sunt
2053 2656 2238 2701 autem
2260 2645 2353 2701 illa
2387 2660 2497 2701 non
2524 2642 3024 2700 additamentorum
3062 2642 3203 2708 loco,
3229 2649 3289 2696 ut
3311 2640 3566 2696 codicem

295 2732 623 2787 Bavaricurn
658 2731 865 2787 librarii
891 2732 1096 2790 desidia
1127 2741 1208 2790 tot
1237 2734 1490 2804 capitulis
1513 2734 1821 2789 mutilatum
1850 2733 2021 2790 fuisse
2041 2734 2268 2791 credere
2293 2733 2495 2805 possis,
2519 2746 2711 2789 verum
2735 2733 2803 2787 ab
2831 2731 2916 2788 his
2946 2745 3069 2800 qua:
3091 2729 3180 2786 ille
3203 2729 3369 2784 habet
3396 2742 3560 2797 sepa-

294 2824 438 2892 rata,
474 2818 779 2885 eodemque
806 2816 997 2872 ordine
1021 2833 1052 2871 a
1080 2817 1202 2872 libri
1242 2817 1399 2872 initio
1436 2817 1504 2872 ad
1543 2816 1662 2884 ejus
1693 2819 1858 2872 tinem
1898 2821 2355 2892 progrediuntur;
2378 2830 2545 2891 atque
2576 2820 2678 2876 hoc
2706 2821 2853 2875 inter
2885 2834 2946 2875 se
2966 2818 3409 2888 dil'l'eruntquod,
3436 2831 3561 2888 qua:

294 2883 353 2958 δη
382 2902 647 2960 Bavarico
678 2883 934 2973 exstant,
972 2905 1041 2962 de
1071 2906 1432 2979 legationibus
1463 2905 1534 2962 ad
1566 2883 1842 2964 Romanos
1874 2883 2062 2966 missis
2088 2917 2290 2981 agunt,
2323 2883 2543 2978 quae-ab
2573 2906 2666 2965 illo
2696 2906 2899 2962 absunt
2920 2946 2937 2972 ,
2966 2906 3033 2961 de
3064 2905 3134 2961 iis
3163 2883 3301 2976 quas
3324 2883 3559 2958 Romani
3587 2966 3601 2976 _

298 2991 367 3046 ad
395 2993 666 3047 Barbaros
700 2992 989 3048 miserunt.
1011 2993 1354 3065 Quapropter
1382 2994 1553 3049 codex
1584 2992 1676 3050 ille
1705 2994 1845 3064 Περὶ
1869 3013 1897 3049 σε

1950 2998 2187 3053 cavetur.
2210 2994 2533 3066 daréMvel
2568 2994 2844 3063 ἐθνικῶν)
2892 2994 3044 3064 πρὸς
3095 2992 3427 3061 Ῥωμαίους
3464 2990 3549 3045 in-

304 3078 557 3134 scribitur
585 3078 726 3149 (51).
759 3078 1006 3150 praefatio
1048 3090 1228 3135 autem
1264 3094 1386 3150 quae
1416 3080 1506 3135 illa
1525 3079 2126 3152 respicitquaaSchotti
2149 3085 2321 3139 codex
2353 3084 2504 3140 solus
2541 3082 2793 3153 prarbuit,
2821 3082 3042 3137 titulum
3076 3079 3293 3147 XXVII,
3326 3080 3556 3150 ejusque
3580 3125 3595 3135 η

307 3165 575 3220 rubricam
605 3166 744 3236 Περὶ
770 3167 1078 3236 πρέσϐεων
1112 3168 1411 3238 Ῥωμαίων
1435 3167 1586 3237 πρὸς
1622 3168 1899 3237 earum};-

1958 3169 2142 3226 xhibet
2169 3187 2184 3226 :
2217 3179 2383 3241 atque
2411 3169 2466 3225 in
2488 3168 2737 3234 elcncho,
2762 3169 2851 3240 qui
2875 3170 2925 3225 ei
2954 3168 3261 3237 subjicitur,
3288 3166 3359 3225 de
3412 3166 3557 3222 sevi-

302 3252 381 3306 ris
404 3268 434 3308 e
467 3268 701 3323 quorum
740 3255 894 3310 libris
922 3254 1138 3327 eclogas
1182 3256 1250 3311 de
1292 3255 1655 3325 legationibus
1681 3253 2025 3313 Hmschelius
2054 3257 2251 3325 edidit,
2285 3255 2493 3312 omittit
2521 3255 2825 3329 Dexippum
2849 3266 2903 3313 et
2946 3256 3278 3328 Eunapium.
3325 3254 3601 3329 Scilicet“;

291 3354 365 3394 ex
398 3340 487 3395 his
511 3341 648 3396 nihil
682 3342 735 3396 in
773 3352 977 3397 tomum
1008 3343 1320 3413 eclogarum
1358 3344 1424 3398 de
1453 3342 1815 3414 legationibus
1839 3344 2213 3409 Romanorum
2242 3343 2311 3399 ad
2340 3352 2533 3414 gentes
2558 3343 2768 3399 illatum
2799 3354 2940 3401 erat.

368 3426 465 3482 His
494 3429 761 3499 expositis
790 3445 895 3484 non
919 3444 1057 3501 opus
1086 3430 1195 3485 erit
1218 3429 1467 3501 pluribus
1495 3430 1678 3487 verbis
1705 3432 1962 3502 probare,
1990 3432 2265 3502 geminum
2293 3431 2460 3488 fuisse
2487 3431 2798 3504 ecloga-rum
2826 3433 2893 3486 de
2923 3431 3285 3503 legationibus
3311 3429 3576 3496 titulum,

297 3528 534 3584 quorum
565 3515 725 3581 alter,
781 3514 974 3570 XXVII
1012 3530 1044 3572 e
1082 3530 1435 3572 numerorum
1468 3516 1682 3583 ordine,
1724 3517 1935 3589 integer
1966 3535 2090 3574 cum
2120 3518 2439 3589 pra'futione
2460 3526 2659 3584 exstat,
2697 3518 2924 3575 alterius
2966 3519 3218 3591 praelatio
3242 3520 3417 3583 abest,
3449 3532 3559 3588 qua
3588 3564 3600 3581 ,

298 3604 501 3657 amissa
528 3606 651 3672 ejus
687 3618 951 3663 numerus
977 3604 1298 3676 ignoratur;
1333 3620 1496 3675 quem
1526 3615 1705 3661 tamen
1740 3614 1832 3659 aut
1863 3605 2036 3662 XXVI
2065 3616 2160 3661 aut
2207 3605 2429 3661 XXVIII
2464 3606 2633 3662 fuisse
2657 3606 2797 3661 ratio
2820 3607 2898 3661 rei
2922 3607 3062 3675 cogit
3098 3624 3113 3661 :
3152 3605 3408 3681 denique,
3436 3621 3561 3675 quae

297 3705 363 3746 ex
389 3702 624 3761 utroque
652 3700 945 3761 supersunt
974 3692 1039 3759 in
1056 3693 1356 3748 Schottano
1390 3692 1574 3749 codice
1620 3691 1910 3763 conjuncta
1936 3694 2232 3749 exstitisse.
2256 3692 2375 3749 Iam
2406 3708 2533 3749 vero
2564 3692 2896 3762 perspicitur
2923 3707 3030 3760 qua
3063 3691 3276 3745 ratione
3305 3681 3561 3746 evenerit
3593 3763 3599 3768 .

301 3789 361 3831 ut
387 3778 554 3833 etiam
579 3779 633 3833 in
674 3779 986 3851 Polyhianis
1019 3780 1268 3853 plurimae
1310 3780 1509 3852 eclogae
1547 3794 1611 3834 ex
1652 3794 1841 3835 earum
1888 3796 2118 3853 numero
2163 3796 2300 3849 quas
2332 3780 2565 3836 Ursinus
2606 3779 2779 3836 edidit
2810 3794 2841 3834 a
2885 3777 3146 3848 Bavarico
3180 3775 3361 3832 absint
3384 3775 3500 3847 (52)
3535 3794 3549 3830 :

306 3866 486 3935 agitur
522 3868 668 3925 enim
708 3867 779 3922 ibi
815 3867 886 3923 de
917 3866 1279 3939 legationibus
1315 3883 1454 3938 quas
1483 3866 1716 3923 Romani
1760 3868 2060 3924 miserant:
2095 3869 2364 3939 idemque,
2394 3869 2439 3925 si
2479 3868 2602 3939 quis
2644 3868 2712 3923 de
2745 3867 2935 3923 Dionis
2972 3864 3313 3937 Appianique
3354 3864 3559 3934 eclogis

307 3962 535 4021 quaret,
564 3953 801 4011 inveniat
829 3969 1053 4011 necesse
1080 3963 1182 4011 est.
1220 3956 1408 4025 Itaque
1435 3971 1466 4010 a
1500 3956 1947 4027 reprehensione.
1969 3956 2232 4013 liberatur
2284 3972 2529 4013 summus
2571 3957 2946 4021 Casaubonus,
2976 3956 3092 4026 qui,
3122 3970 3247 4009 cum
3278 3953 3333 4008 in
3362 3952 3557 4008 biblio-

304 4041 463 4094 theca
496 4038 706 4101 Thuani
746 4042 981 4111 primum
1011 4042 1200 4097 harum
1233 4043 1538 4115 eclogarum
1562 4051 1771 4099 tomum
1799 4051 2021 4100 exstare
2043 4046 2329 4109 scriberet,
2355 4059 2464 4114 quo
2496 4053 2679 4099 tamen
2707 4058 2895 4099 earum
2923 4058 3044 4114 quae
3068 4057 3099 4097 e
3122 4041 3346 4112 Polybio
3368 4040 3557 4111 petita:
3608 4094 3611 4097 _

299 4127 413 4181 sint
443 4128 664 4183 nonnisi
699 4144 827 4200 pars
857 4130 1232 4185 contineretur
1256 4130 1403 4201 (53),
1435 4131 1663 4185 minime
1706 4130 1944 4187 errabat.
1967 4133 2040 4188 Ac
2074 4132 2187 4188 fieri
2220 4128 2488 4202 potest'ut
2537 4146 2663 4187 cum
2695 4130 2787 4185 alii
2813 4129 3183 4186 Theodosium
3210 4128 3305 4182 τδν
3329 4126 3554 4199 μικρόν.
3590 4196 3607 4205 ,ι

305 4214 543 4271 Ursinus
573 4228 754 4279 autem
798 4217 1061 4280 Joannem
1095 4218 1775 4289 Constantinopolitamtm,
1811 4218 1954 4272 hanc
1988 4215 2362 4289 collectionem
2403 4215 2762 4270 concinnasse
2810 4212 3160 4277 tradiderint,
3192 4210 3336 4265 illius
3384 4208 3556 4288 labori
3607 4276 3611 4281 ι

298 4306 609 4375 legationes
652 4306 718 4361 ad
753 4306 1049 4370 Romanos,
1092 4307 1253 4376 hujus
1288 4307 1474 4377 titulus
1506 4304 1697 4360 XXVII
1752 4305 1804 4360 in
1852 4303 2129 4360 codicibus
2172 4305 2411 4358 tributus
2442 4302 2533 4366 sit.
2585 4300 2792 4355 Vereor
2824 4309 3006 4355 tamen
3040 4314 3109 4353 ne
3141 4298 3210 4353 de
3243 4294 3560 4377 Theodosio
3606 4348 3614 4356 ,

300 4393 394 4447 illo
432 4408 592 4448 error
630 4394 731 4459 sit,
763 4409 886 4449 cum
923 4394 1201 4458 Θεοδόσιος
1227 4394 1255 4447 ὁ
1290 4393 1487 4464 μικρός
1516 4391 1721 4457 Graecis
1749 4390 2063 4463 Byzantinis
2094 4387 2457 4459 Theodosium
2508 4386 2772 4455 Minorem
2831 4384 3219 4456 imperatorem
3250 4379 3549 4451 signiﬁcet.

375 4502 448 4558 Ut
479 4504 661 4558 omnis
698 4504 752 4559 in
795 4513 1069 4575 posterum
1100 4505 1319 4562 errandi
1357 4505 1574 4563 occasio
1606 4503 1844 4571 tollatur,
1886 4514 2174 4571 utramque
2196 4500 2597 4568 collectionem,
2628 4514 2727 4571 per
2750 4496 2994 4570 singulos
3021 4503 3275 4552 auctores
3295 4491 3553 4558 divisam,
3624 4510 3628 4515 ·

297 4606 405 4647 suo
435 4591 699 4662 inscripto
730 4590 910 4659 titulo,
948 4592 1195 4647 distinxi.

380 4701 571 4772 Itaque
602 4717 707 4758 non
738 4712 889 4769 -tres,
919 4704 1013 4760 sed
1045 4714 1281 4774 quatuor
1309 4719 1342 4760 e
1368 4702 1718 4759 collectaneis
1746 4700 2091 4758 Constantini
2125 4698 2575 4771 Porphyrogeniti
2608 4697 2874 4753 habemus
2913 4694 3121 4761 titulos,
3152 4700 3440 4765 postquam
3474 4687 3552 4748 ill.

300 4787 504 4855 llaius,
536 4789 593 4844 in
622 4788 800 4845 lucem
821 4789 1040 4861 prolata
1058 4790 1293 4847 maxima
1318 4792 1460 4852 tituli
1480 4791 1550 4849 de
1565 4790 1851 4850 sententiis
1872 4797 2050 4862 parte,
2075 4787 2475 4854 immortalibus
2503 4786 2618 4843 suis
2639 4785 2708 4843 de
2730 4799 2791 4843 re
2812 4784 3082 4851 litteraria
3104 4781 3320 4855 publica
3343 4776 3556 4840 meritis

298 4876 587 4931 cumulum
612 4875 836 4948 adjecit.

376 5065 489 5134 (48)
536 5060 788 5147 Menand,
823 5080 880 5147 p.
912 5066 1038 5133 397,
1070 5067 1140 5123 ΞΟ
1170 5068 1221 5122 in
1257 5069 1377 5138 ejus
1405 5068 1492 5123 ed.
1512 5067 1801 5129 Brissonii.
2050 5066 2165 5209 (5ιῖ
2206 5066 2515 5138 Schweigh.
2546 5066 2789 5137 prmf.~ad
2813 5075 2853 5121 t.
2883 5064 2925 5120 II
2958 5063 3189 5147 Polybii,
3220 5079 3274 5135 p.
3306 5078 3393 5120 λη

376 5135 492 5209 Q9)
525 5135 597 5209 _V.
625 5135 974 5209 Iletneccturn
1000 5152 1054 5209 s.
1082 5152 1133 5209 _v.
1174 5136 1526 5209 Protectores.
2052 5138 2142 5209 (52
2207 5138 2407 5209 Earum
2426 5152 2706 5195 recensum
2727 5138 2932 5209 praebet
2953 5136 3265 5208 Schwetglt.
3299 5151 3351 5207 p.
3383 5151 3393 5187 ι

376 5135 492 5209 (ΙΨ)
525 5135 597 5209 _V-
625 5135 974 5209 Ποίηειέείυπὲ
1000 5152 1054 5209 5:
1082 5152 1133 5209 Y-
1174 5135 1526 5209 Ρτοῖεσεονθδ·
2052 5135 2165 5209 (ξε)
2207 5138 2407 5209 Earum
2426 5135 2706 5195 recensum
2727 5138 2932 5209 praebet
2953 5135 3265 5208 Schweigh.
3299 5151 3351 5207 p.
3383 5147 3549 5187 xxvtt.

370 5204 483 5278 (50)
524 5203 756 5281 Procop.
796 5204 994 5264 Anecd.
1031 5206 1121 5275 24,
1156 5224 1210 5280 ρ.
1241 5208 1330 5265 7|.

967 5204 994 5264 I.
1031 5206 1121 5275 24,
1156 5224 1210 5280 ρ.
1241 5208 1330 5265 7|.
2049 5203 2165 5282 (55.)
2205 5208 2406 5280 lbid.p,
2432 5222 2566 5270 χω.
