4050 6414
485 382 599 449 62⁵1
1488 381 1888 444 EXCERPTA
1933 380 2030 441 DE
2069 379 2084 439 ]

2156 376 2659 439 ἒῢΑΤΙΟΝΙΒΗΞ.
3645 361 3755 427 628

1863 519 3756 554 M—

1648 677 2098 742 DEDICATIO
2140 673 2617 735 HCESCHELII.

495 982 916 1052 Nobilissimo
945 979 1715 1066 amplissimoqueuviro
1766 980 2017 1066 Joanni
2063 979 2392 1066 Mattheeo‘
2444 979 2797 1066 Wackero,
2877 992 2912 1039 a
2953 971 3474 1066 .Wacltenfelsa,
3520 971 3768 1066 equiti,

583 1070 648 1128 S.
687 1068 844 1128 Cres.
892 1051 1144 1144 Majest.
1202 1083 1238 1126 a
1301 1051 1595 1144 consiliis
1653 1063 1832 1144 imp.
1887 1060 2144 1134 aulicis,
2221 1053 2486 1120 domino
2529 1065 2592 1119 et
2637 1063 2904 1135 patrono
2949 1054 3018 1116 in
3061 1051 3294 1132 primis
3343 1051 3770 1124 honorando,

481 1192 484 1196 η
575 1145 641 1208 S.
688 1144 760 1208 P.
805 1145 884 1206 D.
919 1142 1124 1207 David
1169 1143 1582 1208 Hoeschelius
1631 1142 1800 1220 Aug.

567 1288 968 1346 Constantinus
1000 1289 1537 1362 Porphyrogenneta,
1572 1301 1631 1347 ut
1677 1306 1708 1346 a
1762 1287 2072 1346 Theodosio
2087 1281 2362 1358 proditum
2389 1280 2633 1347 invenio,
2659 1295 2769 1335 non
2800 1285 3087 1336 contentus
3114 1292 3180 1334 ex
3212 1275 3468 1332 omnibus
3499 1283 3779 1330 terrarum

499 1377 652 1433 orbis
675 1378 919 1447 partibus
947 1377 1119 1433 libros
1151 1393 1398 1450 quosque
1421 1379 1660 1450 optimos
1683 1392 1813 1433 cura
1837 1392 2046 1432 summa
2077 1374 2423 1444 conquirere,
2453 1371 2509 1427 id
2539 1371 2703 1427 etiam
2733 1383 2914 1440 opera:
2942 1367 3158 1437 publice
3191 1366 3340 1420 utilis
3369 1363 3552 1420 navari
3579 1363 3780 1431 voluit,

497 1475 560 1522 ut
589 1479 689 1536 pro
718 1479 900 1522 rerum
930 1466 1244 1522 discrimine
1271 1475 1552 1522 auctorum
1585 1479 1925 1535 quorumque
1958 1465 2155 1535 scripta
2193 1463 2246 1518 in
2276 1470 2456 1517 certas
2486 1460 2724 1526 classes,
2755 1473 2876 1529 quae
2903 1457 3012 1514 Llll
3051 1456 3292 1519 fuerunt,
3327 1454 3528 1509 tributa
3555 1467 3772 1522 conge—

498 1558 762 1609 rerentur
799 1555 903 1610 :‘ut
939 1568 1154 1624 quaqua
1193 1552 1260 1609 de
1291 1569 1372 1618 re,
1401 1553 1445 1608 si
1482 1563 1695 1624 tempus
1731 1552 2053 1623 postularet,
2097 1550 2477 1619 exemplorum
2518 1548 2852 1618 hypotheses
2899 1547 2953 1602 in
3003 1554 3260 1616 promptu
3300 1550 3508 1598 essent.
3554 1539 3784 1594 Illarum

498 1637 682 1708 prima
715 1638 853 1707 Περι
891 1635 1208 1704 ,βασιλέων
1248 1631 1704 1708 ἁναγορὲύσεως
1745 1647 1883 1702 erat,
1916 1636 2097 1693 vicesii

2215 1638 2448 1706 septima
2491 1635 2634 1705 Περὶ
2675 1635 3004 1704 πρέσϐεων.
3047 1634 3399 1695 Caeterarum,
3449 1645 3625 1700 neque
3672 1629 3784 1682 nisi

505 1735 830 1791 paucarum,
856 1731 1055 1791 praeter
1085 1722 1147 1776 τὸ
1175 1721 1465 1791 ἐπώνυμον
1496 1723 1667 1777 scitur
1697 1722 1850 1787 nihil,
1881 1721 2042 1791 idque
2090 1738 2104 1778 ε

2189 1724 2428 1794 margine
2461 1724 2585 1778 libri
2613 1723 2942 1793 legationum
2980 1721 3193 1776 calamo
3221 1714 3456 1781 exarati,
3488 1717 3577 1771 ubi
3607 1714 3788 1770 lector

511 1817 920 1880 argumentum,
955 1809 1098 1878 quod
1129 1809 1266 1865 alias
1286 1809 1429 1865 aliud
1453 1810 1738 1879 attingitur
1757 1809 1954 1874 obiter,
1980 1809 2109 1880 ζητε

2193 1811 2417 1882 jubelur
2439 1812 2496 1864 ὲν
2527 1810 2604 1882 τῷ
2634 1811 2764 1881 περὶ
2793 1809 3051 1874 ἐπιϐοῶν,
3081 1808 3142 1860 ὲν
3166 1805 3242 1875 τῷ
3267 1805 3396 1878 περὶ¹
3422 1801 3782 1873 κυνηγεσίας,

496 1890 573 1958 ,ιν
599 1895 679 1969 τῷ
701 1897 831 1968 περὶ
863 1897 1360 1970 στρατηγημάτων,
1387 1897 1495 1950 τῶν
1537 1897 1804 1968 στρατῶν,
1843 1896 1902 1950 ὲν
1932 1897 2014 1966 τῷ
2050 1898 2183 1969 περὶ
2217 1899 2396 1970 νίκης,
2426 1900 2556 1970 περὶ
2589 1897 2967 1968 δημηγοριῶν,
2996 1895 3322 1960 ἐπιστολῶν,
3354 1893 3516 1947 ἐθῶν.
3553 1890 3645 1946 lla:
3674 1891 3784 1960 igi-

511 1990 630 2047 tur,
661 1982 932 2054 injuriane
963 1984 1222 2054 temporis
1247 1984 1357 2038 sint
1383 1983 1616 2050 amissae,
1654 1999 1722 2037 an
1749 1984 1950 2040 alicubi
1989 1994 2298 2054 serventur,
2345 1989 2582 2042 nondum
2611 1986 2803 2056 liquet.
2836 1983 2968 2053 Ejus
2997 1999 3152 2044 vero.
3183 1998 3304 2051 quae
3325 1981 3394 2036 de
3427 1979 3615 2050 legatis
3641 1979 3777 2045 agit,

516 2078 732 2140 partem
761 2070 986 2127 Fulvius
1015 2069 1268 2138 Ursinus,
1296 2069 1383 2125 vir
1413 2064 1830 2141 praeclarissime
1861 2069 1928 2126 de
1961 2070 2108 2126 omni
2139 2075 2464 2145 antiquitate
2499 2075 2746 2138 meritus,
2782 2087 2979 2142 magno
3007 2072 3343 2128 eruditorum
3369 2069 3628 2139 applause
3654 2076 3788 2121 ante

515 2173 694 2215 annos
723 2159 927 2228 aliquot
956 2157 1320 2228 qualnmultos
1378 2157 1588 2224 edidit;
1622 2165 1835 2227 partem
1875 2171 1943 2212 ex
1971 2160 2309 2217 serenissimi
2342 2160 2719 2227 Maximiliani,
2753 2159 3011 2215 Boiorum
3041 2158 3218 2226 ducis,
3241 2167 3296 2212 et
3322 2156 3394 2211 cl.
3419 2156 3520 2210 viri
3553 2153 3792 2208 Andreae

515 2245 1105 2311 Schotti-bibliotheca,
1135 2259 1254 2316 quae
1283 2244 1486 2300 nemini
1514 2259 1628 2300 rem
1657 2244 1929 2313 publicam
1953 2245 2147 2315 juvare
2179 2248 2416 2318 cupienti
2447 2264 2553 2304 non
2581 2255 2749 2317 patet,
2776 2263 2877 2303 nos
2899 2247 3012 2317 jam
3037 2245 3357 2316 evulgamus
3388 2260 3403 2308 ;
3437 2243 3691 2311 hancque
3717 2253 3790 2295 eo

515 2335 866 2398 nobiliorem,
898 2335 1041 2406 quod
1077 2348 1267 2390 eorum
1308 2333 1694 2389 historicorum
1730 2333 2032 2403 fragmenta
2077 2336 2417 2413 suppeditat,
2451 2350 2684 2406 quorum
2722 2333 2856 2390 nihil
2901 2334 3016 2390 fere
3054 2333 3320 2388 hactenus
3353 2339 3552 2400 praeter
3587 2342 3794 2383 nomen

515 2422 752 2480 exstitit.
785 2421 883 2477 His
914 2420 1256 2478 corollarium
1292 2420 1623 2484 addidimus,
1647 2419 1866 2490 eclogas
1895 2418 2161 2480 librorum
2204 2423 2426 2481 Diodori
2459 2424 2630 2480 Siculi
2668 2425 2993 2479 amissorum
3020 2461 3036 2487 ,
3069 2436 3208 2491 quas
3238 2434 3270 2475 e
3308 2418 3494 2475 codice
3524 2415 3798 2472 Ludovici

514 2511 804 2566 Alemanni
831 2507 1129 2565 Florentini
1162 2508 1386 2564 doctiss.
1418 2505 1486 2564 Β.
1520 2505 1797 2564 Thomson
1821 2508 2029 2578 Anglus
2050 2525 2264 2568 mecum
2294 2513 2470 2568 amice
2498 2509 2947 2568 communicavit.
2973 2506 3099 2564 Haec
3125 2514 3370 2562 veterum
3405 2511 3790 2569 monumenta,

518 2600 606 2655 vir
642 2598 998 2670 amplissime,
1028 2597 1148 2667 tibi,
1187 2604 1351 2653 tantae
1390 2596 1672 2669 dignitatis
1704 2605 1977 2668 tantaeque
2010 2598 2358 2666 eruditionis,
2382 2598 2571 2655 dicare
2601 2613 2710 2654 non
2743 2595 2968 2657 fuissem
3006 2608 3194 2657 ausus,
3219 2592 3320 2647 nisi
3359 2589 3794 2646 nobiliss.oMar-

439 2767 442 2770 ἢ
519 2702 619 2744 cus
655 2685 956 2753 Velscrns,
994 2684 1250 2741 duumvir
1278 2695 1489 2753 noster,
1524 2684 1734 2740 amicus
1761 2693 1905 2750 tuus,
1943 2700 2032 2742 me
2069 2688 2485 2757 conﬁrmasset;
2520 2688 2679 2758 cujus
2722 2685 3036 2742 liberalitati
3069 2684 3234 2740 editio
3265 2683 3383 2737 haec
3418 2681 3667 2737 debetur.
3713 2679 3797 2733 Ac

521 2791 660 2832 sane
685 2776 979 2846 jucundam
1012 2777 1130 2834 fore
1153 2779 1348 2834 horum
1387 2777 1482 2834 tibi
1517 2776 1806 2834 lectionem
1835 2776 2194 2843 arbitramur,
2223 2777 2513 2847 cognituro
2537 2791 2659 2830 cum
2692 2774 2796 2829 alia
2827 2771 3122 2828 observatu
3154 2784 3413 2840 perquam
3449 2767 3640 2834 digna,
3669 2773 3791 2819 tum

523 2865 773 2936 exempla
797 2864 940 2937 (qua:
968 2867 1148 2937 potior
1181 2866 1367 2937 operis
1398 2864 1548 2937 pars)
1580 2865 1701 2938 ejus
1731 2865 1976 2922 muneris
2001 2904 2018 2930 ,
2063 2865 2207 2933 quod
2243 2863 2508 2934 singulari
2540 2862 2684 2929 ﬁde,
2723 2876 2852 2916 cura
2903 2867 2958 2916 et
2991 2857 3300 2929 prudentia,
3347 2856 3414 2911 de
3452 2851 3799 2924 gravissimis

526 2951 714 3018 rebus,
747 2966 851 3022 qua
883 2967 982 3023 per
1003 2953 1350 3010 Germaniam
1377 2961 1433 3010 et
1467 2951 1818 3018 Sarmatiam,
1850 2967 1954 3023 qua
1990 2967 2089 3022 per
2118 2951 2353 3015 italiam,
2387 2965 2418 3004 a
2446 2950 2683 3004 maximo
2719 2949 2933 3003 Caesare
2965 2947 3032 3001 ad
3071 2959 3314 3002 summos
3348 2942 3626 3014 principes
3654 2940 3791 2994 mis-

525 3051 642 3103 sus,
668 3039 852 3094 ebiisti
877 3056 893 3106 ;
916 3038 1320 3110 iucundiorem,
1342 3039 1468 3110 quia
1498 3039 1679 3112 lingua
1713 3037 1906 3096 Graeca
1933 3038 2122 3096 istliasc
2151 3037 2420 3106 prodeunt
2449 3053 2463 3091 :
2493 3035 2646 3103 cuius
2676 3036 2723 3090 is
2745 3043 2833 3089 est
2857 3048 3012 3088 amor
3036 3040 3182 3097 tuus,
3215 3046 3278 3087 ea
3304 3029 3520 3100 peritia,
3543 3036 3604 3082 ut
3633 3026 3787 3083 locos

528 3125 677 3180 scias
707 3135 998 3183 auctorum
1032 3129 1324 3185 restituere
1354 3129 1494 3197 illos,
1532 3130 1598 3185 ad
1623 3143 1762 3199 quos
1803 3128 1871 3184 ab
1913 3127 2035 3204 aliis
2063 3124 2463 3182 conclamatum
2503 3132 2610 3179 est.
2643 3121 2789 3177 Nihil
2819 3123 2994 3176 dicam
3019 3119 3088 3174 de
3131 3116 3419 3178 beneﬁcio,
3464 3128 3572 3185 quo
3609 3126 3696 3167 me
3726 3111 3797 3204 in

519 3209 695 3285 ,Reip.
735 3215 1014 3273 litterariae
1043 3219 1388 3276 commodum
1411 3195 1618 3277 ornasti
1642 3195 1922 3274 maxime.
1943 3214 2050 3270 Pro
2080 3229 2191 3284 quo
2237 3211 2378 3283 grati
2411 3219 2467 3267 et
2505 3209 2765 3264 memoris
2791 3208 2958 3261 animi
2993 3204 3368 3261 testimonium
3409 3203 3510 3256 hoc
3537 3212 3658 3254 esse
3687 3195 3796 3252 ali-

527 3283 674 3369 quod
707 3296 954 3375 patiaris,
993 3321 1187 3376 meque
1211 3321 1380 3379 porro
1409 3305 1844 3364 commendatum
1878 3283 2374 3372 baberedigneris,
2401 3300 2566 3356 etiam
2603 3305 2770 3367 atque
2799 3295 2966 3352 etiam
2995 3307 3113 3349 oro.
3141 3292 3285 3346 Bene
3314 3288 3455 3354 vale,
3479 3283 3795 3358 praesidium

529 3403 597 3448 ac
616 3391 782 3451 decus
807 3392 1114 3450 Musarum.

1724 3479 1986 3551 Augustae
2019 3475 2290 3534 Vlndelic.
2327 3473 2593 3547 postridie
2631 3472 2772 3530 Non.
2805 3469 3032 3542 Aprilis,
3062 3467 3130 3523 A.
3163 3465 3224 3524 S.
3254 3463 3322 3521 N.
3355 3460 3587 3520 MDClll.

533 3651 2111 3682 Μ

2177 3631 3776 3674 Μ

1489 3822 1936 3891 DEDICATIO
1981 3819 2396 3885 EDITIONIS
2440 3815 2864 3881 PABISINZE.

1239 4086 1776 4153 Eminenlissimo
1821 4088 1884 4150 S.
1932 4088 2007 4149 Β.
2056 4086 2130 4147 Ε.
2177 4079 2490 4147 cardinali
2527 4075 2705 4141 Julio
2741 4060 3089 4139 Mazarino.

609 4242 846 4312 Quintus
875 4256 1049 4297 annus
1079 4239 1280 4310 agitur,
1316 4237 1754 4296 eminentissime
1789 4233 2115 4300 Cardinalis,
2143 4247 2211 4289 ex
2239 4245 2347 4302 quo
2375 4225 2683 4284 Ludovicus
2705 4223 2976 4312 princeps
2999 4211 3420 4312 fortissimus-de
3451 4211 3616 4312 rebus
3649 4208 3814 4310 abiit,

538 4297 748 4405 ma'j‘ore
771 4329 956 4388 Galliae
979 4297 1179 4386 damno
1207 4297 1370 4399 quam
1394 4340 1514 4382 suo.
1542 4322 1672 4394 Ejus
1699 4325 1845 4380 etaim
1871 4297 2130 4380 excessus
2159 4297 2474 4377 universam
2507 4312 2741 4370 Galliam
2773 4308 3029 4405 perculit,
3061 4315 3116 4361 et
3147 4317 3285 4375 pene
3317 4301 3574 4401 dixerim,
3609 4297 3812 4405 e'xani-

537 4385 733 4486 mavit,
769 4418 925 4490 quasi
959 4419 1122 4474 unius
1153 4385 1410 4472 exstincti
1439 4414 1630 4486 Spiritu
1664 4413 1870 4483 pridem
1905 4422 2013 4468 tota
2034 4409 2285 4474 vixisset,
2309 4413 2365 4461 et
2389 4401 2631 4460 omnium
2659 4398 2870 4490 animas
2900 4395 3043 4490 idem
3071 4407 3257 4490 secum
3293 4389 3573 4490 traxisset.
3609 4385 3816 4441 Hostes

751 4475 1011 4565 esternos
1032 4514 1110 4562 tot
1142 4505 1337 4576 pugnis
1376 4475 1621 4559 adversis
1658 4475 1866 4557 iractos
1899 4499 1954 4554 in
1983 4511 2137 4569 spem
2167 4493 2364 4556 erexit,
2400 4499 2456 4546 et
2484 4487 2704 4576 refovit.
2736 4483 2870 4552 Quis
2895 4482 3042 4576 epim
3076 4487 3188 4535 tam
3223 4475 3549 4546 intrepidus,
3589 4481 3815 4576 tamque

543 4611 770 4652 securus
791 4608 1015 4651 casuum
1043 4556 1170 4659 fuit:
1189 4556 1248 4646 υῗ
1270 4598 1459 4662 erepto
1485 4590 1651 4644 rebus
1674 4586 1928 4643 humanis
1950 4556 2098 4654 rege,
2138 4590 2194 4638 et
2221 4581 2274 4636 in
2302 4591 2446 4635 novo
2467 4573 2777 4646 principatu
2802 4585 2890 4627 res
2913 4569 3107 4624 durius
3130 4578 3353 4662 casuras
3375 4577 3490 4662 non.
3506 4556 3812 4662 metueret?

1071 4645 1413 4744 ,
1438 4645 1546 4735 inec
1577 4691 1857 4734 armorum
1888 4645 2119 4744 peritus,
2151 4669 2355 4756 quique
2384 4664 2649 4756 ﬂagrante
2687 4659 2842 4756 bello.
2861 4659 3100 4756 nondum
3135 4651 3532 4756 .c‘xercitum'jn
3561 4645 3818 4756 praelium

541 4735 1012 4846 possetreducere,
1043 4786 1147 4828 nec
1174 4769 1480 4842 principem
1519 4783 1616 4838 per
1645 4775 1860 4822 atatem
1890 4735 2186 4824 exercere,
2205 4735 2498 4813 multorum
2538 4748 2758 4819 injuriis
2791 4744 3066 4803 obnoxius
3097 4740 3408 4842 videbatur.
3440 4735 3676 4846 liostilis
3705 4748 3810 4789 au-

543 4826 656 4920 ;em
680 4865 956 4919 exercitus
987 4826 1150 4915 etiam
1177 4826 1470 4914 adversum
1504 4826 1689 4911 casum
1722 4866 1914 4909 recens
1938 4857 2196 4919 expertus
2233 4845 2452 4900 altiores
2481 4839 2707 4910 spiritus
2747 4834 2994 4907 gerebat,
3033 4845 3203 4886 novas
3239 4841 3331 4920 res
3356 4827 3412 4920 in
3439 4826 3556 4881 dies
3581 4835 3822 4920 cnspec-

1184 4909 1687 5016 istudium
1725 4939 1824 4994 l‘uit
1855 4909 2161 4994 cunctando
2195 4941 2252 4989 et
2279 4932 2422 4987 diem
2453 4909 2523 4984 es
2556 4927 2644 4983 die
2679 4922 3004 5016 prolatando
3027 4933 3219 5016 pacein
3261 4913 3508 5016 eludere,
3543 4920 3599 4967 et
3631 4909 3820 4966 Gallos

544 5001 1020 5101 inagisadicivile
1051 5028 1250 5085 bellum
1283 5001 1584 5098 impellere,
1623 5022 1842 5080 turbare
1884 5019 2066 5076 omnia
2095 5034 2157 5077 ac
2184 5018 2537 5091 permiscere,
2566 5028 2731 5085 quam
2769 5011 2914 5101 bello
2962 5005 3214 5101 aggredi,
3265 5011 3323 5101 et
3363 5001 3544 5073 palam
3589 5011 3816 5101 manum

547 5087 860 5175 conserere.
893 5117 1090 5172 Verum
1118 5087 1395 5186 nunquam
1423 5087 1626 5169 certius
1655 5108 2014 5182 approbatum
2050 5116 2158 5173 est,
2185 5087 2395 5177 iustum
2427 5101 2706 5172 piumque,
2739 5103 2796 5152 et
2816 5090 3176 5186 favenleDeo
3201 5087 3404 5186 bellum
3447 5090 3816 5186 susceptum:

544 5215 610 5260 nt
640 5205 965 5262 inconcusso
994 5169 1424 5275 manentejregni
1453 5211 1620 5266 statu,
1658 5169 1825 5256 ett-tot
1858 5196 2137 5268 prosperis
2163 5169 2558 5250 conﬂuentibus
2594 5179 3058 5275 regite-maiestati
3091 5175 3281 5275 devoti.
3303 5184 3450 5230 metu
3486 5170 3651 5270 soluti
3682 5169 3820 5275 siqt,

550 5304 605 5349 et
632 5294 819 5351 hostes
841 5293 1038 5349 Gallici
1075 5292 1314 5348 nominis
1337 5256 1437 5362 spe
1467 5256 1619 5346 vana,
1650 5256 1924 5343 tumentes
1953 5256 2134 5340 statim
2170 5282 2404 5344 animos,
2446 5290 2585 5348 quos
2625 5272 2983 5362 sustulerant,
3023 5265 3349 5362 demiserint
3376 5280 3392 5330 ;
3429 5259 3631 5362 .nuntlio
3662 5256 3826 5312 mala;

549 5348 747 5453 pugnae
771 5348 1218 5437 adiRocrovium
1253 5348 1613 5435 consternati.
1638 5375 1682 5431 Ο
1711 5376 1854 5431 diem
1884 5373 2046 5430 nobis
2090 5371 2216 5428 albo
2244 5367 2540 5453 notandum
2583 5361 2767 5453 lapillo
2790 5358 2868 5453 lno
2901 5357 3044 5453 diem
3087 5348 3677 5453 infaustum-hostibtts
3696 5354 3825 5453 't'an-i

551 5432 1457 5538 im‘dawclaideienim
1501 5464 1760 5535 Hispanis
1806 5463 1862 5518 in
1913 5458 2170 5517 Flandria
2203 5455 2404 5514 virium
2450 5452 2647 5515 fuerat,
2676 5448 2764 5502 illa
2789 5443 3513 5538 dimicationeprostratum
3554 5432 3820 5538 est-.‘Hac

552 5557 742 5613 Gallus
769 5571 947 5628 pugna
973 5519 1116 5612 edita
1140 5519 1351 5627 posteri
1381 5519 1644 5624 temporis
1671 5519 2017 5607 securitatem
2047 5545 2302 5616 concepit
2330 5560 2343 5597 :
2371 5540 2656 5628 Hispanus
2671 5543 2855 5590 autem
2889 5527 3348 5628 pridemiﬁducia:
3376 5539 3441 5581 ac
3478 5522 3594 5628 sp'ei
3624 5519 3825 5590 plenus

555 5611 800 5698 animum
822 5611 1004 5714 puosuit
1029 5611 1406 5713 praeferocem,
1441 5611 1578 5695 tanti
1614 5638 1897 5695 dedecoris
1926 5611 2247 5705 indignitate
2278 5629 2579 5704 perculsus.
2613 5625 2726 5680 Hoc
2749 5629 2930 5677 autem
2966 5619 3210 5714 omnium
3243 5623 3500 5714 regnator
3530 5611 3830 5708 Deusper—

576 5729 688 5784 ecit
717 5747 731 5785 :
765 5696 924 5802 cuius
972 5696 1137 5787 etiam
1162 5696 1524 5802 providentia.
1554 5725 1814 5796 Princeps
1861 5696 2249 5793 sagacissimus
2279 5696 2419 5774 'cum
2468 5715 2535 5770 ad
2591 5713 2753 5769 ﬁnem
2804 5705 3157 5765 mortalitatis
3197 5701 3505 5802 accederet,
3534 5707 3604 5802 ξι
3642 5696 3824 5752 virum

557 5787 1181 5895 Riclielio,'qui-rerum.
1201 5825 1474 5889 gestarum
1505 5815 1673 5887 gloria
1697 5787 1767 5871 et-
1784 5787 1954 5870 animi
1983 5808 2356 5882 magnitudine
2401 5809 2697 5866 humanum
2735 5797 3013 5870 fasﬁgium
3041 5799 3392 5867 excesserat,
3425 5787 3658 5848 similem
3707 5800 3817 5842 non
