4050 6420
285 371 394 435 6Ξ9
1590 405 1596 412 -
1691 374 1884 433 Pii/El

1953 363 2106 436 .TIO.
3436 379 3552 444 630

289 487 624 560 proximum,
657 485 708 537 in
737 485 980 553 partibus
1014 485 1322 554 reipublicze
1351 485 1720 554 gubernandis
1743 499 2033 558 quaereret,
2078 492 2198 558 tibi,
2228 493 2536 551 Cardinalis
2569 494 3033 558 eminentissime,
3063 507 3331 548 summam
3361 510 3540 550 rerum

287 574 582 648 permisit:
612 587 678 626 ex
704 587 814 642 quo
844 572 989 626 enim
1027 587 1214 627 curam
1247 574 1459 642 imperii
1491 574 1680 630 Gallici
1722 591 1930 633 summa
1977 566 2281 650 principum
2326 583 2692 640 consensione
2738 582 3072 645 sustinuisti,
3118 581 3294 652 palam
3341 580 3542 636 factum

290 673 402 729 est,
426 663 569 716 Deus
604 660 872 716 bellorum
902 676 1016 715 rem
1037 659 1300 716 Gallicam
1330 662 1470 716 tueri
1498 677 1561 716 ac
1583 679 1774 733 regere
1804 682 1816 718 :
1845 675 1900 721 et
1944 675 1996 721 te
2027 682 2132 723 non
2161 671 2320 726 modo
2342 670 2411 726 de
2443 670 2594 741 regni
2629 671 2829 726 finibus
2865 669 3126 735 tutandis,
3154 669 3246 724 sed
3282 669 3443 723 etiam
3478 670 3546 722 de

287 749 624 822 proferendo
663 747 816 818 plura
862 757 954 803 aut
987 747 1194 819 majora
1238 749 1290 805 in
1333 749 1452 805 dies
1481 750 1774 818 destinare.
1824 753 1931 809 Sed
1968 770 2142 826 neque
2183 758 2310 814 belli
2345 775 2475 815 cura
2521 769 2667 816 terra
2704 760 2952 829 marique
2993 760 3238 814 animum
3286 757 3544 813 invictum

286 840 496 902 obruit,
520 853 626 892 nec
667 837 1093 907 cegitationibus
1125 837 1232 893 tuis
1276 838 1343 894 de
1386 838 1584 896 litteris
1609 843 1970 910 propagandis
1995 845 2197 900 obstat.
2234 845 2359 903 llaec
2399 849 2550 918 pacis
2585 857 2907 903 ornamenta
2944 846 3131 901 colunt
3169 845 3335 910 etiam
3365 845 3457 915 qui
3486 859 3549 899 se

289 927 420 984 belli
455 926 642 996 glorias
680 925 1034 981 devoverant.
1081 923 1236 981 Licet
1257 926 1405 981 enim
1437 926 1580 982 fama
1620 943 1876 1008 prospera
1911 929 2162 988 laudibus
2194 949 2289 989 eos
2331 935 2385 988 in
2409 935 2610 990 coelum
2655 933 2881 1000 ell‘erat,
2915 933 3171 988 diuturna
3211 941 3388 988 tamen
3426 948 3550 987 esse

288 1029 400 1069 non
425 1021 627 1083 potest,
656 1012 761 1066 nisi
793 1013 903 1068 sint
925 1011 1018 1082 qui
1046 1027 1244 1068 nomen
1279 1029 1467 1068 eorum
1495 1015 1800 1083 posteritati
1832 1019 2232 1076 commendent.
2273 1021 2408 1078 Hinc
2439 1038 2588 1091 spem
2638 1022 3001 1078 certissimam
3041 1029 3417 1088 conceperant
3453 1020 3550 1090 qui

287 1103 607 1174 principum
638 1101 1030 1171 indulgentiam
1063 1100 1285 1174 ingenio
1323 1112 1624 1170 merentur,
1676 1112 1730 1160 te
1765 1104 2057 1160 Mtecenate
2095 1121 2203 1162 non
2230 1107 2513 1164 defuturos
2543 1110 2759 1164 eximia:
2804 1109 3066 1164 doctrina:
3109 1109 3279 1172 viros,
3318 1122 3550 1176 quorum

289 1190 480 1245 studio
511 1205 620 1244 non
652 1197 901 1245 senescet
926 1188 1195 1244 claritudo
1221 1204 1445 1260 operum
1469 1198 1707 1246 tuorum.
1740 1192 1871 1247 Esse
1895 1203 2075 1248 autem
2104 1195 2286 1263 plures
2309 1196 2521 1265 publice
2548 1211 2766 1266 quoque
2789 1195 3016 1252 interest
3044 1213 3058 1250 :
3085 1211 3181 1249 nec
3204 1196 3350 1249 enim
3379 1194 3551 1248 virtu-

289 1277 440 1332 tibus
483 1277 589 1330 tuis
627 1277 952 1331 enarrandis
992 1277 1098 1332 nisi
1133 1277 1314 1346 plures
1353 1276 1688 1335 suffecerint.
1729 1279 1987 1350 Equidem
2035 1282 2136 1336 hoc
2164 1298 2332 1337 unum
2373 1283 2572 1349 dicam,
2616 1283 2819 1337 nullum
2875 1283 3136 1337 hactenus
3184 1281 3386 1349 majore
3424 1280 3547 1346 title,

287 1362 604 1418 constantia
635 1369 688 1416 et
721 1363 1004 1430 prudentia
1036 1364 1186 1434 regni
1217 1363 1526 1420 ministrum
1554 1365 1768 1435 egisse;
1801 1376 1858 1419 ut
1883 1383 2072 1423 omnes
2107 1369 2277 1438 gloria
2311 1370 2393 1424 vel
2431 1384 2697 1440 mqnasse,
2735 1369 2819 1423 vel
2849 1371 3158 1424 excessisse
3193 1369 3467 1422 videaris:
3497 1381 3555 1422 et

294 1459 353 1505 ut
374 1450 620 1519 epistola:
644 1450 1025 1521 compendium
1050 1450 1266 1515 faciam,
1299 1459 1493 1503 natura
1524 1451 1651 1519 quid
1679 1449 1893 1506 efﬁcere
1919 1466 2102 1523 posset
2128 1455 2364 1526 experiri
2395 1459 2644 1525 cupiens,
2680 1457 2732 1510 in
2777 1466 2828 1511 te
2853 1497 2867 1522 ,
2895 1456 3205 1511 Cardinalis
3233 1454 3552 1509 eminentis-

295 1539 458 1604 sime,
501 1537 690 1609 gloria:
726 1537 1040 1603 materiam,
1073 1552 1236 1606 quam
1269 1537 1572 1608 quaerebat,
1608 1537 1840 1592 invenit.
1886 1536 2052 1594 Deum
2096 1555 2354 1603 veneror,
2395 1549 2452 1592 ut
2488 1555 2748 1609 prospere
2789 1555 3004 1610 semper
3053 1556 3141 1594 res
3185 1541 3280 1594 tibi
3333 1539 3553 1600 cedant,

301 1639 590 1694 seramque
630 1623 1092 1678 immortalitatem
1140 1639 1351 1693 precor,
1390 1633 1449 1678 ut
1488 1634 1596 1678 tam
1646 1625 1804 1690 felix,
1849 1640 2012 1694 quam
2047 1626 2300 1679 diuturna
2345 1626 2454 1680 vita
2492 1627 2598 1692 sit;
2632 1642 2792 1696 quam
2826 1627 2870 1680 si
2905 1643 2968 1681 ex
3000 1628 3261 1682 bonorum
3311 1627 3552 1681 omnium

309 1721 442 1766 voto
467 1710 554 1766 tibi
584 1709 730 1765 Deus
763 1705 1074 1786 indulserit,
1105 1725 1316 1780 pacem,
1338 1726 1502 1781 quam
1529 1711 1778 1779 pertinax
1805 1713 1988 1767 odium
2016 1713 2070 1767 in
2102 1712 2286 1768 Gallos
2325 1723 2574 1770 moratur
2593 1753 2608 1778 ,
2645 1714 2730 1768 vel
2769 1715 2992 1786 optimis
3019 1714 3432 1778 conditionibus
3458 1730 3554 1782 pa-

312 1796 472 1864 rabis,
505 1797 588 1852 vel
627 1796 1006 1853 saluberrimis
1045 1798 1290 1853 consiliis
1323 1799 1430 1853 tuis
1471 1797 1696 1862 etiicies,
1735 1808 1793 1852 ut
1825 1800 2061 1854 hostium
2096 1801 2470 1856 internecione
2501 1802 2661 1868 justas
2701 1789 2816 1856 irae.
2848 1789 3188 1870 parentetur.
3226 1805 3298 1855 Da
3341 1801 3553 1854 veniam

303 1873 456 1956 quod.
483 1883 774 1942 laboriosis
811 1885 1260 1955 occupationibus
1305 1886 1412 1941 tuis
1480 1887 1628 1940 abuti
1661 1887 1862 1941 videar.
1897 1885 2016 1943 Non
2057 1902 2275 1957 possum
2317 1895 2496 1943 tamen
2541 1888 2672 1943 mihi
2707 1880 3035 1958 temperare,
3069 1890 3212 1958 quin
3241 1889 3445 1958 gratias
3469 1888 3557 1940 hic

295 1969 396 2027 tibi
424 1985 616 2044 agam;
641 1972 784 2042 quod
825 1970 1073 2027 offerenti
1095 1971 1402 2027 Cedrenum
1433 1982 1486 2027 et
1516 1971 1761 2028 Nicetam
1788 1983 1897 2028 tam
1925 1974 2216 2043 benignum
2257 1981 2310 2028 te
2336 1974 2466 2028 mihi
2497 1973 2834 2039 exhibueris,
2861 1983 2916 2027 ut
2948 1975 3372 2045 magnitudinem
3410 1983 3558 2026 tuam

294 2060 550 2115 vinceres
586 2069 681 2114 :et
702 2059 956 2128 quoniam
991 2051 1153 2114 aliter
1182 2059 1388 2115 referre
1416 2075 1521 2114 non
1554 2075 1790 2131 possum,
1826 2061 1878 2116 in
1902 2061 2269 2118 testimonium
2303 2062 2511 2116 devota:
2555 2061 2653 2116 tibi
2692 2062 2894 2117 mentis
2945 2062 3049 2116 hoc
3076 2077 3211 2132 opus
3238 2063 3546 2130 qualecun-

285 2162 400 2224 que
423 2155 532 2214 cst,
568 2146 778 2202 nomini
805 2154 897 2204 tuo
919 2147 1111 2204 dedico
1137 2161 1526 2218 consecroque.

2398 2237 2712 2292 Eminentia:
2742 2236 2868 2294 Tua!
2896 2239 3264 2292 devotissimus

2431 2397 2437 2402 .
2521 2325 2784 2396 Cnosos
2824 2325 3066 2380 ANNIBAL
3095 2322 3488 2380 FABBOTUS.

1530 2675 1627 2735 LA
1640 2673 1812 2734 BBEI
1853 2673 2313 2738 PRZEFATIO.

1881 2842 1958 2856 ’ἐ

862 2949 1160 3014 Historiae
1192 2949 1922 3031 ConstantinOpOIitanae
1961 2949 2239 3014 curiosis
2280 2943 2768 3028 indagatoribus
2817 2943 2880 3005 S.
2931 2942 2998 3002 P.

373 3094 729 3166 Byzantinam
769 3092 1057 3151 historiam
1084 3093 1437 3152 multitudine
1462 3109 1652 3151 rerum
1681 3090 1987 3149 mirabilem
2007 3130 2026 3159 ,
2053 3091 2320 3149 varietate
2353 3087 2655 3160 jucundam
2675 3126 2694 3152 ,
2724 3082 3084 3142 diuturnitate
3118 3077 3379 3151 temporis
3403 3091 3560 3147 spec--

310 3165 532 3242 labilem
558 3200 626 3242 ac
653 3185 824 3242 veteri
857 3184 1116 3242 Romamn
1142 3194 1356 3242 tantum
1398 3200 1510 3242 non
1551 3199 1774 3258 parem;
1815 3191 1879 3239 ut
1905 3189 2094 3236 amant
2121 3179 2418 3248 coluntque
2465 3174 2700 3232 studiosi
2744 3187 2961 3241 omnes,
3003 3169 3080 3225 ita
3105 3167 3313 3258 libros,
3360 3165 3575 3238 quibus.

299 3271 394 3330 illa
422 3273 758 3339 continetur,
789 3273 945 3330 avide
967 3275 1213 3332 ambiunt
1235 3253 1624 3348 exoptantque.
1665 3272 1774 3330 Sed
1809 3271 2013 3327 frustra
2036 3265 2358 3337 jamdudum
2393 3263 2518 3320 illos
2555 3261 2709 3317 vacui
2744 3260 2862 3316 fere
2882 3271 3084 3348 omnes
3105 3253 3559 3348 bibliothecarum

297 3358 463 3417 foruli
493 3367 835 3432 exspectant.
865 3360 1002 3417 Cum
1023 3360 1168 3418 enim
1196 3341 1428 3418 maxima
1454 3341 1582 3432 pars
1615 3359 1880 3416 nobilium
1900 3357 2116 3413 illorum
2153 3352 2544 3410 historicorum
2578 3365 2706 3406 eum
2742 3346 2928 3403 blattis
2957 3344 3140 3432 adhuc
3180 3343 3450 3432 lineisque
3476 3341 3564 3394 lu.

279 3458 482 3504 'ctetur
505 3448 563 3504 in
595 3430 821 3520 pulvere
846 3457 900 3507 et
922 3449 1035 3506 situ
1068 3430 1572 3521 manuscriptorum
1599 3449 1893 3514 codicum;
1923 3444 2019 3517 qui
2048 3441 2179 3500 vero
2212 3442 2481 3498 hactenus
2516 3436 2778 3508 publicati
2802 3443 2950 3499 sunt,
2983 3433 3088 3521 vel
3102 3430 3298 3521 Latine
3327 3438 3560 3521 tantum,

291 3535 385 3591 vel
421 3516 620 3592 Graece
661 3545 874 3591 tantum
904 3537 1280 3608 apparuerint,
1322 3516 1380 3594 et
1406 3538 1454 3594 si
1499 3537 1593 3608 qui
1629 3536 1817 3592 Gratce
1844 3516 2004 3590 simul
2039 3545 2106 3588 ac
2139 3529 2333 3584 Latine
2359 3526 2544 3583 excusi
2587 3534 2742 3590 sunt,
2781 3522 2988 3592 dispari
3025 3518 3317 3608 admodum
3363 3516 3560 3581 forma,

295 3621 626 3680 charactere
654 3604 956 3690 dissimili,
977 3604 1214 3682 diversis
1252 3604 1571 3695 dissitisque
1597 3639 1628 3679 a
1672 3637 1734 3680 se
1769 3622 1998 3678 invicem
2035 3618 2170 3674 locis
2203 3614 2648 3686 temporibusque
2691 3609 3029 3682 prodierint;
3074 3605 3201 3695 inde
3231 3604 3434 3660 factum
3479 3610 3566 3658 cst

299 3725 507 3782 magno
538 3710 848 3768 litterarum
880 3711 1246 3781 incommodo,
1271 3713 1448 3770 dicam
1477 3693 1528 3768 et
1559 3712 1926 3768 litteratorum
1953 3708 2179 3770 damno,
2214 3704 2272 3758 in
2302 3709 2455 3757 tanta
2489 3699 2744 3772 penuria,
2771 3710 3002 3769 quaeque
3032 3693 3271 3749 indidem
3304 3701 3421 3746 orta
3455 3699 3562 3782 est,

304 3778 501 3852 talium
531 3799 794 3855 mercium
830 3799 1062 3857 caritate
1085 3778 1340 3866 maxima,
1375 3807 1438 3856 ut
1469 3799 1663 3856 beatus
1690 3799 1778 3854 ille
1807 3797 2006 3854 merito
2029 3791 2340 3852 censendus
2380 3791 2476 3852 sit.
2511 3803 2619 3845 non
2647 3787 2743 3859 qui
2765 3799 2974 3850 omnes,
3007 3783 3103 3838 sed
3129 3781 3223 3854 qui
3253 3795 3415 3852 quam
3442 3778 3566 3849 plu-

309 3884 504 3949 rimos,
528 3901 729 3957 eosque
757 3885 1031 3945 deformes
1069 3903 1134 3944 ac
1167 3903 1410 3954 mancos,
1439 3890 1632 3959 quovis
1669 3887 1847 3958 pretio
1884 3895 2205 3952 summaque
2242 3879 2520 3950 diligentia
2554 3875 2791 3964 potuerit
2819 3873 2920 3929 sibi
2963 3883 3299 3964 comparare.
3326 3867 3472 3964 liam-
3498 3867 3566 3964 ob

301 3986 530 4028 causam
557 3955 850 4044 pluresque
875 3975 1032 4041 alias,
1061 3991 1198 4046 quas
1221 3977 1401 4047 quivis
1424 3955 1584 4032 facile
1610 3955 1884 4046 conjicere
1905 3971 2127 4043 poterit,
2158 3984 2284 4025 cum
2314 3966 2477 4037 regiis
2510 3966 2655 4036 typis
2683 3962 2988 4032 eademque
3017 3955 3566 4047 omninovoluminis

279 4061 485 4116 ‘forma
523 4043 738 4128 omnes,
764 4043 1044 4134 quotquot
1074 4043 1283 4136 uspiam
1318 4066 1558 4138 gentium
1591 4043 1854 4119 hactenus
1885 4061 2017 4118 editi
2063 4064 2214 4122 sunt,
2245 4067 2300 4112 et
2340 4057 2398 4110 in
2430 4051 2780 4110 bibliothecis
2817 4048 3121 4138 Vaticana,~
3136 4043 3567 4138 Regia,‘Barbe-

294 4152 448 4216 rina,
476 4150 772 4218 Mazarina,
793 4131 1178 4224 iSeguieriana,
1208 4131 1552 4220 Memmiana,
1575 4155 1822 4220 Thuana,
1853 4153 2112 4214 Puteana,
2138 4145 2453 4210 Petaviana,
2485 4141 2710 4211 Collegii
2741 4137 3070 4195 Parisiensis
3092 4133 3382 4192 Societatis
3407 4131 3558 4215 Jcsn,

293 4239 544 4311 aliisque
574 4255 737 4319 quam
771 4241 1021 4312 plurimis
1050 4242 1280 4313 privatis
1313 4243 1654 4314 publicisque
1691 4251 1884 4298 nostro
1911 4239 2310 4303 doctorumque
2346 4231 2593 4320 virorum
2620 4226 2801 4320 studio
2816 4225 3062 4320 reperiri
3107 4229 3427 4320 potuerunt,
3461 4233 3568 4287 puv

292 4327 508 4383 blicam
549 4311 602 4381 in
638 4311 814 4383 lucem
850 4311 1103 4386 emittere
1140 4311 1860 4399 decreverimus—nobisque
1905 4325 2152 4396 quaedam
2199 4321 2493 4376 etiamnum
2526 4314 2722 4406 desint
2763 4313 2829 4366 ad
2868 4311 3166 4406 perfectam
3207 4311 3465 4406 uruntque
3497 4320 3567 4361 ex

291 4424 466 4487 parte
501 4413 806 4471 absolutam
841 4414 1153 4488 Byzantina:
1182 4417 1420 4473 historia
1459 4397 1786 4482 editionem,
1819 4427 2000 4486 operte
2038 4409 2271 4479 pretium
2303 4405 2478 4459 visum
2519 4401 2624 4457 fuit
2654 4401 2875 4456 brevem
2917 4397 3131 4488 consilii
3170 4397 3347 4488 post—ri
3401 4401 3567 4488 atque

291 4481 610 4575 apparatus
635 4481 930 4558 indiculum
964 4514 1167 4568 texere,
1194 4519 1370 4574 neque
1395 4513 1602 4560 tantum
1627 4481 1912 4573 Excerptis
1936 4499 2290 4570 legationum.
2320 4501 2567 4550 veterum
2599 4488 2986 4579 his‘flficfll‘lm}
3015 4483 3251 4579 Εειρεξευ
3275 4481 3563 4579 Ἰξξεοριξῖ·

293 4569 435 4647 lac-ti
465 4591 780 4646 Simoeatta'.
801 4590 1158 4668 historiarum
1183 4569 1335 4648 libris
1363 4602 1505 4658 octo,
1536 4608 1600 4648 ac
1622 4569 1934 4663 Nicephori,
1967 4569 2557 4649 Constantitmpolitani
2590 4575 2936 4668 patriarchae,
2969 4573 3243 4668 breviario
3293 4569 3568 4668 Chronico

291 4683 452 4750 (quin
481 4676 668 4732 omnia
709 4693 815 4732 uno
849 4678 1009 4733 simul
1051 4661 1326 4734 volumine
1353 4687 1667 4750 compacta,
1699 4659 1774 4734 ae
1798 4678 1970 4734 variis
1999 4671 2338 4729 eruditorum
2371 4669 2616 4722 virorum
2661 4663 3113 4720 annotationibus
3161 4659 3566 4715 observationi-

293 4771 524 4835 hnsqne
559 4765 628 4822 de
659 4781 797 4821 novo
828 4765 1120 4832 illustrata,
1151 4767 1312 4822 modo
1353 4767 1623 4836 prodeunt
1657 4766 1715 4821 in
1753 4765 2078 4837 publicum),
2113 4761 2278 4818 veluti
2318 4759 2589 4831 galeatum
2619 4757 2911 4828 quemdam
2943 4754 3233 4822 Prologum
3264 4751 3568 4837 pra-ligfrc,

291 4853 409 4911 sed
439 4853 607 4908 etiam
640 4853 870 4908 seorsim
895 4853 1140 4924 vulgare,
1171 4867 1234 4909 ac
1275 4853 1633 4923 undequaque
1674 4836 1772 4924 per
1807 4855 2116 4909 universam
2147 4849 2386 4904 maxime
2410 4847 2682 4914 Europam
2709 4845 3007 4911 orbemque
3043 4839 3416 4897 Christianum
3449 4836 3566 4892 dis-

295 4955 570 5013 pergere,
601 4947 662 4995 ut
706 4942 798 5011 qui
829 4941 886 4996 in
911 4939 1119 4996 dissitis
1147 4954 1179 4994 a
1211 4939 1386 4995 Gallia
1421 4940 1602 5011 regnis
1625 4940 1956 5007 remotisque
1988 4940 2288 5011 provinciis
2322 4938 2590 5002 habitant,
2619 4950 2796 5005 neque
2839 4934 2998 4990 facile
3028 4948 3116 4988 res
3147 4940 3366 4986 nostras
3399 4944 3568 4984 cona-

294 5038 512 5097 tusque
549 5028 754 5084 rescire
781 5036 1030 5099 possunt,
1061 5027 1166 5082 hoc
1199 5026 1368 5082 veluti
1404 5026 1531 5083 dato
1569 5027 1726 5098 signo
1758 5028 2094 5101 intelligant,
2121 5043 2259 5096 quos
2285 5027 2352 5083 ad
2383 5026 2524 5082 hanc
2554 5039 2728 5093 usque
2760 5023 2902 5079 diem
2939 5019 3565 5090 Constantinopolitana:

293 5115 558 5174 historiae
607 5115 905 5186 scriptores
957 5115 1236 5187 Luparteis
1287 5115 1696 5172 characteribus
1738 5115 2094 5182 ediderimus,
2144 5131 2282 5188 quos
2327 5115 2430 5171 sub
2468 5116 2636 5185 Prazlo
2678 5112 2996 5172 habeamus.
3041 5123 3290 5179 quosque
3334 5104 3569 5176 propitio

297 5209 570 5274 Numine,
601 5216 655 5263 et
681 5206 1048 5278 aspirantibus
1081 5207 1267 5263 favore
1301 5222 1401 5262 suo
1417 5216 1580 5277 atque
1609 5206 1950 5262 humanitate
1974 5204 2134 5261 bonis
2156 5203 2432 5270 omnibus,
2461 5200 2719 5258 omissuri
2751 5199 3007 5267 deinceps
3033 5197 3225 5253 simus.
3251 5193 3565 5265 Agitedunh

297 5295 415 5351 viri
434 5310 535 5364 per
560 5295 749 5352 orbem
782 5295 1092 5352 universum
1116 5294 1338 5351 litterati
1368 5293 1782 5364 litterarumque
1815 5302 2063 5349 amantes
2087 5307 2152 5347 ac
2181 5290 2385 5362 gloriae,
2417 5287 2717 5358 expromite
2747 5285 3011 5356 quidquid
3043 5284 3187 5354 apud
3220 5296 3314 5336 vos
3349 5279 3476 5334 latet
3508 5279 3568 5330 ὲν

299 5381 654 5452 κειμηλίοις,
675 5381 911 5439 excutite
927 5383 1138 5453 pluteos
1155 5381 1629 5447 bibliothecarum,
1648 5381 1876 5449 angulos
1899 5381 2240 5448 scrutamini,
2264 5393 2464 5434 musaea
2484 5376 2911 5462 circumspicite,
2937 5376 3141 5430 amicos
3166 5369 3569 5462 familia-resque

304 5481 535 5525 vestros
560 5479 799 5538 monete,
821 5479 1032 5542 urgete,
1065 5469 1323 5541 impellite
1358 5485 1374 5523 :
1406 5476 1461 5525 et
1488 5468 1535 5524 si
1564 5467 1708 5544 forte
1734 5469 1865 5539 quid
1888 5470 1957 5524 ad
1987 5469 2294 5525 institutum
2329 5475 2580 5521 nostrum
2604 5455 3072 5520 accommodatum
3103 5458 3246 5544 nacti
3277 5455 3433 5518 estis,
3471 5463 3568 5508 aut

305 5557 523 5614 mittite
562 5558 727 5624 illico,
764 5560 812 5616 si
847 5567 957 5614 tam
1002 5573 1274 5631 propensa
1319 5558 1375 5612 in
1405 5543 1569 5612 vobis
1590 5557 1884 5612 elllorescit
1925 5557 2236 5612 immanitas
2265 5569 2329 5609 ac
2361 5555 2426 5609 de
2465 5553 2664 5608 litteris
2699 5552 2837 5606 bene
2873 5545 3117 5602 merendi
3161 5543 3440 5604 voluntas,
3475 5548 3571 5593 aut

306 5648 513 5701 saltem
549 5646 773 5718 scriptis
806 5646 862 5702 in
893 5647 1039 5703 hanc
1074 5647 1264 5703 urbem
1288 5645 1489 5702 litteris
1521 5645 1587 5699 ad
1629 5643 2010 5700 Sebastianum
2050 5642 2334 5712 Cramoisy
2356 5684 2370 5707 ,
2403 5639 2953 5710 architypographum
2991 5632 3195 5703 regium
3229 5639 3283 5684 et
3320 5640 3570 5700 typogra-

306 5735 458 5800 phia:
482 5735 650 5804 regia:
671 5745 1000 5802 curatorem,
1023 5737 1230 5794 aliosve
1251 5736 1404 5790 vobis
1427 5743 1586 5790 notos
1605 5749 1668 5788 ac
1701 5733 2019 5797 familiares,
2050 5732 2265 5789 consilii
2294 5730 2458 5785 vestri
2486 5726 2934 5794 liberalitatisque
2957 5723 3219 5778 rationem
3244 5719 3568 5790 signiﬁcate.

308 5820 430 5879 Hoc
454 5824 601 5881 enim
642 5839 935 5897 possumus
972 5824 1241 5891 nolliccri,
1273 5822 1408 5879 tanti
1441 5819 1688 5878 beneﬁcii
1727 5818 2106 5890 benefactique
2145 5813 2488 5883 memoriam,
2517 5812 2682 5884 regiis
2730 5809 2870 5879 typis
2908 5821 3256 5880 expressam,
3299 5813 3413 5863 toto
3438 5804 3571 5860 orbe
