4050 6460
506 346 607 414 631
1531 358 1926 418 excusem
1968 356 2065 419 DE
2105 354 2690 420 LEGATIONIBUS.
2840 312 2847 317 ⁷
3658 364 3769 431 632

509 465 857 536 vulgandam,
891 476 946 523 et
983 467 1126 538 apud
1153 478 1403 539 posteros
1434 483 1626 524 omnes
1658 470 1851 539 quovis
1889 484 2162 527 marmore
2207 478 2368 541 atque
2396 485 2505 527 aere
2548 470 2840 541 perennius
2868 471 3211 528 duraturam.
3245 470 3430 545 Neque
3463 477 3608 533 enim
3640 496 3769 549 per-

514 553 797 609 mittemus
831 569 1096 625 unquam,
1130 565 1190 610 ut
1229 555 1389 611 ullius
1417 570 1613 612 nomen
1642 556 1900 612 oblivioni
1933 556 2107 622 detur,
2141 558 2231 629 qui
2263 557 2568 615 laudabiles
2600 568 2832 616 conatus
2852 570 3097 626 nostros,
3124 560 3331 632 totique
3352 564 3663 634 reipublicae
3687 568 3770 625 lit-

509 641 723 698 terariae
744 643 1185 713 perhonoriﬁcus
1213 643 1372 714 juxta
1411 658 1476 700 ac
1497 643 1768 701 salutares
1802 657 2129 715 promovere
2159 644 2243 701 vel
2277 643 2470 701 leviter
2501 646 2817 702 tentaterit.
2846 644 3054 703 Valete.

576 755 801 812 Lutetiae
832 754 1182 827 Parisiorum,
1211 770 1242 813 e
1276 754 1506 826 collegio
1534 754 1960 814 Claromontano
1989 753 2106 812 Soci

507 841 880 899 MDCXLVIII.

2174 755 2279 813 stis
2318 753 2483 823 Iesu,
2511 755 2768 814 Calendis
2791 755 3074 816 Januariis
3107 758 3237 814 anni
3276 773 3400 818 terte
3439 761 3770 825 Christiana:

1788 996 1806 1008 ..
1944 1026 1952 1035 .
2215 952 2463 1009 Omnium
2497 968 2675 1009 servus
2714 954 2999 1010 inCIrristu
3040 957 3542 1029 obsequentissimus

643 1048 679 1058 “
1254 1056 1308 1067 -.ι
1370 1049 1414 1067 ω
1469 1049 1478 1066 ν
1596 1057 1625 1066 γι
1687 1058 1697 1064 .
1768 1056 1782 1064 ν.

1133 1142 1137 1147 ο
1167 1140 1177 1150 .'
1219 1135 1258 1150 ιο
1309 1136 1323 1149 ν
1894 1125 1901 1131 ’

1768 1056 1782 1064 γ’
1894 1125 1901 1131 ,
2454 1064 2735 1125 PHILIPPUS
2756 1063 2981 1124 LABBE
3016 1067 3143 1128 Soc.
3175 1067 3320 1127 Iesu.

1810 1160 1832 1186 Α
1899 1165 1919 1185 Α
1998 1173 2009 1185 ι

2174 1246 2206 1297 ,ν
2339 1251 2456 1287 8/.

1484 1408 1926 1476 DEDICATIO
1966 1411 2381 1476 EDITIONIS
2427 1413 2800 1478 VENET/E.

1007 1702 1308 1787 Philippo
1340 1709 1414 1785 V,
1460 1709 1913 1790 Hispaniarum
1959 1712 2121 1792 regi,
2166 1712 2497 1776 catholicae
2524 1711 2867 1792 religionis
2898 1710 3229 1775 assertori.

561 1864 620 1922 Si
665 1866 811 1937 quod
851 1879 987 1938 opus
1017 1865 1345 1925 litterarium
1378 1876 1485 1931 est,
1515 1865 1766 1938 Philippe
1801 1881 1896 1923 rex
1937 1870 2197 1937 maxime,
2247 1870 2393 1942 quod
2428 1869 2594 1940 regiis
2638 1868 2903 1941 auspiciis
2949 1868 3174 1939 dignum
3219 1864 3492 1932 videatur,
3538 1881 3645 1922 una
3676 1877 3765 1926 est

490 1948 721 2005 historia
754 1947 1077 2020 Byzantina,
1106 1964 1227 2021 quae
1278 1948 1651 2021 magnitudine
1678 1949 1841 2006 molis
1870 1958 1927 2006 et
1953 1965 2139 2008 rerum
2167 1957 2489 2028 praestantia
2533 1973 2640 2015 non
2686 1957 2847 2024 liber,
2895 1957 2991 2013 sed
3032 1956 3365 2011 bibliotheca
3401 1954 3509 2010 dici
3550 1963 3758 2025 potest.

488 2032 678 2107 Itaque
707 2051 869 2094 nemo
891 2037 1200 2104 mirabitur,
1233 2052 1341 2103 me,
1377 2038 1468 2107 qui
1498 2051 1612 2091 rem
1651 2045 1855 2093 tantam
1886 2039 2194 2108 aggredior,
2232 2051 2494 2111 quantam
2524 2056 2595 2097 ne
2627 2042 2759 2111 ipsae
2787 2041 3013 2113 quidem
3043 2042 3111 2095 ad
3142 2041 3288 2096 hunc
3322 2039 3465 2095 diem
3496 2048 3752 2112 typogra-

487 2122 724 2192 phorum
753 2124 1047 2182 societates
1070 2124 1231 2195 longe
1257 2123 1543 2179 ditissima:
1570 2138 1718 2179 ausa:
1742 2131 1890 2189 sunt,
1936 2127 2156 2182 conatui
2187 2142 2371 2199 parem
2407 2128 2672 2194 quaesisse
2704 2128 3004 2198 auspicem.
3044 2127 3233 2183 Sentio
3277 2128 3563 2184 enimvero
3592 2128 3765 2198 regia:

487 2215 793 2286 maiestatis
824 2216 1205 2274 celsitudinem
1231 2234 1247 2285 ;
1275 2216 1372 2273 sed
1393 2229 1499 2271 non
1523 2223 1635 2271 tam
1664 2231 1750 2273 me
1781 2214 1869 2269 illa
1892 2214 2152 2278 deterret,
2184 2229 2347 2284 quam
2366 2214 2701 2284 indulgentia
2728 2215 2919 2283 allicit,
2944 2230 3071 2285 quae
3098 2229 3327 2285 magnos
3355 2229 3511 2284 reges
3533 2228 3763 2283 semper

486 2305 749 2359 comitata
774 2312 875 2361 est.
906 2303 1228 2374 Quicunque
1276 2313 1465 2360 autem
1493 2317 1595 2373 ego
1628 2302 1754 2369 sim,
1776 2317 1889 2358 non
1920 2315 2008 2358 me
2038 2301 2278 2371 quidem,
2312 2301 2410 2359 sed
2443 2316 2700 2373 magnam
2729 2302 2872 2358 hanc
2917 2303 3252 2373 scriptorum
3278 2302 3757 2358 nobilissimorum

483 2399 758 2446 catervam
793 2399 1044 2460 spectare
1068 2391 1267 2457 debes;
1299 2405 1420 2461 quae
1444 2389 1597 2456 olim,
1633 2403 1756 2445 cum
1780 2389 2015 2459 primum
2043 2387 2307 2460 prodiret,
2340 2388 2605 2446 Ludovici
2630 2388 2837 2461 Magni,
2864 2389 2949 2444 avi
2979 2390 3077 2456 tui,
3102 2389 3357 2461 praesidio
3378 2389 3613 2445 feliciter
3633 2404 3764 2457 usa,

481 2491 630 2535 nunc
656 2492 722 2534 eo
745 2478 979 2545 sublato,
1006 2480 1100 2549 qui
1126 2493 1287 2550 supra
1319 2477 1710 2533 mortalitatem
1746 2477 1958 2547 positus
1982 2474 2291 2543 videbatur,
2326 2476 2396 2532 ad
2436 2483 2715 2547 nepotem,
2743 2484 3018 2531 tantarum
3042 2477 3302 2531 virtutum
3340 2476 3635 2543 baeredem,
3659 2491 3767 2534 sua

481 2574 616 2622 vota
631 2565 919 2623 convertit.
955 2565 995 2620 Α
1026 2565 1181 2621 Gallo
1209 2580 1375 2637 porro
1402 2564 1469 2619 ad
1498 2563 1801 2637 Hispanum
1842 2564 2042 2621 transit
2077 2566 2349 2623 fortunam
2382 2566 2803 2637 ampliﬁcatura,
2835 2579 2947 2621 non
2978 2573 3273 2620 mutatura.
3309 2565 3393 2620 Tu
3418 2564 3564 2620 enim
3596 2564 3644 2620 is
3674 2579 3764 2633 es,

481 2653 575 2724 qui
606 2652 743 2711 duas
772 2653 871 2709 has
902 2650 1313 2710 florentissimos
1343 2652 1593 2710 nationes
1625 2651 1819 2721 glorise
1843 2654 2195 2711 contentione
2220 2653 2434 2726 jamdiu
2474 2663 2777 2719 certantes,
2809 2662 2886 2719 et,
2918 2653 3064 2724 quod
3099 2654 3477 2723 consequitur,
3516 2650 3768 2724 ingeniis

481 2740 786 2810 studiisque
812 2740 1076 2810 dispares,
1113 2739 1416 2796 incredibili
1460 2740 1695 2810 quadam
1726 2755 1790 2796 ac
1819 2755 1990 2811 prope
2026 2742 2210 2798 divina
2247 2741 2535 2814 prudentia
2568 2741 2909 2808 conciliasti;
2943 2750 3000 2796 et
3030 2740 3083 2795 in
3125 2748 3205 2795 tot
3232 2740 3510 2810 tantisque
3540 2740 3762 2811 longis-

456 2828 462 2863 ‘
495 2828 622 2883 simi
654 2842 719 2884 ae
753 2827 1199 2898 periculosissimi
1225 2826 1357 2883 belli
1398 2826 1868 2884 vicissitudinibus
1903 2827 2156 2896 ell'ecisti,
2184 2839 2244 2885 ut
2281 2845 2382 2886 nec
2416 2829 2558 2884 Galli
2602 2829 2709 2884 nisi
2742 2829 2809 2883 de
2836 2827 3114 2899 Hispanis,
3159 2841 3259 2883 nec
3292 2826 3520 2897 Hispani
3548 2826 3658 2883 nisi
3687 2827 3766 2885 de

483 2914 656 2972 Gallis
693 2914 914 2971 solliciti
944 2924 1149 2971 essent.
1178 2913 1334 2971 Nunc
1371 2914 1536 2971 rebus
1558 2914 1642 2970 vel
1670 2914 2013 2985 compositis,
2044 2915 2130 2972 vel
2173 2931 2315 2987 pene
2355 2916 2699 2987 compositis,
2732 2924 2787 2973 et
2809 2915 3137 2972 immutabili
3175 2928 3308 2985 pace
3346 2914 3603 2981 ﬁrmatis,
3623 2915 3763 2985 quid

481 3010 569 3058 est
596 3001 886 3079 reliquum,
913 3002 1017 3059 nisi
1049 2989 1107 3058 ul
1133 3010 1280 3059 artes
1311 3017 1373 3058 ac
1409 3001 1725 3077 disciplinas
1755 3001 1821 3057 ad
1849 3002 2173 3073 populorum
2218 3013 2436 3061 tuorum
2470 3006 2789 3062 felicitatem
2815 3005 3178 3076 promoveas?
3213 3002 3402 3074 Regno
3442 3011 3551 3058 tam
3579 3001 3753 3074 longe

479 3090 699 3160 lateque
726 3090 846 3147 fuso
872 3106 1143 3162 nunquam
1165 3089 1393 3147 deerunt
1421 3106 1553 3162 opes
1578 3110 1590 3145 :
1616 3091 1735 3159 sed,
1760 3092 1903 3162 quod
1930 3107 2062 3163 opes
2088 3093 2236 3163 ipsas
2275 3107 2470 3163 regere
2492 3102 2674 3165 potest
2696 3102 2752 3149 et
2772 3094 2840 3149 ad
2866 3092 3089 3147 humani
3120 3089 3339 3160 generis
3362 3104 3517 3145 usum
3540 3103 3761 3146 accom-

478 3177 726 3244 modare,
751 3188 955 3235 rectum
979 3181 1044 3236 de
1072 3179 1234 3236 rebus
1256 3180 1513 3235 omnibus
1536 3180 1828 3251 judicium,
1856 3194 1886 3234 a
1904 3179 2214 3236 litterarum
2244 3181 2444 3239 studiis
2470 3181 2745 3252 proficisci
2768 3181 2953 3248 debet,
2984 3180 3288 3235 litterarum
3321 3178 3503 3235 studia
3524 3193 3553 3233 a
3580 3178 3756 3234 libro—

476 3281 602 3322 rum
643 3277 697 3323 et
730 3252 1075 3324 libraliorum
1120 3267 1307 3324 tutela.
1353 3268 1530 3323 Debes
1568 3268 1673 3323 hoc
1708 3268 1907 3324 divina
1949 3268 2333 3339 providentiae,
2376 3284 2498 3341 quat
2534 3272 2757 3325 domum
2801 3278 2952 3325 tuam
3002 3283 3166 3338 supra
3230 3266 3472 3337 reliquos
3511 3264 3748 3335 Europae

478 3356 757 3428 principes
799 3356 1159 3428 pulcherrima
1209 3356 1363 3427 prole
1394 3356 1696 3423 fortunare
1734 3356 1947 3423 voluit;
1991 3365 2050 3412 ut
2081 3356 2193 3426 jam
2225 3371 2333 3413 non
2372 3357 2537 3413 modo
2568 3357 2814 3428 Hispano
2858 3370 3026 3428 regno
3069 3356 3122 3411 in
3153 3369 3332 3411 seram
3365 3352 3748 3426 posteritatem

479 3445 776 3502 ssﬂ‘ectura
801 3446 1088 3514 videatur,
1124 3446 1225 3503 sed
1258 3446 1488 3502 aliarum
1525 3460 1740 3518 quoque
1779 3446 2185 3517 provinciarum
2221 3459 2375 3515 spem
2415 3453 2474 3501 et
2505 3444 2971 3516 exspectationem
3010 3450 3375 3499 commoveat.
3422 3440 3540 3496 Non
3588 3448 3753 3510 potes

476 3532 686 3604 ingenti
723 3534 849 3590 huic
893 3534 992 3591 Dei
1017 3542 1131 3605 opt.
1178 3546 1327 3590 max.
1365 3534 1631 3591 beneﬂcio
1665 3535 1845 3605 aptius
1884 3535 2239 3606 respondere,
2282 3548 2448 3605 quam
2489 3535 2536 3591 si
2575 3544 2629 3590 tu
2665 3547 2902 3605 quoque,
2933 3530 3190 3601 exemplo
3230 3530 3372 3601 ejus,
3416 3527 3747 3585 mortalibus

475 3618 827 3688 benefaci'as;
857 3622 911 3677 in
940 3637 1115 3693 eoque
1147 3622 1385 3679 maxime
1411 3623 1722 3679 benefacias
1748 3663 1764 3689 ,
1796 3623 1850 3679 in
1876 3638 1983 3694 quo
2010 3632 2291 3694 appareat,
2322 3630 2657 3693 quantopere
2681 3620 3023 3691 privatorum
3056 3616 3310 3675 tenuitati
3366 3615 3517 3687 regia
3544 3614 3752 3686 ampli-

478 3707 613 3765 tudo
664 3710 961 3782 praecellat.
994 3713 1098 3766 Ars
1127 3712 1242 3767 haec
1271 3720 1481 3777 nostra,
1513 3711 1891 3783 philosophia,
1925 3711 2231 3781 theologica,
2263 3711 2405 3767 sacri
2460 3710 2747 3780 civilisque
2770 3709 2915 3780 juris
2958 3708 3232 3777 totiusque
3267 3704 3550 3776 sapientia:
3577 3702 3754 3759 admi-

478 3798 678 3865 nistra,
706 3799 933 3867 privatis
960 3799 1156 3869 opibus
1179 3808 1237 3854 et
1272 3798 1516 3855 consiliis
1543 3809 1689 3855 stare
1719 3801 1908 3870 nequit
1936 3816 1950 3853 :
1985 3813 2083 3855 nec
2113 3815 2240 3856 vero
2263 3813 2366 3870 ego
2398 3806 2507 3853 tam
2534 3797 2726 3868 ingens
2752 3811 2889 3866 opus
2914 3809 3135 3851 movere
3167 3807 3332 3849 ausus
3359 3802 3568 3855 essem,
3594 3791 3641 3848 si
3677 3790 3750 3847 de

475 3900 567 3940 me
597 3886 975 3943 tantummodo
1006 3886 1354 3958 cegitassem.
1383 3886 1441 3941 in
1475 3888 1840 3943 humanarum
1878 3902 2060 3943 rerum
2086 3887 2301 3960 fastigia
2328 3885 2516 3943 oculos
2542 3895 2888 3959 mentemque
2916 3883 3127 3955 cenjeci
3154 3899 3169 3948 ;
3196 3891 3251 3938 et
3285 3881 3428 3952 quod
3462 3881 3514 3936 in
3542 3880 3752 3951 primis

477 3970 612 4027 mihi
644 3973 962 4045 praefuigere
990 3974 1167 4029 visum
1204 3982 1310 4041 est,
1343 3988 1409 4029 eo
1445 3982 1712 4045 tanquam
1758 3975 1961 4039 sidere.
1993 3975 2139 4047 quod
2182 3974 2422 4031 faustum
2460 3971 2913 4043 fortunatumque
2957 3980 3139 4037 esset,
3181 3970 3362 4025 moliri
3396 3968 3563 4038 coepi.
3596 3967 3755 4024 Ades

480 4057 649 4129 igitur
690 4059 897 4114 homini
937 4059 1020 4131 (ut
1055 4069 1304 4116 veterum
1339 4058 1703 4131 Hispanorum
1746 4075 1898 4117 more
1931 4061 2145 4134 loquar)
2185 4064 2383 4118 devoto
2422 4060 2639 4117 numini
2679 4059 3064 4130 maiestatique
3123 4068 3267 4127 tuae;
3296 4056 3751 4129 industriamque

480 4157 658 4203 meam
679 4145 734 4209 in
769 4160 829 4205 re
859 4155 969 4204 tam
992 4146 1146 4227 gravi
1176 4156 1506 4220 occupatam
1529 4149 1685 4223 regio
1711 4149 1934 4207 nomine
1957 4158 2098 4222 tege,
2119 4149 2363 4220 auspicio
2389 4147 2534 4216 l‘ove,
2559 4149 2814 4221 prasidio
2842 4157 3111 4205 sustenta.

1874 4281 2328 4345 Banruonouzus
2359 4278 2722 4349 JAVARINA,
2759 4278 3156 4353 Typographus
3176 4276 3441 4337 Venetus.
