4050 6474
308 448 3579 517 .Wm

873 654 1268 782 ΠΕΡΙ
1343 634 2215 789 ΠΡΕΣΒΕΩΝ
2286 659 3053 799 ΡΩΜΑΙΩΝ

1310 897 1728 1014 ΠΡΟΣ
1801 900 2588 1020 ΕΘΝΙΚΟΥΣ

346 1103 575 1159 ΟΣΟΥΣ
633 1104 987 1168 ΕΔΕΞΑΝΤΟ
1025 1110 1357 1166 ΠΡΕΣΒΕΙΣ
1393 1112 1735 1167 ΒΑΣΙΛΕΩΝ
1785 1114 2098 1170 ΡΩΜΑΙΩΝ
2139 1116 2461 1180 ΕΘΝΙΚΟΙ,
2502 1117 2625 1171 ΚΑΙ
2667 1118 2827 1191 ΠΟΙῼ
2864 1119 3177 1176 ΣΧΗΜΛΤΙ
3221 1122 3543 1177 ΤΟΥΤΟΥΣ

1273 1202 1661 1271 ΕΔΕΞΔΝΤΟ,
1702 1207 1824 1261 ΚΑΙ
1864 1207 2027 1261 ΜΕΘ*
2068 1208 2318 1263 υΠΟΙΑΣ
2353 1207 2604 1265 ΔΟΧΗΣ.

1018 1533 1202 1651 DE
1278 1534 1888 1654 LEGATIS
1971 1539 2887 1664 ROMANORUM

1592 1776 1744 1867 AD
1817 1777 2278 1873 GENTES

353 1965 519 2027 quos
552 1964 844 2019 uacuos
876 1964 1344 2017 IMPERATOBUM
1377 1963 1787 2017 ROMANORUM
1819 1967 2066 2019 GENTES
2096 1967 2511 2033 ADMISERINT,
2546 1973 2677 2034 oua
2711 1972 2936 2029 roum
2977 1976 3097 2031 EOS
3128 1977 3558 2044 EXCEPERINT,

1173 2048 1255 2100 ET
1289 2048 1438 2110 QUAE
1471 2047 1535 2099 1N
1569 2049 2206 2107 lLLlSADMlTTENDlS
2241 2055 2717 2113 OBSERVARiNT.

898 2318 1307 2392 IIPOOIMION.

384 2442 549 2498 Ὅσοι
592 2439 707 2496 τῶν
750 2439 924 2496 πάλαι
969 2441 1102 2496 ποτε
1133 2440 1402 2512 βασιλέων
1429 2458 1491 2495 τε
1534 2441 1631 2495 καὶ
1672 2441 1898 2497 ἰδιωτῶν

315 2536 391 2606 μὴ
434 2534 531 2588 τδν
568 2533 696 2589 νοῦν
742 2531 1141 2605 παρεσύρησαν
1191 2533 1407 2604 ἡδοναῖς
1454 2533 1488 2603 ἦ
1519 2532 1897 2604 κατεμαλακί-

313 2626 555 2697 σθησαν,
608 2624 745 2679 ἀλλὰ
781 2623 844 2678 τδ
873 2623 976 2695 τῆς
1045 2624 1224 2696 ψυχῆς
1277 2623 1501 2693 εὐγενὲς
1566 2625 1900 2697 ἀκηλίδωτον

309 2720 487 2790 ἀρετῇ
524 2718 926 2790 συνετήρησαν,
965 2710 1114 2771 οὗτοι
1136 2716 1224 2788 δὴ,
1258 2710 1404 2771 οὗτοι
1434 2716 1530 2771 καὶ
1566 2717 1753 2781 πόνοις
1798 2718 1886 2771 ἑν-

311 2810 702 2881 εκαρτᾶρησαν
754 2810 851 2864 καὶ
881 2808 1064 2880 λόγοις
1104 2809 1566 2881 ὲνησχολήθησαν,
1609 2810 1707 2864 καὶ
1738 2810 1901 2875 ἄλλος

310 2902 440 2956 ἄλλο
472 2918 547 2966 τι,
592 2900 703 2954 τῶν
736 2901 852 2955 ὅσοι
896 2900 1262 2973 λογικώτερον
1305 2902 1322 2933 ¹
1368 2902 1678 2958 ἐπεϐίωσαν
1702 2945 1717 2971 ,
1763 2920 1897 2958 παι-

315 2993 464 3056 δείας
520 2992 754 3063 ἐρασταὶ
807 2992 1095 3063 γεγονότες
1156 2993 1577 3064 σπουδαιότερόν
1611 3010 1736 3048 τινα
1772 3011 1899 3048 συνο

322 3084 644 3155 εγράψαντο,
679 3084 838 3139 τοῦτο
878 3085 980 3155 μὲν
1003 3085 1101 3156 τῆς
1145 3083 1298 3155 σφῶν
1338 3084 1520 3139 αὐτῶν
1557 3085 1899 3157 πολυμαθίας

317 3177 514 3248 δεῖγμα
541 3176 772 3249 ἔναργὲς
805 3178 918 3241 τοῖς
944 3178 1242 3247 μετέπειτα
1263 3176 1586 3232 καταλιπεῖν
1619 3178 1900 3249 ἱμειρόμε-

311 3288 413 3335 νοι,
450 3271 613 3324 τοῦτο
640 3270 698 3324 δὲ
728 3270 824 3324 καὶ
853 3269 1113 3325 εὔκλειαν
1134 3270 1464 3340 ἀείμνηστον
1514 3270 1579 3323 εκ
1605 3270 1715 3323 τῶν
1745 3271 1899 3324 ὲντυ-

309 3361 634 3431 γχανόντων
662 3359 1063 3432 καρπώσασθαι
1105 3359 1404 3432 μνώμενοι.
1443 3362 1599 3416 Ἐπελ¹
1627 3362 1683 3416 δὲ
1706 3363 1770 3416 ἐκ
1799 3363 1898 3432 τῆς

307 3453 421 3508 τῶν
474 3452 749 3508 τοσούτων
788 3451 928 3506 ἑτῶν
964 3452 1305 3523 περιδῳμῆς
1363 3453 1596 3507 ἄπλετόν
1625 3471 1677 3507 τι
1708 3453 1899 3524 χρῆμα

309 3545 405 3599 καλ¹
434 3545 785 3616 πραγμάτων
837 3543 1085 3613 ἐγίγνετο
1137 3544 1235 3598 καὶ
1291 3544 1468 3614 λόγων
1496 3545 1777 3607 ἐπλέκετο.
1811 3548 1898 3597 ἐπ’

310 3637 543 3708 ἄπειρόν
569 3652 631 3689 τε
660 3636 756 3689 καὶ
791 3636 1080 3705 ἀμήχανον
1127 3637 1160 3706 ή
1212 3638 1313 3707 τῆς
1343 3636 1587 3708 ἱστορίας
1636 3636 1895 3709 εὐρύνετο
1927 3673 1970 3732 Β

315 3728 633 3798 συμπλοκὴ,
672 3726 780 3781 ἔδει
829 3726 887 3779 δὲ
928 3727 1392 3799 ὲπιῤῥεπέστερον
1429 3728 1566 3800 πρὸς
1608 3727 1678 3782 τὰ
1728 3729 1897 3799 χείρω

319 3819 420 3889 τὴν
451 3819 557 3872 τῶν
586 3818 893 3890 ἀνθρώπων
920 3818 1246 3891 προαίρεσιν
1276 3818 1659 3890 μετατίθεσθαι
1688 3818 1902 3889 χρόνοις

324 3911 570 3984 ὕστερον,
618 3911 716 3965 καὶ
753 3911 1033 3981 ὀλιγώρως
1090 3909 1237 3982 ἔχειν
1295 3910 1433 3982 πρὸς
1478 3909 1548 3964 τὰ
1576 3909 1761 3977 καλὰ,
1806 3909 1902 3964 καὶ

312 4005 691 4077 ῥᾳθυμότερον
744 4003 1051 4059 διακεῖσθαι
1112 4003 1251 4075 πρὸς
1293 4002 1393 4074 τὴν
1435 4003 1544 4057 τῶν
1578 4003 1901 4074 φθασάντων

309 4095 569 4163 γενέσθαι
604 4094 950 4165 κατάληψιν,
999 4095 1230 4149 κατόπιν
1267 4094 1562 4165 γινομένης
1610 4094 1710 4166 τῆς
1765 4094 1901 4164 ἀλη-

306 4184 443 4250 θοῦς
494 4184 829 4252 ὲπιτὲύξεως
858 4226 874 4252 ,
915 4184 991 4249 ὡς
1036 4184 1291 4239 ἐντεῦθεν
1331 4184 1528 4257 ἁδηλία
1579 4184 1906 4249 σκιάζεσθαι,

303 4275 408 4348 τὴν
443 4278 547 4347 τῆς
590 4276 837 4347 ἱστορίας
876 4275 1190 4346 ὲφεύρεσιν,
1221 4279 1298 4347 πῆ
1330 4276 1431 4348 μὲν
1466 4276 1660 4330 σπάνει
1698 4275 1899 4346 βίϐλων

300 4369 637 4439 ὲπωφελῶν,
657 4369 734 4439 πῆ
767 4369 823 4424 δὲ
849 4368 987 4442 πρὸς
1020 4370 1118 4439 τὴν
1148 4368 1385 4439 ἐκτάδην
1418 4368 1747 4438 πολυλογίαν
1784 4369 1897 4423 δειο

304 4460 622 4531 μαινόντων
658 4462 754 4516 καὶ
796 4460 1306 4533 κατορρωδούντων·
1363 4461 1392 4513 ὁ
1449 4460 1549 4531 τῆς
1599 4461 1893 4532 πορφύρας

300 4552 581 4622 ἀπόγονος
624 4553 1063 4617 Κωνσταντίνος,
1101 4552 1131 4605 δ
1162 4551 1573 4624 όρθοδοξότατος
1621 4553 1717 4607 καὶ
1761 4553 1897 4624 Χρι-

303 4642 740 4707 στιανικώτατος
785 4645 895 4698 τῶν
950 4642 1173 4697 πώποτε
1242 4643 1731 4715 βεϐασιλευκότων,
1767 4642 1895 4709 ὀξυ-

299 4734 629 4805 ωπέστερον
650 4733 787 4803 πρὸς
816 4732 917 4806 τὴν
949 4732 1058 4788 τῶν
1108 4733 1288 4788 καλῶν
1322 4734 1657 4804 κατανόησιν
1687 4734 1896 4789 διακεί-

301 4841 477 4896 μενος
526 4824 623 4878 καὶ
654 4824 982 4897 δραστήριον
1023 4825 1275 4896 ἐσχηκὼς
1311 4824 1460 4891 νοῦν,
1502 4824 1685 4895 ἔκρινε
1714 4826 1890 4897 βέλει·

301 4928 435 4966 στον
471 4908 615 4967 εῖναι
671 4911 768 4966 καὶ
824 4912 1179 4982 κοινωφελὲς,
1209 4913 1289 4985 τῷ
1314 4931 1373 4967 τε
1409 4913 1512 4985 βίῳ
1540 4914 1891 4985 ὀνησιφόρον,

1930 2340 1980 2401 Δ

2572 2339 2996 2404 ΡΒΟαΞΜΙυΗ.

2079 2444 2124 2514 ι
2158 2443 2481 2518 Quicunque
2500 2444 2629 2503 olim
2672 2462 2827 2518 reges
2870 2458 2964 2505 aut
2986 2448 3183 2519 privati
3214 2459 3452 2508 mentem
3482 2465 3587 2506 vo—

2001 2533 2298 2609 luptatibus
2331 2552 2439 2593 non
2484 2538 2851 2607 depravarunt
2893 2548 2989 2595 aut
3025 2540 3433 2604 emolliverunt,
3488 2541 3587 2597 sed

2002 2627 2247 2683 lunatam
2276 2627 2478 2697 ingenii
2507 2629 2634 2695 vim,
2666 2630 2808 2684 nulla
2835 2629 2955 2685 labe
2980 2645 3282 2700 aspersam,
3315 2631 3590 2701 integram

2003 2718 2205 2775 virtuti
2231 2729 2611 2787 reservarunt,
2636 2719 2737 2786 illi,
2770 2718 2870 2788 illi,
2919 2722 3168 2792 inquam,
3212 2720 3425 2777 labores
3462 2736 3587 2792 per.-

2005 2810 2243 2866 tulerunt
2274 2821 2330 2867 et
2372 2811 2479 2867 arti
2529 2812 2742 2867 dicendi
2791 2814 3028 2869 studium
3073 2821 3128 2868 et
3166 2828 3387 2884 operam
3417 2827 3588 2867 nava.-

2000 2912 2219 2971 verunt,
2251 2910 2306 2959 et
2342 2918 2567 2969 eorum,
2612 2906 2704 2975 qui
2745 2906 2940 2962 litteris
2968 2906 3232 2978 reliquam
3268 2907 3434 2959 vitam
3472 2907 3575 2959 im.-

2003 2995 2336 3067 pendebant,
2383 3010 2508 3051 eum
2540 2995 2804 3052 doctrinae
2836 2997 3016 3068 cupidi
3046 3007 3102 3054 et
3144 3006 3391 3053 amantes
3416 2996 3607 3052 casti--

2007 3088 2545 3155 tissent,accuratius
2564 3090 2807 3159 quaedam
2831 3089 2971 3145 alius
2994 3088 3097 3144 alia
3120 3088 3596 3157 conscripserunt,

2005 3181 2203 3250 partim
2235 3195 2346 3236 sua:
2376 3181 2542 3235 variae
2585 3190 2640 3236 et
2673 3181 2989 3253 multiplicis
3016 3181 3339 3237 eruditionis
3379 3180 3593 3235 illustre

2006 3281 2416 3326 monumentum
2446 3273 2679 3342 posteris
2710 3273 3019 3343 relinquere
3044 3271 3353 3340 cupientes,
3389 3270 3587 3340 partim

2012 3371 2072 3416 ut
2101 3362 2244 3417 inter
2269 3378 2397 3418 suos
2430 3363 2673 3433 aequales
2704 3365 2939 3419 nominis
2968 3365 3337 3420 celebritatem
3383 3363 3591 3431 adepti,

2006 3451 2296 3508 immortali
2326 3451 2496 3521 gloria
2531 3454 2862 3509 fruerentur.
2914 3453 3207 3524 Postquam
3235 3469 3362 3509 vero
3389 3455 3443 3509 in
3475 3464 3595 3508 tam.

2001 3541 2164 3612 longo
2192 3558 2454 3597 annorum
2487 3543 2720 3599 decursu
2753 3544 2979 3599 inﬁnitae
3010 3559 3096 3600 res
3126 3554 3179 3600 et
3209 3552 3509 3600 evenerunt
3531 3554 3595 3598 et.

2002 3633 2198 3690 litteris
2237 3643 2364 3690 sunt
2413 3637 2845 3704 comprehensae,
2898 3637 2952 3691 in
3002 3635 3325 3690 immensum
3369 3650 3589 3705 quoque

2004 3725 2244 3781 historiae
2282 3733 2535 3791 textura,
2584 3733 2645 3779 ut
2694 3725 2919 3780 minime
2964 3724 3349 3794 comprehendi
3381 3734 3584 3793 posset,

2003 3824 2087 3872 est
2111 3808 2333 3872 extensa
2377 3825 2432 3872 et
2477 3815 2721 3872 dilatata.
2786 3813 2893 3871 Sed
2936 3815 3331 3886 posterioribus
3374 3814 3588 3870 saeculis

2004 3908 2058 3963 in
2099 3906 2252 3976 pejus
2295 3906 2574 3962 hominum
2609 3915 2867 3962 naturam
2905 3905 3200 3977 proclivius
3248 3904 3449 3959 mutari
3492 3918 3587 3959 ne.

2002 4012 2159 4054 cesse
2188 4006 2327 4054 erat.
2378 3997 2571 4068 Itaque
2615 4012 2739 4053 cum
2772 3997 3057 4053 honestum
3094 3996 3248 4051 nihili
3290 3996 3573 4061 ducerent,

2002 4090 2297 4161 postposita
2331 4090 2393 4163 2⁸
2416 4090 2669 4145 veritatis
2710 4088 3195 4155 commentatione,
3225 4087 3582 4158 negligentio-

2002 4196 2091 4238 res
2122 4182 2289 4238 fuisse
2313 4182 2593 4253 oportuit,
2643 4196 2805 4253 quam
2854 4189 2915 4235 ut
2960 4195 3050 4236 res
3103 4179 3366 4249 praeclare
3403 4188 3595 4250 gestas

2002 4272 2226 4344 scriptis
2256 4273 2800 4342 comprehenderent.
2872 4271 3027 4327 Unde
3066 4269 3268 4326 factum
3312 4279 3397 4325 est
3426 4270 3589 4324 modo

2001 4362 2264 4418 librorum
2292 4363 2502 4418 utilium
2531 4362 2783 4433 penuria,
2801 4362 2962 4416 modo
2988 4369 3273 4431 propterea
3297 4360 3439 4429 quod
3461 4373 3587 4429 pro-

2004 4454 2173 4510 lixam
2207 4463 2264 4510 et
2292 4454 2568 4526 ingentem
2597 4453 2921 4522 scriptorum
2950 4451 3144 4506 molem
3183 4450 3428 4505 homines
3454 4451 3586 4505 hor-

2003 4555 2191 4602 rerent
2227 4554 2283 4602 et
2324 4554 2739 4609 aversarentur,
2799 4552 2859 4597 ut
2910 4542 3159 4598 historic
3209 4540 3576 4611 investigatio,

2003 4637 2263 4706 quoniam
2296 4650 2433 4706 vaga
2463 4648 2519 4691 ct
2558 4635 2761 4690 incerta
2788 4643 2930 4700 erat,
2974 4633 3028 4689 in
3065 4631 3306 4688 tenebris
3353 4632 3583 4703 iaceret.

2001 4728 2365 4796 Quamobrem
2410 4726 2803 4783 Constantinus
2842 4725 3374 4798 Porphyrogenitus,
3432 4725 3595 4795 prius

1999 4838 2129 4895 eeps
2175 4823 2453 4887 omnium,
2525 4820 2618 4892 qui
2673 4830 2800 4875 ante
2841 4833 2902 4877 se
2939 4819 3225 4890 imperium
3272 4826 3594 4883 tenuerunt,

1998 4911 2495 4971 Christianissimus
2518 4918 2573 4966 et
2597 4910 2831 4965 maxime
2858 4910 3217 4974 orthodoxus,
3263 4923 3386 4963 eum
3415 4922 3583 4964 accu-

300 5005 579 5076 πρότερον
605 5004 706 5076 μὲν
743 5005 1011 5078 ζητητικῇ
1049 5006 1322 5077 διεγέρσει
1351 5007 1373 5037 ²
1410 5006 1625 5078 βίϐλους
1671 5007 1896 5062 ἄλλοθεν

2002 5008 2172 5065 ratius
2203 5008 2255 5063 in
2284 5021 2466 5061 rerum
2511 5004 2865 5059 honestarum
2899 5002 3263 5072 cognitionem
3300 5000 3586 5056 incumbe-

299 5097 477 5160 ἄλλας
498 5095 560 5161 ἐξ
579 5096 801 5167 ἁπάσης
822 5095 1130 5168 ἑκασταχοῦ
1154 5097 1482 5170 οἰκουμένης
1508 5096 1899 5169 συλλέξασθαι,

302 5189 667 5259 παντοδαπῆς
703 5188 799 5243 καὶ
848 5187 1170 5255 πολυειδοῦς
1213 5189 1532 5260 ἐπιστήμης
1559 5189 1890 5261 ἐγκύμοναςο

304 5282 531 5335 ἔπειτα-
569 5280 633 5334 τὸ
674 5280 777 5350 τῆς
845 5279 1222 5344 πλατυεπείας
1276 5278 1511 5350 μέγεθος
1571 5280 1667 5334 καὶ
1724 5281 1894 5346 ἀκοὰς

303 5372 631 5437 ἀωκναῖον,
666 5371 841 5434 ἄλλως
875 5388 936 5424 τε
967 5372 1063 5426 καὶ
1089 5370 1321 5444 ὀχληρὸν
1349 5370 1443 5425 καὶ
1472 5371 1737 5443 φορτικὸν.
1763 5390 1893 5443 φαι-

306 5465 535 5535 νόμενον
564 5464 677 5528 τοῖς
711 5460 949 5528 πολλοῖς,
996 5461 1106 5517 δεῖν
1155 5461 1308 5534 ᾠήθη
1341 5463 1707 5535 καταμερίσαι
1736 5463 1897 5519 τοῦτο

307 5559 389 5623 είς
438 5556 866 5629 λεπτομέρειαν,
899 5555 1275 5628 ἀνεπιφθόνως
1312 5574 1376 5613 τε
1424 5558 1704 5629 προθεῖναι
1738 5560 1893 5630 κοινῇ

2002 5109 2105 5166 ret,
2135 5101 2221 5155 vir
2259 5105 2508 5170 prompto
2532 5106 2587 5153 et
2629 5094 2744 5150 acri
2784 5093 3022 5166 ingenio,
3050 5088 3317 5164 optimum
3342 5105 3465 5149 esse
3496 5091 3587 5162 itu-7

2000 5190 2205 5247 dicavit
2233 5200 2293 5245 et
2321 5203 2387 5244 ex
2424 5186 2659 5243 utilitate
2688 5184 2929 5257 publica,
2972 5184 3095 5239 vita:
3135 5184 3311 5239 etiam.
3334 5184 3585 5238 humanm

1998 5281 2339 5337 fructuosum
2390 5287 2442 5336 et
2487 5277 2835 5335 commodum
2861 5317 2885 5345 ,
2923 5276 3160 5347 primum
3205 5274 3424 5345 quidem
3457 5272 3585 5328 dili-

2000 5375 2143 5448 genti
2169 5372 2557 5446 perquisitione
2585 5371 2721 5428 alios
2743 5369 2961 5427 aliunde
2978 5370 3145 5424 libros
3163 5366 3342 5421 omnis
3363 5364 3585 5436 generis

1998 5468 2225 5523 scientia
2269 5465 2500 5522 refertos
2550 5479 2647 5537 per
2709 5462 3022 5521 universum
3077 5468 3343 5514 terrarum
3386 5454 3585 5511 orbem

1998 5559 2272 5631 colligere.
2304 5559 2504 5618 Deinde
2525 5574 2645 5617 cum
2675 5558 2937 5617 immensa
2966 5561 3021 5610 et
3042 5548 3264 5609 confusa
3285 5548 3580 5607 verborum

1563 5653 1801 5711 VARUS
1839 5652 2241 5715 LECTIONES.

386 5745 402 5779 ³
436 5745 761 5822 λογιώτερον
790 5745 942 5821 conj.
976 5747 1224 5811 Cautocl.
1301 5748 1320 5780 ³
1356 5746 1607 5820 διηγήσει
1643 5747 1768 5807 Par.
