2025 3208
136 173 190 208 637

518 171 736 204 PROGMIUM
756 171 806 203 AD
825 170 1027 203 EXCERPTA
1042 172 1092 203 DE
1107 172 1404 204 LEGATIONIBUS.

1717 172 1772 204 638

138 231 250 268 πρῶτον
279 228 332 266 μιν
355 227 484 265 εὐσεϐείᾳ
510 228 714 265 γνωρίζεσθαι,
740 228 789 256 καὶ
822 227 860 264 μὴ
886 227 929 254 ἐπ’

993 228 1083 264 ignes.
1098 236 1190 264 neque
1201 228 1374 264 publicorum
1385 227 1551 263 iudiciorum
1566 227 1682 256 crimine
1695 228 1774 256 dam-

137 277 298 313 ιγκλήμασι
316 275 556 311 κατηγορηθέντας
573 275 638 302 ποτὲ
665 274 783 310 δημοσίᾳ
796 282 931 309 κατακρι-

137 323 231 359 θῆναι,
244 319 314 349 εἶναι
327 321 355 349 δὲ
366 321 515 357 φρονίμους
526 321 577 357 τὴν
588 321 681 357 φύσιν,
694 320 787 353 εὖνους
796 320 830 347 τὰ
844 320 931 352 κοινὰ,

137 370 178 402 ὡς
192 369 241 397 καὶ
254 367 479 405 προκινδυνεύειν
495 368 552 396 τῶν
569 367 654 401 ἰδίων,
670 367 796 402 καθάπερ
817 366 932 402 Ῥήγου-

137 415 186 448 λος
200 416 222 448 ⁸,
249 414 298 442 καὶ
321 413 372 450 τὴν
396 412 549 449 ἀποστολὴν
573 413 742 449 προθύμους,
761 413 818 440 ἀλλ’
833 412 863 439 οὐ
890 412 934 447 βε-

139 461 320 497 ϐιασμένους,
351 459 478 495 καθάπερ
509 461 524 486 ὁ
553 459 705 494 Αἰγύπτιος
735 456 935 495 ίατρός.Ὠνό

141 507 195 543 μιν
212 506 291 542 παρὰ
314 505 510 542 Καρχηδονίοις
524 505 634 540 δέσμιος
650 504 698 538 ὢν,
715 505 761 531 καὶ
778 504 848 540 πρὸς
866 503 935 530 Ῥω-

142 553 243 590 μαίους
272 552 339 588 περὶ
367 551 478 587 είρὴνης
507 550 686 586 πρεσϐεύσων
719 549 935 585 ἀπεσταλμένος,

140 599 259 635 δμνυσιν
269 597 428 625 ἐπανελθεῖν
443 597 514 633 πρὸς
528 597 638 629 αὐτοὺς,
656 596 711 624 τῶν
727 596 871 631 Ῥωμαίων
885 595 936 630 τὴν

141 645 259 681 είρὴνην
284 643 315 671 οὗ
338 643 572 678 καταδεχομένων·
592 643 653 669 ἐπεὶ
671 643 700 670 δὲ
723 643 763 674 εἰς
781 642 937 677 Ῥωμαίους

142 690 279 725 ἀφίκετο,
306 688 474 724 ἀπαγορεύει
496 688 546 724 μὲν
568 688 715 723 Ῥωμαίοις
748 688 798 723 τὴν
825 688 937 723 εἰρήνην

144 734 306 770 ἀσύμφορον
321 733 413 765 αὐτοῖς
435 730 520 760 οὖσαν
531 753 539 766 ,
556 733 644 759 πείθει
669 733 697 759 δὲ
714 733 811 763 αὐτοὺς
827 731 939 759 ἐπανελ-

147 781 206 808 θεῖν
217 779 300 808 αὑτὸν
314 779 384 815 πρὸς
398 778 613 815 Καρχηδονίους,
629 778 667 813 τῷ
677 779 752 814 ὅρκῳ
766 777 937 812 φειδόμενος·

149 827 166 854 ὁ
189 825 218 853 δι
240 825 308 852 κατά
322 824 370 852 τοῦ
387 824 522 865 βασιλέως
535 825 587 860 τῆς
606 823 746 858 Αἰγύπτου
770 824 816 851 τὸν
831 824 939 859 Πέρσην

152 872 275 908 κινήσας,
291 870 328 898 τὰ
343 870 502 905 Αἰγυπτίων
515 870 625 898 διόλωλε
638 871 661 898 ⁷.
677 871 738 906 Χρὴ
753 870 781 897 δὲ
794 871 857 902 τοὺς
871 869 940 905 πρέ-

152 918 226 950 σϐεις
238 916 479 954 παραγενομένους
494 917 562 952 πρὸς
578 915 626 948 οὒς
638 915 861 948 ἀποστέλλονται,
877 915 939 950 φαί-

148 962 244 990 vaco“
266 963 421 999 ἀπιχαρετς,
443 962 661 997 μεγαλοψύχους,
683 961 878 997 εὐεργετικοὺς
906 961 942 988 τὰ

146 1009 190 1041 είς
199 1009 325 1045 δύναμιν,
344 1008 439 1043 ἄμφω,
454 1008 489 1035 τά
517 1016 547 1034 τε
575 1008 673 1041 οἰκεῖα,
688 1007 724 1034 τά
742 1015 770 1033 τε
787 1007 841 1033 τῶν
864 1006 943 1033 πολε-

146 1055 232 1090 μίων,
248 1055 278 1082 ιν
295 1054 400 1090 ἐπαίνῳ
417 1053 605 1089 ποιουμένοις,
629 1053 698 1080 ἀλλὰ
723 1053 760 1088 μὴ
774 1053 809 1079 τὰ
830 1053 944 1079 ἐκείνων

144 1100 382 1133 ὲνδιαόἀλλοντας.
409 1100 570 1135 Οίκονομεῖν
594 1100 621 1126 δὲ
647 1100 687 1126 δεῖ
712 1101 774 1131 τοὺς
802 1099 949 1135 πρέσϐεις,

146 1147 198 1175 καὶ
215 1148 275 1180 τοῖς
291 1148 398 1182 καιροῖς
414 1147 620 1179 επακολουθεῖν,
633 1147 690 1173 ἀλλ’
705 1147 757 1172 οὐκ
774 1146 803 1178 ἐξ
820 1146 944 1182 ἀνάγκης

146 1193 284 1230 πράττειν
295 1193 330 1220 τὰ
351 1192 529 1228 κελευόμενα,
541 1193 567 1219 εί
581 1193 619 1228 μή
639 1201 665 1219 τι
676 1193 781 1228 πρᾶξαι
798 1194 866 1219 πᾶσι
880 1193 944 1228 τρόο

146 1248 213 1272 ποις
227 1238 499 1275 παρεκελεύσθησαν.
513 1236 576 1265 Οἶον
590 1238 731 1273 ἀπεστάλη
750 1247 791 1269 τις
807 1238 845 1270 ὡς
859 1237 945 1271 φίλοις

146 1284 226 1321 δῶρα
249 1285 308 1316 τοῖς
337 1283 458 1319 γείτοσιν
483 1283 724 1319 ὲπικομιζόμενος·
743 1284 756 1310 ὁ
779 1283 807 1310 δὲ
831 1283 946 1315 τούτους

147 1329 316 1360 καταλαϐὼν
327 1331 360 1357 τὰ
373 1329 428 1357 τῶν
443 1328 550 1365 ἐχθρῶν
568 1329 738 1365 πράττοντας
757 1328 793 1356 τὰ
810 1328 859 1363 μὲν
872 1328 946 1364 δῶρα

149 1377 202 1405 σὺν
217 1375 258 1412 τῷ
275 1375 424 1412 γράμματι
452 1376 658 1410 παρακατέσχε,
686 1375 781 1409 λόγους
808 1374 836 1401 δὲ
856 1374 946 1409 φιλίας

150 1423 215 1453 ἀντὶ
227 1422 324 1459 δώρων
344 1421 541 1457 ιακομίσατο.
564 1422 638 1456 Ἐρεί
648 1421 701 1456 γάρ
715 1429 756 1452 τις
767 1419 891 1453 εἰκότως,
908 1420 946 1452 ὡς

153 1468 239 1506 imi!
254 1467 357 1504 μᾶλλον
395 1466 534 1495 ἐπιδοῦναι
558 1466 593 1494 τὰ
621 1466 707 1501 δῶρα,
733 1466 947 1501 καθημεροῦντα

155 1513 212 1542 τῶν
221 1513 359 1550 ¹νιλεμλων
371 1512 402 1540 τὸ
411 1513 518 1549 ἄγριον·
536 1512 553 1547 ῆ
569 1512 604 1539 τὰ
625 1512 674 1548 μὲν
689 1511 842 1548 τιμιώτερα
856 1521 946 1548 παρακ-

984 276 1235 310 natos,'prudenles
1249 275 1350 308 indole,
1362 274 1409 309 qui
1424 273 1536 301 charam
1546 281 1630 308 remp.
1644 274 1773 306 habeant,

984 326 1013 349 ut
1027 329 1075 357 pro
1088 329 1120 349 ea
1135 321 1232 357 capitis
1248 321 1477 355 fortunarumque
1493 327 1603 346 suarum
1626 319 1774 354 periculum

984 368 1059 396 adire
1071 375 1125 396 non
1140 372 1278 398 recusent,
1287 367 1356 395 sicut
1368 366 1486 400 Regulus
1500 365 1563 400 :qui
1574 371 1702 400 prompto
1718 366 1777 392 aui-

986 421 1030 441 mo
1051 413 1211 448 legationem
1228 414 1337 445 obeant,
1364 419 1417 439 non
1429 412 1517 444 inviti,
1539 412 1608 438 sicut
1627 410 1772 446 Egyptius

987 459 1118 487 medicus.
1156 458 1260 486 Horum
1298 457 1402 493 primus
1432 457 1504 492 apud
1535 455 1778 491 Carthaginienses

987 505 1110 540 captivus
1124 509 1152 532 et
1166 505 1199 531 ad
1211 504 1349 531 Romanos
1375 502 1480 538 legatus
1504 509 1554 536 pro
1578 509 1645 536 pace
1667 501 1778 533 missus,

984 551 1087 586 juravit
1110 557 1139 578 se
1160 557 1347 582 reversurum,
1374 549 1398 578 si
1419 548 1534 576 Romani
1555 555 1649 583 pacem
1665 547 1779 574 nollent.

989 598 1040 626 Ubi
1059 598 1092 625 ad
1105 597 1242 624 Romanos
1256 596 1340 629 venit,
1359 602 1451 630 pacem
1474 595 1636 622 dehortatur
1651 598 1778 628 tanquam

989 650 1082 670 eorum
1097 641 1248 669 commodis
1264 641 1441 673 contrariam,
1460 644 1487 667 et
1502 640 1657 675 iuramento
1673 642 1781 666 servato

989 687 1095 720 suadet,
1120 690 1149 713 ut
1165 693 1194 713 se
1213 686 1245 713 ad
1258 685 1502 720 Carthaginienses
1525 684 1677 711 remittant.
1705 682 1782 709 Alter

990 741 1055 761 vero
1070 741 1131 760 cum
1146 732 1293 760 Persarum
1310 738 1399 765 regem
1417 731 1444 758 in
1459 730 1567 765 Egypti
1584 736 1673 764 regem
1688 728 1780 755 conci-

991 783 1071 808 taret.
1088 786 1133 806 τσο
1144 777 1334 814 Egyptiorutn
1349 776 1545 812 pessumdedit.
1561 775 1674 809 Oportet
1690 778 1780 800 autem

991 825 1104 861 legatos,
1126 824 1171 852 ubi
1195 824 1228 850 ad
1253 830 1312 856 eos,
1336 823 1369 850 ad
1383 829 1452 857 quos
1473 823 1627 852 mittuntur,
1647 819 1782 851 venerint,

993 878 1052 898 sese
1071 862 1205 897 humanos
1222 872 1250 896 et
1274 868 1406 902 benignos
1431 867 1569 898 exhibere,
1596 865 1784 900 magnanimnos

993 921 1020 944 et
1035 915 1172 948 liberales,
1194 919 1325 949 quantum
1349 920 1444 940 eorum
1463 912 1607 940 facultates
1632 911 1703 938 ferre
1722 918 1784 944 pos-

993 965 1067 994 sunt,
1082 967 1160 995 atque
1175 966 1225 987 sua
1237 963 1266 987 et
1281 959 1400 987 hostium
1426 958 1548 991 laudare,
1571 963 1659 992 neque
1677 963 1783 986 eorum,

993 1009 1064 1043 apud
1078 1014 1147 1042 quos
1169 1006 1249 1040 legati
1271 1011 1345 1038 sunt,
1367 1012 1412 1033 res
1425 1005 1501 1040 parvi
1516 1004 1644 1038 pendere.
1673 1002 1785 1037 Oportet

992 1052 1076 1080 etiam
1093 1051 1196 1087 legatos
1208 1059 1254 1078 res
1267 1058 1330 1078 cum
1344 1057 1452 1078 summa
1466 1048 1654 1076 moderatione
1669 1046 1786 1073 admini-

995 1103 1086 1125 strare
1103 1102 1130 1124 et
1153 1095 1322 1131 temporibus
1346 1095 1468 1127 servire,
1494 1100 1583 1128 neqtte
1608 1092 1633 1119 vi
1655 1092 1787 1126 imperata

995 1142 1137 1178 perﬁcere,
1162 1142 1215 1170 nisi
1231 1141 1302 1168 forte
1317 1140 1459 1176 quibusvis
1474 1139 1563 1168 modis
1580 1138 1614 1165 ad
1631 1138 1712 1164 ﬁnem
1725 1144 1788 1172 per-

995 1188 1090 1222 venire
1099 1187 1167 1221 iussi
1182 1186 1248 1213 sint.
1268 1186 1304 1214 Ut
1314 1185 1452 1217 videlicet,
1473 1188 1514 1212 est
1530 1182 1626 1217 aliquis
1640 1182 1738 1209 missus
1753 1180 1787 1206 ad

996 1236 1066 1262 dona
1090 1232 1202 1260 ferenda
1226 1231 1251 1266 5
1268 1231 1382 1263 vicinis,
1407 1234 1536 1263 tanquam
1556 1227 1663 1259 amicis,
1688 1230 1714 1254 et
1739 1233 1787 1253 eos

996 1278 1174 1314 deprehendit
1189 1277 1298 1305 hostilia
1315 1276 1465 1304 facientes:
1481 1280 1594 1302 munera
1611 1280 1672 1300 cum
1689 1271 1788 1298 litteris

996 1326 1128 1359 retinuit,
1151 1331 1294 1353 sermones
1319 1321 1466 1351 benevolos
1489 1327 1540 1355 pro
1566 1319 1644 1347 donis
1663 1317 1787 1353 protulit.

997 1372 1074 1400 Dicet
1085 1371 1196 1406 aliquis,
1209 1377 1297 1405 neque
1310 1369 1335 1396 id
1346 1367 1495 1398 immerito,
1508 1365 1661 1399 oportuisse
1670 1363 1787 1398 legatum

1000 1419 1085 1454 magis
1111 1418 1181 1446 dona
1199 1417 1319 1447 tradere,
1344 1414 1442 1449 quibus
1460 1411 1636 1439 inimicorum
1660 1407 1788 1436 hostilem

997 1466 1120 1493 animum
1135 1464 1253 1499 placaret
1268 1467 1296 1490 et
1310 1461 1424 1488 leniret:
1440 1458 1483 1486 vel
1498 1456 1659 1492 pretiosiora
1676 1454 1784 1489 quidem

999 1512 1128 1544 retinere,
1141 1509 1193 1538 alia
1208 1515 1273 1537 vero
1291 1508 1368 1538 dare,
1386 1505 1434 1533 sed
1455 1511 1508 1532 non
1523 1503 1614 1531 omnia
1633 1502 1660 1529 in
1681 1507 1727 1527 sua
1742 1506 1790 1534 po-

159 1547 315 1597 mmet,
330 1559 369 1586 τὰ
389 1558 420 1586 δι
440 1547 509 1585 ἀλλα
535 1547 684 1591 ἐπιδοῦναι,
711 1547 781 1585 ἀλλά
806 1547 844 1594 μὴ
860 1559 941 1587 πάντα

1001 1561 1098 1586 testate
1114 1561 1198 1591 penes
1212 1560 1241 1582 se
1256 1552 1377 1580 retinere
1391 1549 1527 1580 debuisse,
1542 1555 1603 1575 cum
1617 1547 1669 1574 hoc
1687 1549 1791 1578 tempe-

156 1607 282 1643 κρααίν,
308 1605 348 1637 ὡς
363 1605 434 1640 μήτε
450 1604 514 1636 τοὺς
540 1604 656 1640 ἐχθροὺς
680 1604 808 1631 πλουτεῖν
832 1605 946 1637 ἐθέλειν,

154 1652 205 1680 καὶ
219 1651 253 1680 τὺ
265 1651 335 1679 πολὺ
357 1651 406 1687 τῆς
420 1650 521 1686 ἔχθρας
545 1650 709 1685 ύποτέμνειν
727 1651 782 1677 τῶν
798 1650 946 1685 πολεμίων.

154 1697 341 1734 Δοκιμάζεται
356 1696 387 1724 δὲ
413 1696 534 1732 πρέσϐυς
557 1695 607 1723 καὶ
628 1696 682 1732 πρὸ
703 1696 753 1731 τῆς
781 1696 947 1731 ἀποστολῆς,

155 1743 364 1780 ὑποτιθεμένων
382 1742 457 1778 αὑτῷ
474 1742 528 1769 τῶν
543 1742 710 1776 κεφαλαίων,
729 1742 777 1769 καὶ
800 1742 948 1777 ἐρωτώμε-

156 1799 216 1826 νος,
240 1791 315 1822 ὅπως
335 1789 400 1825 περὶ
420 1789 537 1816 ἑκάστου
562 1788 654 1816 αὐτῶν
674 1788 890 1823 οἰκονομήσειεν,
903 1786 950 1814 οῦ-

156 1845 214 1870 τως
225 1836 244 1872 ἢ
259 1836 363 1873 ιτέρως
382 1834 460 1871 αὑτῷ
472 1834 527 1862 τῶν
543 1833 715 1870 πραγμάτων
735 1832 950 1869 ὲπισυμδαινόν-

158 1891 228 1911 των.

1001 1607 1140 1634 ramento,
1165 1605 1195 1628 ut
1217 1599 1282 1628 velit
1301 1598 1409 1633 quidem
1431 1596 1549 1634 hostium
1572 1591 1788 1621 malevolentiam

1001 1654 1176 1682 compescere
1197 1650 1224 1674 et
1247 1651 1383 1676 resecare,
1407 1642 1456 1670 sed
1478 1630 1531 1669 non
1546 1646 1593 1668 eos
1609 1637 1745 1665 auctiores
1763 1640 1792 1662 et

1001 1694 1148 1722 validiores
1168 1692 1265 1726 opibus
1291 1690 1414 1719 reddere.
1445 1687 1579 1715 Probatur
1595 1691 1659 1713 vero
1674 1683 1788 1716 legatus,

1002 1746 1147 1774 antequam
1162 1739 1297 1769 mittatur.
1315 1737 1337 1764 si
1354 1735 1392 1763 illi
1409 1736 1594 1769 proponantur
1611 1730 1701 1764 capita
1717 1728 1790 1763 lega-

1003 1786 1085 1814 tionis
1096 1790 1122 1813 et
1133 1785 1329 1818 interrogetur,
1340 1780 1477 1816 quomodo
1488 1778 1594 1812 singula
1608 1777 1642 1804 sit
1653 1779 1788 1810 gesturus.

1002 1839 1038 1859 an
1055 1831 1103 1864 ita,
1118 1837 1154 1858 an
1164 1828 1255 1861 aliter,
1271 1831 1350 1863 prout
1365 1833 1409 1854 res
1425 1824 1463 1853 illi
1479 1822 1636 1852 acciderint.

802 1955 922 1985 VARIE
941 1953 1146 1984 LECTIONES.

197 2016 209 2034 ‘
225 2015 369 2053 Ῥήγουλος
384 2015 430 2050 ιι..
463 2014 601 2049 Ῥισοῦλος
611 2014 673 2044 cod.

724 2014 735 2033 '
750 2009 827 2043 Fort.
843 2012 858 2040 δ
861 2011 1016 2040 ιολώλεκεν.
