4050 6486
459 343 568 406 639

1655 341 2052 404 EXCERPTA
2084 342 2132 401 E
2175 339 2508 401 DEXIPPO

3605 339 3718 404 ’640

471 484 2508 522 W

1163 666 2080 806 ΔΕΞΙΠΠΟΥ
2151 669 3056 809 ΑΘΗΝΑΙΟΥ

1456 915 1610 998 ΕΚ
1682 913 1914 1000 ΤΩΝ
1986 911 2583 1001 ΣΚΥΘΙΚΩΝ
2641 915 2729 997 (1)

1125 1098 1446 1154 ΕΚΛΟΓΑΙ
1483 1098 1666 1154 ΠΕΡΙ
1700 1095 2100 1153 ΠΡΕΣΒΕΩΝ
2132 1096 2385 1158 ΕΘΝΩΝ
2417 1097 2616 1150 ΠΡΟΣ
2648 1095 3053 1154 ΡΩΜΑΙΟΥΣ.

1912 1410 1964 1470 Ε
2007 1409 2266 1472 LIBRIS

989 1598 1783 1755 DEXlPPI
1892 1594 3183 1760 ATHENIENSIS

1427 1906 1580 1997 DE
1653 1907 2077 2000 BELLIS
2143 1908 2780 2003 SCYTHICIS

897 2112 1361 2177 EXCERPTA
1401 2113 1520 2174 DE
1557 2107 2204 2176 LEGATIONIBUS
2247 2107 2661 2174 GENTIUM
2694 2109 2810 2172 AD
2849 2106 3284 2174 ROMANOS.

2043 2265 2122 2281 ﬂ

526 2355 1151 2421 Attenuatum—Legati
1183 2357 1550 2420 Juthungorum
1587 2355 1883 2421 Scytharum
1923 2353 1985 2404 ab
2003 2355 2294 2421 _Aureliano
2326 2354 2626 2421 imperatore
2652 2355 2809 2421 foedus
2833 2359 2887 2404 et
2918 2353 3163 2421 tributum
3195 2359 3433 2420 petentes
3460 2353 3646 2406 infecta
3673 2367 3735 2404 re

1178 2431 1180 2434 '
1296 2414 1623 2469 reﬂertuntur
1652 2414 1744 2482 Π).
1781 2417 1884 2468 Pax
1917 2421 1972 2468 et
1996 2416 2153 2468 fmdus
2186 2430 2297 2468 cum
2330 2414 2558 2470 Vahdalis
2585 2417 2900 2481 componitur
2918 2414 3013 2480 (2).

533 2687 668 2758 6—7
700 2687 786 2758 (Α.
809 2686 874 2742 C.
905 2686 1034 2751 270,
1067 2686 1250 2745 Aurel.
1280 2687 1331 2745 ι.
1369 2673 1446 2760 l.)
1465 2686 1766 2759 lmperator
1795 2685 2041 2744 Aurelia-

2225 2690 2294 2738 α’.
2328 2683 2454 2737 Ὀτι
2492 2679 2833 2754 Αὐρηλιανδς
2883 2678 3028 2735 κατὰ
3076 2677 3279 2751 κράτος
3331 2677 3564 2750 νικήσας
3600 2677 3739 2744 τοὺς

463 2795 587 2846 nua,
601 2796 724 2835 cum
742 2778 1048 2850 Juthungos
1065 2780 1300 2853 Scythas
1311 2779 1430 2836 acie
1441 2779 1754 2847 devicisset,
1770 2785 1826 2837 et
1842 2779 2041 2837 multos

459 2885 650 2925 eorum
693 2871 746 2924 in
778 2872 895 2939 ipso
929 2870 1046 2926 Istri
1086 2870 1311 2941 trajectu
1351 2871 1618 2941 fugientes
1651 2869 2038 2936 interemisset,

464 2959 658 3028 reliqui
703 2959 900 3016 bellum
952 2959 1156 3016 foedere
1195 2961 1352 3016 linire
1383 2963 1690 3027 voluerunt,
1734 2967 1790 3015 et
1836 2959 2042 3030 legatos

464 3049 751 3106 miserunt.
793 3049 978 3121 Neque
1001 3061 1179 3106 tamen
1203 3065 1326 3107 cum
1350 3051 1517 3106 nimio
1547 3052 1744 3106 timore
1769 3050 2043 3120 nimiaque

465 3142 894 3211 perturbatione,
933 3143 1087 3214 quasi
1121 3141 1274 3198 clade
1301 3159 1398 3198 sua
1424 3142 1692 3213 perculsis
1720 3155 1907 3212 pacem
1939 3140 2042 3198 sibi

462 3235 746 3300 petendam
809 3249 929 3290 esse
962 3235 1264 3300 ducebant,
1314 3249 1383 3290 ne
1413 3233 1620 3290 tributo
1641 3273 1658 3300 ,
1704 3233 1850 3305 quod
1882 3242 2042 3290 antea

463 3324 692 3380 ltomani
733 3325 1051 3394 ponderant,
1092 3326 1340 3382 hostibus
1371 3326 1440 3378 ab
1466 3324 1615 3379 omni
1647 3334 1794 3380 metu
1822 3324 2040 3391 solutis,

461 3417 516 3472 in
547 3427 822 3487 posterum
858 3417 1230 3488 privarentur.
1261 3417 1368 3474 Sed
1398 3417 1768 3473 Romanorum
1809 3417 2044 3488 impera-

460 3515 548 3560 tor
577 3507 919 3576 Aurelianus,
972 3517 1030 3563 ut
1072 3507 1477 3578 Juthungorum
1524 3509 1731 3580 legatos
1756 3509 2044 3564 advenisse

459 3599 748 3666 intellexit,
781 3616 903 3655 cum
941 3601 1190 3665 dixisset,
1225 3616 1282 3655 se
1311 3616 1435 3655 cum
1478 3601 1561 3657 his
1596 3601 1855 3670 postridie
1885 3609 2040 3655 actu-

461 3709 577 3747 rum
615 3694 680 3748 de
715 3694 820 3761 his,
854 3694 912 3765 8
964 3709 1197 3764 quorum
1231 3709 1394 3749 causa
1430 3693 1588 3764 legati
1628 3703 1909 3761 venerant,
1935 3693 2041 3748 hu-

455 3783 691 3854 jnsmodi
727 3783 972 3838 hostibus
1013 3783 1239 3839 terroris
1275 3783 1551 3854 injiciendi
1586 3782 1756 3852 gratia
1803 3781 2036 3837 militum

461 3875 632 3930 aciem
683 3875 928 3929 condicta
954 3874 1040 3929 die
1083 3883 1338 3944 tanquam
1379 3875 1444 3928 ad
1481 3889 1716 3944 pugnam
1753 3873 2035 3929 instruxit.

459 3963 527 4018 Ut
569 3963 644 4018 illi
678 3975 825 4019 recte
854 3980 914 4021 se
940 3963 1141 4019 habere
1176 3965 1290 4018 visa
1319 3972 1401 4019 est
1431 3965 1710 4019 exercitus
1735 3963 2036 4032 dispositio,

461 4054 631 4108 altum
660 4065 971 4124 suggestum
1005 4053 1280 4119 sublimis,
1311 4069 1548 4124 purpura
1581 4055 1824 4120 indutus,
1850 4069 2043 4110 ascen-
2077 4045 2116 4101 Β

460 4144 562 4205 dit,
592 4153 644 4196 et
677 4158 893 4197 omnem
925 4145 1249 4209 exercitum,
1282 4144 1372 4214 qui
1416 4142 1589 4212 ipsum
1632 4144 2037 4213 circumstabat,

461 4233 513 4286 in
545 4232 772 4285 formam
805 4231 945 4288 luna:
972 4234 1257 4303 disposuit.
1315 4234 1558 4289 Aderant
1603 4243 1658 4289 et
1689 4250 1754 4291 ex
1797 4236 1901 4302 his,
1945 4238 2038 4308 qui

460 4325 515 4378 in
548 4324 793 4378 exercitu
831 4325 1057 4392 imperia
1087 4325 1420 4393 habuerant,
1451 4341 1639 4382 omnes
1673 4329 1740 4382 ab
1764 4329 1939 4399 equis.
1992 4330 2040 4383 Α

462 4425 614 4486 tergo
641 4417 989 4487 imperatoris
1019 4429 1179 4473 erant
1217 4418 1367 4489 signa
1415 4419 1702 4476 coadunati
1743 4423 2032 4478 exercitus.

458 4507 583 4564 llaec
612 4525 741 4564 vero
769 4519 925 4565 erant
967 4510 1164 4581 aquilae
1202 4527 1382 4566 aurea:
1409 4520 1464 4566 et
1505 4511 1766 4584 imagines
1801 4514 2036 4584 impera-

460 4611 660 4665 torum,
687 4611 742 4655 et
773 4615 987 4668 eorum,
1019 4603 1111 4673 qui
1151 4601 1360 4657 militia:
1389 4601 1606 4656 nomina
1639 4604 1917 4670 dederant,
1947 4619 2040 4659 ca-

457 4691 623 4761 talogi
653 4699 706 4747 et
736 4693 1198 4757 enumerationes,
1243 4694 1425 4749 aureis
1463 4692 1660 4749 litteris
1700 4694 2037 4765 perscriptas.

453 4781 586 4848 Quae
609 4783 789 4839 omnia
829 4785 1096 4853 explicata
1129 4787 1406 4843 etillustri
1441 4787 1560 4844 loco
1583 4787 1754 4857 posita
1785 4789 1836 4841 in
1859 4787 2036 4844 hastis

454 4873 728 4940 argenteis
771 4876 1062 4946 conspicua
1093 4886 1270 4932 erant.
1333 4875 1430 4934 llis
1470 4879 1544 4932 ita
1591 4878 1912 4949 praeparatis
1942 4875 2038 4932 Ju-

456 4963 693 5034 thungos
718 4963 885 5033 jussit
914 4966 1127 5023 adesse.
1180 4967 1251 5025 Ut
1292 4969 1407 5024 haec
1453 4969 1728 5034 viderunt,
1777 4967 2038 5040 obstupe-

454 5051 582 5109 facti
609 5055 768 5128 longo
803 5067 1048 5130 tempore
1078 5060 1358 5116 silentium
1393 5069 1706 5116 tenuerunt.
1736 5063 2035 5132 Postquam

454 5146 526 5199 ab
555 5147 887 5216 imperatore
915 5150 1022 5205 illis
1054 5150 1267 5205 dicendi
1297 5149 1525 5207 facultas
1549 5152 1675 5206 data
1701 5160 1806 5216 est,
1837 5151 1909 5206 ita
1941 5166 2038 5221 per

455 5237 808 5308 interpretem
837 5240 1002 5296 locuti
1035 5249 1202 5296 sunt:
1239 5259 1258 5294 ι
1297 5239 1484 5313 “Neque
1510 5242 1637 5313 quia
1669 5242 1893 5298 adversa
1921 5243 2036 5297 for-

456 5339 608 5397 tuna,
637 5346 757 5402 qua:
781 5331 940 5388 nobis
975 5332 1077 5388 hoc
1107 5339 1348 5404 tempore
1380 5333 1630 5403 contigit,
1653 5332 1790 5390 ultra
1817 5335 2033 5389 modum

2155 2777 2531 2847 Ἰουθούγγους
2588 2773 2825 2840 Σκύθας,
2881 2773 2978 2828 καὶ
3030 2771 3175 2826 κατὰ
3228 2770 3330 2842 τὴν
3380 2768 3474 2824 τοῦ
3510 2771 3738 2840 Ἴστρου

2142 2869 2444 2942 περαίωσιν
2504 2868 2523 2901 ⁸
2585 2867 2644 2932 ες
2716 2866 2816 2938 τήν
2884 2865 3176 2937 ἀποφυγὴν
3239 2862 3471 2928 πολλοὺς
3521 2864 3740 2920 τούτων

2141 2960 2348 3017 ἀνελὼν
2381 2962 2424 3028 ⁸,
2460 2960 2510 3014 οἱ
2537 2958 2854 3030 λειπόμενοι
2906 2959 2966 3022 ἐς
3008 2955 3246 3021 σπονδὰς
3283 2951 3422 3028 ἧκον
3466 2956 3562 3009 καὶ
3595 2972 3738 3026 πρε-

2143 3053 2338 3108 σσείαν
2381 3052 2714 3108 πτείλαντο.
2741 3050 2854 3121 Τήν
2891 3048 2951 3104 δὲ
2991 3048 3208 3119 αττησιν
3235 3050 3337 3120 τῆς
3370 3047 3601 3119 είρήνης
3623 3045 3738 3100 €86-

2142 3161 2230 3200 κει
2255 3145 2276 3177 ³
2330 3143 2407 3217 μή
2459 3143 2560 3199 σὺν
2587 3143 2667 3214 τῷ
2699 3143 2843 3210 ἄγαν
2876 3141 3120 3214 περιδεεϊ
3145 3139 3242 3195 καὶ
3279 3137 3734 3210 καταπεπληγὸτι

2143 3237 2210 3292 ὲκ
2257 3235 2359 3308 τῆς
2391 3237 2561 3310 ήττης
2589 3235 2891 3302 ποιεῖσθαι,
2918 3234 2995 3298 ὡς
3033 3233 3103 3288 ἂν
3149 3231 3390 3304 ὑπάρχοι
3438 3231 3589 3300 σφίσι
3628 3230 3728 3284 καὶ

2142 3328 2256 3382 τῶν
2306 3325 2544 3398 πρόσθεν
2573 3323 2884 3395 φοιτώντων
2921 3321 3224 3395 χρημάτων
3251 3321 3403 3394 παρὰ
3436 3319 3728 3390 Ῥωμαίων

2142 3422 2177 3494 ή
2215 3419 2480 3492 ἀποδοχὴ,
2516 3417 2593 3491 μή
2646 3420 2705 3479 ἐς
2753 3416 2818 3471 τδ
2866 3415 3022 3479 ἀδεὲς
3080 3414 3257 3485 πάντη
3308 3413 3423 3467 τῶν
3468 3410 3734 3466 ἐναντίων

2143 3511 2585 3582 καθισταμένων.
2613 3510 2674 3562 '0
2707 3507 2765 3561 δὲ
2801 3505 3094 3577 Ῥωμαίων
3118 3503 3373 3576 βασιλεὺς
3395 3501 3737 3574 Δὺρηλιανδς

2145 3605 2223 3668 ώς
2277 3602 2512 3657 ἐπύθετο
2570 3600 2592 3634 ’⁵
2633 3597 2946 3668 ἀφιγμένην
3010 3595 3110 3667 τὴν
3182 3593 3542 3662 ’ῐουθούγγων
3599 3608 3738 3663 πρεο

2146 3697 2352 3760 σὸείαν,
2389 3696 2448 3759 ἐς
2476 3693 2576 3765 τὴν
2614 3690 2910 3761 ὑστεραίαν
2938 3689 3116 3760 φήσας
3145 3689 3469 3759 χρηματιεῖν
3499 3686 3629 3756 περὶ
3657 3678 3735 3739 ὣν

2141 3789 2338 3859 ἥκουσι
2368 3828 2382 3852 ,
2431 3786 2678 3841 διέταττε
2726 3783 2854 3846 τοὺς
2908 3780 3250 3854 στρατιώτας
3297 3778 3376 3841 ὡς
3425 3779 3482 3841 ὲς
3520 3777 3733 3848 μάχην,

2141 3878 2456 3951 ἐκπλήξεως
2506 3877 2689 3930 εἵνεκα
2727 3873 2834 3928 τῶν
2869 3874 2891 3906 ⁸
2937 3872 3219 3928 ἐναντίων.
3259 3869 3418 3926 Ἐπεὶ
3445 3868 3503 3924 δὲ
3544 3867 3736 3931 καλῶς

2141 3965 2287 4040 εἶχεν
2324 3968 2475 4039 αὐτῷ
2513 3970 2546 4040 ή
2576 3967 2960 4037 διακόσμησις,
2993 3966 3086 4019 ἐπὶ
3109 3963 3315 4035 ὑψηλοῦ
3345 3963 3591 4036 βήματος
3625 3978 3734 4034 με-
3846 3993 3854 4000 -

2143 4060 2352 4130 τέωρος
2385 4060 2609 4130 βέϐηκε,
2642 4057 2738 4113 καὶ
2765 4056 3060 4129 ἁλουργίδα
3088 4055 3376 4127 ἀμπέχων.
3411 4053 3512 4124 τὴν
3541 4054 3734 4106 πᾶσαν

2145 4147 2300 4213 τάξιν
2349 4149 2525 4202 ἐποίει
2573 4148 2712 4218 ἀμφ’
2745 4145 2912 4200 αὐτὸν
2941 4145 2962 4176 ⁸
2991 4143 3270 4214 μηνοειδῆ.
3303 4141 3734 4214 Παρεστήσαντο

2145 4240 2201 4293 δὲ
2227 4239 2323 4293 καὶ
2351 4237 2458 4292 τῶν
2485 4239 2543 4293 ἐν
2591 4239 2732 4292 τέλει
2769 4239 2884 4291 ὅσοι
2916 4235 3092 4307 ἀρχάς
3131 4251 3286 4299 τινας
3318 4231 3738 4304 ἐπιτετραμμέ-

2145 4350 2248 4398 νοι,
2288 4331 2606 4402 σύμπαντες
2649 4329 2735 4397 ἐφ’
2761 4328 2780 4359 ⁷
2828 4326 3032 4380 ἵππων.
3070 4325 3320 4379 Κατόπιν
3352 4324 3410 4378 δὲ
3455 4323 3739 4395 βασιλέως

2145 4426 2214 4481 τὰ
2245 4425 2470 4496 σήματα
2506 4419 2576 4495 ἦν
2608 4421 2708 4491 τῆς
2758 4419 3048 4474 ἐπιλέκτου
3083 4419 3366 4490 στρατιᾶς.
3393 4419 3474 4473 Τὰ
3499 4417 3555 4471 δέ
3587 4419 3736 4471 εἰσιν

2145 4515 2295 4570 ἀετοὶ
2321 4513 2514 4584 χρυσοῖ
2540 4509 2636 4564 καὶ
2683 4509 2890 4574 εἰκόνες
2921 4507 3186 4578 βασίλειοι
3215 4508 3308 4562 καὶ
3347 4504 3736 4577 στρατοπέδων

2144 4606 2437 4674 κατάλογοι
2469 4601 2763 4676 γράμμασι
2793 4601 3013 4672 χρυσοῖς
3045 4599 3388 4672 δηλούμενον
3419 4597 3456 4653 ἃ
3493 4597 3558 4669 δὴ
3589 4597 3736 4668 σύμ-

2145 4713 2326 4752 παντα
2357 4695 2738 4765 ἀνατεταμένα
2770 4692 3136 4766 προύφαίνετο
3185 4690 3278 4744 ἐπὶ
3316 4690 3527 4758 ξυστῶν
3555 4692 3734 4763 ἠργυ-

2146 4789 2431 4862 ρωμένων.
2471 4787 2597 4842 Ἐπὶ
2626 4787 2686 4842 δὲ
2728 4785 2942 4849 τούτοις
2973 4776 3075 4838 ὧδε
3104 4783 3550 4854 διακοσμηθεῖσιν
3592 4783 3733 4837 Ἰου-

2145 4879 2412 4950 θοὺγγους
2441 4878 2596 4950 ἠξίου
2628 4877 2947 4951 [παρελθεῖν
2972 4875 3043 4948 ⁸].
3089 4874 3229 4938 Τοὺς
3257 4873 3316 4928 δὲ
3341 4873 3542 4945 συνέϐη
3588 4873 3734 4944 θαμ-

2143 4970 2419 5042 ϐήσασθαι
2448 4971 2494 5002 ⁸⁸
2525 4970 2734 5034 ἰδόντας
2763 4968 2858 5023 καὶ
2892 4966 2989 5021 ἐπὶ
3037 4966 3173 5020 πολὺ
3199 4968 3330 5037 σιγῇ
3363 4964 3531 5036 ἔχειν.
3574 4966 3733 5019 Ἐπεὶ

2143 5061 2202 5117 δέ
2234 5079 2418 5131 σφισιν
2450 5062 2517 5116 ἐκ
2544 5060 2641 5116 τοῦ
2671 5060 2937 5133 βασιλέως
2964 5059 3203 5128 ἀπεδόθη
3225 5058 3428 5126 λέγειν,
3462 5058 3552 5112 διὰ
3579 5075 3731 5122 τινος

2150 5152 2437 5223 ἑρμηνέως
2477 5151 2667 5216 ἔλεξαν
2695 5151 2895 5205 τοιάδε’
2927 5168 2946 5202 ι
2982 5147 3124 5203 Οὔτε
3145 5151 3213 5221 τῇ
3242 5150 3334 5202 ἐπὶ
3361 5149 3557 5220 καιροῦ
3581 5165 3729 5219 συμ-

2145 5245 2288 5317 ϐάσῃ
2317 5243 2673 5316 κακοπραγία
2696 5244 2718 5276 ⁹
2745 5243 2904 5315 ήμῶν
2931 5241 3084 5313 παρὰ
3111 5241 3174 5294 τὸ
3199 5241 3346 5305 εἰκὸς
3364 5243 3727 5312 καταπεπλη-

2147 5337 2330 5406 γότες,
2359 5336 2483 5392 οὔτε
2503 5337 2786 5407 δυνάμεως
2815 5333 3013 5398 ἐνδεῶς
3040 5333 3255 5406 ἔχοντες
3283 5333 3317 5404 ἢ
3344 5334 3439 5387 καὶ
3473 5333 3730 5404 πολέμων

1700 5441 1790 5498 VA
1799 5443 1936 5500 RIIE
1979 5444 2389 5503 LECTIONES.

558 5537 573 5568 ¹
607 5534 1028 5610 περαίιραιν-Ν.ν
1071 5539 1385 5610 περαιώσας
1411 5539 1556 5610 vulg.

458 5603 607 5680 yulg.
651 5673 664 5680 _
685 5603 723 5680 ξ’
743 5605 853 5680 τῶν
874 5607 965 5680 N3,
988 5603 1203 5680 τούτών
1222 5609 1368 5680 vulg.

457 5671 481 5702 ⁸
505 5671 793 5739 παρελθεῖν
831 5671 960 5732 add.
987 5676 1052 5732 N.

469 5743 756 5816 συμϐάσης
809 5748 1188 5821 κακοπραγὲας
1228 5743 1374 5823 vulg.

1664 5540 1684 5571 ‘
1710 5537 1921 5613 ανεὶών
1968 5539 2060 5613 Π),
2123 5541 2370 5613 ἀνελθὼν
2413 5541 2557 5613 v_u_lg.

1468 5611 1488 5640 ⁶
1508 5604 1849 5690 ξμφὶαὐτὸν
1877 5611 1968 5690 ῌτ,
1994 5604 2283 5690 ἄμφαυσον
2311 5612 2398 5668 ed.
2432 5604 2544 5690 _ll.:_
2569 5609 2892 5690 ἅμφαυσξον
2922 5610 3010 5664 ed.
3037 5609 3160 5664 Par.
3308 5609 3400 5690 ἀφ’
3424 5604 3716 5690 :cod.~Vat.

1161 5679 1206 5710 δ’
1230 5679 1621 5756 θαμϐήσασθαι
1651 5679 1741 5751 Ν.,
1772 5679 2154 5754 Θαμϐήσεσθαι
2191 5682 2330 5756 vulg.

2665 5541 2687 5573 ³
2711 5541 2933 5595 ἐδόκουν
2968 5538 3033 5594 ll.
3133 5539 3155 5572 δ
3187 5536 3440 5609 ἐπύθετο]
3469 5535 3722 5609 ἐπείθετο

2432 5681 2453 5714 ⁸
2483 5683 2548 5754 τῇ
2589 5677 2936 5753 -ὲ-’συμϐασῃ
2969 5677 3318 5752 κακοπραγίᾳ
3347 5677 3492 5745 ναι..
3528 5677 3624 5751 τῆς
3649 5706 3718 5717 --
