4050 6418
488 343 598 409 64'}

1695 335 2099 400 EXCERPTA
2131 334 2180 395 E
2222 334 2555 397 DEXIPPO

3659 337 3771 402 644

490 406 562 509 ad
609 447 857 517 lluvium,
927 446 1144 504 fortuna
1204 449 1423 520 potius,
1481 461 1643 518 quam
1683 459 1864 502 vestra
1913 446 2080 500 virtu-

2193 445 2403 500 τούτων
2441 447 2627 500 εῖνεκα
2669 443 2737 500 δι’
2764 442 3002 518 ἐἰρήνης
3028 406 3321 516 ἀίρεῖσθαι
3373 443 3522 517 apag
3565 446 3667 513 τάς
3706 451 3776 504 ἐκ

494 555 549 600 te
591 541 751 598 nobis
813 539 1025 596 cladem
1086 539 1423 606 intuleritis,
1486 539 1628 593 haud
1677 553 1774 608 spe
1839 537 2080 592 destituti

495 651 725 699 sumus,
789 632 1135 702 diligentiore
1204 631 1431 701 posthac
1486 631 1686 686 nostris
1741 631 1904 686 rebus
1954 645 2085 686 cau-

496 729 644 781 tioue
697 725 976 786 adhibita,
1031 723 1190 784 fore,
1249 729 1310 776 ut
1359 735 1458 776 nos
1530 720 1802 776 sustinere
1857 719 2085 776 minime

495 815 747 871 valeatis.
832 813 1020 882 Itaque
1070 812 1250 880 potius
1306 819 1389 867 est
1438 849 1453 876 ,
1511 817 1571 865 ut
1625 823 1722 866 vos
1773 811 2083 876 commoda,

493 923 618 978 quae
669 921 734 960 ex
787 917 920 975 pace
958 901 1323 973 proveniunt,
1385 901 1721 971 percipiatis,
1783 911 1837 958 et
1879 900 2085 970 junctis

493 999 773 1053 nobiscum
795 993 1005 1049 bellicis
1029 994 1258 1059 viribus,
1283 993 1486 1048 nostris
1508 993 1727 1048 auxiliis
1749 991 2080 1056 conﬁrmati,

493 1087 806 1156 superiores
831 1085 1030 1140 vestris
1089 1084 1360 1151 hostibus,
1392 1085 1435 1140 si
1466 1085 1555 1154 qui
1594 1099 1690 1140 vos
1738 1085 2078 1149 adoriantur,

487 1178 758 1236 evadatis.
819 1176 972 1244 Quod
1019 1177 1067 1232 si
1126 1177 1202 1231 ita
1255 1177 1372 1232 ﬁeri
1433 1177 1629 1232 debere
1679 1175 2081 1247 judicaveritis,

493 1271 643 1343 quod
672 1270 790 1326 auri
825 1270 954 1326 facti
990 1268 1073 1324 vel
1105 1269 1289 1324 infecti
1323 1269 1408 1324 vel
1436 1269 1602 1324 etiam
1635 1269 1842 1339 argenti
1865 1283 1895 1322 a
1926 1267 2081 1323 vobis

491 1372 650 1417 antea
704 1361 862 1416 nobls
897 1361 1128 1425 redibat,
1181 1361 1248 1416 ad
1296 1359 1553 1414 amicitiae
1609 1358 2081 1416 conﬁrmationem

488 1468 587 1509 vos
617 1463 876 1524 praestare
927 1467 1143 1524 aequum
1179 1461 1284 1508 est.
1329 1449 1386 1507 Si
1426 1452 1478 1506 id
1509 1451 1934 1522 denegaveritis,
1986 1465 2082 1507 vos

487 1558 596 1616 qua
631 1547 818 1602 hostes
860 1543 1207 1613 ulciscemur,
1263 1555 1314 1601 et
1342 1554 1607 1616 quantum
1639 1545 1693 1600 in
1749 1544 1905 1600 nobis
1955 1543 2081 1608 erit,

487 1637 630 1692 bello
690 1652 1103 1708 persequemur.
1151 1656 1170 1690 ι
1210 1638 1289 1692 Ad
1336 1637 1450 1692 haec
1499 1635 1870 1692 Romanorum
1907 1636 2081 1706 impe-

2187 538 2286 609 τῆς
2309 539 2566 610 ὁμονοίας
2595 537 2864 608 ὠφελείας
2907 537 3002 592 καὶ
3046 537 3116 592 τά
3131 537 3179 569 ²⁰
3214 538 3310 592 τοῦ
3342 537 3580 609 πολέμου
3621 543 3773 611 πρά-

2183 645 2374 698 γματα
2399 628 2496 681 σὺν
2522 629 2654 700 ήμῖν
2679 629 2950 697 τίθεσθαι,
2974 631 3040 702 τῇ
3076 646 3136 683 τε
3162 629 3294 701 παρ’
3326 630 3460 702 ἡμῖν
3486 633 3778 705 συμμαχίᾳ

2187 718 2501 789 ρωσθέντας
2557 719 2723 773 πλέον
2765 718 2908 790 ἐχειν
2957 720 3097 792 πρὸς
3141 721 3272 784 τοὺς
3312 719 3586 786 ἐπιόντας.
3616 720 3680 775 Εἰ
3714 722 3777 775 δὲ

2183 810 2361 866 ταῦτα
2401 812 2577 865 ποιεῖν
2629 805 2732 865 ὦδε
2783 811 3045 883 κρίνοιτε,
3072 811 3344 883 ὑπάρχειν
3392 813 3527 882 ἡμῖν
3560 813 3780 869 δίκαιον

2185 903 2281 956 καί
2313 903 2414 956 ὅσα
2454 903 2513 956 ἐν
2557 902 2764 973 χρυσοῦ
2796 903 3017 975 ἀσήμου
3052 919 3112 957 τε
3145 904 3241 956 καί
3270 904 3548 974 ἐπισήμου
3588 904 3780 959 δόσεσι

2186 993 2555 1066 καὶάργύρου
2585 995 2714 1064 παρ’
2744 994 2900 1064 ὑμῶν
2931 993 3123 1064 ἐφοίτα
3172 995 3268 1049 ἐπὶ
3315 995 3503 1064 φιλίας
3555 995 3780 1066 βεϐαιό-

2185 1102 2331 1156 τητι.
2367 1085 2792 1154 Ἀπειπαμένων
2823 1083 2954 1157 γάρ,
2995 1085 3099 1140 ὅσα
3142 1085 3378 1158 ἐχθροὺς
3408 1088 3778 1159 ἀμυνόμενοι,

2185 1176 2375 1231 καθότι
2402 1177 2629 1232 δυνατὸν
2661 1177 3047 1250 πολεμήσομεν
3068 1178 3137 1231 ²⁹.
3168 1197 3188 1230 ι
3221 1180 3367 1251 Πρὸς
3394 1177 3568 1235 ταῦτα
3593 1183 3622 1236 ὁ
3639 1183 3783 1236 Ῥω·

2189 1266 2365 1337 μαίων
2396 1266 2652 1337 βασιλεὺς
2696 1266 2878 1332 ἔλεξεν
2917 1260 3019 1323 ὦδε
3041 1284 3055 1300 ο
3095 1287 3113 1321 ι
3145 1267 3209 1324 Εἰ
3263 1269 3362 1340 μέν
3389 1270 3436 1301 ³³
3460 1271 3520 1336 ἐς
3564 1271 3780 1341 ἀφανὲς

2186 1357 2449 1423 καθέντες
2479 1359 2581 1430 τὴν
2622 1359 2852 1431 γνώμην
2892 1361 3070 1431 ὑμῶν,
3107 1363 3238 1434 περὶ
3268 1356 3343 1418 ὧν
3373 1363 3776 1435 πρεσϐεύεσθε,

2185 1451 2498 1507 ἐδιδάσκετε
2521 1493 2534 1519 ,
2568 1451 2685 1506 οὔθ’
2717 1454 2850 1528 ἡμῖν
2889 1456 3001 1518 τοῖς
3041 1449 3425 1526 ἐκδεξαμένοις
3467 1455 3560 1510 τὸν
3609 1457 3776 1527 λόγον

2185 1542 2435 1615 χαλεπὴν
2497 1545 2849 1616 παρείχετ’²³
2888 1544 2957 1607 ἀν
3009 1546 3110 1619 τὴν
3158 1549 3474 1620 ἀπόκρισιν.
3519 1549 3675 1604 Ἐπεὶ
3715 1549 3776 1606 δέ

2183 1635 2254 1690 τά
2277 1636 2545 1707 εἰρημένα
2579 1639 2637 1702 ἐς
2669 1638 2770 1708 μέν
2818 1637 3162 1711 εὐπρέπειαν
3197 1639 3504 1710 σύγκειται,
3545 1641 3695 1714 ἔργῳ
3715 1643 3778 1696 δέ

488 1733 644 1782 rator
697 1733 812 1782 tunc
871 1729 1047 1782 dixit:
1091 1746 1109 1780 ι
1175 1729 1454 1799 Siquidem
1512 1738 1698 1799 aperte
1741 1738 1795 1783 et
1847 1727 2080 1783 dilucide

2189 1731 2453 1795 ἐναντίως
2481 1729 2616 1802 ἔχει,
2649 1735 2726 1806 πῇ
2759 1733 2859 1804 μὲν
2891 1733 3118 1807 εἰρήνης
3156 1735 3634 1806 μνημονευόντων,
3671 1737 3771 1792 ότέ

487 1825 724 1872 vestram
759 1820 1108 1884 sententiam,
1160 1797 1515 1890 exponentes,
1547 1797 1630 1884 ea,
1659 1819 1724 1874 de
1753 1819 1952 1889 quibus
2002 1817 2078 1872 le-

2184 1823 2228 1876 δ’
2260 1817 2418 1887 αὖθις
2437 1797 2676 1896 πόλεμον
2694 1797 3207 1898 ἐπίανατείνομένων
3240 1797 3422 1898 eam,
3443 1821 3520 1884 ὧν
3549 1797 3777 1900 συγχεῖν

485 1910 598 1980 gati
617 1909 772 1976 estis,
806 1925 906 1964 nos
951 1911 1299 1976 docuissetis,
1354 1911 1532 1976 nobis,
1567 1909 1655 1978 qui
1685 1917 1922 1963 vestrum
1962 1923 2080 1963 ser-

2185 1913 2406 1968 ἐοίκατε
2435 1917 2698 1988 ἑκάτερον
2741 1919 2807 1973 ἐκ
2857 1919 3090 1992 θατέρου
3111 1959 3126 1985 ,
3159 1920 3462 1990 ἀμφίϐολον
3511 1922 3605 1978 καὶ
3636 1925 3771 1994 ἡμῖν

487 2013 705 2053 moncm
737 1999 1074 2068 excepimus,
1097 1998 1164 2052 ad
1197 2011 1318 2051 eum
1363 1997 1586 2051 minime
1621 1994 1781 2051 dubia
1817 2004 1907 2050 aut
1939 1992 2078 2049 ditii-

2188 2007 2515 2063 καθίσταται
2563 2010 2701 2079 πρὸς
2727 2011 2755 2064 ὃ
2786 2029 2838 2064 τι
2881 2011 2988 2084 χρὴ
3046 2012 3264 2084 πρῶτον
3295 1992 3772 2086 ἀποκριναμένους

487 2091 616 2147 cilis
659 2089 886 2162 praebita
935 2100 1083 2146 esset
1138 2089 1418 2159 responsio
1463 2104 1480 2144 :
1536 2087 1630 2143 sed
1680 2087 1938 2158 quoniam
1993 2101 2078 2154 ea,

2188 2100 2264 2171 μὴ
2287 2102 2648 2172 ἁμαρτάνειν.
2676 2102 2975 2157 Λέλειπται
3003 2104 3060 2157 δέ
3075 2122 3128 2158 τι
3147 2105 3241 2158 καὶ
3259 2107 3324 2159 ἐκ
3342 2105 3450 2160 τῶν
3480 2107 3776 2179 παρόντων

391 2217 394 2220 η
485 2197 609 2252 qua:
677 2183 823 2237 dicta
882 2191 1010 2237 sunt
1049 2221 1067 2246 ,
1133 2182 1388 2236 decorum
1469 2179 1606 2250 quid
1656 2188 1710 2235 et
1793 2179 2079 2234 honestum

2187 2189 2623 2260 βουλεύσασθαιο
2658 2191 2766 2264 χρὴ
2811 2194 2921 2264 γὰρ
2977 2193 3055 2248 τὼ
3103 2194 3265 2250 διττὼ
3321 2196 3498 2250 τούτω
3550 2198 3698 2267 λόγω
3727 2198 3779 2231 ’⁸

484 2289 598 2345 pra:
624 2290 685 2330 se
712 2274 919 2341 (erunt,
954 2289 1015 2330 re
1051 2275 1164 2344 ipsa
1198 2288 1331 2329 vero
1361 2287 1519 2327 secus
1554 2286 1614 2327 se
1650 2271 1872 2336 habent,
1908 2286 2075 2341 quum

487 2366 649 2421 modo
697 2367 846 2436 pacis
881 2365 1210 2421 mentionem
1253 2363 1488 2430 faciatis,
1519 2365 1681 2419 modo
1715 2380 1906 2419 rursus
1966 2363 2082 2420 bel-

482 2459 593 2513 lutu
640 2455 920 2512 miuemini
958 2467 1012 2511 et
1039 2458 1351 2524 iulendatis,
1408 2473 1644 2527 quorum
1703 2466 1997 2526 utrumque
2027 2456 2080 2511 in

487 2558 722 2620 utroque
759 2550 1093 2605 confundere
1127 2560 1182 2606 et
1227 2550 1512 2606 involvere
1544 2549 1821 2615 videmini,
1871 2548 2084 2604 dubita;

484 2642 688 2697 tionem
742 2642 901 2698 nobis
931 2642 1211 2708 attulistis,
1252 2643 1338 2697 cui
1387 2644 1618 2712 primum
1653 2643 1949 2696 debeamus
1995 2655 2082 2696 re-

485 2735 776 2805 spondere,
813 2749 881 2789 ne
934 2734 990 2789 in
1015 2735 1197 2806 aliquo
1228 2734 1590 2789 olfettdutttus.
1626 2733 1733 2790 Sed
1759 2735 1960 2805 aliquid
1999 2745 2083 2790 ta-

487 2841 611 2878 men
635 2825 802 2879 etiam
827 2825 879 2879 in
917 2827 1207 2893 praesentia
1233 2826 1582 2881 considerare
1602 2825 1751 2880 licet.
1784 2827 1890 2896 ιο
1912 2824 2085 2896 Opor-

491 2925 569 2970 tet
600 2917 768 2980 enim,
813 2915 985 2971 divisa
1021 2917 1222 2986 duplici
1253 2927 1435 2972 vestra
1481 2919 1751 2983 oratione,
1789 2918 1840 2971 in
1874 2930 2082 2971 utram-

485 3021 593 3076 que
639 3016 852 3074 partem
907 3020 1220 3061 occurrere.
1276 3003 1332 3059 Si
1381 3005 1526 3061 enim
1563 3020 1697 3075 pure
1757 3014 1813 3060 et
1869 3006 2084 3061 sincere

491 3113 680 3169 pacem
703 3098 1125 3164 denuntiarelis,
1144 3097 1278 3167 quid
1308 3098 1530 3151 attinuit
1553 3097 1906 3168 pecuniarum
1953 3113 2083 3153 exa-

495 3191 694 3246 ctionis
715 3190 1053 3256 meminisse,
1083 3191 1298 3245 etiamsi
1328 3189 1625 3245 victoribus
1657 3205 1763 3245 non
1785 3190 1922 3246 satis
1947 3205 2077 3245 con-

485 3292 677 3349 staret,
733 3299 802 3338 an
847 3284 1181 3354 denegarent
1229 3291 1324 3336 aut
1369 3285 1755 3346 concederent,
1817 3283 1961 3352 quod
2007 3282 2077 3337 ab

492 3377 600 3431 illis
622 3376 863 3446 petitur?
883 3374 938 3430 Si
977 3390 1106 3430 vero
1121 3389 1308 3446 pacem
1337 3374 1637 3430 commodis
1667 3374 1867 3430 vestris
1897 3384 1951 3428 et
1978 3389 2077 3429 ex-

484 3472 742 3540 spectatis
796 3468 919 3523 belli
957 3468 1123 3523 lucris
1175 3466 1370 3523 obesse
1417 3467 1735 3536 epiuamini,
1774 3475 1828 3521 et
1886 3481 2080 3536 quam-

484 3576 650 3631 quam
682 3560 808 3615 victi
841 3560 997 3630 quasi
1022 3559 1227 3614 tributa
1258 3574 1286 3612 a
1319 3559 1476 3614 nobis
1510 3558 1716 3628 petitis,
1751 3559 1885 3614 nihil
1908 3559 2080 3628 magis

487 3669 589 3711 nos
647 3654 899 3725 amplecti
952 3663 1006 3709 et
1070 3653 1359 3723 persequi,
1422 3666 1584 3722 quam
1643 3651 1978 3721 voluptatem
2014 3665 2081 3707 ex

486 3745 624 3812 alio,
657 3748 798 3815 quod
832 3760 936 3816 pax
970 3745 1182 3810 tribuit,
1228 3743 1652 3798 existimantes:
1699 3744 1950 3798 eamdem
1985 3757 2082 3799 vos

484 3853 648 3907 quam
681 3847 840 3891 antea
864 3837 1173 3905 superbiam
1193 3836 1484 3891 ostenditis
1505 3843 1824 3902 tantumque
1851 3836 2078 3901 abestis,

487 3939 548 3983 ut
607 3928 857 3984 beneﬁcii
921 3928 1040 3983 loco
1098 3927 1224 3983 belli
1269 3927 1636 3983 cessationem
1697 3925 1966 3990 habeatis,
2023 3936 2082 3981 ut

483 4019 652 4073 etiam
688 4018 994 4072 mercedem
1039 4019 1194 4088 pacis
1227 4017 1532 4088 postuletis,
1569 4025 1621 4070 et
1653 4017 1918 4084 venalem,
1973 4033 2079 4072 non

486 4119 842 4178 spontaneaui
897 4107 1332 4163 adhortationem
1386 4108 1452 4162 ad
1511 4107 1808 4162 amicitiam
1848 4147 1863 4174 ,
1914 4124 2080 4178 quam

488 4217 637 4257 nunc
701 4200 1026 4272 proponitis,
1069 4197 1308 4254 faciatis.
1341 4197 1457 4254 Non
1486 4200 1630 4254 enim
1674 4215 1773 4256 nos
1822 4208 2079 4270 tauquam

485 4310 748 4367 bellorum
780 4310 942 4364 rudes
961 4317 1018 4363 et
1048 4309 1334 4380 imperitos
1357 4309 1727 4380 magnitudine
1778 4318 2080 4378 tantarum,

485 4413 621 4476 quas
678 4419 774 4460 vos
825 4403 1078 4474 iactatis,
1113 4403 1311 4457 virium
1369 4403 1854 4472 perterrefacietis.
1890 4403 2080 4474 Neque

2184 2282 2460 2348 διελόντας
2500 2285 2750 2355 ἀπαντᾷν
2783 2285 2929 2355 πρὸς
2976 2287 3163 2358 ἄμφω.
3191 2288 3252 2341 Εἰ
3301 2287 3400 2358 μὲν
3441 2288 3550 2359 γὰρ
3593 2289 3778 2344 καθα-

2188 2373 2298 2445 ρῶς
2341 2375 2569 2446 εἰρήνην
2604 2375 3033 2445 ἐπαγγέλλεσθε,
3073 2378 3125 2430 τί
3171 2378 3254 2432 δεῖ
3283 2379 3595 2452 μεμνῆσθαι
3634 2399 3780 2454 χρη-

2189 2465 2378 2536 μάτων
2415 2469 2692 2538 αἰτήσεως
2717 2484 2732 2534 ;
2759 2469 2941 2524 καίτοι
2973 2470 3078 2524 κάν
3107 2470 3281 2542 τούτῳ
3309 2471 3373 2527 οὐ
3409 2474 3506 2526 σὺν
3538 2471 3616 2545 τῷ
3637 2491 3780 2544 προσ

2186 2557 2354 2629 χείρῳ
2381 2561 2413 2630 ή
2447 2559 2609 2630 βουλὴ
2651 2563 2764 2626 τοῖς
2791 2563 3138 2633 νενικηκόσιν
3188 2563 3325 2635 πρὸς
3347 2563 3446 2634 τὴν
3475 2565 3706 2636 ἄρνησιν
3739 2567 3776 2637 ἢ

2185 2651 2284 2722 τὴν
2319 2652 2635 2707 καταίνεσιν
2659 2654 2725 2706 ³⁸.
2759 2655 2824 2707 Εἰ
2845 2653 2902 2707 δέ
2935 2655 3258 2709 ἐπισκοπεῖν
3288 2655 3334 2687 ³⁸
3366 2656 3497 2726 ὑμῖν
3541 2658 3680 2728 πρὸς
3712 2659 3779 2713 τὸ

2188 2742 2470 2816 συμφέρον
2497 2745 2713 2807 καὶτὰς
2751 2747 2816 2800 ἐκ
2848 2745 2945 2800 τοῦ
2980 2745 3222 2816 πολέμου
3266 2747 3582 2814 πλεονεξίας
3615 2753 3779 2820 ἡγεῖ-

2188 2833 2282 2886 605
2314 2834 2414 2904 τὴν
2446 2833 2741 2904 σύμόασιν,
2772 2835 2869 2889 καὶ
2915 2835 3249 2906 ἡττηθέντες
3293 2836 3483 2909 ὥσπερ
3528 2839 3778 2910 δασμοὺς

2187 2923 2318 2995 παρ’
2345 2924 2506 2995 ήμῶν
2551 2925 2955 2994 ἀπαιτήσοντες
2993 2925 3184 2994 ἥκετε,
3224 2927 3324 2996 τῆς
3383 2927 3670 3000 ῥᾳστώνης
3713 2929 3777 2985 τὸ

2187 3012 2442 3082 τερπνὸν,
2474 3013 2599 3066 ὅσον
2632 3016 2826 3085 εἰρήνη
2856 3015 3096 3080 δίδωσιν,
3135 3018 3203 3070 ἐκ
3251 3017 3460 3080 παντὸς
3502 3019 3781 3088 μεταδιώ-

2189 3106 2312 3157 κεῖν
2337 3106 2484 3176 ἡμᾶς
2504 3107 2844 3177 νομίζοντες,
2867 3106 3060 3177 ἔχεσθε
3089 3110 3188 3178 τῆς
3229 3110 3424 3179 ὁμοίας
3443 3113 3510 3182 τῇ
3537 3113 3581 3144 ’⁷
3599 3113 3778 3183 πρόσ-

2188 3197 2281 3252 θεν
2336 3199 2761 3269 ἐπιχειρήσεως,
2815 3199 2942 3270 μηδ’
2984 3199 3068 3264 εἰς
3099 3201 3144 3232 "
3176 3201 3496 3272 εὐεργεσίας
3544 3203 3702 3272 λόγον
3722 3206 3771 3238 ’⁸

2187 3286 2578 3359 προϊσχόμενοι
2615 3288 2658 3319 ³ο
2689 3287 2784 3341 τοῦ
2816 3287 3054 3358 πολέμου
3095 3287 3197 3359 τὴν
3228 3289 3520 3345 κατάλυσιν
3554 3291 3770 3346 αἰτεῖτε

2188 3378 2382 3450 μισθὸν
2437 3379 2540 3448 τῆς
2587 3377 3012 3450 συγχωρήσεως.
3045 3379 3266 3451 ὠνητὴν
3294 3381 3391 3434 καὶ
3421 3381 3520 3434 οὐκ
3548 3380 3771 3436 ἐθελούο

2137 3541 2139 3543 ι
2187 3487 2304 3524 σιον
2388 3469 2707 3540 ποιούμενοι
2758 3469 2859 3540 τὴν
2886 3468 3168 3539 παροῦσαν
3199 3471 3257 3536 ἐς
3297 3471 3396 3542 τὴν
3429 3472 3613 3540 φιλίαν
3637 3473 3776 3545 πρό·

2187 3564 2401 3632 κλησιν.
2429 3561 2504 3613 Οὐ
2530 3561 2640 3632 γάρ
2675 3560 2741 3631 δὴ
2788 3560 3042 3632 πολέμων
3098 3562 3365 3634 ἀπείρους
3412 3563 3573 3630 ὄντας
3619 3567 3774 3637 ἡμᾶς

2183 3655 2262 3725 τῷ
2305 3655 2502 3722 πλήθει
2546 3654 2647 3725 τῆς
2699 3654 2869 3708 πολλά
2917 3653 2983 3726 δὴ
3026 3655 3450 3727 κομπασθείσης
3493 3659 3584 3727 ὑφ’
3614 3659 3776 3730 ὑμῶν

2182 3747 2464 3818 δυνάμεως
2489 3745 2793 3817 ἐκπλήξετε
2815 3763 2828 3778 ·
2861 3746 2982 3800 οὐδὲ
3011 3746 3231 3819 πλούτῳ
3248 3748 3290 3780 ³¹
3320 3749 3580 3822 λαφύρων
3617 3753 3759 3808 Ἴτε-

2181 3838 2350 3892 λικῶν
2418 3838 2870 3910 ἐπικομιζόμενοι
2908 3838 2974 3905 ³³,
3010 3837 3186 3903 ἀδεῶς
3238 3840 3325 3893 ἐπ’
3365 3841 3518 3895 οἴκου
3564 3845 3775 3916 πορεύ.

2185 3931 2345 3986 σεσθε
2369 3948 2384 3964 ο
2423 3931 2562 3986 ἀλλά
2599 3932 2756 4002 δῆλαι
2794 3932 2894 4003 μὲν
2924 3933 3081 4006 ὑμῶν
3111 3937 3170 3991 αἰ
3199 3937 3364 4003 πεζαὶ
3394 3941 3775 4010 παρασκευαὶ,

2182 4025 2283 4078 οὐκ
2311 4023 2502 4098 ἄδηλοι
2537 4024 2594 4078 δέ
2627 4025 2684 4078 αἰ
2731 4024 2841 4078 τῶν
2879 4027 3115 4091 ἰππέων,
3150 4027 3286 4100 πρὸς
3316 4029 3384 4097 ἀς
3412 4031 3471 4093 ἐς
3504 4031 3710 4102 τρόπον
3729 4032 3776 4066 ³³

2182 4117 2274 4172 τὸν
2307 4117 2532 4172 δυνατὸν
2575 4117 3038 4190 ἀντιστησόμεθα.
3071 4119 3374 4194 Τολμῶμέν
3420 4138 3480 4176 τε
3503 4123 3610 4195 γάρ
3649 4121 3776 4195 μετ’

2182 4210 2506 4280 ἀσφαλείας,
2548 4212 2644 4264 καὶ
2693 4212 3088 4283 ἀναχωροῦμεν
3140 4214 3239 4266 σὺν
3290 4213 3626 4286 προμηθείᾳ,
3678 4211 3776 4271 οἷα

2180 4303 2245 4374 δὴ
2273 4301 2523 4374 λογισμῷ
2553 4303 2786 4372 ἡγεμόνι
2811 4305 2870 4364 ἐς
2902 4303 3081 4358 πάντα
3108 4304 3405 4376 χρώμενοι,
3439 4301 3520 4369 οἷς
3554 4309 3588 4377 ή
3614 4305 3776 4377 ἰσχὺς

2183 4393 2532 4466 βεϐαιοτάτη,
2564 4393 2661 4446 καὶ
2686 4394 2982 4466 ἐμπειρίαν
3018 4395 3340 4466 πολεμικῶν
3370 4395 3548 4468 ἔργων
3575 4397 3774 4466 διαφε-

486 4513 618 4553 vero
679 4496 871 4566 spoliis
920 4495 1231 4550 Italicarum
1265 4509 1430 4564 opum
1483 4494 1663 4549 onusti
1709 4493 1929 4564 impune
1979 4496 2076 4551 do-

2186 4491 2392 4562 ρόντως
2429 4489 2666 4562 ἔχοντες.
2716 4489 2908 4561 Ὑμεῖς
2960 4490 3016 4544 δὲ
3055 4493 3196 4562 μετά
3229 4509 3289 4546 τε
3325 4491 3418 4548 τοῦ
3469 4494 3771 4564 προχείρου

487 4605 634 4643 mum
691 4587 978 4644 revertetis
1031 4604 1047 4642 :
1093 4594 1290 4641 vestrae
1341 4586 1628 4656 pedestres
1679 4589 1855 4655 capias
1918 4588 2079 4643 nobis

486 4690 616 4733 sunt
657 4687 818 4742 notae,
874 4693 1051 4748 neque
1083 4687 1372 4747 equestres
1410 4677 1632 4748 ignotae,
1665 4679 1864 4749 quibus
1899 4695 2076 4749 quau-

489 4783 602 4825 tum
627 4772 681 4825 in
709 4771 862 4826 nobis
887 4771 994 4826 erit
1045 4785 1375 4840 quacunque
1418 4771 1502 4824 via
1535 4771 1874 4828 resistemus.
1895 4770 2078 4828 Aude-

488 4880 613 4920 mus
640 4864 785 4919 enim
842 4879 970 4920 cum
1002 4863 1321 4927 securitate,
1383 4863 1696 4920 recedimus
1723 4879 1844 4918 cum
1899 4864 2080 4933 provi-

485 4953 695 5019 dentia,
727 4961 784 5008 et
810 4954 861 5008 iu
898 4954 1153 5010 omnibus
1184 4953 1348 5009 rebus
1370 4953 1657 5022 prudentia
1685 4951 1823 5008 duce
1841 4960 2076 5022 utentes,

487 5061 609 5114 quae
647 5047 940 5114 plurimum
989 5046 1176 5114 valet,
1219 5061 1320 5102 usu
1362 5054 1418 5100 et
1470 5044 1552 5099 rei
1596 5043 1848 5100 militaris
1886 5046 2079 5114 peritia

485 5148 826 5208 praestamus.
909 5137 1018 5194 Vos
1079 5153 1205 5194 cum
1261 5137 1460 5193 ardore
1511 5145 1566 5192 et
1650 5139 2078 5208 promptitudine

2182 4582 2338 4636 ἔπιτε
2366 4581 2431 4648 ³⁸,
2465 4583 2559 4634 καὶ
2590 4581 3057 4652 διαμαρτάνοντες
3102 4583 3214 4638 τῶν
3259 4582 3437 4656 ἔργων
3467 4585 3557 4640 διά
3593 4588 3656 4640 τδ
3692 4587 3774 4658 μὴ

2182 4673 2603 4745 προσκέψασθαι
2651 4675 2736 4743 ἐφ’
2774 4674 2810 4728 ἃ.
2853 4675 2936 4729 δεῖ
2966 4676 3142 4731 ἐλθεῖν
3165 4716 3180 4742 ,
3208 4678 3375 4748 πείρᾳ
3421 4677 3522 4749 τὴν
3561 4677 3774 4750 βλάϐην

2180 4763 2276 4819 τοῦ
2312 4763 2620 4836 προπετοῦς
2647 4765 2942 4836 φερόμενοι
2986 4767 3448 4838 μεταγινώσκετε.
3487 4769 3615 4834 Τοῖς
3659 4771 3776 4841 γὰρ

2180 4861 2328 4928 ζέσει
2375 4861 2432 4923 ἐς
2471 4859 2572 4922 τάς
2609 4858 2840 4930 πράξεις
2881 4859 2958 4930 μὴ
2991 4859 3035 4892 ³⁵
3069 4862 3516 4932 συμφερομένοις
3548 4863 3772 4932 ἀνάγκη
3840 4847 3852 4875 ³

2180 4954 2277 5009 τοῦ
2337 4952 2620 5023 βελτίστου
2671 4952 3026 5023 ἁμαρτάνειν.
3075 4952 3187 5006 Καὶ
3219 4955 3435 5022 ταχεῖαι
3481 4953 3580 5022 μὲν
3610 4953 3775 5023 ὑμῶν

2181 5046 2238 5100 αἰ
2266 5044 2664 5116 ἐπιχειρήσεις,
2703 5042 2772 5096 δι’
2805 5041 2991 5110 ὀλίγου
3023 5042 3081 5098 δὲ
3125 5045 3181 5096 αἰ
3223 5044 3606 5116 μεταμέλειαι.
3657 5046 3775 5098 Καὶ

2185 5138 2247 5192 τὸ
2279 5137 2522 5210 σύμπαν,
2574 5135 2718 5190 κατὰ
2746 5134 2808 5188 τὸ
2847 5135 3016 5204 εἰκὸς,
3057 5135 3334 5206 θαύματος
3393 5137 3770 5208 ἀπήλλακται.

1880 5277 2119 5335 νΑιιιΑζ
2179 5273 2582 5334 LECTIONES.

561 5416 606 5448 "
629 5415 695 5468 τά
726 5416 850 5470 add.
880 5413 989 5487 N.__
1023 5416 1064 5446 ²²
1094 5413 1482 5487 πολεμήσομεν
1500 5417 1596 5480 Η.,
1625 5416 2066 5487 πολεμησόμενοι
2090 5417 2172 5472 vel
2203 5397 2618 5487 πολεμισόμενοι
2640 5411 2822 5487 codd._
2869 5413 2913 5445 ”
2943 5412 3064 5487 μὲν]
3092 5413 3201 5487 imo
3226 5415 3326 5484 μὲν
3355 5412 3430 5484 μὴ
3451 5413 3512 5466 Β.
3587 5411 3632 5443 ⁸³
3662 5429 3772 5487 πα-

489 5487 791 5564 ρείχετίᾶν
818 5484 1038 5564 τὴνΔΝη
1072 5489 1301 5564 παρεῖχε
1329 5486 1536 5564 ταύτην
1574 5487 1720 5564 vulg.
1751 5484 1928 5564 ficti);
1944 5487 2108 5558 διττῷ
2133 5487 2326 5564 τούτοις
2343 5486 2486 5564 λόγῳ
2515 5484 2661 5555 vulg.

1347 5556 1394 5588 “
1424 5553 1769 5628 ἐπισκοπέῖν]
1803 5553 1986 5612 [ἐτι
2028 5553 2263 5628 σκοπεῖν
2283 5553 2372 5618 Β.,
2403 5553 2714 5628 ἐπισκοτεῖν
2736 5553 2818 5628 Cl.
2854 5553 3040 5628 fit?)
3073 5554 3159 5620 B.,
3186 5553 3317 5628 357;;
3341 5554 3487 5628 vulg.
3565 5554 3612 5585 "
3645 5553 3758 5628 μηδ

1959 5630 2002 5660 ³⁸
2033 5627 2440 5699 προϊσχόμενος
2472 5623 2536 5677 ll.
2574 5638 2684 5699 m_g.

490 5557 762 5621 Lantocl.,
815 5557 1092 5609 κατενεσιν
1125 5557 1250 5610 edd.

492 5631 569 5699 εἰς
600 5625 1156 5699 τ--λόγονναίοςίιιθ
1197 5626 1387 5699 μηδεὶς
1409 5657 1486 5699 _-——
1505 5627 1680 5697 λόγων
1714 5625 1860 5699 vulg.

490 5696 534 5766 fl
566 5697 791 5748 πλοῦτον
831 5698 893 5749 Η.
990 5698 1034 5728 ³¹
1070 5697 1577 5766 ἐπικομπαζόμενοι
1624 5699 1686 5754 Ν.

496 5763 650 5818 Haud
682 5766 844 5820 dubie
877 5768 1026 5822 locus
1047 5763 1339 5836 corruptus
1357 5778 1464 5821 est.

1782 5700 1826 5729 ³³
1862 5699 2065 5770 τρόπον
2100 5699 2242 5768 vulg.

2777 5483 2823 5516 "
2858 5483 3204 5556 καταίνεσιν]
3230 5483 3583 5538 κατάνευσιν
3617 5483 3768 5551 conj.

2782 5553 2795 5575 1
2896 5553 2939 5575 .1
2975 5556 3036 5575 -3
3073 5554 3114 5575 η
3202 5556 3298 5575 -2-
3343 5554 3468 5575 _--_I_
3565 5554 3612 5575 II
3648 5553 3770 5575 --_.2.

2779 5624 2822 5655 ³ο
2850 5609 3158 5680 ἐθελούσιον
3185 5609 3769 5694 Νίξέθέλόὐσινγύἰξ.

2343 5695 2387 5726 ³³
2415 5694 2569 5749 ἔπιτε
2612 5693 2698 5761 8.,
2755 5693 2947 5752 ἔπειτα
2976 5695 3122 5767 vulg.
3217 5697 3261 5730 ³⁸
3289 5693 3366 5766 μὴ
3401 5709 3512 5752 om.
3547 5693 3638 5752 ed.
3681 5693 3769 5776 pr.
