4050 6456
293 360 404 424 6ίῦ

1075 365 1175 426 DE
1216 361 1790 426 LEGATIONIBUS
1825 357 2192 420 GENTIUM
2231 356 2340 418 AD.
2371 355 2753 421 ROMANOS.

3441 351 3552 417 ιιι

297 467 629 529 ἀντιπάλους
671 465 805 534 ἡμῖν
848 463 1115 534 τυχόντας
1164 465 1260 516 καὶ
1306 462 1454 534 ἠθῶν
1483 461 1752 533 ἀνομοίων
1781 460 1905 521 καὶ,

1989 459 2372 528 aggredimini,
2427 462 2626 517 deinde
2691 477 2874 519 rerum
2923 463 3212 536 adeptione
3266 469 3551 542 frustrati,

292 561 359 625 ὲς
399 559 499 624 τὰς
526 556 753 628 γνώμας
801 554 1196 628 πραττομένων
1228 555 1507 609 διεστάναι
1536 554 1637 607 οὐκ
1673 555 1875 608 ἀποπε-

293 645 546 718 ποιηκὼς
576 647 646 712 ³⁸,
690 645 782 700 καὶ
811 646 957 715 ὑμᾶς
1013 644 1114 714 μὲν
1164 643 1402 714 ἀμαθίᾳ,
1437 645 1585 714 ἡμᾶς
1626 643 1683 697 δὲ
1731 643 1876 714 λόγῳ

291 740 561 800 συνεῖναι,
630 735 728 788 σὺν
791 727 836 802 ᾧ
886 733 1124 804 μάλιστα
1187 732 1284 788 καὶ
1339 733 1401 786 τὸ
1467 736 1690 803 κρατεῖν
1747 733 1876 796 τοὺς

287 829 500 900 ἥσσους
530 827 574 859 ³⁷
601 824 711 878 τῶν
741 823 1006 877 πλειόνων
1050 825 1413 894 περιγίνεται,
1447 823 1662 876 συνέσει
1692 822 1799 894 πρὸ
1829 823 1875 856 ³⁸

287 919 580 987 δυνάμεως
602 916 980 978 πιστεύοντας.
1013 915 1154 979 Tatii;
1169 932 1228 967 τε
1248 913 1501 976 πλείονας
1523 915 1620 968 σὺν
1641 912 1716 982 τῷ
1747 913 1876 967 ἀλο-

287 1009 472 1080 γίστῳ
503 1008 591 1061 διὰ
639 1007 819 1077 μάχης
871 1007 1050 1070 ἰόντας
1100 1006 1292 1060 κάκιον
1344 1005 1659 1076 ἀμανᾶσθαι
1692 1005 1874 1076 39,59-

287 1112 394 1164 γου
459 1098 628 1166 πείρα
686 1094 888 1164 μᾶλλον
925 1096 958 1166 ἢ
1001 1095 1162 1163 λόγου
1227 1095 1661 1165 κομπωδεστέρᾳ
1707 1113 1876 1166 προσ·-

288 1187 516 1257 ποιήσει
540 1183 883 1250 διδάσκεσθε,
902 1183 1199 1254 βλέψαντες
1226 1185 1271 1215 ⁸ο
1293 1184 1351 1246 ές
1369 1184 1438 1237 τὰ
1458 1185 1679 1237 Σκυθῶν
1704 1184 1872 1254 πάθηο

292 1278 439 1348 μετὰ
474 1293 612 1346 σαφε
623 1279 833 1330 στάτων
865 1274 976 1345 γὰρ
996 1276 1318 1347 τεκμηρίων
1343 1279 1438 1329 καὶ
1458 1277 1557 1329 οὐκ
1578 1276 1875 1346 ἀμάρτυρα

289 1369 547 1439 λέξομεν.
582 1359 744 1421 Οὗτοι
772 1367 837 1437 δὴ
887 1367 1189 1437 τριάκοντα
1239 1367 1466 1438 μυριάσι
1520 1366 1752 1438 στρατοῦ
1787 1365 1874 1435 ἐφ’

294 1461 571 1531 ἑκατέρας
607 1459 705 1523 τὰς
736 1459 1002 1530 ἠπείρους
1052 1459 1436 1522 σκεδασθέντες
1478 1459 1625 1530 πάσῃ
1669 1464 1734 1530 τῇ
1787 1460 1878 1512 δυ-

297 1555 463 1624 νάμει
497 1551 813 1624 ἡττήθησαν
844 1551 978 1622 πρὸς
1005 1549 1185 1622 ἡμῶν,
1225 1550 1319 1604 καὶ
1348 1550 1577 1620 λαμπρὰ
1597 1552 1711 1614 τοῖς
1731 1567 1876 1605 νενι-

301 1646 532 1714 κηκόσιν
576 1643 903 1697 ὑπελίποντο
957 1644 1057 1712 τῆς
1109 1642 1316 1706 οἰκείας
1361 1644 1564 1713 ἀρετῆς
1631 1643 1878 1714 ὑπομνή-

313 1753 482 1805 ματα,
510 1728 580 1792 ὧν
609 1734 709 1805 τὴν
741 1732 996 1788 εὓκλειαν
1019 1736 1074 1798 ἐς
1100 1737 1159 1788 τὸ
1188 1734 1447 1798 παντελὲς
1469 1734 1662 1804 ἕξομεν
1692 1734 1788 1789 νῦν
1819 1752 1878 1790 τε

1977 550 2102 617 quia
2132 564 2238 618 qua
2265 553 2518 621 progredi
2563 554 2868 621 oportebat,
2926 569 3034 610 non
3069 566 3192 612 ante
3216 561 3552 628 providistis,

1975 641 2235 697 damnum
2265 643 2598 713 experientia
2655 645 2772 716 ipsa
2802 660 2870 701 ex
2902 657 3080 704 vestra
3114 653 3419 709 temeritate
3459 669 3551 708 re-

1975 741 2255 803 portantes
2301 737 2615 806 poenitentia
2664 738 2948 797 dueimiui.
3001 741 3105 808 Qui
3165 743 3311 797 enim
3360 743 3550 816 [haud]

1975 838 2103 879 cum
2130 823 2361 892 fervore,
2392 827 2460 880 ad
2492 841 2581 882 res
2616 828 2885 896 gerendas
2929 827 3204 898 feruntur,
3234 833 3334 887 hos
3366 834 3420 889 in
3456 847 3557 902 op-

1979 915 2108 970 tima
2145 930 2362 986 quaque
2392 931 2452 972 re
2482 918 2628 974 vires
2681 918 2902 973 minime
2929 919 3164 976 deﬁcere
3199 935 3426 977 necesse
3445 931 3551 978 est.

1976 1006 2218 1061 Conatus
2267 1017 2323 1062 et
2376 1008 2754 1077 aggressiones
2811 993 3007 1064 vestrae
3067 1019 3195 1065 sunt
3244 1012 3437 1067 subita:
3499 1023 3557 1068 et

1977 1099 2270 1167 repentinas
2323 1107 2380 1154 et
2411 1099 2559 1153 brevi
2596 1108 2718 1168 post
2755 1100 3096 1169 poenitentia.
3126 1099 3186 1156 In
3239 1102 3552 1156 universum

1979 1202 2088 1242 non
2139 1189 2394 1255 estquod
2427 1189 2706 1252 miremur,
2741 1202 2836 1244 vos
2879 1205 3038 1258 quam
3075 1191 3369 1246 adversarii
3400 1192 3556 1247 nobis

1972 1279 2094 1334 sitis
2119 1287 2176 1334 et
2231 1279 2568 1333 diversorum
2601 1294 2833 1345 morum,
2854 1282 3018 1336 etiam
3045 1296 3228 1338 rerum
3276 1284 3546 1353 gerenda-

1977 1385 2098 1424 rum
2132 1369 2370 1425 consiliis
2399 1385 2430 1424 a
2464 1370 2620 1425 nobis
2650 1370 2888 1427 distare.
2915 1410 2932 1426 .
2969 1414 2984 1429 .
3018 1381 3074 1428 et
3108 1388 3203 1428 vos
3229 1375 3557 1442 temeritate,

1978 1476 2080 1517 nos
2117 1463 2349 1517 consilio
2379 1463 2659 1532 congredi,
2687 1476 2796 1533 quo
2819 1467 3161 1533 paucioribus
3188 1480 3402 1536 quoque
3448 1483 3557 1522 non

1979 1572 2104 1612 raro
2131 1559 2312 1626 plures
2335 1561 2554 1614 vincere
2575 1559 2823 1630 contigit,
2883 1561 3010 1616 dum
3047 1562 3329 1632 prudentia
3352 1561 3554 1630 potius,

1978 1662 2142 1717 quam
2174 1651 2382 1706 viribus
2427 1651 2758 1707 nitebantur.
2819 1651 3006 1707 Plures
3053 1661 3233 1707 autem
3263 1661 3467 1709 temere
3499 1662 3558 1710 et

1981 1738 2355 1808 imprudenter
2403 1740 2648 1808 praelium
2686 1741 2936 1797 ineuntes
2973 1741 3117 1798 malo
3144 1741 3305 1809 allici,
3354 1758 3413 1798 re
3436 1743 3554 1814 ipsa

312 1825 408 1880 καὶ
451 1825 658 1891 ἔπειτα,
688 1824 767 1895 τῷ
818 1824 992 1895 χρόνῳ
1037 1825 1534 1896 συμπαραθέουσαν
1566 1823 1634 1878 ⁸⁸⁸.
1669 1825 1782 1888 Τάς
1814 1842 1875 1879 τε

1989 1828 2176 1897 potius,
2201 1843 2362 1898 quam
2419 1830 2706 1884 verborum
2753 1829 3086 1900 eicgantiore
3135 1843 3330 1885 ornatu
3364 1810 3558 1887 didici...

321 1917 636 1989 ’Δλαμανῶν
664 1918 708 1949 δ’
745 1918 1032 1988 συμφορὰς
1065 1918 1218 1986 ἄγειν
1250 1919 1390 1986 σφᾶς
1438 1917 1532 1971 τοῦ
1585 1918 1876 1990 προχείρου

298 2007 383 2080 τῷ
401 2007 795 2080 ἀναρριφθέντι
833 2011 931 2078 τῆς
970 2010 1370 2078 ἐπιχειρήσεως
1428 2009 1738 2079 ταχυτέραν
1785 2009 1880 2063 καὶ

296 2093 371 2147 δι’
411 2091 594 2161 ὀλίγου
620 2092 804 2145 ἔθεντο
863 2093 960 2161 τὴν
1012 2092 1374 2162 μετάγνωσιν.
1426 2093 1619 2162 Ἡμεῖς
1679 2110 1739 2146 τε
1789 2095 1880 2147 ἐπὶ

296 2183 423 2246 ταῖς
476 2181 883 2254 πλημμελείαις
918 2182 1092 2252 ὑμῶν,
1129 2179 1217 2246 αἶς
1241 2184 1319 2246 εὶς
1350 2185 1497 2253 ἡμᾶς
1527 2185 1883 2257 ἐπλημμελή-

285 2279 462 2338 ’σατε,
488 2272 590 2327 οὐκ
626 2273 876 2344 ἀποχρῆν
916 2273 1193 2344 ἡγούμεθα
1244 2275 1310 2344 ἣν
1342 2275 1389 2306 ⁸³
1417 2276 1648 2330 ἐπάθετε
1703 2294 1880 2348 τιμω-

302 2365 448 2438 ρίαν,
481 2365 533 2419 εί
596 2364 673 2437 μὴ
728 2365 825 2419 καὶ
855 2365 947 2418 τὸν
977 2366 1192 2436 Ἵστρον
1251 2367 1595 2438 ὑπερϐάντες
1645 2371 1704 2422 έν
1737 2370 1883 2439 ὅροις

296 2459 418 2522 τοῖς
485 2457 776 2529 ὑμετέροις
845 2457 943 2528 τὴν
1009 2459 1181 2530 ὀργὴν
1259 2458 1336 2522 ὼς
1405 2461 1883 2534 προαδικήσαντας

301 2549 451 2619 ὑμᾶς
476 2547 525 2581 ⁸⁸
551 2547 980 2620 ἅποπλήσαιμεν
1014 2549 1082 2605 ⁸⁸.
1116 2550 1360 2620 Πόλεμον
1411 2552 1521 2621 γὰρ
1568 2553 1662 2606 ἐπὶ
1719 2570 1884 2606 σπον-

300 2641 421 2705 δαῖς
449 2640 769 2712 ἀκήρυκτον
801 2644 887 2711 ἐφ’
916 2642 1064 2712 ἡμᾶς
1104 2642 1390 2714 ἠγείρατε,
1425 2643 1752 2714 ἐγκλήματα
1787 2645 1885 2715 μὲν

301 2734 380 2797 ὡς
413 2733 498 2798 είς
524 2735 1000 2806 προαδικήσαντας
1024 2735 1270 2803 “cinctu
1298 2736 1397 2789 οὐκ
1432 2736 1672 2807 ἔχοντες,
1700 2738 1889 2791 ἐπιθυ-

308 2823 458 2895 μίαις
486 2823 545 2878 δέ
575 2840 687 2878 τισι
719 2824 815 2879 καὶ
847 2825 1033 2878 ἐλπίσι
1063 2823 1476 2894 κουφισθέντες,
1516 2827 1613 2879 σὺν
1643 2821 1731 2890 αἷς
1761 2828 1887 2897 ὅμι-

311 2916 403 2980 λος
433 2917 723 2985 ἀλόγιστος
756 2917 1064 2987 ἐπαίρεται,
1097 2919 1357 2988 στρατιᾶς
1390 2917 1486 2972 καὶ
1525 2917 1768 2989 πολέμου
1797 2920 1890 2974 ἀν-

315 3009 733 3082 τιλαμϐάνεσθε.
769 3008 934 3063 Ὅθεν
951 3010 1049 3062 οὐκ
1079 3009 1183 3074 ἔξω
1209 3009 1534 3080 προσδοκίας
1559 3011 1767 3082 ἄγομεν
1792 3013 1888 3066 καὶ

316 3101 466 3174 παρα
492 3101 584 3156 τοῦ
619 3099 766 3155 θείου
800 3099 1019 3174 ἔσεσθαι
1072 3103 1205 3172 ἡμῖν
1238 3102 1454 3172 ἀρωγὰ,
1500 3097 1588 3155 οἷα
1634 3103 1698 3175 δὴ
1730 3104 1887 3174 ἡμῶν

318 3192 420 3264 μιν
443 3191 642 3266 θεσμὸν
666 3191 758 3246 τὸν
786 3193 880 3246 ἐπὶ
913 3192 1170 3256 σπονδαῖς
1199 3193 1301 3246 οὐκ
1327 3194 1732 3263 ἀτιμασάντων,
1751 3196 1888 3249 Ἴου·-

313 3283 561 3356 θοιῖγγων
613 3283 670 3339 δὲ
727 3283 912 3339 ἄδικον
959 3283 1076 3338 ὁδόν
1133 3301 1194 3337 τε
1245 3284 1330 3354 ἐφ’
1362 3285 1536 3354 ῖήμᾶς
1599 3285 1885 3352 ἐλθόντων,

308 3375 408 3432 καὶ
445 3374 648 3448 ὅρκους
695 3376 789 3428 καὶ
822 3376 1004 3428 πᾶσαν
1055 3371 1294 3437 πίστεως
1353 3372 1680 3445 βεϐαιότητα
1738 3376 1890 3445 παρὰ

311 3467 520 3538 φαῦλον
539 3466 864 3538 τιθεμένων.
889 3465 1012 3529 Τοῖς
1037 3484 1095 3520 τε
1125 3461 1190 3520 αὖ
1233 3463 1496 3535 φθάνουσι
1526 3466 1890 3538 κατορθώμα-

312 3576 400 3613 σιν
447 3557 513 3612 τὸ
547 3557 740 3629 μέλλον
779 3557 1170 3628 λαμϐάνοντες,
1213 3559 1304 3610 καὶ
1330 3557 1584 3628 περὶτῶν
1617 3557 1892 3628 ἐσομένων

309 3653 414 3708 οὐκ
442 3650 753 3714 ﬁrmandus);
785 3651 921 3721 πρὸς
954 3654 1067 3714 τοῖς
1114 3651 1428 3721 εἰρημένοις
1479 3652 1695 3721 χρηστὰ
1734 3649 1893 3717 δοξά-

313 3741 590 3814 ζομεν.Ἦ
625 3743 723 3814 μὲν
754 3742 865 3814 γὰρ
883 3743 969 3796 ἐπ’
995 3743 1274 3814 εὐπραγίᾳ
1303 3742 1456 3806 ἐλπὶς
1488 3744 1686 3814 θάρσος
1712 3743 1890 3812 φέρει,

319 3835 488 3904 φόὸον
505 3821 550 3868 ⁸⁵³
580 3833 697 3906 su;
737 3835 830 3888 ἐπὶ
867 3834 945 3904 τῷ
989 3835 1238 3904 ἐναντίῳ.
1271 3833 1533 3905 Λογισμῷ
1575 3850 1636 3886 τε
1663 3833 1894 3904 ἡγεμόνι

327 3923 466 3998 πρὸς
494 3925 590 3992 τὰς
623 3926 856 4000 πράξεις
886 3925 1180 3998 χρώμενοι,
1213 3927 1311 3990 τάς
1341 3943 1400 3979 τε
1433 3925 1590 3991 δόξας
1623 3925 1730 3979 τῶν
1759 3942 1898 3996 συμ·

323 4013 642 4089 δησομένων
671 4020 772 4070 οὐκ
808 4015 1188 4078 ἀϐασανίστως
1238 4014 1606 4086 προσιέμεθα,
1652 4016 1755 4067 κάν
1783 4015 1896 4078 τοῖς

319 4107 611 4180 παροῦσιν,
633 4105 722 4164 οἷα
754 4108 946 4180 ἄνδρες
967 4106 1198 4177 ἀθληταὶ
1219 4105 1479 4160 κινδύνων
1503 4105 1612 4160 τῶν
1639 4107 1897 4177 ἀρίστων,

317 4201 420 4254 οὐκ
490 4199 908 4273 ὲκπληττόμεθα
940 4201 1060 4262 ταῖς
1112 4197 1208 4250 τοῦ
1250 4196 1489 4265 πολέμου
1512 4197 1897 4269 χαλεπότησιν,

321 4293 382 4359 ἐξ
418 4287 496 4348 ὧν
532 4292 595 4346 τδ
632 4291 988 4362 ἐλπιζόμενον
1021 4290 1210 4361 κέρδος
1269 4291 1368 4342 οὐκ
1400 4289 1624 4353 ἀσθενὲς
1671 4291 1763 4342 καὶ
1805 4306 1902 4341 πε-

325 4387 636 4456 ριττότερον
657 4382 756 4454 τῆς
781 4381 1097 4453 ἀχθηδόνος.
1127 4382 1200 4434 Τὸ
1227 4380 1334 4450 γὰρ
1366 4380 1569 4450 πλῆθος
1613 4379 1765 4450 ὑμῶν
1798 4379 1902 4431 σώ-

1977 1917 2081 1974 stis
2141 1918 2467 1989 Scytharum
2527 1920 2666 1975 mala
2736 1921 3032 1977 intuentes.
3102 1921 3558 1978 Manifestissimis

1977 2008 2123 2063 enim
2179 2009 2394 2065 indiciis
2436 1991 2492 2064 εἰ
2525 2010 2852 2067 testimoniis
2879 2021 3004 2068 uota
3051 2019 3358 2082 testataque
3403 2012 3553 2067 dice-

1981 2115 2123 2156 mus.
2177 2099 2259 2156 liii
2289 2102 2531 2157 exercitu
2578 2109 2943 2159 trecentorum
2979 2103 3207 2158 millium
3272 2102 3554 2158 hominum

1981 2187 2050 2242 ab
2081 2199 2310 2258 utraque
2339 2199 2496 2261 parte
2519 2192 2651 2261 ripa}
2679 2193 3053 2261 expositorum
3084 2203 3404 2264 pugnantes,
3433 2208 3556 2247 om-

1981 2279 2141 2335 nibus
2171 2281 2376 2336 viribus
2405 2291 2531 2335 sunt
2560 2297 2592 2336 a
2626 2284 2787 2338 nobis
2821 2282 2980 2340 deleti
3015 2291 3070 2338 et
3094 2285 3358 2354 superati.
3389 2282 3554 2351 Cujus

1981 2382 2180 2426 nostrae
2212 2373 2427 2428 virtutis
2455 2374 2601 2428 clara
2658 2374 2954 2430 victoribus
2985 2374 3174 2431 relicta
3217 2385 3344 2430 sunt
3372 2391 3566 2430 monu-

1981 2472 2185 2530 menta,
2223 2464 2321 2532 ιι
2355 2479 2418 2517 cx
2446 2465 2642 2534 quibus
2672 2464 3032 2520 immortalem
3067 2465 3226 2522 nobis
3247 2465 3476 2536 gloriam
3506 2475 3564 2521 et

1985 2571 2128 2610 nunc
2171 2567 2225 2610 et
2278 2555 2522 2625 sequenti
2563 2565 2806 2626 tempore
2862 2557 3177 2612 duraturam
3229 2558 3560 2626 peperimus.

1984 2645 2119 2700 Cum
2148 2645 2294 2700 cnim
2330 2663 2672 2717 praepropero
2699 2648 2900 2717 impetu
2933 2648 3000 2703 ad
3035 2647 3182 2717 ripas
3218 2646 3402 2703 furore
3418 2663 3561 2718 pra:-

1986 2736 2178 2805 cipites
2219 2737 2272 2790 in
2325 2738 2620 2792 certamina
2651 2736 2914 2801 ruissent,
2968 2751 3161 2792 eorum
3212 2738 3559 2792 temerariam

1987 2837 2041 2884 et
2068 2827 2429 2881 inconsultam
2463 2827 2529 2880 ad
2553 2827 2972 2896 aggrediendum
3028 2825 3568 2896 irruptiouem'cele-

1991 2919 2102 2973 rior
2145 2918 2297 2974 brevi
2339 2929 2462 2987 post
2499 2918 2814 2988 poenitentia
2843 2927 2928 2973 cst
2971 2927 3283 2973 consecuta.
3323 2919 3392 2972 Et
3433 2932 3565 2974 vero

1990 3024 2089 3080 pro
2142 3009 2248 3075 his,
2279 3024 2400 3079 qua:
2458 3009 2512 3064 iu
2560 3024 2659 3063 nos
2709 3009 3010 3068 admisistis
3052 3020 3106 3064 et
3141 3009 3566 3073 commeruistis,

1991 3115 2086 3155 eas
2113 3115 2250 3170 quas
2299 3099 2473 3155 luistis
2512 3114 2698 3169 poenas
2747 3099 2971 3154 minime
2997 3099 3248 3156 sufﬁcere
3295 3098 3568 3169 judicavi-
3655 3134 3660 3141 ι

1987 3207 2131 3257 mus,
2171 3190 2273 3246 nisi
2319 3205 2556 3261 quoque,
2609 3191 2835 3260 traiecto
2885 3190 3043 3256 lstro,
3076 3193 3130 3246 in
3179 3192 3373 3246 vestris
3423 3191 3567 3260 ipso-

1992 3299 2111 3338 rum
2142 3283 2508 3350 fiuibusiram
2557 3293 2802 3353 nostram
2837 3282 2895 3337 in
2929 3297 3050 3348 vos,
3089 3283 3181 3353 qui
3219 3297 3316 3338 nos
3349 3282 3562 3353 priores

1992 3375 2186 3446 injuria
2215 3372 2493 3438 affecistis,
2528 3351 2973 3441 explévissemus.
3007 3351 3215 3427 Bellum
3242 3351 3410 3438 cutim,
3431 3373 3558 3428 dum

1983 3467 2170 3522 .adhuc
2217 3464 2394 3520 foedus
2425 3473 2567 3529 erat,
2622 3463 2766 3519 ultro
2825 3473 2882 3520 et
2920 3479 3026 3518 non
3071 3465 3332 3519 indictum
3379 3467 3574 3520 adver-

1994 3579 2115 3620 sum
2146 3576 2245 3618 nos
2300 3561 2609 3618 excitastis.
2649 3561 2880 3625 Etcum,
2909 3561 3054 3631 quod
3111 3563 3269 3617 nobis
3302 3562 3573 3632 obiicere-

1997 3656 2088 3721 tis,
2129 3669 2234 3709 non
2268 3653 2570 3718 haberetis,
2599 3654 2724 3723 quia
2769 3653 2928 3708 vobis
2953 3652 3156 3708 nullam
3205 3652 3455 3722 iniuriam
3495 3651 3577 3707 fe-

1996 3759 2264 3809 ceramus,
2305 3744 2358 3798 iu
2388 3758 2514 3814 spes
2578 3753 2633 3798 et
2687 3743 3014 3812 cupiditates
3067 3745 3330 3812 quasdam
3376 3743 3571 3807 erecti,

1987 3837 2192 3907 quibus
2231 3835 2423 3906 vulgus
2463 3835 2768 3905 imperitum
2826 3833 3076 3900 eﬂ‘ertur,
3133 3835 3374 3890 exercitu
3419 3850 3573 3891 com-

1998 3937 2210 3999 parato,
2259 3942 2358 3983 nos
2409 3926 2788 3998 aggredimini.
2857 3925 3036 3992 Quare
3086 3939 3373 3997 aperamus
3410 3928 3574 3982 Deum

2000 4021 2156 4078 nobis
2182 4018 2383 4074 auxilio
2410 4015 2674 4072 futurum.
2728 4016 3085 4073 Sanctitatem
3113 4018 3258 4082 enim
3309 4017 3576 4074 foederum

2002 4112 2225 4168 minime
2255 4111 2454 4167 derisui
2485 4118 2541 4166 et
2559 4109 2796 4164 ludibrio
2825 4109 3108 4164 habemus.
3140 4106 3401 4178 Iuthungi
3439 4123 3578 4164 con-

2001 4211 2085 4258 tra
2108 4204 2289 4272 iniqua
2325 4203 2531 4257 ratione
2555 4215 2654 4256 nos
2690 4199 3036 4264 adoriuntur,
3089 4208 3144 4255 et
3193 4198 3577 4270 jusjurandum

1994 4307 2060 4358 ,οι
2088 4307 2286 4352 caetera
2317 4295 2666 4364 quantumvis
2699 4293 2853 4346 firma
2881 4291 3004 4346 fidei
3038 4291 3251 4346 vincula
3286 4305 3384 4360 pro
3411 4289 3586 4345 nihilo

2007 4389 2228 4443 ducunt.
2268 4385 2530 4454 Equidem
2572 4399 2635 4438 ex
2673 4384 2835 4437 rebus
2854 4382 2920 4435 ad
2966 4381 3300 4436 voluntatem
3337 4389 3582 4436 nostram

326 4480 458 4550 μασξ
475 4496 537 4532 τε
551 4478 755 4548 ἥκιστα
773 4475 947 4546 ἰσχύει
977 4475 1072 4529 καὶ
1089 4475 1453 4546 φρονήμασιν.
1473 4474 1700 4544 Ἀπείλη
1710 4491 1834 4528 πται
1859 4473 1904 4505 ’⁵⁸

2005 4480 2296 4536 ﬂuentibus
2331 4521 2347 4546 ,
2419 4479 2549 4549 quid
2595 4486 3019 4533 consecuturum
3077 4476 3150 4530 sit
3188 4475 3582 4546 conjicientes,

324 4571 434 4641 γὰρ
470 4567 725 4622 Ῥοδανοῦ
776 4567 876 4637 μὲν
929 4567 1060 4620 εἴσω
1099 4566 1195 4619 καὶ
1242 4566 1348 4618 τῶν
1376 4566 1660 4636 ἡμετέρων
1710 4565 1904 4636 ὁρίωνο

329 4670 546 4738 σπανίῳ
573 4667 628 4720 δὲ
662 4667 840 4736 ἀγορᾷ
879 4662 1236 4734 συνεχόμενον
1267 4663 1359 4717 καὶ
1380 4665 1446 4733 τῇ
1476 4662 1608 4733 ἄλλῃ
1632 4661 1906 4715 ταλαιπω-

335 4764 520 4832 ρήσει,
570 4759 683 4821 τοῖς
718 4757 986 4826 ἀλγεινοῖς
1018 4757 1128 4818 τοῖς
1165 4754 1266 4824 μὲν
1314 4754 1416 4825 ἧδη
1449 4753 1687 4820 σύνεστι,
1711 4756 1822 4817 τοῖς
1852 4753 1908 4806 δὲ

332 4858 548 4930 μέλλει.
608 4855 719 4908 Καὶ
749 4850 1034 4925 προκαμὸν
1061 4852 1118 4904 ὲν
1144 4849 1222 4920 τῷ
1249 4849 1336 4902 ἀεὶ
1370 4848 1589 4919 μοχθεῖν
1618 4847 1908 4918 ἀτολμότε-

333 4967 427 5019 ρον
466 4948 622 5001 ἔσται
656 4948 748 5000 καὶ
793 4944 1030 5016 χρῆσθαι
1060 4943 1205 5014 αὐτῷ
1238 4943 1462 5012 παρέξει
1492 4942 1696 5011 ἀμαχεὶ
1719 4940 1814 4992 ὅτι
1842 4939 1909 4993 ἂν

335 5038 681 5112 βουλώμεθα,
705 5036 782 5099 ὼς
810 5037 877 5090 ἂν
901 5033 1037 5104 πρὶς
1064 5036 1162 5103 τὴν
1193 5033 1406 5104 χρόνιον
1439 5027 1720 5102 διατριϐὴν
1750 5032 1908 5083 ἀπει-

339 5129 551 5200 ρηκότι.
586 5126 752 5179 Ὅθεν
803 5126 930 5195 ὑμῖν
964 5142 1022 5177 τε
1053 5124 1112 5178 τὸ
1162 5125 1271 5176 πᾶν
1296 5121 1608 5192 περιφανῶς
1635 5119 1912 5173 κινδυνεύ-

2015 4581 2239 4629 eventus
2275 4587 2454 4625 rerum
2484 4585 2590 4625 nou
2620 4569 2822 4638 absque
2841 4569 2952 4622 veri
2979 4567 3361 4633 similitudine,
3398 4583 3465 4622 ex
3496 4569 3585 4622 his

2016 4679 2135 4733 qua:
2171 4672 2298 4716 ante
2330 4663 2472 4715 dicta
2499 4671 2643 4725 sunt,
2677 4661 2830 4715 laztos
2862 4660 2996 4726 fore,
3057 4671 3459 4726 csSpectamus.
3506 4659 3580 4715 Et

2015 4755 2158 4809 enim
2210 4767 2276 4806 ex
2325 4751 2579 4807 secundis
2615 4750 2773 4822 rebus
2802 4765 2928 4819 spes
2952 4749 3201 4806 fiduciam
3236 4749 3417 4815 affert,
3455 4766 3590 4805 conv

2019 4843 2184 4899 traria
2237 4850 2417 4896 autem
2479 4840 2750 4896 timorem.
2801 4838 3088 4895 Prudentia
3142 4837 3281 4893 duce
3317 4837 3371 4892 in
3427 4837 3593 4892 rebus

2017 4933 2458 4989 administrandis
2494 4941 2730 4998 utentes,
2757 4946 2877 5001 qum
2909 4931 3157 4986 accidere
3186 4938 3433 5001 possunt,
3453 4944 3592 4985 non-

2018 5027 2122 5082 nisi
2158 5042 2216 5082 re
2240 5028 2380 5081 bene
2427 5039 2716 5094 perpensa,
2746 5023 3004 5094 opinione
3043 5023 3406 5092 praecipimus,
3437 5031 3494 5076 et
3531 5021 3588 5075 in

2005 5117 2306 5190 praesentia
2357 5125 2611 5186 tauquam
2640 5113 2740 5168 viri
2800 5113 3055 5183 gravibus
3084 5112 3389 5183 quibusque
3444 5108 3593 5181 peri-

335 5241 474 5291 εται,
506 5221 605 5280 καὶ
628 5222 664 5294 η
687 5221 783 5291 τῆς
811 5221 1036 5292 εἰρήνης
1063 5217 1217 5289 ὑμῶν
1244 5217 1460 5288 αἴτησις
1491 5217 1579 5268 ἐπ’
1609 5212 1905 5285 εὐπρεπείᾳ

2022 5210 2160 5266 culis
2177 5209 2502 5274 exercitati,
2529 5207 2654 5263 belli
2688 5206 3096 5264 difﬁcultatibus
3150 5222 3257 5264 non
3305 5215 3592 5267 terremur,

1623 5367 1860 5424 VARIIE
1901 5363 2307 5455 LECTIONES.

412 5531 457 5564 ιο
487 5521 948 5594 ἀτωπεποιηκόκ]
973 5520 1230 5594 ἀπεοικὸς

341 5598 560 5672 νᾶσθαι]
612 5586 1060 5672 ᾁπαλλᾶττεσθαι.
1097 5591 1342 5672 collisit:
1374 5586 1789 5672 ,ἀμύνασθὲιιλ

345 5652 904 5741 σθμπαραθύσαντάς-
925 5662 1086 5741 codd.
1135 5652 1228 5741 lt".
1253 5652 1573 5741 Ἀλαμανῶν
1619 5657 1712 5741 NL,
1763 5652 2091 5741 γαλμιόνων
2120 5652 2283 5741 codd.

1133 5732 1178 5763 ⁸⁸
1204 5720 1624 5799 ἁποπλῆσαιμεν
1662 5720 1752 5787 N.,
1771 5720 2240 5799 :dnonlséaatusv
2271 5720 2417 5799 vulg,

344 5733 768 5812 προηδικησατε
789 5735 937 5805 ἡμᾶς
969 5733 1026 5812 ΒΕ.

1420 5518 1462 5550 ³⁷
1488 5513 1714 5588 ἧσσους]
1738 5515 1935 5585 ἥττους
1973 5512 2062 5568 ed.
2112 5511 2204 5576 IL,
2246 5509 2396 5572 ἴσους
2417 5506 2568 5578 vulg.
2644 5505 2690 5538 ³⁸
2719 5503 2826 5576 πρὸ
2851 5503 2960 5587 Ν...
2993 5500 3126 5569 πρὸς
3158 5495 3303 5567 vulg.
3379 5493 3423 5525 "
3443 5494 3593 5574 ἁμα-

1422 5587 1691 5653 μύνασθαι
1722 5586 1789 5639 ll.
1898 5584 1944 5615 ‘°
1975 5582 2263 5653 βλέψοντες
2302 5580 2462 5653 vulg.
2532 5577 2600 5653 _“
2636 5576 3154 5653 qupnapadaoluoav.
3196 5569 3293 5628 τὰς
3324 5563 3593 5653 yalgesiu's,

2555 5577 2600 5608 "
2636 5563 3154 5648 qupéapada’oueav.
3196 5563 3293 5628 τάξ
3324 5563 3596 5648 γείεξίιξε,

2359 5631 2502 5719 “cfp:
2532 5647 2616 5712 8.,
2646 5631 2720 5699 ὧν
2751 5631 2896 5714 vuig.
2991 5641 3038 5672 “
3061 5641 3145 5719 (bi
3179 5653 3278 5709 πρ.
3317 5631 3484 5719 ὑμᾶς]
3519 5631 3598 5700 ὧν

2519 5719 2566 5751 ⁸⁸
2598 5705 3071 5786 προαδικῆσαντας
3105 5707 3193 5774 ΙΙ.,
3226 5705 3601 5778 προαδικὴσαν

349 5787 1028 5882 §7GI§C"'3i"§/sso~3'et'mp
1057 5803 1284 5872 ἐναντίῳ
1318 5787 1595 5868 υ.,’φόϐὀυ
1621 5807 1674 5854 et
1703 5796 1796 5853 τοῦ
1825 5794 2068 5852 ἐναντίον
2099 5787 2242 5864 vulg.
2319 5787 2718 5858 δίεπείληπται
2750 5787 2895 5855 vulg.
