4050 6428
1308 291 1337 315 τ’

468 343 579 410 st?
1287 307 1334 347 ·’
1653 325 2055 390 EXCERPTA
2092 323 2140 384 E
2183 318 2517 384 DEXIPPO
3620 307 3735 374 ets

477 458 677 527 quibus
741 464 849 507 non
903 446 1042 504 levia
1093 441 1400 508 commoda,
1441 441 1533 498 sed
1586 439 1864 495 laboribus
1899 437 2058 508 longe

2184 434 2253 489 m6
2305 434 2472 504 φόϐου
2519 430 2827 500 σύγκειται,
2883 427 3031 490 ὅπως
3083 424 3152 480 ἂν
3199 421 3261 478 τδ
3303 422 3564 494 σφέτερον
3612 423 3738 486 δέος

471 513 682 616 majora
735 547 1142 612 comparantur.
1191 535 1326 590 Nam
1353 534 1543 603 vulgus
1578 540 1820 586 vestrum
1875 541 2053 598 neque

2184 523 2594 597 πηλυγάξησθε.
2623 523 2727 575 Ἦν
2741 520 2794 574 τί
2813 521 2895 574 δεῖ
2919 514 3240 589 προσίεσθαι
3263 515 3330 584 ‘9,
3347 513 3528 578 καλῶς
3550 514 3735 586 ὑπάρ-

476 601 724 706 corporis
769 601 942 701 neque
972 628 1140 684 animi
1188 626 1397 681 viribus
1437 601 1626 694 pollet.
1662 620 1854 675 lnclusi
1903 617 2052 674 enim

2184 633 2247 688 ;ον
2287 613 2627 684 πανταχόθεν
2656 607 3095 666 ἀποκλεισθεϊσιν
3122 605 3254 676 ὑμῖν
3292 604 3393 674 τῆς
3421 601 3601 656 οἶκαδε
3641 619 3741 654 πο-

475 689 622 784 inter
658 689 980 779 Rhodanum
1026 729 1082 775 et
1127 725 1348 774 nostros
1384 689 1520 770 ﬁnes
1557 713 1937 768 alimentorum
1968 722 2056 778 pe-

2184 707 2309 770 είας
2321 706 2415 760 καὶ
2434 699 2546 758 οἷον
2573 704 2707 757 εῐσω
2732 699 2918 755 πυλῶν
2947 694 3381 767 ἀπειλημμένοις
3412 692 3650 764 χρῆσθαι
3673 689 3740 746 εὖ

479 818 638 872 auria
668 816 896 883 aliisque
940 805 1302 866 incommodis
1349 806 1626 871 laborans,
1670 801 1858 858 multis
1895 797 2056 855 malis

2191 816 2213 852 ε
2251 798 2345 852 καὶ
2391 797 2492 868 μὴ,
2522 796 2672 858 ὅπως
2707 793 2774 848 ἀν
2804 792 3020 863 ἐχωμεν
3061 789 3200 859 πρὸς
3231 787 3376 857 ὑμᾶς
3405 786 3678 850 διανοίας;
3714 801 3737 834 s

479 908 588 964 hoc
640 907 759 976 ipso
790 874 1033 972 tempore
1077 898 1365 969 premitur,
1417 897 1539 952 aliis
1581 910 1707 951 mox
1751 901 2050 965 premetur.

2184 889 2298 943 Ἐπὶ
2326 886 2538 950 τούτοις
2569 883 2840 954 λεχθεῖσιν
2869 883 2934 936 ἐκ
2960 878 3057 934 τοῦ
3085 876 3350 949 βασιλέως
3389 874 3749 943 κατεπλάγη-

483 964 738 1054 Fractum
789 1003 845 1050 et
899 964 1267 1056 debilitatum,
1301 989 1430 1059 quia
1491 988 1611 1044 sine
1649 964 2056 1041 intermissione

2184 980 2262 1034 πάν
2305 997 2368 1033 τε
2409 976 2739 1046 ’1ουθοῦγγοι
2765 991 2780 1007 ο
2832 974 2929 1029 καὶ
2975 972 3052 1036 ώς
3099 969 3257 1024 οὐδὲν
3306 968 3494 1029 αὐτοῖς
3519 966 3662 1019 κατὰ
3693 964 3747 997 ⁸⁸

481 1090 721 1152 laborat,
746 1086 928 1140 minus
950 1083 1116 1138 audet
1145 1091 1201 1137 et
1226 1055 1473 1136 timidius
1491 1086 1594 1134 est.
1625 1077 1810 1146 Itaque
1844 1075 2059 1130 diutur-

2184 1071 2262 1134 τὰς
2317 1067 2535 1130 ἐλπίδας
2588 1065 2890 1135 ἐπράττετο
2911 1104 2926 1128 ,
2990 1058 3275 1122 παντελῶς
3331 1057 3444 1111 τῶν
3499 1055 3752 1108 σπονδῶν

486 1180 656 1235 nioris
672 1185 789 1233 tum
811 1175 980 1231 studii
1002 1183 1119 1229 tum
1139 1158 1324 1242 operae
1339 1170 1581 1226 nescium
1611 1180 1734 1223 sese
1762 1165 1916 1220 nobis
1942 1164 2061 1219 sine

2184 1159 2473 1230 ἰπογνώσει
2501 1157 2748 1229 ἐχόμενοι
2770 1153 2922 1226 παρά
2951 1152 3082 1216 τοὺς
3117 1149 3416 1222 σφετέρους
3448 1147 3758 1217 ἀπεχώρη-

483 1270 680 1342 prcelio
715 1267 973 1339 praebebit
994 1274 1239 1337 paratum
1259 1263 1463 1328 subire,
1484 1257 1746 1330 quidquid
1769 1256 1836 1311 de
1867 1269 1932 1311 eo
1952 1263 2058 1310 sta-
2165 1269 2286 1308 σαν.

488 1376 640 1420 tuere
686 1363 1017 1419 voluerimus
1054 1379 1074 1416 .:
1119 1376 1185 1416 es
1223 1373 1331 1429 quo
1383 1371 1573 1413 omnes
1631 1360 1828 1408 vestrae
1867 1365 1956 1406 res
2005 1351 2063 1406 in
2102 1356 2350 1421 apertum
2383 1347 2676 1404 discrimen
2712 1345 3071 1402 adducuntur.
3119 1341 3257 1400 Tota
3327 1352 3509 1399 autem
3565 1349 3751 1397 vestra

485 1458 637 1528 pacis
673 1456 858 1526 petitio
887 1453 1023 1508 nihil
1054 1461 1139 1508 est
1172 1451 1274 1506 nisi
1329 1450 1588 1505 decorum
1640 1443 1850 1500 timoris
1901 1451 2242 1512 praetextum,
2326 1455 2436 1510 quo
2494 1447 2698 1495 metum
2768 1448 3009 1494 vestrum
3062 1445 3244 1507 tegere
3295 1436 3513 1506 cupitis.
3572 1437 3750 1502 Quam

489 1527 588 1602 cur
615 1547 985 1618 accipiamus,
1023 1543 1152 1598 data
1184 1542 1345 1598 nobis
1377 1539 1667 1597 occasione
1702 1551 1801 1590 vos
1835 1535 2071 1603 undique
2105 1533 2173 1588 ab
2201 1531 2378 1587 reditu
2402 1531 2653 1586 exclusos
2707 1539 2762 1585 et
2793 1531 2951 1601 quasi
3020 1529 3164 1584 intra
3207 1528 3442 1584 claustra
3481 1527 3752 1582 coercitos

491 1639 602 1708 12
641 1643 774 1695 bene
804 1648 899 1694 aut
949 1637 1088 1692 male
1133 1633 1388 1698 habendi,
1441 1639 1713 1699 utcunque
1758 1626 1913 1682 nobis
1964 1640 2063 1696 pro
2101 1625 2267 1679 animi
2303 1624 2475 1679 nostri
2506 1637 2633 1692 erga
2687 1637 2787 1678 vos
2822 1621 3020 1677 affectu
3088 1619 3408 1676 videbitur?
3443 1638 3463 1673 ι
3517 1619 3613 1673 llis
3681 1619 3754 1673 ub

489 1734 822 1803 imperatore
844 1732 1024 1795 dictis,
1078 1726 1339 1795 Jutbungi
1365 1725 1522 1780 valde
1586 1731 1712 1779 sunt
1749 1719 2101 1786 consternati,
2142 1733 2374 1787 cumque
2415 1718 2637 1774 minime
2686 1716 2982 1788 negotium,
3052 1724 3114 1770 ut
3161 1723 3534 1784 speraverant,
3564 1712 3756 1772 conte-

491 1829 713 1890 cisseul,
741 1827 836 1880 sed
855 1825 1080 1880 omnino
1115 1820 1338 1876 hederis
1367 1815 1631 1886 repulsam
1682 1813 1960 1876 tulissent,
1995 1810 2062 1864 ad
2104 1825 2199 1864 sua
2227 1809 2526 1864 redierunt.

559 1920 620 1974 2.
663 1919 751 1988 (Α.
778 1918 846 1972 C.
875 1916 1004 1980 2H,
1033 1913 1219 1969 Aurel.
1252 1912 1294 1966 l.
1337 1911 1417 1981 2.)
1446 1909 1558 1965 Sub
1581 1907 1870 1962 Aureliano
1923 1902 2074 1960 Van-

2253 1900 2320 1971 β’.
2355 1900 2477 1955 Ὀτι
2503 1901 2594 1953 ἐπὶ
2619 1898 2958 1972 Δύρηλιανοῦ
3005 1899 3052 1953 οί
3086 1897 3346 1971 Βανδῆλοι
3378 1898 3518 1953 κατά
3551 1899 3752 1970 κράτος

493 2010 601 2065 dali
633 2025 662 2063 a
701 2005 964 2062 Romanis
993 2004 1113 2058 acie
1149 2001 1386 2073 superati
1426 2006 1572 2054 sunt.
1624 1996 1811 2064 Itaque
1839 1993 2066 2061 legatio-

490 2115 619 2158 nem
650 2101 720 2155 ad
755 2099 1030 2154 Romanos
1065 2097 1446 2158 decreverunt,
1479 2105 1601 2160 quae
1655 2089 1722 2142 de
1755 2086 1894 2142 bello
1920 2083 2068 2154 paci-

493 2193 750 2247 ﬁcatione
801 2187 1036 2242 ﬁniendo
1085 2191 1292 2254 ageret.
1342 2179 1412 2234 Et
1442 2193 1566 2234 cum
1604 2176 1775 2232 multa
1819 2176 1964 2229 inter
2012 2185 2071 2228 se

495 2285 792 2353 imperator
826 2286 888 2333 et
934 2273 1154 2331 barbari
1196 2269 1583 2326 disseruissent
1633 2306 1649 2331 ,
1703 2263 1941 2320 solutum
1988 2268 2072 2316 est

493 2372 845 2442 colloquium.
896 2364 1166 2423 Postridie
1190 2361 1479 2418 multitudo
1507 2358 1740 2414 militum
1796 2355 2071 2410 Romano-

493 2479 615 2521 rum
645 2475 840 2518 rursus
891 2457 1164 2522 convenit,
1202 2463 1406 2510 etcum
1439 2465 1534 2506 eos
1561 2450 1856 2518 imperator
1903 2445 2073 2500 inter-

494 2561 766 2626 rogasset,
812 2548 940 2620 quid
965 2547 1073 2602 illis
1121 2544 1383 2616 optimum
1427 2554 1550 2596 esse
1589 2537 1901 2601 videretur,
1947 2547 2070 2586 cum

493 2648 798 2702 statuerent
817 2647 1150 2712 praesentem
1180 2634 1600 2708 prosperitatem
1624 2628 1762 2682 tueri
1783 2635 1840 2682 et
1866 2637 2071 2691 rerum,

494 2738 694 2810 quibus
751 2733 1097 2806 potiebantur
1127 2769 1146 2795 ,
1189 2725 1436 2783 truitioni
1492 2719 1725 2792 prospici
1778 2723 2030 2788 oportere
2054 2753 2071 2781 ,

497 2809 652 2886 suam
692 2826 760 2881 de
797 2839 862 2879 ea
893 2837 952 2878 re
985 2821 1316 2875 voluntatem
1352 2827 1486 2869 voce
1531 2809 1978 2881 signiticaveruut
2020 2813 2078 2860 et

497 2916 737 2975 universi
781 2917 834 2969 in
883 2911 1209 2969 sententiam
1265 2903 1487 2961 ﬁniendi
1524 2902 1651 2958 belli
1687 2900 1922 2954 iverunt.
1983 2895 2078 2951 Sic

499 3013 671 3083 igitur
744 3008 888 3062 inter
949 3004 1073 3059 illos
1123 2997 1404 3058 convenit.
1441 2994 1654 3068 _ltaque
1710 2989 2078 3046 Barbaron

499 3082 657 3173 rcges
706 3107 763 3156 et
813 3095 1088 3168 principes
1134 3096 1428 3155 venerunt,
1480 3093 1621 3142 etut
1650 3082 1756 3139 illis
1785 3089 1903 3138 erat
1943 3095 2081 3152 pra:-

501 3202 740 3264 ceptum,
764 3205 832 3245 es
879 3188 993 3244 suis
1035 3185 1254 3242 obsides
1307 3181 1400 3252 qui
1448 3194 1553 3236 non
1587 3179 1642 3234 in
1674 3175 1927 3233 secundis
1957 3188 2082 3244 par-

2169 1989 2498 2060 ἡττηθέντες
2544 1990 2696 2062 παρά
2742 1989 3030 2059 Ῥωμαίων
3091 1989 3386 2059 πρεσϐείαν
3425 1989 3756 2058 ἐποιήσαντο

2171 2079 2310 2151 πρὸς
2345 2079 2656 2150 Ῥωμαίους
2710 2080 2842 2151 περὶ
2872 2079 3170 2143 διαλύσεως
3203 2079 3444 2150 πολέμου
3496 2079 3589 2132 καὶ
3617 2096 3760 2149 συμ-

2171 2173 2406 2238 ϐάσεως.
2467 2174 2576 2226 Kal.
2620 2173 2790 2227 πολλά
2823 2171 3139 2242 άναμεταξὺ
3183 2171 3449 2225 εἰπόντων
3485 2169 3761 2242 ἀλλήλων,

2169 2265 2264 2318 τοῦ
2291 2283 2354 2319 τε
2388 2263 2653 2335 βασιλέως
2703 2265 2798 2318 καὶ
2827 2264 2937 2317 τῶν
2989 2262 3300 2334 βαρϐάρων,
3327 2261 3548 2332 διελύθη
3589 2263 3692 2331 μέν
3731 2264 3762 2313 ὁ

2175 2357 2451 2427 σύλλογος,
2479 2358 2545 2428 τῇ
2570 2357 2629 2410 δέ
2656 2353 2918 2432 ὑστεραία
2943 2354 3004 2408 τό
3032 2373 3091 2408 τε
3118 2353 3323 2425 πλῆθος
3345 2354 3452 2407 τῶν
3467 2353 3762 2423 Ῥωμαίων

2175 2448 2527 2521 στρατιωτῶν
2547 2448 2704 2512 αὖθις
2729 2447 3022 2519 ἡθροίσθη,
3047 2443 3141 2500 καὶ
3174 2445 3436 2515 ἐρομένου
3469 2441 3760 2512 βασιλέως,

2175 2545 2202 2598 ’ὁ
2235 2542 2288 2596 τί
2331 2559 2486 2610 σφισι
2528 2540 2658 2612 περὶ
2691 2540 2800 2593 τῶν
2833 2539 3120 2611 παρόντων
3149 2536 3286 2607 λῷον
3315 2536 3359 2568 ⁵⁸
3394 2531 3533 2588 εἶναι
3588 2535 3762 2599 δοκεῖ,

2175 2634 2454 2705 κρίνοντες
2484 2631 2585 2704 τὴν
2611 2631 2866 2702 εὐτυχίαν
2895 2631 2996 2700 τὴν
3036 2630 3394 2700 ὑπάρχουσαν
3443 2625 3763 2696 προμηθείᾳ

2175 2729 2275 2798 τῆς
2305 2727 2446 2799 ὑπὲρ
2479 2724 2590 2779 τῶν
2633 2723 2803 2777 ὄντων
2859 2721 3162 2792 ἀσφαλείας
3209 2719 3605 2797 διασώσασθαι,
3665 2718 3766 2771 καὶ

2178 2795 2277 2894 βέῃ
2306 2819 2368 2874 τὸ
2410 2795 2738 2890 βουλόμενον
2789 2815 3177 2887 σημαίνοντες,
3207 2795 3529 2884 σύμπαντες
3571 2814 3630 2876 ἐς
3665 2812 3766 2882 τὴν

2179 2912 2478 2968 κατάλυσιν
2509 2909 2604 2963 τοῦ
2629 2908 2875 2978 πολέμου
2900 2905 3210 2978 ἐχώρησαν.
3242 2905 3353 2959 Καὶ
3373 2902 3483 2957 οἵδε
3533 2904 3632 2974 μὲν
3660 2897 3765 2958 ὧδε

2181 3003 2596 3075 συνηνέχθησαν
2633 2999 2832 3072 γνώμῃ
2850 3015 2865 3032 ο
2897 3000 2946 3052 οί
2976 2999 3032 3052 δέ
3056 2999 3162 3052 τῶν
3192 2996 3494 3068 Βαρϐάρων
3520 2995 3770 3067 βασιλεῖς

2179 3097 2278 3151 καὶ
2328 3097 2612 3168 ἄρχοντες,
2643 3095 2871 3164 ἥκοντες
2897 3090 3090 3146 καθότι
3128 3091 3282 3158 σφίσι
3337 3089 3770 3160 προειρημένον.

2180 3189 2370 3244 ἔδοσαν
2392 3189 2635 3259 ὁμήρους
2654 3186 2804 3255 σφῶν
2821 3183 3024 3246 αὐτῶν,
3046 3182 3106 3236 οὖ
3134 3183 3202 3237 τά
3227 3179 3458 3252 δεύτερα
3485 3179 3766 3248 ἀξιώσεως

502 3253 646 3340 tibus
683 3253 916 3338 fortuna:
963 3289 1024 3335 et
1087 3275 1368 3349 dignitatis
1413 3272 1711 3336 hauebant,
1767 3269 2078 3334 dederunt;

2184 3281 2280 3334 καὶ
2305 3253 2499 3351 τύχης.
2511 3253 2599 3332 ⁷οῖ
2634 3253 2710 3331 τε
2729 3277 2837 3348 γάρ
2857 3274 3096 3347 βασιλεῖς
3134 3273 3262 3338 τοὺς
3287 3273 3477 3337 παῖδας
3506 3273 3762 3342 ἑκάτεροι

502 3386 734 3444 uterque
775 3373 921 3429 enim
961 3385 1054 3426 rex
1113 3376 1169 3424 et
1212 3365 1442 3438 proximi
1479 3363 1746 3434 dignitate
1791 3374 1900 3415 una
1955 3373 2079 3413 cum

496 3469 636 3538 ipsis
657 3467 774 3522 sine
816 3479 964 3520 mora
1001 3461 1139 3517 ﬁlios
1195 3473 1322 3516 suos
1355 3471 1453 3527 pro
1501 3454 1787 3512 obsidibus
1840 3451 2080 3508 tradide-

501 3567 650 3614 runt.
683 3555 780 3611 His
814 3554 1023 3624 legibus
1056 3551 1124 3606 ad
1162 3559 1318 3621 pacta
1347 3557 1405 3603 et
1450 3547 1836 3602 conventiones
1861 3550 2082 3598 ventum

493 3659 609 3714 est,
647 3659 704 3704 et
751 3645 955 3702 fmdera
1013 3650 1142 3699 sunt
1169 3642 1340 3697 inita:
1387 3637 1612 3694 Vandali
1661 3634 1925 3690 Romanis
1976 3633 2082 3688 duo

505 3738 652 3794 mil-le
672 3737 887 3808 equites
911 3734 1234 3792 auxiliarios
1269 3744 1337 3786 ex
1376 3729 1581 3784 ﬁndere
1637 3725 2082 3797 suppeditabant,

502 3846 734 3904 quorum
761 3827 1009 3885 nonnulli
1037 3840 1104 3882 es
1129 3831 1241 3879 tota
1273 3821 1548 3878 exercitus
1595 3817 1946 3873 multitudine
1983 3815 2084 3870 de-

505 3925 628 3980 lecti
680 3931 735 3979 et
773 3923 827 3976 in
879 3920 1006 3976 belli
1061 3917 1379 3973 societatem
1428 3912 1676 3982 ascripti,
1727 3909 1820 3964 alii
1864 3915 2088 3978 sponta-

506 4031 663 4071 neum
717 4013 964 4068 militiam
1012 4008 1306 4066 subeuntes
1355 4005 1576 4060 nomina
1615 4002 1902 4057 dederunt.
1937 3995 2086 4052 Reli-

505 4121 648 4177 quus
676 4103 1039 4160 Vandalorum
1096 4097 1413 4163 exercitus,
1467 4095 1650 4149 salvus
1701 4101 1756 4148 et
1801 4088 2088 4145 incolumis

507 4203 880 4260 conservatus,
936 4191 1305 4247 Romanorum
1370 4187 1700 4256 imperatore
1729 4184 1851 4238 vita:
1892 4194 2086 4236 neces-

509 4292 651 4346 saria
685 4301 855 4359 usque
876 4285 944 4341 ad
994 4285 1190 4340 Istrum
1228 4281 1296 4336 iis
1327 4280 1619 4352 prmbeute,
1651 4277 1870 4331 domum
1903 4275 2084 4330 rediit.

507 4384 615 4437 Sed
673 4381 985 4451 quicunque
1018 4377 1087 4432 ab
1127 4375 1368 4431 exercitu
1399 4371 1612 4427 violatis
1635 4369 1953 4434 ltederibus,
2017 4367 2084 4421 ad

506 4472 856 4546 prtedandum
893 4480 948 4527 et
1003 4469 1223 4540 rapinas
1265 4463 1542 4520 faciendas
1597 4461 1812 4530 longius
1843 4473 2090 4515 excesse-

512 4574 656 4627 runt,
678 4578 868 4640 omnes
899 4576 931 4616 a
952 4560 1091 4615 duce
1117 4565 1424 4614 exterarum
1462 4555 1741 4626 copiarum
1781 4555 1962 4622 (erant
1985 4565 2084 4603 au-

511 4664 618 4707 tem
648 4669 751 4707 nou
791 4653 972 4708 minus
1025 4666 1187 4721 quam
1229 4646 1531 4719 quingenti)
1577 4655 1704 4701 sunt
1755 4644 1879 4699 czesi
1913 4652 1968 4696 et
1996 4657 2086 4711 pe-

514 4745 728 4815 rempti.
769 4742 834 4797 Hi
866 4745 1009 4799 enim
1048 4741 1227 4813 specie
1254 4739 1527 4804 amicitim,
1560 4737 1753 4791 ﬁducia
1786 4735 1934 4806 pacis
1961 4747 2085 4788 cum

513 4835 771 4890 Romanis
797 4833 955 4889 factae
1000 4834 1150 4899 elati,
1190 4831 1336 4888 nullo
1357 4838 1576 4886 servato
1607 4829 1818 4892 ordine,
1850 4826 2005 4880 venia
2056 4841 2086 4880 a

511 4945 609 4982 suo
630 4928 770 4982 duce
803 4928 1117 4998 impetrata,
1171 4926 1226 4980 in
1262 4923 1572 4992 repentinas
1614 4920 1876 4990 quasdam
1906 4918 2089 4973 incur-

511 5020 696 5074 siones
721 5027 1018 5089 eruperant
1058 5027 1115 5072 et
1152 5031 1256 5072 non
1286 5029 1459 5086 pauca
1490 5013 1767 5081 regionum
1799 5011 1935 5077 loca,
1981 5023 2086 5079 qua

513 5114 615 5167 iter
675 5112 996 5178 habuerant,
1027 5116 1372 5164 vastaverant
1423 5115 1478 5162 et
1513 5104 1724 5160 damnis
1752 5101 2085 5174 ;allecerant.

510 5203 580 5257 At
626 5203 734 5269 ille,
779 5205 871 5273 qui
900 5211 1110 5257 tantum
1142 5199 1355 5254 facinus
1404 5197 1643 5263 admisit,
1672 5205 1758 5251 est
1797 5197 1866 5251 ab
1900 5207 2087 5248 eorum

514 5312 638 5368 rege
657 5296 856 5364 iaculis
883 5293 1187 5351 confectus.
1209 5291 1427 5361 Reliqui
1455 5289 1824 5347 Vandalorum
1850 5287 2088 5359 separati

513 5391 704 5446 domos
757 5401 885 5444 suas
937 5386 1292 5457 repetierunt.
1325 5383 1693 5440 Romanorum
1746 5397 1874 5438 vero
1915 5382 2088 5452 impe-

2184 3369 2421 3424 διδόασιν
2451 3370 2510 3432 ἐς
2547 3367 2645 3440 τὴν
2677 3365 2964 3438 ὁμηρείαν,
2992 3365 3364 3428 ἐνδοιάσαντες
3395 3366 3441 3397 ⁸¹
3466 3364 3633 3429 ούδέν,
3666 3365 3770 3417 καὶ

2183 3457 2363 3528 ἕτεροι
2410 3457 2529 3527 ἅμα
2569 3457 2755 3521 αὐτοῖς
2787 3457 2848 3509 ού
2887 3455 3034 3527 μάλα
3068 3455 3258 3526 πόρρω
3304 3452 3604 3519 ἀξιώσεως.
3656 3455 3775 3508 Καὶ

2186 3552 2279 3604 ἐπὶ
2332 3549 2544 3612 τούτοις
2606 3547 2895 3620 ἐχώρησάν
2944 3563 3004 3600 τε
3071 3547 3209 3616 πρὸς
3236 3544 3528 3616 σύμϐασιν,
3573 3545 3669 3598 καὶ
3714 3545 3774 3596 αἱ

2188 3643 2412 3698 σπονδαὶ
2455 3641 2726 3710 ἐγένοντο.
2759 3640 3109 3710 Συνεμάχουν
3159 3638 3218 3692 δέ
3254 3637 3362 3692 ἀπὸ
3418 3636 3583 3707 τῆσδε
3628 3637 3769 3690 Ῥω-

2189 3734 2370 3804 μαίοις
2392 3733 2438 3765 ⁵⁸
2466 3732 2752 3803 Βανδήλων
2779 3733 2965 3796 ἱππεῖς
2995 3733 3074 3794 εἰς
3100 3729 3414 3801 δισχιλίους,
3435 3730 3484 3782 οί
3510 3728 3609 3799 μέν
3626 3745 3776 3792 τινες

2187 3826 2394 3897 αἱρετοὶ
2423 3827 2488 3879 ἐκ
2534 3822 2629 3877 τοῦ
2659 3823 2905 3893 πλήθους·
2952 3823 3010 3886 ἐς
3038 3823 3138 3894 τὴν
3173 3821 3496 3893 συμμαχίαν
3535 3820 3776 3873 καταλε-

2187 3919 2430 3990 χθέντες,
2460 3919 2508 3969 οί
2533 3917 2590 3970 δέ
2625 3914 2720 3969 καὶ
2747 3915 3020 3978 ἐθέλοντες
3049 3913 3297 3967 ἑκούσιον
3329 3913 3591 3983 στρατιάν
3637 3911 3778 3962 ὑπο-

2186 4011 2521 4082 δυόμενοιη.
2567 4008 2627 4063 '0
2660 4009 2716 4062 δὲ
2742 4007 2930 4071 λοιπὸς
2960 4006 3248 4077 Βανδήλων
3281 4004 3468 4076 ὅμιλος
3501 4002 3589 4056 ἐπ’
3617 4003 3777 4054 οἴκου

2188 4101 2495 4172 ἐκομίζετο,
2525 4099 2862 4171 παρέχοντος
2901 4097 2998 4151 τοῦ
3031 4095 3322 4166 Ῥωμαίων
3349 4095 3608 4166 ἄρχοντος
3639 4094 3777 4161 ἀγο-

2193 4193 2293 4266 ρὰν
2326 4194 2447 4246 ἐστε
2477 4194 2570 4246 ἐπὶ
2599 4193 2690 4245 τὸν
2724 4191 2960 4259 Ἴστρον.
3011 4189 3122 4243 Καὶ
3156 4191 3217 4240 τὸ
3252 4187 3350 4258 μὲν
3394 4186 3642 4240 πλεῖστον
3678 4187 3781 4238 αὑ-

2188 4287 2285 4340 τοῦ
2320 4285 2529 4348 ἀπαθὲς
2553 4283 2786 4354 διεσώθη
2809 4299 2822 4314 ⁸
2861 4283 2975 4336 ὅσοι
3008 4281 3067 4334 δέ
3118 4279 3435 4352 παραϐάσει
3466 4277 3575 4330 τῶν
3600 4294 3776 4330 σπονο

2189 4377 2297 4432 δῶν
2338 4378 2430 4430 ἐπὶ
2490 4376 2640 4439 λείας
2676 4373 2941 4444 συλλογὴν
2969 4371 3220 4441 ἀφθόνως
3253 4369 3776 4442 άπεσκεδάσθησαν,

2190 4468 2537 4543 ἀνῃρέθησαν
2568 4467 2886 4536 σύμπαντες
2919 4465 3024 4517 ὑπὸ
3046 4463 3141 4516 τοῦ
3179 4462 3450 4534 ἡγεμόνος
3474 4461 3584 4514 τῶν
3634 4461 3780 4525 ξενι-

2193 4562 2305 4614 κῶν
2327 4559 2724 4631 στρατοπέδων,
2747 4558 2808 4610 οὐ
2843 4556 3029 4626 μείους
3054 4555 3340 4626 γενόμενοι
3376 4553 3775 4607 πεντακοσίων.

2193 4649 2294 4709 Οἴα
2322 4655 2368 4688 ⁵⁸
2416 4653 2526 4725 γάρ
2575 4652 2641 4724 δὴ
2682 4651 2772 4705 διὰ
2802 4651 2986 4720 φιλίας
3019 4649 3120 4720 τῆς
3155 4648 3337 4720 χώρας
3389 4647 3780 4719 πορευόμενοι,

2193 4745 2289 4799 καὶ
2321 4744 2512 4816 θάρσει
2543 4744 2644 4813 τῆς
2675 4742 2975 4812 γενομένης
3013 4741 3149 4811 πρὸς
3190 4739 3497 4807 Ῥωμαίους
3552 4739 3782 4808 εἰρήνης

2191 4833 2544 4903 ἐπαρθέντες,
2575 4831 2676 4900 τῆς
2707 4830 2891 4899 πάσης
2920 4827 3127 4892 τάξεως
3168 4825 3588 4896 προεξχίροντες
3629 4824 3781 4876 κατά

2195 4942 2347 4988 τινας
2372 4923 2674 4993 αἰφνιδίους
2695 4917 3001 4990 ἐπιδρομάς
3047 4915 3419 4988 προσέϐαλλον
3447 4913 3642 4984 γνώμῃ
3677 4911 3780 4966 τοῦ

2190 5018 2473 5090 ἄρχοντος,
2521 5015 2615 5067 καὶ
2642 5014 2744 5066 οὐκ
2789 5013 2948 5081 ὀλίγα
2991 5011 3094 5079 τῆς
3147 5008 3333 5079 χώρας
3369 5006 3779 5076 ἐκακούργουν.

2189 5111 2302 5164 Καὶ
2331 5109 2392 5162 τὸ
2425 5109 2590 5178 ἐργὸν
2619 5107 2776 5160 τοῦτο
2794 5106 2884 5158 τὸν
2923 5103 3300 5175 ἐργασάμενον
3331 5100 3483 5168 παρὰ
3510 5099 3590 5170 τῷ
3621 5099 3783 5169 βασι-

2191 5201 2276 5254 λεί
2311 5197 2799 5267 κατατοξευθῆναι.
2833 5195 2978 5249 Οἰδέ
3020 5195 3201 5248 λοιποὶ
3228 5192 3515 5260 Βανδήλων
3563 5191 3781 5244 διεσκε-

2190 5293 2469 5363 δάσθησαν
2521 5291 2616 5345 καὶ
2643 5289 3022 5360 ἀπενόστησαν
3071 5288 3159 5339 ἐπ’
3189 5285 3360 5339 οἴκου.
3415 5283 3682 5346 Βασιλεὺς
3720 5282 3781 5335 δέ

2203 5387 2494 5456 Ῥωμαίων
2520 5384 2619 5456 τὴν
2651 5383 2914 5453 πλείστην
2955 5379 3243 5452 δυνάμεως
3269 5380 3368 5446 τῆς
3401 5377 3637 5446 πεζικῆς
3677 5374 3778 5428 καὶ

1796 5497 2030 5555 VARUE
2065 5498 2354 5555 LECTION
2364 5499 2464 5552 ES.

586 5600 631 5634 δ’
657 5601 720 5670 ἦν
755 5598 808 5651 τί
849 5599 928 5652 δεῖ
967 5597 1288 5670 προσίεσθαι
1333 5599 1419 5665 8.,
1464 5599 1530 5670 ἣν
1569 5613 1620 5649 τι
1667 5595 1731 5666 δὴ
1765 5592 2057 5703 προσίεσθε
2101 5593 2246 5665 vulg.

586 5672 811 5720 damna;
841 5673 984 5720 vulg.
1061 5673 1105 5704 ⁵³
1157 5672 1448 5720 Ῥωμαίοιε
1489 5670 1578 5720 ΙΙ..
1619 5669 1907 5720 Ῥιυμα.ιι›ν
1947 5665 2107 5720 codd.
2220 5667 2240 5695 ⁸

515 5671 811 5730 δ’)άσαντες
841 5673 984 5741 vulg.

1061 5673 1105 5704 ⁵³
1157 5672 1448 5739 Ῥωμαίοις
1489 5670 1578 5734 ιι,
1619 5669 1804 5738 Ῥιυμα

519 5741 607 5802 Β.,
655 5743 700 5791 οἱ
743 5741 883 5810 tulg.

2336 5593 2381 5623 σο
2422 5591 2562 5646 κατά
2585 5591 2711 5646 add.
2741 5587 2808 5644 N.
2882 5589 2925 5622 ιι
2959 5587 3198 5659 λῷονιι..
3226 5586 3371 5640 λαῶν
3397 5583 3542 5659 vulg.
3612 5581 3780 5659 fifty.

2220 5645 2267 5695 ³⁸
2304 5645 2656 5734 ὑποδυόμενοι
2699 5661 2786 5715 ed.
2837 5659 2930 5727 IL,
2974 5645 3333 5729 ἀποδυόμενοι
3372 5645 3536 5710 codd.
3609 5652 3658 5683 ⁵⁵
3685 5645 3774 5703 οἷα
