2025 3213
248 169 298 202 651

733 163 931 195 EXCERPTA
950 162 1002 192 ΕΧ
1021 161 1190 192 EUNAPIO
1209 160 1404 192 SARDIANO

1830 157 1887 189 652

251 233 295 254 res
305 222 453 260 postulare,
466 223 519 250 nisi
541 222 605 257 quid
629 221 682 249 doli
710 221 736 247 in
760 227 826 256 pace
851 210 1039 247 convenienda

1109 218 1185 245 a6er
1203 226 1209 233 ·
1244 217 1303 244 νυνὶ
1317 217 1346 244 δὲ
1359 217 1450 253 ζητεῖν
1467 215 1532 251 παρ’
1548 214 1639 242 αὐτῶν
1656 213 1718 246 τοὺς
1742 212 1887 249 ἀρίστους,

251 270 451 305 excogitarent.
469 269 537 296 Cum
551 267 688 302 supplices
701 271 813 293 orarent
826 269 853 291 et
867 271 930 292 eum
960 263 1042 290 obte-

254 320 405 347 starentur,
426 318 455 341 ut
471 314 559 349 palam
578 313 692 344 faceret,
720 318 789 346 quos
808 309 888 337 vellet
914 317 920 336 :
946 308 1044 335 iterum

250 370 315 389 cum
333 361 377 389 bis
391 366 518 388 sermone
532 358 722 394 congrediens,
741 357 861 392 ipsorum
877 355 949 390 regis
961 355 1043 382 tilium

251 409 332 444 petit,
349 414 430 442 quem
440 406 579 440 captivum
596 405 623 431 in
635 411 682 431 sua
698 407 835 438 potestate
850 401 976 431 habebat.
994 400 1046 426 tin-

253 462 321 491 gens
334 458 463 488 tanquam
485 460 541 479 non
571 451 693 478 haberet.
707 449 749 477 Ad
780 456 840 483 qna
860 447 1045 474 Barbarorum

254 508 304 528 rex
319 505 345 527 et
357 499 480 530 Barbari,
492 498 525 525 ad
541 497 623 532 pedes
635 497 768 531 jacentcs,
781 494 843 522 ﬂetu
862 494 977 528 largovet
995 492 1047 527 ιθ

253 546 356 582 ejulatu
371 545 424 577 nsi,
439 543 564 579 precibus
579 543 788 574 contenderunt,
805 548 838 568 ne
858 540 924 574 quid
956 539 1044 571 impeo

255 597 341 624 rat-et,
368 592 438 626 quod
458 596 590 625 praesmre
607 588 767 623 nequirent.
778 586 834 614 Nec
847 586 920 613 enim
930 591 1047 619 seposse

255 647 314 671 eos,
328 639 375 673 qui
393 637 549 672 periissem,
570 636 689 663 invitam
710 640 851 664 revocare,
863 637 890 660 et
913 639 971 663 eos,
1001 631 1047 665 qui

255 685 357 712 mortui
375 686 478 715 essent,
496 681 605 709 obsides
618 681 693 707 dare.
711 678 825 707 Silcntio
842 677 923 709 iacto,
946 676 1048 702 Barba-

256 738 349 757 rornm
364 736 410 757 rex
427 736 494 756 voce
508 735 588 762 quam
605 727 722 753 maxima
742 725 830 760 potuit
855 722 1023 751 exclamavit
1038 729 1046 748 :

257 786 268 802 ι
288 775 396 803 Utinam
411 775 514 802 viveret
531 773 603 800 ﬁlius
614 777 741 803 meus,ut
756 770 802 797 tibi
819 768 936 796 traditus
952 766 1046 798 obses,

256 830 272 849 o
291 822 396 853 Caesar,
419 820 569 847 feliciorem
584 825 666 853 regno
681 823 742 844 meo
755 815 825 849 apud
842 819 869 841 te
888 813 1047 840 servitutem

256 869 381 895 serviret.
399 866 452 894 Sed
472 866 526 892 tuis
539 864 624 891 armis
643 862 753 894 cecidit.
768 861 891 896 fortasse
919 859 1003 886 etiam
1028 865 1047 885 ~a

251 914 335 941 -vobis
352 921 404 940 tton
415 911 551 946 cognitus.
567 909 633 936 Belli
654 908 727 935 enim
743 906 873 942 periculis
889 911 967 932 suum
984 911 1047 931 cor-
1063 896 1085 927 Β

258 968 307 995 pus
333 959 439 994 juvenis
462 957 572 992 obiecit,
604 963 683 991 quem
704 955 830 982 idoneum
855 951 930 987 pacis
950 950 1047 978 vadem

258 1013 354 1033 (TCl'tSCS
367 1010 395 1032 et
410 1009 437 1031 tu
454 1010 525 1030 nunc
537 1009 611 1033 eum,
622 1009 638 1028 0
652 1002 808 1034 imperator,
821 1003 950 1031 tanquam
964 996 1046 1028 vivat,

259 1050 393 1084 exposcis.
416 1049 471 1082 Ego
483 1054 548 1074 vero
566 1046 648 1073 miser
677 1051 748 1071 nunc
764 1044 883 1078 primum
905 1041 1047 1068 lamentari

260 1096 371 1130 incipio,
387 1091 606 1129 quandoquidem
617 1090 724 1125 qualem
744 1096 798 1116 non
825 1088 950 1118 habeam,
977 1093 1049 1113 nunc

256 1144 368 1168 demum
383 1138 514 1172 intelligo.
531 1136 627 1163 Filium
649 1135 722 1162 enim
747 1134 857 1160 unicum
883 1132 989 1167 Ingens,
1023 1134 1051 1157 et

261 1194 354 1222 pacem
369 1190 542 1212 communem
558 1189 612 1208 una
633 1187 695 1207 cum
708 1179 763 1206 lilio
780 1177 896 1214 perdidi.
918 1177 946 1203 Si
975 1183 1050 1203 meas

260 1232 384 1259 miserias
399 1234 487 1257 tantas
499 1235 572 1260 esse,
602 1230 709 1261 quantae
735 1229 807 1256 sunt,
831 1222 991 1254 credideris,
1024 1220 1050 1247 id

260 1276 459 1306 consolationis
471 1274 580 1302 habebit
599 1272 689 1304 dolor,
704 1270 776 1306 quod
786 1277 835 1304 pro
858 1268 981 1296 omnium
1011 1274 1051 1295 sa.

261 1326 318 1352 lute
334 1325 406 1351 hunc
420 1329 512 1349 casum
528 1318 659 1347 subierim
674 1326 681 1344 :
697 1318 738 1345 sin
754 1316 835 1344 ﬁdem
852 1314 1005 1349 abrogaris,
1024 1317 1052 1341 et

261 1375 338 1406 pater
351 1368 456 1400 infelix,
474 1371 501 1394 et
530 1373 579 1394 rex
592 1363 757 1399 conspiciar.
788 1361 856 1388 Nam
884 1368 940 1388 non
963 1361 1050 1387 solum

260 1416 324 1445 aliis
344 1423 404 1443 mea
422 1413 491 1440 mala
515 1410 780 1440 commiserationem
805 1415 860 1435 non
893 1407 1050 1437 movebunt,

263 1470 324 1497 quae
349 1460 475 1489 omnibtts
487 1459 600 1486 debetur
614 1455 747 1491 ejusmodi
770 1453 910 1481 doloribus
925 1451 1051 1484 inﬂictis;

263 1507 311 1535 sed
339 1505 469 1533 accedent
498 1504 581 1531 etiam
607 1501 723 1536 publica:
747 1498 938 1527 calamitates:
963 1503 1052 1530 neque

262 1558 375 1581 caeteros
394 1559 409 1578 a
437 1550 557 1578 miseriis
583 1547 737 1585 defendam,
770 1545 817 1572 sed
846 1543 1053 1572 communicabo

264 1607 337 1626 ineas
350 1605 412 1625 cum
439 1596 540 1628 multis,
560 1595 586 1622 in
612 1594 665 1621 hoc
683 1590 790 1620 tantum
816 1590 890 1625 regia
923 1592 1055 1624 potestate

264 1647 357 1674 t'ruens
367 1644 439 1680 quod
454 1643 519 1670 milii
531 1641 579 1669 soli
593 1649 647 1668 non
660 1640 723 1668 licet
735 1638 870 1665 infelicem
886 1643 956 1664 esse.
971 1644 980 1660 ›
993 1634 1056 1662 Haec

261 1694 309 1721 ubi
328 1694 479 1726 imperator
490 1689 606 1722 audivit,
621 1687 692 1722 apud
713 1686 834 1713 animum
852 1692 930 1711 suum
948 1690 1056 1710 sumnto
1073 1684 1085 1696 ⁸

265 1746 382 1767 ntwrorc
394 1742 435 1765 est
446 1736 603 1768 aﬂectus,et
613 1741 719 1765 eortttn,
733 1739 792 1766 quae
803 1731 873 1759 dicta
887 1735 974 1761 erant,
983 1736 1057 1755 com-

266 1784 441 1813 miseratione
465 1787 580 1817 punctus
594 1786 687 1807 tenere
709 1776 897 1813 illacrymavit.
914 1775 946 1802 Et
963 1782 1057 1809 quem-

264 1832 409 1859 admodum
443 1830 469 1856 in
498 1827 652 1858 commdiis,
682 1825 790 1859 quando
816 1830 859 1850 res
877 1821 1005 1849 involutae
1032 1824 1060 1846 et

265 1876 411 1912 perplexe,
435 1874 468 1901 ad
489 1873 613 1907 ambigua
631 1876 657 1897 et
685 1869 820 1903 explicatu
852 1865 974 1893 difticilia
997 1872 1059 1891 ver-

266 1927 345 1958 gunt,
369 1921 436 1948 deus
450 1919 494 1954 qui
510 1922 621 1946 vocatur
632 1924 664 1943 cx
688 1915 813 1941 machina
831 1914 857 1938 in
872 1912 989 1939 medium
1006 1915 1060 1937 tra-

268 1969 354 2000 nitnr,
370 1968 415 2001 qui
437 1965 528 1993 omnia
549 1962 690 1996 componit
702 1966 729 1987 et
747 1960 835 1987 tristia
852 1958 920 1985 Lotis
949 1961 1036 1984 mutat
1052 1965 1058 1983 :

269 2017 306 2042 ita
321 2013 456 2044 Julianus,
478 2011 522 2038 ubi
551 2017 596 2037 res
612 2010 639 2035 in
658 2015 752 2042 magna
780 2004 938 2032 ditlicultate
964 2008 1060 2031 'versa-

270 2063 381 2091 bantur,
413 2065 474 2085 cum
503 2063 597 2084 omnes
631 2061 692 2081 cum
719 2052 781 2079 ﬂetu
802 2058 893 2087 pacem
924 2054 1060 2085 peterent,

268 2113 359 2141 neque
371 2104 505 2135 obsidem,
522 2109 600 2136 quem
620 2104 734 2134 peteret,
754 2106 783 2126 se
803 2097 905 2125 habere
920 2101 1058 2123 testaren-

270 2158 314 2179 tur
327 2171 334 2184 ,
351 2150 378 2177 in
402 2149 522 2176 medium
545 2146 746 2174 adolescentem
764 2142 913 2171 adductum
937 2141 1059 2169 omnium

271 2196 430 2232 conspectui
457 2200 538 2229 atque
555 2192 641 2220 oculis
666 2190 791 2225 subjecit,
826 2189 899 2223 regie
931 2187 1001 2222 apud
1033 2194 1062 2213 se

1094 265 1118 291 εἰ
1135 264 1173 299 μὴ
1187 264 1346 298 τεχνάζουσι
1359 264 1423 299 περὶ
1433 263 1483 297 τὴν
1494 262 1617 297 εἰρήνην.
1630 260 1690 287 Τῶν
1706 260 1734 287 δὲ
1749 261 1889 287 ἱκετευόν-

1093 318 1148 336 των
1174 310 1219 335 καὶ
1235 308 1383 341 ἀξιούντων
1410 309 1498 334 εἰπεῖν
1512 307 1558 338 οὓς
1570 307 1706 341 βούλεται,
1725 305 1891 340 μεταλαὸὼν

1094 353 1172 387 αὖθις
1186 355 1231 382 τὸν
1245 355 1292 382 τοῦ
1304 354 1435 390 βασιλέως
1451 354 1541 381 αὐτῶν
1558 354 1675 380 αἰτεῖται
1692 353 1787 384 παῖδα,
1803 352 1892 378 πλατ-

1094 402 1217 437 τόμενος,
1250 401 1280 428 ὃν
1306 400 1380 437 εἶχεν
1397 400 1583 436 αἰχμάλωτον,
1600 398 1697 433 ὥσπερ
1730 398 1780 424 οὐκ
1807 397 1891 432 ἔχων.

1101 447 1234 475 Ἐνταῦθα
1248 448 1262 474 ὅ
1272 457 1301 474 τε
1317 448 1442 483 βασιλεὺς
1459 446 1549 475 αὐτῶν
1566 446 1613 472 καὶ
1625 445 1650 471 οἱ
1665 443 1802 479 Βάρῦαροι
1819 451 1894 477 πρη-

1096 494 1154 524 νεῖς
1170 492 1343 525 ἐκταθέντες,
1371 493 1478 526 οἰμωγῇ
1498 500 1527 517 τε
1546 490 1655 524 ἀφθόνῳ
1674 489 1724 516 καὶ
1742 488 1893 523 ὀλοφύρσει

1097 539 1328 575 προσεκέχρηντο,
1363 538 1488 573 δεόμενοι
1522 536 1606 571 μηδὲν
1633 535 1764 562 ἀδύνατον
1778 535 1893 561 ἐπιτάτ-

1096 585 1190 613 τεσθαι
1201 595 1208 601 ·
1228 585 1359 612 ἀδύνατον
1372 585 1400 611 δὲ
1422 584 1513 615 αὐτοῖς
1529 581 1598 610 εῖναι
1614 583 1662 609 καὶ
1675 583 1738 614 τοὺς
1755 582 1893 612 πεσόντας

1097 632 1249 668 ἀναστῆσαι
1267 632 1314 658 καὶ
1325 630 1447 666 ὁμήρους
1467 629 1555 656 δοῦναι
1576 629 1639 660 τοὺς
1650 627 1892 661 τετελευτηκότας.

1097 678 1250 713 Γενομένης
1264 678 1292 704 δὲ
1314 677 1431 712 σιωπῆς,
1456 676 1471 702 6
1498 675 1552 702 τῶν
1585 674 1735 710 Βαρϐάρων
1764 673 1894 708 βασιλεὺς

1099 725 1256 760 ἀναϐοήσας
1285 724 1413 759 μέγιστον
1438 724 1512 754 ὅσον,
1535 731 1544 748 t
1564 721 1627 748 Εῑθε
1659 720 1707 754 ἔζη
1728 728 1783 754 μοι,
1798 719 1864 754 ἔφη,
1878 720 1893 745 6

1099 772 1175 803 παῖς,
1203 771 1248 797 ἴνα
1262 779 1303 797 σοι
1316 769 1403 801 δοθεὶς
1428 770 1542 804 ὅμηρος,
1568 765 1592 795 ὦ
1621 768 1741 801 Καῖσαρ,
1765 765 1893 792 δουλείαν

1100 816 1212 852 ηὐτύχει
1231 816 1280 851 τῆς
1293 816 1363 851 ὲμῆς
1376 814 1515 850 βασιλείας
1542 812 1800 848 εὐδαιμονεστέραν.
1818 810 1891 837 Ἀλλ’

1100 862 1152 888 ὑπὸ
1168 862 1214 888 σοῦ
1227 861 1370 897 τέθνηκεν,
1386 860 1527 895 ἀτυχήσας
1543 860 1608 890 ἴσως
1631 858 1678 885 καὶ
1694 858 1724 884 τὺ
1751 856 1892 891 ἀγνοηθῆ-

1100 917 1153 935 ναι.
1171 907 1286 943 Πολέμῳ
1305 907 1359 942 γὰρ
1376 906 1521 932 ἐπίστευσε
1536 905 1566 931 τδ
1597 904 1677 939 σῶμα
1706 903 1764 934 νέος
1796 902 1845 934 ὢν,
1862 903 1893 928 ὃν

1101 954 1134 981 σὺ
1153 955 1234 988 μόνον
1255 952 1380 984 ἀντάξιον
1394 952 1506 987 εἰρήνης
1521 949 1734 984 ὑπολαμϐάνεις.
1762 948 1817 974 Καὶ
1829 948 1891 979 νῦν,

1100 997 1123 1027 ὧ
1141 999 1263 1035 βασιλεῦ,
1293 999 1326 1026 σὺ
1347 998 1398 1033 μὲν
1413 997 1529 1030 ἐξαιτεῖς
1543 996 1580 1028 ὡς
1604 996 1680 1028 ὅντα,
1708 994 1764 1028 ἐγὼ
1788 994 1810 1020 δ’
1838 993 1891 1029 ἄρ-

1102 1054 1186 1081 χομαι
1211 1045 1331 1081 θρηνεῖν,
1353 1043 1474 1077 συνορῶν
1493 1042 1554 1070 τίνα
1568 1042 1618 1069 οὐκ
1631 1041 1698 1077 ἔχω.
1720 1041 1807 1068 Παῖόσ.
1837 1041 1892 1075 γὰρ

1101 1091 1263 1126 ὀδυρόμενος
1274 1090 1333 1122 ἕνα,
1353 1090 1401 1115 καὶ
1416 1088 1508 1123 κοινὴν
1535 1089 1646 1122 εἰρήνην
1673 1087 1712 1121 τῷ
1724 1087 1802 1113 παιδὶ
1830 1094 1893 1112 συν-

1101 1136 1272 1163 απολώλεκα.
1294 1135 1357 1162 Κᾶν
1374 1135 1423 1170 μὲν
1440 1134 1590 1169 πιστεύσῃς
1622 1134 1677 1164 τοῖς
1691 1133 1768 1167 ἐμοῖς
1790 1132 1895 1166 ἀτυχή-

1104 1191 1181 1218 μασι,
1211 1180 1389 1217 παραμυθίαν
1426 1180 1483 1215 ἔχει
1514 1188 1560 1214 μοι
1585 1179 1616 1205 τὸ
1642 1179 1727 1210 πάθος
1756 1178 1794 1209 ὼς
1822 1177 1894 1212 ὑπὲρ

1101 1228 1230 1255 ἁπάντων
1244 1226 1393 1261 ἠτυχηκότι
1409 1234 1417 1242 ·
1434 1225 1467 1252 ἂν
1491 1225 1520 1251 δὲ
1535 1224 1701 1259 ἀπιστήσῃς,
1720 1222 1768 1249 καὶ
1799 1222 1895 1256 πατὴρ

1103 1273 1206 1308 ἀτυχὴς
1229 1272 1276 1299 καὶ
1290 1271 1418 1306 βασιλεὺς
1442 1270 1609 1305 ὀφθήσομαι.
1638 1269 1701 1301 Τοῖς
1731 1267 1786 1302 γὰρ
1818 1268 1895 1302 ὲμοῖς

1103 1318 1197 1348 κακοῖς
1223 1317 1274 1342 οὐκ
1292 1315 1471 1349 ἀκολουθήσει
1491 1314 1539 1349 μὲν
1563 1315 1588 1340 -6
1627 1313 1703 1348 παρά
1724 1313 1780 1339 τῶν
1807 1313 1896 1339 ἀλλων

1104 1363 1189 1395 ἔλεος,
1211 1363 1298 1396 ὅσπερ
1324 1361 1426 1387 suam
1441 1360 1578 1394 ὀφείλεται
1593 1361 1648 1390 τοῖς
1679 1360 1709 1386 ὲν
1735 1358 1844 1389 τούτοις
1872 1358 1895 1374 ³⁷

1104 1408 1297 1442 καθεστηκόσι,
1321 1407 1531 1442 προσκείσονται
1547 1406 1574 1432 δὲ
1591 1406 1618 1432 αἰ
1635 1405 1723 1431 κοιναὶ
1742 1404 1895 1439 συμφοραί.

1105 1454 1159 1481 Καὶ
1176 1454 1206 1479 οὐ
1225 1454 1434 1488 παραιτήσομαι
1458 1452 1521 1484 τοὺς
1537 1451 1633 1482 ἄλλους
1647 1451 1765 1486 ἀτυχιῶν
1778 1451 1812 1483 ⁵³,
1830 1450 1898 1477 ἀλλά

1105 1498 1245 1525 κοινωνεῖν
1263 1496 1325 1531 ἐμοὶ
1340 1496 1395 1522 τῶν
1409 1496 1503 1522 δεινῶν
1527 1495 1677 1529 ἀναγκάσω
1711 1494 1745 1527 ⁸⁵,
1769 1494 1899 1521 τοσοῦτον

1106 1545 1250 1574 ἀπολαύων
1273 1544 1324 1578 τῆς
1361 1543 1502 1578 βασιλικῆς
1529 1542 1654 1574 ἐξουσίας
1690 1542 1752 1568 ὅσον
1786 1542 1898 1577 ἀτυχεῖν

1109 1591 1188 1626 μόνος
1205 1591 1243 1625 μὴ
1261 1589 1538 1616 δύνασθαι.›Τούτων
1553 1587 1661 1615 ἀκούων
1671 1588 1685 1614 6
1702 1587 1828 1623 βασιλεὺς
1843 1588 1896 1623 τήν

1107 1645 1136 1662 τε
1149 1636 1237 1671 ψυχὴν
1251 1635 1348 1667 ἔπαθε,
1367 1636 1415 1661 καὶ
1444 1636 1501 1666 τοῖς
1531 1634 1691 1670 λεγομένοις
1713 1634 1839 1666 εὐπειθῶς
1867 1635 1891 1650 ⁸⁸

1108 1682 1284 1717 ἐξεδάκρυσε.
1303 1682 1358 1708 Καὶ
1374 1680 1501 1715 καθάπερ
1528 1681 1557 1707 ὲν
1580 1682 1637 1712 τοῖς
1669 1681 1814 1715 δράμασιν,
1832 1680 1899 1707 ὅταν

1107 1729 1147 1759 εἰς
1163 1728 1265 1762 ἄπορον
1279 1727 1326 1754 καὶ
1337 1726 1467 1753 δύσλυτον
1477 1727 1506 1753 αἱ
1520 1726 1575 1752 τῶν
1595 1726 1785 1761 ὑποκειμένων
1807 1726 1899 1761 ἔργων

1108 1774 1207 1800 πλοκαὶ
1230 1773 1440 1808 τελευτήσωσιν,
1456 1774 1470 1799 6
1494 1772 1663 1808 καλούμενος
1689 1773 1743 1799 ἀπὸ
1773 1774 1902 1808 μηχανῆς

1110 1819 1170 1851 θεὸς
1186 1819 1334 1850 ὲπεισύδιος
1351 1820 1391 1850 εις
1418 1819 1500 1854 μέσον
1515 1819 1633 1852 ἕλκεται,
1646 1820 1734 1846 πάντα
1749 1820 1904 1854 συμπεραί-

1109 1874 1162 1892 νων
1178 1865 1225 1891 καὶ
1246 1866 1446 1899 καταστρέφων
1460 1865 1506 1891 ἐπὶ
1521 1865 1730 1899 τδσαφέστερον
1743 1865 1791 1891 καὶ
1806 1864 1903 1900 εὔκρι-

1109 1918 1156 1936 τον
1174 1918 1181 1925 ·
1195 1909 1265 1936 οὕτω
1281 1910 1329 1935 καὶ
1342 1910 1424 1940 αὐτὸς
1450 1909 1496 1935 ἐπὶ
1507 1909 1671 1944 πράγμασιν
1685 1909 1839 1943 ἀμηχάνοις
1855 1908 1903 1935 καὶ

1110 1955 1271 1989 δυσεξόδοις,
1287 1956 1347 1991 μετ’
1364 1956 1488 1991 οἰμωγῆς
1502 1956 1631 1983 ἀπάντων
1651 1956 1673 1972 ⁶¹
1690 1958 1740 1991 τὴν
1757 1957 1807 1991 μὲν
1825 1957 1905 1992 εἰρή-

1111 2011 1161 2037 νην
1191 2002 1350 2035 αἰτούντων,
1373 2003 1419 2029 τὸν
1433 2002 1462 2028 δὲ
1492 2001 1709 2037 ἐπιζητούμενον
1725 2003 1831 2037 ὅμηρον
1850 2004 1903 2029 άπ-

1116 2049 1304 2083 αγορευόντων
1316 2048 1354 2083 μὴ
1374 2048 1458 2083 ἔχειν,
1475 2048 1520 2075 τόν
1530 2056 1559 2074 τε
1575 2049 1716 2074 νεανίσκον
1732 2047 1906 2082 παραγαγὼν

1113 2095 1215 2121 ἅπασιν
1230 2093 1314 2126 ἔδειξε
1330 2094 1478 2129 βασιλικῶς
1511 2094 1576 2129 παρ’
1601 2093 1686 2120 αὑτοῦ
1711 2093 1905 2127 διαιτώμενον,

1113 2140 1161 2166 καὶ
1179 2138 1354 2175 διαλεχθῆναι
1368 2138 1406 2173 τῷ
1426 2139 1510 2172 πατρὶ
1532 2139 1665 2170 κελεύσας
1688 2138 1739 2165 ὅσα
1763 2137 1906 2168 ἐϐούλετο,

1114 2186 1296 2222 περιεσκόπει
1319 2184 1349 2211 τὺ
1365 2184 1603 2220 πραχθησόμενον.
1638 2183 1717 2210 Τὰδὲ
1738 2184 1785 2209 ἐπὶ
1797 2183 1908 2214 τούτοις

270 2245 427 2271 educatum.
443 2241 567 2275 Cumque
580 2246 642 2266 eum
653 2238 787 2266 disserere
806 2243 867 2263 cutn
897 2238 975 2269 patre
1001 2240 1055 2268 qua

1112 2230 1146 2268 ἦν
1163 2232 1227 2265 ἄξια
1243 2231 1356 2259 τούτων.
1373 2232 1430 2258 Οὐκ
1448 2231 1542 2257 ἔτεκεν
1563 2231 1577 2256 ό
1592 2230 1667 2265 ἥλιος
1683 2230 1814 2264 τοιαύτην
1836 2230 1907 2265 ὴμιι

272 2285 521 2319 volcbaljussisset,
534 2283 567 2310 ad
588 2289 631 2315 ea,
646 2289 706 2316 qua:
722 2281 849 2314 deinceps
869 2277 972 2312 agenda
986 2280 1064 2304 erant

272 2333 401 2360 advertit.
425 2331 491 2365 Qua:
503 2334 568 2357 sunt
582 2332 739 2359 cansccuta.
757 2327 798 2354 his
814 2330 996 2353 consentanea
1008 2323 1065 2350 fuc-

274 2384 349 2406 runt.
363 2377 421 2404 Non
437 2376 549 2413 protulit
563 2375 604 2403 sol
629 2375 699 2401 diem
719 2372 808 2408 qualis
829 2371 873 2398 illa
896 2370 958 2402 fuit,
984 2375 1064 2403 quam

275 2432 340 2453 tunc
354 2424 446 2452 videre
463 2428 490 2450 et
505 2422 604 2450 intueri
623 2421 676 2453 liis,
695 2420 741 2454 qui
759 2419 883 2450 aderant,
898 2415 987 2444 licuit.
1003 2414 1066 2441 Bar-

274 2472 333 2499 bari
349 2471 421 2498 enim
437 2478 452 2497 a
463 2476 580 2497 maerore
605 2473 632 2494 ct
646 2465 770 2494 lamentis
786 2469 895 2498 stupore
906 2466 934 2489 et
948 2462 1066 2489 admira~

277 2519 350 2546 tione
367 2517 488 2551 correpti
507 2514 661 2543 immobiles
675 2518 703 2540 et
722 2512 767 2539 ﬁxi
783 2513 928 2542 steterunt,
937 2513 1066 2542 tanquam

275 2563 401 2591 Julianus
429 2562 482 2589 illis
504 2560 674 2589 exhibuisset
702 2565 755 2585 non
778 2554 991 2587 adolescentem,
1019 2553 1066 2580 sed

277 2610 374 2637 falsam
398 2609 543 2644 imaginem
556 2604 746 2635 adolescentis.
770 2604 806 2630 At
835 2602 993 2636 imperator,
1020 2600 1064 2627 ubi

278 2653 414 2679 silentium
427 2652 518 2683 altius,
533 2657 612 2686 quam
627 2650 653 2676 in
666 2648 802 2683 mysteriis
827 2647 946 2678 solitum,
966 2645 1066 2672 factum

280 2702 351 2732 erat,
366 2699 485 2733 graviter
500 2697 526 2724 in
544 2696 634 2724 medio
657 2696 791 2729 loquens:
814 2691 864 2727 17
885 2700 893 2716 t
910 2691 985 2718 llunc
1003 2691 1065 2725 qui-

1118 2285 1178 2311 ραν,
1195 2277 1254 2302 οἵαν
1269 2276 1330 2302 τότε
1349 2276 1413 2310 ἐξῆν
1431 2278 1488 2307 τοῖς
1519 2275 1654 2310 παροῦσιν
1675 2276 1742 2310 ὀρᾷν
1766 2275 1815 2301 καὶ
1832 2276 1904 2301 ἱστο-

1118 2324 1184 2357 ρεῖν.
1206 2322 1238 2348 Οἱ
1256 2322 1305 2356 μὲν
1317 2322 1371 2356 γὰρ
1387 2322 1442 2349 ἀπὸ
1455 2321 1570 2355 θορύϐου
1591 2322 1638 2348 καὶ
1654 2321 1759 2356 θρήνων
1775 2320 1909 2355 ἐκπλήξει

1118 2368 1167 2395 καὶ
1182 2367 1281 2402 θάμϐει
1298 2367 1470 2399 συνδεθέντες
1485 2369 1513 2399 ὲς
1543 2367 1573 2393 τὸ
1593 2368 1722 2400 ἀκίνητον
1750 2367 1907 2400 ἔπάγησαν,

1118 2414 1213 2449 ὥσπερ
1236 2412 1380 2439 Ἰουλιανοῦ
1397 2412 1534 2446 δείξαντος
1555 2413 1576 2428 θ’
1599 2413 1693 2443 αὐτοῖς
1711 2411 1742 2438 οὑ
1767 2411 1813 2437 τὸν
1844 2419 1908 2437 νεα-

1118 2461 1222 2493 νίσκον,
1239 2460 1296 2487 ἀλλ’
1314 2459 1434 2486 εἴδωλον.
1469 2459 1498 2485 '0
1511 2459 1540 2485 δὲ
1556 2458 1694 2493 βασιλεὺς,
1718 2457 1781 2483 ἐπεὶ
1806 2457 1910 2492 ἡσυχία

1120 2506 1280 2541 μυστηρίων
1305 2505 1434 2531 ἀπάντων
1468 2504 1577 2537 ἐγένετο
1610 2502 1814 2537 σταθερωτέρα,
1840 2502 1911 2538 βαρὺ

1118 2552 1307 2586 φθεγξάμενος
1322 2552 1363 2582 εἰς
1379 2551 1472 2585 μέσον,
1491 2558 1501 2575 t
1516 2549 1627 2578 Τοῦτον.
1642 2548 1729 2581 εἶπεν,
1748 2550 1761 2574 6
1777 2548 1828 2583 μὲν
1845 2548 1914 2583 ὑμέ-

1118 2606 1208 2633 τερος,
1224 2598 1261 2630 ὡς
1278 2598 1357 2633 ὑμεῖς
1372 2596 1589 2631 ὑπολαμϐάνετε,
1606 2596 1725 2630 πόλεμος
1741 2594 1911 2627 ἀπολώλεκε,

1118 2646 1184 2677 Θεὲς
1195 2646 1223 2672 δὲ
1246 2646 1312 2676 ῖσως
1337 2644 1384 2671 καὶ
1415 2644 1446 2670 τὸ
1472 2644 1617 2678 Ῥωμαίων
1645 2643 1749 2669 σέσωκε
1771 2642 1793 2657 ⁸³
1815 2641 1912 2676 φιλάν-

1119 2691 1239 2727 θρωπον.
1257 2691 1331 2723 Ἒξω
1345 2690 1373 2716 δὲ
1386 2690 1467 2717 αὑτὸν
1490 2690 1606 2725 ὅμηρον,
1625 2690 1656 2715 οὺ
1674 2688 1740 2724 παρ’
1758 2687 1838 2722 ὑμῶν
1851 2687 1913 2713 καθ’

938 2745 1055 2773 VARI/Et
1074 2745 1276 2772 LECTIUNES.

314 2815 337 2831 ετ
353 2813 484 2844 τοιούτοις
499 2812 572 2847 conj.
584 2810 617 2838 N.
655 2808 753 2847 "frob:
765 2806 861 2847 ἄλλους
875 2804 993 2847 aucupo?
1009 2804 1053 2847 .,
1070 2805 1125 2835 τοῖς
1139 2803 1229 2835 ἀλλοις
1241 2802 1350 2837 ἀτυχῶν
1366 2803 1440 2839 vulg.
1492 2803 1515 2819 "
1528 2803 1676 2838 ἀναγκάσω
1694 2802 1740 2833 Ν.,
1756 2802 1914 2836 ἀναγκάσαι

1052 2842 1058 2847 .
1454 2838 1547 2847 -,.
1623 2838 1767 2847 ..ηψπ

281 2839 365 2882 vulg.
375 2839 379 2840 7
389 2839 413 2864 7‘“
430 2839 560 2879 εὐπαθὼξ
571 2845 708 2882 Cantocl.,
723 2841 837 2882 ἀπαθῶς
854 2840 925 2882 vulg.
1003 2839 1341 2882 ἁπάντωνὶΒοΞξξοῖιαΰυεε
1360 2839 1488 2867 ἀπαντῶν
1503 2839 1577 2874 vulg.

1623 2839 1645 2855 “
1662 2838 1799 2871 δείξαντος
1833 2839 1915 2864 Cont-

283 2874 409 2917 mclinus,
430 2874 574 2920 πείξαντος
590 2881 664 2914 cod.,
681 2874 840 2913 πορίζοντος
856 2876 928 2910 vulg.
968 2875 989 2891 "
1004 2875 1107 2902 σέσωκε
1123 2874 1164 2908 3.,
1181 2874 1280 2901 δέδωκε
1294 2874 1366 2910 vulg.

927 2921 933 2933 \
