4050 6420
537 338 676 402 ··ὓῗι5

563 542 711 608 apud
756 538 986 590 Nit-zeam
1022 535 1286 604 Bithynia:
1338 534 1631 600 imperator
1669 539 1754 582 cst
1792 527 2092 595 appellatus
2128 546 2141 580 :

548 629 900 685 'illucmulta:
941 629 1236 694 legationes
1297 625 1652 681 atlvetwrunt,
1709 636 1829 687 quze
1921 634 2150 671 coronas

555 737 768 778 aureas
807 721 873 774 ad
917 720 1094 788 ipsum
1128 716 1448 771 afferebaut.
1492 714 1545 766 lu
1577 714 1660 766 his
1687 712 2005 780 recipiendis
2052 710 2151 762 mi-

576 816 722 870 nime
754 828 814 868 se
859 817 1248 880 praeposterum
1289 816 1381 860 aut
1406 806 1748 860 festinantem
1773 804 2034 867 exhibuit,
2058 803 2148 856 sed

577 906 831 961 omnibus
867 902 1268 971 quamprimum
1297 911 1356 952 se
1398 894 1804 952 satisfacturum
1855 909 1978 948 esse
2023 908 2148 961 pro-

579 997 746 1052 misit.

647 1088 701 1142 5.
728 1083 1043 1156 (A.‘C.366,
1074 1083 1184 1137 iud.
1212 1082 1265 1147 9,
1296 1079 1506 1134 Valent.
1539 1089 1592 1132 et
1627 1077 1743 1130 Val.
1766 1076 1808 1130 l.
1829 1077 1906 1144 5).
1942 1074 2146 1128 Valenti

572 1195 696 1235 cum
749 1177 916 1231 otium
976 1183 1160 1243 ageret
1206 1175 1274 1228 ab
1308 1171 1549 1227 externis
1577 1179 1631 1223 et
1683 1167 1994 1222 domesticis
2030 1167 2151 1235 ,brl-

575 1273 661 1334 lis,
697 1269 1002 1323 nuntiatum
1034 1276 1136 1331 est,
1171 1263 1456 1318 collectum
1492 1260 1816 1330 Scytharum
1850 1259 2146 1313 exercitum

575 1374 742 1430 prope
765 1358 872 1429 iam
900 1358 1108 1411 adesse.
1136 1354 1200 1408 Hi
1223 1369 1350 1408 vero
1378 1359 1556 1414 erant,
1583 1365 1719 1420 quos
1746 1349 2048 1417 Procopius
2095 1347 2148 1400 in

569 1465 734 1506 suum
795 1448 1057 1502 auxilium
1112 1462 1140 1498 a
1175 1445 1496 1514 Scytharum
1552 1456 1676 1511 rege
1738 1440 2144 1507 impetraverat.

579 1541 687 1595 llos
709 1532 927 1593 aiebant
951 1550 1144 1605 magno
1175 1551 1297 1588 cum
1335 1535 1478 1586 fastu
1521 1542 1575 1585 et
1630 1530 1943 1598 arrogantia
1999 1529 2144 1581 ince-

575 1635 706 1690 dere
725 1641 780 1685 et
803 1631 982 1684 omnia
1026 1642 1145 1695 qua:
1183 1641 1242 1680 se
1281 1640 1467 1678 eorum
1486 1622 1800 1690 conspectui
1830 1619 2152 1675 obtulissent

561 1723 1159 1792 ~<le3picere,pr0pterea
1176 1717 1317 1786 quod
1330 1714 1587 1785 quidquid
1601 1713 1812 1782 injuria:
1825 1710 2151 1775 inferebant,

645 342 676 399 5
1522 327 1916 391 EXCERPTA
1964 323 2062 386 EX
2105 323 2442 386 EUNAPIO
2484 323 2866 386 SARDIANO

645 449 807 516 4.(Α.
845 445 905 499 (ἰ.
940 443 1063 506 564,
1103 441 1212 496 ind.
1252 441 1280 492 7
1321 439 1525 493 Valent.
1558 439 1596 494 I.
1645 440 1692 506 l)
1740 435 2147 490 Valentinianus

2320 431 2380 485 δ’.
2424 431 2546 484 ’Ὁτι
2588 428 2997 484 Βαλεντινιανοῦ
3022 428 3322 500 ἀνάῥρησις
3363 429 3420 482 ἐν
3477 428 3680 500 Νικαία
3726 432 3829 498 τῆς

3717 319 3822 384 £56

2255 525 2504 587 Βιθυνίας
2553 525 2785 592 γίνεται,
2816 523 3100 594 πρεσϐεῖαί
3124 540 3204 586 τε,
3260 524 3380 574 ὅσαι
3431 523 3830 591 συνεπεφοιτή-

2254 634 2420 670 κεσαν
2459 617 2553 668 ἐπὶ
2586 617 2775 669 τοῦτον
2804 617 2930 677 τοὺς
2969 614 3202 685 χρυσοῦς
3233 613 3455 681 ἔχουσαι
3502 613 3829 682 στεφάνους,

2254 708 2390 776 πρὸς
2419 709 2624 760 ἐκεῖνον
2657 708 3002 779 ἀνεφέροντο.
3045 705 3152 757 Καὶ
3186 703 3322 773 πρὸς
3369 704 3548 766 πάσας
3587 704 3831 772 (irrepat-
3860 720 3865 725 ·

2253 816 2374 854 νετο
2435 799 2534 868 μὲν
2591 798 2765 862 οὐδὲν,
2831 797 3136 866 ἐπιτρέχων
3205 793 3405 863 ῥαδίως
3456 794 3657 846 οὑτωσὶ
3733 795 3837 846 καὶ

2255 889 2556 957 συντόμως,
2587 887 2956 957 ἐπηγγέλλετο
2987 887 3032 918 ⁷ο
3081 885 3139 938 δέ
3186 884 3392 938 ἃπασιν
3423 883 3500 946 ὡς
3568 885 3827 954 ποιήσων

2253 980 2451 1034 αὐτίκα
2502 980 2660 1048 μάλα.

2323 1077 2384 1124 ε’.
2442 1070 2564 1123 Ὅτι
2591 1069 2669 1140 τῷ
2702 1069 2912 1139 βασιλεῖ
2938 1067 3218 1130 Οὐάλεντι,
3279 1066 3509 1136 ἡσυχίαν
3559 1066 3669 1120 ἀπὸ
3719 1065 3839 1119 τῶν

2254 1161 2472 1214 οἰκείων
2525 1160 2622 1214 καὶ
2666 1161 2776 1214 τῶν
2832 1160 3053 1213 ὀθνείων
3131 1161 3337 1227 ἄγοντι,
3405 1158 3466 1209 τὺ
3541 1158 3840 1212 ἐπίλεκτον

2256 1253 2578 1322 ἀγγέλλεται
2629 1254 2738 1305 τῶν
2770 1252 2996 1305 Σκυθῶν
3060 1254 3378 1322 στράτευμα
3432 1254 3665 1324 πλησίον
3727 1253 3840 1323 ἥδη

2259 1360 2362 1394 που
2407 1342 2718 1412 τυγχάνειν,
2768 1341 2861 1404 οὓς
2909 1343 2938 1393 6
3005 1341 3312 1410 Προκόπιος
3373 1344 3453 1405 είς
3510 1343 3839 1413 συμμαχίαν

2254 1433 2604 1504 ἐξεκεκλήκει
2649 1433 2799 1502 παρὰ
2830 1432 2923 1485 τοῦ
2957 1432 3180 1486 Σκυθῶν
3237 1432 3522 1502 βασιλέως.
3583 1434 3836 1504 Γαύρους

2255 1522 2394 1579 εἶναι
2423 1525 2489 1578 τά
2537 1527 2862 1595 φρονήματα
2919 1523 3106 1590 ἔλεγον
3153 1522 3280 1586 τοὺς
3341 1524 3669 1594 προσιόντας
3731 1524 3830 1577 καὶ

2258 1616 2749 1687 περιφρονητικοὺς
2771 1615 2876 1668 τῶν
2923 1614 3225 1686 ὁρωμένων
3259 1616 3302 1646 ⁷¹
3326 1653 3382 1679 ,α
3411 1615 3712 1686 ὀλιγώρους
3765 1633 3825 1669 τε

2259 1707 2393 1776 πρὸς
2458 1709 2519 1760 τὸ
2601 1708 2903 1760 ἀκόλαστον
2973 1707 3093 1776 μεθ’
3157 1705 3391 1776 ὕϐρεως,
3446 1709 3542 1760 καὶ⁷
3600 1708 3737 1760 πολὺ
3767 1709 3834 1761 τὸ

577 1814 628 1868 id
656 1816 876 1880 impune
911 1809 1198 1871 faciebant,
1227 1816 1280 1859 ct
1333 1811 1650 1871 arroganter
1696 1809 1750 1856 et
1798 1798 2030 1867 superbe
2091 1811 2151 1850 se

2261 1801 2536 1870 ἀγέρωχον
2591 1799 2688 1854 καὶ
2742 1798 2943 1868 θερμὸν
2998 1799 3090 1851 ἐπὶ
3135 1800 3303 1851 πᾶσιν
3353 1799 3596 1869 ἔχοντας.
3667 1800 3727 1853 Ὀ
3769 1801 3835 1854 δὲ

574 1918 702 1956 eum
731 1899 979 1956 omnibus
1006 1898 1284 1968 gerebant.
1333 1894 1441 1949 llos
1473 1894 1768 1962 imperator
1798 1891 1940 1944 intra
1976 1888 2140 1943 breve

577 2004 792 2062 tempus
822 1989 1148 2044 interclusos
1185 1988 1235 2040 in
1302 1985 1576 2054 Scythiam
1626 1982 1823 2047 reditu,
1856 1979 2010 2049 quasi
2063 1993 2151 2032 re-

583 2086 724 2138 tibus
750 2092 936 2150 captos
990 2078 1228 2132 continui
1270 2086 1326 2130 et
1382 2089 1532 2129 arma
1588 2072 1804 2126 tradere
1853 2067 2056 2138 jussit:
2097 2075 2152 2120 et

582 2190 708 2229 vero
738 2173 1098 2230 tradiderunt.
1151 2168 1312 2224 etiam
1363 2175 1514 2220 motu
1567 2163 1887 2232 capi-Horum
1956 2158 2153 2213 mentis

582 2266 836 2320 ferociam
877 2263 1197 2317 indicantes.
1232 2258 1340 2312 llus
1363 2258 1526 2327 igitur
1585 2270 1681 2323 per
1717 2253 1896 2321 urbes.
1935 2251 2152 2319 disper-

580 2374 669 2412 sos
756 2357 807 2409 in
864 2353 1028 2408 libera
1073 2350 1316 2405 custodia
1385 2347 1592 2413 habuit,
1671 2356 1726 2398 et
1778 2350 2147 2411 contemptum

550 2464 764 2503 ~eorum
797 2445 1051 2499 excitavit
1107 2445 1209 2508 his,
1255 2441 1343 2509 qui
1376 2440 1628 2493 viderunt
1669 2451 1859 2490 eorum
1903 2447 2150 2500 corpora,

579 2543 634 2594 in
672 2539 890 2593 nimiam
922 2535 1304 2606 proceritatem
1324 2532 1625 2600 surgentia,
1669 2527 1944 2598 graviora,
1988 2536 2153 2592 quam

581 2639 640 2684 ut
665 2628 829 2697 pedes
861 2629 1088 2687 ferrent,
1116 2632 1171 2678 et
1199 2621 1346 2677 circa
1403 2620 1635 2674 tnediam
1687 2627 1894 2687 partem
1937 2612 2152 2674 exsilia,

554 2719 758 2788 .qualia
803 2715 1125 2771 Aristoteles
1173 2715 1378 2768 insecta
1419 2710 1568 2764 dicit.
1608 2711 1674 2762 At
1706 2709 1920 2763 urbium
1966 2705 2155 2759 incola:

581 2828 705 2866 cum
756 2811 988 2880 Scythas
1039 2808 1095 2860 in
1181 2819 1308 2860 suas
1383 2803 1574 2856 domos
1629 2799 2000 2861 admisissent,
2063 2794 2153 2848 ubi

577 2899 996 2956 eorumririum
1059 2892 1449 2950 imbecillitatis
1519 2889 1818 2960 periculum
1886 2887 2154 2950 fecerunt,

555 3007 740 3045 .suum
781 3003 1024 3045 errorem
1077 2985 1305 3040 irridere
1327 2981 1502 3038 coacti
1535 2986 1682 3034 sunt.
1715 2976 1824 3030 llos
1853 2976 2016 3044 igitur
2040 2983 2149 3028 tam

552 3083 869 3152 .praaclaros
935 3077 1258 3148 Scytharum
1316 3089 1408 3128 rex
1442 3071 1676 3140 repetiit.
1698 3069 1824 3123 Erat
1859 3067 1960 3121 hoc
1992 3080 2157 3134 nego-

585 3137 717 3228 iium
746 3173 977 3227 ardumn
1017 3180 1072 3224 et
1103 3165 1432 3238 huiusmodi,
1462 3163 1604 3233 quod
1643 3177 1748 3216 non
1775 3159 1932 3214 facile
1962 3163 2157 3229 'posset
2185 3137 2230 3198 Ο

586 3264 653 3319 ad
679 3263 809 3333 justi
857 3260 1122 3314 rationem
1175 3256 1424 3325 expendi.
1465 3252 1682 3307 Dicebat
1732 3251 1876 3304 enim
1948 3263 2007 3304 se
2059 3249 2154 3303 hos

569 3359 692 3411 .tide
721 3357 1033 3425 iuramento
1066 3349 1245 3403 habita
1274 3347 1340 3402 ad
1371 3345 1648 3415 suppetias
1696 3340 2012 3410 imperatori
2047 3339 2152 3394 mi-

586 3449 742 3502 sisse.
778 3442 1092 3500 Valentinus
1131 3455 1260 3495 vero
1295 3439 1526 3508 negabat
1571 3450 1694 3489 eum
1741 3433 1806 3488 ad
1846 3448 2004 3502 quem
2057 3433 2155 3486 mi-

585 3548 734 3593 serat
772 3537 1156 3606 imperatorem
1210 3530 1400 3594 fuisse,
1433 3542 1607 3598 neque
1655 3541 1716 3582 se
1769 3525 2025 3595 iurasse:
2069 3523 2157 3578 ille

579 3627 854 3685 Julianum
899 3624 954 3678 in
1017 3622 1251 3679 medimu
1328 3619 1660 3683 adducebat,
1717 3632 1883 3686 seque
1938 3624 2156 3684 propter

586 3721 730 3774 illius
760 3731 883 3771 cum
912 3714 1014 3768 hoc
1056 3709 1581 3776 cousanguiuitatem
1628 3707 1864 3762 dedisse.
1924 3705 2157 3772 Legato-

586 3829 703 3865 t'um
727 3810 890 3864 etiam
922 3805 1241 3874 dignitatem
1271 3801 1603 3856 obtendebat
1640 3817 1653 3854 :
1690 3799 1989 3865 imperator
2016 3811 2150 3850 con-

587 3914 666 3956 tra
688 3899 1014 3961 disserebat,
1039 3897 1204 3949 etiam
1232 3893 1442 3963 legatos
1467 3891 1590 3961 jure
1613 3891 1808 3956 teneri,
1827 3899 1881 3944 et
1919 3903 2035 3953 eos,
2065 3888 2154 3955 qui

577 4000 879 4062 praesentes
932 3983 1621 4046 erant.hostiumnumero
1662 3981 1882 4046 habere,
1915 3979 2158 4049 quando-

586 4084 806 4154 quidem
839 4078 1089 4134 hostibus
1126 4074 1387 4130 auxilium
1428 4073 1594 4126 latum
1637 4072 1929 4126 venissent.
1970 4070 2047 4124 Ex
2076 4069 2160 4123 bis

586 4172 769 4231 causis
800 4169 1112 4241 Scythicum
1164 4167 1455 4222 excitatum
1489 4174 1573 4219 est
1623 4163 1864 4229 bellum,
1910 4163 2057 4231 quod
2105 4169 2160 4215 et

589 4263 850 4336 dignitate
888 4259 1156 4330 gentium,
1191 4273 1310 4327 qua:
1334 4257 1607 4320 coierunt,
1659 4265 1716 4310 et
1779 4255 2158 4324 magnitudine

588 4364 946 4428 apparatumn
995 4365 1246 4418 magnam
1282 4348 1387 4418 19
1419 4348 1689 4401 variorum
1744 4341 1975 4400 casuum’
1990 4358 2042 4401 et
2075 4348 2160 4400 in-

588 4454 754 4500 certa:
783 4441 1016 4498 fortuna:
1069 4439 1530 4508 exspectationem
1568 4440 1834 4502 movebat,
1876 4438 1974 4492 sed
2027 4453 2158 4490 acu-

2259 1890 2511 1961 βασιλεὺς
2539 1891 2822 1958 συντόμως
2842 1890 3039 1950 αὐτοὺς
3062 1887 3358 1958 ἀποταμὼν
3377 1893 3474 1958 τῆς
3494 1891 3583 1942 ἐπὶ
3612 1889 3831 1954 Σκύθας

2253 1982 2600 2052 ὑποστροφῆς
2645 1984 2896 2051 κατεῖχεν
2925 1980 3077 2044 ἐντδς
3105 1978 3346 2050 ἀρκύων,
3409 1983 3500 2034 καὶ
3545 1981 3614 2035 τὰ
3675 1984 3824 2037 ὅπλα

2255 2071 2590 2141 παραδοῦναι
2615 2070 2900 2132 κελεύσας,
2926 2072 2987 2123 Οί
3014 2071 3070 2123 δὲ
3089 2070 3306 2134 ἔδοσαν,
3347 2072 3448 2141 τὴν
3475 2072 3577 2142 τῆς
3595 2072 3829 2143 γνώμμης

2253 2161 2552 2231 ὑπεροψίαν
2611 2162 2772 2231 μέχρι
2822 2160 2916 2214 τοῦ
2971 2161 3188 2230 κινῆσαι
3226 2161 3272 2193 ⁷⁸
3307 2162 3408 2222 τὰς
3465 2164 3644 2232 κόμας
3706 2166 3833 2216 ἐπι-

2253 2251 2580 2321 δειξάμενοι.
2625 2252 2956 2322 Διασπείρας
2987 2250 3080 2304 οὖν
3110 2252 3306 2315 αὐτοὺς
3336 2251 3476 2305 κατά
3511 2255 3608 2316 τὰς
3644 2253 3836 2317 πόλεις

2255 2347 2313 2396 ἐν
2375 2342 2599 2412 ἀδέσμῳ
2653 2345 2871 2412 κατεῖχε
2929 2345 3162 2414 φρουρᾷ,
3223 2342 3320 2396 καὶ
3414 2346 3836 2416 καταφρόνησιν

2256 2435 2552 2487 ἐνεποιεῖτο
2589 2436 2697 2496 τοῖς
2726 2433 3018 2504 θεωμένοις
3044 2435 3224 2488 αὐτῶν
3284 2435 3352 2489 τὰ
3404 2434 3635 2505 σώματα
3695 2438 3838 2506 πρός

2255 2543 2314 2578 τε
2346 2526 2518 2596 μῆκος
2548 2527 2766 2597 ἀχρεῖον
2831 2527 3187 2596 ἐλαυνόμενα,
3236 2528 3330 2580 καὶ
3392 2527 3674 2599 βαρύτερα
3717 2533 3835 2594 τοῖς

2257 2617 2406 2683 ποσὶ,
2449 2619 2588 2672 κατά
2615 2634 2674 2669 τε
2724 2617 2785 2670 τὸ
2812 2617 2976 2688 μέσον
3025 2620 3408 2689 διεσφιγμένα,
3472 2613 3614 2693 ᾖπέρ
3668 2638 3837 2691 φησιν

2271 2709 2642 2780 Ἀριστοτέλης
2665 2709 2734 2762 τὰ
2759 2709 2981 2778 ἔντομα.
3011 2711 3300 2780 Δεχόμενοι
3329 2711 3374 2742 ’³
3408 2711 3451 2763 δ’
3484 2707 3579 2765 οὖν
3625 2713 3833 2775 αὐτοὺς

2258 2803 2338 2864 είς
2375 2800 2474 2864 τὰς
2513 2800 2688 2863 οἰκίας
2717 2804 2767 2854 oi
2799 2801 2897 2864 τὰς
2926 2803 3111 2866 πόλεις
3153 2801 3430 2865 οἰκοῦντες
3499 2805 3595 2856 καὶ
3625 2806 3834 2875 πειρώ-

2263 2910 2412 2962 μενοι
2435 2893 2534 2961 τῆς
2565 2893 2870 2958 ἀσθενείας,
2911 2893 3009 2965 τὴν
3071 2893 3278 2947 ἑαυτῶν
3327 2894 3605 2962 ἐξαπάτην
3670 2896 3837 2965 γελᾷν

2260 2983 2653 3054 ἠναγκάζοντο.
2706 2985 2940 3049 Τούτους
3009 2986 3208 3056 ἀπῄτει
3265 2987 3388 3048 τοὺς
3449 2986 3734 3053 γενναίους
3808 2990 3838 3041 6

2263 3077 2483 3131 Σκυθῶν
2516 3077 2788 3147 βασιλεύς.
2830 3079 2940 3132 Καὶ
3001 3074 3068 3146 ἦν
3103 3078 3171 3136 ,τὸ
3229 3079 3462 3147 πρᾶγμα
3520 3079 3686 3149 δριμὺ
3738 3080 3838 3132 καὶ⁸

2263 3169 2398 3240 πρὸς
2428 3169 2518 3223 τὸν
2539 3169 2633 3224 τοῦ
2662 3170 2871 3223 δικαίου
2895 3171 3052 3238 λόγον
3098 3170 3200 3223 οὐκ
3221 3170 3574 3240 εὐδιαίτητον.
3628 3171 3688 3223 Ὅ
3731 3173 3838 3239 μὲν

2263 3260 2371 3331 γὰρ
2401 3260 2605 3330 ἔφασκε
2633 3261 2843 3331 βασιλεί
2869 3263 3160 3316 δεδωκέναι
3195 3263 3334 3316 κατά
3363 3264 3670 3334 συμμαχίαν
3732 3267 3831 3317 καὶ

2262 3355 2456 3424 ὅρκους
2486 3370 2499 3384 ·
2535 3357 2562 3407 6
2586 3354 2644 3406 δὲ
2674 3354 2963 3422 ἀπέφασκε
2998 3353 3222 3421 βασιλέα
3268 3354 3344 3425 μὴ
3393 3353 3676 3422 τυγχάνειν
3736 3353 3836 3408 καί

2263 3446 2427 3500 αὑτὸν
2453 3447 2550 3498 οὐκ
2575 3446 2948 3515 ὀμωμοκέναι.
2983 3446 3230 3499 Ἐκείνου
3271 3445 3329 3498 δὲ
3364 3445 3749 3516 προστιθέντος
3788 3445 3837 3475 ⁷⁸

2262 3538 2353 3589 τὸν
2418 3535 2720 3598 Ἰουλιανόν,
2777 3536 2872 3589 καὶ
2929 3537 3011 3590 ὅτι
3068 3535 3156 3588 διὸ.
3207 3535 3306 3605 τὴν
3365 3535 3578 3588 ἐκείνου
3613 3534 3840 3586 δεδώκει

2264 3627 2604 3695 συγγένειαν,
2639 3626 2822 3678 καὶτὰ
2855 3627 2962 3678 τῶν
3004 3626 3290 3694 πρέσϐεων
3339 3624 3631 3693 ἀξιώματα
3663 3640 3837 3694 προσ-

2261 3718 2524 3779 τιθέντος,
2570 3717 2598 3769 ὀ
2637 3716 2890 3785 βασιλεὺς
2923 3715 3244 3784 ἀντεφώνει,
3275 3717 3405 3778 τούς
3450 3731 3512 3768 τε
3576 3714 3840 3784 πρέσϐεις

2264 3807 2534 3877 ἔχειντὴν
2571 3807 2730 3876 δίκην
2782 3808 2876 3860 καὶ
2925 3809 3052 3869 τοὺς
3112 3807 3386 3878 παρόντας
3407 3805 3485 3868 ὡς
3545 3805 3843 3874 πολεμίους

2265 3899 2611 3968 κατέχεσθαι,
2642 3899 2884 3968 πολεμίῳ
2914 3900 3048 3969 πρὸς
3084 3899 3399 3968 συμμαχίαν
3427 3899 3683 3970 ἥκοντας.
3746 3900 3843 3951 Ἐκ

2263 3989 2469 4042 τούτων
2501 3990 2556 4044 δέ
2592 3990 2699 4042 τῶν
2730 3989 3059 4060 προφάσεων
3087 3991 3116 4042 6
3162 3989 3429 4054 Σκυθικὸς
3485 3990 3838 4060 ἀνεγείρεται

2268 4081 2522 4151 πόλεμος,
2554 4081 2632 4152 τῷ
2655 4083 2756 4152 μὲν
2785 4080 3058 4149 ἀξιώματι
3090 4083 3203 4134 τῶν
3234 4083 3523 4136 συνιόντων
3555 4081 3730 4134 ἐθνῶν
3752 4083 3845 4134 καὶ

2266 4171 2377 4231 τοῖς
2411 4169 2668 4240 μεγέθεσι
2695 4170 2806 4223 τῶν
2866 4171 3231 4240 παρασκευῶν
3285 4170 3380 4224 ἐπὶ
3426 4170 3567 4242 μέγα
3623 4171 3840 4241 προϐή-

2269 4262 2458 4316 σεσθαι
2503 4263 2599 4316 καὶ
2633 4265 2908 4333 χωρήσειν
2958 4263 3322 4333 πολυτρόπων
3383 4262 3685 4333 συμφορῶν
3741 4263 3850 4316 καὶ

2267 4355 2612 4426 ἀτεκμάρτου
2633 4355 2800 4425 τύχης
2824 4355 3238 4424 προσδοκηθεὶς,
3274 4355 3339 4424 τῇ
3364 4352 3420 4405 δὲ
3448 4352 3544 4405 τοῦ
3575 4351 3850 4422 βασιλέως

2269 4447 2489 4516 ὀξύτητι
2521 4446 2613 4498 καὶ
2653 4445 2877 4516 προνοίᾳ
2926 4445 3274 4516 κατενεχθεὶς
3318 4444 3413 4498 ἐπὶ
3471 4443 3533 4497 τὸ
3579 4442 3848 4513 σταθερὸν

591 4537 736 4589 mine
758 4533 946 4604 iudicii
977 4531 1320 4599 imperatOris
1359 4539 1414 4583 et
1446 4529 1783 4598 providentia
1821 4527 1888 4582 ad
1945 4529 2156 4582 ﬁrmum

2270 4503 2368 4590 καὶ
2398 4503 2820 4607 ἀσφαλέστέρον.

592 4639 645 4682 et
680 4639 851 4681 tutum
885 4626 1092 4680 exitum
1125 4625 1441 4694 perductum
1483 4633 1588 4678 est.

663 4726 719 4776 ϋ.
748 4722 836 4792 (A.
866 4721 927 4772 (1.
966 4718 1092 4783 376,
1129 4718 1244 4771 ind.
1273 4717 1328 4779 4,
1362 4715 1604 4769 Valentis
1639 4715 1772 4782 imp.
1805 4713 1918 4782 i5.)
1943 4712 2163 4784 Scythis

590 4814 748 4868 victis
776 4811 919 4866 etab
949 4793 1347 4863 llunnisczcsis
1368 4815 1420 4862 et
1443 4809 1508 4860 ad
1538 4805 1961 4860 internecionem
1995 4819 2166 4874 usque

593 4905 806 4969 deletis,
833 4915 1022 4956 onmcs
1071 4901 1159 4970 qui
1196 4900 1338 4968 capti
1390 4907 1549 4954 erant
1595 4913 1717 4952 cum
1769 4897 2084 4953 mulieribus
2113 4907 2168 4952 et

586 5011 779 5050 eorum
809 4995 933 5048 filiis
964 4992 1270 5059 interempti
1321 5001 1468 5056 sunt,
1532 5005 1658 5044 cum
1717 4989 1897 5044 nullus
1931 4989 2166 5043 crudeli-

596 5091 720 5140 tatis
757 5097 812 5138 et
841 5085 1066 5138 caedium
1138 5091 1282 5136 esset
1315 5082 1542 5147 modus;
1575 5079 1664 5148 qui
1717 5088 1899 5133 autem
1959 5080 2168 5135 collecti

594 5180 896 5248 effugerant
955 5193 1061 5230 non
1124 5175 1301 5231 minus
1366 5189 1528 5245 quam
1590 5175 1869 5228 hominum
1933 5173 2166 5228 ducenta

601 5271 791 5335 millia,
824 5271 891 5324 ad
921 5268 1120 5322 bellum
1151 5268 1257 5337 apti
1319 5278 1373 5322 et
1426 5277 1587 5322 mtate
1640 5267 1918 5330 ﬂorentes,
1977 5281 2172 5320 conve-

596 5370 813 5416 nerunt.
850 5360 1034 5428 Itaque
1061 5357 1285 5426 profecti
1322 5367 1374 5412 et
1402 5358 1467 5410 ad
1501 5357 1674 5427 ripam
1707 5368 1936 5422 stantes,
1981 5372 2171 5412 manus

2343 4715 2419 4778 ς’.
2453 4717 2575 4770 Ὅτι
2617 4717 2727 4770 τῶν
2781 4715 3004 4771 Σκυθῶν
3053 4713 3394 4786 ἡττηθέντων
3436 4716 3530 4768 καὶ
3582 4713 3689 4766 ὑπὸ
3737 4713 3855 4768 τῶν

2273 4808 2490 4864 Οὒννων
2529 4809 2925 4878 ἀναιρεθέντων
2973 4808 3066 4863 καὶ
3115 4807 3284 4878 ἄρδην
3339 4805 3732 4874 ἀπολλυμένων
3789 4805 3856 4857 τὸ

2274 4901 2498 4972 πλῆθος,
2541 4902 2592 4954 οἱ
2653 4901 2754 4972 μὲν
2814 4900 3424 4972 ἐγκαταλαμϐανόμενοι
3480 4898 3578 4950 σὺν
3635 4899 3857 4965 γυναιξὶ

2272 4993 2368 5046 καὶ
2411 4995 2624 5057 τέκνοις
2668 4993 3055 5062 διεφθείροντο,
3108 4991 3205 5046 καὶ
3260 4991 3486 5060 οὐδεμία
3531 4989 3703 5058 φειδὼ
3753 4990 3858 5057 τῆς

2273 5087 2402 5156 περὶ
2427 5087 2552 5147 τοὺς
2579 5086 2772 5154 φόνους
2801 5081 2870 5154 ἦν
2889 5084 3192 5154 ὠμότητος.
3219 5083 3292 5134 Τὸ
3318 5082 3376 5135 δὲ
3407 5081 3732 5134 συναλισθὲν
3760 5083 3859 5134 καὶ

2273 5178 2409 5246 πρὸς
2441 5177 2618 5248 φυγὴν
2649 5178 2897 5247 ὁρμῆσαν
2928 5176 3126 5246 πλῆθος
3158 5175 3256 5244 μὲν
3279 5176 3340 5226 οὐ
3373 5175 3506 5227 πολὺ
3536 5174 3649 5226 τῶν
3679 5175 3856 5227 εἴκοσι

2277 5269 2555 5338 μυριάδων
2604 5269 2932 5321 ἀποδέουσαι
2969 5266 3230 5336 συνῆλθον
3263 5267 3322 5328 ἐς
3364 5266 3425 5318 τὸ
3458 5265 3707 5335 μάχιμον
3750 5267 3854 5318 ἀκ-

2278 5361 2576 5430 μαζούσας.
2610 5359 2943 5429 Κινηθέντες
2969 5358 3015 5389 ⁷⁸
3044 5359 3139 5412 καὶ
3161 5359 3280 5420 ταῖς
3311 5355 3497 5426 ὄχθαις
3527 5358 3860 5419 ἐπιστάντες

1939 5469 2175 5525 VARle
2207 5470 2616 5528 LECTIONES.

668 5570 715 5644 ’ξ
759 5562 1135 5644 ἐτάγγγέλλετο
1151 5565 1574 5644 Νειέ-πή-γγελλέ
1607 5586 1657 5644 τι
1686 5569 1832 5644 vulg.
1911 5569 1952 5599 ⁷¹
1989 5564 2304 5644 δρωμένων]
2354 5566 2640 5644 Ῥωμαίων
2669 5566 2735 5644 Β..
2806 5565 2852 5596 τ’
2871 5563 3114 5644 κινῆσαι]
3149 5565 3394 5644 κομῆσαι
3417 5563 3563 5632 coni.
3597 5563 3853 5620 Cantocl.

598 5641 648 5672 ⁷³
689 5635 968 5707 δεχόμενα
995 5640 1040 5692 δ’
1078 5635 1170 5690 οὖν
1213 5635 1457 5695 Valesius
1493 5655 1579 5708 ap.
1617 5635 1860 5695 Boisson.
1894 5655 1947 5707 p.
1985 5635 2117 5704 192,
2135 5635 2402 5706 δεχόμενα
2433 5636 2616 5690 δοῦναι
2648 5636 2792 5706 vulg.

602 5697 1141 5780 θέντέςΪνικηθέντες
1162 5710 1224 5764 ll.

2871 5635 2916 5668 τ’
2949 5634 3344 5704 προστεθέντος
3381 5635 3526 5704 vulg.
3605 5635 3652 5666 ⁷⁸
3693 5653 3853 5692 κινη-
