2025 3234
149 167 201 199 657

557 170 605 199 DE
625 170 908 203 LEGATIONIBUS
927 170 1103 202 GENTIUM
1126 173 1174 202 .\l)
1196 174 1383 204 [{OMANOS.

1730 176 1781 207 (58

152 223 245 258 χεῖράς
270 231 301 248 τε
328 224 435 257 ὤρεγον
461 224 601 258 πόρρωθεν
630 226 689 258 μετ’
717 225 879 260 ὀλοφυρμῶν
899 227 944 252 καὶ

998 234 1013 253 e
1028 226 1174 262 longinquo
1190 229 1374 263 porrigebant,
1401 233 1428 257 et
1449 237 1542 264 preces
1565 238 1625 257 cum
1657 231 1719 258 fletu
1751 233 1782 258 cl

152 269 229 304 βοῆς,
253 268 302 294 καὶ
329 269 484 303 προέτεινον
511 270 662 305 ἱκετηρίας,
688 271 872 307 ἐπιτραπῆναι
891 272 940 306 τὴν

150 315 277 341 διαὸασιν
303 314 535 348 παρακαλοῦντες,
550 317 598 342 καὶ
622 316 670 351 τὴν
697 317 772 351 σφῶν
798 318 940 352 συμφορὰν

151 361 323 396 ὀδυρόμενοι,
341 361 388 387 καὶ
411 362 569 396 προσθήκην
593 364 625 397 τῇ
652 364 796 399 συμμαχίᾳ
812 365 940 399 παρέξειν

150 407 387 442 ἐπαγγελλόμενοι
398 407 432 433 ⁷⁸.
449 408 480 434 οἰ
498 408 525 434 δὲ
536 410 595 439 ταῖς
611 408 703 443 ὄχθαις
731 410 940 444 ἐπιτεταγμένοι

159 453 305 487 Ῥωμαίων
333 452 409 478 οὐδὲν
439 453 544 486 ἔφασαν
572 454 687 488 πράξειν
718 454 781 481 ἄνευ
808 455 941 489 βασιλέως

151 497 278 531 γνώμης.
301 496 441 523 Ἐντεῦθεν
461 498 625 532 ἀναφέρεται
642 498 691 533 μὲν
705 499 750 525 ἐπὶ
769 500 814 526 τὸν
828 500 941 535 βασιλέα

150 544 167 577 ἡ
185 542 287 575 γνῶσις
300 549 309 558 -
324 542 424 578 πολλῆς
438 543 464 569 δὲ
477 544 629 578 ἀντιλογίας
641 545 801 580 γενομένης,
815 546 862 572 καὶ
877 546 942 572 πολ-

152 587 207 614 λῶν
226 588 270 622 ἐφ’
289 588 407 623 ἑκάτερα
423 589 541 623 γνωμῶν
566 590 595 616 ἐν
612 590 650 625 τῷ
668 590 799 626 βασιλικῷ
819 592 941 627 συλλόγῳ

152 633 300 668 pacatam,
317 634 389 666 ἔδοξε
403 634 441 669 τῷ
459 634 574 669 βασιλεῖ.
592 636 647 662 Καὶ
668 636 721 671 γὰρ
739 637 783 663 ὑπ’
800 638 941 672 ἀντιζηλο-

151 679 253 710 τυπίας
267 679 342 713 αὑτῷ
356 679 424 714 πρὸς
438 681 501 712 τοὺς
525 680 784 715 συμϐασιλεύοντας,
805 683 829 709 οἳ
848 684 941 715 παῖδες

154 724 206 759 μὲν
221 722 293 759 ἦσαν
310 724 426 759 ἀδελφοῦ
443 724 500 759 (καὶ
516 725 673 760 γέγραπται
692 727 764 753 οὕτω
784 728 940 763 πρότερον),

152 770 204 804 τὴν
221 769 357 804 βασιλείαν
380 769 409 796 δὲ
426 770 571 805 διῃρῆσθαι
587 771 657 797 κατὰ
674 773 743 805 σφᾶς
759 773 878 805 ἐδόκουν,
892 774 940 808 τὴν

154 814 283 850 διανομὴν
295 815 345 841 οὐκ
366 816 523 849 ἐνεγκόντες
543 817 589 843 ἐπὶ
606 817 650 843 τὸν
674 818 754 844 θεῖον.
781 819 888 845 Τούτων
908 820 939 854 δὴ

156 859 249 891 ἕνεκα,
266 860 309 886 καὶ
326 860 365 891 ὡς
381 861 485 895 μεγάλη
507 861 651 898 προσθήκῃ
666 863 694 888 τὸ
718 865 871 898 Ῥιιιμαῒκὶν
892 866 939 891 αὺ-

158 904 246 939 ξήσων
261 906 298 938 7⁷⁷,
319 906 447 940 δεχθῆναι
471 906 577 933 κελεύει
598 907 660 939 τοὺς
676 908 784 943 ἄνδρας,
811 910 844 935 τὰ
870 911 939 937 ὅπλα

154 950 362 984 καταθεμένους.
378 952 446 986 Πρὶν
465 952 493 978 δὲ
517 952 567 987 τὴν
585 953 709 980 διάϐασιν
722 955 744 969 ⁷⁸
761 956 792 981 ἐκ
809 956 939 989 βασιλέως

150 996 349 1030 ἐπιτραπῆναι,
365 997 475 1023 Σκυθῶν
496 999 518 1023 οἱ
537 998 733 1033 τολμηρότατςι
751 1001 797 1026 καὶ
814 1001 939 1032 αὐθάδεις

150 1040 299 1073 βιάσασθαι
316 1042 360 1066 τὸν
376 1042 457 1076 πόρτιν
475 1042 605 1076 ἔγνωσαν,
624 1044 670 1069 καὶ
688 1045 841 1079 βιαζόμενοι
871 1055 938 1072 κατ-

147 1085 298 1120 εκόπησαν.
318 1087 348 1111 OE
361 1087 388 1112 δὲ
404 1087 609 1122 διαφθείραντες
624 1090 667 1114 τὶν
681 1091 765 1115 citi-.651
773 1100 836 1123 τίων
846 1092 938 1117 τοῦτον

148 1131 199 1164 τῆς
213 1139 244 1156 τε
263 1131 350 1165 ἀρχῆς
363 1132 557 1166 παρελύθηςαν
574 1134 619 1159 καὶ
645 1135 707 1169 περὶ
731 1137 786 1166 τοῖς
812 1137 938 1171 σώμασιν

147 1176 349 1209 ἐκινδύνευσαν,
366 1178 406 1204 ὅτι
425 1179 567 1213 πολεμίους
583 1179 747 1215 διέφθειραν.
761 1182 792 1207 Οἵ
805 1190 834 1207 τε
849 1191 938 1217 παρα-

147 1221 357 1252 ὂνναστεύοντες
380 1222 483 1256 βαςιλεῖ
497 1225 544 1250 καὶ
563 1224 706 1260 δυνάμενοι
725 1228 853 1260 μέγιστον
871 1237 935 1254 κατ-

150 1266 252 1299 εγέὶων
286 1267 375 1293 αὐτῶν
402 1268 432 1294 τὺ
460 1268 639 1304 φιλοπόλεμον
666 1271 713 1297 καὶ
744 1267 935 1307 στρατηγικδν,

149 1311 307 1342 πολιτικοὺς
321 1314 349 1339 δὲ
361 1314 409 1339 οῦκ
431 1313 534 1347 ἔφασαν
549 1312 630 1342 εἶναι.
652 1316 681 1342 '0
711 1316 759 1350 μὲν
779 1317 833 1352 γὰρ
861 1318 935 1353 βασι-

148 1356 209 1388 λεὺς
227 1357 257 1389 ἐξ
282 1358 445 1392 ’Δντιοχεξας
471 1360 622 1395 ἐπέτρεπεν
644 1362 735 1394 αὐτοῖς
755 1363 804 1398 τὴν
828 1364 937 1399 ἀχρεῖον

148 1404 257 1438 ἡλικίαν
281 1406 388 1440 πρῶτον
412 1406 622 1442 ὑποδεξαμένοις
643 1409 690 1435 καὶ
718 1411 935 1446 παραπέμψαςιν

148 1452 186 1482 εἰς
199 1451 248 1486 τὴν
269 1452 426 1487 Ῥωμαϊκὴν
440 1454 628 1488 ἐπικράτειαν,
643 1456 690 1481 καὶ
704 1456 807 1491 ταύτην
821 1458 858 1488 εἰς
870 1458 936 1493 ὁμη-

150 1496 225 1529 ρείαν
258 1497 389 1531 ἀσφαλῶς
405 1499 574 1534 κατέχουσιν,
596 1501 740 1535 ἐπιστῆναι
763 1502 786 1517 ⁷⁹
807 1503 864 1534 ταῖς
888 1503 934 1538 ὔχ-

993 272 1189 300 vociferatione
1207 274 1381 306 emittebant,
1399 274 1587 308 traiectionem
1601 275 1651 301 sibi
1667 276 1777 302 concedi

991 316 1153 351 flagitantes,
1172 326 1249 344 suam
1276 318 1381 345 cladem
1411 318 1599 352 deplorabant,
1631 324 1658 345 et
1677 326 1706 345 se
1727 319 1780 345 illis

992 355 1154 396 praebituros
1181 364 1274 390 auxilii
1304 364 1490 391 accessionem
1526 364 1706 397 spondebant.
1738 364 1773 390 At

992 407 1116 439 Romani,
1155 408 1200 443 qui
1241 408 1323 443 ripis;
1359 414 1505 443 prateranl,
1546 409 1611 435 nihil
1656 416 1686 436 se
1727 409 1779 436 nisi

992 451 1163 485 imperatoris
1182 452 1260 486 jussu
1288 453 1405 479 facturos
1435 452 1641 486 responderunt.
1677 453 1778 485 Quam-

991 497 1086 524 obrem
1097 497 1176 531 hujus
1189 498 1226 524 rei
1237 498 1356 533 cognitio
1369 502 1410 525 est
1423 498 1457 525 ad
1467 499 1660 532 imperatorem
1678 498 1777 525 delata.

992 541 1060 569 Cum
1078 550 1121 569 res
1137 543 1162 569 in
1176 550 1274 578 magna
1299 543 1430 570 varietate
1454 549 1609 570 versaretur
1640 543 1779 577 mnllaque

993 588 1018 614 in
1032 593 1174 623 utramque
1192 594 1293 623 partem
1311 589 1337 615 in
1358 589 1471 616 consilio
1483 589 1613 623 principis
1639 588 1709 615 dicta
1733 597 1777 615 es-

991 637 1062 665 sent,
1084 635 1189 660 tandem
1205 641 1332 661 assensus
1345 638 1395 666 est,
1412 634 1527 661 maxime
1548 639 1657 668 propter
1695 641 1778 660 armu-

991 679 1130 711 lationem,
1146 687 1225 714 quam
1240 680 1356 707 habebat
1377 687 1438 707 cmn
1473 679 1526 712 his,
1560 680 1605 714 qui
1635 679 1776 713 imperium

990 732 1051 752 cum
1068 732 1100 752 eo
1116 726 1254 752 tenebant.
1276 726 1360 753 Erant
1376 731 1466 752 autem
1483 725 1528 751 filii
1560 724 1664 757 fratris,
1680 732 1777 758 quem-

992 769 1136 796 admodum
1164 775 1192 797 et
1222 778 1303 803 supra
1318 770 1418 797 dictum
1434 774 1487 799 est.
1506 770 1552 797 sed
1574 769 1610 796 illi
1628 769 1776 803 imperato-

991 816 1057 840 riam
1071 820 1229 848 potestatem
1260 817 1329 841 inter
1359 823 1388 842 se
1414 815 1583 842 dividendam
1611 819 1775 845 statuerant,

993 869 1043 886 non
1058 862 1145 894 patrui
1160 862 1274 887 arbitrio
1304 861 1433 894 permissa
1459 860 1600 887 divisione.
1626 859 1674 887 llis
1687 860 1777 886 causis

958 893 976 921 υ
993 906 1137 940 impulsus,
1157 912 1211 932 tum
1227 906 1307 932 etiam
1326 906 1387 938 quia
1404 906 1519 931 maxima
1535 904 1656 932 accessio
1683 909 1776 938 poten-

993 953 1042 978 tia:
1060 953 1129 979 foret
1147 954 1283 984 Romanis,
1308 953 1388 985 iussit
1412 952 1528 987 Scythas
1554 952 1671 983 admitti,
1696 953 1776 977 modo

992 1005 1065 1023 arma
1099 1000 1274 1031 deponerent.
1309 999 1457 1031 Antequam
1491 997 1618 1031 trajectus
1640 1000 1710 1022 esset
1743 996 1776 1021 ah

992 1044 1155 1076 imperatore
1188 1051 1342 1074 (εωηοιιμςιις,
1380 1043 1540 1078 Scytharum
1570 1043 1727 1069 audaciores
1749 1046 1777 1067 et

991 1090 1117 1116 elatiores
1145 1091 1287 1115 mnis-3mm
1315 1089 1365 1116 sibi
1391 1089 1416 1116 vi
1437 1089 1542 1124 aperire
1566 1090 1775 1118 constituerunt,

990 1136 1036 1161 sed
1055 1135 1078 1160 vi
1099 1135 1195 1167 l'Oillllrl
1219 1134 1298 1160 deleti
1326 1138 1400 1161 sunt.
1427 1133 1460 1159 At
1483 1133 1519 1158 illi
1552 1133 1596 1167 qui
1624 1140 1682 1159 eam
1711 1131 1775 1165 Sty-

991 1180 1099 1207 thartnn
1129 1181 1265 1205 exon-itus
1282 1184 1386 1213 partem
1406 1187 1562 1213 oppressam
1588 1178 1773 1208 confecerant,

991 1227 1151 1261 magistratu
1195 1226 1291 1259 privati
1338 1231 1398 1252 sunt
1439 1230 1464 1251 et
1501 1225 1597 1258 capitis
1626 1224 1773 1258 peticuluul

989 1273 1125 1303 adierunt,
1150 1273 1211 1306 quia
1242 1273 1334 1299 hostes
1363 1272 1573 1298 trucidaverant.
1601 1271 1651 1303 Qui
1684 1275 1774 1297 autent

991 1318 1061 1353 apud
1089 1318 1280 1353 imperatorem
1317 1318 1417 1352 primas
1448 1322 1538 1352 partes
1573 1317 1666 1351 gratia:
1693 1324 1774 1342 oecu-

989 1364 1090 1398 pabant
1101 1368 1127 1390 et
1144 1364 1285 1398 plurimum
1302 1363 1371 1397 apud
1400 1364 1487 1398 ipsunt
1502 1363 1637 1394 valebant,
1653 1369 1698 1388 eos
1712 1362 1774 1387 irri-

988 1410 1099 1440 debant,
1117 1415 1242 1444 tanquam
1259 1410 1381 1436 homines
1398 1409 1538 1441 militares,
1567 1412 1594 1435 et
1622 1408 1693 1435 bello
1714 1408 1773 1441 qui-

988 1456 1046 1482 dem
1068 1461 1154 1490 aptos,
1168 1456 1214 1482 sed
1229 1464 1339 1490 prorsus
1352 1463 1440 1482 rerum
1463 1454 1580 1481 civilium
1604 1454 1683 1480 rudes
1714 1461 1775 1480 esse

987 1501 1123 1528 dicebant.
1144 1500 1313 1534 Pt'mcepcrat
1328 1500 1399 1527 enim
1429 1500 1576 1534 imperator
1590 1498 1623 1525 ab
1633 1498 1773 1525 Antiochia

153 1540 223 1587 θαις,
237 1543 282 1568 καὶ
297 1543 334 1577 μὴ
352 1544 482 1579 πρότερον
497 1545 560 1576 τοὺς
577 1545 711 1580 μαχίμους
733 1546 860 1579 δέξασθαι
878 1548 935 1575 δια-

989 1545 1145 1580 utprimtnn
1165 1545 1297 1573 imbellem
1321 1550 1346 1571 et
1381 1544 1445 1571 nulli
1481 1544 1538 1571 usui
1571 1550 1660 1578 aptam
1688 1541 1774 1570 susciz

150 1586 302 1620 δαίνοντας,
324 1589 447 1622 μηδὲ,τὰ
464 1589 543 1616 πλοῖα
566 1592 719 1626 παρασχεῖν
745 1592 785 1624 είς
807 1593 856 1628 τὴν
885 1603 935 1621 πε-

147 1633 274 1667 ραίωσιν,
293 1635 318 1660 εί
335 1634 374 1669 μὴ
387 1635 420 1661 τὰ
437 1635 507 1662 ὅπλα
524 1636 706 1671 καταθέμενοι
719 1638 817 1673 γυμνοὶ
831 1640 936 1667 διαϐαί-

147 1686 229 1705 νοιεν.
258 1679 291 1705 Οἱ
317 1680 345 1705 δὲ
369 1680 454 1706 ταῦτα
473 1682 679 1717 ἐπιτραπέντες,
704 1683 719 1709 ὁ
747 1684 796 1719 μὲν
823 1685 854 1711 ὲκ
881 1685 935 1713 τῶν

145 1723 350 1758 διασεῦηκόεων
383 1726 437 1761 ἤρα
472 1727 615 1762 παιδαρίου
645 1729 717 1760 τινὸς
755 1730 851 1756 λευκοῦ
888 1732 935 1758 καὶ

146 1769 291 1803 χαρίεντος
308 1770 357 1804 τὴν
371 1771 442 1804 Etim,
457 1771 471 1797 ὁ
485 1771 513 1797 δὲ
526 1771 601 1806 ἠλέει
615 1773 741 1806 γυναικὸς
753 1774 933 1811 εὐπροσώπου

146 1814 200 1840 τῶν
212 1815 404 1849 αἰχμαλώτων,
418 1816 445 1847 ὃς
456 1816 485 1842 δὲ
496 1813 530 1851 ἦν
541 1817 715 1852 αἰχμάλωτος
726 1819 778 1845 ὑπὸ
787 1819 932 1855 παρθένου,

146 1860 209 1891 τοὺς
228 1860 256 1886 δὲ
269 1861 300 1887 τὸ
318 1862 432 1895 μέγεοος
456 1863 566 1899 κατεῖχε
587 1863 641 1890 τῶν
656 1864 760 1900 δώρων,
780 1866 812 1892 τά
827 1875 857 1892 τε
874 1867 936 1894 λινᾶ

149 1905 296 1939 ὑψὰσματα
315 1908 363 1933 καὶ
382 1909 412 1934 τὸ
439 1909 493 1936 τῶν
518 1910 688 1945 στρωμάτων
716 1912 760 1938 ἐπ’
790 1913 934 1949 ἀμφότερα

152 1950 319 1984 ουσανοειδές
336 1953 373 1989 (5)
385 1962 391 1968 ·
409 1954 522 1987 ἕκαστος
540 1955 568 1982 δὲ
594 1957 687 1989 ἁπλῶς
703 1958 794 1985 αὐτῶν
811 1958 934 1994 ὑπελάμ-

150 1995 214 2022 ϐανε
231 1998 276 2024 καὶ
294 1998 343 2034 τὴν
358 2000 447 2027 οἰκίαν
464 2001 487 2017 ⁸ο
503 2002 689 2035 καταπλήσειν
707 2004 820 2030 οἰκετῶν
839 2005 885 2031 καὶ
899 2005 933 2032 τὰ

145 2042 233 2077 χωρία
246 2043 385 2078 βοηλατῶν
397 2046 444 2072 καὶ
458 2046 507 2082 τὴν
522 2048 657 2083 ἐρωτικὴν
675 2049 776 2076 λύσσαν
798 2052 848 2086 τῆς
868 2052 933 2086 περὶ⁴

145 2087 232 2115 ταῦτα
260 2090 394 2122 ἐξουσίας.
423 2092 589 2127 Νικηθέντες
608 2094 636 2120 δὲ
649 2094 701 2121 ὑπὸ
725 2096 827 2123 τούτων
854 2096 933 2132 νίκην

145 2133 291 2170 αἰσχίστην
302 2136 349 2162 καὶ
360 2133 609 2173 παρανομῖωτάτην,
626 2139 719 2174 ὥσπερ
733 2140 809 2172 τινὰς
822 2139 932 2176 εὐεργέ-

144 2187 192 2211 τας
215 2180 265 2206 καὶ
278 2181 403 2216 σωτῆρας
428 2183 562 2213 παλαιοὺς
587 2183 658 2217 μετὰ
679 2184 734 2211 τῶν
758 2185 847 2212 ὅπλων
875 2186 933 2212 ἐδέ-

144 2225 236 2257 ξαντο.
254 2226 286 2252 οι
312 2226 340 2252 δὲ
365 2228 492 2255 τοσοῦτον
519 2229 623 2255 ἀκονιτὶ
644 2231 759 2265 πρᾶγμα
779 2231 931 2265 διαπεπρα-
949 2220 970 2248 D

144 2271 240 2305 γμένοι
258 2272 305 2298 καὶ
324 2272 373 2307 τὴν
387 2273 455 2300 οῐκοι
470 2275 613 2309 συμφορὰν
629 2275 837 2310 εὐτυχήσαντες,
859 2278 884 2304 οῖ
899 2287 931 2312 γε

146 2317 205 2343 ἀντὶ
220 2317 271 2352 τῆς
287 2318 397 2345 Σκυθῶν
412 2320 529 2355 ἂρημίας
539 2321 584 2346 καὶ
600 2321 647 2347 τοῦ
659 2321 796 2357 βαράθρου
810 2323 858 2357 τὴν
866 2324 931 2349 Ῥω-

146 2363 247 2398 μαῖκὴν
264 2364 352 2400 ἀρχὴν
366 2365 559 2401 ἀπελάμϐανον
576 2367 610 2400 ⁸¹,
627 2367 707 2399 εὐθὺς
732 2368 798 2394 πολύ
817 2377 843 2395 τι
865 2369 932 2404 βάρ-

145 2405 227 2440 ϐαρον
238 2407 267 2432 ἐν
280 2407 316 2442 τῷ
333 2408 516 2444 παρασπόνδῳ
528 2410 576 2436 καὶ
591 2411 697 2446 ἀπίστῳ
723 2411 871 2446 διέφαινον.
897 2414 929 2440 Ἡ

146 2453 194 2485 μὲν
209 2452 262 2488 γὰρ
279 2454 414 2488 ἄχρηστος
430 2455 523 2490 ἡλικία
539 2456 713 2491 προλαϐοῦσα
723 2458 794 2484 κατὰ
811 2458 859 2493 τὴν
873 2458 931 2485 διά·
946 2484 949 2487 ,

144 2499 224 2526 ϐασιν
240 2500 311 2535 μετὰ
323 2500 432 2535 βαθείας
445 2503 561 2538 σπουδῆς
572 2504 619 2530 καὶ
629 2505 767 2539 φροντίδος
778 2505 831 2531 τῶν
844 2506 929 2532 ταῦτα

145 2544 365 2580 βεὸουλευμένων
373 2549 413 2579 είς
421 2549 455 2574 τὰ
465 2548 528 2584 ἔθνη
539 2551 680 2585 κατεχεῖτο
693 2552 739 2577 καὶ
746 2552 927 2586 διεσπείρετο.

145 2588 256 2615 Οίκέται
271 2589 300 2615 δὲ
319 2591 365 2617 καὶ
379 2593 508 2625 γυναῖκες
525 2594 572 2620 καὶ
597 2594 690 2626 παῖδες
704 2595 824 2628 ἐκείνων,
840 2598 864 2622 οἱ
881 2597 930 2631 μὲν

146 2631 272 2665 βασιλικὰ
285 2635 437 2670 παράσημα
452 2637 570 2672 ἔχοντες,
597 2639 646 2670 τὰς
666 2639 694 2666 δὲ
715 2637 749 2674 ἧν
777 2641 929 2675 ἁδροτέρας

143 2678 208 2712 ὁρᾷν
229 2678 245 2714 ἢ
270 2680 342 2706 κατὰ
367 2682 548 2716 αἰχμάλωτον.
570 2685 667 2717 Παῖδες
684 2686 710 2712 δε
730 2686 819 2712 αὐτῶν
837 2688 928 2714 καὶτὸ

144 2725 278 2753 οἰκετικὸν
297 2726 366 2761 πρός
376 2735 407 2754 τε
420 2729 469 2762 τὴν
484 2730 634 2764 εὐκρασίαν
647 2731 700 2758 τῶν
711 2732 799 2767 ἀέρων
814 2733 926 2768 ἀνέδρα-

989 1595 1083 1625 perant
1100 1594 1207 1617 aetatem
1223 1595 1249 1617 et
1264 1597 1312 1624 per
1325 1589 1508 1617 Romanorum
1537 1589 1648 1615 ditionis
1686 1594 1774 1615 terras

989 1635 1168 1668 dimitterent,
1181 1639 1208 1662 et
1220 1639 1347 1668 tanquam
1360 1633 1468 1661 obsides
1482 1637 1539 1660 tttto
1554 1633 1751 1660 locohaberent
1765 1641 1772 1665 ;

989 1688 1076 1716 neque
1090 1689 1123 1709 eo
1134 1680 1223 1708 secius
1249 1680 1283 1708 ad
1310 1680 1382 1714 ripas
1402 1680 1591 1707 consisterent.
1622 1683 1651 1705 ut
1680 1679 1773 1705 turbas

986 1733 1081 1762 pugnae
1104 1730 1181 1760 aptas
1215 1724 1326 1752 minime
1353 1724 1504 1758 transgredi
1526 1724 1655 1756 sinerent,
1685 1730 1773 1758 neque

988 1772 1094 1807 navigia
1105 1771 1156 1798 illis
1169 1771 1202 1798 ad
1219 1770 1407 1804 traiectionem
1426 1770 1588 1804 praabercnl,
1616 1769 1771 1803 priusquam

987 1825 1061 1844 arma
1075 1816 1274 1851 deposuissent,
1287 1822 1340 1850 quo
1358 1816 1443 1842 nudos
1457 1815 1686 1841 transmitterem.
1717 1814 1772 1848 2ο

986 1864 1085 1891 Eorum
1120 1867 1220 1895 autem,
1253 1862 1298 1896 qui
1337 1862 1388 1889 ista
1426 1861 1552 1888 mandata
1592 1865 1768 1894 exceperunt,

985 1909 1087 1936 exarsit
1103 1909 1146 1935 hic
1163 1915 1256 1935 amore
1270 1907 1347 1942 pueri
1368 1905 1483 1941 alicuius
1505 1904 1611 1932 candidi
1643 1910 1670 1931 et
1696 1904 1770 1931 vultu

986 1955 1054 1990 grati
1069 1962 1101 1981 ex
1118 1954 1160 1982 his
1175 1953 1221 1988 qui
1245 1953 1351 1987 traiecti
1368 1953 1485 1984 fuerant,
1499 1951 1567 1978 alter
1586 1951 1715 1978 misertus
1729 1955 1772 1978 est

985 2001 1080 2028 uxoris
1098 2000 1229 2027 formosae
1247 1999 1328 2026 unius
1342 2006 1375 2026 ex
1388 1999 1514 2033 captivis.
1542 1998 1591 2025 llic
1618 2001 1713 2032 captus
1729 2002 1772 2024 est

986 2047 1091 2082 virgine
1106 2046 1236 2078 formosa,
1253 2045 1322 2073 alios
1348 2045 1504 2080 magnitudo
1523 2051 1665 2071 munerum
1688 2043 1771 2077 cepit,

985 2092 1056 2120 linea
1083 2092 1244 2119 vestimenta
1288 2096 1315 2119 et
1348 2090 1468 2125 stragula
1496 2090 1531 2118 ab
1555 2095 1670 2124 utraque
1693 2094 1771 2123 parte

986 2139 1133 2165 linnbriata.
1146 2137 1230 2165 Plane
1242 2137 1430 2172 unusquisque
1442 2136 1562 2171 ipsorum
1574 2136 1625 2162 hoc
1638 2135 1770 2169 propositi

987 2185 1092 2218 habuit,
1109 2188 1138 2211 ut
1156 2191 1219 2210 suas
1233 2183 1328 2210 domos
1344 2182 1441 2215 servis,
1456 2182 1533 2208 villas
1563 2181 1717 2215 pastoribus
1745 2186 1772 2207 et

986 2230 1111 2257 insanum
1127 2229 1229 2255 amoris
1244 2228 1364 2255 furorem
1383 2228 1479 2261 quavis
1494 2226 1601 2253 licentia
1616 2226 1768 2260 implerent.

985 2277 1078 2310 Itaque
1100 2275 1162 2302 victi
1176 2282 1191 2301 a
1205 2274 1312 2309 Scythis
1325 2273 1436 2300 victoria
1450 2272 1596 2299 tmdissima
1629 2277 1656 2299 ct.
1682 2272 1770 2298 disso-

985 2322 1132 2354 lutissima,
1149 2328 1195 2348 eos
1210 2325 1336 2355 tanquam
1353 2318 1542 2346 bcuefactores
1566 2322 1593 2345 et
1613 2322 1771 2345 servatores

986 2369 1090 2403 priscos
1109 2375 1169 2394 cum
1184 2367 1268 2394 armis
1291 2370 1467 2401 exceperunt.
1484 2367 1517 2393 At
1529 2365 1565 2392 illi
1582 2370 1682 2393 tantam
1711 2373 1769 2393 rcm

983 2414 1041 2440 sine
1071 2413 1125 2439 ullo
1157 2412 1248 2439 labore
1278 2412 1379 2445 adepti,
1401 2419 1433 2438 ex
1464 2412 1554 2444 clade,
1586 2419 1667 2446 quam
1693 2411 1765 2438 domi

984 2463 1159 2493 acceperant,
1183 2465 1260 2485 suam
1288 2462 1516 2491 compataverunt
1545 2457 1766 2492 prosperitalem.

984 2504 1051 2532 Nam
1071 2512 1118 2539 pro
1139 2504 1255 2531 desertis
1280 2503 1397 2538 Scythia:
1430 2503 1496 2531 locis
1525 2507 1551 2530 et
1581 2503 1709 2530 barathro
1741 2502 1768 2528 iu

983 2551 1135 2577 Romanum
1164 2549 1320 2577 invaserunt
1338 2549 1492 2583 imperium.
1515 2549 1603 2583 Atque
1623 2548 1766 2584 imperimn

984 2596 1051 2623 adeo
1064 2595 1121 2629 iam
1145 2601 1200 2622 tum
1213 2595 1327 2622 barbara
1343 2601 1437 2621 eorum
1459 2597 1554 2620 natura
1574 2599 1601 2620 et
1615 2593 1717 2628 pertida
1733 2599 1766 2617 ex

983 2650 1026 2676 eo,
1050 2641 1121 2676 quod
1147 2641 1248 2668 hedera
1279 2648 1326 2675 pro
1352 2639 1437 2666 nihilo
1462 2639 1604 2671 ducebant,
1631 2636 1764 2672 apparuit.

982 2687 1091 2716 Etenim
1109 2691 1174 2714 setas
1189 2686 1304 2718 inutilis,
1317 2686 1343 2712 in
1355 2685 1515 2720 traiectione
1526 2689 1649 2718 suscepta
1667 2690 1764 2716 inagna

981 2734 1071 2762 studio
1081 2738 1108 2760 et
1120 2739 1183 2760 cura
1204 2732 1368 2766 eorum,qu
1393 2732 1443 2758 hoc
1471 2730 1575 2758 consilii
1611 2730 1759 2760 dederant,

785 2789 897 2816 VARI/li
918 2789 1118 2817 LECTIONES.

182 2829 203 2867 2’“
214 2829 316 2867 ἐπαγγ.
335 2830 530 2865 Commelinus,
550 2833 655 2867 ἀπαγγ.
671 2835 742 2867 vulg.

405 2935 418 2945 /

795 2836 815 2850 τ⁷
831 2835 955 2869 αὐξήσων
968 2834 1012 2867 Ν.,
1038 2834 1160 2869 αὐξῆσαν
1172 2835 1243 2870 vulg.

148 2864 216 2899 tulg.
256 2866 278 2880 ⁷ν
292 2867 435 2894 ἐπιττάναι
453 2864 527 2903 vung
564 2869 586 2884 ⁸ο
603 2864 690 2896 οἰκίαν
703 2864 746 2901 ib,
763 2864 942 2905 οἱκεὲλνιιιιδ

1300 2835 1320 2850 ⁷⁸
1336 2833 1459 2860 διάϐασιν
1486 2834 1598 2859 ύοῐδεοιι
1615 2851 1621 2863 ,
1645 2831 1764 2859 διᾶθεςιν

995 2871 1014 2887 η
1035 2869 1228 2905 ὑπελάμϐανον
1247 2870 1318 2905 vulg.
