4050 6412
515 304 626 369 (59

1470 315 1867 378 EXCERPTA
1906 319 2010 379 EX
2052 304 2825 389 EUNAPIO‘SARDIANO

3683 335 3792 400 (360

517 436 614 491 per
647 427 838 492 gentes
870 428 927 478 et
952 424 1220 493 nationes,
1248 434 1309 482 ut
1334 427 1632 495 habitaret,
1689 443 1778 489 est
1824 434 2093 505 dispersa.

2205 456 2305 508 μον
2325 443 2417 494 καὶ
2453 445 2602 514 παρὰ
2634 447 2731 518 τήν
2759 448 2972 517 ήλικίαν
3002 450 3242 525 ἥϐησαν,
3278 452 3371 505 καὶ
3407 453 3540 507 πολὺ
3570 455 3630 510 τὸ
3663 458 3790 509 ἐπι-

518 514 698 584 Servi,
743 531 964 587 uxores,
994 518 1114 586 ﬁlii,
1140 519 1199 575 hi
1220 522 1439 592 quidem
1470 524 1623 594 signa
1647 526 1792 594 regia
1813 527 2095 597 gerebant,

519 609 644 664 illas
682 618 866 681 autem
899 614 1218 683 conspicere
1247 624 1366 669 erat
1409 616 1626 672 mollius
1679 626 1735 672 et
1788 621 2097 687 venustius,

517 713 680 767 quam
706 699 948 768 captivas
979 700 1228 766 decebat,
1256 702 1501 758 vestitas.
1536 712 1605 759 At
1628 714 1967 774 captivorum
2001 704 2097 762 ﬁlii

517 800 572 844 et
599 791 869 861 quidquid
903 791 1010 848 illis
1039 791 1142 847 fuit
1182 793 1600 863 mancipiorum,
1663 798 1806 853 aeris
1835 801 2098 869 temperie

408 874 418 891 '
519 884 574 934 in
627 882 789 935 alium
828 897 887 937 se
921 882 1284 950 sustulerunt,
1317 894 1372 938 et
1404 896 1603 953 praeter
1648 896 1863 943 aetatem
1891 893 2098 957 pubue-

518 982 641 1027 rnnt
665 984 718 1026 et
765 974 818 1026 in
849 975 1188 1041 ,immensam
1246 977 1648 1035 multitudinem
1718 983 1990 1038 succrevit
2044 994 2099 1039 et

516 1076 734 1117 auctum
769 1075 851 1118 cst
890 1065 1129 1121 hostium
1163 1084 1355 1140 genus.
1414 1071 1618 1129 Ferunt
1645 1076 1841 1144 prisca:
1905 1078 2097 1134 fabula:

517 1169 613 1220 per
671 1153 926 1209 Baeotiam
963 1168 1013 1211 et
1042 1158 1325 1226 Colchida,
1367 1177 1435 1217 ex
1488 1163 1787 1223 draconum
1844 1170 2097 1226 dentibus

513 1245 796 1300 seminatis
830 1248 1078 1304 homines
1109 1266 1231 1305 eum
1266 1254 1434 1310 armis
1483 1255 1646 1311 simul
1696 1272 1822 1313 cum
1880 1262 2095 1316 semine

515 1340 839 1405 prosiliisse.
869 1322 1066 1396 Nostra
1091 1353 1270 1398 autem
1324 1357 1459 1401 aetas
1497 1349 1639 1405 banc
1680 1350 1921 1406 fabulam
1956 1369 2011 1407 re
2043 1358 2097 1408 et

514 1440 708 1484 eventu
760 1445 945 1485 veram
1015 1446 1138 1489 esse
1193 1436 1493 1493 declaravit
1542 1442 1788 1498 e'toculis
1842 1444 2093 1513 subjecit.

514 1520 668 1574 llaud
700 1536 858 1577 secus
877 1523 1024 1577 enim
1059 1526 1310 1596 contigit,
1340 1535 1398 1581 ut
1428 1528 1669 1599 Scythici
1698 1534 1917 1602 generis
1976 1532 2093 1596 lilii,

514 1614 614 1674 per
644 1607 1013 1664 Romanorum
1042 1610 1268 1667 ditionis
1300 1625 1494 1681 terras,
1548 1625 1804 1686 tanquam
1877 1619 2093 1685 dentes,

516 1700 748 1768 dispersi
780 1701 941 1756 simul
992 1711 1156 1771 atque
1219 1717 1417 1773 praeter
1486 1707 1702 1764 solitum
1752 1720 1966 1779 tempus
2027 1713 2093 1766 ad

515 1800 754 1856 aetatem,
841 1808 946 1862 qua
1009 1808 1162 1849 arma
1224 1796 1366 1852 ferre
1427 1810 1742 1868 potuerunt,
1795 1804 2090 1873 progressi,

515 1881 698 1935 omnia
772 1882 1075 1950 iracundia,
1129 1886 1315 1942 lurore
1374 1901 1428 1943 et
1483 1892 1725 1948 caedibus
1778 1894 2090 1963 implerent.

514 1970 706 2038 Itaque
734 1973 832 2030 llos
856 1974 1097 2046 Scythici
1129 1980 1339 2035 roboris
1367 1992 1422 2035 et
1454 1982 1754 2039 nobilitatis
1776 2001 1881 2041 non
1905 1997 2094 2042 contra

515 2067 862 2135 expulsor-es,
891 2069 983 2122 sed
1006 2079 1195 2125 contra
1247 2086 1362 2137 ens,
1420 2075 1509 2142 qui
1549 2074 1697 2144 ipsos
1744 2090 2094 2147 exceperant,

522 2172 583 2212 se
613 2161 906 2224 convertit,
943 2169 999 2215 et
1029 2160 1187 2232 longe
1213 2164 1463 2233 graviora
1495 2177 1550 2220 et
1576 2168 1872 2236 atrociora,
1932 2186 2095 2240 quam

513 2252 660 2321 passi
696 2252 932 2318 fuerant,
964 2264 1089 2307 sunt
1118 2257 1257 2311 ausi.
1308 2254 1501 2313 Omnis
1560 2259 1704 2314 enim
1753 2260 1989 2318 Thracia
2043 2274 2098 2319 et

515 2343 802 2400 continens
867 2344 1016 2411 regio
1051 2344 1366 2401 Macedonia
1426 2358 1481 2403 et
1530 2349 1807 2407 Thessalia
1864 2355 1986 2410 talis
2016 2366 2099 2412 est

513 2446 569 2491 et
629 2448 739 2492 tam
808 2438 991 2493 multis
1055 2440 1387 2496 carminibus
1468 2443 1767 2512 celebrata,
1834 2457 1890 2502 ut
1951 2449 2097 2506 nulla

510 2527 759 2583 oratione
807 2543 994 2583 earum
1025 2532 1341 2600 praestantia
1410 2535 1642 2602 exprimi
1698 2538 1890 2606 possit.
1947 2539 2097 2594 lianc

514 2620 672 2674 talem
721 2630 829 2673 tam
880 2621 1221 2690 populosam,
1278 2623 1492 2679 beatam
1551 2627 1715 2680 simul
1778 2637 1835 2682 et
1888 2645 1916 2684 a
1987 2639 2094 2685 tam

512 2712 754 2766 strenuis
821 2722 874 2766 et
939 2713 1170 2768 fortibus
1237 2715 1369 2771 viris
1431 2716 1731 2773 habitatam
1784 2730 1839 2774 et
1895 2723 2095 2777 cultam

515 2804 842 2874 Scytharum
873 2804 1110 2860 inlidelis
1135 2816 1188 2861 et
1220 2807 1411 2862 insana
1445 2809 1689 2876 rebellio,
1720 2828 1884 2882 quam
1915 2817 2096 2871 subito

511 2908 568 2950 et
621 2897 808 2950 statim
868 2907 988 2966 post
1064 2899 1440 2968 traiectionem
1496 2917 1856 2975 susceperunt
1930 2914 1983 2961 et
2044 2911 2094 2963 in

513 2987 693 3056 majus
720 2998 1014 3056 auxerunt,
1054 2990 1258 3045 incum
1312 3005 1679 3062 contemptum
1734 3000 1977 3065 adduxit,
2042 3012 2095 3056 et

2203 530 2475 601 φυόμενον
2522 529 2592 605 ἦν
2644 537 2904 609 πολέμιον
2958 541 3133 609 γένος.
3171 542 3236 595 Ol
3290 543 3391 613 μὲν
3420 538 3513 608 οὖν
3564 544 3792 599 παλαιοὶ⁵
3866 595 3892 615 ._

2205 623 2362 691 μῦθοι
2395 626 2612 695 λέγουσι
2664 631 2793 701 περὶ
2841 632 2939 704 τὴν
2974 634 3236 687 Βοιωτίαν
3267 635 3362 688 καὶ
3393 636 3492 707 τὴν
3523 636 3790 708 Κολχίδα,
3864 626 3867 633 λ

2199 718 2563 788 δρακοντείων
2587 721 2817 776 ὀδόντων
2846 725 3330 795 κατασπαρέντων.
3370 726 3428 778 ὲν
3458 728 3646 790 ὅπλοις
3674 730 3789 794 ἅμα

2199 808 2278 878 τῷ
2319 810 2507 880 σπόρῳ
2549 813 2678 876 τοὺς
2726 812 2931 883 ἄνδρας
2982 813 3392 868 ἁναπάλλεσθαι
3425 830 3440 846 ο
3485 815 3513 866 ό
3562 815 3620 867 δὲ
3665 815 3789 867 καθ¹

2201 901 2346 971 ήμᾶς
2372 903 2562 973 χρόνος
2599 904 2693 957 καὶ
2721 906 2814 958 τὸν
2846 905 3015 974 μῦθον
3043 905 3229 959 τοῦτον
3254 906 3334 969 εἰς
3358 905 3473 974 φῶς
3503 907 3597 958 καὶ
3630 907 3787 975 ἔργει,

2202 996 2477 1063 συνήγαγε
2505 997 2605 1049 καὶ
2633 996 2860 1067 ὀφθῆναι
2894 999 3333 1069 κατηνάγκασεν.
3373 1000 3449 1051 Οὐ
3478 998 3586 1070 γάρ
3621 998 3795 1066 ἔφθα-

2202 1103 2302 1140 σαν
2355 1086 2449 1140 τοῦ
2495 1087 2764 1142 Σκυθικοῦ
2815 1089 3008 1157 γένους
3060 1091 3141 1152 είς
3169 1090 3269 1161 τὴν
3303 1090 3662 1160 ἐπικράτειαν
3688 1091 3795 1160 τὴν

2210 1175 2531 1248 Ῥωμαϊκὴν
2577 1181 2627 1231 οἱ
2662 1181 2849 1242 παῖδες
2879 1180 3071 1252 ὥσπερ
3108 1180 3322 1243 ὀδόντες
3369 1181 3793 1248 διασπαρέντες,

2200 1272 2296 1322 καὶ
2328 1269 2508 1323 πάντα
2531 1266 2598 1342 ἦν
2630 1271 2805 1341 μεστά
2824 1271 2869 1304 ⁸⁸
2902 1271 3078 1342 θυμοῦ
3113 1273 3207 1326 καὶ¹
3235 1272 3434 1343 μανίας
3461 1274 3557 1325 καὶ
3587 1272 3793 1339 φόνων,

2199 1361 2536 1415 ἀνελθόντων
2579 1361 2762 1414 αὐτῶν
2826 1364 2908 1426 εἰς
2946 1362 3163 1434 ἡλικίαν
3211 1363 3449 1433 μάχιμον
3498 1362 3651 1430 παρά
3697 1358 3794 1412 τὸν

2200 1451 2416 1522 χρόνον.
2440 1451 2515 1504 Τὸ
2544 1450 2599 1505 δὲ
2639 1451 2888 1523 ἀκμάζον
2915 1454 3012 1523 τῆς
3053 1452 3326 1522 Σκυθικῆς
3360 1453 3530 1521 ἀλκῆς
3557 1452 3653 1504 καὶ
3673 1468 3796 1519 γεν-

2199 1540 2481 1610 ναιότητος
2509 1539 2576 1603 ⁸³,
2619 1544 2733 1604 τοῖς
2773 1541 3197 1612 ὑποδεξαμένοις
3237 1542 3357 1595 ἀντὶ
3383 1542 3492 1596 τῶν
3520 1540 3794 1612 ἐκϐεϐλη·

2199 1633 2374 1688 κότων
2413 1635 2470 1698 ἐς
2507 1635 2880 1690 ἐπανάστασιν
2914 1636 3078 1699 εὐθὺς
3106 1634 3333 1704 ὲγερθὲν
3380 1632 3427 1665 ⁸⁸
3469 1633 3563 1686 καὶ
3616 1633 3794 1703 μαχό-

2128 1770 2169 1825 B
2204 1739 2367 1792 μενον
2408 1724 2542 1777 πολὺ
2574 1724 2852 1795 δεινότερα
2890 1725 2983 1779 καὶ
3017 1723 3404 1796 τραγικώτερα
3449 1723 3797 1794 συνετόλμη-

2203 1830 2295 1867 σεν
2322 1808 2399 1867 ὧν
2439 1814 2665 1869 ἔπαθεν.
2730 1815 2793 1870 Ἦ
2843 1818 2942 1885 μὲν
2997 1817 3105 1886 γάρ
3158 1816 3352 1886 Θρᾴκη
3410 1815 3559 1869 πάσα
3609 1815 3707 1868 καὶ
3758 1816 3793 1886 ἡ

2202 1906 2433 1978 συνεχὴς
2465 1908 2598 1976 αὐτῇ
2621 1907 2776 1977 χώρα
2800 1906 3109 1961 Μακεδονία
3141 1907 3233 1961 καὶ
3258 1906 3534 1961 Θεσσαλία
3561 1904 3792 1977 τοιαύτη

2198 1997 2281 2061 τίς
2316 2000 2431 2051 ἐστι
2463 1998 2559 2051 καὶ
2585 1998 2729 2051 οὕτω
2761 1996 3163 2068 πολυύμνητος,
3204 1997 3345 2052 ὥστε
3383 1997 3503 2051 οὐδὲ
3534 1993 3612 2060 εἷς
3646 1999 3795 2052 κατά

2198 2089 2373 2144 ταῦτα
2403 2089 2741 2159 ἀναγράφειν
2769 2090 2796 2143 ό
2838 2089 2996 2157 λόγος
3039 2085 3129 2159 ἦν.
3174 2089 3461 2159 Τοσαύτην
3509 2090 3565 2142 δὲ
3622 2087 3796 2144 οὖσαν

2200 2181 2374 2252 αὐτὴν
2407 2181 2503 2233 καὶ
2542 2180 2686 2235 οὕτω
2732 2179 3180 2250 πολυάνθρωπον,
3235 2180 3531 2251 εὐδαίμονά
3576 2199 3637 2234 τε
3674 2183 3795 2251 ἅμα

2199 2272 2295 2324 καὶ
2325 2269 2605 2340 εὕανδρον,
2637 2273 2669 2340 ή
2704 2269 2813 2323 τῶν
2850 2270 3070 2324 Σκυθῶν
3098 2270 3326 2334 ἄπιστος
3354 2273 3446 2324 καὶ
3478 2271 3795 2340 παράλογος

2200 2365 2570 2425 ἐπανάστασις
2604 2362 2935 2426 ἐξαπιναίως
2968 2364 3065 2417 καὶ
3089 2365 3437 2435 παραχρῆμα
3466 2365 3563 2434 τῆς
3593 2363 3795 2416 διαϐά-

2201 2472 2338 2516 σεως
2390 2453 2823 2524 συντολμηθεῖσα
2879 2455 2976 2508 καὶ
3013 2455 3343 2525 ἁνοιδήσασα
3392 2456 3796 2526 κατεστόρεσεν

2201 2550 2261 2611 ἐς
2295 2547 2514 2600 τοσόνδε
2547 2547 2642 2600 καὶ
2682 2545 3067 2616 καθημάξευσε
3107 2548 3229 2607 ταῖς
3271 2546 3604 2616 συμφοραῖς,
3650 2544 3796 2597 ὥστε

2201 2640 2403 2711 χρυσὸν
2432 2638 2829 2708 ἀποδειχθῆναι
2861 2637 2997 2707 πρὸς
3025 2636 3092 2689 τὰ
3122 2636 3335 2708 Θρᾴκια
3372 2637 3522 2706 πάθη
3554 2636 3657 2705 τὴν
3681 2636 3798 2689 Mu-

2203 2733 2313 2784 σῶν
2371 2729 2718 2801 παροιμιώδη
2766 2728 2938 2782 λείαν.
2994 2729 3164 2792 Δόξαν
3211 2728 3395 2790 αὐτοῖς
3452 2726 3797 2792 στασιάζειν,

2202 2823 2501 2894 ἀξιομάχου
2527 2822 2601 2893 μή
2631 2821 2910 2893 παρούσης
2936 2819 3221 2890 δυνάμεως
3249 2819 3327 2882 είς
3355 2818 3592 2888 ἄμυναν,
3624 2816 3706 2888 τῷ
3735 2833 3798 2870 τε

2202 2914 2399 2984 πλήθει
2426 2913 2562 2983 πρὸς
2607 2911 2930 2982 ἀνθρώπους
2981 2908 3329 2977 ἀφυλάκτους
3380 2908 3475 2961 καὶ
3523 2907 3798 2971 ἀνόπλους

2202 3008 2482 3076 ἐφάνησαν
2519 3002 2910 3073 φοϐερώτατοι,
2944 3002 3041 3055 καὶ
3070 3000 3147 3070 τῷ
3172 3002 3532 3071 φονικωτάτῳ
3565 2998 3707 3071 πρὸς
3735 3000 3800 3052 τὸ

522 3095 696 3148 usque
772 3095 839 3134 eo
861 3080 1130 3151 spoliavit.
1158 3094 1215 3137 ut
1241 3099 1349 3155 pra:
1379 3086 1482 3142 hac
1514 3087 1762 3146 Thraciae
1787 3092 2094 3150 calamitate

2198 3097 2572 3169 κρατούμενον
2596 3096 2774 3148 πάντα
2804 3093 3015 3165 ἀνδρῶν
3050 3093 3362 3162 ὲχήρωσαν.
3400 3090 3797 3159 Περιειστήκει

513 3185 707 3223 aurum
774 3185 894 3225 csse
918 3172 1191 3229 videretur
1234 3174 1434 3247 My'sica
1484 3179 1591 3244 illa,
1641 3195 1761 3249 quae
1810 3187 2096 3252 proverbio

514 3260 717 3327 fertur,
759 3264 1041 3332 praedatio.
1073 3265 1256 3320 Visum
1293 3279 1473 3323 autem
1504 3281 1588 3326 est
1619 3271 1726 3328 illis
1758 3268 2093 3335 seditionem

516 3353 779 3420 excitare,
801 3370 922 3409 cum
949 3355 1105 3411 nulla:
1120 3357 1401 3429 ale-ipim
1422 3362 1699 3432 adessent,
1714 3382 1832 3435 qua:
1857 3385 2096 3440 pugnare

512 3453 570 3500 et
602 3445 707 3499 illis
743 3446 1002 3501 resistere
1032 3457 1275 3517 possent.
1351 3450 1419 3505 Et
1475 3457 1822 3514 multitudine
1874 3461 2091 3531 quidem

514 3553 612 3592 sua
641 3538 953 3595 hominibus
981 3540 1213 3596 incautis
1237 3551 1291 3598 et
1331 3544 1448 3600 sine
1480 3549 1649 3604 armis
1686 3562 1843 3606 erant
1899 3558 2094 3613 terrori

514 3638 570 3684 et
648 3632 700 3686 in
753 3633 929 3689 caedes
1004 3649 1131 3705 erga
1193 3637 1439 3695 devictos
1517 3641 1693 3708 ellusi,
1745 3648 1927 3703 omnia
1989 3651 2097 3706 late

515 3723 840 3779 mortalibus
869 3724 1163 3780 nudarunt.
1195 3726 1325 3783 Inde
1388 3728 1590 3786 factum
1624 3743 1730 3799 est,
1761 3746 1819 3790 ut
1866 3738 2095 3795 Romani

517 3813 841 3884 Scytharum
876 3831 1070 3870 nomen
1112 3832 1221 3871 non
1256 3810 1434 3875 minus
1465 3823 1905 3895 rel'ormidarent,
1935 3848 2094 3899 quam

518 3904 737 3974 Scythae
797 3922 991 3962 nomen
1032 3907 1371 3966 Hunnorum.
1420 3912 1497 3968 Ex
1558 3917 1868 3976 civitatibus
1913 3937 2099 3993 pauca:

526 3998 798 4053 mtBlllbllS
837 4011 890 4052 et
919 4003 1342 4069 propugnaculis
1405 4015 1554 4073 tutae,
1595 4024 1730 4077 quas
1796 4012 1956 4069 facile
2014 4028 2098 4073 est

519 4104 867 4155 enumerare,
918 4092 1143 4161 integrae
1217 4106 1270 4148 et
1335 4095 1518 4152 illaesae
1571 4115 1989 4170 permanserunt
2046 4120 2101 4165 et

518 4182 696 4236 adimo
729 4194 1071 4251 permanent.
1125 4184 1230 4240 Sed
1292 4189 1439 4258 regio
1504 4190 1618 4260 ipsa
1662 4194 1953 4262 plurimum
2015 4211 2101 4256 cst

519 4282 752 4339 vastata,
802 4283 853 4329 et
907 4276 1107 4331 inculta
1152 4287 1207 4333 et
1236 4280 1450 4335 deserta
1504 4283 1655 4352 jacet
1683 4303 1747 4343 ex
1798 4291 1900 4347 hoc
1932 4294 2095 4351 bello.

517 4361 823 4430 Imperator
865 4375 1043 4421 autem
1087 4378 1145 4422 ut
1198 4370 1263 4424 de
1295 4379 1372 4424 tot
1434 4376 1707 4445 tantisque
1753 4382 1928 4448 malis,
1978 4402 2099 4456 quae

2195 3192 2251 3248 δὲ
2280 3194 2335 3254 ἐς
2359 3193 2473 3244 ἴσον
2496 3188 2656 3259 λόγον
2679 3189 2775 3242 καὶ
2806 3186 3019 3250 Σκύθας
3049 3187 3267 3240 Οΰννων
3296 3186 3372 3257 μὴ
3400 3187 3585 3254 φέρειν
3613 3184 3793 3251 ὄνομα

2198 3284 2292 3337 καὶ
2329 3281 2639 3352 Ῥωμαίους
2667 3278 2913 3333 Σκυθῶν.
2940 3279 3135 3343 Πόλεις
3159 3277 3288 3347 γοῦν
3312 3277 3667 3349 εὐαρίθμητοι
3688 3274 3793 3328 καὶ

2197 3375 2354 3444 ὀλίγα
2386 3372 2530 3437 τινὲς
2552 3370 2896 3442 διεσώθησαν
2924 3370 3018 3424 καὶ
3050 3370 3130 3424 ἔτι
3153 3369 3421 3434 σώζονται
3440 3368 3637 3438 τειχῶν
3667 3366 3797 3419 ἓνε-

2199 3487 2293 3522 κεν
2321 3467 2415 3521 καὶ
2464 3465 2919 3536 οἰκοδομημάτων
2947 3481 2960 3494 ·
3086 3463 3142 3516 δὲ
3192 3462 3348 3534 χώρα
3403 3463 3501 3515 καὶ
3536 3460 3599 3513 τὺ
3641 3460 3801 3510 πλεῖ-

2200 3546 2324 3611 στᾶι
2356 3554 2733 3622 ἀπανάλωται,
2758 3556 2853 3609 καὶ
2888 3552 3037 3607 ἔστιν
3060 3554 3319 3625 ἀοίκητον
3349 3555 3442 3606 καὶ
3471 3551 3673 3606 ἄϐατον
3704 3549 3801 3603 διὰ

2197 3649 2289 3701 τὸν
2345 3647 2606 3718 πόλεμον.
2664 3643 2931 3708 Βασιλεὺς
2969 3644 3022 3698 δὲ
3056 3643 3248 3714 ἐπειδὴ
3297 3643 3504 3696 τούτων
3560 3639 3800 3694 ἐπύθετο

2198 3739 2308 3794 τῶν
2337 3740 2650 3810 ἀδιηγήτων
2684 3738 2892 3800 κακῶν,
2926 3736 3067 3805 πρὸς
3102 3736 3344 3807 μὲντοὺς
3375 3734 3594 3807 Πέρσας
3620 3735 3799 3800 ἀναγ-

2199 3833 2362 3887 καίαν
2421 3832 2646 3903 εἰρήνην
2703 3829 3076 3899 συνθέμενος,
3129 3827 3309 3897 ἐαυτῷ
3357 3827 3413 3881 δὲ
3471 3826 3800 3896 πολεμήσας

2199 3923 2293 3978 ἐπὶ
2327 3922 2668 3995 μεταγνώσει
2727 3922 2829 3991 τῆς
2869 3919 3162 3990 ὑποδοχῆς,
3196 3919 3271 3985 τῷ
3319 3918 3476 3988 θυμῷ
3527 3924 3587 3970 τε
3624 3919 3797 3986 ὕπερ-

2200 4015 2383 4079 έζεσε,
2413 4012 2510 4066 καὶ
2549 4013 2687 4081 πρὸς
2711 4012 2801 4065 τὸν
2828 4012 3065 4081 πόλεμον
3091 4011 3342 4066 ἐντείνων
3363 4010 3408 4043 ⁸⁸
3427 4009 3624 4064 ἑαυτὸν
3657 4028 3798 4080 προ-

2203 4107 2560 4178 καταπέμπει
2594 4106 2655 4158 τὸ
2701 4104 3036 4176 Σαρακηνῶν
3084 4106 3308 4158 ἱππικὸν
3342 4103 3417 4168 ὡς
3463 4102 3798 4174 ἀντισχῆσον

2202 4199 2313 4260 τοῖς
2352 4197 2678 4269 Βαρϐάροις.
2739 4195 2878 4267 ’Ἤδη
2929 4196 3037 4268 γὰρ
3094 4198 3191 4250 καὶ
3238 4198 3335 4269 τήν
3371 4197 3801 4250 Κωνσταντίνου

2205 4291 2359 4343 πόλιν
2398 4290 2749 4359 κατέτρεχον,
2775 4290 2867 4342 καὶ
2895 4287 3006 4352 τοῖς
3041 4289 3277 4360 τείχεσιν
3318 4290 3578 4361 ήνόχλουν
3633 4305 3800 4357 περι-

2206 4385 2525 4453 καθήμενοι,
2558 4380 2816 4451 πολέμιόν
2850 4392 2910 4433 τε
2944 4379 3098 4434 οὐδὲν
3138 4381 3368 4452 ὁρῶντες
3403 4383 3459 4443 ὲς
3495 4379 3799 4434 ἀντίπαλον

516 4456 726 4509 narrari
760 4471 867 4512 non
910 4469 1157 4527 possunt,
1187 4459 1363 4517 factus
1414 4476 1497 4519 est
1542 4470 1746 4524 certior
1783 4485 1841 4528 se
1896 4475 2094 4546 ipsum,

2209 4477 2413 4547 μάχην,
2445 4473 2539 4527 καὶ
2571 4474 2684 4536 τοῖς
2715 4474 3059 4545 φρονήμασιν
3094 4473 3174 4534 εἰς
3205 4472 3385 4528 πᾶσαν
3442 4472 3601 4543 ὓϐριν
3660 4473 3796 4525 ὠλι-

517 4547 659 4612 quod
689 4546 811 4603 illos
846 4552 1133 4619 receperit,
1170 4568 1454 4623 accusans,
1500 4575 1685 4627 pacem
1738 4581 1858 4621 cum
1914 4568 2095 4627 Persis

2210 4546 2493 4637 σθηκότες.
2540 4565 2607 4617 Ὃ
2630 4564 2695 4635 δὴ
2728 4558 2774 4597 ⁸⁸
2824 4569 2919 4619 καὶ
2960 4564 3277 4638 περιφανῶς
3325 4564 3473 4632 ἔδοξε
3524 4565 3796 4618 κάλλιστα
3868 4602 3875 4609 .

516 4636 830 4692 necessario
870 4637 1048 4693 lacere
1079 4653 1162 4694 est
1192 4656 1438 4701 coactus.
1489 4647 1679 4718 Itaque
1732 4653 1812 4707 ira
1856 4654 2094 4729 ﬂagrans

2209 4636 2589 4731 στρατηγῆσαι
2629 4656 2774 4712 κατά
2803 4658 2894 4713 τὸν
2926 4636 3117 4729 καιρὸν
3146 4660 3352 4712 ἐκεῖνον
3392 4661 3424 4726 ή
3451 4658 3609 4727 τύχη.

515 4729 828 4782 ιειιοιιιείιι
892 4730 1022 4786 illud
1086 4733 1285 4792 bellum
1350 4737 1671 4799 incumbens
1756 4750 2040 4816 praemittit
2080 4729 2482 4808 Saracenorum
2564 4750 2890 4821 equitatum,
2958 4752 3049 4821 qui
3109 4752 3469 4807 barbarorum
3528 4752 3793 4819 impetum

518 4822 858 4889 reprimeret.
893 4823 1012 4878 Jant
1051 4829 1194 4881 enim
1252 4845 1424 4900 usque
1455 4834 1520 4888 ad
1567 4834 2093 4915 Constantinopolim
2131 4847 2515 4912 excurrebant,
2548 4854 2601 4900 et
2662 4848 2922 4913 tanquam
2992 4844 3177 4899 urbem
3234 4845 3549 4900 obsidentes
3587 4843 3793 4897 tua-nia

516 4914 892 4983 incursabant,
941 4935 1061 4973 cum
1095 4923 1265 4977 nullas
1293 4926 1495 4995 copias,
1545 4946 1667 5001 quae
1693 4933 1802 4990 illis
1852 4914 2113 4996 resistere
2152 4950 2398 5012 possent,
2443 4947 2753 5004 cernerent,
2821 4938 3074 5008 superbia
3115 4944 3210 4994 sua
3260 4939 3328 4994 ad
3376 4954 3594 4993 omnem
3654 4939 3796 4995 fero‘

515 5007 659 5060 cium
697 5008 861 5062 delati
920 5010 1072 5067 Unde
1103 5012 1319 5070 fortuna
1357 5027 1482 5073 tunc
1514 5026 1773 5093 temporis
1806 5032 2092 5089 manifeste
2128 5007 2241 5091 visa
2270 5043 2354 5090 est
2386 5032 2526 5088 belle
2559 5046 2657 5100 pro
2690 5007 2949 5085 Romanis
2981 5031 3269 5086 militasse.

590 5100 640 5153 7.
693 5101 781 5170 (A.
818 5102 880 5157 C.
914 5103 1040 5169 592,
1075 5107 1186 5161 ind.
1234 5108 1285 5175 5,
1315 5108 1585 5167 Theodos.
1626 5114 1753 5184 imp.
1814 5119 1929 5193 Η.)
1986 5122 2095 5179 Sub

2271 5123 2334 5189 ζ’.
2372 5124 2494 5176 Ὅτι
2525 5123 2619 5175 ἐπὶ
2652 5121 2934 5174 Θεοδοσίου
2984 5123 3111 5184 τοὺς
3153 5121 3405 5195 πρώτους
3428 5122 3658 5193 χρόνους
3694 5122 3794 5193 τῆς

519 5191 826 5249 Theodosio
849 5194 1043 5264 primis
1062 5198 1181 5268 ejus
1198 5199 1408 5269 imperii
1424 5205 1582 5259 annis
1606 5191 1936 5278 Scytharum
1959 5229 2095 5283 gens

2199 5217 2476 5289 βασιλείας
2514 5216 2575 5271 τὸ
2608 5215 2717 5269 τῶν
2768 5213 2992 5268 Σκυθῶν
3025 5191 3175 5276 ἔθνος
3205 5191 3629 5283 ἐξελαυνόμενοι
3691 5191 3793 5285 τῆς

516 5286 739 5341 sedibus
779 5288 892 5342 suis
921 5291 1098 5344 excita
1129 5298 1184 5345 et
1213 5292 1282 5347 ab
1310 5292 1521 5349 llunnis
1551 5299 1801 5369 expulsa,
1837 5317 1941 5357 una
1972 5322 2095 5362 cum

2198 5286 2385 5382 χώρας
2414 5308 2671 5385 ὑπὸὶτῶν
2714 5305 2956 5372 Οῠννων,
2991 5304 3391 5376 διεϐεϐήκεσαν
3449 5305 3560 5358 τῶν
3602 5306 3793 5373 φυλῶν

519 5391 741 5435 suarum
774 5380 1008 5438 tribuum
1033 5383 1264 5440 ducibus
1324 5395 1378 5441 et
1445 5387 1589 5456 aliis,
1640 5391 1731 5461 qui
1791 5408 1990 5463 genere
2048 5409 2095 5454 ct

2200 5380 2490 5474 ήγεμόνες,
2529 5382 2801 5471 ἀξιώματι
2852 5398 2945 5452 καὶ
2998 5399 3146 5467 γένει
3210 5400 3569 5469 προήκοντες.
3624 5390 3794 5451 Οὗτοι

1792 5528 2026 5586 VARle
2063 5533 2474 5591 LECTIONES.

671 5640 845 5727 μεστὰ
880 5640 1239 5727 Οοξξιιιιιοςιιιε
1273 5659 1359 5725 ap.
1395 5642 1732 5727 linissonz-p:
1758 5646 1922 5727 ἓξὲξ,
1948 5652 2087 5727 μετὰ
2135 5654 2279 5726 vulg.
2360 5655 2405 5686 ⁸³
2427 5652 2804 5724 γενναιότατον
2839 5653 2902 5709 ll.
2983 5652 3028 5688 ⁸⁵
3058 5654 3286 5727 ὲγερθὲν
3311 5654 3587 5725 Boisson.,
3626 5656 3788 5727 ἐγερα

522 5707 678 5775 θῆναι
708 5710 851 5780 vulg.
955 5712 1001 5741 ⁸⁵
1035 5707 1446 5786 ἑντύνων’ἱιι,ιιι].
1488 5715 1546 5770 Β.
1624 5707 1723 5770 ⁸⁶’δ
1754 5717 1841 5790 δὴ]
1869 5707 1989 5776 ὅθεν
2012 5722 2075 5776 ll.
