4050 6422
358 345 464 411 665

1136 340 1233 402 DE
1271 340 1830 403 LEGATIONIBUS
1868 339 2358 406 ROMANORUM
2394 342 2507 400 AD
2532 339 2845 400 GENTES.

3502 342 3611 407 666

362 457 455 507 τὸν
483 449 776 517 πρεσϐείαν
824 444 982 514 αὖθις
1019 452 1078 504 ὲν
1136 451 1452 523 χλευασμῷ,
1482 452 1682 521 λέγων,
1729 453 1830 517 ὡς,
1887 456 1927 507 εἰ

2043 455 2280 525 legatum
2332 453 2500 520 misit,
2549 452 2642 521 qui
2675 464 2800 506 eum
2848 446 3102 504 irrisione
3143 448 3220 506 illi
3264 449 3490 518 diceret,
3540 467 3605 508 se

358 546 535 599 ἕλοιτο
580 542 809 610 ἕκαστος
873 542 1161 614 Ῥωμαίων
1205 544 1301 599 δύο
1361 544 1585 608 ὀϐολοὺς
1641 545 1932 616 Δεκεῶλφ

354 635 592 689 ἑκάστου
616 634 771 698 έτους
798 633 997 700 τελεῖν,
1044 634 1269 705 εἰρήνην
1295 634 1430 707 πρὸς
1454 634 1618 690 αὐτὸν
1642 634 1890 690 τίθεσθαι
1911 651 1927 666 ⁶

354 725 405 778 εί
514 726 591 795 μὴ
619 724 777 778 τοῦτο
800 724 993 791 έλοιτο,
1021 726 1354 799 πολεμήσειν
1376 726 1472 780 καὶ
1504 726 1718 797 μεγάλα
1744 728 1932 791 αὐτοῖς

353 814 795 887 προστρίψασθαι
819 816 867 849 ⁸⁸
889 816 1061 871 κακά.
1884 871 1903 885 ,

429 901 496 958 δ’.
532 904 657 957 Ὀτι
674 904 977 969 Δεκέσαλος
995 906 1133 977 πρὸς
1154 905 1424 977 Τραϊανὸν
1440 906 1699 977 πρέσϐεις
1716 906 1930 979 έπεμψε

350 996 688 1069 πιλοφόρους
708 1014 724 1030 ·
757 991 906 1052 οὗτοι
935 998 1045 1069 γάρ
1075 999 1184 1052 εἰσι
1215 999 1349 1071 παρ’
1377 1000 1560 1064 αὐτοῖς
1588 1002 1638 1055 oi
1673 1000 1931 1071 τιμιώτε-

351 1104 469 1159 pot.
525 1087 802 1160 Πρότερον
853 1089 962 1160 γὰρ
1014 1090 1262 1161 κομήτας
1302 1092 1350 1125 ⁸⁸
1397 1090 1675 1160 ἔπεμπεν,
1714 1092 1930 1146 εὐτελε-

350 1179 586 1249 στέρους
624 1176 920 1243 δοκοῦντας
975 1179 1107 1251 παρ’
1160 1181 1344 1245 αὐτοῖς
1372 1180 1535 1238 εἶναι.
1590 1184 1820 1239 Ἐκεῖνοι
1870 1183 1928 1238 δὲ

352 1268 614 1333 ἐλθόντες
658 1269 753 1323 ἐπὶ
783 1269 879 1324 τοῦ
906 1270 1183 1343 Τραϊανοῦ
1206 1270 1438 1344 ἔρριψαν
1463 1273 1560 1327 καὶ
1590 1275 1661 1328 τὰ
1683 1275 1727 1306 ’⁷
1765 1275 1927 1342 ὅπλα,

350 1362 456 1417 καὶ
499 1361 600 1425 τὰς
646 1363 839 1433 χεῖρας
884 1363 1111 1416 ὄπισθεν
1157 1364 1420 1435 δήσαντες
1463 1367 1523 1420 ὲν
1571 1360 1941 1436 αἰχμαλώτων

2034 558 2221 611 pacem
2271 543 2561 606 facturum,
2598 539 3053 609 siunusquisqne
3085 537 3454 596 Romanorum
3493 543 3578 597 vel

2036 636 2112 691 let
2158 636 2233 690 illi
2266 632 2559 705 quotannis
2595 632 2833 703 pendere
2875 631 3010 687 duos
3037 630 3252 697 obolos,
3279 633 3364 687 sin
3404 632 3604 697 minus,

2034 730 2234 786 bellum
2263 736 2321 784 et
2358 740 2554 797 magna
2587 724 2727 780 mala
2753 737 2812 781 se
2839 723 2947 780 illis
2969 723 3269 781 illaturum.

2101 907 2154 962 4.
2199 905 2289 970 (Δ.
2322 902 2387 959 C.
2420 901 2545 968 105,
2598 898 2821 969 Trajan.
2867 897 2946 970 6.)
2986 895 3287 954 Decebalus
3333 894 3483 951 misit
3538 895 3604 948 ad

2035 997 2328 1068 Trajanum
2361 994 2569 1063 legatos
2599 1006 2664 1047 ex
2710 991 2821 1057 his,
2846 989 2961 1059 tqui
3010 988 3179 1058 pileos
3228 986 3414 1043 ferunt
3473 1004 3489 1043 :
3547 986 3603 1040 hi

2032 1091 2175 1148 enim
2218 1088 2358 1158 apud
2391 1088 2567 1141 Dacos
2610 1090 2739 1140 sunt
2778 1079 3177 1136 honoratiores.
3210 1078 3367 1134 Prius
3419 1086 3600 1131 autem

2033 1189 2275 1239 comatos
2300 1178 2545 1242 miserat,
2566 1174 2657 1244 qui
2685 1172 2824 1242 apud
2850 1185 2947 1226 eos
2969 1170 3188 1225 viliores
3214 1170 3503 1223 habentur.
3536 1166 3599 1220 Ili

2033 1287 2153 1330 cum
2190 1268 2256 1323 ad
2295 1266 2588 1344 Traianum
2626 1263 2925 1327 venissent,
2956 1260 3273 1331 abjecerunt
3315 1272 3467 1312 arma
3522 1265 3598 1316 et,

2031 1362 2281 1425 manibus
2313 1365 2439 1429 post
2461 1364 2610 1424 terga
2638 1352 2832 1408 vinctis
2862 1351 3200 1421 captivorum
3235 1350 3430 1415 instar,
3462 1346 3600 1402 Tra-

348 1448 508 1517 τάξει
543 1451 757 1505 ιδέοντο
780 1451 873 1505 τοῦ
907 1453 1179 1522 Τραϊανοῦ
1212 1454 1294 1517 εἰς
1336 1453 1529 1522 λόγους
1557 1455 1733 1508 ἐλθεῖν
1763 1457 1927 1508 Δεκε-

2030 1457 2216 1522 ianum
2251 1457 2476 1508 orarunt
2504 1487 2520 1515 ,
2565 1455 2624 1501 ut
2674 1460 2801 1501 cum
2855 1443 3120 1498 Decebalo
3170 1443 3225 1497 in
3269 1441 3598 1511 colloquium

354 1542 506 1598 ϐάλω
526 1544 597 1597 ⁸⁸.

429 1561 460 1596 Α
526 1561 597 1597 ··.

429 1561 506 1689 cf?
550 1634 682 1688 Ὀτι
737 1604 899 1691 πάλιν
944 1637 975 1690 ό
1021 1636 1322 1700 Δεκέόαλος
1367 1637 1662 1710 πρεσδείαν
1716 1639 1927 1711 ἔπεμψε

368 1724 517 1838 πρὸς.
529 1725 826 1838 Τρεῖανὸν,
851 1724 957 1838 τῶν
987 1727 1273 1804 παρόντων
1309 1728 1600 1799 ἀνακωχὴν
1631 1728 1928 1799 κομιζόμε-
1957 1777 2002 1838 Β

361 1824 448 1878 νας
471 1816 540 1871 ⁹⁹.
587 1816 940 1887 ’Υπισχνείτο
972 1818 1029 1870 δὲ
1086 1818 1157 1873 τά
1194 1834 1254 1869 τε
1306 1817 1447 1871 ὅπλα
1493 1818 1670 1873 πάντα
1719 1820 1814 1873 καὶ
1856 1819 1928 1874 τὰ

356 1908 729 1979 μηχανήματα
770 1908 1121 1979 παραδιδόναι
1149 1907 1229 1979 τῷ
1250 1908 1507 1980 Τραϊανῷ
1540 1910 1632 1964 καὶ
1660 1911 1788 1975 τοὺς
1818 1928 1927 1981 μη-

351 1997 680 2069 χανοποιοὺς
711 1997 840 2059 τοὺς
884 1996 1192 2067 Ῥωμαίους
1242 1998 1369 2060 τοὺς
1404 1998 1535 2067 παρ’
1572 1998 1722 2070 αὐτῷ
1745 1999 1925 2065 ὄντας,

347 2088 449 2141 καὶ
501 2087 632 2151 τούς
681 2086 1039 2155 αὐτομόλους,
1074 2086 1268 2141 καὶτὰ
1316 2086 1566 2159 ἐρύματα
1605 2089 1781 2143 πάντα
1826 2090 1926 2145 ὅσα

348 2178 733 2234 κατεσκεύασε
779 2177 1457 2249 καθαιρεῖν,παραχωρεῐν
1482 2178 1539 2231 δὲ
1565 2179 1772 2250 καὶτῆς
1793 2181 1920 2250 γῆς,

345 2270 418 2341 ἦν
447 2270 757 2340 ἐκράτησεν
798 2269 827 2321 ό
858 2266 1149 2337 Τραϊανὸς,
1191 2270 1289 2322 καὶ
1324 2269 1449 2331 τοὺς
1479 2270 1708 2339 ἐχθροὺς
1752 2271 1920 2324 αὐτοῦ

344 2360 446 2413 καὶ
478 2359 591 2411 τῶν
643 2357 930 2428 Ῥωμαίων
969 2357 1203 2421 οἰκείους
1254 2356 1480 2429 ἐχθροὺς
1515 2359 1777 2429 νομίζειν,
1828 2361 1924 2415 καὶ

344 2449 685 2521 αὐτομόλους
708 2450 725 2480 ¹
751 2450 828 2520 μὴ
855 2448 1231 2519 ὑποδέχεσθαι,
1256 2448 1391 2518 μηδὲ
1420 2450 1753 2520 στρατιώτην
1792 2450 1924 2503 Ῥω-

346 2541 530 2614 μαίων
578 2541 727 2612 ἔχειν
782 2541 951 2610 ἐγγὺς
1005 2540 1224 2595 ἑαυτοῦ.
1274 2541 1643 2611 Προσεδέξατο
1686 2538 1779 2595 οὖν
1822 2543 1921 2612 τὴν

346 2632 649 2704 πρεσϐείαν
680 2634 709 2685 ό
749 2632 1017 2699 Τραϊανὸς
1051 2631 1147 2683 ἐπὶ
1186 2631 1411 2694 ταύταις
1448 2633 1566 2695 ταῖς
1600 2633 1918 2704 συνθήκαις.

355 2726 419 2779 '0
446 2726 505 2779 δὲ
536 2725 842 2787 Δεκέϐαλος
865 2723 935 2778 τὰ
959 2724 1100 2777 ὅπλα
1125 2723 1348 2793 ἔρριψεν
1376 2724 1468 2776 ἐπὶ
1489 2724 1678 2791 αὐτοῦ,
1710 2725 1803 2778 καὶ
1840 2727 1921 2789 είς

344 2819 447 2891 τὴν
474 2818 579 2888 γῆν
634 2817 818 2870 πεσὼν
871 2833 1245 2889 προσεκυνησε
1277 2815 1374 2869 καὶ
1405 2816 1485 2879 είς
1515 2815 1735 2886 Ῥώμην
1781 2818 1917 2888 πρέ-

2031 1552 2408 1690 πὲἷηὲυτευε
2445 1627 2743 1685 Decebalus
2783 1627 3115 1695 1e83"°“°m
3177 1624 3243 1678 ad
3298 1622 3595 1691 Traianum

2033 1725 2204 1792 misit,
2222 1738 2341 1794 quae
2365 1720 2683 1791 bellilinem
2705 1724 2937 1787 peteret.
2967 1714 3325 1769 Pollicebatur
3339 1727 3397 1769 se
3421 1716 3599 1767 omnia

2032 1831 2183 1872 arma
2224 1824 2281 1870 et
2324 1812 2516 1869 bellica
2564 1809 2925 1864 instrumenta
2983 1803 3219 1872 Traiano
3278 1803 3599 1856 traditurum

2032 1918 2087 1965 et
2119 1887 2397 1961 Ro'manos
2425 1900 2800 1957 machinarum
2826 1897 3184 1954 fabricatores
3213 1903 3267 1948 ct
3292 1891 3599 1961 transfugas

2031 1999 2122 2069 qui
2167 1997 2308 2067 apud
2343 1995 2518 2063 ipsum
2547 2000 2752 2056 essent,
2794 1996 2850 2044 et
2889 1987 3071 2044 omnia
3120 1985 3370 2056 pra-sidia
3399 1994 3454 2037 et
3503 1997 3598 2035 ea.

2034 2087 2213 2152 Stella,
2242 2099 2362 2153 qua:
2393 2080 2749 2144 extruxisset,
2786 2077 3111 2132 diruturum.
3142 2073 3431 2129 Cessurum
3464 2087 3601 2141 quo-

2030 2191 2136 2248 que
2160 2175 2304 2230 omni
2339 2181 2506 2234 terra,
2552 2185 2657 2240 qua
2681 2168 2948 2237 Traianus
2990 2166 3192 2235 potitus
3213 2174 3376 2229 esset,
3405 2174 3459 2217 et
3483 2162 3601 2231 ejus

2030 2277 2084 2324 et
2110 2266 2481 2319 Romanorum
2504 2261 2689 2315 hostes
2719 2273 2818 2326 pro
2842 2258 2955 2312 suis
2981 2257 3228 2310 hostibus
3260 2255 3595 2317 habiturum,

2030 2370 2203 2424 neque
2227 2354 2450 2425 posthac
2467 2351 2619 2419 ;ullos
2661 2347 2969 2418 transfugas
2999 2347 3384 2406 admissurum,
3426 2356 3600 2411 neque

2029 2449 2200 2505 ullum
2230 2446 2456 2501 militem
2486 2443 2856 2496 Romanorum
2901 2446 3254 2491 retenturum.
3289 2435 3384 2488 llis
3410 2434 3600 2489 condi-

2030 2541 2265 2595 tionibus
2296 2537 2438 2590 hanc
2491 2532 2813 2600 legationem
2844 2528 3110 2596 Trajanus
3139 2527 3366 2593 accepit.
3402 2526 3467 2578 At
3497 2524 3601 2577 De-

2028 2630 2248 2688 cebalus
2292 2628 2344 2680 in
2391 2630 2680 2692 conspectu
2714 2618 2949 2685 "l‘rajani
2996 2632 3148 2669 arma
3194 2615 3412 2682 abiecit,
3447 2625 3502 2667 et
3544 2616 3596 2667 in

2029 2733 2228 2779 terram
2254 2718 2454 2772 cadens
2482 2728 2603 2769 eum
2634 2711 2912 2765 salutavit.
2938 2707 3163 2775 Legatos
3183 2707 3345 2761 etiam
3372 2705 3596 2758 Romam

2030 2815 2202 2881 misit,
2226 2810 2316 2880 qui
2357 2806 2698 2875 captivorum
2736 2816 2886 2853 more
2916 2806 3073 2855 erant
3119 2796 3371 2852 manibus
3405 2796 3594 2849 vincti.

348 2910 501 2973 σῦεις
530 2910 770 2980 έπεμψε,
798 2910 893 2963 καὶ
925 2910 1083 2964 αὐτοὶ
1105 2910 1307 2978 ὁμοίως
1335 2911 1434 2973 τὰς
1462 2912 1645 2981 χεῖρας
1674 2910 1875 2980 ἔδησαν
1909 2913 1983 2977 ὡς
2010 2913 2068 2965 ὲν
2104 2902 2465 2978 αἰχμαλώτων
2496 2899 2670 2963 τάξει·

419 3009 495 3066 ς’.
546 3003 672 3057 Ὅτι
724 3000 1123 3074 Δαγγιὸἀρδιυν
1162 3003 1255 3055 καὶ
1298 3002 1492 3055 Ὀὄίων
1541 3002 1920 3073 ἑξακισχιλίων

2098 3001 2150 3054 6.
2195 2997 2283 3065 (Α.
2314 2993 2377 3047 C.
2411 2992 2553 3046 167?
2599 2991 2773 3043 Marc.
2810 2986 2907 3053 8?)
2951 2982 3080 3063 Sex},
3097 2980 3260 3036 millia
3286 2978 3601 3046 Longobnr-

357 3096 563 3165 Ἰστρον
603 3067 1052 3164 περαιωθέντων,
1105 3092 1213 3146 τῶν
1260 3093 1387 3159 περὶ
1438 3091 1661 3145 Βίνδικα
1713 3067 1924 3147 ἱππέων

2030 3091 2221 3146 dorum
2253 3095 2306 3140 et
2329 3083 2587 3138 Obiorum
2614 3078 2809 3133 Istrum
2840 3076 3191 3143 traiecerunt,
3215 3070 3267 3123 in
3298 3085 3433 3138 quos
3466 3067 3598 3120 Vin-

351 3185 724 3252 ἐξελασάντων
748 3183 849 3237 καὶ
877 3182 984 3237 τῶν
1007 3183 1152 3252 ἀμφὶ
1190 3182 1450 3236 Κάνδιδον
1478 3182 1657 3246 πεζῶν
1686 3183 1922 3252 ὲπιιρθα-

350 3278 583 3342 σάντων,
607 3279 688 3342 εἰς
717 3277 954 3346 παντελῆ
987 3278 1166 3348 φυγὴν
1206 3278 1257 3330 οἱ
1286 3277 1561 3347 Βάρῦαροι
1601 3277 1921 3349 ἐτράποντο.

358 3369 474 3438 Ἐφ’
508 3364 593 3432 οἷς
645 3367 790 3422 οὕτω
820 3366 1143 3438 πραχθεῖσιν
1190 3368 1250 3420 ὲν
1306 3367 1414 3421 δέει
1456 3368 1825 3430 καταστάντες
1858 3368 1924 3420 ὲκ

344 3459 568 3531 πρώτης
615 3459 1012 3530 ἐπιχειρήσεως
1045 3458 1094 3511 οἱ
1132 3456 1427 3528 Βάρϐαροι,
1476 3457 1734 3528 πρέσϐεις
1774 3457 1925 3528 παρὰ

314 3550 527 3605 -Αῐλιον
576 3551 789 3605 Βάσσον
827 3550 927 3620 τὴν
962 3549 1219 3604 Παιονίαν
1246 3552 1289 3613 ²,
1329 3547 1583 3602 διέποντα
1622 3549 1922 3614 στέλλουσι,

348 3638 721 3709 Βαλλομιψιόν
746 3655 806 3692 τε
836 3636 929 3691 τὸν
956 3637 1177 3707 βασιλέα
1206 3637 1623 3707 Μαρκομάννων
1639 3636 1661 3668 ³
1684 3638 1779 3690 καὶ⁹
1804 3638 1925 3691 ἑτέ-

353 3746 478 3799 ρους
506 3730 661 3793 δέκα,
694 3730 815 3783 κατ⁹
846 3727 997 3791 ἔθνος
1039 3726 1424 3798 ἐπιλεξάμενοι
1454 3729 1572 3782 ἕνα.
1602 3728 1714 3781 Καὶ
1740 3728 1925 3798 ὅρκοις

354 3822 454 3891 τὴν
503 3823 737 3892 εἰρήνην»
771 3822 820 3874 ot
853 3820 1116 3891 πρέσὸεις
1148 3820 1554 3891 πιστωσάμενοι
1602 3820 1783 3873 οἴκαδε
1814 3837 1922 3890 χω-

361 3910 564 3983 ροῦσιν.

421 4002 489 4066 ζ’.
526 4004 648 4057 Ὀτι
682 4002 914 4057 Κούαδοι
961 4001 1225 4074 πρέσϐεις
1246 4001 1500 4072 ἔπεμψαν
1532 4001 1669 4072 πρὸς
1697 4003 1924 4074 Μάρκον

346 4093 576 4165 εἰρήνην
625 4093 962 4164 αἰτούμενοι.
1006 4095 1101 4148 καὶ
1148 4093 1362 4164 ἔτυχον.
1403 4096 1511 4148 Καὶ
1557 4094 1787 4158 πολλοὺς
1824 4095 1924 4164 μὲν

348 4188 579 4252 ἱππους,
614 4187 845 4250 πολλοὺς
868 4188 926 4241 δὲ
949 4187 1076 4259 βόας
1106 4187 1392 4253 δεδώκασι,
1419 4188 1515 4241 καὶ
1544 4188 1925 4259 αἰχμαλώτους

344 4278 470 4331 τότε
508 4278 609 4349 μὲν
653 4278 880 4349 μυρίους
928 4280 1022 4330 καὶ
1065 4275 1421 4347 τρισχιλίους,
1466 4274 1694 4347 ὕστερον
1738 4274 1797 4327 δὲ
1829 4274 1924 4328 καὶ

345 4369 575 4439 ἐτέρους
605 4369 891 4433 πλείστους
917 4368 1220 4422 ἀπέλυσαν.

416 4469 492 4535 η’.
544 4462 669 4516 Ὀτι
710 4458 874 4534 ἦλθον
919 4463 1013 4516 καὶ⁵
1053 4463 1337 4530 Ἀστιγγοι
1385 4460 1480 4514 καὶ
1512 4460 1818 4531 Λακριγγοὶ
1849 4460 1928 4524 εἰς

286 4616 295 4627 ι
348 4555 606 4627 βοήθειαν
633 4553 727 4607 τοῦ
772 4555 1023 4622 Μάρκου.

422 4642 491 4698 θ’.
532 4643 652 4697 Ὅτι
677 4644 893 4716 Κάρποι
919 4643 978 4696 τὸ
1002 4642 1156 4706 έθνος
1181 4639 1500 4711 φθονοῦντες
1522 4643 1633 4705 τοῖς
1653 4639 1775 4699 καθ’
1801 4638 1931 4694 ’ἐκα-

352 4753 480 4790 στον
520 4735 769 4789 ἐνιαυτὸν
803 4734 1150 4805 τελουμένοις
1207 4736 1321 4796 τοῖς
1372 4732 1625 4799 Γότθοις,
1678 4730 1931 4801 ἔπεμψαν

351 4828 492 4899 πρὸς
542 4825 836 4880 Τούλλιονδ
906 4824 1214 4895 Μηνόφιλον
1265 4824 1563 4895 πρεσϐείαν
1617 4822 1733 4893 μεθ’
1768 4825 1932 4893 ὐπερ-

350 4920 622 4992 ηςρανείας
671 4916 1026 4981 ἀπαιτοῦντες
1067 4918 1346 4988 χρήματα.
1373 4909 1544 4978 Οὗτος
1590 4916 1649 4969 δὲ
1691 4914 1817 4980 δούξ
1860 4911 1930 4987 ἦν

349 5011 588 5077 Μυσίας,
617 5010 714 5063 καὶ⁸
750 5009 871 5063 καθῗ
903 5010 1141 5079 ἑκάστην
1170 5009 1388 5080 ἡμέραν
1421 5008 1514 5062 τὸν
1549 5007 1779 5078 στρατὸν
1805 5006 1931 5076 ἐγύ-

356 5103 554 5174 μναζε,
584 5102 680 5154 καὶ
712 5099 1015 5172 προμαθὼν
1049 5099 1146 5170 τὴν
1181 5100 1595 5170 ὑπερηφάνειαν
1620 5099 1800 5153 αὐτῶν
1834 5098 1927 5151 ἐπὶ

353 5192 557 5254 πολλὰς
607 5190 821 5261 ἡμέρας
855 5191 957 5243 οὐκ
993 5189 1215 5254 ἐδέξατο
1250 5189 1470 5253 αὐτοὺς,
1521 5189 1695 5252 διδοὺς
1744 5189 1928 5252 αὐτοῖς

358 5283 543 5339 ἄδειαν
590 5281 723 5353 όρᾷν
756 5282 883 5344 τοὺς
933 5280 1268 5352 στρατιώτας
1312 5279 1782 5349 γυμναζομένους.
1818 5279 1929 5333 Καὶ

358 5372 445 5424 ἵνα
481 5371 560 5441 τῷ
592 5371 967 5442 παρελκυσμῷ
999 5371 1219 5424 καθέλοι
1263 5370 1442 5425 αὐτῶν
1479 5370 1547 5423 τὰ
1580 5370 1926 5439 φρονήματα,

360 5461 589 5527 καθίσας
629 5463 726 5516 ἐπὶ
763 5462 1010 5533 βήματος
1049 5461 1257 5531 ὑψηλοῦ
1292 5461 1385 5514 καὶ
1414 5462 1770 5531 παραστήσας
1802 5461 1951 5543 τοὺς.

1956 4406 2008 4467 1)

2028 3183 2163 3239 dicis
2212 3179 2446 3248 equites,
2499 3182 2553 3227 et
2604 3171 2836 3239 pedites,
2868 3181 3097 3237 quorum
3147 3164 3254 3218 dux
3296 3172 3415 3216 erat
3457 3160 3598 3214 Can-

2027 3274 2211 3337 didus,
2237 3271 2514 3323 irrueruut
2540 3274 2594 3316 et
2625 3264 2678 3315 in
2721 3259 2900 3328 fugam
2934 3263 3230 3311 verterunt.
3267 3252 3443 3307 Prima
3485 3261 3598 3305 sta-

2028 3366 2122 3419 tim
2156 3359 2440 3416 invasione
2484 3364 2697 3409 terrore
2727 3347 2949 3403 Barbari
2998 3344 3255 3416 perculsi,
3288 3344 3491 3411 legatos
3532 3344 3601 3394 ad

2026 3456 2226 3512 Ellum
2274 3451 2536 3513 Bassum,
2584 3444 2675 3513 qui
2725 3440 3063 3495 Pannoniam
3095 3435 3427 3504 provinciam
3460 3435 3598 3488 obli-

2025 3548 2210 3611 nebat,
2262 3542 2488 3597 mittunt
2533 3532 2941 3594 Ballomarium,
2982 3544 3158 3599 regem
3188 3527 3597 3581 Marcomanno-

2026 3652 2168 3700 rum,
2211 3647 2317 3687 una
2357 3643 2478 3684 cum
2523 3626 2643 3679 aliis
2673 3624 2882 3688 decem,
2939 3634 3005 3673 ex
3057 3631 3379 3686 unaquaque
3439 3626 3599 3685 gente

2024 3739 2132 3779 uno
2177 3722 2369 3777 electo.
2411 3718 2502 3773 Sic
2558 3728 2692 3787 pace
2737 3709 3093 3780 jurejurando
3141 3707 3377 3772 firmata,
3429 3705 3595 3775 legali

2025 3814 2244 3869 domum
2279 3808 2578 3865 redierunt.

2094 4004 2149 4062 7.
2176 4003 2261 4074 (A.
2297 4003 2362 4057 C.
2391 4000 2513 4062 175,
2540 3997 2709 4052 Marc.
2746 3995 2865 4065 Ili.)
2899 3992 3071 4060 Quadi
3107 3991 3312 4061 legatos
3339 3989 3603 4043 miserunt

2027 4097 2091 4151 ad
2142 4096 2383 4150 Marcum
2439 4106 2628 4162 pacem
2680 4089 2981 4158 petituros,
3025 4093 3079 4140 ct
3132 4082 3412 4137 consecuti
3454 4091 3601 4135 sunt.

2025 4184 2213 4253 Itaque
2266 4183 2467 4237 multos
2514 4191 2683 4248 equos
2730 4185 2786 4231 et
2832 4173 3030 4228 multas
3085 4170 3251 4226 boves
3286 4167 3601 4221 dederunt:

2026 4286 2080 4331 et
2115 4275 2373 4331 tredecim
2397 4271 2568 4327 millia
2591 4268 2952 4337 captivorum,
2977 4273 3033 4319 et
3057 4262 3241 4331 plures
3267 4260 3433 4315 etiam
3458 4267 3609 4326 post-

2031 4381 2094 4421 ea
2142 4361 2383 4420 libertati
2413 4360 2790 4415 restituerunt.

2103 4456 2158 4512 8.
2197 4455 2475 4509 Venerunt
2502 4455 2559 4505 et
2589 4445 2804 4516 Astingi
2849 4452 2906 4500 et
2942 4441 3205 4510 Lacoragi
3249 4438 3305 4493 iu
3348 4435 3607 4491 auxilium

2035 4548 2223 4603 Μαι-οἰ.

2103 4640 2158 4694 9.
2196 4638 2268 4708 (ο.
2304 4635 2370 4689 Α.
2400 4632 2461 4688 C.
2493 4631 2622 4697 230,
2670 4629 2825 4685 Alex:
2863 4625 2990 4681 Sev.
3026 4625 3158 4692 imp.
3189 4618 3283 4692 9.)'
3309 4619 3606 4688 Carporum

2033 4747 2167 4802 gens
2201 4727 2403 4783 invidia
2435 4724 2723 4794 flagrabat,
2757 4720 2900 4792 quod
2927 4717 3089 4774 Gothi
3140 4714 3409 4784 stipendia
3441 4728 3468 4764 a
3501 4710 3608 4802 “of

2033 4800 2212 4878 manis
2243 4817 2604 4888 accipiebant.
2647 4815 2837 4879 Itaque
2883 4808 3206 4880 legationem
3241 4804 3509 4858 miserunt
3539 4800 3606 4853 ad

2034 4912 2271 4967 Tullium
2313 4904 2704 4977 Menophilum,
2761 4910 2818 4958 et
2863 4907 3184 4969 arroganter
3232 4893 3492 4964 pecunias
3539 4890 3610 4942 ah

2035 5002 2125 5058 illo
2159 5000 2449 5072 petierunt.
2497 4996 2628 5049 Erat
2662 4993 2753 5047 ille
2785 4993 2891 5045 dux
2927 4987 3131 5043 Maesia:
3163 4994 3219 5040 et
3250 4981 3477 5054 singulis
3503 4979 3609 5049 25

2035 5094 2225 5151 diebus
2284 5089 2582 5146 exercitum
2629 5086 2696 5140 ad
2745 5081 2944 5138 bellum
2990 5076 3282 5135 exercebat
3326 5090 3340 5128 :
3377 5081 3432 5125 et
3486 5084 3610 5123 cum

2036 5187 2241 5257 Carpos
2264 5182 2578 5248 ;insolentes
2609 5185 2663 5234 et
2706 5175 2968 5244 superbos
3009 5187 3130 5228 esse
3162 5165 3483 5235 accepisset,
3512 5173 3613 5227 per

2035 5278 2217 5351 plures
2245 5276 2358 5329 dies
2383 5288 2477 5330 eos
2512 5287 2618 5327 non
2659 5267 2900 5334 admisit,
2935 5265 3028 5321 sed
3065 5275 3243 5318 tamen
3284 5259 3610 5351 potestatem

2037 5344 2116 5427 eis
2138 5368 2287 5432 fecit,
2307 5380 2430 5421 cum
2460 5363 2733 5419 exercitus
2763 5357 3142 5418 exercebatur,
3164 5359 3222 5402 ut
3247 5344 3450 5401 milites
3477 5354 3610 5395 con-

2034 5463 2309 5533 spiccrent
2334 5477 2350 5513 :
2375 5467 2430 5511 et
2458 5469 2579 5510 cum
2611 5452 2746 5509 satis
2776 5445 3159 5521 prorogatione
3181 5435 3437 5506 temporis
3462 5433 3618 5488 diem

1696 5554 1932 5610 VARIIE
1965 5554 2257 5612 LEliTION
2268 5553 2378 5607 ES.

422 5649 470 5682 ’⁸
494 5647 936 5718 ποοστριψασθαι
976 5647 1148 5718 vulg._
1198 5644 1531 5718 “gerimus
1558 5644 1711 5718 vulg.
1776 5646 1833 5718 _"
1865 5648 1960 5699 καὶ
1986 5644 2077 5718 τὰ]
2104 5663 2163 5699 τε
2198 5642 2380 5718 ,ταΒῇ
2442 5642 2486 5674 9⁸
2504 5633 2813 5718 ᾼεκέϐἀλου
2835 5638 2978 5704 vulg.
3056 5631 3101 5664 θ’
3140 5621 3510 5693 κομιούμενος
3535 5622 3607 5677 Νν

366 5719 395 5751 ¹’
422 5714 724 5790 αὐτόμολον
745 5714 815 5774 ll.
889 5723 909 5751 ¹
949 5714 1216 5772 Πανὸνίαν
1244 5714 1366 5769 Par.

1468 5717 1496 5746 ³·
1520 5712 1861 5785 Μαρκεμάνη
1891 5731 1999 5786 mg.
2032 5712 2098 5771 ΙῘ.

2196 5715 2214 5746 ⁵
2260 5712 2480 5767 Ἰούλιον
2504 5708 2570 5762 Ν.
