4050 6424
379 341 480 401 δῦῗὶ

1158 345 1252 404 DE
1290 347 1850 410 LEGATION‘IBUS
1882 353 2368 420 ROMANORUM
2406 360 2506 420 AD
2539 361 2860 428 GENTES.

3531 378 3638 443 670

380 451 484 520 χρὴ
516 447 772 520 καθάπερ
809 447 1121 519 ὀφθαλμοὺς
1153 451 1252 518 τὴν
1287 453 1483 522 ἑτέραν
1509 456 1576 523 τῇ
1611 454 1711 524 τῆς
1758 457 1952 524 ἐτέρας

2063 462 2340 532 illustrari,
2379 483 2556 538 neque
2603 471 2668 525 ad
2721 475 3142 531 exstinctionem
3189 486 3244 534 ct
3294 485 3633 539 eversionem

380 540 706 610 κοσμεῖσθαι
736 540 1104 611 λαμπρότητι,
1133 543 1228 595 κα)⁸
1255 541 1330 612 μὴ
1361 543 1496 614 πρὸς
1525 546 1806 616 ἀναίρεσιν
1831 550 1956 600 ἐαυ-

376 635 484 685 τῶν
510 632 802 700 ἀμοιϐαδὸν
839 634 1001 703 μέχρι
1037 633 1236 696 παντὸς
1264 635 1633 702 χαλεπαίνειν.
1657 639 1827 692 Τοῦτο
1849 640 1956 713 γὰρ

377 727 476 776 οὐκ
511 723 684 793 ἀρετὴ
734 725 954 792 μᾶλλον,
987 724 1123 777 ἀλλά
1153 728 1426 797 κουφότης
1467 728 1751 799 νομίζεται
1781 731 1814 800 ἢ
1854 749 1959 801 μα-

376 816 575 867 λακία·
617 817 746 877 τοὺς
785 814 894 886 γὰρ
940 818 1440 888 μεταγενεστέρους
1479 819 1718 890 οἰόμενοι
1753 822 1828 894 μὴ
1863 823 1958 876 δύ-

377 906 570 958 νασθαι
621 908 836 970 ἑαυτοῖς
888 906 1106 977 βοηθεῖν
1161 909 1525 974 σπουδάζουσι
1578 913 1703 977 τοὺς
1748 914 1959 967 ἀντιτε-

375 999 679 1066 ταγμένους
704 999 935 1052 ἀνελεῖν.
963 999 1055 1070 Μὴ
1082 1001 1279 1070 χρῆναι
1307 1002 1490 1071 μέντοι
1521 1004 1654 1073 μηδέ
1682 1005 1961 1077 Ναρσαῖον

373 1092 766 1176 ἀσθενέστερον
803 1092 1020 1145 πάντων
1064 1093 1172 1146 τῶν
1205 1093 1380 1147 ἄλλων
1422 1095 1691 1164 βασιλέων
1739 1097 1960 1168 νομίζε-

375 1187 504 1239 σθαι
526 1202 538 1215 ·
572 1184 706 1238 ἀλλά
735 1185 990 1239 τοσοῦτον
1040 1186 1150 1239 τῶν
1180 1186 1356 1240 ἄλλων
1397 1188 1661 1257 βασιλέων
1701 1191 1960 1258 Γαλέριον

375 1279 693 1348 ὑπερέχειν,
726 1273 867 1330 ὥστε
890 1279 1052 1331 αὐτὸν
1079 1269 1250 1349 τούτῳ
1274 1279 1419 1350 μόνῳ
1444 1281 1667 1343 δικαίως
1685 1283 1960 1354 Ναρσαῖον

373 1369 670 1438 ⁴ἡττῆσθαι,
712 1368 890 1422 καίτοι
924 1369 1023 1438 τῆς
1069 1369 1180 1422 τῶν
1233 1371 1452 1424 οἰκείων
1490 1373 1774 1442 προγόνων
1805 1375 1960 1439 ἀξίας

375 1459 803 1530 καταδεέστερον
837 1461 900 1513 οὐ
946 1461 1259 1528 γενόμενον.
1299 1482 1317 1515 ι
1354 1464 1500 1534 Πρὸς
1529 1464 1740 1528 τούτοις
1775 1465 1961 1534 ἔλεγεν

376 1551 406 1602 ὁ
446 1549 767 1618 Ἀφφαρϐἄν
808 1549 1124 1604 ἐντετάλθαι
1177 1550 1327 1620 αύτῷ
1365 1554 1515 1622 παρά
1553 1554 1853 1622 Ναρσαίου,
1886 1556 1961 1619 ὡς

384 1639 591 1709 ἔχοντες
612 1639 656 1670 ⁸⁸
673 1639 1000 1705 ἐπιείκειαν,
1032 1642 1091 1692 τὸ
1113 1640 1212 1709 τῆς
1230 1642 1434 1704 οἰκείας
1455 1642 1732 1711 βασιλείας
1757 1645 1962 1698 δίκαιον

384 1733 452 1802 τῇ
475 1731 761 1801 Ῥωμαίων
778 1732 1071 1801 ἐπιτρέψαι
1089 1732 1490 1804 φιλανθρωπία.
1506 1736 1805 1807 Τοιγαροῦν
1827 1737 1962 1807 μηδὲ

381 1821 714 1892 τώςὸρκους
731 1823 1094 1892 κομίζειν,ὲφ’
1113 1821 1192 1887 οἷς
1210 1825 1314 1895 χρὴ
1333 1825 1581 1892 γίνεσθαι
1597 1827 1694 1895 τὴν
1713 1830 1959 1898 εἰρήνην,

377 1899 516 1967 ἀλλά
548 1914 610 1966 τδ
656 1913 778 1967 ὅλον
797 1916 864 1984 τῇ
894 1914 1088 1984 γνώμῃ
1125 1916 1217 1967 τοῦ
1259 1916 1525 1984 βασιλέως
1559 1917 1780 1971 διδόναι.
1815 1919 1962 1989 Πλὴν

374 2005 462 2057 ὅτι
501 2006 816 2074 παρακαλεῖ
846 2007 970 2068 τοὺς
1000 2006 1195 2068 παῖδας
1252 2007 1412 2076 μόνον
1442 2010 1536 2063 καὶ
1578 2010 1674 2072 τὰς
1716 2012 1962 2081 γαμετὰς

375 2093 530 2165 αὐτῷ
568 2095 919 2166 ἀποδοθῆναι,
948 2097 1035 2148 διὰ
1071 2098 1169 2166 τῆς
1205 2097 1408 2152 τούτων
1465 2099 1770 2164 ἀποδόσεως
1801 2103 1964 2157 πλέον

372 2186 719 2255 εὐεργεσίαις
745 2185 929 2256 ἔνοχος
979 2183 1119 2240 εἶναι
1150 2187 1324 2254 λέγων
1351 2189 1382 2257 ἢ
1432 2190 1615 2253 ὅπλοις
1646 2193 1851 2261 περιών
1879 2193 1923 2225 ⁸⁵
1946 2209 1957 2221 ⁸

371 2276 500 2330 οὐδὲ
520 2277 616 2331 νῦν
631 2277 891 2332 δύνασθαι
907 2281 1026 2331 κατ’
1043 2280 1200 2344 ἀξίαν
1224 2279 1454 2350 χάριτας
1474 2282 1779 2350 ὁμολογεῖν,
1803 2285 1884 2338 ὅτι
1904 2287 1963 2338 ἐν

371 2370 726 2442 αἰχμαλωσίᾳ
751 2373 1038 2439 γενόμενοι
1063 2371 1159 2441 τῆς
1189 2372 1445 2425 ἐντεῦθεν
1470 2376 1568 2427 οὐκ
1591 2377 1963 2446 ἐπειράθησαν

376 2461 618 2534 ὖσρεως,
669 2462 788 2516 ἀλλ’
829 2463 973 2515 οὕτω
1012 2465 1501 2533 μετεχειρίσθησαν
1547 2467 1623 2529 ὡς
1669 2469 1735 2537 τῇ
1785 2469 1962 2542 οἰκείᾳ

372 2547 633 2620 εὐγενείᾳ
659 2550 782 2602 ὅσον
807 2549 869 2602 ού
882 2569 970 2602 πω
998 2551 1484 2621 ἀποδοθησόμενοι.
1530 2556 1619 2608 Ἐν
1650 2556 1859 2621 τούτοις
1881 2560 1964 2624 εἰς

373 2640 609 2710 μνήμην
643 2636 895 2711 ἧγεααί
939 2643 1000 2694 τὸ
1049 2643 1157 2695 τῶν
1200 2645 1559 2715 ἀνθρωπίνων
1618 2652 1962 2719 πραγμάτων

370 2732 785 2803 εὐμετάϐλητον
813 2734 913 2804 (6).
953 2734 1010 2788 Ὀ
1050 2736 1104 2788 δὲ
1144 2736 1183 2787 Γ
1187 2736 1404 2807 αλέριος
1437 2739 1572 2808 πρὸς
1600 2741 1774 2794 ταῦτα
1803 2741 1962 2806 δόξας

371 2824 721 2894 ὀργίζεσθαι,
753 2828 1092 2896 συγκινήσας
1116 2829 1175 2880 τὸ
1200 2829 1396 2882 ἑαυτοῦ
1420 2829 1600 2900 σῶμα,
1630 2833 1963 2903 ἀπεκρίνατο

373 2915 578 2981 λέγων,
603 2917 665 2967 οὐ
690 2916 872 2980 καλῶς
914 2919 1133 2988 Πέρσας
1163 2919 1348 2983 ἀξιοῦν
1386 2921 1488 2990 τῆς
1525 2923 1830 2994 μεταϐολῆς
1853 2927 1962 2979 τῶν

378 3008 742 3078 ἀνθρωπίνων
793 3012 1138 3081 πραγμάτων
1170 3012 1388 3082 ἑτέρους
1426 3015 1761 3084 μεμνῆσθαι,
1797 3018 1960 3071 ὁπότε

2059 555 2288 610 invicem
2320 559 2422 612 sibi
2455 563 2714 618 molestos
2739 570 2793 618 et
2821 579 3015 633 graves
3040 582 3182 624 esse.
3221 570 3332 627 Hoc
3354 575 3498 629 enim
3532 593 3635 631 non

2059 646 2252 712 virtus,
2297 652 2392 704 sed
2434 654 2606 724 magis
2645 656 2837 712 levitas
2878 669 2935 715 et
2987 664 3251 721 mollities
3297 681 3636 726 censeretur.

2059 739 2192 792 Nam
2223 743 2314 810 qui
2347 743 2638 802 inferiores
2663 750 2800 804 nihil
2827 753 2928 806 sibi
2958 755 3215 822 prodesse
3246 773 3405 827 posse
3429 751 3636 828 ιιιιιέηιι,

2059 845 2327 889 conantur
2379 851 2506 902 eos,
2567 841 2659 909 qui
2718 843 2822 896 sibi
2881 845 3279 914 adversantur,
3344 851 3535 905 tollere
3585 865 3640 906 et

2057 936 2325 982 evertere.
2367 927 2483 983 Non
2537 943 2792 1000 oportere
2843 944 3024 990 autem
3066 935 3346 994 Narsarum
3386 945 3642 998 omnibus

2058 1016 2178 1072 aliis
2209 1019 2426 1090 regibus
2472 1022 2888 1080 imbecilliorem
2929 1027 3282 1096 existimare;
3335 1033 3430 1086 scd
3483 1033 3643 1087 Galc.

2059 1107 2202 1161 rium
2232 1117 2382 1164 tanto
2418 1111 2642 1180 reliquis
2679 1113 2897 1182 regibus
2923 1117 3260 1185 superiorem
3310 1133 3454 1185 esse,
3486 1131 3541 1176 ut
3571 1123 3641 1176 ab

2059 1212 2125 1253 eo
2156 1199 2273 1254 solo
2301 1202 2495 1256 merito
2521 1199 2778 1258 Narseus
2805 1206 2978 1260 victus
3018 1194 3110 1273 sit,
3159 1210 3373 1264 tametsi
3409 1225 3476 1265 ne
3504 1209 3577 1263 Na
3590 1227 3642 1264 r-

2061 1305 2204 1345 saaus
2259 1292 2480 1362 quidem
2539 1309 2568 1348 a
2627 1309 2850 1350 suorum
2903 1298 3172 1368 majorum
3225 1301 3426 1355 virtute
3473 1303 3638 1356 absit.

2062 1380 2331 1438 Praeterea
2364 1383 2500 1438 dixit
2540 1387 2872 1454 Appliarban
2917 1391 3233 1444 mandatum
3267 1393 3369 1446 sibi
3405 1393 3573 1446 fuisse
3609 1409 3638 1445 a

2062 1474 2302 1542 Narsteo,
2323 1479 2505 1533 omnia
2525 1480 2729 1548 proprii
2756 1481 2907 1550 regni
2925 1481 3437 1552 juralRomanorum
3460 1486 3645 1537 huma-

2063 1567 2219 1620 nitati
2252 1569 2542 1633 committi,
2584 1572 2758 1639 ipsum
2793 1585 3005 1640 teqnum
3039 1587 3157 1629 esse
3187 1576 3388 1629 ducere
3425 1591 3439 1629 :
3467 1590 3641 1642 neque

2053 1657 2188 1714 .ideo
2216 1661 2576 1723 conditiones,
2615 1664 2814 1730 quibus
2855 1680 3044 1733 pacem
3083 1660 3412 1730 ﬁeri‘vellet,
3459 1668 3638 1735 ipsum

1998 1792 2039 1847 Β
2066 1748 2232 1815 ferre,
2267 1752 2362 1805 sed
2389 1751 2442 1805 id
2467 1765 2631 1808 omne
2661 1754 3008 1824 imperatoris
3035 1755 3264 1811 arbitrio
3295 1759 3638 1826 permittere.

2068 1839 2179 1894 lloc
2219 1841 2394 1895 solum
2426 1841 2602 1911 ipsum
2637 1844 2870 1911 hortari,
2915 1848 2970 1901 ut
3005 1847 3106 1901 sibi
3151 1863 3374 1902 uxorem
3405 1857 3459 1903 et
3505 1849 3644 1903 ﬁlios

2065 1931 2340 1996 redderet,
2369 1947 2508 2001 quos
2537 1933 2585 1987 si
2614 1935 2903 2004 reciperet,
2948 1937 3123 1991 multo
3171 1939 3556 1992 devindiorem
3585 1952 3645 1991 se

2067 2021 2141 2075 illi
2196 2023 2312 2077 fore
2366 2025 2682 2091 beneﬁciis,
2728 2042 2893 2095 quam
2952 2029 2997 2082 si
3055 2030 3222 2083 armis
3268 2029 3516 2094 vicisset;
3571 2045 3642 2082 nc

2064 2127 2210 2168 nunc
2235 2114 2455 2183 quidem
2483 2117 2617 2170 satis
2656 2130 2754 2185 pro
2789 2119 2984 2172 merito
3011 2120 3217 2188 gratias
3254 2134 3418 2188 agere
3455 2135 3639 2186 posse,

2063 2206 2207 2273 quod
2235 2205 2438 2274 captivi
2474 2208 2617 2260 haud
2654 2209 2914 2278 quiquam
2945 2209 3298 2263 contumelia:
3326 2212 3467 2279 passi
3509 2211 3644 2273 sint,

2063 2297 2158 2351 sed
2201 2295 2276 2349 ita
2325 2297 2517 2360 habiti,
2569 2307 2630 2353 ut
2687 2299 2933 2367 pristinae
2974 2315 3087 2354 suae
3146 2300 3415 2354 nobilitati
3469 2301 3644 2368 primo

2063 2401 2280 2457 quoque
2331 2398 2573 2456 tempore
2622 2405 2680 2444 se
2716 2389 3034 2444 restitutum
3083 2391 3144 2444 iri
3187 2401 3492 2459 sperarent.
3542 2389 3644 2442 llic

2063 2479 2277 2546 legatus
2322 2478 2615 2534 Persarum
2669 2482 2720 2534 in
2769 2483 3091 2536 memoriam
3139 2482 3417 2535 revocavit
3462 2495 3641 2535 rerum

2064 2569 2431 2624 humanarum
2458 2571 2905 2637 inconstantiam.
2929 2573 3009 2626 Ad
3037 2587 3156 2642 quae
3201 2573 3350 2626 visus
3379 2582 3463 2625 est
3487 2573 3644 2626 Gale-

2062 2661 2178 2714 rius
2227 2662 2522 2725 subirasci,
2560 2670 2613 2715 et
2655 2673 2764 2716 toto
2802 2675 3034 2731 corpore
3074 2673 3385 2715 commotus
3411 2701 3426 2726 ,
3473 2679 3490 2712 ι
3533 2676 3642 2714 non

2061 2759 2213 2807 recte
2261 2751 2459 2807 Persas
2512 2753 2590 2808 ait
2623 2766 2831 2822 petere,
2855 2754 3022 2807 utalii
3062 2753 3345 2806 varietatis
3372 2761 3426 2806 et
3459 2753 3648 2805 incon-

2063 2843 2281 2899 stantia:
2332 2858 2514 2899 rerum
2571 2845 2932 2899 humanarum
2974 2845 3392 2910 meminissent,
3446 2845 3646 2914 quippe

2063 2935 2154 3003 qui
2185 2934 2313 3005 ipsi,
2342 2951 2468 2990 cum
2504 2937 2757 2989 secunda:
2791 2950 2877 2989 res
2915 2935 3022 2989 illis
3068 2936 3418 3004 contigerint,
3472 2935 3647 2988 homi-

2062 3040 2192 3078 num
2225 3025 2633 3081 calamitatibus
2683 3025 2829 3079 ultro
2872 3027 3080 3079 instare
3146 3042 3252 3092 non
3291 3028 3640 3083 desisterent.

383 3100 534 3153 αὐτοὶ
566 3099 765 3171 καιροῦ
797 3101 1301 3171 ἐπιλαμϐανόμενοι
1327 3104 1386 3156 ού
1417 3109 1682 3160 παύονται
1707 3111 1826 3172 ταῖς
1852 3109 1960 3163 τῶν

2073 3116 2261 3171 tBelle
2295 3117 2510 3172 scilicet
2538 3120 2801 3171 adversus
2835 3117 3182 3172 Valerianum
3217 3117 3642 3171 moderationem

379 3191 687 3262 ἀνθρώπων
713 3196 1020 3262 συμφοραῖς
1049 3194 1412 3264 ἐπικείμενοι.
1456 3215 1474 3247 ι
1512 3198 1710 3262 Καλῶς
1739 3201 1846 3271 γὰρ
1870 3201 1962 3254 καὶ

381 3284 479 3336 ἐπὶ
507 3283 840 3353 Βαλεριανοῦ
874 3285 915 3316 ⁸⁸
948 3288 1011 3336 τὸ
1053 3283 1254 3356 μέτρον
1295 3289 1395 3357 τῆς
1443 3288 1599 3358 νίκης
1632 3290 1960 3357 ἐφυλάξατε,

375 3375 578 3437 οἵτινες
627 3374 800 3437 δόλοις
853 3374 1015 3428 αὑτὸν
1072 3377 1454 3446 ἀπατήσαντες
1512 3379 1808 3449 κατέσχετε
1867 3381 1963 3435 καὶ

378 3467 551 3538 μέχρι
571 3469 760 3539 γήρως
783 3468 1015 3537 ἐσχάτου
1042 3469 1134 3520 καὶ
1173 3469 1432 3540 τελευτῆς
1473 3469 1668 3540 ἀτίμου
1705 3473 1805 3523 οὐκ
1848 3473 1960 3525 ἀπ-

376 3559 629 3624 ελύσατε,
667 3555 785 3612 εἶτα
836 3559 974 3628 μετά
1021 3559 1252 3614 θάνατον
1290 3563 1510 3632 μυσαρᾷ
1540 3578 1645 3614 τινι
1685 3564 1850 3634 τέχνῃ
1900 3563 1962 3617 τὸ

376 3651 556 3720 δέρμα
591 3648 760 3702 αὐτοῦ
813 3649 1150 3716 φυλάξαντες
1195 3650 1376 3721 θνητῷ
1422 3650 1633 3722 σώματι
1688 3653 1960 3707 ἀθάνατον

381 3740 540 3810 ὓϐριν
567 3743 901 3809 ἐπηγάγετε.
933 3760 950 3792 ι
988 3741 1176 3794 Ταῦτα
1205 3741 1491 3807 διεξελθὼν
1516 3745 1544 3796 ὁ
1577 3742 1848 3812 βασιλεὺς,
1869 3745 1963 3798 καὶ

389 3831 554 3884 εἰπὼν
582 3833 780 3886 ἐαυτὸν
811 3833 1224 3902 ἐπικαμφθῆναι
1261 3835 1358 3904 οὐχ
1385 3829 1466 3896 οἷς
1504 3835 1712 3904 Πέρσαι
1746 3834 1835 3887 διά
1863 3835 1962 3905 τῆς

390 3921 681 3990 πρεσϐείας
713 3921 1055 3991 ὑπέμνησαν,
1078 3921 1154 3984 ὡς
1184 3921 1299 3976 δέον
1331 3925 1467 3992 πρὸς
1493 3923 1589 3986 τὰς
1613 3923 1963 3993 ἀνθρωπίνας

381 4015 592 4084 ἀφορᾷν
620 4013 793 4083 τύχας
823 4014 931 4082 (διὰ
959 4013 1118 4066 τοῦτο
1137 4014 1246 4086 γὰρ
1271 4016 1472 4084 μᾶλλον
1502 4017 1598 4070 καὶ
1630 4016 1768 4086 πρὸς
1793 4017 1962 4087 ὀργὴν

379 4109 685 4175 προσήκειν
719 4105 760 4136 ’⁸
791 4104 1083 4169 κινεῖσθαι,
1120 4105 1173 4157 ετ
1223 4123 1304 4176 ⁴ςις
1346 4105 1481 4174 πρὸς
1527 4107 1564 4161 ἃ
1599 4109 1804 4174 Πέρσαι
1861 4124 1963 4160 πε-

378 4197 664 4266 πράχασιν
722 4195 1082 4264 ἀποϐλέψειεν
1124 4196 1214 4265 ⁸⁷),
1253 4196 1390 4248 ἀλλά
1440 4199 1554 4260 τοῖς
1594 4198 1704 4251 τῶν
1744 4199 1963 4253 οἰκείων

375 4287 667 4359 προγόνων
696 4287 900 4357 ίχνεσιν
925 4287 1260 4349 ἀκολουθεῖν,
1296 4283 1375 4351 οἷς
1405 4287 1524 4352 ἔθος
1559 4289 1833 4357 φείδεσθαι
1866 4291 1964 4360 μὲν

373 4379 490 4430 τῶν
523 4377 806 4448 ὑπηκόων,
863 4379 1333 4447 καταγωνίζεσθαι
1394 4379 1451 4433 δὲ
1490 4381 1601 4433 τῶν
1646 4383 1964 4435 ἀντιταττο-

2061 3209 2120 3262 in
2180 3208 2410 3262 victoria
2441 3208 2720 3263 tenuistis.
2769 3208 2906 3262 Nam
2951 3208 3072 3262 dolo
3119 3222 3241 3262 eum
3298 3209 3540 3276 cepistis,
3593 3220 3650 3263 et

2065 3313 2237 3368 usque
2265 3299 2334 3353 ad
2368 3311 2670 3354 extremam
2707 3309 3046 3354 senectutem
3075 3309 3129 3352 et
3161 3308 3391 3352 mortem
3433 3311 3642 3366 turpem

2063 3400 2117 3447 et
2140 3389 2336 3445 {tedam
2371 3405 2476 3444 non
2506 3389 2808 3445 dimisistis.
2837 3388 3012 3444 Etiam
3037 3399 3158 3458 post
3184 3401 3414 3444 mortem
3438 3390 3648 3443 nefaria

2065 3491 2183 3537 arte
2213 3467 2394 3537 cutem.
2424 3481 2544 3550 ejus
2590 3481 2988 3545 custodientes,
3027 3480 3242 3534 mortali
3274 3481 3492 3550 corpori
3543 3482 3648 3533 im-

2065 3573 2351 3630 mortalem
2372 3573 2723 3644 ignominiam
2749 3572 3050 3626 inussistis.
3085 3590 3104 3622 ι
3137 3572 3192 3624 lu
3231 3573 3334 3624 ista
3368 3572 3647 3639 digressus

2061 3678 2148 3722 est
2181 3667 2501 3736 imperator,
2547 3676 2601 3719 et
2647 3665 2807 3726 dixit,
2841 3679 2901 3718 se
2948 3662 3166 3733 quidem
3209 3660 3352 3715 ﬂecti
3392 3677 3499 3714 non
3537 3662 3644 3728 his,

2064 3772 2295 3828 quorum
2341 3756 2523 3811 Persa:
2567 3757 2620 3811 in
2673 3757 2945 3827 legatione
2983 3757 3316 3810 mentionem
3376 3751 3644 3818 fecerant,

2065 3855 2315 3918 oportere
2342 3846 2395 3900 in
2457 3861 2638 3900 rerum
2675 3847 3036 3900 humanarum
3076 3845 3399 3899 varietatem
3445 3843 3644 3896 intueri

2065 3938 2160 4005 (ob
2189 3937 2295 3991 hoc
2320 3935 2468 3991 enim
2495 3935 2541 3989 si
2575 3937 2700 4005 quis
2750 3937 2816 3990 ad
2855 3950 2941 4000 ea,
2983 3951 3102 4006 quae
3139 3935 3321 3990 Persae
3351 3933 3644 3987 commise-

2064 4027 2196 4092 rint,
2229 4028 2336 4097 27
2362 4028 2632 4090 advertat,
2664 4038 2918 4098 oportere
2953 4029 3004 4081 in
3034 4028 3170 4081 iram
3214 4023 3408 4095 ferri),
3457 4023 3550 4077 sed
3585 4037 3644 4077 se

2064 4119 2311 4188 vestigiis
2345 4118 2614 4188 maiorum
2653 4120 2932 4186 insistere,
2960 4120 3160 4188 quibus
3192 4132 3308 4172 mos
3335 4116 3497 4170 fuerit
3523 4131 3650 4184 par-

2067 4226 2194 4266 cere
2238 4210 2503 4274 subjectis
2534 4219 2588 4264 et
2635 4210 2908 4266 debellare
2954 4211 3239 4279 superbos.
3271 4210 3459 4278 Itaque
3486 4206 3652 4275 jussit

2067 4319 2214 4368 eum,
2247 4304 2342 4372 qui
2376 4303 2645 4372 legatione
2690 4301 3043 4372 fungebatur,
3092 4303 3203 4370 regi
3238 4316 3337 4354 suo
3373 4301 3649 4354 Romano-

2069 4415 2190 4454 rum
2227 4396 2704 4452 mansuetudinem
2751 4403 2806 4448 et
2841 4394 3212 4456 clementiam,
3262 4407 3492 4460 quorum
3540 4393 3650 4442 vir-

375 4469 582 4538 μένων,
605 4470 858 4524 ἐκέλευσε
883 4470 962 4540 τῷ
983 4471 1406 4542 πρεσϐευομένῳ
1457 4472 1535 4542 τῷ
1584 4473 1698 4544 ἰδίῳ
1747 4473 1960 4544 βασιλεῖ

2071 4493 2200 4545 tutis
2224 4487 2520 4560 periculum
2541 4484 2783 4550 iecisset,
2807 4485 3143 4547 renuntiare,
3172 4490 3227 4536 et
3263 4496 3411 4550 spem
3446 4479 3644 4542 facere,

371 4561 716 4628 ἀπαγγεῖλαι
765 4561 865 4630 τὴν
917 4562 1206 4631 Ῥωμαίων
1265 4564 1692 4632 καλοκαγαθίαν,
1736 4560 1810 4620 ὧν
1858 4567 1957 4635 τῆς

370 4653 586 4724 ἀρετῆς
608 4655 705 4706 ἐπε
715 4655 896 4725 ιράθη,
923 4656 1016 4708 καὶ
1037 4657 1098 4709 ού
1129 4656 1309 4727 πολλῷ
1325 4657 1552 4728 ὕστερον
1570 4661 1957 4729 προσελπίξειν

372 4744 515 4814 παρ’
539 4745 704 4798 αὐτὸν
723 4744 1084 4816 ἀφιξομένους
1113 4749 1256 4800 κατά
1278 4749 1503 4819 γνώμην
1539 4749 1635 4802 τοῦ
1663 4750 1947 4819 βασιλέως.

355 4949 358 4952 ~
455 4930 549 4992 ιγ’.
586 4924 708 4976 Ὅτι
735 4924 1005 4988 Λικίννιος
1027 4925 1238 4994 πέμπει
1259 4927 1603 5000 πρεσϐευτὴν
1634 4931 1771 5002 πρὸς
1800 4934 1958 4987 Κων⁴

375 5016 666 5067 σταντῖνον
695 5015 1036 5086 Μεστριανδν
1071 5018 1304 5088 κόμητα.
1351 5020 1604 5074 Ἐλθόντα
1631 5023 1686 5076 δὲ
1722 5025 1815 5076 τὸν
1851 5027 1964 5079 Με-

370 5106 638 5176 στριανδν
678 5109 707 5159 ό
739 5105 1108 5186 βασιλεὺςτέπί
1151 5127 1272 5166 τινα
1317 5112 1510 5181 χρόνον
1538 5113 1776 5187 διέσυρε.
1810 5119 1964 5172 Μετά

367 5195 551 5249 ταῦτα
573 5196 631 5249 δὲ
659 5197 796 5267 πρός
821 5215 882 5251 τε
911 5199 972 5251 τὸ
994 5200 1188 5270 ἄδηλον
1219 5201 1313 5254 τοῦ
1349 5203 1586 5274 πολέμου
1610 5200 1959 5274 ἀποϐλέπων,

371 5286 497 5355 ἅμα
546 5286 604 5339 δέ
635 5287 732 5338 καὶ
755 5287 837 5340 ὅτι
869 5289 918 5342 οἰ
963 5288 1058 5341 τοῦ
1101 5290 1379 5344 Λικιννίου
1408 5293 1585 5364 ἐφόδῳ
1623 5295 1962 5370 λανθανούσῃ

371 5377 721 5447 χρησάμενοι
751 5378 852 5449 τὴν
880 5379 1160 5450 βαστάγην
1183 5381 1349 5434 αὐτοῦ
1387 5383 1523 5452 μετά
1549 5385 1646 5454 τῆς
1670 5385 1961 5458 βασιλικῆς

375 5467 683 5538 ὑπηρεσίας
710 5470 996 5542 κατέσχον,
1031 5469 1244 5542 δέχεται
1274 5473 1461 5531 αὐτόν.
1514 5475 1572 5529 Ὀ
1605 5477 1662 5530 δὲ
1701 5480 1812 5543 τοῖς
1841 5480 1959 5535 δυσί

2067 4597 2172 4638 non
2227 4579 2397 4634 multo
2439 4587 2564 4648 post
2599 4576 2738 4642 fore,
2778 4584 2858 4642 ut,
2894 4576 3183 4644 impetrata
3215 4576 3282 4630 ab
3318 4574 3648 4644 imperatore

2065 4671 2243 4737 venia,
2273 4668 2477 4739 captivi
2505 4668 2574 4724 ad
2602 4668 2778 4737 ipsum
2815 4666 3080 4722 redirent.

2131 4933 2315 5006 l3.(A.
2330 4933 2392 4990 C.
2413 4935 2536 5000 ⁷514,
2555 4932 2742 4990 Const.
2765 4933 2846 5004 9.)
2870 4933 3151 4991 Lic’innius
3170 4933 3406 5007 legatum
3428 4935 3492 4989 ad
3509 4931 3656 4989 Con-

2061 5026 2362 5082 Stantinum
2411 5025 2762 5082 MeSIrianum
2807 5027 3058 5082 comitem
3108 5027 3294 5091 mittit,
3314 5040 3472 5096 quem
3500 5014 3648 5079 Con-

2062 5118 2360 5183 stantinus,
2402 5133 2524 5173 cum
2561 5121 2627 5173 ad
2656 5133 2718 5174 se
2749 5119 3010 5185 venisset,
3043 5118 3201 5190 longo
3229 5128 3478 5188 tempore
3511 5115 3648 5170 deti-

2069 5211 2205 5266 nuit.
2230 5209 2470 5267 Tandem
2525 5227 2645 5268 cum
2675 5212 2742 5267 ad
2773 5213 3016 5269 incertos
3041 5212 3166 5269 belli
3219 5227 3380 5268 casus
3402 5211 3645 5265 animum

2069 5302 2349 5372 adiiceret,
2400 5304 2528 5373 quia
2589 5321 2780 5361 manus
2837 5306 3068 5362 militum
3139 5304 3332 5358 Licinii
3379 5303 3635 5372 jumenta

2064 5398 2357 5454 sarcinalia
2400 5415 2523 5455 cum
2556 5403 2707 5472 regia
2751 5401 3112 5473 suppellectili
3140 5399 3206 5454 ad
3238 5413 3300 5454 se
3331 5397 3639 5454 tendentem

2067 5487 2405 5546 clandestina
2435 5489 2753 5548 incursione
2783 5493 3165 5562 interceperat,
3192 5493 3429 5560 legatum
3461 5484 3635 5540 admi-

1661 5587 1892 5649 VARIIE
1925 5593 2332 5654 LECTIONES.

474 5674 515 5703 ¹³
539 5674 752 5762 ἔχοντος
897 5746 906 5760 '
929 5675 980 5762 ἠ
1015 5670 1516 5762 περιιὼννιιίοείέιε,
1543 5683 1668 5749 περί
1695 5677 1769 5738 ὧν
1799 5688 1943 5762 vulg.

378 5741 524 5813 vulg.
568 5741 596 5743 ““
635 5745 676 5777 ³⁷
709 5744 1066 5812 ἀποϐλέψειεν
1092 5741 1183 5812 H.,
1209 5749 1536 5818 ἀποϐλέψειν
1564 5741 1706 5824 vulg.

2051 5691 2094 5724 ³⁸
2126 5691 2451 5764 Βαλεριανοῦ
2485 5695 2570 5760 Ν.,
2604 5695 2924 5765 Γαλεριανοῦ
2992 5695 3132 5764 vulg.
