4050 6416
410 340 511 408 671

1360 346 1754 408 EXCERPTA
1795 346 1897 407 EX
1933 344 2180 407 PETRO
2215 348 2573 410 PATRICIO

3547 357 3657 418 672

415 449 632 508 sit.'llle
670 434 800 507 vero
828 451 893 507 de
923 465 1058 521 pace
1089 453 1229 509 inter
1261 462 1552 526 utrumque
1598 457 1967 527 imperatorem

2083 455 2365 525 βασιλεῦσι
2389 459 2491 528 τὴν
2519 459 2745 530 εἰρήνην
2790 462 3176 534 ὲπρεσϐεύετο,
3212 462 3285 535 μὴ
3327 466 3527 535 χρῆναι
3569 468 3656 519 λέ-

413 537 787 611 componenda
817 551 987 609 agens
1017 541 1256 606 dicebat,
1281 556 1384 596 non
1418 553 1669 611 oportere
1703 558 1848 612 cum,
1884 545 1976 614 qui

415 628 483 682 de
533 627 747 683 civibus
790 629 904 684 suis
947 630 1227 685 victoriam
1273 641 1628 699 reportasset,
1677 635 1742 688 iis
1791 636 1973 690 irasci.

412 716 688 787 Quidquid
714 719 857 774 enim
888 719 1142 786 intereat,
1163 721 1374 789 victori,
1403 737 1509 777 non
1546 725 1689 780 victo
1724 725 1973 793 interire,

411 814 468 860 et
508 807 552 861 si
580 823 722 863 nunc
753 809 845 862 uni
871 823 1057 879 pacem
1085 809 1456 881 denegaverit,
1483 814 1776 871 multorum
1816 818 1978 873 bello-

414 909 533 947 rum
555 895 794 956 civilium
817 910 1037 950 causam
1061 897 1175 952 fore
1199 909 1254 953 et
1274 909 1574 957 auctorem.
1591 905 1660 958 At
1684 905 1979 975 imperator

409 991 469 1037 et
501 983 652 1039 vultu
677 992 734 1039 et
768 994 918 1040 motu
953 989 1198 1056 corporis
1231 991 1586 1048 acerbitatem
1613 995 1708 1050 ira;
1737 1011 1851 1052 sua:
1878 999 1976 1053 de-

409 1085 742 1141 monstrans,
794 1085 849 1131 et
895 1093 1036 1148 aegre
1077 1094 1265 1135 vocem
1304 1084 1560 1140 emittens
1586 1087 1721 1142 dixit
1753 1104 1768 1142 :
1806 1106 1827 1140 ι
1856 1089 1974 1144 Νοη

412 1166 485 1219 ita
518 1180 617 1220 nos
661 1167 728 1222 ad
753 1168 861 1223 hoc
884 1184 1057 1240 usque
1089 1179 1302 1242 tempus
1327 1175 1617 1244 gessimus,
1651 1192 1827 1249 neque
1854 1180 1976 1237 ideo

409 1257 478 1311 ab
506 1257 725 1313 Oceano
756 1259 864 1315 huc
897 1260 1098 1317 bellum
1127 1274 1378 1333 gerentes
1407 1276 1463 1321 et
1490 1268 1766 1325 vincentes
1787 1286 1975 1340 perve-

409 1347 610 1416 nimus,
633 1357 971 1421 ntgenerum
1005 1364 1247 1410 nostrum
1280 1367 1499 1427 propter
1529 1360 1735 1416 nefaria
1772 1360 1973 1433 ﬂagitia

408 1450 439 1489 a
463 1438 721 1494 societate
746 1443 895 1511 regni
923 1443 1279 1503 excludamus
1302 1456 1357 1502 et
1383 1448 1699 1508 aﬂinitatem
1726 1452 1843 1522 ejus
1862 1454 1976 1510 dis!

407 1528 706 1597 solvamus,
741 1541 794 1587 et
825 1534 933 1589 vlle
955 1538 1286 1607 mancipium
1309 1555 1430 1594 cum
1464 1543 1580 1611 ipso
1605 1544 1659 1597 in
1687 1545 1972 1615 imperium

408 1618 842 1680 introducamus.
885 1644 904 1677 ι
939 1624 1113 1682 Jussit
1158 1630 1324 1698 igitur
1357 1630 1737 1701 Mestrianum,
1767 1637 1871 1693 hac
1894 1638 1973 1693 le-

406 1712 642 1779 gationis
669 1723 824 1784 parte
851 1718 1071 1783 omissa,
1105 1719 1148 1774 si
1181 1721 1312 1789 quid
1343 1721 1490 1777 aliud
1515 1724 1672 1780 vellet
1697 1741 1964 1795 promere.

412 1801 476 1856 Et
502 1804 677 1859 visum
704 1815 787 1861 est
821 1808 1097 1865 Valentem
1134 1812 1201 1866 ab
1231 1813 1459 1882 imperio
1494 1815 1745 1882 dejicere.

478 2062 569 2117 14.
598 2064 684 2132 (Α.
713 2065 774 2120 C.
805 2066 938 2133 550,
966 2069 1157 2124 Const.
1187 2070 1298 2140 id.)
1322 2071 1666 2143 Magnentius
1695 2086 1749 2131 et
1776 2078 1968 2133 Vetra-

406 2152 497 2207 uio
521 2155 743 2210 mittunt
782 2157 985 2228 legatos
1028 2161 1095 2215 ad
1126 2160 1523 2218 Constantium.
1560 2165 1848 2222 Mittuntur
1875 2186 1970 2223 au-

408 2253 513 2297 tem
537 2232 764 2302 Rufinus
790 2257 845 2302 et
866 2247 1237 2316 Marcellinus,
1259 2254 1345 2308 hic
1369 2255 1658 2322 praefectus
1682 2261 1965 2327 praetorio;

404 2335 494 2392 ille
526 2337 749 2394 alterius
796 2342 1030 2410 agminis
1061 2345 1271 2411 ductor,
1321 2355 1376 2400 ct
1410 2346 1717 2406 Nunecltius
1743 2360 1968 2407 senatus

402 2425 675 2496 princeps,
700 2439 754 2483 ct
778 2427 1044 2486 Maximus
1076 2436 1387 2505 cum/ipsis,
1418 2438 1508 2507 qui
1541 2440 1968 2497 adhortarentur

399 2514 801 2585 Constantium,
849 2530 909 2575 ut
964 2524 1033 2578 ab
1082 2526 1250 2580 armis
1287 2529 1609 2595 abstineret,
1641 2540 1692 2585 et
1732 2534 1965 2602 primum

401 2604 621 2661 honoris
650 2611 875 2676 gradum
909 2612 959 2666 in
994 2613 1221 2683 imperio
1260 2618 1531 2673 obtineret
1561 2637 1575 2686 ;
1629 2619 1967 2692 Magnentius

400 2698 721 2756 Constantio
752 2702 916 2757 tiliam
942 2705 1323 2775 desponderet,
1355 2719 1409 2764 et
1438 2710 1549 2780 ipse
1572 2725 1796 2766 uxorem
1822 2714 1968 2775 acci-

401 2800 551 2855 peret
575 2790 974 2860 Constantiam,
1010 2796 1317 2853 Constantii
1345 2814 1610 2855 sororem.
1648 2802 1833 2871 Itaque
1864 2806 1966 2859 im-

400 2890 619 2948 perator
640 2882 999 2941 Constantius
1020 2889 1243 2943 admisit
1263 2891 1611 2949 Vetranionis
1634 2905 1690 2949 et
1713 2895 1968 2966 Magnen-

401 2973 464 3028 tii
504 2975 731 3044 legatos,
774 2994 1001 3048 quarunt
1031 2998 1191 3048 unus,
1223 2975 1564 3054 Nunecltius,
1595 2987 1751 3043 initio
1785 2990 1964 3045 statim

1996 1773 2043 1831 B

2080 565 2193 617 γων
2241 549 2334 602 τὸν
2389 550 2515 612 τοὺς
2544 550 2851 619 ὁμοφύλους
2881 554 3204 624 νενικηκότα
3241 555 3359 607 κατ’
3403 555 3581 608 αὐτῶν
3614 559 3657 589 ’⁸

2079 640 2451 710 χαλεπαίνειν.
2477 642 2602 695 Ὅτι
2625 641 2733 714 γάρ
2759 644 2826 697 ἂν
2855 644 3127 709 ἀπόλοιτο,
3161 645 3317 697 τοῦτο
3348 646 3533 700 λοιπὸν
3577 647 3659 717 τῷ

2079 733 2411 804 νενικηκότι,
2460 734 2578 787 ἀλλ’
2615 735 2735 804 οὐχὶ
2771 737 2884 799 τοῖς
2918 736 3256 807 ἡττωμένοις
3288 738 3655 791 ἀπόλλυσθαι’

2079 824 2175 878 καὶ
2201 826 2284 879 ὅτι
2313 826 2439 878 όένὶ
2476 824 2576 896 τὴν
2610 827 2834 897 εἰρήνην
2864 827 3199 897 ἀρνούμενος
3227 827 3438 880 πολλῶν
3473 830 3654 898 ἐμφυ-

2077 914 2209 968 λίων
2239 916 2491 986 πολέμων
2522 916 2732 984 γίνεται
2764 916 2956 980 αίτιος.
2993 918 3059 971 Ὁ
3094 918 3151 971 δὲ
3183 918 3436 987 βασιλεὺς
3477 919 3557 990 τῷ
3590 938 3654 972 τε

2076 1003 2354 1077 προσώπῳ
2393 1006 2489 1060 καὶ⁵
2538 1009 2606 1077 τῇ
2641 1006 2735 1061 τοῦ
2785 1004 3035 1078 σώματος
3088 1009 3296 1078 κινήσει
3329 1008 3391 1061 τὸ
3424 1010 3658 1079 μέγεθος

2078 1096 2178 1166 τῆς
2204 1099 2246 1132 ¹⁹
2276 1098 2449 1168 ὀργῆς
2479 1097 2674 1168 δηλῶν,
2712 1098 2806 1151 καὶ
2838 1097 2993 1168 μόλις
3030 1098 3213 1168 φωνὴν
3243 1099 3424 1168 ἀφεὶς,
3457 1095 3614 1153 εἶπεν
3636 1117 3651 1130 ·

2085 1205 2103 1239 ι
2143 1187 2254 1258 Οὐχ
2280 1187 2423 1242 οὕτω
2455 1190 2615 1260 μέχρι
2638 1188 2734 1242 τοῦ
2767 1189 3033 1260 παρόντος
3057 1190 3414 1261 διεγενόμεθα
3435 1193 3504 1255 ³⁸,
3530 1192 3654 1246 οὐδὲ

2076 1277 2166 1331 διά
2185 1278 2347 1331 τοῦτο
2370 1279 2435 1331 ὲκ
2457 1278 2552 1332 τοῦ
2579 1278 2843 1332 Ὠκεανοῦ
2876 1279 3038 1350 μέχρι
3056 1280 3165 1332 τῶν
3201 1279 3436 1334 ἐνταῦθα
3487 1282 3652 1335 πολε-

2081 1367 2311 1437 μοῦντες
2343 1370 2438 1422 καῖ⁵
2478 1370 2738 1432 νικῶντες
2789 1368 3119 1439 ἀφικόμεθα,
3149 1368 3295 1422 ὥστε
3337 1368 3415 1441 μὴ
3443 1369 3653 1423 ἐθέλειν

2075 1456 2168 1510 τὸν
2192 1458 2390 1510 οἰκεῖον
2422 1456 2674 1527 γαμϐρὸν
2831 1456 3090 1510 κοινωνὸν
3119 1455 3263 1526 ἔχειν
3287 1456 3377 1509 διὰ
3397 1455 3467 1508 τά
3500 1455 3649 1526 μύση

2076 1547 2243 1601 αὑτοῦ
2272 1548 2366 1601 καὶ
2414 1549 2515 1617 τὴν
2544 1547 2862 1618 ἀγχιστείαν
2904 1548 3288 1618 ἀπαγορεύειν,
3330 1546 3548 1609 εὐτελὲς
3591 1547 3654 1599 δὲ

2078 1639 2410 1710 ἀνδράποδον
2454 1642 2572 1709 μετ’
2631 1639 2796 1693 αὐτοῦ
2841 1642 2918 1702 είς
2953 1639 3022 1691 τά
3070 1637 3315 1707 βασίλεια
3352 1637 3656 1707 προσδέξα-

2081 1730 2222 1783 σθαι.
2258 1748 2278 1781 ι
2317 1730 2636 1783 Ἐκέλευσεν
2678 1728 2771 1784 οὖν
2798 1730 2889 1782 τὸν
2928 1728 3272 1800 Μεστριανδν
3319 1729 3510 1781 τούτου
3553 1728 3652 1781 τοῦ

2082 1822 2283 1892 μέρους
2322 1821 2420 1890 τῆς
2470 1820 2767 1893 πρεσϐείας
2816 1819 3143 1891 σχολάζοντα
3178 1819 3245 1881 ¹¹,
3283 1818 3339 1870 εἴ
3372 1836 3425 1872 τι
3461 1818 3653 1889 ἕτερον

2077 1913 2250 1965 αἰτεῖν
2276 1910 2536 1981 βούλοιτο,
2575 1911 2759 1980 λέγειν
2779 1926 2793 1941 ’
2827 1911 2924 1965 καὶ
2970 1909 3116 1975 ἔδοξε
3144 1910 3234 1964 τὸν
3270 1909 3511 1964 Βάλεντα
3552 1909 3647 1963 ἐκ·

2001 2005 2011 2012 ’
2077 2003 2343 2074 ϐληθῆναι
2372 2004 2468 2072 τῆς
2493 2001 2792 2071 βασιλείας.

2149 2096 2231 2149 ιδ’.
2264 2094 2387 2147 Ὅτι
2438 2094 2777 2161 Μαγνέντιος
2809 2093 2902 2147 καὶ
2942 2092 3248 2163 Βετρανίων
3279 2094 3327 2124 ’⁸
3370 2092 3651 2161 πέμπουσι

2074 2187 2334 2258 πρέσϐεις
2362 2185 2499 2256 πρὸς
2519 2184 2920 2246 Κωνστάντιον.
2945 2184 3256 2253 Πέμπονται
3284 2183 3342 2237 δὲ
3367 2184 3651 2250 Ῥουφῖνος

2073 2279 2167 2331 καὶ
2205 2276 2599 2346 Μαρκελλῖνος,
2627 2277 2655 2329 6
2701 2276 2800 2345 μὲν
2832 2274 3076 2344 ὕπαρχος
3110 2273 3187 2327 ὢν
3242 2274 3353 2327 τῶν
3396 2289 3651 2345 πραιτωο

2075 2369 2229 2437 ρίων,
2258 2370 2286 2420 6
2317 2367 2375 2421 δὲ
2409 2366 2597 2438 ἕτερος
2644 2367 3042 2438 στρατηλάτης,
3072 2367 3167 2420 καὶ
3194 2367 3485 2435 Νουνέχιος
3512 2382 3651 2433 συγ-

2070 2457 2329 2527 κλητικὺς
2362 2457 2628 2529 ὕπαρχος,
2672 2457 2767 2511 καὶ
2798 2457 3049 2528 Μάξιμος
3079 2458 3217 2528 πρὸς
3248 2457 3478 2521 τούτοις,
3513 2458 3652 2510 ὑπο-

2074 2549 2370 2618 μνήσοντες
2397 2549 2488 2602 τὸν
2537 2549 2917 2602 Κωνστάντιον
2966 2549 3148 2603 ὃπλων
3182 2549 3520 2618 ἀποσχέσθαι
3554 2548 3650 2601 καὶ

2071 2636 2296 2707 πρώτην
2324 2637 2472 2707 ἔχειν
2502 2639 2560 2691 ὲν
2588 2640 2652 2708 τῇ
2686 2636 2933 2708 βασιλείᾳ
2961 2638 3150 2708 τιμήν.
3201 2637 3260 2689 '0
3291 2637 3346 2690 δὲ
3392 2634 3649 2704 Μαγνέν-

2069 2746 2183 2791 τιος
2228 2729 2297 2782 δι’
2326 2729 2504 2782 αὐτῶν
2535 2729 2636 2798 τὴν
2690 2727 2822 2782 ίδίαν
2854 2728 3129 2799 θυγατέρα
3173 2727 3251 2797 τῷ
3285 2726 3652 2796 Κωνσταντίῳ

2071 2818 2386 2887 ὑπισχνεῖτο
2424 2817 2623 2870 διδόναι
2656 2816 2905 2887 γαμετὴν
2951 2817 3046 2870 ἐπὶ
3077 2816 3155 2886 τῷ
3187 2817 3285 2870 καλ⁸
3337 2816 3500 2878 αὐτὸς
3546 2816 3650 2886 τὴν

2071 2909 2458 2964 Κωνσταντίαν
2487 2908 2672 2963 λαϐεῖν
2721 2908 2821 2979 τὴν
2841 2907 3075 2978 ἀδελφὴν
3116 2906 3211 2959 τοῦ
3244 2907 3645 2960 Κωνσταντίου.

2083 3000 2334 3067 Ἐδέξατο
2370 2997 2463 3054 οὖν
2511 3001 2541 3052 6
2599 2999 2852 3070 βασιλεὺς
2900 3000 3027 3061 τοὺς
3060 2999 3426 3069 Βετρανίωνος
3459 3000 3504 3031 ⁸³
3553 3000 3653 3051 καὶ

399 3065 766 3138 Magnentium
822 3086 1007 3140 pacem
1063 3086 1248 3143 petere
1289 3077 1543 3145 praefatus
1574 3089 1681 3147 est,
1733 3088 1788 3135 et
1821 3082 1963 3137 Con-

2073 3065 2411 3161 Μαγνεντίου
2457 3065 2739 3162 πρέσϐεις,
2789 3091 2848 3144 ὲν
2881 3084 2964 3154 οἷς
2996 3092 3026 3144 6
3073 3065 3363 3162 Νούνέχιος
3398 3091 3446 3122 ³⁸
3482 3091 3652 3154 εὐθὺς

398 3157 681 3225 stantium,
709 3175 816 3230 quo
845 3162 896 3214 in
926 3171 1070 3217 statu
1105 3178 1191 3218 res
1217 3165 1271 3218 in
1297 3168 1580 3234 praesentia
1610 3180 1814 3236 essent,
1851 3185 1967 3227 mo-

401 3247 516 3300 nuit
543 3248 754 3313 dicens,
782 3265 886 3304 non
911 3263 1163 3319 oportere
1188 3253 1361 3322 ipsum
1388 3254 1811 3326 inconsiderate,
1834 3276 1969 3329 pra:-

400 3339 591 3392 sertim
624 3355 746 3394 cum
796 3342 952 3396 bellis
996 3341 1109 3410 jam
1161 3345 1444 3402 confectus
1471 3358 1634 3416 esset,
1666 3350 1802 3405 duos
1837 3367 1966 3407 con-

401 3439 483 3481 tra
512 3444 572 3484 se
602 3430 982 3499 imperatores,
1019 3434 1097 3489 rei
1133 3436 1386 3493 militaris
1414 3438 1702 3507 peritos'et
1730 3442 1874 3497 inter
1908 3459 1968 3499 se

397 3523 698 3576 concordes
733 3532 787 3576 et
818 3524 1044 3595 integris
1071 3527 1303 3591 viribus,
1327 3528 1394 3582 ad
1416 3529 1617 3585 bellum
1641 3546 1964 3601 provocare.

397 3610 523 3678 Qui,
561 3612 662 3667 nisi
698 3629 841 3668 nunc
885 3616 955 3670 de
993 3631 1124 3684 pace
1175 3619 1315 3675 inter
1365 3635 1460 3677 eos
1483 3627 1818 3692 conveniret,
1857 3627 1968 3698 28

396 3702 584 3771 quales
618 3705 917 3776 quantique
954 3707 1005 3761 in
1048 3707 1189 3764 bello
1219 3710 1367 3765 civili
1413 3710 1579 3769 futuri
1608 3724 1811 3781 essent,
1853 3719 1967 3773 sive

398 3807 539 3848 unus
568 3792 741 3860 solus,
784 3796 904 3851 sive
934 3806 1166 3866 uterque
1207 3800 1392 3867 simul,
1440 3817 1550 3857 non
1597 3805 1817 3865 aliunde
1863 3806 1966 3877 ipsi

404 3883 792 3939 discedendum
824 3901 966 3953 esse,
992 3902 1153 3956 quam
1202 3904 1270 3945 ex
1325 3892 1558 3962 egregiis
1613 3892 1964 3966 facinoribus,

396 3988 519 4039 qua:
564 3984 695 4029 ante
744 3976 1066 4042 edidissent,
1100 3981 1318 4047 quando
1352 3981 1455 4051 ipsi
1505 3991 1561 4037 et
1610 3986 1795 4053 generi
1849 3986 1967 4056 ejus

395 4079 657 4133 prospere
704 4065 868 4121 rebus
905 4069 1074 4138 gestis
1105 4070 1412 4140 triumphos
1446 4075 1805 4142 peperissent.
1830 4076 1963 4131 Cum

399 4154 541 4207 hanc
563 4154 890 4225 legationem
934 4159 1177 4215 audisset
1228 4160 1544 4231 imperator,
1591 4180 1840 4236 magnam
1889 4169 1965 4225 illi

395 4260 461 4300 ea
506 4261 597 4301 res
629 4261 817 4302 curam
866 4258 922 4304 et
955 4250 1375 4308 sollicitudinem
1426 4255 1625 4311 attulit.
1666 4257 1853 4329 Itaque
1899 4262 1964 4314 ad

2070 3185 2175 3254 ἔφη
2203 3182 2282 3253 τῷ
2327 3182 2601 3252 προοιμίῳ
2644 3182 2868 3252 εἰρήνην
2921 3182 3094 3235 αἰτεῖν
3148 3182 3241 3234 τὸν
3288 3181 3644 3248 Μαγνέντιον,

2070 3277 2166 3329 καὶ
2195 3274 2459 3337 πολλάκις
2494 3277 2598 3345 τῆς
2638 3273 2901 3342 περὶτῶν
2956 3273 3241 3343 παρόντοιν
3302 3275 3642 3343 πραγμάτων

2068 3367 2458 3429 καταστάσεως
2478 3365 2568 3418 τὸν
2588 3344 2881 3418 Κωνστάντ
2891 3381 2967 3418 ιον
2994 3364 3402 3435 ὑπεμίμνησκε,
3419 3365 3645 3432 φάσκων

2072 3459 2148 3529 μὴ
2176 3458 2376 3528 χρῆναι
2402 3456 2567 3510 αὐτὸν
2609 3455 2938 3527 ἀπροόπτως
2967 3456 3063 3509 καὶ
3103 3456 3148 3488 ³⁵
3193 3456 3511 3525 κεκμηκότα
3542 3455 3647 3527 ἠδη

2068 3552 2186 3613 τοῖς
2218 3549 2482 3617 πολέμοις
2522 3547 2568 3579 ’⁸
2596 3546 2691 3601 δύο
2735 3547 2857 3601 κατ’
2887 3546 3051 3601 αὑτὸν
3091 3548 3137 3580 ’⁷
3181 3547 3439 3618 βασιλεῖς,
3481 3564 3649 3616 στρα-

2069 3638 2332 3709 τιωτικῆς
2375 3655 2432 3691 τε
2464 3638 2780 3709 ἐπιστήμης
2821 3638 3121 3707 ἐμπείρους
3155 3638 3248 3692 καὶ
3288 3638 3651 3709 ὁμονοοῦντας

2069 3730 2321 3799 ἀλλήλοις
2343 3730 2438 3784 καὶ
2465 3729 2547 3782 ἐτι
2574 3729 2869 3799 ἀκεραίους
2898 3728 3082 3796 ὄντας,
3110 3730 3193 3793 είς
3232 3728 3470 3799 πόλεμον
3503 3746 3645 3800 προ-

2070 3820 2393 3875 καλεῖσθαιο
2418 3820 2638 3887 οἵτινες,
2669 3821 2717 3871 εί
2749 3818 2824 3890 μὴ
2860 3819 2991 3888 περὶ
3041 3821 3267 3891 εἰρήνης
3315 3820 3647 3887 συνδόξαιεν,

2069 3907 2170 3981 [ὡς
2193 3907 2261 3981 ³⁸]
2291 3911 2464 3963 ὁποῖοι
2485 3907 2577 3961 καὶ
2604 3908 2825 3979 πηλίκοι
2854 3909 2997 3963 κατά
3013 3912 3105 3964 τὸν
3130 3909 3390 3980 ἐμφύλιον
3410 3910 3648 3980 πόλεμον

2070 3999 2288 4054 ἔσονται
2322 3999 2819 4070 παραταττόμενοι,
2866 3999 2976 4052 εἴτε
3006 3993 3090 4063 εἷς
3139 3999 3327 4069 μόνος,
3366 3999 3475 4053 εἴτε
3502 3998 3641 4069 ὁμοῦ

2068 4092 2240 4161 ἄμφω
2268 4091 2685 4162 παραγένοιντο,
2723 4089 2799 4161 μὴ
2830 4090 3006 4144 θέλειν
3041 4091 3204 4145 αὑτὸν
3231 4091 3500 4162 ἑτέρωθεν
3533 4108 3642 4161 μοι·

2068 4185 2181 4238 θεῖν
2230 4184 2264 4253 ἢ
2313 4184 2377 4236 ὲκ
2423 4181 2534 4236 τῶν
2565 4182 2665 4253 ἤδη
2698 4181 3107 4252 πεπραγμένων
3154 4183 3358 4248 αὐτοῖς,
3393 4184 3483 4237 ὅτε
3521 4186 3644 4246 ταῖς

2066 4275 2296 4328 ἐκείνων
2324 4274 2698 4345 παρατάξεσιν
2749 4273 2900 4343 αὐτῷ
2934 4290 2995 4327 τε
3039 4275 3135 4328 καὶ
3166 4273 3244 4345 τῷ
3286 4277 3437 4343 γένει
3476 4275 3646 4328 αὑτοῦ

394 4352 643 4393 somnum
684 4353 1005 4406 conversus,
1041 4343 1175 4397 vidit
1218 4344 1272 4397 in
1324 4347 1532 4402 somnis
1587 4359 1794 4417 patrem
1838 4361 1960 4406 tan-

2073 4366 2332 4438 θρίαμϐοι
2362 4343 2767 4436 κατωρθοῦντο.
2792 4365 3007 4435 Ταύτης
3035 4366 3136 4435 τῆς
3160 4343 3455 4438 πρεσϐείας
3482 4367 3649 4420 ἀκού-

395 4442 558 4496 quam
589 4442 654 4482 ex
682 4429 791 4483 alto
821 4429 1264 4487 descendentem.
1291 4433 1348 4488 ln
1381 4451 1541 4490 manu
1571 4436 1789 4494 tenebat
1815 4438 1960 4494 Con-

2073 4429 2172 4519 σας
2254 4455 2510 4526 βασιλεὺς
2525 4429 2589 4517 έν
2613 4457 2860 4526 φροντίσι
2886 4429 3108 4519 πολλαῖς
3245 4455 3356 4511 Καὶ
3377 4429 3454 4522 είς
3477 4457 3649 4510 ὕπνον

391 4525 628 4572 stantem
657 4534 687 4571 a
718 4516 1032 4586 Magnentio
1066 4531 1428 4591 peremptum,
1458 4540 1615 4595 quem
1646 4528 1964 4586 Constantio

393 4609 692 4663 ostendens
742 4610 859 4666 haec
893 4611 969 4665 illi
1001 4612 1184 4670 dicere
1221 4616 1368 4672 visus
1399 4628 1482 4672 est
1530 4638 1546 4673 :
1599 4637 1618 4671 ι
1656 4618 1963 4687 Constanti,

392 4714 523 4754 ecce
570 4699 862 4768 Constans,
915 4703 1211 4760 multorum
1245 4722 1429 4775 regum
1460 4710 1776 4778 progenies,
1808 4726 1962 4767 meus

396 4789 539 4846 tilius
554 4799 609 4846 et
633 4793 803 4848 frater
824 4804 946 4849 tuus
969 4788 1173 4854 nefarie
1189 4809 1445 4868 necatus;
1472 4815 1645 4870 neque
1671 4801 1960 4872 imperium

393 4881 800 4951 labefactatum,
837 4902 1011 4956 neque
1054 4891 1444 4960 rempublicam
1507 4907 1751 4946 eversam
1786 4893 1959 4962 negli-

392 4986 511 5041 gas,
561 4989 739 5045 neque
769 4978 814 5033 si
868 4980 989 5048 quis
1028 4980 1120 5035 tibi
1148 4983 1405 5048 minetur,
1441 4991 1653 5038 terrore
1681 4983 1955 5053 aﬂiciaris,

391 5062 484 5118 sed
512 5064 760 5133 gloriam,
791 5085 909 5136 qua:
950 5072 1073 5127 inde
1107 5083 1157 5126 te
1197 5080 1398 5137 manet,
1428 5074 1732 5144 cuicunque
1780 5092 1957 5148 oppu-

392 5158 635 5224 gnationi
669 5176 972 5232 praeponas,
1011 5180 1186 5234 neque
1245 5164 1474 5220 inultum
1528 5165 1755 5223 fratrem
1807 5179 1957 5229 tuum

2068 4548 2303 4618 τραπεὶς
2334 4543 2473 4601 εἶδεν
2526 4547 2672 4617 ὄψιν,
2706 4548 2789 4601 ὅτι
2844 4550 2872 4601 6
2920 4550 3104 4621 πατὴρ
3147 4549 3311 4602 αὐτοῦ
3343 4550 3533 4619 ὥσπερ
3588 4551 3651 4614 ἐξ

2068 4636 2239 4706 ὕψους
2266 4636 2468 4690 κατιὼν
2497 4637 2594 4690 καὶ
2624 4638 2691 4707 τῇ
2722 4638 2867 4708 χειρὶ
2895 4638 3140 4708 κατέχων
3170 4637 3261 4691 τὸν
3284 4639 3646 4701 Κώνσταντα.

2065 4724 2125 4779 ὃν
2146 4726 2323 4778 ἀνεῖλε
2350 4725 2709 4793 Μαγνέντιος,
2730 4723 2918 4781 τοῦτον
2944 4726 3094 4796 αὐτῷ
3120 4730 3448 4797 προσφέρων
3469 4729 3649 4783 ταῦτα

2067 4814 2206 4885 πρὸς
2240 4815 2403 4867 αὐτὸν
2448 4814 2625 4867 ἐδόκει
2677 4817 2746 4868 τά
2776 4815 2999 4886 ῥήματα
3030 4815 3366 4885 φθέγγεσθαι
3386 4834 3402 4848 ·
3441 4835 3460 4867 ι
3492 4818 3647 4870 Κωντ

2072 4894 2310 4969 στάντιε,
2348 4905 2457 4959 ἰδοὺ
2491 4905 2786 4969 Κώνστανς
2810 4908 2838 4959 6
2881 4906 3091 4962 πολλῶν
3136 4907 3402 4978 βασιλέων
3444 4910 3668 4976 ἀπόγοο·

2067 5013 2178 5059 νος,
2207 4997 2235 5049 6
2265 4994 2395 5065 ἐμὸς
2427 4994 2540 5057 υίὸς
2568 4998 2666 5049 καλ⁵
2702 4996 2793 5059 σὸς
2815 4995 3064 5065 ἁδελφὸς,
3096 4999 3442 5069 τυραννικῶς
3470 5000 3647 5051 ἀπολ-

2067 5088 2298 5156 λύμενος
2324 5086 2393 5140 ⁸⁸.
2429 5086 2583 5155 Μήτε
2616 5084 2709 5140 οὖν
2736 5087 2837 5154 τὴν
2870 5086 3146 5155 βασιλείαν
3183 5088 3644 5161 διακοπτομένην,

2070 5181 2210 5250 μήτε
2251 5176 2351 5249 τὴν
2386 5176 2666 5231 πολιτείαν
2711 5177 3166 5249 ἀνατρεπομένην
3194 5179 3458 5251 περιίδῃς,
3501 5181 3646 5253 μήτε

1646 5304 1883 5363 VARUS
1924 5311 2334 5370 LECTIONES.

464 5430 510 5462 ⁸⁸
546 5430 710 5511 αὐτὸν
732 5430 878 5511 vulg.
958 5429 1131 5511 ’τί-τῇς
1157 5444 1267 5484 0m.
1300 5430 1446 5511 γυιε,
1516 5430 2191 5511 ³ἦδιαγεγενήμεθα-οοηί.
2222 5438 2284 5493 Β.
2310 5463 2334 5511 ι
2397 5438 2452 5511 '_'_
2484 5436 2841 5511 σχολάζοντος
2871 5438 3053 5511 vulg»
3127 5442 3172 5472 υ
3208 5441 3521 5511 Βετρανίων
3543 5440 3638 5505 Ν.,

391 5501 733 5573 Βρεττανίων
763 5500 911 5573 vulg.
987 5501 1036 5532 ⁸³
1067 5500 1464 5573 Βρεττανίωνος
1488 5502 1631 5573 vulg.

1735 5504 1780 5537 "‘
1815 5508 1843 5559 6
1862 5504 2165 5582 ’Νουνέχιοξ
2188 5539 2259 5548 ——
2290 5509 2380 5561 τὸν
2405 5504 2915 5582 Μαγν-έντιονεικαη
2949 5504 3291 5582 Haaeverba,
3320 5504 3445 5582 quae
3475 5504 3638 5582 vulgo

391 5585 679 5637 perperam
714 5570 854 5644 infra
879 5579 1000 5639 post
1033 5588 1154 5644 voc.
1182 5570 1559 5644 κατωρθοῦντο
1590 5570 1909 5644 legebantur
1961 5579 2015 5632 in
2050 5570 2230 5633 locum
2262 5592 2419 5633 suum
2480 5570 2697 5630 reduxit
2721 5576 2828 5641 CL,
2862 5570 3128 5644 particula
3163 5581 3257 5632 καὶ
3278 5570 3352 5633 ab
3377 5581 3535 5634 initio
3570 5570 3636 5635 ἷιι

396 5642 558 5709 tinem
587 5641 931 5709 transtiosita.

389 5704 614 5763 inclusit
637 5707 692 5759 Β.
739 5704 755 5709 ⁷
797 5712 841 5742 ¹⁹
869 5711 1197 5777 ἀπώὸμεντις
1240 5704 1474 5779 (Mill-8.

1035 5643 1079 5671 ²¹⁵
1105 5638 1312 5703 211N.,
1336 5638 1579 5718 μὴ-νυιές.
1646 5638 1729 5676 ’³⁵
1764 5648 2017 5718 πολέμοις
2054 5648 2138 5713 Β.,
2171 5649 2445 5718 πολεμίοις
2482 5646 2624 5714 vulg.

2702 5647 2744 5677 "
2786 5647 2953 5700 αὐτοῦ
2987 5650 3130 5719 conj.
3164 5648 3223 5703 Β.
3306 5650 3352 5681 ’⁸
3377 5651 3452 5714 ὡς
3480 5653 3639 5707 uncis
