4050 6420
443 307 559 369 ὒῖ3
1265 307 1364 366 DE
1407 306 1972 366 LEGATIONIBUS
2012 305 2364 366 GENTIUM
2407 307 2504 363 AD
2531 306 2906 368 ROMANOS.
3582 309 3688 374 6Ίᾶ

441 418 751 486 εὐλαϐηθῇς
773 417 1026 484 ἀπειλὰς,
1058 418 1194 472 ἀλλὰ
1228 421 1328 489 τὴν
1356 419 1606 473 ἐντεῦθεν
1629 419 1896 490 ἐσομένην
1929 438 2010 474 σοι

2083 464 2087 480 ,
2120 420 2418 489 relinquas.
2454 437 2472 472 ι
2511 419 2622 475 lloc
2644 429 2860 475 ostento
2894 421 3032 487 viso,
3074 429 3156 475 est
3185 424 3596 495 expergefactus
3627 438 3682 482 et

433 512 596 575 δόξαν
648 511 828 578 πάσης
866 510 1145 573 ἐκϐάσεως
1189 512 1570 582 προτίμησον.
1626 513 1719 564 καὶ
1765 512 1840 582 μὴ
1895 513 2010 582 ῐδῃς

1895 513 2010 582 (an;
2122 511 2326 579 legatos
2361 521 2559 581 prmter
2590 511 2862 566 Bullinum
2899 513 2950 565 in
2981 512 3192 566 vincula
3220 514 3469 582 coniecit.

433 604 788 673 ἀνεκδίκητον
817 602 1066 670 ἀδελφόν.
1106 622 1123 654 ι
1167 605 1324 658 Μετά
1349 606 1553 678 ταύτην
1580 606 1680 674 τὴν
1707 606 1832 676 ὄψιν
1875 603 2234 674 ἁφυπνισθεῖς
2268 606 2295 658 ὁ
2371 606 2774 671 Κωνστάντιος,
2824 604 2934 659 τῶν
2968 603 3256 677 πρέσϐεων
3323 607 3460 677 πλὴν
3538 609 3687 664 Ῥου-

428 697 584 765 φίνου
620 695 836 764 φυλακῇ
865 695 1390 762 παραδοθέντων.....
3291 699 3371 776 κ)

502 786 584 842 ιε’.
618 789 740 839 Ὀτι
789 787 886 839 ἐπὶ
929 789 1340 842 Κωνσταντίνου
1365 789 1625 860 πρέσϐεις
1668 785 1834 862 ἦλθον
1870 793 2008 860 Περι

2193 785 2280 838 15.
2301 783 2388 851 (Α.
2406 782 2471 837 C.
2496 782 2621 847 558,
2637 782 2827 837 Const.
2847 783 2942 848 22,
2973 781 3082 836 .ΙυΙ.
3104 783 3165 838 C.
3188 782 3266 850 4.)
3290 781 3404 838 Sub
3426 785 3691 842 Constan-

430 878 564 931 σῶν.
603 876 663 929 '0
694 877 752 928 δὲ
780 876 881 947 τῆς
899 876 1199 945 πρεσϐείας
1233 877 1456 948 ἡγεμὼν
1486 879 1713 950 Ναρσῆς
1739 881 1801 932 τὸ
1828 883 2005 951 τραχὺ

2119 877 2192 930 tio
2227 876 2385 945 legati
2419 890 2451 933 a
2483 874 2662 929 Persis
2695 890 2916 938 venere,
2948 875 3100 942 cujus
3130 874 3413 944 legationis
3444 877 3691 948 princeps

425 969 539 1024 τῶν
571 965 917 1038 γραμμάτων
949 961 1024 1020 ὧν
1056 969 1358 1038 ἐπεφέρετο
1388 971 1452 1038 τῇ
1483 968 1592 1023 τῶν
1630 969 1846 1023 οἰκείων
1874 973 2008 1040 ἠμε-

2117 967 2315 1021 Narses
2355 967 2704 1035 asperitatem
2753 967 3082 1032 litterarum,
3121 982 3255 1037 quas
3289 967 3574 1034 afferebat,
3611 970 3690 1023 le-

428 1061 621 1130 ρότητι
670 1057 892 1128 τρόπων
951 1057 1320 1129 συγκεράσας,
1358 1058 1528 1112 ἔδωκε
1573 1060 1710 1130 πρὸς
1762 1061 2008 1130 ἀνάγνω-

2117 1064 2287 1116 nitate
2313 1077 2526 1116 morum
2562 1077 2785 1117 suorum
2830 1062 3175 1130 temperavit,
3207 1077 3406 1132 easque
3444 1064 3693 1134 legendas

431 1168 540 1206 σιν.

2116 1153 2360 1206 tradidit.

502 1249 602 1306 ις’.
641 1242 763 1294 Ὅτι
787 1241 837 1293 οἰ
863 1238 1139 1311 Βάρϐαροι
1173 1241 1267 1294 ἐπὶ
1310 1241 1597 1295 Ἰουλιανοῦ
1616 1244 1709 1298 τοῦ
1743 1244 2005 1312 Παραϐά-

2189 1243 2276 1299 16.
2300 1243 2519 1298 Barbari
2541 1244 2642 1298 sub
2665 1244 2878 1300 Jnliano
2909 1247 3166 1314 Apostata
3193 1261 3376 1314 pacem
3400 1246 3688 1315 petierunt,

417 1351 523 1388 του
547 1333 771 1402 εἰρήνην
797 1330 959 1400 ᾔτουν
979 1346 994 1361 '
1027 1334 1054 1384 ὁ
1075 1333 1131 1385 δὲ
1154 1328 1317 1401 ἦλθεν
1338 1336 1418 1397 εἰς
1439 1335 1500 1386 τὸ
1532 1336 1858 1387 σπείσασθαι
1901 1337 2002 1387 αὑ-

2113 1334 2202 1389 illc
2231 1349 2358 1388 vero
2393 1335 2670 1404 profectus
2698 1348 2804 1404 est,
2852 1347 2909 1391 ut
2955 1353 3074 1392 cum
3122 1339 3225 1392 illis
3260 1338 3606 1406 transigeret,
3638 1348 3693 1391 et

424 1429 561 1488 τοῖς,
593 1425 686 1477 καὶ
704 1423 889 1493 ἐζήτει
905 1424 1147 1493 ὁμήρους
1176 1425 1380 1479 λαϐεῖν.
1402 1427 1468 1478 Οἱ
1487 1427 1541 1478 δὲ
1559 1426 1831 1496 Βάρϐαροι
1865 1429 2006 1478 πάνυ

2113 1432 2330 1485 obsides
2356 1433 2456 1486 sibi
2489 1433 2601 1485 dari
2634 1432 2810 1500 petiit.
2842 1432 3060 1487 Barbari
3107 1432 3520 1500 responderunt,
3552 1429 3691 1484 mul-

428 1516 660 1578 πολλοὺς
717 1515 906 1581 ἔλεγον
961 1513 1106 1583 ἔχειν
1133 1515 1178 1546 ³ο
1203 1515 1442 1586 πολέμῳ,
1470 1516 1583 1568 ἀλλ’
1606 1517 1666 1568 οὑ
1707 1516 1838 1586 παρ’
1868 1517 2012 1569 ὲκείε-

2117 1529 2202 1573 tos
2248 1520 2359 1587 jam
2408 1522 2458 1573 in
2504 1519 2621 1587 ejus
2655 1529 2918 1589 potestate
2963 1536 3106 1574 esse.
3147 1519 3282 1574 Tum
3320 1520 3410 1574 ille
3439 1520 3535 1574 bos
3567 1518 3689 1573 belli

433 1626 538 1660 νων
571 1605 890 1674 δεδομένους
909 1621 923 1636 ·
957 1605 1054 1658 νῦν
1083 1607 1138 1658 δὲ
1196 1607 1377 1676 ζητεῖν
1427 1608 1650 1677 εἰρήνης
1680 1607 1932 1677 ἐνέχυρα,
1963 1607 2015 1659 εἴ

2110 1611 2254 1677 jure,
2304 1627 2408 1664 non
2447 1612 2513 1664 ab
2554 1611 2683 1679 ipsis
2731 1611 2956 1665 traditos
2984 1611 3182 1664 habere
3225 1625 3286 1664 se
3327 1611 3499 1674 dixit;
3547 1623 3691 1662 nunc

439 1717 576 1762 τινες
609 1694 722 1752 εἷεν
757 1698 892 1769 πρὸς
925 1698 1085 1751 τοῦτο
1109 1699 1239 1768 παρ’
1269 1699 1451 1763 αὐτοῖς
1485 1700 1800 1770 ἐπιτήδειοι.
1841 1699 2012 1752 Ἐκεί-

2116 1718 2365 1770 qumrere
2391 1706 2544 1772 pacis
2561 1705 2820 1772 pignora:
2853 1703 3116 1766 viderent,
3142 1702 3186 1756 si
3215 1703 3303 1770 qui
3333 1711 3516 1755 essent
3550 1701 3689 1768 apud

437 1809 538 1843 νων
565 1791 621 1842 δὲ
650 1789 804 1842 οὐδὲν
857 1789 1309 1860 ἀπαρνουμένὼν,
1334 1789 1472 1844 ἀλλὰ
1523 1790 1717 1844 δώσειν
1762 1790 2012 1845 συντιθε-

2117 1792 2263 1862 ipsOs
2288 1793 2416 1847 huic
2445 1793 2518 1846 rei
2556 1793 2665 1863 apti
2695 1802 2747 1847 et
2777 1793 2976 1847 idonei.
3025 1792 3161 1846 Cum
3192 1791 3324 1845 nihil
3369 1791 3690 1850 abnuerent,

433 1881 612 1951 μένων
641 1879 734 1942 οὓς
786 1878 851 1932 ἂν
895 1879 1056 1942 αὐτὸς
1096 1880 1418 1946 ὲπιλέξοιτο,
1466 1881 1558 1934 τὸν
1596 1881 1692 1934 τοῦ
1747 1880 2012 1952 βασιλέως

2117 1883 2209 1934 sed
2245 1883 2464 1934 daturos
2501 1897 2561 1936 se
2614 1883 3008 1950 promitterent,
3041 1895 3179 1949 quos
3224 1879 3496 1948 elegisset,
3551 1878 3694 1946 regis

428 1973 545 2024 υἱὸν
569 1972 724 2041 ἠξίου
757 1971 945 2024 λαϐεῖν
1007 1970 1082 2033 ὡς
1131 1971 1252 2022 ἀντὶ
1284 1971 1496 2024 πολλῶν
1529 1972 1690 2042 μόνον
1713 1971 2011 2042 ἀρκοῦντα,

2111 1971 2277 2024 lilium
2302 1973 2496 2039 poscit,
2525 1987 2683 2040 quem
2711 1987 2875 2024 unum
2913 1985 3010 2040 pro
3041 1970 3221 2024 multis
3261 1970 3504 2024 obsidem
3551 1969 3693 2024 deti-

434 2065 495 2115 ὃν
531 2060 673 2133 εἶχεν
722 2064 1090 2133 αἰχμάλωτον.
1125 2063 1192 2116 Oi.
1237 2063 1294 2116 δὲ
1330 2063 1607 2135 Βάρϐαροι
1633 2065 1734 2135 ἤδη
1761 2065 2014 2118 τεθνάναι

2113 2067 2294 2122 neret;
2349 2059 2394 2112 is
2430 2068 2608 2112 autem
2640 2060 2749 2126 jam
2803 2062 2946 2113 inter
2974 2060 3216 2127 captivos
3245 2074 3276 2114 a
3305 2059 3562 2112 Romanis
3591 2073 3691 2113 cu-

430 2155 598 2207 αὑτὸν
647 2153 1143 2222 ὑπολαμϐάνοντες,
1211 2154 1350 2223 μετὰ
1395 2153 1489 2206 τοῦ
1553 2154 1704 2224 σφῶν
1747 2153 2013 2223 βασιλέως

2117 2148 2473 2202 stodiebatnr.
2495 2148 2600 2202 Sed
2620 2148 2840 2203 Barbari
2863 2150 3033 2216 ipsum
3053 2149 3278 2218 periisse
3295 2149 3691 2212 existimantes,

429 2245 751 2314 ὀδυρόμενοί
784 2263 843 2297 τε
875 2245 973 2298 καὶ
1009 2246 1308 2311 στένοντες,
1355 2245 1564 2298 ἐδέοντο
1607 2244 1700 2298 τοῦ
1734 2247 2011 2314 Καίσαρος

2120 2241 2186 2292 ad
2216 2241 2414 2294 lnctnnt
2445 2253 2498 2294 et
2524 2255 2812 2296 mcerorem
2858 2257 2960 2295 una
2985 2257 3107 2296 cum
3141 2256 3266 2310 rege
3292 2241 3561 2304 conversi,
3593 2241 3691 2294 ob-

431 2337 672 2389 ὰδύνατα
700 2336 775 2406 μὴ
810 2336 1013 2407 ζητεῖν,
1045 2336 1383 2390 ἀπαιτοῦντα
1416 2338 1540 2400 τοὺς
1572 2339 1673 2408 ἤδη
1705 2337 2011 2401 τεθνεῶτας

2121 2334 2301 2386 testati
2335 2343 2460 2386 sunt
2480 2333 2774 2396 Caesarem,
2807 2348 2873 2388 ne
2899 2349 2928 2386 a
2954 2348 3014 2387 se
3033 2347 3118 2396 ea,
3144 2347 3264 2400 quae
3292 2340 3545 2400 prmstarc
3583 2346 3691 2384 non

430 2428 674 2496 ὁμήρους
698 2443 712 2457 °
747 2426 905 2480 τοῦτο
939 2427 996 2480 δὲ
1036 2430 1333 2496 τεκμήριον
1365 2427 1502 2483 εἶναι
1532 2429 1625 2482 τοῦ
1657 2429 1890 2493 σπονδὰς
1918 2429 2014 2483 αὑ-

2123 2432 2360 2490 possent,
2391 2432 2600 2490 peteret
2642 2439 2656 2476 :
2694 2423 2838 2489 quod
2890 2422 3114 2487 faceret,
3159 2436 3427 2488 cumcos,
3461 2423 3552 2489 qui
3579 2421 3691 2490 jam

433 2518 529 2568 τὸν
564 2518 641 2587 μὴ
675 2516 880 2571 ἐθέλειν
919 2517 1273 2588 ποιήσασθαι.

2123 2511 2234 2564 fato
2258 2510 2427 2564 functi
2463 2521 2641 2575 erant,
2672 2513 2784 2567 sibi
2827 2513 2941 2565 dari
2975 2512 3293 2580 postularet,
3325 2526 3432 2580 quo
3467 2512 3602 2566 satis
3635 2528 3692 2565 se

2122 2603 2328 2658 fwdera
2361 2603 2542 2659 facere
2571 2606 2709 2660 nolle
2734 2606 3017 2658 indicaret.

3125 2755 3630 2765 -.-.-———_—_——-‘r
3643 2751 3688 2765 α

2918 2756 3118 2765 --

444 2763 748 2776 -—-——--———-

1746 2881 1840 2934 EK
1880 2881 2016 2934 ΤΩΝ
2060 2881 2381 2934 ΙΣΤΟΡΙΩΝ

1211 3045 1902 3179 ΠΕΤΡΟΥ
1987 3044 2933 3181 ΠΑΤΡΙΚΙΟΥ

1468 3271 1745 3380 ΚΑΙ
1800 3270 2670 3387 ΜΑΓΙΣΤΡΟΥ

608 3481 1099 3570 ΕΚΛΟΓΑΙ
1173 3478 1432 3566 ΠΕΡΙ
1489 3477 2067 3564 ΠΡΕΣΒΕΩΝ
2143 3451 2530 3566 ΕΘΝὩΝ
2591 3481 2880 3566 ΠΡΟΣ
2958 3483 3549 3570 ΡΩΜΑΙΟΩΣ.

1789 3781 1899 3843 EX
1951 3783 2343 3847 HISTORIA

492 3959 1108 4111 PETRI
1221 3951 2137 4110 PATRICII
2264 3959 2522 4111 ET
2653 3958 3640 4116 MAG-ISTRI

1853 4205 2287 4268 EXCERPTA

730 4372 876 4458 DE
964 4367 1862 4460 LEGATIONIBUS
1937 4369 2492 4463 GENTIUM
2572 4375 2723 4460 AD
2799 4372 3404 4465 ROMANOS.

497 4666 856 4727 Ancuuanruu.
877 4663 1251 4727 —Valerianus
1290 4665 1465 4727 frustra
1500 4680 1525 4713 a
1561 4665 1746 4726 Sapore
1789 4677 1956 4727 pacem
1989 4661 2117 4725 petit
2147 4664 2163 4726 ξ
2173 4664 2238 4725 1).
2270 4663 2482 4727 Sapores
2515 4663 2761 4727 Odenathl
2792 4663 2983 4727 legatos
3025 4672 3078 4716 et
3114 4665 3240 4714 dona
3266 4664 3482 4726 superbe
3529 4664 3685 4714 remit-

435 4731 493 4778 tit
541 4729 631 4790 t2).
667 4726 990 4775 Conditiones
1024 4729 1158 4787 pacis
1200 4725 1336 4776 inter
1367 4723 1731 4777 Diocletianum
1765 4723 1817 4775 et
1849 4723 2102 4775 Narsaeum
2144 4723 2427 4787 compositae
2469 4725 2567 4780 t5).

507 4978 578 5025 α’.
611 4971 734 5024 ’Ὁτι
787 4969 1117 5040 Βαλεριανὸς
1174 4971 1499 5043 εὐλαϐηθεὶς
1525 4974 1626 5044 τὴν
1683 4972 1874 5041 ἔφοδον
1908 4973 2016 5027 τῶν

2199 4971 2310 5042 29
2349 4973 2398 5025 l.
2438 4971 2527 5042 (A.
2563 4969 2628 5026 C.
2668 4969 2794 5037 260,
2835 4971 3014 5026 Valer.
3054 4970 3134 5042 8.)
3168 4969 3509 5036 Valerianus,
3571 4983 3638 5024 ne
3671 4984 3700 5022 a

436 5061 664 5134 Περσῶν
691 5062 945 5132 (ὲλίμωξε
975 5064 1084 5134 γὰρ
1112 5063 1173 5117 τὸ
1195 5065 1513 5136 στράτευμα
1539 5065 1730 5131 αὑτοῦ,
1761 5067 1856 5120 καὶ
1886 5066 2018 5136 μᾶλ-

2123 5057 2306 5114 Persis
2347 5067 2752 5127 oppugnaretur
2803 5059 2998 5114 timens
3033 5059 3198 5130 (fame
3229 5061 3374 5114 enim
3406 5059 3526 5130 ejus
3554 5074 3705 5113 exer-

433 5154 526 5208 λον
576 5155 626 5206 οἰ
674 5152 1034 5224 Μαυρούσιοι)
1067 5195 1082 5219 ,
1140 5155 1364 5225 χρυσίον
1423 5155 1631 5225 ἄφατον
1693 5155 2018 5226 συναγαγὼν

2121 5152 2262 5209 citus
2289 5149 2661 5219 laborabat,fet
2688 5152 2922 5208 maxime
2943 5152 3246 5223 Maurusii),
3277 5155 3547 5223 ingentem
3582 5155 3697 5206 auri

437 5245 650 5314 έπεμψε
672 5244 934 5330 πρέσϐεις
990 5245 1127 5316 πρὸς
1180 5247 1474 5320 Σαπὼρην,
1506 5250 1600 5302 ἐπὶ
1632 5250 1898 5319 μεγάλαις
1926 5249 2016 5302 δό-

2120 5243 2225 5297 vim
2268 5242 2636 5307 accumulans,
2671 5244 2813 5298 misit
2843 5244 3048 5315 legatos
3089 5246 3154 5300 ad
3194 5245 3476 5313 Saporem,
3504 5253 3558 5298 et
3583 5259 3699 5297 ma-

437 5353 556 5389 σεσι
606 5338 696 5389 τὸν
741 5336 975 5407 πόλεμον
1021 5339 1328 5394 καταλῦσαι
1374 5339 1714 5411 βουλόμενος.
1753 5341 1812 5394 '0
1851 5341 1906 5394 δὲ
1946 5341 2018 5396 τά

2121 5335 2240 5405 guis
2275 5335 2652 5405 largitionibus
2680 5336 2876 5391 bellum
2921 5338 3128 5392 solvere
3159 5337 3346 5392 voluit.
3385 5337 3490 5390 Sed
3525 5334 3699 5403 Sapo—

436 5443 496 5480 τε
534 5425 666 5496 περὶ
697 5424 792 5478 τοῦ
818 5427 980 5498 λιμοῦ
1008 5428 1217 5499 μαθὼν,
1256 5433 1323 5500 τῇ
1371 5447 1432 5483 τε
1470 5431 1819 5502 παρακλήσει
1849 5430 2014 5483 Βαλε-

2124 5444 2211 5485 res
2253 5430 2444 5499 inepize
2490 5428 2852 5484 Romanorum
2907 5431 3048 5486 haud
3091 5430 3314 5498 ignarus
3350 5439 3406 5484 et
3447 5426 3698 5497 precibus

1729 5544 1960 5600 VARUE
1998 5545 2409 5604 LECTIONES.

523 5639 568 5670 ³ο
600 5639 764 5709 ἔχειν.
798 5639 1024 5713 πολέμῳ
1051 5638 1156 5713 μὲν
1184 5637 1308 5713 ἔφη3
1337 5638 1450 5713 ,ἀλλ
1505 5637 1821 5713 βοιβξοηιιὰ.
1862 5639 2073 5712 Eunap.
2102 5658 2139 5708 ι,
2169 5657 2223 5712 p.
2253 5641 2381 5710 459,
2410 5672 2479 5682 —
2510 5641 2656 5713 ἔχειν
2715 5640 2876 5696 αὑτὸν
2904 5633 3306 5707 αἰχμαλώτους.
3339 5633 3434 5687 καὶ
3488 5631 3695 5695 ἐκεῖνος

443 5707 772 5780 ἀπεκρίνατο
799 5707 1022 5771 τούτους
1045 5710 1192 5777 ἔχειν
1223 5707 1465 5778 πολέμῳ,
1497 5707 1611 5762 ἀλλ’
1642 5707 1707 5762 Ν.
