4050 6430
400 306 509 369 675

1392 306 1787 367 EXCERPTA
1828 307 1931 365 EX
1960 306 2206 366 PETRO
2248 309 2609 369 PATRlClO

3556 306 3659 368 076

407 416 679 471 Valeriani
716 423 911 479 matus,
944 413 1151 484 legatos
1177 414 1420 481 distinet,
1456 416 1649 470 deinde
1695 430 1757 469 re
1789 412 1979 469 infecta

2089 416 2274 485 ριανοῦ
2332 417 2491 471 πλέον
2532 417 2828 489 ἐπαρθεὶς,
2875 418 2997 480 τοὺς
3057 416 3317 485 τρέσϐεις
3384 416 3644 484 παρελκό-

406 510 651 573 dimittit,
680 523 885 576 eosque
908 506 1278 576 subsequitur.

475 690 532 743 2.
560 688 648 759 (A.
670 687 884 752 0261,
917 686 1055 742 Gali.
1088 685 1166 754 9.)
1196 684 1512 740 Odenathus
1547 684 1827 752 Saporem,
1858 694 1982 738 tan-

405 797 566 852 quam
601 780 759 850 longe
785 778 1047 834 Romanis
1067 777 1518 846 praestantiorem.
1549 776 1781 829 multum
1815 775 1983 830 coluit

405 886 459 928 et
500 871 833 933 observavit,
863 878 917 923 et
950 870 1176 936 cupiens
1219 883 1342 922 eum
1374 867 1476 922 sibi
1504 866 1813 932 devincere,
1847 866 1983 920 dona

406 963 691 1032 magniﬁca
716 959 939 1016 camelis
980 959 1264 1027 imponens
1294 972 1479 1012 earum
1519 972 1725 1022 rerum,
1755 971 1983 1026 quarum

403 1053 587 1108 Persis
633 1067 735 1107 non
775 1061 893 1107 erat
932 1049 1107 1115 ferax,
1152 1048 1222 1104 ad
1252 1063 1375 1103 eum
1411 1048 1576 1102 mittit
1607 1062 1732 1102 cum
1765 1046 1986 1111 litteris,

404 1146 600 1214 quibus
626 1157 747 1196 cum
782 1141 964 1196 multis
1006 1141 1260 1211 precibus
1292 1155 1353 1195 se
1400 1138 1534 1193 nihil
1578 1152 1813 1207 unquam
1852 1152 1985 1192 con-

406 1236 633 1290 trarium
659 1233 946 1288 Persarum
978 1231 1278 1287 rationibus
1331 1232 1523 1286 fecisse
1559 1230 1879 1285 testabatur.
1915 1228 1987 1282 At

422 1325 513 1379 ille
532 1324 696 1392 jussit
726 1339 910 1378 servos
938 1338 1082 1388 suos,
1118 1333 1401 1391 postquam
1433 1320 1767 1391 recepissent
1790 1333 1985 1373 mune-

399 1431 487 1481 ra,
518 1430 580 1471 ea
615 1416 668 1470 in
696 1417 1004 1486 proximum
1026 1414 1279 1470 liuentem
1307 1413 1595 1485 projicere,
1620 1424 1676 1468 et
1701 1412 1814 1480 ejus
1840 1411 1984 1466 litte-

402 1520 492 1561 ras
509 1506 774 1560 laceratas
792 1506 1029 1573 pedibus
1047 1503 1393 1559 conculcare.
1418 1502 1545 1557 Haec
1568 1516 1782 1571 quoque
1812 1499 1987 1571 palam

401 1596 631 1667 protulit
660 1613 675 1650 :
707 1615 725 1648 ι
766 1594 901 1662 Quis
921 1604 977 1651 et
1007 1594 1148 1649 unde
1183 1594 1287 1649 iste
1324 1599 1426 1657 est,
1448 1591 1541 1661 qui
1567 1605 1635 1645 eo
1665 1589 1989 1645 temeritatis

402 1689 642 1752 devenit,
665 1686 1016 1742 ntaudeatad
1046 1700 1209 1741 suum
1241 1683 1521 1741 dominum
1550 1681 1809 1738 scribere.
1835 1678 1986 1734 Nunc

2084 524 2184 569 σας
2207 507 2275 573 ³¹,
2308 508 2627 578 ἀπράκτους
2679 510 2878 571 αὐτοὺς
2925 507 3223 572 ἀπολύσας,
3257 507 3414 569 εὐθὺς,
3454 511 3643 578 ἐπηκο-

2080 599 2364 669 λούοησεν.

2156 692 2221 760 β’.
2260 690 2382 742 Ὅτι
2423 690 2705 754 Ὀδέναθος
2726 691 2878 760 .(8)³³
2902 691 2994 744 τὸν
3016 691 3287 761 Σαπώρην
3306 690 3437 744 πολὺ
3462 690 3550 743 ὲθε
3561 691 3657 761 ρά-

2083 798 2249 834 πευεν
2276 782 2355 849 ὡς
2384 782 2802 853 ὑπερϐεϐηκότα
2831 783 2973 836 κατά
3012 782 3145 835 πολὺ
3167 782 3296 845 τοὺς
3328 782 3657 850 Ῥωμαίους.

2082 872 2415 943 Βουλόμενος
2458 871 2519 925 δὲ
2579 872 2741 925 αὐτὸν
2788 873 3199 942 ὑπαγαγέσθαι,
3260 872 3468 941 πέμπει
3508 872 3661 941 δῶρα

2087 964 2480 1033 μεγαλοπρεπῆ
2526 966 2624 1018 καὶ
2656 956 2794 1018 ἄλλα
2834 963 3115 1032 ἀγώγιμα,
3147 960 3220 1016 ὢν
3263 967 3296 1033 ἡ
3330 964 3533 1033 Περσὶς
3560 964 3659 1016 οὐκ

2081 1048 2151 1124 ἦν
2180 1052 2430 1122 εὔφορος,
2462 1054 2730 1123 καμήλοις
2768 1053 2995 1121 ἐπιθείς.
3032 1054 3147 1106 Καὶ
3185 1054 3490 1124 γράμματα
3520 1055 3655 1122 πέμ-

2085 1162 2178 1198 πει
2207 1146 2443 1215 δεήσεως
2472 1145 2702 1215 δύναμιν
2752 1145 2968 1215 ἔχοντα,
2996 1146 3090 1198 καὶ
3125 1146 3206 1198 ὅτι
3244 1146 3398 1198 οὐδὲν
3423 1146 3663 1215 Πέρσαις

2085 1236 2410 1291 ὑπεναντίον
2465 1236 2628 1300 αὐτὸς
2675 1238 2993 1308 είργάσατο.
3063 1239 3123 1291 '0
3173 1237 3232 1290 δὲ
3276 1238 3402 1301 τοὺς
3436 1239 3662 1303 οἰκέτας

2092 1331 2370 1383 ὑπέτασσε
2401 1328 2731 1399 δεξαμένους
2754 1329 2823 1383 τά
2862 1328 3009 1399 δῶρα
3037 1329 3250 1400 ῥίπτειν
3270 1331 3349 1392 εἰς
3371 1330 3460 1397 τὸν
3491 1347 3662 1383 ποτα-

2086 1419 2215 1487 μὸν,
2255 1419 2353 1470 καὶ
2406 1420 2505 1481 τὰς
2554 1418 2844 1481 tnta-"r01ch
2871 1417 3169 1489 διαρρήξας
3218 1418 3524 1487 συνέτριψε,
3565 1419 3664 1471 καὶ

2085 1509 2322 1580 ἐδήλωσε
2353 1526 2366 1540 ·
2404 1527 2423 1560 ι
2457 1509 2555 1573 Τίς
2597 1508 2675 1562 ὢν
2723 1511 2820 1562 καὶ
2852 1511 3018 1562 πόθεν
3052 1508 3317 1578 ἐτόλμησε
3377 1509 3512 1578 πρὸς
3568 1509 3664 1561 τὸν

2085 1601 2284 1663 οἰκεῖον
2312 1599 2581 1667 δεσπότην
2606 1600 2817 1671 γράψαι
2842 1617 2857 1667 ;
2916 1600 3011 1653 atat“.
3055 1598 3151 1654 νῦν
3175 1601 3225 1652 εί
3257 1598 3504 1668 βούλεται
3530 1600 3662 1652 ἐλα-

2086 1691 2358 1761 φροτέρας
2391 1690 2667 1756 κολάσεως
2696 1696 2899 1763 τυχεῖν,
2928 1690 3106 1746 ὀπίσω
3149 1691 3249 1765 τὰς
3278 1693 3467 1760 χεῖρας
3493 1691 3665 1760 δήσας

402 1781 449 1835 si
469 1780 598 1834 velit
620 1778 805 1833 leviori
827 1792 984 1847 paena
1014 1776 1174 1841 allici,
1202 1775 1450 1831 manibus
1473 1789 1504 1829 a
1529 1782 1681 1843 tergo
1702 1773 1979 1837 revinctis,

2086 1782 2464 1853 προσπεσέτω.
2516 1784 2580 1836 Ei
2636 1785 2694 1837 δὲ
2727 1785 2829 1854 μὴ,
2872 1786 3007 1838 ῐστω
3032 1782 3111 1846 ὡς
3138 1786 3231 1837 καὶ
3255 1782 3418 1837 αὐτὸν
3450 1785 3545 1837 καὶ
3600 1784 3662 1836 τὸ

399 1877 712 1940 prosternat
735 1882 793 1922 se
817 1875 941 1921 ante
966 1880 1072 1920 me.
1093 1866 1159 1920 .Si
1185 1879 1289 1922 non
1332 1863 1527 1930 faciat,
1556 1864 1693 1919 sciat
1723 1878 1807 1918 me
1829 1863 1977 1918 illum

396 1970 459 2014 et
476 1972 642 2014 omne
688 1958 804 2028 ejus
834 1972 1003 2027 genus
1029 1958 1364 2025 perditarum
1393 1965 1451 2011 et
1492 1954 1905 2010 exstincturum.
1954 1972 1974 2005 ι

473 2051 527 2104 5.
561 2048 647 2118 (A.
678 2050 743 2103 C.
765 2048 946 2104 .Diocl.
977 2049 1090 2119 N.)
1121 2048 1370 2104 Galerius
1405 2056 1462 2102 et
1483 2046 1852 2107 Diocletianus
1884 2045 1979 2101 Ni—

294 2196 305 2209 ,
401 2143 504 2199 sibi
536 2152 926 2198 cenvenerunt.
948 2142 1023 2197 lbi
1050 2142 1449 2197 communicato
1475 2140 1726 2206 consilio,
1760 2140 1980 2195 mittunt

398 2234 633 2305 legatum
661 2234 716 2289 in
757 2234 1030 2291 Persidem
1080 2231 1349 2288 Sicorinm
1379 2232 1635 2296 Probum,
1665 2230 1978 2302 magistrum

400 2328 694 2382 memoriae.
750 2326 904 2381 Hunc
949 2323 1223 2389 Narsaans,
1281 2324 1404 2394 quia
1450 2338 1518 2379 ex
1570 2324 1676 2389 bis,
1722 2338 1842 2393 quas
1877 2321 1980 2377 sibi

399 2419 645 2473 nuntiata
708 2417 947 2484 fuerant,
994 2431 1143 2486 spem
1193 2430 1255 2471 se
1313 2424 1497 2484 optata
1561 2422 1977 2471 consecuturum

398 2516 744 2578 conceperat,
796 2510 1026 2578 benigne
1062 2518 1119 2561 et
1161 2507 1391 2561 comiter
1418 2506 1650 2574 excepit.
1699 2506 1872 2559 Antea
1901 2512 1981 2557 ta-

362 2610 523 2650 ‘men
555 2595 749 2651 callide
800 2610 979 2651 moras
1026 2593 1306 2649 nectebat.
1346 2593 1479 2648 Cum
1526 2592 1674 2646 enim
1707 2600 1977 2662 speraret,

398 2699 459 2739 se
499 2685 702 2755 legatos
732 2684 892 2756 longo
924 2685 1119 2739 itinere
1144 2683 1317 2739 fessos
1357 2681 1570 2738 facilius
1594 2682 1696 2737 sibi
1724 2681 1979 2737 concilia-

399 2788 580 2830 turum
606 2790 752 2841 esse,
796 2790 862 2831 eo
893 2791 1065 2845 usque
1107 2775 1399 2841 Sicorium,
1435 2775 1525 2843 qui
1560 2773 1772 2828 consilii
1813 2772 1979 2842 ipsius

398 2880 505 2919 non
545 2865 764 2936 ignarus
797 2873 936 2930 erat,
978 2864 1123 2919 circa
1159 2865 1488 2933 Asprudnm,
1518 2862 1709 2918 Media:
1734 2863 1978 2927 ﬂuvium,

399 2956 652 3021 detinuit,
685 2957 858 3011 donec
897 2956 1116 3022 milites,
1143 2958 1234 3026 qui
1273 2956 1360 3011 hic
1392 2956 1502 3010 iilic
1528 2971 1625 3026 per
1655 2956 1852 3011 bellum
1898 2955 1982 3009 di-

399 3047 573 3114 spersi
600 3044 898 3129 erant,3o
913 3047 1312 3102 convenissent.
1333 3046 1469 3101 Tum
1492 3047 1548 3102 in
1576 3047 1816 3102 interiori
1849 3061 1979 3102 con-

2085 1874 2241 1942 γένος
2262 1876 2361 1928 καὶ
2390 1874 2487 1945 τὴν
2520 1875 2755 1946 πατρίδα
2784 1874 2991 1931 ἀπολῶ.
3017 1892 3041 1927 ι

2157 2050 2227 2121 γ’.
2256 2052 2380 2108 ’Ὁτι
2427 2051 2686 2123 Γαλέριος
2729 2054 2825 2109 καὶ
2882 2054 3269 2124 Διοκλητιανὸς
3320 2055 3401 2119 είς
3444 2056 3663 2109 Νίσιϐιν

2086 2146 2370 2215 συνῆλθον,
2406 2146 2540 2200 ἔνθα
2569 2150 2721 2218 κοινῇ
2746 2147 3174 2219 βουλευσάμενοι
3225 2148 3534 2203 στέλλουσιν
3582 2152 3663 2213 εἰς

2088 2234 2324 2305 Περσίδα
2336 2235 2682 2307 πρεσϐευτὴν
2700 2236 2943 2307 Σικόριον
2968 2238 3176 2308 Πρόϐον
3199 2240 3352 2306 ἀντιγ
3362 2241 3541 2308 ραφέα
3562 2241 3666 2308 τῆς

2090 2330 2328 2399 μνήμης.
2359 2327 2559 2382 Τοῦτον
2606 2333 2634 2382 ὁ
2675 2329 2952 2401 Ναρσαίος
2978 2332 3043 2400 τῇ
3070 2330 3178 2384 τῶν
3214 2330 3664 2399 ὲπαγγελθέντων

2084 2418 2260 2473 ἐλπίδι
2285 2419 2623 2490 φιλοφρόνως
2676 2421 2916 2484 ἐδέξατο.
2951 2421 3165 2491 Χρῆται
3191 2421 3250 2476 δὲ
3275 2424 3368 2475 καί
3393 2439 3499 2475 τινι
3525 2425 3663 2475 ἀνα-

2087 2509 2217 2578 ϐολῇ
2270 2511 2298 2562 ὁ
2355 2510 2651 2578 Ναρσαῖος.
2692 2510 2809 2586 Ὠς
2835 2510 2945 2579 γὰρ
2985 2509 3310 2580 βουλόμενος
3346 2511 3505 2581 δῆθεν
3536 2512 3665 2576 τοὺς

2087 2603 2217 2672 περὶ
2242 2601 2490 2671 Σικόριον
2525 2600 2809 2672 πρέσϐεις,
2841 2597 2928 2655 οἷα
2956 2602 3020 2672 δὴ
3057 2603 3498 2672 κεκοπωμένους,
3532 2605 3666 2657 ἀνα·

2087 2692 2427 2761 κτήσασθαι,
2481 2693 2645 2763 μέχρι
2697 2692 2950 2746 τοσοῦτον
3011 2694 3141 2763 περὶ
3186 2694 3278 2746 τὸν
3340 2694 3664 2766 ’Δσπροῦδιν

2087 2781 2333 2851 ποταμὸν
2369 2781 2470 2849 τῆς
2521 2781 2775 2851 Μηδικῆς
2826 2780 2916 2836 τὸν
2979 2782 3227 2852 Σικόριον
3272 2782 3662 2851 παρείλκυσεν,

2087 2872 2189 2925 οὐκ
2239 2871 2539 2940 ἀγνοοῦντα
2570 2873 2615 2905 ⁸³
2645 2872 2830 2943 μέντοι
2864 2872 2926 2926 τὸ
2976 2874 3282 2944 γινόμενον,
3318 2873 3422 2936 ἓως
3456 2874 3507 2925 οἱ
3532 2873 3663 2943 τῇδε

2088 2963 2310 3016 κάκεῖσε
2350 2962 2440 3017 διὰ
2488 2963 2580 3016 τὸν
2628 2963 2865 3033 πόλεμον
2905 2962 3324 3034 σκορπισθέντες
3366 2963 3663 3033 συνελέγη-

2095 3067 2214 3105 σαν.
2268 3053 2381 3105 Καὶ
2429 3050 2738 3122 τηνικαῦτα
2785 3054 2843 3105 ὲν
2898 3053 3013 3115 τοῖς
3064 3052 3327 3122 ἐνδοτέρω
3354 3052 3463 3105 τῶν
3505 3052 3665 3122 βασι⁶

397 3136 534 3190 clavi
579 3138 722 3206 regis
750 3125 1040 3203 admissus,
1076 3137 1300 3205 reliquis
1328 3139 1579 3195 omnibus
1614 3138 1765 3193 abire
1794 3138 1979 3208 jussis,

2095 3142 2254 3197 λείων
2280 3143 2332 3174 ³⁸
2362 3143 2571 3203 πάντας
2592 3143 2720 3205 τοὺς
2740 3143 2934 3211 ἄλλους
2969 3142 3233 3214 χωρίσας,
3259 3145 3352 3196 καὶ
3372 3144 3663 3213 ἀρκεσθεὶς

397 3236 682 3282 contentus
711 3228 1000 3298 praesentia
1017 3227 1320 3298 Appbarbte
1347 3238 1401 3284 et
1429 3228 1721 3299 Arcbapeti
1752 3238 1808 3284 et
1854 3229 1983 3282 Bar-

398 3310 635 3383 s‘aborsi,
672 3333 903 3388 quorum
923 3319 1059 3374 alter
1081 3330 1195 3381 erat
1227 3320 1513 3390 praefectus
1536 3323 1813 3390 praetorio,
1841 3322 1981 3378 alter

399 3411 573 3465 Suniii
614 3411 930 3482 dignitatem
963 3412 1260 3476 obtinebat,
1289 3412 1454 3482 jussit
1496 3411 1673 3477 Proin
1707 3429 1860 3468 suam
1902 3414 1979 3469 Ie-

396 3502 667 3570 gationem
692 3500 919 3557 referre.
940 3502 1113 3557 Erant
1131 3514 1307 3557 autem
1324 3502 1510 3573 capita
1528 3504 1815 3574 legationis
1842 3508 1977 3569 lucc,

397 3602 457 3646 ut
508 3591 736 3648 Rotnani
776 3594 829 3649 in
860 3593 1082 3650 Oriente
1125 3595 1385 3651 baberent
1430 3595 1690 3651 lntilenen
1721 3613 1842 3652 cum
1881 3597 1980 3651 Sn-

394 3682 597 3750 phene,
641 3681 961 3738 Arzanenen
1007 3698 1129 3737 cum
1163 3685 1444 3742 Carduene
1476 3696 1533 3743 et
1560 3686 1888 3750 Zabdicene,
1926 3698 1981 3741 et

395 3768 575 3842 Tigris
628 3770 820 3828 ﬂuvius
850 3776 1135 3844 utriusque
1185 3777 1398 3845 imperii
1453 3777 1611 3833 limes
1658 3788 1806 3836 esset
1849 3797 1863 3831 :
1908 3790 1980 3833 ,ιιι

394 3860 588 3917 Zintha
640 3863 942 3930 castellum,
972 3865 1025 3919 in
1054 3868 1305 3921 conliniis
1347 3866 1536 3923 Mediae
1564 3869 1752 3931 situm,
1783 3869 1978 3924 Arme-

394 3954 541 4008 niam
590 3954 939 4021 terminaret,
1002 3973 1096 4013 rex
1142 3958 1327 4013 Iberia:
1372 3959 1522 4031 regni
1555 3961 1637 4015 sui
1684 3962 1910 4032 insignia
1947 3977 1977 4015 a

392 4041 659 4099 Romanis
707 4057 929 4114 accepta
961 4048 1293 4118 susciperet;
1336 4052 1781 4105 commerciorum
1827 4052 1978 4106 locus

394 4134 595 4189 Nisibis
637 4147 802 4202 esset,
852 4139 919 4192 ad
951 4137 1155 4207 Tigrim
1190 4154 1405 4195 amnem
1438 4142 1561 4197 sita.
1588 4142 1719 4209 Quae
1753 4143 1843 4207 ubi
1880 4159 1976 4197 an-

392 4221 529 4277 divit
557 4222 829 4292 Narsazus,
855 4230 1313 4298 quandoquidem,
1347 4247 1466 4301 qua:
1497 4242 1616 4288 erat
1662 4235 1780 4303 ejns
1802 4233 1975 4289 fortu-

395 4332 485 4380 na,
531 4319 668 4373 nihil
730 4318 1030 4393 quidquam
1082 4338 1269 4378 eorum
1323 4324 1522 4380 licebat
1570 4327 1645 4382 illi
1684 4327 1973 4398 denegare,

2082 3237 2150 3306 τῇ
2186 3235 2460 3306 παρουσίᾳ
2502 3234 2795 3306 ’Δφφάρϐα
2814 3236 2910 3289 καὶ
2952 3235 3290 3306 ’Δρχαπέτου
3316 3235 3413 3288 καὶ
3446 3236 3657 3305 Βαρσα-

2083 3326 2319 3397 ϐώρσου,
2343 3321 2418 3380 ὧν
2449 3328 2478 3378 ὁ
2521 3328 2619 3397 μὲν
2646 3327 2833 3396 ἕτερος
2888 3325 3136 3398 ὕπαρχος
3178 3322 3248 3398 ἦν
3277 3328 3655 3399 πραιτωρίων,

2081 3417 2110 3469 ὁ
2155 3418 2212 3470 δὲ
2271 3418 2459 3489 ἕτερος
2510 3417 2608 3488 τὴν
2639 3417 2731 3471 τοῦ
2755 3417 2961 3488 Συμίου
2990 3413 3136 3491 εῖχεν
3163 3418 3358 3489 ἀρχὴν,
3392 3419 3663 3491 ἐπέτρεψε

2080 3506 2160 3578 τῷ
2180 3508 2383 3578 Πρόϐῳ
2408 3507 2506 3579 τὴν
2540 3508 2836 3578 πρεσϐείαν
2860 3507 3139 3573 διεξιέναι.
3173 3503 3281 3564 Ἦν
3314 3510 3371 3564 δὲ
3399 3510 3467 3563 τὰ
3493 3512 3667 3579 κεφά-

2080 3599 2206 3651 λαια
2239 3601 2340 3670 τῆς
2370 3600 2668 3670 πρεσϐείας
2691 3600 2888 3666 ταῦτα,
2919 3600 3058 3654 ὥστε
3086 3600 3227 3655 κατά
3254 3602 3315 3655 τὸ
3341 3602 3666 3656 ἀνατολικὸν

2082 3689 2252 3759 κλίμα
2291 3690 2390 3760 τὴν
2448 3690 2756 3761 Ἰντηληνὴν
2794 3689 2935 3761 μετά
2973 3690 3223 3762 Σοφηνῆς
3258 3694 3351 3746 καὶ
3391 3691 3664 3765 Ἀρζανη-

2081 3779 2179 3851 νὴν
2207 3782 2252 3814 ³⁵
2280 3782 2420 3850 μετά
2447 3781 2813 3853 Καρδουηνῶν
2843 3785 2935 3836 καὶ
2962 3782 3303 3853 Ζαϐδικηνῆς
3356 3783 3666 3855 Ῥωμαίους

2080 3869 2245 3941 ἔχειν,
2289 3872 2387 3926 καὶ¹
2423 3873 2514 3925 τὸν
2563 3871 2757 3943 Τίγριν
2791 3873 3036 3943 ποταμὸν
3077 3874 3343 3944 ἑκατέρας
3383 3876 3665 3940 πολιτείας

2079 3961 2355 4032 ὁροθέσιον
2388 3958 2551 4028 εἶναι,
2619 3963 2911 4033 Ἀρμενίαν
2939 3964 2997 4019 δὲ
3026 3964 3195 4019 Ζίνθα
3240 3965 3299 4018 τὸ
3337 3964 3569 4036 κάστρον
3599 3971 3661 4020 ἐν

2082 4050 2320 4122 μεθορίῳ
2356 4053 2458 4122 τῆς
2492 4052 3017 4126 Μηηδικῆςοκείμενον
3047 4056 3395 4128 ὁρίζεινγτδν
3416 4058 3471 4111 δὲ
3516 4058 3657 4128 ’16η-

2081 4143 2201 4212 ρίας
2260 4142 2487 4211 βασιλέα
2550 4143 2649 4215 τῆς
2698 4147 2909 4208 οἰκείας
2971 4147 3249 4213 βασιλείας
3293 4150 3361 4202 τά
3395 4148 3664 4220 ςσύμϐολα

2092 4233 2381 4303 Ῥωμαίοις
2407 4236 2667 4302 ὀφείλειν,
2693 4231 2834 4289 εἶναι
2864 4236 2919 4289 δὲ
2957 4239 3119 4291 τόπον
3145 4238 3252 4292 τῶν
3286 4239 3666 4311 συναλλαγμά-

2076 4340 2187 4378 των
2231 4324 2450 4380 Νίσιϐιν
2505 4326 2603 4397 τὴν
2641 4328 2796 4381 πάλιν
2843 4332 3258 4399 παρακειμένην
3302 4330 3380 4399 τῷ
3426 4331 3665 4403 Τίγριδι.

392 4412 669 4466 consensit
706 4420 762 4467 et
790 4414 1130 4485 approbavit,
1173 4425 1529 4488 praeterquam
1560 4421 1729 4489 quod,
1765 4435 1834 4476 ne
1868 4421 1973 4476 ista

2084 4413 2300 4470 Τούτων
2347 4418 2376 4469 ὁ
2426 4417 2706 4487 Ναρσαῖος
2745 4420 3010 4486 ἀκούσας,
3066 4421 3256 4492 ἐπειδὴ
3315 4423 3453 4492 arpis;
3498 4424 3670 4493 μηδὲν

375 4501 574 4572 ,οιιιιιίιι
598 4502 878 4557 videretur
916 4506 1242 4561 necessitate
1273 4518 1494 4564 coactus
1538 4508 1740 4575 facere,
1777 4511 1980 4566 solum-

394 4592 554 4645 modo
601 4593 813 4659 abnuit,
852 4598 1304 4661 commerciorum
1342 4599 1521 4655 locum
1564 4616 1688 4657 esse
1731 4601 1977 4659 Nisibim.

394 4681 501 4736 Sed
548 4681 790 4739 Sicorins
821 4685 923 4740 hoc
951 4702 1166 4758 quoque
1211 4691 1278 4746 ab
1315 4691 1406 4746 illo
1434 4693 1837 4749 concedendum
1860 4708 1981 4751 esse

393 4773 578 4839 dixit;
632 4790 808 4845 neque
857 4778 1001 4832 enim
1053 4778 1259 4849 legatos
1304 4781 1479 4838 libera
1530 4785 1854 4839 auctoritate
1896 4785 1981 4838 in-

392 4876 628 4921 structos
662 4882 803 4931 esse,
831 4884 1006 4940 neque
1033 4871 1391 4941 imperatores
1423 4875 1716 4945 quidquam
1778 4877 1845 4929 de
1879 4877 1978 4931 bac

392 4970 453 5010 re
502 4959 844 5028 pmeepisse.
892 4959 1001 5016 illis
1047 4962 1211 5033 igitur
1265 4965 1666 5021 conditionibus
1714 4969 1976 5036 acceptis,

391 5043 613 5107 Narsaco
638 5049 899 5105 restitutae
934 5061 1069 5107 sunt
1095 5054 1217 5122 ejus
1258 5066 1455 5109 uxores
1480 5063 1537 5115 et
1576 5053 1754 5119 liberi,
1788 5056 1972 5110 debita

389 5152 517 5207 erga
538 5139 658 5196 illas
676 5145 1050 5213 temperantia
1067 5160 1190 5201 cum
1212 5160 1422 5201 summa
1456 5148 1840 5217 imperatorum
1871 5148 1974 5201 ﬁde

388 5231 615 5289 obserxa
623 5244 675 5290 te
685 5273 699 5288 .

2082 4509 2288 4563 τούτων
2316 4512 2349 4580 ἠ
2377 4511 2628 4581 παροῦσα
2657 4511 2794 4583 τύχη
2825 4513 3108 4584 ἀρνεῖσθαι
3151 4514 3317 4567 αὑτὸν
3344 4514 3667 4583 συνεχώρει.

2084 4601 2337 4652 συνέθετο
2377 4602 2589 4664 τούτοις
2641 4604 2812 4656 ἅπασι
2836 4623 2848 4635 ο
2876 4604 3014 4674 πλὴν
3042 4605 3128 4659 ἵνα
3182 4606 3256 4674 μὴ
3292 4604 3419 4675 δόξῃ
3448 4608 3671 4676 ἀνάγκῃ

2084 4691 2266 4745 πάντα
2315 4697 2511 4757 ποιεῖν,
2570 4694 2901 4767 διηρνήσατο
2945 4698 3108 4767 μόνον
3157 4697 3220 4749 τὸ
3306 4696 3471 4749 τόπον
3527 4694 3671 4749 εἶναι

2084 4780 2193 4834 τῶν
2240 4782 2704 4854 συναλλαγμάτων
2748 4785 2848 4854 τὴν
2877 4786 3113 4840 Νίσιϐιν.
3166 4786 3224 4840 Ὀ
3268 4785 3326 4839 δὲ
3376 4786 3666 4855 Σικόριος·

2092 4896 2109 4928 ι
2149 4877 2538 4932 Ἐνδεδωκέναι
2593 4877 2699 4949 χρὴ
2737 4879 2873 4947 πρὸς
2934 4878 3113 4934 τοῦτο.
3169 4878 3307 4935 Οὔτε
3338 4876 3444 4949 γὰρ
3492 4880 3660 4933 αὐτο-

2086 4969 2311 5039 κράτωρ
2330 4970 2365 5039 ἡ
2386 4969 2736 5035 ³⁸νπρεσϐεία,
2766 4971 2861 5024 καὶ
2886 4972 3015 5042 περὶ
3050 4971 3245 5024 τούτου
3275 4974 3340 5025 ὲκ
3359 4970 3468 5025 τῶν
3496 4971 3672 5023 αὑτο-

2084 5060 2370 5131 κρατόρων
2430 5061 2582 5114 οὐδὲν
2633 5061 3027 5133 ἐπετέτραπτο.
3066 5082 3085 5116 ι
3114 5062 3342 5123 ⁴Τούτων
3391 5057 3487 5116 οὖν
3539 5077 3666 5114 συν-

2083 5151 2370 5220 τεθέντων,
2415 5154 2757 5225 ἀπεδόθησαν
2808 5152 2887 5225 τῷ
2938 5155 3202 5227 Ναρσαίῳ
3231 5156 3376 5208 αἵτε
3428 5153 3673 5225 γαμεταὶ

2085 5246 2179 5300 καὶ
2215 5247 2264 5299 ei.
2322 5247 2532 5312 παῖδες,
2592 5248 2734 5318 μετὰ
2766 5247 3081 5318 φιλοτιμίας
3122 5247 3231 5302 τῶν
3267 5247 3535 5319 βασιλέων
3564 5247 3673 5315 τῆς

2090 5340 2446 5409 σωφροσύνης
2474 5341 2676 5403 ,αὐταῖς
2696 5341 2957 5412 καθαρᾶς
2984 5343 3028 5383 ⁸⁷
3067 5341 3456 5413 φυλαχθείσης.

1665 5426 1896 5496 vinus
1939 5442 2343 5499 LECTIONES.

469 5556 511 5587 ³¹
554 5554 906 5655 παρελκύσας
934 5551 1027 5619 1-1..
1062 5555 1414 5679 παῇεκύλσας
1443 5556 1591 5641 vnlg:
1671 5557 1715 5588 ”
1753 5558 2027 5647 ‘Oaéva’Oog
2070 5557 2214 5623 γει..
2236 5563 2265 5614 ὁ
2313 5561 2542 5625 Δένατος
2569 5562 2717 5644 vulg;
2744 5562 2789 5594 ³⁸
2827 5562 3128 5630 ἀγνοοῦντα
3155 5565 3260 5631 CL,
3302 5567 3441 5635 ἔγνω
3469 5567 3563 5623 οὖν
3596 5569 3668 5624 τὰ

469 5625 538 5679 In.
612 5625 635 5657 ³
687 5641 797 5678 των
830 5625 1123 5679 Βασιλείων
1198 5667 1236 5679 ..
1270 5644 1348 5679 τω
1376 5626 1585 5679 Bactra:
1613 5626 1755 5679 vuln.
1837 5630 1881 5660 ³⁵
1948 5628 2273 5679 Antamth
2294 5639 2358 5679 ,ει
2389 5632 2761 5679 Καοδουηνων
2793 5630 2886 5679 Ν-.
2925 5633 3269 5679 Ἀοἷακτηήιν
3300 5637 3668 5679 ρΙνΚηηδηντι-

393 5625 538 5700 tnlg.

687 5626 797 5678 τῶν
830 5625 1123 5695 βασιλείων

391 5693 502 5744 νῶν
541 5693 681 5761 vulg.

1198 5667 1236 5689 .,
1270 5626 1585 5710 appetistis}
1612 5626 1755 5710 iulg.
1802 5700 1812 5710 ι
1837 5630 1881 5660 ³⁵
1932 5628 2273 5710 ᾌρζανῃνὴν
2294 5639 2358 5710 .et
2388 5626 2904 5710 Ιςαρδουηνῖὒγς-Ν..⁸
2925 5626 3269 5710 Ἀρςακηγὴν
3300 5626 3668 5710 εἱΚαρδονη-

765 5694 809 5727 ³⁸
832 5694 963 5748 οὔτε
996 5700 1102 5768 γὰρ
1133 5694 1498 5766 αὐτοκράτωρ
1546 5699 1582 5766 ἡ
1612 5694 1727 5759 Β,
1757 5700 1874 5751 τότε
2085 5694 2450 5771 αὐτοκράτορι
2481 5694 2628 5771 vulg.

2738 5702 2781 5733 ³⁷
2808 5702 3073 5772 καθαραῖς
3105 5702 3248 5775 vnlg.
