4050 6422
409 296 528 362 Ὀ79

1390 287 1790 349 EXCERPTA
1818 285 1930 345 EX
1960 281 2240 342 PRISCO
2278 283 2640 345 ΙῖΗΕΤΟΗΕ

3548 286 3673 348 ’ίὸθ

414 410 633 466 dextris
676 417 732 462 et
759 406 917 461 dictis
955 402 1305 475 jurejurando
1338 401 1593 469 utrinque
1625 397 1866 469 prmstito
1912 397 1992 449 lir-

2103 395 2260 466 ἔργον
2285 394 2601 464 ὑπόσχεσιν.
2628 392 2830 458 Δεξιῶν
2855 410 2913 444 τε
2937 394 3031 445 καὶ
3057 392 3233 460 ὅρκων
3261 393 3353 446 ἐπὶ
3379 395 3490 457 τοῖς
3519 395 3676 466 είρη-

422 499 604 559 matis,
634 495 721 549 ille
754 510 877 550 cum
918 508 1111 562 magna
1158 492 1520 546 barbarorum
1554 486 1898 540 multitudine
1940 486 1995 538 in

422 591 556 644 lines
585 588 948 642 Romanorum
993 594 1073 640 cst
1117 596 1390 638 reversus.
1428 579 1560 633 Eam
1598 577 1996 632 multitudinem

421 655 542 731 cunt
586 692 655 731 ex
691 677 918 731 adverso
950 676 1077 744 ripae
1109 674 1162 728 in
1203 671 1412 726 insidiis
1459 669 1801 733 collocasset,
1839 676 1997 723 nocte

421 768 549 821 dato
588 767 743 835 signo
768 764 989 826 exsiliit,
1014 772 1068 817 et
1097 762 1284 816 urbem
1318 762 1371 815 in
1403 775 1592 815 manus
1618 759 1854 814 hostium
1883 766 1993 812 trao

422 859 596 913 duxit.
640 857 707 913 Et
747 858 814 909 ab
859 869 925 909 eo
955 863 1197 922 tempore
1240 851 1598 907 Barbarorunr
1636 866 1722 907 res
1752 851 1804 904 in
1850 849 1994 905 diem

422 947 695 1000 auctiores
727 943 1081 1010 melioresque
1111 940 1348 995 fuerunt.

487 1037 543 1088 2.
584 1034 693 1089 Sub
724 1032 1026 1086 Theodosio
1075 1028 1300 1086 Juniore
1355 1033 1706 1100 imperatore,
1775 1031 1992 1096 Attilas,

421 1126 735 1180 Hunnorum
767 1139 885 1189 rex,
923 1124 1195 1177 delectum
1228 1138 1291 1176 cx
1329 1123 1444 1177 suis
1475 1122 1753 1188 habuit,et
1786 1122 1993 1178 litteras

417 1222 483 1269 ad
510 1218 885 1283 imperatorem
914 1213 1132 1281 scripsit
1157 1214 1221 1267 de
1245 1212 1538 1282 transfugis
1565 1222 1620 1266 et
1641 1215 1708 1266 de
1744 1212 1988 1277 tributis,

424 1318 504 1373 ut,
539 1320 881 1375 quaecunque
931 1305 1227 1359 occasione
1258 1303 1420 1373 hujus
1456 1302 1577 1356 belli
1630 1303 1838 1357 reddita
1884 1319 1991 1357 non

424 1408 626 1461 (ssent,
656 1410 817 1464 quam
856 1394 1118 1450 citissime
1149 1394 1215 1448 ad
1244 1409 1305 1447 se
1355 1393 1722 1455 mitterentur,
1775 1393 1842 1446 de
1897 1394 1994 1446 tri-

420 1489 562 1541 bulis
592 1497 769 1541 autem
808 1485 861 1539 in
914 1494 1188 1555 posterum
1241 1484 1538 1553 pendendis
1591 1482 1753 1552 legati
1803 1498 1984 1538 secum

417 1580 594 1632 acturi
622 1578 687 1632 ad
724 1593 782 1633 se
837 1578 1131 1632 venirent:
1191 1591 1315 1629 nam
1360 1577 1405 1630 si
1461 1583 1846 1629 cunctarentur
1900 1584 1993 1628 aut

423 1669 629 1724 bellum
662 1680 936 1738 pararent,
975 1683 1041 1722 ne
1062 1683 1121 1722 se
1165 1666 1340 1735 ipsum
1392 1664 1607 1734 quidem
1667 1665 1989 1736 Scytharum

423 1763 822 1824 multitudinem
843 1760 1047 1814 diutius
1073 1764 1473 1813 contenturum.
1506 1757 1600 1812 His
1622 1758 1817 1813 litteris
1835 1758 1992 1813 lectis

424 1854 716 1918 imperator
752 1863 1091 1918 nequaquam
1143 1845 1401 1917 Scythas,
1446 1847 1539 1916 qui
1583 1848 1649 1902 ad
1690 1863 1749 1903 se
1801 1847 1991 1902 confu-

422 1942 654 2010 gissent,
686 1942 1011 1994 traditurum
1047 1939 1207 2004 dixit,
1238 1941 1330 1993 sed
1363 1953 1468 1992 una
1498 1952 1619 1993 cum
1646 1939 1753 1993 illis
1796 1939 1848 1992 in
1878 1939 2018 1992 ani--

424 2048 514 2085 mo
538 2031 642 2087 sibi
663 2045 803 2095 eSse,
834 2031 955 2086 belli
976 2038 1226 2087 eventum
1256 2037 1597 2114 eéspcctare.
1627 2029 1900 2084 Caeterum
1934 2044 1993 2084 se

423 2123 631 2192 legatos
694 2122 1005 2189 missurum,
1051 2121 1141 2190 qui
1196 2121 1596 2176 controversias
1653 2122 1988 2177 dirimerent.

424 2213 498 2267 Ea
532 2212 692 2268 sicuti
728 2213 950 2267 Romani
996 2213 1366 2275 decreverant,
1396 2212 1491 2266 ubi
1538 2210 1734 2265 Attilas
1772 2211 1994 2266 rescivit

424 2305 505 2358 ira
532 2313 836 2360 commotus
865 2302 1229 2357 Rornanorum
1255 2301 1388 2357 fines
1416 2302 1675 2369 vastavit,
1705 2312 1761 2358 et
1794 2302 1989 2357 castelo

422 2395 488 2446 lis
520 2394 841 2461 quihusdam
867 2394 1081 2459 dirutis,
1103 2393 1155 2446 in
1193 2393 1491 2446 Ratiariam
1518 2394 1712 2448 urbem
1741 2408 1988 2464 magnam

421 2494 472 2534 «τι
498 2483 674 2552 populi
699 2482 1042 2539 multitudine
1065 2484 1431 2538 abundantem
1456 2483 1808 2553 irruptionem
1839 2483 1988 2541 fecit.

2021 1725 2068 1780 B

506 2657 560 2710 '5.
591 2658 676 2726 (Α.
719 2657 779 2712 C.
802 2657 929 2721 457,
957 2657 1067 2712 ind.
1095 2657 1181 2724 15,
1217 2655 1423 2713 Theod.
1471 2657 1586 2728 40.)
1609 2659 1733 2712 Post
1757 2672 1979 2728 pugnan‘

429 2750 479 2802 in
510 2747 850 2805 Chersoneso
878 2749 1484 2814 commissam,Romani
1515 2765 1636 2804 cum
1660 2748 1869 2804 llunnis
1893 2764 1989 2817 pa--

422 2854 538 2891 rem
579 2853 671 2907 per
692 2840 1004 2894 Anatolium
1041 2839 1272 2909 legatum
1304 2839 1566 2902 fecerunt,
1598 2839 1719 2909 etsin
1743 2838 1840 2891 has
1861 2852 1992 2892 con-

420 2931 653 2984 ditiones
683 2939 1052 2986 c0nvenerunt
1087 2946 1100 2982 :
1129 2928 1385 2999 profugos
1423 2927 1633 2983 lluunis
1662 2928 1833 2992 reddi,
1894 2942 1985 2982 sex

425 3023 596 3076 millia
629 3023 748 3076 auri
775 3023 1030 3077 librarum
1066 3037 1159 3091 pro
1181 3021 1474 3091 prmteritis
1504 3021 1788 3090 stipendiis
1819 3020 1986 3086 solvi;

421 3116 525 3165 duo
553 3112 716 3166 millia
745 3121 799 3167 et
826 3120 1041 3166 centum
1070 3111 1123 3164 in
1151 3121 1433 3180 posterum
1460 3111 1682 3179 singulis
1708 3112 1864 3166 annis
1896 3112 1994 3165 tri-

419 3204 532 3257 hnti
566 3203 783 3257 nomine
816 3203 1000 3271 pendi.
1051 3202 1154 3257 Pro
1187 3217 1511 3273 unoquoque
1549 3202 1758 3271 captivo
1798 3202 1993 3257 Roma-

421 3309 513 3359 no,
553 3295 644 3362 qui
679 3294 732 3347 in
782 3294 1147 3349 Romanorum
1206 3293 1366 3358 ﬁnesr,
1405 3309 1509 3348 non
1554 3299 1733 3348 soiuto
1779 3296 1993 3350 redem-

420 3388 645 3455 ptionlS‘
666 3386 858 3453 pretio,
889 3384 1175 3452 evasisset,
1202 3387 1482 3442 duodecim
1511 3402 1802 3443 aureorum
1855 3389 1993 3442 mul-

420 3488 564 3530 ctam
591 3475 798 3531 inferri.
832 3476 962 3543 Quae
998 3477 1044 3532 si
1080 3493 1185 3533 non
1219 3479 1545 3545 solveretur,
1596 3482 1689 3548 qui
1720 3480 1992 3548 captivum

426 3568 742 3636 recepisset,
766 3569 1055 3623 restituere
1092 3573 1284 3625 teneri.
1318 3567 1595 3626 Romanos
1630 3571 1900 3626 neminem
1926 3586 1992 3626 ex

423 3658 676 3714 llarbaris
699 3661 765 3714 ad
781 3675 841 3716 se
861 3659 1259 3732 confugientem
1289 3663 1685 3729 admittere.-ln
1724 3664 1822 3719 has
1872 3665 1992 3733 qui«

420 3753 542 3806 dem
615 3750 886 3806 f'tederum
944 3752 1089 3822 leges
1134 3754 1366 3809 Romani
1401 3766 1609 3824 ,sponte
1655 3755 1994 3811 consensisse

420 3842 588 3897 videri
621 3842 910 3898 volebant:
959 3845 1054 3899 sed
1088 3846 1425 3901 necessitate
1461 3844 1660 3906 coacti.
1704 3853 1994 3914 superante

2017 3071 2060 3132 C

422 3941 593 3991 metu,
626 3931 722 3999 qui
749 3930 1118 3987 Romanorum
1158 3934 1357 3988 ducum
1394 3944 1603 3988 mentes
1632 3942 1992 4002 occupaverat

421 4022 775 4090 quantumvis
802 4024 971 4078 duras
995 4024 1284 4093 etiniqnas
1309 4024 1646 4079 conditiones
1670 4024 1771 4078 sibi
1819 4024 1990 4093 impo-

421 4110 557 4163 sitas
586 4124 798 4163 summo
823 4110 975 4179 pacis
1017 4111 1414 4181 consequendze
1442 4112 1620 4167 studio
1650 4111 1794 4167 ducti
1822 4110 1993 4168 liben-

426 4200 571 4256 tibus
603 4201 799 4254 animis
844 4214 1222 4272 susceperunt,
1244 4212 1298 4257 et
1317 4204 1691 4270 gravissimum
1733 4204 1989 4260 tributum

423 4291 654 4359 pendere
698 4306 804 4347 non
839 4293 1182 4359 recusabant,
1227 4309 1534 4364 quanquam
1592 4309 1725 4365 opes
1775 4296 1990 4366 imperii

2089 485 2288 553 ’μένοις
2313 484 2596 551 δοθέντων,
2649 484 2788 553 μετά
2840 483 3182 554 βαρϐαρικῆς
3218 482 3589 554 πολυπληθίας
3616 488 3677 549 ἐς

2098 577 2198 645 τὴν
2249 576 2565 648 Ῥωμαϊκὴν
2588 576 2834 630 ἐπάνεισι
2875 576 2920 608 ³⁸
2948 578 3073 647 γῆν,
3111 575 3208 629 καὶ
3238 574 3443 646 ταύτην
3474 576 3675 645 προλο-

2099 667 2256 736 χίσας
2276 667 2508 737 ἀντικρὺ
2549 666 2645 738 τῆς
2690 666 2856 737 ὖχθης
2881 666 3071 728 νυκτὸς
3099 666 3437 736 διανίστησιν
3464 667 3529 720 ἐκ
3558 684 3679 721 συν-

2099 758 2367 828 θήματος,
2398 759 2492 812 καὶ
2523 759 2627 811 ὑπὸ
2684 762 2797 822 τοῖς
2838 759 3155 820 ἀντιπάλοις
3186 756 3285 827 τὴν
3330 757 3485 812 πόλιν
3510 760 3676 812 ποιεῖ.

2097 849 2412 920 Δῃωθείσης
2462 849 2519 903 δὲ
2563 849 2665 919 τῆς
2711 849 2942 920 Μάργου
2989 851 3083 903 τὸν
3101 849 3303 919 τρόπον
3346 849 3555 916 τοῦτον,
3581 852 3679 905 ἐπὶ

2101 939 2290 1010 μεῖζον
2310 940 2522 1010 ηὐξήθη
2546 941 2614 994 τὰ
2641 940 2750 994 τῶν
2776 939 3080 1011 Βαρϐάρων
3111 940 3437 1012 πράγματα.

2168 1031 2236 1101 β’.
2272 1032 2395 1084 Ὅτι
2433 1032 2527 1084 ἐπὶ
2560 1031 2842 1085 Θεοδοσίου
2877 1030 2972 1084 τοῦ
3011 1029 3226 1101 Μικροῦ
3263 1029 3528 1101 βασιλέως
3554 1033 3676 1087 Ἀτ-

2095 1123 2267 1192 τήλας
2291 1124 2320 1175 ό
2346 1122 2456 1175 τῶν
2496 1122 2715 1175 Οῦννων
2749 1122 3008 1191 βασιλεὺς
3049 1121 3143 1175 τὸν
3197 1124 3396 1177 οἰκεῖον
3444 1124 3678 1193 στρατὸν

2095 1212 2320 1281 ἀγείρας
2344 1212 2650 1283 γράμματα
2678 1214 2888 1282 πέμπει
2931 1213 3087 1284 παρά
3106 1212 3199 1265 τὸν
3231 1212 3458 1281 βασιλέα
3482 1215 3589 1268 τῶν
3614 1234 3676 1270 τε

2097 1304 2350 1371 φυγάδων
2389 1304 2483 1356 καὶ
2511 1305 2620 1357 τῶν
2656 1305 2838 1373 φόρων
2877 1304 3028 1374 πέρι,
3062 1305 3176 1357 ὅσοι
3211 1306 3486 1376 προφάσει
3516 1307 3675 1362 τοῦδε

2095 1393 2186 1448 τοῦ
2222 1394 2458 1465 πολέμου
2520 1395 2621 1449 οὐκ
2662 1394 2923 1461 ἐδέδοντο,
2953 1395 3052 1465 τὴν
3089 1394 3350 1466 ταχίστήν
3389 1399 3439 1449 οί
3462 1398 3678 1466 ἐκπέμ-

2098 1482 2296 1537 πεσθαι
2328 1484 2837 1555 παρακελευόμενος
2858 1497 2872 1513 ’
2921 1484 3225 1549 συντάξεως
3254 1486 3318 1558 δὴ
3356 1487 3521 1541 ἕνεκα
3548 1488 3681 1557 μέλ-

2093 1573 2279 1636 λοντος
2311 1575 2480 1646 φόρου
2538 1577 2672 1646 παρ’
2700 1576 2863 1629 αὑτὸν
2906 1576 3169 1644 πρέσϐεις
3200 1578 3324 1640 τοὺς
3355 1578 3679 1650 διαλεξομέ-

2093 1681 2216 1726 νους
2247 1665 2290 1697 ³³
2328 1666 2706 1734 ἀφικνεῖσθαι,
2762 1667 2858 1733 ὡς,
2923 1670 2973 1721 εί
3006 1667 3336 1738 μελλήσειαν
3369 1669 3413 1701 ⁸⁰
3456 1670 3490 1741 ἢ
3537 1671 3680 1742 πρὸς

2095 1754 2334 1825 πόλεμον
2372 1758 2695 1829 ὁρμήσειαν,
2720 1759 2863 1812 ούδέ-
2879 1760 3041 1814 αύτὸν
3075 1760 3156 1815 ἔτι
3177 1760 3432 1817 ἐθέλοντα
3459 1761 3520 1815 τὸ
3542 1763 3680 1817 Σκυ-

2097 1846 2247 1899 θικὸν
2275 1846 2487 1916 ἐφέξειν
2519 1848 2741 1920 πλῆθος.
2770 1851 2957 1905 Ταῦτα
3006 1852 3333 1920 ἀναγνόντες
3356 1855 3405 1907 oi
3437 1854 3583 1925 ἀμφὶ
3605 1856 3676 1909 τά

2097 1935 2343 2005 βασίλεια
2401 1937 2652 2009 οὐδαμῶς
2698 1940 2825 2003 τοὺς
2872 1942 3024 2012 παρά
3069 1945 3211 2013 σφᾶς
3259 1945 3673 2014 καταφυγόντας

2095 2028 2354 2082 ἐκδώσειν
2414 2029 2644 2100 ἔφασαν,
2710 2032 2849 2086 ἀλλά
2902 2036 3002 2088 σὺν
3049 2035 3280 2099 ἐκείνοις
3312 2038 3405 2091 τὸν
3440 2038 3679 2110 πόλεμον

2097 2118 2522 2189 ὑποστήσεσθαι,
2564 2121 2800 2190 πέμψειν
2829 2122 2885 2175 δέ
2913 2124 3174 2193 πρέσϐεις
3190 2125 3316 2189 τοὺς
3349 2125 3418 2180 τὰ
3442 2127 3681 2199 διάφορα

2093 2209 2375 2274 λύσοντας.
2425 2212 2514 2276 Ὠς
2569 2211 2625 2264 δὲ
2675 2212 2754 2282 τῷ
2789 2214 3020 2285 ’Δττήλᾳ
3064 2216 3131 2268 τά
3177 2217 3479 2288 δεδογμένα
3535 2218 3676 2273 Ῥω-

2098 2300 2281 2371 μαίοις
2304 2302 2620 2372 ἠγγέλλετο,
2682 2305 2741 2355 ἐν
2792 2304 2930 2377 ὀργῇ
2971 2308 3032 2359 τὸ
3070 2309 3305 2378 πρᾶγμα
3351 2308 3680 2380 ποιούμενος

2093 2395 2192 2465 τὴν
2234 2394 2549 2467 Ῥωμαϊκὴν
2580 2394 2736 2466 ἐδῄου
2759 2397 2883 2467 γῆν,
2901 2400 2995 2451 καὶ
3029 2398 3266 2473 φρούριά
3285 2417 3406 2453 τινα
3426 2400 3679 2456 καθελὼν

2091 2490 2159 2558 τῇ
2237 2488 2523 2559 Ῥατιαρίᾳ
2575 2488 2912 2559 προσέϐαλλε
2987 2491 3220 2564 μεγίστῃ
3298 2493 3393 2548 καὶ
3436 2493 3679 2550 πολυαν-

2095 2577 2122 2629 θ
2129 2575 2319 2646 ρώπῳ.

2165 2668 2234 2738 γ’.
2271 2669 2394 2723 Ὀτι
2426 2671 2562 2741 μετὰ
2594 2672 2690 2743 τὴν
2721 2673 2779 2726 ἐν
2809 2673 3142 2745 Χερρονήσῳ
3167 2675 3346 2745 μάχην
3380 2674 3675 2746 Ῥωμαίων

2090 2761 2230 2832 πρὸς
2263 2760 2497 2826 Ούννους
2522 2764 2767 2831 ἐγίνοντο
2795 2766 2888 2817 καὶ
2921 2765 2977 2818 αί
3006 2764 3329 2831 συμϐάσεις,
3370 2766 3679 2821 Ἀνατολίσυ

2093 2852 2603 2924 πρεσϐευσαμένου.
2649 2854 2761 2909 Καὶ
2809 2855 2903 2908 ἐπὶ
2958 2855 3133 2910 τοῖσδε
3161 2840 3499 2924 ἐσπένδοντο,
3528 2859 3682 2923 ὅπως

2090 2942 2364 2996 ἐκδοθεῖεν
2400 2943 2500 3015 μὲν
2530 2943 2597 2997 ἂν
2624 2946 2738 3008 τοῖς
2794 2945 3021 3009 Οὖννοις
3063 2948 3113 2999 οί
3164 2946 3424 3015 φυγάδες,
3483 2950 3580 3003 καὶ
3614 2951 3717 3017 35"

2095 3035 2331 3105 χιλιάδες
2363 3036 2593 3106 χρυσίου
2622 3036 2821 3107 λιτρῶν
2860 3037 3000 3108 ὑπὲρ
3036 3037 3144 3092 τῶν
3167 3040 3334 3095 πάλαι
3369 3039 3680 3107 συντάξεων

2093 3124 2294 3179 δοθεῖεν
2322 3127 2527 3188 αὐτοῖς.
2559 3126 2727 3198 Φόρον
2755 3127 2811 3181 δὲ
2840 3126 2997 3193 ἔτους
3032 3129 3264 3185 ἑκάστου
3291 3132 3563 3203 δισχιλίας
3583 3136 3680 3188 καὶ

2095 3215 2292 3268 ἑκατὸν
2315 3216 2505 3287 λίτρας
2530 3217 2735 3287 χρυσοῦ
2762 3233 2916 3286 σφισι
2958 3222 3295 3290 τεταγμένον
3312 3216 3475 3279 εἶναι.
3504 3225 3673 3293 ’Υπὲρ

2094 3307 2151 3360 δέ
2176 3306 2528 3378 αἰχμαλώτου
2573 3307 2846 3381 Ῥωμαίου
2878 3311 3174 3381 φεύγοντος
3206 3315 3300 3369 καὶ
3322 3317 3380 3379 ἐς
3412 3316 3509 3386 τὴν
3541 3333 3672 3385 σφε-

2095 3398 2258 3468 τέραν
2287 3401 2391 3466 γῆν
2422 3400 2549 3457 ἄνευ
2578 3401 2790 3471 λύτρων
2811 3402 3180 3470 διαϐαίνοντος
3205 3407 3413 3461 δώδεκα
3440 3409 3679 3478 χρυσοῦς

2095 3487 2234 3542 εἶναι
2266 3490 2602 3562 ἀποτίμησιν
2625 3510 2638 3523 '
2674 3492 2751 3564 μὴ
2791 3494 3230 3561 κατασάλλοντας
3271 3498 3328 3551 δὲ
3384 3501 3510 3564 τοὺς
3539 3501 3679 3555 ὑπο⁹

2092 3581 2418 3651 δεχομένους
2440 3583 2709 3638 ἐκδιδόναι
2743 3585 2835 3639 τὸν
2875 3587 3168 3657 φεύγοντα.
3198 3590 3424 3660 Μηδένα
3445 3591 3503 3645 δὲ
3535 3593 3683 3665 Βάρ-

2095 3673 2263 3743 6αρον
2302 3675 2610 3745 Ῥωμαίους
2655 3677 2802 3731 κατά
2846 3681 2985 3749 σφᾶς
3008 3680 3052 3713 ⁸¹
3087 3683 3357 3753 φεύγοντα
3397 3683 3682 3755 δέχεσθαι.

2095 3765 2310 3827 Ταύτας
2341 3767 2771 3837 προσεποιοῦντο
2804 3770 2904 3840 μὲν
2934 3770 3216 3827 ἐθελονταὶ
3258 3774 3522 3845 Ῥωμαῖοι
3573 3776 3680 3842 τὰς

2097 3857 2373 3925 συνθήκας
2406 3857 2652 3912 τίθεσθαι
2699 3860 2807 3932 (9)⁹
2860 3862 3077 3937 ἀνάγκῃ
3105 3864 3163 3918 δὲ
3213 3864 3681 3938 ὑπερϐάλλοντι⁴¹

2093 3948 2221 4013 δέει,
2256 3950 2394 4019 ὅπερ
2441 3953 2663 4021 κατεῖχε
2715 3954 2842 4018 τοὺς
2886 3955 3039 4024 σφῶν
3090 3957 3378 4028 ἄρχοντας,
3412 3962 3519 4014 πᾶν
3550 3962 3677 4013 ἐπί-

2097 4055 2287 4107 ταγμα
2344 4039 2549 4112 καίπερ
2608 4041 2668 4095 ὃν
2731 4043 2990 4114 χαλεπὸν,
3044 4050 3229 4117 τυχεῖν
3281 4049 3384 4119 τῆς
3449 4049 3673 4121 είρήνης

2092 4124 2507 4191 ἐσπουδακότες,
2541 4128 2860 4199 ἠσμένιζον,
2894 4132 2990 4184 καὶ
3017 4133 3118 4203 τὴν
3142 4133 3251 4187 τῶν
3274 4134 3460 4206 φόρων
3479 4136 3679 4191 σύνταο

2096 4216 2176 4281 ξιν
2215 4216 2530 4288 βαρυτάτην
2555 4214 2727 4274 οὖσαν
2768 4222 3080 4293 προσίεντο,
3107 4222 3218 4279 τῶν
3255 4227 3555 4298 χρημάτων
3581 4229 3683 4285 αὐ-

2092 4310 2205 4369 τοῖς
2234 4309 2455 4361 καὶτῶν
2478 4309 2777 4379 βασιλικῶν
2804 4312 3096 4385 θησαυρῶν
3123 4317 3223 4372 οὐκ
3246 4321 3329 4382 είς
3365 4319 3485 4373 δέον
3526 4321 3683 4375 ἐκδε-

421 4392 477 4437 et
513 4382 649 4453 regii
680 4383 917 4439 thesauri
948 4399 1060 4439 non
1087 4386 1155 4439 ad
1187 4386 1524 4443 necessarios
1546 4401 1700 4453 usus,
1733 4386 1828 4443 sed
1883 4386 1991 4457 35

2097 4401 2519 4472 δαπανημένων,
2554 4403 2690 4458 ἀλλά
2716 4382 3016 4476 περὶίθέας
3053 4408 3288 4473 ἀτόπους
3324 4411 3418 4465 καὶ
3475 4413 3684 4482 φιλοτι-

422 4472 475 4525 in
505 4470 742 4528 ahsur'da
770 4473 1106 4542 spectacula,
1138 4475 1191 4528 in
1229 4490 1396 4532 vanos
1438 4477 1702 4533 honorum
1731 4479 1990 4543 ambitus,

420 4564 476 4618 in
511 4564 830 4620 immodicas
860 4567 1160 4637 voluptates
1187 4578 1242 4622 et
1268 4568 1583 4637 largitiones
1660 4582 1995 4640 consumpta:

422 4654 660 4721 fuerant,
690 4655 879 4724 quales
905 4671 1066 4713 neruo
1121 4673 1270 4715 sana:
1315 4662 1512 4717 mentis
1537 4662 1618 4716 vel
1670 4664 1724 4717 in
1761 4664 2013 4719 maxime

421 4743 771 4801 afﬂuentibus
830 4747 1168 4804 divitiarum.
1209 4751 1382 4822 copiis
1429 4755 1743 4820 sustineret,
1796 4755 1991 4810 nedum

423 4837 651 4891 Romani
680 4836 791 4904 isti,
809 4840 901 4908 qui
932 4841 1007 4896 rei
1041 4842 1291 4899 militaris
1317 4844 1553 4899 studium
1580 4846 1720 4901 adeo
1741 4848 1993 4917 neglexe-

424 4939 568 4995 rant,
595 4939 652 4983 ut
710 4946 816 4986 non
866 4933 1039 4988 solum
1074 4934 1327 5007 Scytgis,
1360 4936 1455 4990 sed
1509 4946 1565 4992 et
1603 4939 1827 5009 reliquis
1860 4942 1993 4995 Bar-

423 5022 590 5084 baris,
618 5023 708 5091 qui
735 5026 1011 5092 proximas
1045 5027 1254 5097 imperii
1291 5027 1516 5084 Romani
1559 5033 1810 5100 regiones
1844 5033 1992 5090 inco-

425 5115 628 5179 lebant,
658 5118 947 5187 vectigales
971 5118 1099 5173 facti
1138 5127 1343 5173 essent.
1382 5118 1569 5191 Itaque
1600 5123 1801 5177 tributa
1822 5132 1879 5178 et
1900 5140 1993 5194 pe-

426 5206 636 5271 cunias,
657 5222 796 5277 quas
814 5210 881 5263 ad
906 5208 1132 5266 Hunnos
1154 5210 1358 5265 deferri
1378 5214 1682 5282 oportebat,
1702 5215 1996 5284 imperator

425 5315 615 5355 omnes
638 5301 886 5357 conferre
910 5304 1091 5371 coegit
1126 5320 1141 5357 :
1191 5301 1337 5359 nulla
1371 5305 1534 5360 etiam
1568 5319 1753 5362 eorum
1798 5309 1996 5363 immu-

2105 4494 2236 4561 μίας
2269 4494 2369 4546 οὐκ
2403 4494 2663 4563 εὐλόγους
2690 4499 2783 4549 καὶ
2830 4497 3024 4567 ἡδονὰς
3053 4500 3148 4553 καὶ
3176 4501 3421 4566 δαπάνας
3448 4505 3682 4575 ἀνειμέ-

2100 4600 2220 4648 νας,
2247 4585 2317 4647 at;
2340 4585 2516 4649 οὐδεὶς
2545 4587 2652 4641 τῶν
2670 4587 2731 4642 εὖ
2755 4591 3097 4659 φρονούντων
3118 4593 3241 4646 ούδέ
3265 4595 3323 4646 ἐν
3352 4596 3684 4667 εὐπραγίαις

2103 4674 2393 4746 ὑποσταίη,
2425 4676 2501 4747 μή
2526 4677 2578 4730 τί
2607 4694 2673 4746 γε
2700 4679 2766 4750 δὴ
2799 4681 2849 4733 oi
2878 4680 2987 4734 τῶν
3008 4681 3189 4736 ὅπλων
3207 4682 3675 4755 ὀλιγωρήσαντες,

2102 4765 2243 4818 ὥστε
2277 4765 2353 4837 μὴ
2387 4767 2552 4837 μόνον
2588 4769 2852 4837 Σκύθαις,
2881 4770 3020 4825 ἀλλά
3049 4772 3159 4843 γὰρ
3188 4774 3283 4826 καὶ
3323 4776 3439 4838 τοίς
3472 4775 3684 4842 λοιποῖς

2101 4854 2408 4926 Βαρϐάροις
2463 4859 2576 4921 τοῖς
2658 4859 3013 4931 παροικοῦσιν
3058 4860 3157 4931 τὴν
3227 4863 3518 4933 Ῥωμαίων
3567 4867 3674 4918 ὐπ-

2098 4946 2320 5001 ακούειν
2348 4948 2430 5011 είς
2456 4947 2624 5019 φόρου
2649 4951 2970 5021 ἀπαγωγήν.
2993 4951 3210 5005 Τούτων
3234 4953 3343 5007 τῶν
3371 4954 3685 5021 συντάξεων

2101 5040 2199 5093 καὶ
2237 5040 2347 5094 τῶν
2380 5044 2881 5113 χρημάτωψπέρι,
2942 5043 3088 5116 ᾇπερ
3132 5045 3238 5100 ἔδει
3287 5050 3404 5111 τοῖς
3460 5048 3685 5115 Οῦννοις

2094 5131 2507 5201 ἐκπέμπεσθαι,
2589 5136 2975 5207 συνεισφέρειν
3046 5137 3255 5202 πάντας
3311 5140 3593 5210 ἠνάγκασε
3611 5143 3679 5212 ⁵³,

2102 5224 2310 5293 δασμὸν
2342 5225 2844 5298 εἰσπραττομένους
2871 5229 2968 5282 καὶ
2993 5230 3120 5294 τοὺς
3158 5231 3305 5285 κατά
3342 5233 3536 5304 χρόνον
3560 5235 3685 5290 τινὰ

2105 5314 2204 5385 τὴν
2239 5313 2551 5389 βαρυτάτην
2611 5320 3006 5389 κουφισθέντας
3041 5322 3142 5393 τῆς
3180 5323 3286 5394 γῆς
3343 5324 3683 5399 ἀποτίμησιν

1757 5452 1986 5517 VARl/E
2022 5463 2427 5525 LECTIONES.

503 5590 551 5623 ³⁸
577 5593 831 5664 ἐπανίησι
863 5596 951 5650 vul
995 5634 1010 5650 .

512 5660 569 5713 δὲ
600 5665 694 5718 καὶ
722 5665 917 5720 ύπεοὸ.

1000 5708 1016 5735 1

1087 5600 1130 5672 ξέ
1156 5600 1571 5672 διαλεξαμένους
1595 5604 1740 5672 vulg.

416 5660 473 5707 ."
512 5660 569 5713 δὲ
600 5665 694 5718 καὶ
722 5660 917 5735 ὑπερὸ.

1093 5670 1136 5704 ⁸³
1169 5670 1486 5741 ἠνάγκασαν
1513 5674 1661 5744 conj.
1694 5670 1764 5731 Ν.

1859 5606 1905 5637 ³ο
1933 5607 2305 5681 μελλήσεικνῆ
2336 5610 2417 5675 9.,
2446 5613 2762 5687 μελλήσειεν
2780 5596 2925 5688 vulg:
3001 5611 3045 5644 “
3085 5612 3231 5683 ππρδι
3258 5616 3399 5682 σφᾶῖ
3423 5621 3572 5693 εοηῙ·
3614 5622 3675 5682 Β·
