4050 6414
248 331 346 406 681

1069 339 1169 400 DE
1208 333 1771 400 LEGATIONIBUS
1805 328 2166 399 GENTIUM
2202 337 2301 399 AD
2339 330 2726 402 ROMANOS.

3393 335 3511 399 682

250 453 359 506 είτε
407 446 683 503 δικαστῶν
728 445 930 518 κρίσει,
984 445 1094 500 εἴτε
1142 448 1408 518 βασιλέων
1462 449 1875 519 φιλοτιμίαις.ἐ

1961 449 2124 505 uitatis
2150 449 2330 506 habita
2354 451 2589 516 ratione,
2631 449 2724 520 qui
2779 456 2938 505 terra:
2989 462 3181 517 onere,
3245 458 3508 521 tanquam

253 541 653 610 Συνεισέφερον
679 538 738 592 δέ
763 539 807 570 “
839 539 1004 611 ῥητὸν
1037 540 1260 610 χρυσίον
1308 541 1404 594 καὶ
1444 541 1494 592 οἱ
1524 542 1584 594 ὲν
1633 542 1701 611 τῇ
1737 556 1832 609 γε-

248 630 450 703 ρουσία
479 629 1030 700 ἁναγεγραμμὲνοιη
1067 630 1208 700 ὑπὲρ
1244 630 1395 700 σφῶν
1424 631 1605 683 αὑτῶν
1653 630 1836 695 ἀξίας.

247 723 362 775 Καὶ
385 722 452 792 ἧν
485 721 704 783 πολλοῖς
733 721 766 790 ἡ
797 720 1024 791 λαμπρὰ
1052 721 1191 792 τὺχη
1239 721 1354 790 βίου
1382 722 1654 793 μεταϐολή
1693 738 1707 754 ο
1739 724 1832 776 ἐσ-

257 815 599 885 επρὰττοντο
649 814 761 882 γὰρ
805 813 944 881 μετὰ
973 814 1250 883 αἰκισμῶν
1295 813 1442 886 ἅπερ
1471 814 1699 869 ἕκαστον
1736 816 1840 870 ἀπ-

245 903 566 975 εγράψαντο
590 903 642 954 οί
688 903 841 973 παρὰ
875 903 1140 971 βασιλέως
1176 902 1338 957 τοῦτο
1381 907 1555 958 ποιεῖν
1585 905 1838 960 ἐπιτετα-

247 996 468 1065 γμένοι,
495 994 638 1048 ὥστε
670 995 769 1046 τδν
799 993 1006 1062 κόσμον
1032 994 1142 1048 τῶν
1175 995 1455 1062 γυναικῶν
1489 997 1581 1050 καὶ
1622 997 1688 1051 τὰ
1717 997 1840 1051 ἐπι-

248 1087 364 1139 πλα
384 1087 513 1149 τοὺς
568 1084 739 1140 πάλαι
795 1085 1122 1156 εὐδαίμονας
1177 1087 1490 1158 προτιθέναι
1535 1089 1594 1142 ἐν
1645 1091 1838 1162 ἀγορᾷ.

249 1178 430 1232 Τοῦτο
459 1177 560 1247 μὲν
615 1177 758 1245 μετὰ
813 1178 905 1231 τὸν
961 1178 1202 1248 πόλεμον
1241 1180 1303 1234 τὸ
1333 1181 1502 1235 κακὸν
1540 1182 1842 1251 Ῥωμαίους

251 1267 501 1333 ἐδέξατο,
529 1266 673 1320 ὥστε
707 1267 943 1330 πολλοὺς
976 1267 1010 1340 ἢ
1045 1269 1610 1343 ἁποκαρτερήσαντας
1651 1274 1687 1346 ἢ
1720 1273 1844 1345 βρό-

250 1378 350 1431 χον
377 1360 694 1429 ἁψαμένους
723 1360 817 1413 τὸν
847 1358 960 1430 βίον
993 1360 1306 1418 ἀπολιπεῖν.
1343 1362 1477 1418 Τότε
1512 1365 1576 1437 δὴ
1628 1366 1692 1421 ἐκ
1745 1364 1843 1421 τοῦ

255 1451 602 1522 παραχρῆμα
653 1449 761 1502 τῶν
808 1450 1102 1522 θησαυρῶν
1150 1452 1608 1526 ἐξαντληθέντων,
1664 1457 1728 1512 τό
1780 1475 1844 1513 τε

252 1542 485 1612 χρυσίον
514 1541 611 1593 καὶ
646 1543 694 1593 οἱ
723 1541 960 1610 φυγάδες
987 1542 1322 1613 ἐπέμποντο,
1348 1545 1558 1600 Σκόττα
1589 1547 1682 1602 ἐπὶ
1709 1548 1842 1603 ταὺι-

258 1649 364 1703 την
395 1631 491 1703 τὴν
512 1631 558 1664 ⁸⁸
582 1631 786 1702 πρᾶξιν
809 1632 1139 1702 ἀφιγμένου·
1168 1629 1244 1690 ὧν
1266 1637 1552 1702 πλείστους
1582 1639 1843 1710 Ῥωμαῖοι

268 1724 594 1777 ἀπέκτειναν
629 1722 990 1786 ἀπειθοῦντας
1024 1725 1159 1796 πρὸς
1209 1726 1310 1797 τὴν
1350 1727 1582 1784 ἔκδοσιν.
1630 1730 1720 1784 Ἐν
1761 1723 1844 1795 οἷς

269 1814 493 1868 καὶτῶν
527 1813 825 1884 βασιλικῶν
864 1814 1113 1886 ὑπῆρχον
1132 1816 1178 1848 ⁵⁷
1219 1816 1464 1884 Σκυθῶν,
1501 1819 1551 1872 οἳ
1589 1820 1698 1874 ὑπὸ
1733 1822 1849 1876 Ἀτ·

265 1908 406 1979 τήλᾳ
432 1905 724 1959 τάττεσθαι
747 1906 1082 1976 ἁνηνάμενοι
1109 1909 1262 1979 παρὰ
1295 1909 1603 1979 Ῥωμαίους
1628 1911 1849 1980 ἀφίκον-

259 2016 346 2054 το.
378 1998 508 2062 Τοῖς
530 1997 589 2051 δὲ
616 1997 784 2050 αὑτοῦ
816 1999 844 2050 ό
881 1997 1144 2069 Ἀττήλας
1186 2000 1500 2071 προστιθεὶς
1542 2002 1849 2072 ἐπιτάγμα-

260 2106 342 2152 σι,
412 2089 506 2142 καὶ
545 2089 972 2158 ’Δσημουντίους
1037 2090 1326 2144 ἐκέλευσεν
1377 2092 1644 2147 ἐκδιδόναι
1689 2094 1847 2156 ὅσους

260 2180 656 2252 αἰχμαλώτους
688 2181 934 2251 ὑπῆρχον
967 2180 1204 2251 ἔχοντες,
1231 2182 1339 2235 εἴτε
1380 2182 1705 2254 Ῥωμαίους,
1739 2185 1849 2239 εἴτε

258 2265 609 2343 Βαρϐάρους.
653 2270 926 2340 ’Δσημοῦς
947 2271 1006 2325 δέ
1034 2274 1151 2325 ἐστι
1187 2273 1448 2345 φρούριον
1471 2275 1762 2348 καρτερὸν,
1785 2277 1849 2331 οὑ

263 2361 408 2416 πολὺ
435 2362 540 2434 μιν
558 2361 761 2433 ἀπέχον
787 2363 885 2432 τῆς
917 2363 1224 2435 Ἰλλυρίδος,
1247 2364 1325 2436 τῷ
1348 2365 1406 2418 δέ
1429 2365 1650 2439 Θρᾳκίῳ
1679 2385 1851 2440 προσ-

260 2453 528 2524 κείμενον
569 2454 766 2524 μέρειο
794 2455 933 2521 ὅπερ
961 2456 1011 2506 oi
1053 2455 1392 2519 ἐνοικοῦντες
1437 2456 1629 2526 ἄνδρες
1678 2457 1852 2512 πολλὰ

257 2542 418 2598 δεινᾶ
444 2543 574 2606 τοὺς
599 2543 827 2615 ἐχθροὺς
860 2544 1210 2614 εἰργάσαντο,
1229 2544 1331 2598 οὑκ
1355 2545 1464 2599 ἀπὸ
1495 2546 1690 2617 τειχῶν
1709 2547 1854 2617 ἀμυ-

262 2636 514 2705 νόμενοι,
562 2634 680 2688 ἀλλ’
730 2634 835 2699 ἔξω
862 2635 962 2705 τῆς
1004 2635 1212 2706 τάφρου
1276 2635 1454 2706 μάχας
1496 2636 1854 2709 ὑφιστάμενοι

267 2725 412 2795 πρός
439 2741 502 2778 τε
538 2725 771 2796 ἄπειρον
801 2725 1011 2795 πλῆθος
1066 2726 1160 2779 καὶ
1213 2728 1554 2798 στρατηγοὺς
1595 2729 1854 2798 μέγιστον

268 2814 427 2888 παρὰ
453 2813 696 2878 Σκύθαις
727 2816 952 2886 ἔχοντας
968 2817 1011 2849 ⁸⁸
1041 2818 1219 2880 κλέος,
1261 2818 1404 2873 ὥστε
1433 2821 1561 2883 τοὺς
1586 2821 1684 2891 μὲν
1713 2820 1852 2876 05v-

270 2923 402 2972 νους
444 2908 830 2978 ἀπορήσαντας
845 2909 890 2942 ⁸9
935 2909 1032 2962 τοῦ
1083 2911 1344 2982 φρουρίου
1397 2911 1850 2986 ὑπαναχωρῆσαι,

275 3000 408 3064 τοὺς
435 2999 495 3053 δὲ
524 3001 958 3072 ἑπεκτρὲχοντας
993 3001 1085 3054 καὶ
1131 3002 1441 3074 περαιτέρω
1489 3004 1599 3058 τῶν
1638 3007 1855 3063 οἰκείων

1945 539 2108 596 nimis
2131 541 2279 610 gravi
2309 541 2376 596 ad
2414 549 2645 610 tempus,
2688 540 2807 595 sive
2837 539 3224 609 imperatorum
3258 539 3520 616 benigni:

1942 636 2077 692 tate,
2106 643 2200 684 seu
2231 629 2472 699 iudicum
2515 630 2802 693 sententia,
2834 628 2995 684 levati
3044 634 3222 683 erant.
3251 628 3512 684 Confere-

1942 720 2072 775 bant
2098 721 2261 775 etiam
2275 735 2465 775 aurum
2496 719 2756 776 indictum
2779 721 2872 791 qui
2905 721 2958 776 in
3001 718 3262 776 Senatum
3290 721 3510 790 ascripti

1940 818 2119 877 erant,
2172 811 2310 864 ultra
2382 825 2544 879 quam
2597 810 2883 868 facultates
2941 809 3084 867 ferre
3130 819 3406 881 poterant,
3458 822 3516 866 ct

1943 902 2125 958 multis
2150 902 2429 974 splendida
2457 909 2512 959 et
2560 901 2784 958 illustris
2845 902 3060 958 fortuna
3107 903 3232 958 vitae
3273 917 3520 959 commu-

1943 996 2202 1052 tationem
2257 994 2456 1051 attulit.
2518 993 2958 1050 Conﬁciebantur
3029 994 3175 1049 enim
3246 995 3516 1065 pecuniae,

1942 1101 2064 1159 quae
2107 1087 2402 1159 uni-cuique
2440 1085 2722 1157 imperatae
2765 1093 2942 1151 erant,
2978 1100 3100 1142 cum
3132 1086 3432 1142 acerbitate
3463 1099 3520 1142 et

1942 1177 2266 1236 contumelia
2295 1178 2365 1234 ab
2402 1178 2490 1245 iis,
2531 1178 2728 1248 quibus
2776 1175 2936 1247 huius
2973 1177 3051 1234 rei
3088 1191 3216 1234 cura
3237 1177 3306 1233 ab
3345 1178 3517 1248 impe-

1942 1278 2127 1325 ratore
2172 1278 2293 1324 erat
2339 1267 2684 1325 demandata.
2726 1266 2803 1322 Ex
2855 1281 2984 1339 quo,
3032 1267 3180 1340 quia
3223 1267 3518 1339 majoribus

1943 1370 2195 1430 acceptas
2249 1359 2472 1415 divitias
2514 1359 2885 1429 possidebant,
2925 1369 3244 1417 ornamenta
3281 1376 3513 1418 uxorum

1942 1459 1998 1505 et
2017 1450 2310 1520 pretiosam
2340 1463 2492 1505 suam
2523 1449 2913 1521 supellectilem
2950 1450 3005 1506 in
3041 1451 3162 1508 foro
3191 1467 3387 1508 venum
3415 1469 3515 1510 ex-

1946 1541 2234 1611 ponebant.
2258 1539 2339 1594 Ab
2365 1541 2470 1596 hoc
2499 1539 2640 1596 bello
2668 1551 2773 1595 tam
2802 1551 2956 1598 atrox
2984 1551 3038 1598 et
3067 1544 3260 1600 acerba
3291 1544 3519 1600 calami-

1949 1640 2031 1688 las
2055 1631 2328 1688 Romanos
2362 1633 2597 1703 excepit,
2625 1645 2682 1688 ttt
2711 1635 2862 1689 multi
2901 1645 2995 1690 aut
3031 1637 3354 1693 abstinentia
3388 1638 3518 1702 cibi,

1948 1732 2038 1779 aut
2067 1732 2249 1795 aptato
2269 1723 2408 1780 collo
2440 1723 2634 1795 laqueo
2660 1725 2822 1779 vitam
2854 1726 3115 1784 ﬁnierint.
3145 1725 3300 1784 Tunc
3335 1728 3518 1800 igitur,

1949 1832 2116 1888 parvo
2155 1818 2414 1888 temporis
2453 1827 2727 1873 momento
2762 1817 3043 1876 exhaustis
3083 1819 3386 1886 thesauris,
3429 1836 3525 1875 au-

1950 1920 2068 1961 rum
2093 1915 2146 1961 ct
2174 1907 2388 1962 exsules
2419 1905 2567 1978 (nam
2597 1906 2802 1974 Seotta,
2835 1908 2925 1978 qui
2947 1908 3267 1980 susciperet,
3293 1911 3525 1967 advene-

1951 1998 2079 2070 rat),
2119 1999 2188 2054 ad
2215 1997 2446 2069 Scythas
2467 2001 2618 2055 missi
2645 2009 2790 2056 sunt.
2820 1999 3051 2057 Romani
3083 2016 3212 2060 vero
3240 2006 3436 2060 multos
3458 2021 3527 2060 cx

1951 2088 2216 2159 profugis,
2245 2089 2337 2160 qui
2361 2091 2482 2146 dedi
2517 2090 2948 2159 reluctabantur,
2989 2093 3352 2164 trucidarunt,
3385 2095 3529 2153 inter

1952 2199 2089 2253 quos
2143 2183 2308 2253 aliqui
2347 2182 2565 2240 fuerunt
2605 2197 2636 2239 e
2673 2185 2836 2256 regiis
2866 2184 3110 2258 Scythis,
3155 2189 3248 2259 qui
3293 2189 3532 2247 militare

1953 2274 2054 2328 sub
2095 2273 2258 2328 Attila
2307 2283 2600 2330 renuerant
2635 2283 2688 2330 et
2730 2273 2993 2333 Romanis
3036 2291 3097 2334 se
3143 2280 3528 2350 adiunxerant.

1955 2363 2158 2419 Praeter
2211 2364 2311 2420 has
2355 2365 2515 2433 pacis
2569 2366 2906 2423 conditiones
2971 2367 3166 2425 Attilas
3211 2371 3531 2428 Asimuntiis

1953 2469 2169 2524 quoque
2205 2456 2508 2524 imperavit,
2536 2466 2596 2511 ut
2622 2458 2882 2528 captivos,
2910 2474 3045 2530 quos
3077 2475 3242 2530 penes
3275 2476 3334 2518 se
3365 2463 3534 2520 habe-

1957 2543 2104 2606 bant,
2147 2544 2260 2599 sive
2291 2545 2584 2609 llomanos,
2613 2548 2729 2613 sive
2758 2547 3040 2616 barbaros,
3084 2550 3392 2608 redderent.
3436 2552 3535 2609 Est

1956 2645 2136 2691 autem
2162 2635 2380 2692 Asimus
2407 2638 2662 2709 oppidum
2695 2639 2952 2702 validum,
2978 2655 3083 2696 non
3108 2641 3336 2698 multum
3358 2645 3426 2700 ab
3470 2645 3533 2699 II-

1957 2727 2124 2800 lyrico
2170 2728 2400 2796 distans,
2438 2730 2583 2800 quod
2630 2731 2770 2801 parti
2815 2729 3062 2788 Thracias
3100 2733 3330 2804 adiacet,
3381 2735 3534 2805 cujus

1958 2821 2145 2878 incola:
2187 2821 2440 2891 gravibus
2485 2823 2695 2878 damnis
2732 2824 2918 2880 hostes
2955 2824 3270 2882 aiiecerunt.
3299 2827 3420 2884 Non
3455 2829 3533 2886 illi

1956 2915 2172 2984 quidem
2214 2929 2274 2970 se
2315 2915 2574 2970 mmniutn
2623 2917 2829 2972 ambitu
2876 2917 3188 2986 tuebantur,
3234 2919 3328 2976 sed
3381 2930 3538 2976 extra

1957 3007 2358 3077 propugnacula
2399 3007 2695 3063 certamina
2749 3009 3091 3066 sustinebant
3125 3020 3318 3068 contra
3354 3013 3537 3070 infini-

285 3091 625 3161 γινομένους,
654 3091 816 3164 ἡνίκα
852 3093 1198 3161 ἀπήγγελλον
1228 3093 1412 3157 αὑτοῖς
1439 3097 1487 3148 oi
1520 3099 1712 3150 σκοποὶ
1742 3098 1871 3153 διιέ-

1974 3108 2085 3155 tam
2117 3096 2441 3170 Scytharum
2473 3099 2874 3158 multitudinem
2901 3111 2956 3156 et
2986 3102 3154 3159 duces
3185 3105 3364 3176 magni
3396 3107 3539 3176 apud

285 3199 374 3236 ναι
422 3183 546 3246 τοὺς
603 3182 895 3253 πολεμίους
947 3183 1097 3238 λείαν
1159 3184 1477 3256 Ῥωμαϊκὴν
1519 3188 1861 3258 ἀπάγοντας,

278 3276 570 3347 ἀδοκήτοις
627 3292 686 3329 τε
746 3275 1042 3346 ἐμπίπτειν
1089 3277 1183 3330 καὶ
1235 3276 1478 3349 σφέτερα
1531 3280 1598 3334 τὰ
1643 3281 1865 3338 ἐκείνων

278 3367 558 3422 ποιεῖσθαι
587 3367 828 3438 λάφυρα,
861 3367 1059 3439 πλήθει
1096 3369 1199 3438 μὲν
1226 3368 1587 3440 λειπομένους
1629 3374 1739 3428 τῶν
1768 3375 1866 3432 ἀν-

279 3459 752 3529 τιπολεμούντων,
805 3461 974 3531 ἀρετῇ
1011 3459 1070 3512 δὲ
1123 3461 1214 3512 καὶ
1262 3459 1424 3534 ῥώμῃ
1478 3462 1863 3534 διαφέροντας.

283 3552 582 3615 Πλείστους
623 3551 804 3604 τοίνυν
845 3552 895 3604 οί
942 3549 1326 3620 ’Δσημοὺντιοι
1357 3555 1415 3607 ἐν
1438 3553 1579 3623 τῷδε
1605 3554 1682 3625 τῷ
1711 3556 1870 3610 πολέ-

282 3661 373 3715 μῳ
400 3643 620 3706 Σκύθας
662 3643 762 3713 μὲν
813 3643 1167 3708 ἀπέκτειναν,
1211 3643 1521 3714 Ῥωμαίους
1557 3647 1614 3700 δὲ
1643 3647 1868 3718 ἠλευθέ-

286 3753 490 3806 ρωσαν,
548 3735 676 3798 τοὺς
721 3734 778 3788 δὲ
831 3735 927 3789 καὶ
980 3735 1390 3806 ἀποδράσαντες
1444 3737 1556 3791 τῶν
1609 3740 1869 3796 ἐναντίων

289 3828 542 3894 ἐδέξαντο
563 3843 575 3858 .
599 3828 702 3880 οὐκ
718 3825 954 3896 ἀπάγειν
975 3826 1068 3881 οῦν
1091 3828 1196 3900 εφη
1219 3831 1247 3882 ὁ
1271 3829 1531 3901 Ἀττήλας
1555 3832 1783 3904 στρατὸν
1800 3834 1868 3900 ⁸⁸,

295 3916 420 3972 om
442 3917 738 3990 ἐπικυροῦν
755 3919 854 3984 τὰς
875 3920 978 3989 τῆς
1007 3921 1236 3992 είρήνης
1259 3921 1556 3993 συνθήκας,
1588 3925 1636 3977 εί
1672 3924 1748 3996 μὴ
1775 3925 1871 3978 ἐκ·

289 4011 555 4065 δοθείεν⁸¹
596 4013 646 4066 oi
682 4013 814 4084 παρ’
842 4013 1088 4077 ἐκείνους
1130 4016 1540 4084 καταφυγόντες
1590 4015 1871 4088 Ῥωμαῖοι,

284 4103 384 4157 καὶ
404 4105 451 4135 ⁸³
487 4103 630 4173 ὑπὲρ
671 4102 854 4157 αὑτῶν
884 4103 1086 4158 δοθεῖεν
1109 4104 1502 4176 ἀποτιμήσεις,
1541 4107 1874 4180 ἀφεθείησαν

280 4197 340 4250 δὲ
363 4198 463 4252 καὶ
491 4199 540 4250 oi
565 4197 717 4268 παρᾶ
766 4196 1180 4266 Ἀσημουντίων
1209 4197 1550 4268 ἀπαχθέντες
1585 4200 1872 4271 αἰχμάλω-

279 4307 366 4344 τοι
402 4290 705 4360 Βάρσαροι.
739 4287 1071 4357 ’Δντιλέγειν
1088 4288 1146 4342 δὲ
1169 4287 1318 4358 αὑτῷ
1351 4288 1427 4351 ὼς
1465 4288 1563 4360 οὑχ
1582 4283 1693 4354 οἷός
1719 4307 1780 4344 τε
1809 4285 1878 4363 ἦν

1967 3206 2062 3248 eos
2087 3191 2326 3247 nominis
2349 3200 2404 3246 et
2430 3191 2870 3250 existimationis.
2903 3194 3091 3267 Itaque
3125 3194 3305 3252 Hunni
3336 3199 3540 3257 omissa

1968 3297 2066 3351 spe
2108 3281 2178 3338 ab
2212 3284 2570 3353 oppugnando
2617 3285 2816 3355 oppido
2857 3286 3200 3342 destiterunt.
3233 3287 3316 3343 illi
3358 3299 3542 3344 autem

1969 3381 2226 3442 vagantes
2263 3383 2317 3427 et
2365 3389 2394 3426 a
2447 3375 2561 3429 suis
2616 3374 2826 3444 longius
2872 3374 3212 3444 aberrantes,
3250 3379 3296 3435 si
3327 3382 3545 3451 quando

1971 3465 2154 3519 hostes
2182 3463 2365 3518 exisse
2394 3471 2449 3518 ct
2478 3463 2687 3534 praedas
2727 3480 2791 3520 ex
2833 3465 3097 3524 Romanis
3123 3469 3326 3538 egisse,
3352 3467 3545 3542 αρισ.

1970 3561 2180 3608 ratores
2200 3551 2965 3623 denuntiabant,inopinantes
3005 3557 3246 3626 aggressi
3284 3549 3442 3628 parti
3471 3561 3543 3614 ab

1971 3644 2051 3699 eis
2067 3643 2237 3714 spolia
2256 3643 2357 3697 sibi
2379 3642 2746 3709 vindicabant,
2773 3659 2998 3701 numero
3021 3646 3237 3715 quidem
3255 3647 3545 3706 inferiores

1972 3732 2318 3798 adversariis,
2358 3731 2469 3803 36
2513 3731 2608 3788 sed
2640 3731 2835 3788 robore
2863 3742 2919 3789 et
2957 3734 3155 3791 virtute
3201 3745 3542 3808 praestantes.

1972 3827 2162 3898 itaque
2201 3826 2489 3882 Asitnuntii
2536 3826 2796 3896 plurimos
2829 3840 2896 3883 ex
2927 3827 3146 3901 Scythis
3174 3828 3228 3884 in
3269 3829 3372 3888 hoc
3403 3829 3546 3888 bello

1974 3927 2325 3985 necaverunt,
2357 3927 2413 3975 et
2444 3919 2640 3976 multos
2670 3919 3036 3977 Romanorum
3059 3921 3113 3976 in
3139 3922 3438 3980 libertatem
3460 3940 3549 3981 as-

1974 4020 2283 4080 seruerttnt,
2301 4020 2355 4066 et
2371 4011 2607 4067 hostium
2639 4011 2942 4084 transfugas
2976 4021 3315 4084 receperunt.
3343 4013 3548 4082 Quam-

1977 4105 2164 4161 obrem
2215 4103 2434 4170 Attilas,
2492 4117 2551 4159 se
2593 4104 2892 4159 exercitum
2940 4119 3045 4161 non
3085 4117 3212 4163 ante
3249 4115 3545 4174 moturum,

1979 4205 2074 4252 aut
2108 4194 2333 4252 foederis
2366 4193 2706 4250 conditiones
2741 4206 2891 4253 ratas
2921 4195 3234 4253 habiturum
3271 4197 3547 4268 professus

1979 4295 2082 4353 est,
2118 4301 2278 4356 quam
2309 4285 2562 4349 Romani,
2583 4285 2674 4356 qui
2703 4286 2770 4341 ad
2792 4284 3127 4342 Asintuntios
3155 4288 3549 4356 pervenissent.

275 4382 409 4436 οὔτε
455 4381 766 4444 ’Δνατόλιος
820 4379 1283 4451 πρεσϐευόμενος,
1344 4379 1468 4436 οὗτε
1507 4381 1798 4446 Θεόδουλος
1843 4384 1872 4437 ὁ

1983 4379 2356 4444 redderentur,
2386 4385 2480 4432 aut
2501 4391 2600 4446 pro
2629 4374 2714 4430 his
2742 4375 2907 4430 multa
2939 4387 3203 4432 conventa
3229 4376 3553 4446 solveretur,

277 4473 396 4526 τῶν
461 4469 872 4540 στρατιωτικῶν
888 4470 936 4502 ⁸³
988 4471 1132 4525 κατὰ
1185 4470 1248 4524 τὸ
1291 4470 1528 4543 Θρᾴκιον
1577 4474 1875 4546 ταγμάτων

1982 4481 2038 4528 et
2060 4441 2418 4527 liberarentur
2455 4441 2667 4525 abducti
2698 4468 2752 4523 in
2784 4468 3099 4525 servitutem
3129 4467 3367 4525 barbari.
3391 4441 3553 4539 Cum,

275 4562 602 4633 ἡγούμενος
655 4559 800 4630 (οὑτε
834 4559 942 4631 γὰρ
971 4559 1211 4625 ἐπειθον,
1255 4559 1380 4614 οὑτε
1417 4561 1484 4615 τὰ
1516 4561 1714 4632 εὔλογα
1742 4580 1879 4636 προ-

274 4657 586 4718 τείνοντες,
619 4653 712 4707 τοῦ
749 4653 848 4726 μὲν
898 4651 1032 4724 [γὰρ
1053 4650 1122 4724 ⁸⁸]
1149 4651 1428 4724 βαρϐάρου
1477 4655 1879 4726 τεθαρρηκότος

276 4749 382 4802 καὶ
426 4745 744 4817 προχείρως
783 4746 840 4809 ἐς
862 4747 932 4798 τὰ
963 4743 1106 4797 ὅπλα
1135 4743 1440 4814 ὁρμῶντος,
1489 4745 1674 4799 αὑτῶν
1698 4745 1756 4799 δὲ
1780 4763 1881 4802 κα-

275 4839 650 4908 τεπτηχότων
679 4837 767 4891 διὰ
787 4836 859 4890 τὰ
885 4836 1360 4909 προῦπάρξαντα),
1392 4838 1696 4908 γράμματα
1727 4837 1880 4909 παρὰ

272 4935 416 4996 τοὺς
458 4929 886 5000 ’Λσημουντίους
935 4927 1184 4982 ἔστελλον
1215 4927 1249 4999 ἢ
1283 4929 1549 4984 ἐκδιδόναι
1579 4931 1707 4994 τοὺς
1731 4913 1886 5001 ’παρ’

273 5023 498 5085 αὐτοὺς
551 5021 973 5091 καταφυγόντας
1023 5020 1410 5092 αἰχμαλώτους
1459 5022 1788 5092 Ῥωμαίους,
1846 5021 1881 5093 ἢ

275 5115 436 5185 ὑπὲρ
474 5113 711 5168 ἑκάστου
750 5113 960 5166 δώδεκα
995 5113 1205 5167 τιθέναι
1259 5111 1502 5185 χρυσοῦς
1520 5115 1589 5180 ⁸⁵,
1628 5111 1886 5191 διαφεθῆ-

273 5226 376 5263 ναι
409 5206 476 5261 δὲ
510 5206 606 5259 καὶ
643 5207 771 5268 τοὺς
811 5205 1197 5277 αἰχμαλώτους
1227 5204 1481 5269 Οὑννους.
1505 5207 1572 5259 υί
1593 5206 1650 5260 δέ
1693 5207 1762 5260 τὰ
1787 5205 1886 5259 αὑ⁴

270 5307 403 5366 τοῖς
434 5299 822 5372 ἐπεσταλμένα
849 5299 1204 5369 ἀναγνόντες,
1232 5298 1441 5362 ἔφασαν
1474 5300 1602 5364 τοὺς
1631 5301 1729 5371 μὲν
1757 5297 1889 5370 παρ’

1985 4572 2106 4628 qum
2155 4566 2341 4614 contra
2381 4571 2443 4612 ea
2487 4557 2802 4625 dissereret,
2850 4572 2956 4613 non
3004 4557 3230 4615 haberet
3270 4557 3558 4616 Anatolius

1985 4652 2215 4720 legatus,
2247 4665 2422 4724 neque
2454 4650 2781 4718 Theodulus,
2812 4651 3270 4721 praesidiariorum
3308 4649 3558 4709 Thraciae

1987 4743 2216 4798 militum
2250 4741 2356 4796 dux
2397 4740 2553 4814 (nihil
2582 4741 2726 4798 enim
2776 4740 3077 4797 rationibus
3106 4741 3222 4798 suis
3261 4743 3556 4798 Barbarum

1988 4835 2297 4901 movebant,
2337 4834 2428 4904 qui
2475 4833 2677 4890 recenti
2711 4832 2938 4889 victoria
2974 4833 3172 4901 elatus,
3215 4843 3467 4906 prompte
3491 4836 3560 4890 ad

1986 4942 2135 4983 arma
2160 4926 2455 4988 ferebatur,
2477 4924 2578 4994 ipsi
2597 4931 2784 4980 contra
2807 4931 3026 4995 propter
3055 4939 3246 4982 recens
3277 4935 3556 4996 acceptam

1987 5017 2194 5074 cladem
2239 5015 2436 5072 animis
2459 5013 2815 5086 ceciderant),
2847 5014 3174 5073 Asimuutiis
3215 5031 3312 5087 per
3352 5018 3562 5072 litteras

1987 5110 2383 5182 signiﬁcurnnt,
2421 5116 2479 5163 ut
2517 5107 2798 5163 Romanos
2826 5107 3092 5178 captivos,
3131 5109 3223 5180 qui
3250 5110 3316 5164 ad
3340 5122 3399 5164 se
3435 5123 3562 5177 per-

1990 5203 2276 5274 fugissent,
2324 5199 2698 5264 rcstituerent,
2735 5206 2828 5254 aut
2866 5213 2966 5269 pro
2995 5213 3322 5271 unoquoque
3345 5199 3563 5266 captivo

1991 5294 2270 5352 duodecim
2302 5305 2495 5346 aureos
2533 5287 2850 5360 penderent,
2876 5299 2932 5346 et
2964 5289 3190 5348 Hunnos
3227 5290 3468 5359 captivos
3496 5288 3562 5343 li-

1587 5417 1822 5474 VABIA‘S
1863 5413 2269 5472 LECTIONES.

358 5542 409 5574 ⁸⁵
437 5541 498 5596 δὲ
529 5540 616 5604 Β.,
639 5539 738 5594 καὶ
785 5539 932 5609 vulg.
1008 5540 1056 5573 ⁸⁵
1081 5537 1562 5610 ἀναγεγραμμένοι
1585 5537 1744 5610 ναι,
1762 5535 1874 5589 ἄνω
1897 5531 2443 5610 γεγρα-μμένοιρνιιις.
2557 5530 2605 5563 ⁸⁸
2617 5529 2731 5610 ⁸’τὴν
2753 5529 2878 5610 add:

886 5601 932 5643 τ’
952 5601 1340 5680 ἀπορήσαντας
1366 5601 1466 5670 Ν..
1507 5601 1957 5691 ἀπορρεύσαντας
1993 5601 2138 5691 v‘ulg.
2220 5601 2412 5691 ."sbv'
2451 5617 2571 5684 στρ.
2615 5601 2656 5656 Ν

276 5611 333 5647 ⁵⁸
365 5611 588 5683 ἔχοντες
611 5611 774 5683 vulg.

3076 5527 3120 5560 δ’
3150 5525 3395 5596 παρχω
3423 5523 3557 5596 ᾉΡιν.

2246 5593 2420 5684 σητδξ
2451 5617 2571 5684 σίιρ,
2615 5593 2700 5656 Ν.’
2723 5670 2766 5684 ﬂ
2789 5600 2831 5684 εξ
2860 5595 3128 5684 ἐκδρθξϊεν
3161 5593 3559 5684 11.,’ἐκτξοθὶίε’ν

280 5663 452 5753 vulg.
508 5663 810 5753 Adfecit].
843 5680 901 5734 Β.
932 5663 1032 5751 pro
1058 5663 1171 5733 καὶ.
1237 5681 1282 5710 ⁵³
1313 5663 1668 5753 στρατιωτὸἱᾷ
1689 5678 1834 5748 vulg.
1901 5663 1951 5706 ’ί
1971 5663 2265 5730 ναιούηιιίε
2307 5663 2650 5728 inclusimus.
2721 5670 2766 5703 ³⁸
2793 5667 2925 5737 ὼςῆ
2954 5668 3068 5722 ἐκδ.
3096 5693 3166 5707 —-
3192 5663 3425 5738 χρυσοῦς
3455 5665 3557 5733 δεῖ,

275 5749 455 5820 ἁφεθ.
491 5749 638 5822 conj.
668 5749 734 5806 N.

667 5844 937 5908 PATaoL.
983 5843 1078 5905 Ga
1138 5841 1357 5903 CXIII.

3168 5813 3324 5888 22‘
