4050 6428
480 319 588 384 683

1494 313 1888 376 EXCERPTA
1928 312 2029 372 EX
2067 311 2337 373 PRISCO
2359 312 2733 374 RHETORE

3646 314 3751 379 684

475 432 756 490 berar’ent.
785 429 990 498 Quibus
1022 427 1214 484 litteris
1245 427 1420 492 lectis,
1463 427 1767 492 Romanosr
1786 425 1876 496 qui
1907 424 1972 478 ad
2002 437 2059 479 se

2166 423 2362 488 αὐτοὺς
2383 424 2427 456 ⁸³
2456 423 2874 493 καταφυγόντας
2913 421 3216 492 Ῥωμαίους
3245 421 3463 492 ἀφεῖναι
3489 426 3577 480 ἐπ’
3602 428 3753 482 ἐλευ-

476 521 874 595 confugissent,
910 521 1108 576 liberos
1132 536 1190 576 se
1223 518 1376 575 abire
1401 519 1616 584 sivissc,
1644 517 1879 588 Scythas
1909 530 2056 583 vero,

479 623 746 685 quotquot
790 613 844 667 in
884 627 1011 667 suas
1045 625 1237 666 manus
1274 611 1577 674 venissent,
1620 609 1921 664 trucidasse
1977 624 2062 666 rc-

480 706 837 777 sponderunt.
883 706 1026 758 Duos
1079 712 1259 757 autem
1316 701 1560 771 captivos
1617 701 1878 766 retinere,
1931 714 2061 770 pro-

479 805 668 867 pterea
716 783 854 865 quod
903 796 1108 859 hostes,
1150 793 1434 849 obsidione
1476 794 1698 861 omissa,
1750 793 1802 848 in
1846 794 2062 849 insidiis

483 887 755 951 collocati,
811 884 1100 940 nonnullos
1151 899 1370 953 pueros,
1411 883 1502 954 qui
1548 893 1674 941 ante
1735 883 2065 939 munitiones

485 995 679 1051 greges
710 979 1028 1048 pascebant,
1058 978 1390 1046 rapuissent,
1430 991 1566 1048 quos
1597 977 1700 1033 nisi
1731 975 2060 1046 reciperent,

483 1072 728 1140 captivos
770 1069 892 1139 jure
921 1068 1043 1124 belli
1090 1069 1193 1124 sibi
1229 1069 1550 1139 acquisitos,
1582 1069 1808 1124 minime
1839 1069 2061 1124 restita-

481 1154 665 1217 turos.‘
693 1159 818 1218 Haec
860 1161 1245 1216 renuntiarunt
1278 1161 1370 1232 qui
1419 1160 1488 1216 ad
1524 1161 1866 1218 Asimuntios
1911 1160 2063 1216 missi

482 1254 718 1309 fuerant.
746 1254 955 1321 Quibus
979 1255 1199 1323 auditis,
1233 1255 1561 1326 Scytharum
1590 1255 1705 1325 regi
1724 1263 1779 1311 et
1800 1253 2065 1312 Romanis

478 1344 814 1414 principibus
845 1345 1048 1420 placuit
1098 1345 1309 1416 exquiri
1346 1360 1569 1416 pueros,
1605 1361 1740 1416 quos
1769 1342 2063 1402 Asimuntii

483 1448 662 1508 raptos
685 1453 805 1495 esse
832 1439 1224 1510 querebantur.
1255 1437 1362 1494 Sed
1400 1438 1619 1496 nemine
1649 1444 1889 1507 reperto,
1924 1435 2061 1491 Bar-

479 1529 594 1588 bari
637 1529 706 1585 ab
740 1529 1058 1586 Asimuntiis
1086 1530 1229 1600 capti
1277 1537 1406 1585 sunt
1434 1528 1666 1590 dimissi,
1698 1526 1849 1597 prius
1883 1535 2062 1582 tamen

482 1623 585 1677 fide
619 1636 647 1674 a
681 1619 900 1692 Scythis
938 1629 1181 1689 accepta,
1207 1635 1314 1675 non
1339 1634 1460 1674 esse
1495 1618 1641 1689 apud
1673 1619 1818 1687 ipsos
1847 1631 2061 1688 pueros.

477 1712 804 1768 Juraverunt
827 1713 992 1768 etiam
1022 1711 1339 1776 Asimuntii,
1369 1725 1429 1765 se
1453 1709 1749 1775 Romanos,
1785 1709 1875 1778 qui
1907 1709 1972 1764 ad
2000 1723 2061 1764 se

479 1803 815 1874 effugissent,
842 1803 1094 1859 libertate
1134 1802 1389 1868 donasse,
1422 1802 1672 1872 quamvis
1715 1800 1891 1856 adhuc
1921 1800 2059 1856 mul-

481 1907 564 1953 tos
594 1897 650 1952 in
686 1910 784 1952 sua
810 1904 1081 1966 potestate
1124 1887 1405 1950 haberént.
1449 1893 1563 1950 Nec
1592 1895 1735 1950 enim
1768 1894 1878 1950 sibi
1921 1894 2063 1964 peje-

483 2003 631 2046 rasse
652 1987 997 2054 videbantur,
1023 1987 1184 2042 modo
1206 2001 1333 2042 suos
1356 2001 1383 2040 a
1406 1985 1767 2042 Barbarorum
1797 1985 2060 2042 servitute

479 2081 659 2136 salvos
681 2087 734 2135 et
764 2079 1063 2136 incolumes
1087 2079 1430 2149 prmstarcrtt.

550 2177 604 2232 4.
647 2176 782 2234 Pace
813 2175 979 2243 facta,
1011 2175 1206 2230 Attilas
1234 2189 1427 2230 rursus
1449 2173 1654 2244 legatos
1682 2175 1748 2230 ad
1782 2173 2059 2231 Romanos

479 2270 770 2326 orientales
805 2269 990 2335 mittit,
1033 2269 1122 2337 qui
1165 2266 1476 2338 transfugas
1505 2277 1834 2336 repeterent.
1876 2270 1944 2322 At
1979 2267 2057 2322 illi

483 2365 690 2432 legatos
716 2360 964 2432 plurimis
998 2361 1154 2416 donis
1177 2370 1420 2425 ornatos,
1444 2373 1566 2414 cum
1593 2358 1768 2414 nullos
1804 2359 2059 2429 perfugas

479 2456 618 2526 apud
669 2470 728 2510 se
767 2468 888 2509 esse
931 2460 1364 2517 asseverassent,
1414 2451 1758 2508 dimiserunt.
1814 2451 1959 2509 Misit
2003 2461 2058 2509 et

481 2551 674 2603 iterum
702 2546 896 2601 Attilas
924 2544 1082 2609 alios,
1113 2543 1310 2614 quibus
1336 2558 1440 2598 nou
1480 2543 1658 2598 minus
1699 2544 1894 2614 amplis
1938 2560 2058 2598 mu-

481 2637 699 2700 neribus
759 2634 964 2701 ditatis,
1007 2635 1161 2689 tertia
1209 2633 1276 2689 ab
1332 2647 1418 2699 eo,
1473 2644 1597 2703 post
1655 2634 1800 2688 illam
1871 2633 2056 2690 itidem

478 2738 672 2798 quarta
711 2727 903 2798 legatio
936 2727 1173 2782 advenit.
1221 2725 1314 2781 lllc
1343 2726 1487 2782 enim
1527 2724 1896 2782 Romanorum
1927 2728 2059 2784 libe-

482 2820 774 2883 ralitatem,
820 2833 926 2890 qua
968 2820 1281 2882 utebantur,
1322 2817 1502 2883 veriti,
1563 2832 1630 2874 ne
1685 2833 1714 2872 a
1764 2817 2060 2874 foederibus

480 2911 1083 2973 Barbaridiscedcreut,
1113 2908 1219 2979 37
1245 2908 1476 2963 ludibrio
1501 2908 1725 2975 habens,
1751 2924 1918 2965 novas
1940 2912 2060 2964 sub-

483 3005 606 3060 inde
679 3016 874 3060 causas
924 3002 1179 3073 tingebat,
1238 3009 1292 3056 et
1328 3015 1492 3057 vanas
1554 3000 1870 3058 occasiones
1917 3002 2060 3073 lega-

2164 517 2339 588 θερίᾳ,
2373 517 2587 580 Σκύθας
2617 517 2674 571 δὲ
2703 518 2864 580 ὅσους
2895 515 3279 586 αἰχμαλώτους
3307 515 3499 571 ἔλαϐον
3540 520 3752 593 ἀνῃρη-

2164 609 2343 670 κέναι,
2378 608 2472 661 δύο
2507 608 2563 662 δὲ
2602 607 2968 670 συλλαϐόντας
2992 607 3138 676 ἔχειν
3171 605 3259 659 διὰ
3277 609 3338 659 τδ
3368 607 3465 660 καὶ
3492 611 3618 673 τοὺς
3652 627 3757 662 πτ-

2163 700 2383 770 λεμίους
2421 701 2559 771 μετά
2612 700 2712 772 τὴν
2738 699 3040 770 γενομένην
3076 698 3170 752 ἐπὶ
3205 700 3398 770 χρόνον
3429 701 3760 772 πολιορκίαν

2154 791 2225 858 ἐξ
2247 793 2467 862 ἐνέδρας
2496 791 2853 858 ἐπιθεμένους
2880 791 2988 845 τῶν
3009 790 3114 862 πρὸ
3141 791 3235 844 τοῦ
3263 794 3524 863 φρουρίου
3554 796 3758 864 νεμόν-

2163 901 2278 937 των
2318 882 2523 937 παίδων
2567 883 2815 952 ἁρπάσαι
2863 882 3036 948 τινάς,
3071 880 3170 945 οὓς
3197 883 3245 936 εί
3281 883 3357 954 μὴ
3398 884 3756 949 ἀπολάϐοιεν,

2164 975 2286 1029 οὐδὲ
2346 973 2472 1036 τοὺς
2523 973 2675 1044 νόμῳ
2730 972 2970 1043 πολέμου
3033 972 3335 1043 κτηθέντας
3421 976 3752 1032 ἀποδώσειν.

2166 1064 2355 1119 Ταῦτα
2397 1062 2850 1132 ἀπαγγειλάντων
2902 1062 3012 1117 τῶν
3067 1065 3222 1134 παρὰ
3279 1064 3407 1128 τοὺς
3450 1065 3754 1138 Ἀσημουν.

2165 1157 2312 1221 τίους
2369 1157 2708 1228 ἀφιγμένων,
2744 1154 2826 1227 τῷ
2873 1172 2933 1208 τε
2988 1155 3214 1209 Σκυθῶν
3266 1156 3480 1227 βασιλεί
3509 1161 3604 1212 καὶ
3637 1164 3756 1224 τοῖς

2171 1227 2474 1319 Ῥοἶμαίοις
2512 1227 2773 1318 ἄρχουσιν
2795 1245 2972 1298 ἐδόκει
3020 1245 3120 1315 μὲν
3149 1245 3544 1316 ἀναζητεῖσθαι
3572 1243 3669 1311 οὓς
3704 1251 3752 1299 οἱ

2177 1339 2563 1410 ’Λσημούντιοι
2609 1337 2820 1408 ἔφασαν
2853 1335 3135 1406 ἡρπάσθαι
3165 1335 3385 1399 παῖδας,
3432 1337 3646 1401 οὐδενὸς
3695 1339 3754 1390 δὲ

2166 1433 2452 1502 φανέντος,
2482 1432 2531 1486 oi
2560 1430 2714 1502 παρὰ
2736 1432 2850 1493 τοῖς
2883 1429 3293 1500 Ἀσημουντίοις
3346 1429 3619 1501 Βάρϐαροι
3651 1433 3760 1485 ἁπ-

2167 1523 2448 1593 εδόθησαν,
2480 1522 2693 1586 πίστεις
2724 1520 2835 1575 τῶν
2867 1519 3092 1574 Σκυθῶν
3121 1519 3320 1579 δόντων
3353 1521 3430 1585 ὡς
3478 1524 3609 1592 παρ’
3651 1524 3753 1575 αύ-

2166 1616 2278 1679 τοῖς
2299 1615 2348 1667 οί
2380 1614 2565 1677 παῖδες
2587 1613 2686 1666 οὐκ
2717 1614 2908 1682 είησαν
2927 1611 2995 1666 ⁸⁷.
3039 1609 3391 1682 Ἐπώμνυότο
3413 1611 3458 1645 ⁸³
3487 1612 3545 1666 δέ
3578 1615 3675 1667 καὶ
3702 1617 3751 1666 οἱ

2180 1707 2582 1778 Ἀσημούντιοι,
2613 1706 2689 1768 ὡς
2729 1705 2780 1758 οί
2812 1705 2962 1776 παρά
2988 1707 3130 1774 σφᾶς
3159 1705 3572 1774 καταφυγόντες
3619 1706 3756 1759 Ῥω-

2167 1801 2318 1870 μαῖοι
2359 1799 2446 1851 ἐπ’
2492 1797 2776 1868 ἐλευθερίᾳ
2805 1797 3126 1866 ἀφείθησαν.
3171 1797 3408 1867 Ὤμνυον
3440 1797 3516 1862 δὲ,
3545 1798 3755 1868 καίπερ

2162 1891 2316 1964 παρά
2374 1889 2561 1958 σφίσιν
2606 1889 2775 1942 ὄντων
2831 1888 3158 1958 Ῥωμαίωνο
3203 1888 3264 1941 οὐ
3326 1889 3436 1960 γάρ
3491 1889 3752 1961 ἐπίορκον

2161 1985 2332 2055 ᾤοντο
2372 1985 2535 2054 ὅρκον
2582 1981 2814 2052 ὀμνύναι
2856 1981 2950 2034 ἐπὶ
2989 1983 3054 2053 τῇ
3104 1981 3351 2053 σωτηρίᾳ
3389 1981 3499 2036 τῶν
3535 1983 3598 2054 ἐκ
3641 1984 3747 2036 τοῦ

2163 2079 2435 2150 σφετέρου
2465 2077 2661 2146 γένους
2687 2075 2920 2146 ἀνδρῶν.

2229 2170 2294 2224 δ’.
2327 2171 2452 2223 Ὀτι
2480 2167 2789 2238 γενομένων
2825 2166 2934 2221 τῶν
2981 2166 3248 2233 σπονδῶν,
3285 2167 3553 2238 Ἀττὴλας
3584 2163 3754 2231 αὖθις

2160 2261 2315 2335 παρά
2353 2262 2481 2324 τοὺς
2510 2259 2679 2331 ἐῴους
2709 2259 2923 2330 έπεμψε
2961 2242 3244 2330 πρέσϐεις,
3283 2260 3529 2329 φυγάδας
3557 2263 3752 2315 αἰτῶν.

2163 2354 2227 2406 Oi
2254 2353 2312 2406 δὲ
2347 2353 2475 2416 τοὺς
2506 2350 2985 2422 πρεσϐευομένους
3029 2350 3311 2420 δεξάμενοι
3346 2352 3439 2404 καὶ
3473 2351 3754 2417 πλείστοις

2159 2442 2354 2514 δώροις
2401 2441 2839 2512 θεραπεύσαντες
2917 2440 3279 2511 ἀπέπεμψαν,
3364 2443 3616 2510 φυγάδας
3675 2446 3754 2514 μὴ

2160 2534 2304 2605 ἔχειν
2335 2534 2626 2604 φήσαντες.
2661 2532 2832 2587 Πάλιν
2871 2533 3092 2603 ἐτέρους
3121 2533 3356 2604 έπεμψε,
3407 2552 3757 2605 χρηματισα-

2164 2626 2341 2697 μένων
2369 2626 2426 2679 δὲ
2457 2626 2550 2679 καὶ
2576 2625 2778 2692 αὐτῶν,
2807 2625 2962 2696 τρίτη
2988 2626 3319 2694 παρεγένετο
3345 2627 3632 2696 πρεσϐεία,
3657 2630 3754 2681 καὶ

2159 2717 2394 2786 τετάρτη
2430 2715 2550 2786 μετ’
2586 2715 2777 2784 αὑτήν.
2820 2714 2878 2768 '0
2907 2712 3016 2783 γὰρ
3058 2717 3114 2778 ἐς
3166 2713 3262 2784 τὴν
3301 2715 3587 2783 Ῥωμαίων
3640 2718 3755 2780 ἀφ-

2160 2811 2302 2881 ορῶν
2338 2808 2672 2880 φιλοτιμίαν,
2705 2807 2772 2880 ἢν
2803 2808 3085 2862 ἐποιοῦντο
3117 2809 3376 2880 εὐλαϐείᾳ
3395 2810 3486 2864 τοῦ
3520 2812 3595 2881 μὴ
3641 2830 3749 2864 πα-

2166 2902 2475 2974 ραϐαθῆναι
2521 2901 2623 2964 τὰς
2682 2899 2937 2966 σπονδὰς,
2981 2901 3142 2964 ὅσους
3173 2899 3282 2954 τῶν
3313 2901 3646 2972 ἐπιτηδείων
3685 2899 3749 2956 εὖ

2164 2997 2343 3049 ποιεῖν
2379 2993 2661 3059 ἐϐούλετο,
2691 2993 2905 3064 ἔπεμπε
2929 2993 3057 3063 παρ’
3088 2993 3307 3057 αὐτοὺς,
3333 2994 3514 3058 αιίτίας
3535 3013 3593 3048 τε
3616 2998 3753 3050 άνα-

485 3109 666 3152 torum
696 3092 1081 3151 mittendorum
1108 3092 1472 3162 excogitabat,
1502 3102 1554 3148 et
1580 3093 1646 3148 ad
1672 3108 1800 3149 suos
1821 3109 2059 3148 necessa-

2172 3086 2424 3140 πλάττων
2475 3086 2568 3140 καὶ
2627 3085 2928 3156 προφάσεις
2988 3085 3335 3156 ἐφευρίσκων
3385 3087 3566 3150 κενάς.
3597 3090 3659 3141 Oi
3691 3090 3748 3142 δὲ

483 3189 617 3256 rios,
637 3203 775 3260 quos
798 3187 1125 3243 liberalitate
1151 3199 1348 3240 ornare
1368 3185 1602 3253 volebat,
1629 3201 1720 3241 eas
1762 3187 2058 3254 legationes

485 3281 784 3338 deferebat.
831 3279 1061 3334 Romani
1105 3292 1234 3332 vero
1274 3277 1326 3332 in
1377 3277 1627 3334 omnibus
1669 3278 1829 3334 rebus
1883 3278 2061 3333 Attilae

486 3375 630 3432 dicto
664 3371 948 3429 audientes
984 3379 1160 3435 erant,
1202 3379 1257 3424 et
1295 3385 1415 3440 qua:
1455 3370 1823 3440 praecipiebat,
1855 3370 2056 3424 domini

481 3463 632 3535 iussa
657 3463 946 3519 ducebant.
980 3461 1097 3530 Non
1121 3461 1295 3516 solum
1332 3461 1474 3516 enim
1508 3475 1536 3514 a
1561 3459 1700 3517 bello
1726 3471 1909 3516 contra
1935 3475 2056 3516 cum

485 3556 828 3628 suscipiendo
873 3570 1060 3610 eorum
1121 3555 1360 3610 rationes
1415 3553 1798 3617 abhorrebant,
1852 3555 1947 3608 sed
2005 3560 2058 3606 ct

485 3650 733 3717 Parthos,
765 3649 856 3719 qui
892 3648 1090 3704 bellum
1147 3649 1500 3718 apparabant,
1544 3655 1600 3702 et
1634 3645 1922 3712 Vandalos,
1967 3644 2056 3714 qui

485 3743 787 3798 maritimas
819 3755 942 3797 oras
976 3740 1268 3803 vexabant,
1300 3748 1354 3794 et
1380 3739 1612 3803 Isauros,
1657 3738 1748 3809 qui
1780 3739 1973 3808 [ιι-τιθῇς,
2006 3747 2061 3792 et

485 3836 690 3906 rapinis
715 3835 1124 3902 graSSabantur,
1159 3839 1212 3885 ct
1250 3831 1573 3898 Saracenos,
1600 3832 1692 3901 qui
1723 3831 1970 3901 regiones
1991 3831 2057 3886 ad

483 3925 762 3982 Orientem
831 3924 1239 3982 excursionibus
1310 3923 1628 3988 vastabant,
1716 3924 2053 3978 mutucbant.

485 4017 752 4073 Praeterea
785 4025 973 4087 gentes
1010 4014 1328 4084 [Ethiopum
1354 4015 1408 4070 in
1447 4013 1615 4070 armis
1646 4023 1821 4071 erant;
1871 4014 2058 4086 itaque

484 4105 716 4162 Romani
747 4105 942 4170 animis
978 4103 1135 4160 fracti
1167 4102 1390 4158 Attilam
1419 4102 1690 4171 colebant,
1730 4107 1822 4159 sed
1849 4105 2058 4162 caeteris

485 4196 737 4268 gentibus
769 4195 1024 4250 resistere
1057 4195 1418 4263 conabantur,
1447 4195 1572 4250 dum
1616 4197 1886 4255 exercitus
1911 4214 2056 4254 com-

485 4289 774 4362 parabant,
805 4299 860 4342 et
903 4289 1067 4344 duces
1090 4288 1474 4344 sortiebantur.

497 4451 500 4454 ρ
556 4384 611 4436 5.
638 4380 804 4452 (A.C.
829 4379 1088 4444 448,11ιι1.
1114 4381 1165 4444 ι,
1194 4378 1401 4435 Theod.
1431 4378 1800 4452 4f.)Edecon,
1824 4383 1905 4437 vir
1924 4381 2055 4455 scy.

2164 3182 2328 3236 παντὶ
2359 3179 2692 3250 ὑπήκουον¹⁶⁹
2716 3179 3076 3247 ἐπιτάγματι,
3107 3178 3200 3231 καὶ
3229 3178 3492 3232 δεσπότου
3517 3180 3748 3249 ἡγοῦντο

2160 3272 2222 3326 τὸ
2254 3271 2603 3342 πρόσταγμα,
2638 3269 2775 3340 ὅπερ
2805 3267 2872 3322 ἂν
2895 3268 3162 3331 ἐκεῖνος⁶⁶
3187 3268 3648 3339 παρακελεύσαιτο
3670 3271 3736 3322 ⁸³.

2163 3363 2236 3417 Ού
2270 3363 2379 3433 γάρ
2403 3361 2564 3431 μόνον
2591 3359 2683 3413 τὸν
2724 3359 2862 3430 πρὸς
2892 3359 3054 3413 αὑτὸν
3080 3357 3366 3412 ἀνελέσθαι
3398 3359 3631 3430 πόλεμον
3656 3363 3749 3412 εὖ-

2161 3453 2413 3518 ).αϐοὖτο,
2448 3453 2584 3506 ἀλλὰ
2620 3454 2715 3506 καὶ
2746 3451 3096 3520 Παρθυαίους
3145 3453 3204 3504 ἐν
3246 3455 3571 3523 παρασκευῇ
3611 3470 3750 3520 τυγ-

2161 3545 2427 3617 χάνοντας
2457 3543 2747 3610 ἐδεδίεσαν,
2778 3541 2874 3596 καὶ
2905 3543 3208 3614 Βανδήλους
3257 3544 3326 3597 τά
3369 3546 3509 3598 κατὰ
3544 3545 3742 3598 θάλατ-

2159 3653 2259 3691 ταν
2301 3636 2694 3707 ταράττοντας,
2756 3637 2852 3689 καὶ
2885 3634 3162 3706 Ἰσαύρους
3188 3635 3324 3706 πρὸς
3365 3637 3463 3706 τὴν
3488 3636 3751 3706 λῃστείαν

2159 3717 2627 3803 διανισταμένους,
2655 3733 2748 3787 καὶ
2775 3733 3130 3805 Σαρακηνοὺς
3155 3731 3254 3802 τῆς
3284 3731 3463 3786 αὐτῶν
3495 3735 3745 3805 ἐπικρα-

2159 3825 2314 3888 τείας
2345 3825 2445 3896 τὴν
2475 3824 2549 3879 ἕω
2580 3825 3037 3896 κατατρέχοντας,
3071 3826 3164 3879 καὶ
3191 3826 3258 3879 τά
3292 3824 3586 3878 Αἰθιοπικά
3613 3828 3746 3898 ἔθνη

2161 3916 2551 3988 συνιστάμενα.
2581 3917 2673 3971 Διὸ
2702 3917 2768 3986 δὴ
2795 3917 3256 3986 τεταπεινωμένοι
3291 3918 3382 3969 τὸν
3425 3919 3747 3990 μὲνἊττὴ-

2160 4007 2257 4062 λαν
2289 4007 2642 4078 ἐθεράπευον,
2671 4009 2808 4079 πρὸς
2860 4009 2918 4062 δέ
2951 4007 3020 4062 τὰ
3068 4007 3232 4060 λοιπά
3277 4005 3405 4076 ἐθνη
3442 4008 3748 4077 ἐπειρῶντο

2160 4100 2622 4172 παρατάττεσθαι,
2644 4101 2901 4172 δυνάμεις
2928 4118 2990 4155 τε
3045 4099 3391 4171 ἀθροίζοντες
3425 4097 3517 4152 καὶ
3569 4117 3747 4171 στρα-

2158 4193 2359 4263 τηγοὺς
2379 4193 2828 4266 χειροτονοῦντες.

2231 4382 2293 4431 ε’.
2335 4377 2460 4429 ’Ότι
2495 4375 2590 4428 κοιλ⁵
2627 4375 2786 4439 αὖθις
2833 4375 3076 4447 Ἐδήκων
3099 4378 3144 4410 ⁸⁸
3171 4373 3276 4452 ἧκε
3313 4381 3580 4453 πρέσϐυς,
3605 4382 3750 4454 ἀνὴρ

486 4476 600 4541 tha,
631 4474 720 4544 qui
750 4473 1014 4527 maximas
1045 4472 1204 4526 resin
1225 4470 1365 4526 bello
1391 4481 1654 4542 gesserat,
1687 4475 1832 4528 venit
1863 4474 2057 4529 iterum

2167 4466 2400 4538 Σκύθης,
2444 4467 2677 4537 μέγιστα
2733 4467 2876 4522 κατὰ
2933 4469 3169 4541 πόλεμον
3204 4471 3340 4545 ἔργα
3375 4474 3752 4546 διαπραξάμε-

487 4567 694 4635 legatus
723 4578 846 4618 cum
876 4561 1092 4618 Oreste.
1125 4560 1225 4616 ilic
1252 4576 1452 4632 genere
1481 4560 1760 4618 Romanus
1791 4562 2056 4618 Paeoniam

488 4655 782 4725 regionem,
814 4655 878 4708 ad
902 4653 1067 4710 Saum
1101 4653 1299 4709 flumen
1331 4654 1512 4718 sitam,
1533 4654 1822 4718 incolebat,
1853 4670 1974 4724 qua:
1993 4669 2058 4710 ex

487 4749 690 4804 findere
712 4747 847 4802 inito
883 4761 1009 4802 cum
1034 4747 1212 4812 Aetio,
1244 4746 1608 4802 Romanorum
1645 4748 2059 4804 occidentalium

491 4840 649 4905 duce,
699 4838 931 4894 barbaro
957 4837 1202 4908 parebat.
1245 4838 1432 4907 Itaque
1463 4838 1677 4894 Edecon
1714 4838 1767 4893 in
1801 4837 2060 4906 palatium

486 4930 780 4996 admissus,
818 4929 1130 4998 imperatori
1163 4930 1370 4986 litteras
1391 4929 1572 4984 Attilae
1595 4929 1833 4993 tradidit,
1863 4930 1913 4984 in
1937 4931 2060 5000 qui-

487 5021 586 5076 bus
610 5021 676 5076 de
707 5019 1000 5092 transfugis
1035 5036 1140 5077 non
1185 5022 1411 5076 redditis
1434 5022 1785 5091 querebatur,
1824 5022 1915 5092 qui
1953 5022 2056 5077 nisi

488 5112 862 5181 redderentur,
887 5122 942 5168 et
976 5111 1206 5168 Rutttani
1230 5127 1258 5166 a
1284 5113 1506 5168 colenda
1533 5123 1678 5168 terra
1698 5111 2056 5178 abstinerent,

487 5219 646 5275 quam
681 5204 822 5262 bello
864 5212 1074 5275 captam
1107 5218 1218 5259 sua:
1244 5203 1451 5273 '.ditioni
1482 5202 1776 5273 adiecerat,
1809 5203 1877 5259 ad
1906 5219 2058 5259 arma

487 5313 547 5354 se
572 5298 769 5353 iturum
812 5298 1141 5353 minabatur.
1182 5295 1257 5350 Ea
1291 5309 1420 5350 vero
1467 5296 1764 5354 secundum
1801 5295 1994 5352 Istrum
2025 5311 2057 5352 a

486 5390 769 5446 Pmonibus
792 5391 856 5443 ad
885 5389 1062 5443 Novas
1094 5403 1271 5458 usque
1295 5389 1346 5441 in
1386 5385 1620 5442 Thracia
1653 5389 1787 5442 sitas
1813 5389 1864 5442 in
1889 5389 2058 5459 longi-

487 5483 726 5538 tudinem
750 5481 1164 5538 extcndcbatur.
1198 5479 1447 5534 Latituth
1472 5490 1649 5535 autem
1676 5489 1790 5535 erat
1825 5484 2061 5552 quinque

2162 4577 2272 4625 νος,
2334 4560 2431 4613 σὺν
2477 4559 2728 4632 Ὀρέστῃ,
2784 4560 2842 4624 ὃς
2890 4559 2985 4614 τοῦ
3053 4561 3365 4633 Ῥωμαϊκοῦ
3425 4566 3618 4634 γένους
3669 4565 3749 4618 ὢν

2163 4653 2298 4723 ᾤκει
2326 4652 2426 4723 τὴν
2456 4652 2589 4722 πρὸς
2618 4652 2695 4722 τῷ
2731 4653 2854 4724 Σάῳ
2883 4655 3118 4726 ποταμῷ
3146 4655 3393 4710 Παιόνων
3431 4655 3635 4728 χώραν,
3669 4659 3750 4728 τῷ

2166 4744 2429 4816 βαρϐάρῳ
2450 4743 2594 4798 κατὰ
2621 4746 2720 4807 τὰς
2753 4745 2962 4800 ’Δετίου
2997 4745 3310 4818 στρατηγοῦ
3338 4746 3447 4800 τῶν
3474 4748 3749 4818 ἑσπερίων

2176 4837 2465 4908 Ῥωμαίων
2496 4836 2774 4908 συνθήκας
2805 4836 3209 4891 ὑπακούουσαν.
3242 4832 3411 4901 Οὗτος
3438 4839 3465 4890 ό
3507 4840 3752 4909 Ἐδήκων

2165 4930 2224 4994 ἐς
2249 4933 2316 4984 τὰ
2348 4929 2598 5000 βασίλεια
2627 4930 2916 5001 παρελθὼν
2944 4927 3198 4983 ἀπεδίδου
3224 4929 3293 4982 τὰ
3318 4929 3469 5001 παρὰ
3513 4930 3750 5001 Ἀττήλα

2169 5024 2498 5094 γράμματα,
2531 5026 2590 5077 ὲν
2625 5018 2703 5088 οἷς
2740 5023 2978 5076 ἐποιεῖτο
3007 5024 3136 5087 τοὺς
3172 5022 3476 5092 Ῥωμαίους
3511 5023 3570 5075 ἐν
3597 5025 3752 5095 αίτία

2165 5115 2274 5168 τῶν
2321 5115 2576 5184 φυγάδων
2625 5115 2787 5184 πέρι·
2819 5113 2936 5167 ἀνθ’
2965 5107 3040 5168 ὧν
3079 5113 3295 5184 ἠπείλει
3347 5115 3440 5166 ἐπὶ
3490 5113 3559 5168 τά
3608 5115 3752 5168 ὅπλα

2164 5209 2382 5279 χωρεῖν,
2414 5208 2462 5260 εί
2499 5207 2574 5279 μὴ
2626 5206 2936 5261 ἀποδοθεῖεν
2982 5205 3129 5277 αὐτῷ
3159 5207 3252 5261 καὶ
3284 5206 3575 5276 ἀφέξονται
3623 5208 3756 5260 Ῥωο

2169 5303 2318 5370 μαῖοι
2352 5298 2449 5369 τὴν
2469 5299 2810 5370 δορυάλωτον
2829 5299 3115 5370 ἀροῦντες.
3151 5295 3306 5352 Εἶναι
3345 5299 3403 5352 δὲ
3443 5299 3620 5370 μῆκος
3652 5300 3752 5370 μὲν

2168 5397 2337 5467 αὐτῆς
2371 5396 2511 5451 κατὰ
2535 5396 2594 5448 τὸ
2625 5394 2803 5466 ῥεῦμα
2845 5393 2939 5448 τοῦ
2973 5397 3189 5466 Ἴστρου
3227 5396 3336 5450 ἀπὸ
3362 5395 3460 5466 τῆς
3504 5396 3752 5448 Παιόνων

2167 5487 2295 5558 ἀχρι
2317 5485 2508 5539 Νοϐὦν
2534 5485 2644 5539 τῶν
2673 5485 2949 5557 Θρᾳκίων,
2977 5485 3038 5539 τὸ
3062 5486 3118 5539 δὲ
3146 5485 3308 5557 βάθος
3329 5487 3494 5541 πέντε
3524 5474 3752 5559 ἡμερῶν

1760 5601 1995 5656 VARle
2036 5600 2441 5657 LECTIONES.

559 5694 605 5725 ⁸⁸
637 5691 989 5763 αὐτοῖς-νοις.
1067 5695 1113 5727 ³⁷
1153 5690 1538 5763 εἴασαν-νοις..
1583 5692 1720 5746 εἰσιν
1748 5694 1892 5763 conj.
1915 5691 2000 5763 ll.
2082 5693 2128 5724 ⁸⁸
2162 5690 2517 5763 ἐπωμνύοντο
2546 5688 2696 5763 vulg.

467 5763 531 5820 ,⁵ο
562 5765 764 5824 ἐκεῖνος
794 5760 888 5829 ll.,
917 5759 1096 5818 ἐκεῖνο
1119 5765 1264 5829 vulg.
1339 5759 1380 5790 "
1415 5759 1884 5833 παρακελεύσαιτο
1912 5762 1994 5829 8.,
2017 5759 2462 5833 παρεκελεύσατο
2501 5762 2644 5832 vulg.

2773 5687 3120 5762 “ﬁatﬁatouoy
3144 5686 3289 5762 vain
3313 5688 3574 5762 Δὑπήκοον
3601 5689 3750 5762 vulg.

2724 5760 2773 5793 θ’
2799 5759 2928 5815 alibi
2943 5757 2951 5759 “
2966 5759 3173 5815 rectius
3210 5757 3442 5813 Ἐδέκων
