4050 6416
277 305 379 369 635

1071 309 1167 369 DE
1208 305 1773 369 LEGATIONIBUS
1811 301 2165 367 GENTIUM
2216 305 2316 368 AD
2356 306 2739 372 ROMANOS.

3432 315 3537 377 686

274 422 413 479 ὁδόν.
458 423 570 478 Καὶ
600 423 698 494 τὴν
724 386 938 495 ἀγορὰν
980 426 1077 495 τὴν
1108 428 1168 479 ἐν
1210 426 1489 497 Ἰλλυριοῖς
1522 425 1596 497 μὴ
1626 426 1760 495 πρὸς
1793 426 1859 495 τῇ

1965 424 2172 477 dierum
2226 424 2439 479 itinere.
2488 424 2673 495 Neque
2722 439 2850 481 vero
2904 426 3077 481 forum
3142 428 3428 495 celebrari.
3479 444 3537 487 ut

272 514 408 585 ὄχθῃ
433 513 529 568 τοῦ
560 516 779 583 Ἴστρου
818 518 1069 587 ποταμοῦ
1102 516 1371 585 γίνεσθαι,
1404 517 1594 587 ὥσπερ
1626 518 1718 569 καὶ
1750 517 1857 570 πά-

272 606 386 671 λαι,
419 605 534 660 ἀλλ’
573 608 633 658 ὲν
681 607 929 677 Ναῖσσῷ,
961 610 1027 678 ἢν
1072 609 1238 679 δριον,
1303 609 1377 671 ὼς
1408 608 1496 661 ἐπ’
1521 607 1688 661 αὐτοῦ
1726 608 1859 678 δῃω-

271 697 483 762 θεῖσαν,
538 697 639 766 τῆς
694 699 918 752 Σκυθῶν
967 700 1063 753 καὶ
1114 700 1405 770 Ῥωμαίων
1459 700 1673 754 ἐτίθετο
1732 686 1857 770 γῆς,

271 787 442 842 πέντε
467 787 694 858 ἡμερῶν
723 789 845 842 ὁδὸν
883 789 1105 860 εὐζώνῳ
1137 792 1292 863 ἀνδρὶ
1340 790 1435 845 τοῦ
1469 793 1686 862 Ἴστρου
1750 792 1859 845 ὰπ-

272 879 511 951 έχουσαν
542 881 811 951 ποταμοῦ.
848 882 1115 954 Πρέσεεις
1157 885 1213 937 δὲ
1254 884 1505 939 ἐκέλευσε
1535 884 1672 956 πρὸς
1697 884 1858 938 αὐτὸν

272 971 628 1041 ἀφικνεῖσθαι
660 974 790 1038 τοὺς
830 977 961 1047 περὶ
1025 976 1133 1030 τῶν
1181 977 1501 1047 ἀμφιϐόλων
1539 976 1856 1049 διαλεξομέ-

271 1079 426 1128 νους,
451 1062 515 1117 οῦ
552 1063 664 1118 τῶν
706 1064 1097 1136 ἐπιτυχόντων,
1138 1066 1275 1122 ἀλλὰ
1306 1067 1415 1121 τῶν
1458 1066 1738 1122 ὑπατικῶν
1766 1069 1860 1122 άν-

265 1151 418 1221 δριῖιν
450 1152 577 1216 τοὺς
604 1154 926 1223 μεγίστους·
953 1154 1046 1220 οὓς
1072 1158 1120 1210 εί
1151 1157 1459 1227 ἐκπέμπειν
1480 1156 1853 1227 εὐλαϐηθεῖεν,

271 1243 442 1296 αὐτὸν
492 1243 785 1314 δεξάμενον
810 1246 854 1277 ⁸³
879 1248 1022 1315 σφᾶς
1052 1248 1110 1308 ὲς
1146 1248 1243 1324 τὴν
1271 1247 1542 1319 Σαρδικὴν
1567 1249 1856 1320 διαϐήσεσ-

270 1334 382 1387 θαι.
413 1333 634 1389 Τούτων
666 1337 1125 1404 ἀναγνωσθέντων
1164 1339 1379 1409 βασιλεῖ
1429 1341 1537 1393 τῶν
1588 1341 1852 1412 γραμμά-

272 1443 402 1489 των,
436 1426 512 1489 ὡς
542 1426 845 1497 ὑπεξῆλθεν
865 1430 892 1478 6
930 1430 1169 1499 Ἐδήκων
1202 1432 1299 1485 σὺν
1324 1432 1402 1501 τῷ
1433 1432 1623 1503 Βιγίλᾳ
1677 1433 1853 1502 ἑρμη-

272 1517 776 1589 νεύσαντιηόσαπερ
801 1521 828 1572 6
868 1520 1146 1593 βάρϐαρος
1189 1522 1297 1577 ἀπὸ
1344 1524 1611 1593 στόματος
1644 1523 1853 1593 ἔφρασε

276 1608 387 1660 τῶν
422 1608 651 1679 ’Δττήλᾳ
668 1609 1026 1680 δεδογμένων,
1050 1613 1145 1665 καὶ
1165 1615 1223 1676 ἐς
1255 1613 1473 1683 ἑτέρους
1502 1612 1685 1676 οἴκους
1714 1626 1852 1683 παρ-

283 1699 497 1767 εγένετο
532 1699 674 1753 ὥστε
708 1701 869 1755 αὑτὸν
916 1704 1219 1775 Χρυσαφίῳ
1267 1705 1362 1758 τοῦ
1414 1705 1677 1775 βασιλέως
1713 1707 1852 1759 ὑπα-

1965 514 2115 576 olim,
2159 515 2224 567 ad
2263 514 2432 584 ripam
2471 515 2592 571 lstri
2642 514 2874 581 volebat,
2903 518 2998 572 sed
3034 518 3085 571 in
3128 518 3336 585 Naisso,
3374 537 3535 590 quam

1966 606 2155 661 nubem
2184 621 2214 660 a
2245 621 2305 661 se
2330 618 2543 677 captam
2578 616 2633 662 et
2663 607 2901 665 dirutam
2931 609 3172 680 quinque
3207 611 3415 667 dierum
3449 615 3539 667 iti-

1964 711 2092 752 nere
2135 699 2390 766 expedito
2431 700 2637 755 homini
2677 700 2745 755 ab
2773 701 2916 757 Istro
2950 702 3263 772 distantem,
3305 703 3541 776 Scytha-

1965 803 2081 842 rum
2122 800 2180 844 et
2227 789 2595 846 Romanorum
2634 792 2855 848 ditionis
2885 794 3111 850 limitem
3151 796 3537 855 constituebat.

1962 877 2194 948 Legatos
2234 896 2451 952 quoque
2512 882 2579 937 ad
2631 897 2692 939 se
2738 884 2924 940 venire
2964 885 3131 955 jussit
3188 896 3538 944 controversa

1961 973 2385 1041 diseeptaturos,
2416 989 2521 1029 non
2559 990 2627 1031 ex
2668 975 2909 1045 quolibet
2944 976 3226 1032 hominum
3257 993 3455 1049 genere
3487 990 3543 1036 et

1960 1063 2173 1129 ordine,
2192 1064 2286 1119 sed
2308 1079 2375 1119 ex
2411 1064 2785 1121 consularibus
2807 1065 3155 1133 illustriores,
3184 1083 3319 1139 quos
3342 1069 3388 1125 si
3416 1072 3542 1124 mit-

1963 1163 2076 1209 tere
2105 1155 2526 1219 intermiserint,
2564 1170 2622 1211 se
2653 1156 2827 1225 ipsum
2863 1157 2931 1212 ad
2966 1171 3060 1213 eos
3101 1160 3455 1214 arcessendos
3485 1160 3539 1213 in

1960 1242 2239 1297 Sardicam
2258 1244 2663 1299 descensurum.
2687 1243 2782 1299 llis
2802 1242 2995 1301 litteris
3010 1245 3184 1313 lectis,
3207 1246 3453 1317 digresso
3471 1251 3539 1301 ab

1959 1334 2281 1403 imperatore
2299 1333 2566 1401 Edecone,
2591 1350 2713 1390 cum
2745 1334 2935 1405 Bigila,
2964 1336 3056 1407 qui
3080 1351 3163 1401 ea,
3196 1352 3318 1408 quae
3342 1337 3539 1393 Attilas

1956 1427 2137 1481 verbis
2158 1428 2449 1497 imperator
2466 1427 2770 1483 denuntiari
2789 1428 2975 1495 voluit,
2997 1429 3381 1499 interpretatus
3400 1441 3538 1497 erat,

1959 1532 2083 1572 cum
2113 1516 2350 1588 reliquas
2374 1533 2586 1590 quoque
2610 1522 2799 1575 domos
2813 1519 3006 1587 obiret,
3036 1529 3094 1575 ut
3118 1520 3171 1575 in
3194 1530 3539 1593 conspectum

1956 1607 2280 1678 Chrysaphii
2310 1610 2578 1679 spatharii
2611 1610 2957 1680 imperatoris
2982 1612 3213 1677 veniret,
3251 1612 3340 1683 qui
3372 1614 3534 1682 pluri-

1957 1713 2107 1752 mum
2136 1699 2463 1753 auctoritate
2498 1707 2553 1753 et
2578 1699 2751 1768 gratia
2787 1699 2929 1769 apud
2973 1700 3362 1770 imperatorem
3394 1702 3539 1756 valc-

287 1794 502 1864 σπιπῇ,
528 1788 618 1845 οἷα
648 1792 711 1863 δὴ
729 1792 797 1846 τὰ
827 1766 1064 1864 μέγιστα
1088 1766 1396 1867 δυναμένῳ,
1414 1766 1483 1861 ες
1512 1798 1635 1867 ὄψιν
1658 1766 1850 1862 ἐλθεῖν,

1965 1792 2082 1857 bat,
2147 1786 2524 1848 admirabatur
2583 1766 2863 1848 barbarus
2931 1766 3204 1862 regiarum
3283 1794 3541 1848 domuum

276 1880 636 1951 ἀπεθαύμασε
680 1883 781 1953 τὴν
808 1884 913 1936 τῶν
960 1885 1248 1954 βασιλείων
1277 1888 1442 1940 οἴκων
1475 1888 1850 1958 περιφάνειαν.

268 1971 499 2041 Βιγῐλας
522 1974 603 2038 δὲ,
636 1973 712 2038 ὡς
736 1972 815 2046 τῷ
837 1977 1146 2047 Χρυσαφίῳ
1179 1979 1235 2040 ὲς
1266 1978 1456 2046 λόγους
1482 1976 1646 2049 ἦλθεν
1676 1980 1704 2031 6
1722 1979 1857 2049 Βάρ-

264 2063 465 2135 εαρος,
501 2064 687 2135 ελεγεν
734 2068 1073 2138 ἑρμηνεύων,
1124 2069 1198 2132 ὡς
1262 2070 1564 2140 ὲπαινοίηδ
1616 2070 1855 2140 Ἐδήκων

266 2155 337 2209 τὰ
360 2155 612 2226 βασίλεια
639 2160 732 2212 καὶ
754 2160 844 2212 τὸν
871 2162 1021 2232 παρὰ
1055 2161 1242 2230 σφίσιν
1275 2163 1569 2233 μακαρίζοι
1605 2162 1851 2216 πλοῦτον.

280 2247 342 2300 ’0
371 2248 435 2302 δὲ
463 2250 782 2321 Χρυσάφιος
810 2252 1049 2320 ἔφασκεν
1090 2253 1309 2307 ἔσεσθαι
1354 2254 1447 2307 καὶ
1494 2256 1657 2309 αὑτὸν
1686 2256 1856 2309 οἴκων

264 2357 326 2394 τε
359 2344 754 2412 χρυσοστὲγων
792 2346 888 2397 καὶ
937 2346 1169 2399 πλούτου
1205 2346 1415 2418 κύριον,
1452 2347 1505 2399 εί
1528 2364 1591 2415 γε
1624 2348 1857 2419 περιίδοι

266 2432 377 2502 μὶν
413 2435 483 2489 τά
511 2436 664 2505 παρὰ
708 2437 965 2501 Σκύθαις,
1007 2438 1183 2491 ἕλοιτο
1219 2438 1275 2491 δὲ
1306 2440 1375 2492 τὰ
1411 2439 1721 2508 Ῥωμαίων.
1749 2438 1855 2491 Τοῦ

263 2523 332 2576 δὲ
369 2524 836 2597 ἀποκριναμένου,
876 2529 951 2592 ὡς
985 2530 1080 2581 τὸν
1133 2529 1320 2599 ἐτέρου
1381 2530 1643 2584 δεσπότου
1692 2530 1855 2600 θερά-

268 2628 449 2668 ποντα
477 2615 611 2669 ἄνευ
641 2617 734 2670 τοῦ
762 2618 952 2685 κυρίου
989 2618 1050 2671 οὐ
1083 2618 1244 2689 θέμις
1269 2620 1429 2672 τοῦτο
1466 2623 1664 2683 ποιεῖν,
1692 2623 1858 2673 ὲπυν-

269 2704 515 2760 θάνετοδ
545 2708 820 2779 εὐνοῦχος,
852 2709 906 2762 εἴ
926 2727 989 2779 γε
1017 2710 1298 2775 ἀκώλυτος
1330 2711 1477 2782 αὐτῷ
1511 2714 1544 2782 ἠ
1581 2713 1729 2783 παρὰ
1764 2714 1855 2766 τὸν

282 2799 558 2868 ’Δττήλαν
610 2802 695 2871 εἴη
735 2803 960 2868 εἴσοδος,
1009 2805 1104 2857 καὶ
1150 2803 1380 2874 δύναμιν
1424 2805 1579 2876 παρὰ
1622 2804 1857 2869 Σκύθαις

272 2890 451 2960 ἔχοιθ’
483 2892 625 2946 τινά.
657 2894 766 2947 Τοῦ
797 2894 853 2947 δὲ
885 2895 1350 2966 ἀποκριναμένου,
1397 2898 1475 2961 ὡς
1529 2897 1624 2950 καὶ
1662 2897 1858 2967 ὲπιτή-

273 2982 417 3046 δειος
444 2983 533 3051 εἴη
564 2983 645 3054 τῷ
682 2984 915 3056 ’Δττήλᾳ
978 2989 1071 3039 καὶ
1119 2987 1218 3056 τὴν
1254 2987 1419 3041 αὐτοῦ
1478 2989 1594 3058 ἃμα
1618 2990 1730 3053 τοῖς
1780 2991 1860 3056 εἰς

1961 1882 2443 1954 magnificentiam.
2467 1881 2669 1954 Bigilas
2693 1892 2899 1950 autem,
2924 1883 3249 1955 simulatque
3273 1883 3543 1939 Barbarus

1960 1977 2012 2029 in
2046 1976 2375 2047 colloquium
2412 1976 2559 2030 venit
2608 1990 2729 2031 cum
2774 1974 3137 2046 Chrysaphio,
3165 1976 3544 2045 interpretans

1960 2067 2163 2134 retulit,
2191 2076 2528 2138 quantopere
2566 2066 2845 2123 laudasset
2874 2067 3255 2137 imperatorias
3292 2070 3454 2130 aedes.
3487 2078 3543 2122 et

1959 2155 2236 2213 Romanos
2264 2158 2457 2214 beatos
2498 2158 2721 2212 duceret
2751 2166 2974 2228 prepter
3013 2156 3292 2213 atlluentes
3328 2158 3544 2212 divitia-

1959 2266 2078 2307 rum
2122 2251 2328 2322 copias.
2370 2250 2507 2305 Tum
2541 2248 2775 2305 Edeconi
2819 2248 3194 2320 Chrysaphius
3224 2248 3386 2312 dixit,
3430 2250 3545 2303 fore

1958 2358 2083 2399 eum
2122 2342 2431 2414 hnjusmodi
2457 2344 2736 2410 domuum,
2767 2357 2887 2413 quae
2926 2343 3106 2398 aureis
3140 2343 3294 2397 tectis
3322 2342 3542 2412 praeful-

1959 2446 2169 2508 gerent,
2200 2445 2500 2506 compotem
2534 2444 2590 2489 et
2621 2434 2814 2505 opibus
2874 2434 3296 2497 abundaturum,
3328 2434 3439 2504 38
3473 2436 3542 2495 si,

1962 2512 2147 2582 relicta
2195 2527 2443 2598 Scythia,
2487 2526 2554 2581 ad
2596 2525 2873 2581 Romanos
2923 2539 2982 2579 se
3030 2523 3324 2579 conferret.
3369 2544 3387 2576 ι
3436 2523 3542 2578 Sed

1962 2618 2184 2673 alterius
2220 2618 2423 2673 domini
2467 2632 2703 2683 servum,
2754 2615 2967 2671 Edecon
3025 2615 3121 2681 ait,
3168 2614 3317 2670 nefas
3353 2624 3436 2670 est
3480 2632 3545 2669 co

1962 2710 2129 2764 invito
2163 2720 2370 2764 tantum
2398 2707 2611 2764 facinus
2641 2708 2694 2763 in
2720 2722 2777 2764 se
2808 2709 3112 2764 admittere.
3150 2728 3167 2761 ι
3190 2708 3447 2775 Quaesivit
3477 2726 3543 2763 ex

1962 2815 2026 2855 eo
2057 2802 2366 2868 eunuchus,
2415 2816 2481 2854 an
2520 2800 2696 2855 facilis
2728 2800 2801 2854 illi
2828 2801 2894 2854 ad
2932 2799 3151 2854 Attilam
3187 2810 3396 2869 pateret
3425 2800 3544 2853 ndi-

1962 2901 2071 2959 tus,
2102 2902 2157 2948 et
2199 2909 2323 2947 num
2350 2909 2458 2964 qua
2500 2902 2768 2963 potestate
2801 2892 2942 2962 apud
2996 2891 3229 2963 Scythas
3260 2902 3423 2948 esset.
3455 2893 3546 2947 ille

1963 2985 2063 3040 sibi
2097 2986 2550 3041 necessitudinem
2581 2984 2921 3041 intercedere
2946 2999 3069 3040 cum
3098 2984 3291 3050 Attila,
3324 3001 3546 3054 respon-

280 3074 446 3129 τοῦτο
470 3077 933 3148 ἁποκεκριμὲνοις
985 3080 1210 3147 λογάσιν
1257 3081 1646 3149 ὲμπιστεύεται
1680 3082 1853 3151 φυλα-

1965 3074 2061 3141 dit,
2108 3085 2163 3129 et
2203 3076 2475 3131 decretam
2521 3075 2623 3130 sibi
2671 3090 2795 3131 cum
2832 3074 3108 3130 nonnullis
3152 3074 3271 3130 aliis
3307 3074 3547 3146 Srythim

282 3163 387 3234 κήν
420 3164 505 3236 (ἐκ
554 3166 808 3237 διαδοχῆς
844 3168 954 3238 γὰρ
1004 3169 1147 3223 κατὰ
1174 3170 1347 3240 ῥητὰς
1378 3170 1587 3242 ἡμέρας
1628 3171 1858 3226 ἕκαστον

273 3256 457 3313 αὐτῶν
488 3258 647 3328 ἔλεγε
697 3258 820 3329 μεθ’
848 3261 1030 3314 ὅπλων
1062 3261 1356 3330 φυλάττειν
1400 3264 1494 3316 τὸν
1546 3263 1855 3335 Ἀττήλαν),

274 3348 519 3417 ἔφασκεν
548 3349 870 3420 όεύνοῦχος,
922 3353 1081 3421 εἰπερ
1121 3352 1334 3415 πίστεις
1371 3354 1595 3418 δέξοιτο,
1623 3354 1859 3424 μέγιστα

271 3439 429 3511 αὐτῷ
463 3441 615 3511 ιριῖν
663 3443 874 3509 ἀγαθά*
902 3443 1111 3498 δεῖσθαι
1165 3445 1222 3497 δὲ
1256 3444 1452 3514 σχολῆς
1499 3460 1513 3473 ·
1551 3444 1755 3514 ταύτην
1802 3444 1861 3497 δὲ

271 3534 424 3604 αὑτῷ
466 3535 758 3606 ὑπάρχειν,
797 3536 911 3605 εἴγε
950 3536 1079 3607 παρ’
1110 3536 1272 3592 αὑτὸν
1320 3536 1412 3589 ἐπὶ
1457 3535 1676 3590 δεῖπνον
1714 3537 1859 3590 ἔλθοι

277 3626 448 3697 χωρῇ
509 3627 765 3697 Ὀρέστου
824 3629 919 3680 καὶ
968 3629 1077 3681 τῶν
1146 3629 1324 3683 ἄλλων
1373 3630 1857 3701 συμπρεσϐευτῶν.

291 3716 700 3789 Ὕποσχόμενος
726 3718 783 3771 δὲ
804 3718 962 3773 τοῦτο
993 3722 1188 3785 ποιεῖν,
1214 3721 1306 3775 ἐπὶ
1335 3721 1434 3792 τὴν
1457 3722 1696 3775 ἑστίασιν
1726 3720 1861 3792 πρὸς

281 3811 379 3864 τὸν
406 3811 657 3884 εὐνοῦχον
691 3815 1136 3885 παραγενόμενος
1163 3816 1256 3868 καὶ
1294 3816 1397 3868 ὑπὸ
1427 3815 1505 3887 τῷ
1557 3815 1749 3888 Βιγίλα
1773 3817 1863 3888 ἑρ-

293 3905 456 3973 μηνεῖ
476 3903 652 3970 δεξιάς
683 3908 779 3959 κα)⁸
822 3907 1019 3977 ὅρκους
1049 3907 1259 3969 ἔδοσαν.
1297 3910 1324 3962 6
1354 3908 1454 3978 μὲν
1482 3908 1758 3979 εὐνοῦχος,
1787 3909 1861 3973 ὡς

282 3995 384 4047 οὐκ
414 3995 504 4049 ἐπὶ
533 3996 689 4068 κακῷ
718 3996 797 4067 τῷ
839 3998 1124 4069 Ἐδήκωνι,
1157 3998 1273 4051 ἀλλ’
1303 3999 1396 4051 ἐπὶ
1426 3998 1703 4068 μεγίστοις
1729 4000 1864 4067 ἀγα·

279 4088 396 4153 θοίς
440 4091 571 4153 τοὺς
605 4089 800 4159 λόγους
831 4092 1131 4163 ποιήσοιτο,
1159 4093 1185 4144 6
1208 4092 1283 4157 δὲ,
1314 4093 1389 4155 ὡς
1418 4094 1521 4145 οὐκ
1567 4089 1772 4158 ἐξείποι
1798 4092 1865 4145 τὰ

272 4181 431 4253 αὐτῷ
461 4182 839 4255 ῥηθησόμενα,
862 4186 910 4237 εἰ
936 4185 1029 4239 καὶ
1069 4184 1142 4254 μὴ
1172 4186 1410 4256 πέρατος
1434 4186 1689 4255 κυρήσοι.
1727 4183 1864 4237 Τότε

268 4273 338 4344 δὴ
381 4275 412 4327 6
460 4274 717 4345 εὐνοῦχος
755 4273 909 4342 ἔλεγε
947 4275 1023 4347 τῷ
1059 4276 1343 4348 Ἐδήκωνι,
1377 4278 1424 4329 εἰ
1460 4275 1652 4339 διαϐὰς
1676 4276 1734 4339 ἐς
1759 4275 1857 4346 τὴν

267 4366 557 4437 Σκυθικὴν
586 4367 766 4420 ἀνέλοι
797 4366 890 4419 τὸν
933 4367 1197 4439 Ἀττήλαν
1234 4368 1331 4422 καὶ
1365 4367 1514 4436 παρὰ
1554 4366 1864 4436 Ῥωμαίους

1961 3168 2292 3237 primoribus
2338 3167 2453 3235 eius
2492 3167 2831 3224 custodiam:
2873 3183 2997 3223 nam
3036 3181 3133 3238 per
3167 3169 3312 3223 vices
3337 3184 3533 3222 unum-

1962 3273 2231 3329 quemque
2256 3273 2440 3314 eorum
2472 3259 2805 3330 praescriptis
2839 3257 3029 3314 diebus
3060 3272 3181 3313 cum
3208 3259 3371 3313 armis
3400 3260 3546 3313 circa

1962 3346 2181 3401 Attilam
2218 3345 2479 3400 excubias
2512 3360 2691 3414 agere.
2721 3343 2857 3399 Tum
2897 3345 3204 3413 eunuchus,
3243 3346 3289 3400 si
3326 3346 3428 3400 fide
3464 3348 3546 3399 in-

1966 3440 2221 3508 terposita
2249 3454 2307 3494 se
2337 3439 2717 3506 obstringeret,
2749 3438 2940 3506 inquit,
2970 3452 3027 3494 se
3057 3438 3416 3493 maximorum
3451 3438 3545 3492 bo-

1965 3546 2154 3586 norum
2209 3530 2283 3585 illi
2342 3540 2617 3585 auctorem
2668 3528 2931 3584 futurum.
2987 3528 3086 3583 Cui
3126 3529 3204 3584 rei
3254 3528 3547 3584 tractandae

1964 3622 2075 3676 otio
2111 3635 2247 3691 opus
2278 3634 2416 3675 esse.
2453 3618 2564 3674 lloc
2592 3632 2719 3674 vero
2745 3618 2847 3673 sibi
2880 3618 3014 3681 fore,
3050 3618 3095 3673 si
3122 3617 3189 3671 ad
3220 3630 3429 3671 ccenam
3461 3634 3550 3671 rc-

1964 3713 2107 3768 diret
2146 3712 2264 3767 sine
2300 3710 2494 3766 Oreste
2537 3719 2592 3765 et
2616 3708 2856 3778 reliquis
2903 3706 3193 3781 legationis
3229 3708 3543 3766 comitibus.

1963 3803 2257 3861 Facturum
2299 3819 2359 3859 se
2395 3802 2671 3873 pollicitus
2695 3801 2967 3857 Barbarus
3006 3813 3177 3857 aena:
3204 3808 3448 3871 tempore
3474 3804 3541 3856 ad

1964 3898 2270 3953 eunuchum
2314 3897 2514 3967 pergit.
2573 3894 2713 3949 Tum
2757 3908 2856 3963 per
2908 3892 3136 3964 Bigilam
3191 3893 3541 3964 interpretem

1963 3990 2106 4045 datis
2135 3988 2343 4043 dextris
2400 3995 2456 4042 et
2484 3986 2837 4057 jurejurando
2867 3986 3125 4055 utrinque
3173 3984 3437 4054 praestito,
3479 3979 3549 4041 ab

1965 4080 2234 4145 eunucho,
2270 4093 2327 4135 se
2357 4078 2422 4133 de
2451 4077 2631 4140 rebus,
2669 4091 2789 4148 qua:
2817 4076 3052 4133 Edeconi
3086 4076 3306 4131 minime
3327 4075 3550 4142 damno,

1966 4173 2061 4229 sed
2092 4170 2291 4226 fructui
2319 4179 2374 4225 et
2399 4169 2683 4225 commodo
2716 4179 2922 4233 essent,
2958 4168 3126 4224 verba
3155 4166 3447 4234 facturum,
3478 4169 3548 4221 ab

1967 4263 2243 4327 Edecone,
2272 4278 2351 4328 se,
2381 4277 2501 4331 qua:
2537 4260 2641 4317 sibi
2680 4260 3055 4326 crederentur,
3094 4274 3203 4313 non
3233 4258 3549 4313 enuntiatu-

1969 4372 2113 4419 rum,
2154 4355 2372 4411 etiamsi
2414 4351 2637 4421 exsequi
2678 4350 2867 4406 nollet.
2896 4348 3048 4406 Tunc
3080 4350 3368 4405 eunuchus
3411 4350 3552 4402 Ede-

264 4459 420 4529 ἥξει,
463 4428 685 4513 ἔσεσθαι
710 4459 861 4531 αὐτῷ
894 4460 1012 4531 βίον
1038 4428 1331 4533 εῦδαίμονα
1361 4428 1459 4515 καί
1508 4428 1733 4514 πλοῦτον
1761 4458 1862 4530 μὲ-

1969 4446 2092 4503 coni
2117 4445 2273 4510 dixit.
2292 4445 2338 4501 si
2360 4443 2413 4500 in
2440 4441 2720 4516 Scythiam
2753 4441 2971 4497 rediens
3000 4440 3224 4494 Attilam
3248 4440 3549 4502 sustulerit,

265 4568 489 4620 τιστον.
530 4550 636 4604 Τοῦ
690 4552 747 4606 δὲ
788 4552 1162 4623 ὑποσχομένου
1198 4554 1291 4606 καὶ
1331 4554 1606 4623 φήσαντος
1660 4552 1751 4605 ἐπὶ
1792 4553 1861 4623 τῇ

264 4644 483 4716 πράξει
528 4642 735 4698 δεῖσθαι
786 4646 1111 4715 χρημάτων,
1173 4644 1236 4697 οῦ
1289 4644 1501 4699 πολλῶν
1522 4644 1569 4677 ⁸⁸
1590 4645 1669 4709 δὲ,
1724 4643 1863 4699 ἀλλὰ

266 4737 627 4807 πεντήκοντα
658 4735 859 4808 λιτρῶν
900 4736 1148 4806 χρυσίου,
1200 4736 1578 4807 δοθησομένων
1633 4736 1711 4808 τῷ
1770 4735 1864 4791 ὑπ’

265 4827 448 4884 αὑτὸν
489 4824 708 4896 πλήθει,
744 4827 886 4880 ὥστε
920 4827 1070 4896 αὐτῷ
1103 4828 1324 4893 τελείως
1364 4829 1697 4899 συνεργῆσαι
1728 4829 1866 4902 πρὸς

263 4924 378 4991 τὴν
408 4918 681 4985 ἐπίθεσιν,
718 4919 944 4973 καὶτοῦ
982 4918 1241 4991 εὐνούχου
1304 4922 1365 4974 τὺ
1406 4921 1630 4991 χρυσίον
1682 4939 1865 4995 παρα-

264 5017 475 5088 χρῆμα
500 5013 701 5069 δώσειν
728 5016 1131 5087 ὑποσχομένου,
1157 5015 1343 5083 ἔλεγεν
1371 5017 1399 5068 6
1426 5015 1713 5087 Βάρϐαρος
1731 5016 1868 5069 ἀπο-

269 5107 605 5177 πέμπεσθαι
638 5109 735 5178 μὲν
796 5108 965 5163 αὐτὸν
1007 5107 1430 5177 ἀπαγγελοῦντα
1486 5108 1565 5178 τῷ
1634 5108 1868 5182 Ἀττήλᾳ

268 5203 413 5273 περὶ
442 5202 546 5274 τῆς
582 5200 899 5273 πρεσϐείας,
933 5200 1364 5272 συμπέμπεσθαι
1397 5199 1441 5253 δ’
1466 5200 1617 5272 αὑτῷ
1644 5202 1869 5271 Βιγίλαν

268 5300 380 5369 τὴν
417 5294 576 5367 παρὰ
602 5294 700 5350 τοῦ
736 5293 972 5364 ’Δττήλα
998 5294 1093 5347 ἐπὶ
1120 5295 1235 5357 τοῖς
1286 5291 1525 5362 φυγάσιν
1574 5294 1871 5366 ἀπόκρισιν

271 5389 585 5460 δεξάμενον
609 5388 677 5445 ⁸⁸.
711 5388 791 5442 Δι’
823 5386 990 5442 αὑτοῦ
1017 5387 1123 5457 γὰρ
1154 5386 1282 5450 περὶ
1314 5384 1408 5439 τοῦ
1439 5385 1604 5439 αὑτοῦ
1642 5388 1870 5458 χρυσίου

275 5480 593 5555 μηνύσεινΓ
636 5481 733 5535 καὶ
786 5480 847 5534 ὃν
892 5479 1093 5549 τρόπον
1171 5477 1331 5532 τοῦτο
1396 5478 1868 5550 ὲκπεμφθήσεται.

1972 4547 2028 4594 et
2055 4537 2423 4593 Romanorum
2458 4533 2702 4604 partibus
2722 4532 3037 4599 accesserit,
3068 4530 3233 4585 vitam
3256 4531 3308 4586 in
3343 4532 3553 4602 magnis

1972 4628 2163 4699 opibus
2205 4626 2364 4681 beate
2418 4623 2816 4680 traducturum.
2874 4621 3137 4679 Eunucho
3192 4622 3409 4679 Edecon
3464 4638 3555 4679 as-

1974 4733 2169 4777 sensus
2226 4726 2332 4774 est.
2384 4717 2465 4773 Ad
2508 4717 2645 4772 hanc
2697 4730 2813 4773 rem
2849 4716 3217 4786 peragendam
3256 4730 3393 4787 opus
3429 4731 3554 4772 esse

1975 4811 2241 4882 pecuniis,
2270 4825 2376 4865 non
2404 4808 2623 4880 quidem
2654 4807 2859 4875 multis,
2883 4807 2977 4863 sed
3010 4808 3403 4880 quinquaginta
3433 4810 3555 4864 auri

1976 4902 2150 4968 libris,
2184 4917 2320 4971 quas
2353 4900 2639 4967 militibus,
2666 4900 2864 4970 quibus
2901 4907 3180 4969 praeesset,
3222 4900 3314 4969 qui
3345 4899 3446 4955 sibi
3488 4901 3555 4953 ad

1980 5009 2094 5050 rem
2125 4994 2353 5063 impigre
2383 4991 2787 5062 exsequendam
2827 4989 3143 5061 adiumento
3175 5000 3382 5057 essent,
3412 4991 3557 5043 divi-

1978 5088 2153 5143 deret.
2185 5086 2319 5143 Cum
2357 5083 2661 5151 eunuchus,
2694 5083 2839 5139 nulla
2870 5096 3023 5138 mora
3058 5083 3400 5154 interposita,
3427 5083 3559 5136 dare

1979 5181 2162 5245 vellet,
2206 5179 2343 5233 dixit
2389 5178 2681 5243 Barbarus,
2727 5190 2787 5231 se
2831 5175 2981 5247 prius
3021 5175 3089 5230 ad
3137 5174 3556 5231 renuntiandam

1978 5272 2301 5344 legationem
2336 5269 2537 5325 dimitti
2570 5278 2840 5340 oportere,
2871 5279 2925 5325 et
2954 5282 3059 5324 una
3086 5280 3270 5325 secum
3300 5263 3550 5331 Bigilnm,

1977 5366 2070 5438 qui
2099 5363 2281 5421 Attilae
2310 5363 2377 5419 de
2419 5362 2715 5434 transfugis
2761 5375 3081 5432 responsum
3115 5359 3420 5428 acciperet;
3464 5370 3559 5424 per

1977 5471 2103 5514 eum
2135 5455 2279 5513 enim
2309 5469 2367 5513 se
2407 5454 2505 5523 illi,
2537 5469 2641 5526 qua
2684 5456 2894 5511 ratione
2930 5466 3122 5508 aurum
3164 5449 3268 5507 sibi
3295 5448 3555 5511 mitteret,

1576 5622 1808 5679 VARIle
1850 5618 2254 5679 LECTIONES.

366 5748 416 5781 "
452 5746 744 5815 δεξόμενον
773 5748 920 5819 conj.
943 5744 1015 5831 Β).
1082 5745 1125 5778 ⁸⁸
1150 5744 1295 5815 ἔχειν
1328 5744 1473 5813 vulg.
1551 5746 1593 5779 εδ
1620 5740 1827 5796 πολλῶν
1868 5739 1961 5803 H.,
1993 5739 2175 5810 πολλῶ
2216 5740 2359 5809 vulg.
2439 5739 2482 5771 “
2518 5736 2805 5807 δεξόμενον
2854 5736 3003 5807 conj.
3033 5732 3095 5791 Β.
