4050 6428
482 291 584 353 €87

1511 292 1909 355 EXCERPTA
1947 290 2046 351 EX
2093 287 2362 350 PRISCO
2406 287 2773 352 RIIETORE‘
2845 298 2848 300 ⁷

3657 295 3764 359 658

481 402 1082 481 indicaturmuEtenim
1106 402 1328 460 Attilam
1354 418 1432 470 se,
1458 403 1618 460 simul
1636 413 1800 472 atque
1826 401 2061 465 redierit,

2193 399 2594 471 ’Λπεληλυθότα
2631 401 2761 472 γὰρ,
2798 399 2990 472 ὥσπερ
3029 401 3123 454 καὶ
3152 401 3274 466 τούς
3331 402 3544 468 ἄλλους,
3591 407 3762 462 πολυ-

479 504 986 563 percunctaturum,
1033 504 1092 550 ut
1137 495 1377 566 reliquos
1425 510 1639 559 omnes,
1673 509 1794 562 quae
1841 507 2065 546 munera

476 586 577 641 sibi
603 595 659 640 et
693 596 911 657 quantae
939 589 1184 656 pecunia:
1226 603 1257 641 a
1299 586 1558 641 Romanis
1598 587 1740 640 dono
1763 586 1900 639 datae
1933 584 2061 638 sint.

477 679 660 747 Neque
686 677 738 733 id
765 678 940 734 celare
966 693 1060 746 per
1084 678 1318 747 collegas
1346 687 1400 732 et
1424 676 1654 730 comites
1684 676 1890 729 licitum
1919 673 2058 728 fore.

483 766 645 824 Visus
685 779 769 825 est
811 769 1060 825 eunucho
1093 769 1369 823 Barbarus
1411 778 1557 822 recta
1597 767 1820 832 sentire,
1866 775 1918 820 et
1953 764 2067 833 ejus

476 871 561 914 est
585 860 868 928 amplexus
893 858 1240 913 sententiam.
1270 859 1453 927 Itaque
1479 873 1543 914 eo
1573 873 1602 911 a
1630 872 1786 912 omna
1817 856 2063 918 dimisso,

478 951 544 1003 ad
583 951 962 1018 imperatorem
987 948 1270 1001 consilium
1311 948 1504 1002 initum
1539 946 1753 1010 detulit,
1789 948 1880 1017 qui
1911 945 2058 1000 Illar-

480 1043 712 1106 tialium,
750 1041 994 1110 magistri
1028 1039 1331 1096 olliciorum
1367 1053 1592 1094 munere
1628 1039 1963 1108 fungentem,
1996 1039 2064 1092 ad

476 1148 536 1188 se
562 1133 745 1186 venire
775 1131 984 1201 jussum
1013 1130 1198 1185 docuit
1227 1131 1638 1185 conventionem
1676 1144 1797 1183 cum
1832 1127 2064 1184 barbaro

477 1223 677 1277 factam
707 1240 720 1276 :
756 1222 809 1276 id
852 1222 997 1276 enim
1046 1221 1119 1274 illi
1157 1222 1303 1278 credi
1336 1230 1392 1277 et
1426 1222 1691 1277 committi
1719 1221 1841 1290 jure
1889 1221 2064 1290 magi-

477 1320 704 1378 stratus,
752 1327 914 1382 quem
948 1315 1188 1384 gerebat,
1216 1326 1442 1367 necesse
1481 1311 1602 1365 fuit.
1647 1309 1780 1365 Nam
1822 1310 2064 1366 omnium

478 1405 826 1474 imperatoris
885 1404 1238 1460 consiliorum
1299 1403 1567 1474 magister
1626 1410 1704 1458 est
1769 1402 2060 1472 particeps,

475 1493 575 1551 sub
603 1495 760 1567 cujus
783 1510 912 1552 cura
944 1503 1072 1552 sunt
1098 1495 1388 1559 tabellarii,
1413 1495 1737 1564 interpretes
1761 1502 1810 1548 et
1842 1492 2063 1557 milites,

476 1587 568 1658 qui
599 1588 789 1660 palatii
831 1588 1088 1644 custodia:
1126 1587 1368 1658 deputati
1413 1592 1564 1642 sunt.
1603 1571 2064 1653 Imperatore'au-

477 1692 585 1745 tem
629 1689 685 1736 et
723 1679 996 1751 Martialio
1023 1679 1092 1734 de
1121 1685 1236 1733 tota
1266 1692 1325 1732 re
1369 1675 1807 1732 consultantibus
1834 1676 2060 1745 placuit,

2171 492 2622 562 πραγμονῆσαι⁶⁷
2653 493 2746 546 τὸν
2787 493 3076 564 Ἀττήλαν,
3131 493 3216 558 τίς
3266 512 3326 547 τε
3391 497 3542 567 αὐτῷ
3581 499 3762 572 δωρεὴ

2174 583 2270 635 καὶ
2321 583 2494 635 ὁπόσα
2546 584 2698 653 παρὰ
2739 583 3030 655 Ῥωμαίων
3077 585 3286 640 δέδοται
3331 588 3617 658 χρήματα*
3681 592 3758 661 μὴ

2167 669 2280 726 οἷόν
2326 691 2382 726 τε
2430 673 2486 726 δὲ
2515 674 2691 728 ταῦτα
2730 677 3110 748 ἀποκρύπτειν
3145 677 3234 731 διὰ
3265 679 3391 740 τοὺς
3417 696 3762 751 συμπορευο-

2174 765 2392 834 μένους.
2432 765 2620 830 Ἔδοξε
2646 764 2714 837 δὴ
2742 765 2820 835 τῷ
2843 767 3089 838 εὐνούχῳ
3148 766 3206 822 εὖ
3264 768 3464 837 λέγειν,
3516 772 3611 824 καὶ
3660 775 3761 844 τῆς

2167 855 2391 926 γνώμης
2415 855 2814 928 τδνιΒάρϐαρον
2835 858 3237 930 ἀποδεξάμενος
3266 860 3590 929 ἀποπέμπει
3617 865 3763 932 μετὰ

2168 945 2231 998 τὸ
2263 945 2501 1010 δεῖπνον,
2538 947 2633 999 καὶ
2677 947 2771 999 ἐπὶ
2823 945 3046 1016 βασιλέα
3077 948 3232 1018 φέρει
3277 951 3378 1017 τὴν
3410 949 3630 1023 βουλήν.
3661 954 3762 1016 ’ος

2168 1037 2505 1106 Μαρτιάλιον
2562 1037 2661 1108 τὴν
2727 1038 2821 1091 τοῦ
2878 1039 3188 1110 μαγίστρου
3267 1041 3524 1095 διέποντα
3580 1044 3761 1114 ἀρχὴν

2171 1127 2834 1199 προσμεταπεμψάμενος
2873 1129 3028 1197 ἔλεγε
3059 1129 3159 1193 τὰς
3186 1132 3324 1202 πρὸς
3346 1131 3440 1185 τὸν
3468 1133 3764 1204 Μρὸαρον

2170 1220 2475 1290 συνθήκας.
2517 1221 2758 1292 Ἀνάγκη
2811 1219 2870 1273 δὲ
2915 1221 3142 1293 ἐθάρρει
3195 1223 3252 1274 τὸ
3279 1224 3328 1256 ⁸⁸
3385 1225 3486 1294 τῆς
3543 1225 3760 1295 ἀρχῆς·

2168 1309 2361 1362 πασῶν
2397 1311 2502 1379 γὰρ
2524 1310 2634 1363 τῶν
2667 1309 2934 1380 βασιλέως
2989 1310 3196 1380 βουλῶν
3216 1313 3244 1364 ὁ
3273 1313 3578 1383 μάγιστρος
3636 1333 3758 1370 κοι-

2167 1403 2355 1465 νωνὸς,
2399 1395 2546 1454 οἷα⁶⁹
2580 1402 2644 1471 δὴ
2669 1402 2776 1454 τῶν
2799 1419 2860 1455 τε
2899 1405 3318 1475 ἀγγελιαφόρων
3343 1407 3438 1459 καὶ
3467 1409 3762 1479 ἑρμηνέων

2169 1492 2265 1546 καὶ
2298 1492 2650 1561 στρατιωτῶν
2677 1492 2782 1546 τῶν
2807 1495 2850 1525 ⁷⁰
2882 1494 3026 1562 ἀμφὶ
3054 1493 3154 1564 τὴν
3185 1494 3467 1565 βασιλείαν
3510 1498 3760 1571 φυλακὴν

2168 1584 2261 1636 ὐπ’
2297 1583 2460 1636 αὐτὸν
2511 1585 2857 1654 ταττομένων
2881 1585 3015 1656 (12).
3057 1584 3261 1638 Ἐδόκει
3311 1587 3368 1640 δὲ
3413 1588 3600 1651 αὐτοῖς
3632 1588 3757 1658 βου-

2167 1675 2522 1747 λευσαμένοις
2553 1677 2660 1730 τῶν
2709 1679 3090 1748 προκειμένων
3130 1679 3257 1750 πέρι
3286 1679 3361 1750 μὴ
3398 1681 3562 1751 μόνον
3602 1683 3755 1751 Βιγίο

478 1741 584 1829 non
606 1773 781 1828 solum
810 1748 1179 1843 Bigilam,jsed
1207 1779 1262 1826 et
1284 1769 1640 1826 Maximinum
1674 1769 1908 1839 legatum
1935 1769 2056 1824 mit-

2166 1767 2285 1834 λαν,
2321 1737 2456 1821 ἀλλὰ
2485 1737 2592 1837 γὰρ
2625 1768 2720 1822 καὶ
2749 1737 3060 1838 Μαξιμίνον
3097 1737 3412 1841 ἐκπέμπειν
3447 1737 3756 1844 πρεσϐεύό-

478 1874 591 1918 tere
613 1863 679 1917 ad
710 1863 955 1916 Attilam.

545 1953 656 2026 39
706 1952 762 2009 6.
805 1958 891 2025 (A.
933 1952 998 2009 ο.
1033 1953 1160 2018 449,
1205 1953 1320 2008 ind.
1369 1953 1425 2018 ε,
1466 1952 1669 2007 Theod.
1727 1949 1842 2020 ιε.)
1893 1949 2061 2018 Bigila

478 2045 796 2100 insidiarum
840 2045 894 2100 in
935 2044 1157 2100 Attilam
1199 2044 1484 2100 manifeste
1527 2043 1798 2107 convicto,
1845 2040 2060 2106 Attilas,

476 2133 672 2190 ablatis
710 2134 778 2189 ab
807 2148 873 2190 eo
906 2143 1120 2190 centum
1145 2134 1262 2188 auri
1294 2133 1465 2200 libris,
1499 2147 1635 2203 quas
1670 2148 1698 2186 a
1727 2131 2064 2203 Chrysaphio

477 2233 785 2296 acceperat,
823 2226 1098 2296 extemplo
1137 2224 1390 2281 Orestem
1426 2234 1482 2280 et
1528 2223 1706 2279 Eslam
1747 2223 2061 2278 Constanti-

478 2318 711 2389 nopolim
742 2319 1190 2389 misit,jussilque
1218 2315 1488 2383 Orestem,
1518 2331 1795 2379 crumena,
1825 2317 2058 2385 inquam

479 2406 679 2476 Bigilas
715 2421 927 2473 aurum,
962 2409 1104 2476 quod
1140 2407 1377 2462 Edeconi
1427 2407 1672 2471 daretur,
1730 2405 2060 2475 conjecerat,

476 2497 615 2554 collo
658 2498 930 2567 imposita,
985 2499 1035 2553 in
1075 2510 1425 2566 conspectum
1470 2498 1818 2566 imperatoris
1875 2495 2059 2552 venire

479 2597 638 2656 atque
673 2587 977 2643 eunuchum
1013 2589 1512 2658 interrogaremum
1561 2591 1698 2642 hanc
1743 2601 2058 2642 crumenam

480 2689 702 2745 nosset;
753 2680 951 2736 deinde
999 2679 1180 2736 Eslam
1228 2680 1344 2736 haec
1374 2681 1534 2734 verba
1586 2678 1850 2748 proferre,
1881 2678 2061 2734 Theo-

477 2769 691 2824 dosium
727 2770 945 2840 quidem
983 2770 1114 2826 clari
1146 2771 1317 2840 patris
1352 2779 1408 2825 et
1446 2770 1641 2825 nobilis
1691 2783 1812 2825 esse
1864 2770 2058 2836 tilium,

479 2860 697 2913 Attilam
743 2875 960 2930 quoque
1018 2861 1213 2916 nobilis
1256 2860 1494 2930 parentis
1540 2875 1660 2915 esse
1717 2861 1963 2928 Stirpem,
2008 2873 2064 2914 et

479 2957 685 3018 patrem
712 2949 830 3019 ejus
870 2948 1254 3005 Mundiuchum
1295 2962 1570 3018 acceptam
1613 2965 1640 3003 ιι
1708 2959 1858 3018 patre
1910 2949 2064 3004 nobi-

2169 1875 2327 1929 μενον
2351 1859 2503 1929 παρὰ
2529 1860 2623 1912 τὸν
2665 1859 2949 1930 Ἀττήλαν.

2237 1949 2311 2014 ς’.
2346 1951 2464 2004 Ὅτι
2497 1951 2822 2020 φωραθέντα
2849 1952 2944 2006 τὸν
2980 1953 3204 2022 Βιγίλαν
3254 1955 3752 2028 ἐπιϐουλευόμενον

2163 2043 2242 2114 τῷ
2285 2044 2522 2116 Ἀττήλᾳ
2554 2044 2648 2097 καὶ
2682 2043 2778 2099 τοῦ
2807 2047 3032 2116 χρυσίου
3078 2047 3178 2110 τὰς
3215 2048 3408 2102 ἑκατὸν
3438 2049 3629 2120 λίτρας
3657 2051 3759 2112 τὰς

2163 2135 2317 2205 παρὰ
2370 2135 2466 2188 τοῦ
2513 2137 2836 2206 Χρυσαφίου
2872 2135 2967 2190 τοῦ
3009 2136 3268 2208 εὐνούχου
3302 2138 3590 2202 σταλείσας
3649 2142 3757 2209 ἁφ-

2163 2225 2803 2296 ελομένου⁷¹,παρευθύς
2835 2225 3083 2296 ἔπεμπεν
3123 2227 3386 2299 Ὀρέστην
3414 2227 3519 2282 και
3543 2231 3760 2285 Ἦσλαν

2163 2311 2192 2363 ὁ
2245 2311 2508 2381 Ἀττὴλας
2535 2314 2592 2374 ἐς
2639 2311 2738 2382 τὴν
2786 2314 3220 2378 Κωνσταντίνου,
3261 2316 3640 2388 ἐντειλάμενος
3663 2321 3761 2373 τὸν

2168 2402 2266 2471 μὲν
2309 2403 2574 2474 Ὀρέστην
2619 2403 2679 2456 τὸ
2725 2404 3034 2475 βαλάντιον,
3088 2409 3146 2460 έν
3196 2401 3352 2480 ᾧπερ
3412 2411 3759 2482 ἐμϐεϐλήκει

2163 2493 2388 2562 Βιγίλας
2430 2494 2491 2546 τὸ
2531 2495 2759 2566 χρυσίον
2799 2497 3063 2568 Ἐδήκωνι
3091 2499 3475 2571 δοθησόμενον,
3515 2504 3593 2574 τῷ
3627 2521 3762 2572 σφε-

2163 2586 2308 2656 τέρῳ
2343 2587 2638 2657 περιθέντα
2686 2589 2946 2661 τραχήλῳ
2996 2591 3172 2646 ἐλθεῖν
3210 2610 3270 2646 τε
3303 2595 3456 2665 παρὰ
3496 2595 3752 2665 βασιλέα,

2165 2677 2261 2731 καὶ
2321 2677 2470 2747 αὐτῷ
2523 2679 2871 2742 ἐπιδείξαντα
2921 2681 3018 2735 καὶ
3065 2683 3141 2754 τῷ
3175 2685 3438 2756 εὐνούχῳ,
3470 2689 3758 2760 ἀνερωτᾷν

2163 2768 2279 2837 εἴγε
2309 2770 2440 2822 αὐτὸ
2469 2771 2886 2839 ἐπιγινώσκοιεν
2908 2787 2920 2802 ’
2955 2773 3044 2826 τὸν
3070 2775 3127 2828 δὲ
3163 2776 3372 2830 Ἧολαν
3420 2779 3600 2846 λέγειν
3643 2782 3760 2834 ἀπὸ

2169 2862 2463 2932 στόματος,
2507 2862 2569 2916 εὖ
2611 2863 2710 2933 μὲν
2737 2864 3025 2932 γεγονότος
3063 2862 3206 2921 εἶναι
3250 2871 3460 2942 πατρὸς
3495 2873 3590 2925 τὸν
3627 2873 3758 2926 Θεο-

2165 2952 2341 3005 δόσιον
2372 2953 2560 3016 παῖδα,
2598 2951 2655 3008 εὖ
2674 2955 2729 3007 δὲ
2755 2955 2851 3008 καὶ
2886 2958 3050 3011 αὐτὸν
3081 2959 3258 3029 φύντα
3287 2963 3384 3014 καὶ
3412 2965 3504 3016 τὸν
3538 2965 3756 3035 πατέρα

479 3040 688 3096 litatem
718 3041 981 3112 integram
1006 3057 1362 3097 conservasse
1389 3081 1403 3106 ,
1435 3045 1530 3096 sed
1560 3039 1918 3096 Theodosium
1952 3052 2061 3095 tra-

2166 3041 2533 3112 Μουνδίουχον
2589 3044 2977 3118 διαδεξάμενον
3034 3050 3360 3118 διαφυλάξαι
3433 3055 3533 3124 τὴν
3597 3057 3759 3124 εὐγέ-

478 3133 588 3187 dita
619 3147 648 3186 a
681 3143 834 3204 patre
858 3134 1137 3189 nobilitate
1163 3134 1451 3197 excidisse,
1487 3134 1626 3202 quod
1662 3132 1920 3187 tributum
1954 3134 2053 3188 sibi

2165 3149 2343 3187 νειαν·
2377 3135 2581 3205 ταύτης
2635 3136 2692 3190 δὲ
2739 3138 2832 3190 τὸν
2863 3139 3144 3194 Θεοδόσιον
3183 3145 3579 3199 ἐκπεπτωκότα
3631 3149 3755 3200 δουο

478 3225 760 3292 pendendo
784 3238 912 3279 suus
937 3238 1125 3279 servus
1151 3233 1289 3279 esset
1319 3221 1510 3277 factus.
1532 3221 1645 3278 Non
1673 3223 1835 3293 igitur
1852 3223 2054 3292 justam

2165 3223 2330 3276 λεύειν
2367 3224 2514 3294 αὐτῷ
2545 3224 2641 3296 τὴν
2663 3226 2755 3279 τοῦ
2790 3229 2958 3299 φόρου
2997 3230 3306 3302 ἀπαγωγὴν
3339 3235 3704 3304 ὑφιστάμενον
3729 3253 3745 3268 ·

481 3329 592 3368 rem
623 3315 802 3370 facere
825 3330 973 3380 eum,
996 3315 1085 3383 qui
1110 3314 1469 3382 pra'stantiori
1499 3323 1553 3370 et
1571 3315 1640 3380 ei,
1665 3329 1821 3383 quem
1844 3313 2056 3368 fortuna

481 3407 758 3460 dominum
807 3406 906 3477 ipsi
952 3406 1184 3470 dederit,
1237 3413 1491 3476 tanquam
1535 3420 1721 3460 servus
1780 3405 2060 3473 improbus

481 3497 848 3553 clandestinus
897 3497 1122 3553 insidias
1155 3506 1332 3568 paret.
1370 3496 1552 3567 Neque
1579 3512 1638 3552 se
1666 3496 1817 3567 prius
1873 3496 2057 3551 crimi-

480 3588 597 3642 nari
639 3588 783 3642 illum
831 3603 898 3643 eo
946 3589 1164 3643 nomine
1195 3588 1538 3653 destiturum,
1575 3603 1738 3657 quam
1778 3587 2058 3642 eunuchus

477 3682 544 3734 ad
583 3679 906 3750 supplicium
947 3680 1018 3735 sit
1050 3679 1298 3735 traditus.
1346 3682 1522 3749 Atque
1566 3679 1618 3734 hi
1671 3679 1888 3748 quidem
1937 3692 2057 3731 cum

481 3774 563 3827 his
589 3772 858 3826 mandatis
889 3769 1408 3840 Constantinopolim
1445 3777 1826 3838 pervenerunt.
1857 3768 2058 3822 Eodem

483 3878 698 3934 quoque
748 3873 991 3930 tempore
1033 3863 1252 3927 accidit,
1284 3871 1343 3917 ut
1379 3859 1746 3931 Chrysaphius
1784 3875 1812 3912 a
1845 3858 2061 3913 Zenone

483 3957 548 4008 ad
609 3969 821 4023 poenam
864 3955 1270 4023 deposceretur.
1305 3952 1632 4006 Maximinus
1678 3951 1822 4004 enim
1861 3965 2059 4004 renun-

485 4047 738 4108 tiaverat,
783 4044 1010 4097 Attilam
1045 4044 1248 4107 dicere,
1285 4042 1479 4096 decere
1515 4043 1899 4110 imperatorem
1933 4057 2060 4111 pro-

483 4136 662 4190 missis
690 4143 854 4202 stare,
883 4143 936 4189 et
964 4133 1280 4189 Constantio
1315 4148 1564 4198 uxorem,
1599 4149 1760 4203 quam
1796 4134 2061 4202 promise-

484 4232 572 4293 rit,
604 4229 756 4292 dare,
789 4232 928 4283 hanc
963 4227 1133 4293 enim,
1165 4226 1336 4281 invito
1372 4227 1715 4294 imperatore,
1743 4227 1942 4280 nemini
1978 4227 2060 4282 fas

483 4323 649 4377 fuisse
678 4319 1002 4390 desponderi
1041 4335 1055 4371 :
1090 4327 1182 4373 aut
1208 4319 1350 4374 enim
1385 4334 1530 4384 eum,
1558 4320 1648 4390 qni
1683 4331 1868 4374 contra
1899 4334 2062 4374 ausus

2158 3314 2219 3366 οὐ
2270 3315 2478 3368 δίκαιον
2520 3316 2614 3370 οὖν
2667 3321 2813 3371 ποιεῖ
2853 3319 2930 3390 τῷ
2984 3323 3213 3392 βελτίονι
3269 3324 3366 3377 καὶ
3421 3326 3479 3379 ὃν
3534 3327 3682 3398 αὐτῷ
3713 3330 3748 3397 ὴ

2158 3405 2294 3475 τύχη
2328 3406 2597 3477 δεσπότην
2619 3408 2976 3478 ἀνέδειξεν⁷³,
3005 3411 3082 3474 ὡς
3120 3414 3358 3484 πονηρὸς
3390 3417 3608 3488 οίκέτης
3651 3418 3754 3470 λα-

2158 3497 2379 3568 θριδίως
2453 3499 2830 3571 ἐπιτιθέμενος
2863 3516 2876 3530 ⁶
2914 3502 2973 3555 οὐ
3029 3502 3212 3558 λύσειν
3261 3505 3353 3560 οὖν
3408 3507 3509 3578 τὴν
3566 3511 3757 3564 αἰτίαν

2158 3587 2263 3655 ἔφη
2297 3587 2408 3641 τῶν
2459 3590 2514 3652 ἐς
2562 3591 2725 3645 αὐτὸν
2771 3592 3200 3664 ἡμαρτημένων,
3232 3597 3280 3649 εί
3319 3597 3394 3667 μή
3435 3614 3499 3667 γε
3532 3599 3626 3652 τὸν
3659 3603 3754 3654 εὐ-

2159 3682 2354 3754 νοῦχον
2386 3684 2661 3754 ἐκπέμψοι
2693 3687 2829 3757 πρδς
2859 3688 3100 3743 κόλασιν.
3151 3691 3262 3744 Καὶ
3302 3684 3449 3746 οὗτοι
3497 3695 3600 3763 μὲν
3658 3697 3756 3747 ἐπὶ

2158 3774 2334 3827 τοῖσδε
2362 3775 2416 3838 ἐς
2458 3775 2556 3847 τὴν
2602 3779 3013 3832 Κωνσταντίνου
3065 3783 3464 3849 παρεγένοντο·
3520 3789 3760 3856 συνηνέο

2160 3863 2264 3935 χθη
2295 3864 2354 3917 δὲ
2386 3865 2477 3919 τὸν
2508 3867 2826 3938 Χρυσάφιον
2868 3869 3198 3933 ἐξαιτεῖσθαι
3231 3874 3325 3927 καὶ
3377 3876 3528 3946 παρὰ
3559 3879 3754 3947 Ζήνω-

2161 3973 2270 4019 νος.
2307 3957 2614 4028 Μαξιμίνου
2661 3959 2770 4030 γὰρ
2797 3962 3080 4032 εἰρηκέναι
3120 3963 3213 4017 τὸν
3253 3964 3518 4038 ’Λττήλαν
3559 3971 3753 4036 ἀπαγ-

2162 4045 2441 4114 γείλαντος
2491 4050 2692 4121 χρῆναι
2750 4053 2974 4122 βασιλέα
3007 4055 3249 4128 πληροῦν
3301 4061 3402 4128 τὴν
3432 4060 3747 4130 ὑπόσχεσιν,

2162 4137 2256 4189 καὶ
2279 4137 2356 4208 τῷ
2386 4139 2754 4212 Κωνσταντίῳ
2774 4144 2871 4215 τὴν
2899 4148 3135 4213 γυναῖκα
3163 4147 3386 4214 διδόναι,
3412 4152 3476 4222 ἢν
3492 4151 3752 4220 οὐδαμῶς

2164 4233 2316 4300 παρὰ
2343 4230 2441 4303 τὴν
2471 4233 2684 4287 ἐκείνου
2727 4235 2922 4307 βουλὴν
2970 4238 3144 4309 ἑτέρῳ
3171 4240 3616 4312 κατεγγυηθῆναι
3635 4239 3754 4298 οἷόν

2164 4341 2224 4378 τε
2259 4319 2412 4396 ἧν⁷³.
2458 4327 2526 4378 Ἢ
2562 4327 2674 4396 γὰρ
2719 4329 2749 4379 ὁ
2799 4328 3078 4400 τολμήσας
3113 4331 3471 4385 ὲκδεδὼκειτδ
3497 4333 3674 4401 δίκας,
3714 4338 3750 4405 ἢ

483 4413 694 4478 luisset,
735 4425 926 4481 pmnas
973 4409 1224 4464 daturum
1257 4407 1441 4477 fuisse,
1479 4416 1572 4463 aut
1606 4425 1672 4464 eo
1715 4409 2058 4479 imperatoris

2165 4414 2392 4469 τοιαῦτα
2423 4415 2492 4470 τὰ
2521 4416 2786 4485 βασιλέως
2836 4418 3005 4483 ἐστὶν,
3041 4419 3182 4474 ὥστε
3227 4423 3364 4492 μηδὲ
3413 4424 3520 4478 τῶν
3554 4429 3755 4493 σφετέ-

483 4521 568 4560 res
593 4506 852 4559 deductas
872 4515 1013 4566 esse,
1036 4508 1094 4556 ut
1124 4515 1190 4556 ne
1212 4515 1398 4556 servos
1427 4501 1642 4571 quidem
1667 4517 1793 4556 suos
1815 4515 2067 4556 coercere

485 4605 690 4666 posset,
735 4603 924 4648 contra
957 4608 1116 4662 quos,
1155 4593 1204 4648 si
1255 4593 1438 4656 vellet,
1485 4607 1543 4648 se
1595 4593 1856 4648 auxilium
1919 4592 2064 4648 ferre

439 4735 449 4752 ,
485 4695 755 4753 paratum.
808 4683 915 4738 Sed
949 4683 1291 4739 Theodosius
1321 4684 1656 4739 iracundiam
1699 4698 1851 4738 suam
1885 4682 2061 4752 palam

480 4776 629 4841 fecit,
653 4791 775 4830 cum
807 4777 946 4831 bona
981 4777 1168 4845 puellas
1201 4777 1253 4830 in
1287 4777 1558 4846 publicum
1591 4777 1812 4845 redegit.

554 4868 606 4921 7.
649 4868 734 4939 (Α.
764 4868 826 4923 C.
859 4868 985 4934 450,
1014 4869 1131 4926 ltiti.
1164 4871 1218 4937 5,
1251 4869 1514 4924 Marcion.
1545 4868 1620 4938 1.)
1659 4869 1794 4924 Cum
1821 4869 2057 4935 primum

482 4961 664 5014 Attilae
709 4962 1014 5016 nuntiatum
1063 4971 1168 5027 est,
1225 4961 1552 5017 Martianutn
1595 4970 1716 5028 post
1766 4959 2059 5016 Theodosii

480 5059 710 5104 mortem
743 5052 808 5105 ad
854 5050 1142 5122 imperium
1188 5053 1523 5122 pervenisse,
1565 5060 1618 5106 ct
1657 5066 1777 5120 qua:
1815 5049 2061 5106 llonorite

481 5142 828 5212 accidissent,
852 5145 920 5200 ad
943 5159 1089 5211 eum,
1126 5144 1218 5215 qui
1261 5145 1312 5198 in
1348 5143 1643 5199 Occidente
1673 5157 1852 5197 rerum
1885 5143 2058 5213 potie-

478 5234 658 5302 batur,
703 5236 872 5302 misit,
910 5237 1004 5306 qui
1044 5237 1430 5293 contenderent
1495 5234 1788 5292 Honoriam
1835 5235 1964 5290 nihil
1999 5251 2063 5291 se

2173 4523 2280 4577 ρων
2303 4509 2526 4578 κρατεῖν
2555 4508 2804 4574 οἰκετῶν,
2832 4511 2956 4562 καθ’
2980 4503 3056 4564 ὧν
3091 4513 3431 4582 συμμαχίαν,
3451 4515 3503 4566 εί
3518 4533 3580 4584 γε
3619 4516 3752 4585 βού-

2168 4596 2331 4658 λοιτο,
2374 4596 2593 4667 ἕτοιμον
2630 4593 2772 4653 εἶναι
2830 4605 3160 4672 παρασχεῖν.
3225 4603 3525 4675 Ἐδήχθη⁷⁸
3567 4609 3685 4659 τε⁷⁶
3722 4612 3754 4662 ὁ

2167 4685 2450 4749 Θεοδόσιος
2476 4689 2569 4742 τὸν
2599 4690 2793 4758 θυμὸν,
2826 4692 2921 4745 καὶ
2967 4693 3233 4763 δημοσίαν
3252 4694 3299 4728 ⁷⁷
3320 4695 3420 4768 τὴν
3444 4696 3547 4761 τῆς
3579 4699 3753 4770 κόρης

2165 4777 2355 4833 οὐσίαν
2378 4783 2542 4836 ποιεῖ.

2241 4869 2308 4934 ζ’.
2350 4872 2473 4925 ’Ότι
2503 4871 2579 4937 ὡς
2610 4875 2852 4947 ἠγγέλθη
2882 4877 2961 4948 τῷ
3013 4878 3270 4950 Ἀττήλᾳ,
3301 4880 3395 4934 τὸν
3427 4878 3752 4950 Μαρκιανὺν

2169 4962 2227 5026 ἐς
2260 4961 2330 5015 τὰ
2361 4963 2505 5016 κατὰ
2530 4963 2625 5035 τὴν
2660 4966 2734 5019 ἕω
2777 4967 3062 5038 Ῥωμαϊκὰ
3100 4969 3539 5042 παρεληλυθέναι
3593 4971 3752 5041 βασί-

2168 5054 2288 5108 λεια
2318 5055 2454 5125 μετὰ
2485 5056 2584 5127 τὴν
2611 5057 2893 5112 Θεοδοσίου
2924 5061 3205 5136 τελευτὴν,
3242 5063 3487 5134 ⁴ὴγγέλθη
3516 5064 3574 5116 δὲ
3597 5067 3754 5136 αὐτῷ

2170 5146 2266 5197 καὶ
2301 5146 2370 5198 τὰ
2419 5125 2551 5216 τῆςί
2589 5145 2854 5218 ὐνωρίας
2889 5125 3028 5221 πέριδ
3069 5125 3433 5222 γεγενημένα,
3467 5125 3607 5223 πρὸς
3651 5125 3748 5220 μὲλ

2168 5235 2618 5308 τδνσκρατοῦντα
2659 5240 2768 5294 τῶν
2835 5241 3141 5311 Ἐσπερίων
3189 5243 3475 5313 Ῥωμαίων
3526 5244 3750 5301 ἔστελλε

1765 5393 2001 5449 νΑιιιΑι
2043 5392 2444 5453 LECTIONES.

560 5560 606 5591 ⁸⁷
647 5558 1200 5627 πολυπραγμονήσειν
1252 5558 1396 5627 conj.
1457 5556 1516 5610 Β.

477 5645 598 5701 om.
617 5629 760 5701 vnlg.
787 5699 829 5701 Α
863 5630 911 5701 ⁷⁸-
933 5627 1266 5701 ᾴφᾹελόμενος
1289 5627 1369 5701 C_l.

477 5700 626 5768 conj.
650 5697 735 5752 BC
785 5699 832 5731 ⁷⁵
865 5698 1066 5768 ἐδήχθη
1098 5697 1236 5764 Val.,
1281 5697 1495 5769 ἐδείχθη
1536 5698 1679 5766 vulg.

1700 5555 1952 5633 seseese
1987 5556 2049 5633 τρ
2103 5556 2509 5633 Β.,Αὲθαρρεἶτο
2541 5559 2642 5629 τῆς
2686 5561 2828 5633 vulg.

1444 5628 1490 5657 η
1526 5625 1813 5690 ἀπέδειξεν
1833 5625 1977 5695 eonj.
2017 5627 2078 5681 tr.

2903 5563 2946 5634 υ
2971 5560 3058 5618 οἷα
3091 5565 3176 5630 8.,
3199 5564 3287 5618 διὰ
3315 5565 3465 5634 vulg.
3564 5569 3610 5600 ⁷ο
3639 5569 3757 5623 τῶν

2182 5623 2514 5704 ⁷³-ᾖν]ἐῖναι
2539 5623 2688 5699 06111.
2717 5623 2803 5704 Βέ
2879 5633 2925 5704 ῗι
2951 5623 3266 5704 διεδεδώκει]
3297 5623 3550 5691 ὲκδόῧναι
3581 5639 3754 5693 δώσει

1757 5698 1800 5728 τε
1828 5713 1885 5750 τι
1917 5698 2001 5751 θα,
2030 5697 2151 5752 par,
2232 5699 2278 5729 7"
2317 5698 2580 5770 δημοσίαν
2611 5697 2718 5772 mg.
2751 5703 2842 5770 1].,
2870 5703 3130 5774 δημόσιον
3172 5697 3316 5776 vuig.
