4050 6418
290 385 394 450 689

1073 389 1170 450 DE
1208 389 1779 457 LEGATIONIBUS
1815 394 2172 461 GENTIUM
2211 402 2312 463 AD
2359 402 2739 469 ROMANOS.

3451 415 3560 480 690

287 500 418 562 τοὺς
455 497 870 570 διαλεξομένους
903 499 948 532 ⁷⁸
993 502 1162 573 μηδὲν
1214 505 1478 578 Ὀνωρίαν
1528 509 1895 582 πλημμελεῖ-,

1974 515 2251 586 indignum
2298 521 2608 590 admisisse,
2649 537 2812 593 quam
2863 525 3209 581 matrimonio
3249 542 3347 584 suo
3391 530 3556 586 desti-

287 591 437 657 σθαι,
470 591 538 661 ἦν
571 590 750 663 ἐαυτῷ
776 591 912 662 πρὸς
941 593 1118 664 γάμον
1146 599 1550 670 κατενεγγύησε
1576 618 1591 632 ·
1623 605 1872 676 τιμωρή-

289 700 404 737 σειν
441 682 551 753 γὰρ
580 685 746 756 αὐτῇ,
775 687 824 738 εἰ
856 685 932 756 μὴ
965 685 1060 739 καῖ.
1089 688 1156 741 τὰ
1183 689 1281 758 τῆς
1313 690 1875 770 βασιλείας,ἀπολά6ῃ

281 775 569 846 σκῆπτρα.
603 777 861 848 Ἔπεμπε
901 777 958 831 δὲ
988 780 1082 832 καὶ
1112 782 1248 850 πρὸς
1279 783 1404 846 τοὺς
1429 784 1595 854 ἑῴους
1637 786 1873 858 Ῥωμαί-

279 884 382 930 au;
435 866 548 919 τῶν
583 868 896 938 ταχθέντων
927 871 1112 942 φόρων
1159 872 1344 927 ἕνεκα.
1390 876 1711 946 Ἀπράκτων
1737 879 1794 933 δὲ
1814 879 1872 948 ἐξ

277 957 615 1029 ἀμφοτέρων
665 959 774 1013 τῶν
824 961 991 1015 αὐτοῦ
1041 962 1448 1018 ἐπανελθόντων
1479 968 1872 1036 πρέσϐεων-.-

278 1052 330 1100 οί
387 1050 496 1118 μὲν
543 1050 650 1121 γάρ
678 1054 777 1122 τῆς
821 1049 1122 1123 Ἐσπερίας
1169 1057 1557 1126 ἀπεκρίναντο,
1612 1059 1874 1133 Ὀνωρίαν

279 1139 437 1211 αύτῷ
479 1143 538 1204 ἐς
592 1141 772 1212 γάμον
809 1142 985 1197 ἐλθεῖν
1019 1148 1157 1215 μήτε
1195 1146 1474 1212 δύνασθαι,
1518 1151 1874 1225 ἐκδεδομένην

278 1231 459 1304 ἀνδρί·
520 1234 912 1305 σκῆπτρον-,δὲ
961 1235 1098 1306 αὐτῇ
1151 1237 1227 1307 μὴ
1276 1238 1608 1307 ὀφείλεσθαιο
1654 1243 1714 1295 ού
1761 1244 1870 1315 γὰρ

280 1323 542 1394 θηλειῶν.
578 1324 694 1377 ἀλλ’
725 1326 977 1397 ἀρρένων
1017 1329 1048 1398 ἡ
1091 1328 1190 1398 τῆς
1236 1330 1549 1403 Ῥωμαϊκῆς
1591 1333 1870 1404 βασιλείας

280 1416 463 1488 ἀρχή·
506 1417 558 1469 οἱ
607 1417 667 1470 δὲ
710 1418 811 1488 τῆς
858 1419 932 1472 ἕω
967 1418 1175 1488 ἔφασαν
1217 1421 1316 1491 οὐχ
1343 1422 1742 1494 ὑποστήσεσθαι
1770 1427 1870 1498 τὴν

282 1506 382 1561 τοῦ
418 1508 586 1580 φόρου
621 1508 946 1580 ἀπαγωγὴν,
1002 1512 1068 1580 ἢν
1118 1514 1146 1565 ὁ
1199 1513 1480 1577 Θεοδόσιος
1527 1514 1719 1580 ἔταξε·
1775 1519 1870 1572 καὶ

285 1599 619 1669 ἡσυχάζοντι
652 1599 752 1670 μὲν
782 1600 930 1671 δῶρα
958 1601 1173 1666 δώσειν,
1211 1604 1446 1674 πόλεμον
1475 1605 1530 1658 δὲ
1554 1607 1869 1662 ἀπειλοῦντι

292 1689 439 1750 ὅπλα
459 1689 548 1744 καὶ
570 1691 773 1760 ἄνδρας
813 1693 1035 1757 ἐπάξειν
1060 1695 1160 1765 τῆς
1189 1697 1354 1750 αὐτοῦ
1391 1699 1466 1769 μὴ
1509 1699 1869 1772 λειπομένους

1980 615 2201 674 nasset;
2252 621 2421 678 seque
2462 610 2535 665 illi
2583 612 2845 668 auxilium
2899 613 3158 680 laturum,
3205 617 3308 671 nisi
3343 633 3550 672 summa

1976 711 2196 768 quoque
2238 699 2448 770 imperii
2484 703 2534 757 ei
2567 698 2889 760 deferretur.
2920 706 3065 762 Misit
3093 717 3146 761 et
3188 710 3252 763 ad
3283 708 3557 765 Romanos

1977 787 2283 846 Orientales
2314 790 2640 848 tributorum
2679 795 3093 851 constitutorum
3121 799 3315 867 gratia.
3360 797 3467 853 Sed
3499 815 3557 853 re

1976 878 2173 935 infecta
2211 881 2372 954 legati
2402 884 2654 954 utrinque
2677 896 2804 940 sunt
2832 888 3056 943 reversi.
3089 887 3298 944 Etenim
3331 891 3421 960 qui
3452 889 3556 944 Oc-

1974 971 2201 1028 cidentis
2236 971 2464 1042 imperio
2506 987 2758 1045 praeerat,
2829 980 3109 1048 respondit
3143 977 3441 1036 Honoriam
3477 981 3554 1035 illi

1973 1062 2179 1117 nubere
2216 1078 2322 1118 non
2366 1080 2546 1135 posse,
2583 1069 2725 1136 quod
2759 1069 2874 1138 jam
2921 1068 3010 1122 alii
3051 1069 3344 1139 nupsisset.
3367 1068 3556 1140 Neque

1975 1153 2262 1222 imperium
2292 1154 2544 1213 Ilonorite
2578 1157 2784 1214 deberi.
2817 1157 3072 1215 Virorum
3102 1161 3272 1229 enim,
3302 1176 3407 1216 non
3436 1177 3556 1216 mu.

1973 1247 2193 1311 lierum,
2240 1246 2545 1304 Romanum
2599 1249 2885 1320 imperium
2922 1265 3062 1307 esse.
3098 1253 3198 1317 Qui
3234 1252 3287 1306 in
3331 1251 3553 1306 Oriente

1973 1339 2296 1409 imperabat,
2327 1356 2389 1396 se
2424 1341 2648 1397 minime
2686 1351 2856 1397 ratam
2896 1342 3096 1399 habere
3132 1343 3320 1399 tributi
3349 1343 3548 1399 illatio-

1973 1445 2126 1497 nem,
2172 1446 2333 1500 quam
2374 1431 2712 1490 Theodosius
2770 1435 3143 1491 consensisset
3182 1454 3196 1492 :
3247 1435 3548 1504 Quiescenti

1973 1539 2195 1579 munera
2239 1524 2593 1594 largiturum;
2638 1526 2837 1581 bellum
2883 1526 3115 1582 minanti
3141 1526 3286 1582 viros
3325 1538 3380 1582 et
3402 1542 3552 1581 arma

1970 1612 2308 1680 01)]θειυτυιη
2351 1614 2523 1682 ipsius
2555 1616 2749 1685 opibus
2783 1631 2890 1671 non
2925 1614 3202 1671 inferiora.
3237 1615 3424 1686 Itaque
3451 1619 3552 1671 At-

1974 1707 2094 1762 lilas
2125 1709 2180 1762 in
2225 1708 2404 1763 varias
2452 1709 2865 1766 distrahebatur
2897 1709 3362 1782 sententias,‘50
3398 1719 3452 1766 et
3477 1708 3551 1764 illi

295 1781 566 1852 δυνάμεως
588 1800 604 1815 ⁸
631 1784 918 1854 ἐμερίζετο
946 1786 1038 1839 οὖν
1091 1789 1189 1858 τὴν
1220 1788 1466 1859 γνώμην,
1492 1792 1586 1843 καὶ
1616 1792 1865 1864 διηπόρει

1974 1796 2030 1851 in
2076 1798 2240 1853 dubio
2282 1798 2520 1854 haerebat
2565 1800 2802 1866 animus,
2844 1815 2982 1869 quos
3017 1800 3252 1869 primum
3282 1781 3554 1870 aggrede-

292 1851 466 1938 ποὶοις
501 1851 766 1945 πρότερον
790 1851 1156 1947 ἐπιθήσεταιί
1178 1851 1272 1933 καὶ
1501 1882 1652 1952 αύτῷ
1690 1851 1870 1938 εδὸδιει

1977 1899 2147 1945 retur.
2204 1889 2446 1946 Tandem
2500 1890 2694 1948 melius
2742 1894 2917 1948 visum
2963 1901 3052 1948 est
3088 1893 3155 1946 ad
3199 1891 3555 1960 periculosius

285 1967 475 2032 καλῶς
499 1969 638 2034 τέως
684 1971 778 2024 ἐπὶ
814 1972 906 2024 τὸν
935 1973 1155 2042 μείζονα
1191 1975 1485 2045 τρέπεσθαι
1523 1978 1756 2048 πόλεμον
1780 1978 1875 2033 καὶ

279 2061 346 2121 ἐς
399 2057 501 2131 τὴν
538 2060 778 2132 ἑσπέραν
813 2063 1227 2132 στρατεύεσθαι,
1259 2066 1358 2134 τῆς
1391 2066 1571 2136 μάχης
1610 2069 1760 2138 αὐτῷ
1795 2071 1872 2138 μὴ

277 2149 455 2220 μόνον
488 2150 627 2223 πρὸς
667 2153 1000 2217 Ἰταλιώτας,
1035 2154 1171 2208 ἀλλὰ
1210 2157 1302 2209 καὶ
1342 2156 1478 2224 προς
1505 2159 1734 2223 Γότθους
1779 2162 1873 2213 καὶ

270 2243 573 2312 ⁴ι’ράγγους
606 2245 872 2316 ἐσομένης
896 2263 908 2276 ·
933 2247 1069 2316 πρὸς
1102 2247 1201 2317 μὲν
1248 2248 1558 2314 Ἰταλιώτας
1598 2249 1739 2305 ὥστε
1772 2245 1872 2323 τὴν

288 2334 572 2406 ὀνωρίαν
636 2335 773 2407 μετά
831 2338 937 2389 τῶν
989 2339 1290 2408 χρημάτων
1340 2342 1523 2394 λαϐεῖν
1553 2381 1567 2406 ,
1625 2343 1762 2414 πρὸς
1815 2344 1872 2398 δὲ

276 2426 519 2492 Γότθους
541 2428 701 2498 χάριν
731 2427 1007 2500 Γεζερίχῳ
1043 2432 1491 2501 κατατιθέμενον.

353 2525 426 2590 η’.
467 2519 592 2572 Ὅτι
628 2517 707 2590 τῷ
743 2519 977 2591 Ἀττήλᾳ
1003 2516 1071 2590 ἦν
1111 2522 1205 2574 τοῦ
1241 2523 1378 2594 πρὸς
1403 2526 1688 2594 Φράγγους
1715 2527 1872 2580 πολέ-

279 2629 394 2682 μου
440 2612 716 2684 πρόφασις
761 2614 796 2684 ἡ
849 2612 943 2666 τοῦ
975 2632 1131 2684 σφων
1161 2615 1426 2685 βασιλέως
1454 2619 1678 2690 τελευτὴ
1710 2621 1803 2673 καὶ
1838 2621 1871 2690 ἡ

276 2705 388 2775 τῆς
437 2705 618 2776 ἀρχῆς
674 2705 784 2759 τῶν
817 2704 1030 2760 ἐκείνου
1064 2708 1268 2760 παίδων
1333 2709 1586 2781 διαφορὰ,
1615 2712 1708 2765 τοῦ
1741 2729 1873 2783 πρε-

285 2797 566 2870 σϐυτέρου
591 2799 694 2870 μὲν
719 2799 1006 2870 ’Δττήλαν,
1030 2801 1124 2853 τοῦ
1160 2802 1214 2854 δὲ
1244 2803 1508 2873 νεωτέρου
1547 2805 1756 2859 Ἀέτιον
1779 2799 1871 2859 ἐπὶ

279 2887 579 2959 συμμαχίᾳ
607 2888 914 2957 ἐπάγεσθαι
960 2891 1263 2957 ἐγνωκότος
1283 2907 1297 2920 ο
1327 2892 1384 2944 ὃν
1422 2895 1560 2946 κατὰ
1591 2895 1689 2966 τὴν
1734 2896 1870 2949 Ῥώ-

287 2995 398 3049 μην
439 2977 660 3049 είδομεν
703 2979 1145 3051 πρεσϐευόμενον
1177 2984 1246 3046 '9,
1302 2984 1469 3052 μήπω
1502 2984 1677 3038 ίούλου
1708 2987 1869 3058 ἀρχό-

292 3085 494 3139 μενον,
551 3068 746 3134 ξανθὸν
793 3071 889 3140 τὴν
950 3073 1127 3140 κόμην
1187 3073 1300 3135 τοῖς
1348 3074 1514 3126 αὲτοῦ
1571 3092 1868 3146 περικεχυ-

1976 1981 2173 2038 bellum
2229 1983 2379 2053 prius
2439 1997 2558 2041 sese
2609 1992 2949 2048 convertere,
2995 1993 3049 2040 et
3110 1984 3163 2039 in
3207 1982 3553 2039 Occidentem

1974 2074 2276 2129 exercitum
2301 2077 2554 2132 educere.
2589 2076 2705 2130 Illic
2729 2077 2874 2131 enim
2909 2076 3014 2132 sibi
3046 2090 3158 2131 rem
3183 2073 3300 2130 fore
3329 2089 3434 2130 non
3455 2065 3554 2129 so-

1973 2167 2082 2222 lum
2122 2183 2242 2222 cum
2271 2167 2444 2234 Italis,
2477 2170 2570 2224 sed
2601 2170 2765 2224 etiam
2805 2185 2929 2225 cum
2975 2169 3169 2225 Gothis
3196 2177 3252 2224 et
3281 2166 3507 2222 Francis
3541 2184 3554 2220 :

1975 2270 2098 2312 cum
2131 2259 2298 2323 Italis,
2330 2267 2388 2313 ut
2417 2257 2715 2316 Ilonoriam
2747 2275 2869 2315 cum
2902 2260 3212 2330 ingentibus
3239 2258 3443 2314 divitiis
3471 2271 3558 2312 se-

1973 2363 2096 2404 cum
2128 2349 2422 2407 abduceret
2455 2367 2469 2405 :
2496 2365 2619 2406 cum
2654 2351 2868 2417 Gothis,
2898 2361 2953 2406 ut
2978 2350 3292 2407 Genserichi
3327 2349 3554 2421 gratiam

1973 2451 2398 2510 promereretur.

2042 2532 2096 2587 8.
2139 2533 2227 2602 (A.
2263 2531 2327 2589 C.
2373 2534 2500 2600 451,
2542 2535 2660 2591 Ind.
2703 2535 2758 2600 4,
2789 2534 3045 2591 Marciau.
3093 2535 3174 2604 2.)
3214 2534 3280 2589 Ει
3312 2534 3550 2589 Francos

1972 2623 2188 2692 quidem
2226 2625 2368 2681 bello
2394 2626 2707 2682 lacessendi
2733 2625 2809 2681 illi
2841 2641 3006 2681 causa
3046 2625 3148 2680 fuit
3177 2639 3363 2694 regum
3405 2626 3552 2694 ipso-

1975 2727 2092 2766 rum
2137 2711 2319 2768 obitus
2347 2721 2403 2768 et
2431 2713 2497 2768 de
2535 2726 2705 2782 regno
2741 2712 2884 2767 inter
2925 2712 3124 2768 liberos
3156 2711 3552 2772 controversia.

1973 2818 2096 2859 cum
2136 2803 2306 2873 major
2352 2811 2481 2859 natu
2521 2805 2744 2859 Attilam
2777 2803 2978 2858 auxilio
3024 2813 3290 2869 vocasset,
3335 2803 3550 2857 Aetium

1973 2893 2169 2957 minor,
2203 2907 2363 2962 quem
2403 2891 2588 2949 Romae
2616 2893 2852 2948 vidimus
2885 2893 3204 2964 legationem
3240 2893 3552 2954 obeuntem,

1973 2968 2222 3039 nondum.
2248 2984 2498 3055 lanugine
2513 2983 2906 3051 elllorescente,
2933 2985 3070 3039 ﬂava
3093 2999 3269 3053 coma,
3301 2993 3356 3038 et
3383 2981 3550 3050 capil-

1973 3075 2038 3130 lis
2053 3085 2272 3144 prapter
2283 3075 2604 3132 densitatem
2620 3086 2676 3132 et
2692 3077 3112 3147 magnitudinem
3128 3090 3289 3150 super
3301 3075 3554 3129 humeros

289 3161 462 3232 μένην
487 3162 535 3197 ⁸⁸
563 3162 654 3217 διὰ
700 3162 933 3232 μέγεθος
965 3163 1156 3233 ὤμοις.
1208 3164 1371 3218 Θετὸν
1401 3166 1458 3218 δὲ
1495 3168 1657 3222 αὑτὸν
1681 3169 1709 3221 ὁ
1753 3171 1872 3224 Ἀέ-

1975 3165 2180 3223 effusis.
2225 3165 2383 3221 llunc
2427 3166 2594 3222 etiam
2655 3166 2842 3222 Aetius
2873 3166 2970 3222 lilii
3019 3168 3135 3221 loco
3181 3166 3554 3236 adoptaverat,

282 3271 402 3318 τιος
439 3253 812 3325 ποιησάμενος
845 3255 1010 3309 παῖδα
1039 3257 1130 3308 καὶ
1163 3256 1388 3309 πλεῖστα
1413 3257 1563 3328 δῶρα
1599 3259 1724 3323 δοὺς
1756 3259 1873 3332 ἅμα

282 3345 363 3417 τῷ
433 3345 775 3419 βασιλεύοντι
822 3348 917 3400 ἐπὶ
972 3348 1122 3419 φιλίᾳ
1167 3366 1227 3402 τε
1278 3351 1371 3404 καὶ
1430 3351 1703 3422 ὁμαιχμίᾳ
1764 3355 1871 3406 άπ-

285 3440 536 3510 έπεμψε.
575 3439 797 3493 Τούτων
825 3441 988 3494 ἕνεκα
1014 3443 1041 3493 ὁ
1087 3440 1351 3511 Ἀττήλας
1387 3443 1485 3512 τὴν
1514 3443 1873 3514 ὲκστράτειαν

287 3531 642 3603 ποιούμενος,
697 3527 854 3594 αὖθις
900 3531 1008 3585 τῶν
1050 3532 1188 3603 ἀμφ’
1223 3534 1385 3587 αὐτὸν
1436 3533 1636 3603 ἄνδρας
1684 3535 1742 3597 ἐς
1771 3535 1872 3606 τὴν

298 3620 537 3676 Ἰταλίαν
584 3620 856 3690 ἔπεμπεν,
919 3620 1058 3674 ὥστε
1118 3622 1218 3690 τὴν
1264 3622 1526 3691 Ὀνωρίαν
1582 3622 1868 3676 ἐκδιδόναι·

288 3711 562 3787 εἶναιγὰρ
591 3713 743 3784 αὺτῷ
770 3714 1126 3785 ἡρμοσμένην
1162 3715 1298 3784 πρὸς
1334 3715 1533 3783 γάμον,
1570 3715 1871 3785 τεκμήριον

293 3807 619 3876 ποιούμενος
671 3806 761 3860 τὸν
808 3808 938 3877 παρ’
969 3807 1143 3877 αὐτῆς
1186 3807 1512 3876 πεμφθέντα
1561 3806 1869 3873 δακτύλιον,

298 3897 362 3951 ὃν
407 3895 494 3951 καὶ
524 3896 1036 3969 ἐπιδειχθησόμενον
1075 3898 1365 3963 ἐστάλκει,
1419 3895 1772 3969 παραχωρεῖν
1815 3897 1872 3951 δὲ

292 3990 445 4060 αὐτῇ
475 3989 570 4044 τὸν
601 3989 1016 4045 Βαλεντινιανδν
1048 3989 1143 4042 καὶ
1173 3989 1266 4043 τοῦ
1307 3989 1553 4059 ἡμίσεως
1593 3990 1690 4059 τῆς
1724 3988 1874 4061 βασι-

286 4081 442 4145 λείας
495 4081 720 4154 μέρους,
771 4081 851 4146 ὡς
899 4083 993 4135 καὶ
1042 4081 1142 4151 τῆς
1191 4082 1452 4152 Ὀνωρίας
1482 4081 1874 4154 διαδεξαμένης

285 4174 393 4244 μὲν
443 4176 597 4246 παρὰ
643 4174 852 4247 πατρὸς
899 4174 999 4245 τὴν
1054 4173 1250 4245 ἀρχὴν,
1310 4174 1516 4244 ταύτης
1561 4175 1617 4228 δὲ
1665 4177 1731 4247 τῇ
1777 4175 1872 4230 τοῦ

278 4260 526 4334 ἀδελφοῦ
553 4263 946 4334 ἀφαιρεθεῖσαν
977 4261 1281 4334 πλεονεξίᾳ.
1333 4264 1419 4326 Ὠς
1450 4265 1506 4318 δὲ
1551 4265 1600 4318 οί
1629 4265 1875 4338 ἑσπέριοι

289 4354 567 4426 Ῥωμαῖοι
591 4355 692 4426 τῆς
726 4355 996 4428 προτέρας
1026 4353 1272 4426 ἐχόμενοι
1307 4353 1532 4425 γνώμης
1557 4357 1692 4426 πρὸς
1721 4357 1876 4412 οὐδὲν

277 4448 400 4502 τῶν
430 4446 586 4518 αὐτῷ
612 4447 953 4517 δεδογμένων
980 4447 1277 4514 ὑπήκουον,
1324 4447 1501 4518 εἴχετο
1546 4447 1746 4518 μᾶλλον
1776 4449 1875 4519 τῆς

1972 3268 2025 3312 et
2058 3257 2306 3328 plurimis
2344 3256 2503 3314 donis
2527 3266 2779 3312 ornatum
2802 3258 2868 3312 ad
2895 3258 3298 3326 imperatorem,
3334 3265 3392 3309 ut
3414 3258 3553 3309 ami-

1973 3347 2154 3400 citiam
2189 3355 2242 3400 et
2263 3345 2712 3401 societatemcum
2745 3359 2812 3402 eo
2832 3343 3057 3410 laceret,
3088 3345 3328 3401 miserat.
3349 3342 3554 3410 Quant-

1973 3438 2158 3493 obrem
2202 3437 2398 3494 Attilas
2436 3447 2723 3507 antequam
2760 3435 2813 3490 in
2872 3449 2992 3491 eam
3036 3435 3433 3505 expeditionem
3469 3435 3553 3489 in-

1973 3529 2310 3598 grederetur,
2356 3542 2545 3582 rursus
2595 3526 2804 3597 legatos
2849 3526 2906 3596 in
2966 3525 3179 3580 Italiam
3239 3525 3408 3588 misit,
3463 3525 3552 3592 qui

1973 3619 2264 3674 llonoriam
2308 3626 2632 3687 poscerent;
2685 3631 2803 3670 eam
2843 3616 2986 3671 enim
3045 3630 3230 3670 secum
3275 3617 3557 3670 matrimo-

1975 3712 2122 3764 nium
2173 3712 2442 3780 pepigisse
2475 3725 2486 3760 :
2527 3707 2680 3776 cujus
2717 3707 2794 3762 rei
2829 3715 2885 3762 ut
2930 3706 3092 3772 ﬁdem
3137 3707 3354 3771 faceret,
3383 3719 3556 3759 anuu-

1974 3801 2085 3854 lum
2132 3803 2200 3855 ab
2231 3815 2293 3855 ea
2339 3800 2408 3856 ad
2438 3815 2498 3856 se
2525 3801 2748 3854 missum
2782 3813 2876 3868 per
2907 3798 3136 3868 legatos,
3167 3797 3363 3868 quibus
3389 3796 3555 3851 tradi-

1975 3893 2149 3956 derat,
2175 3893 2420 3948 exhiberi
2465 3893 2759 3946 mandavit.
2798 3891 2977 3945 Etiam
3019 3890 3301 3945 dimidiam
3344 3889 3557 3959 imperii

1975 3994 2183 4058 partem
2219 3985 2323 4040 sibi
2373 3983 2804 4039 Valentinianum
2839 3983 3056 4047 debere,
3098 3996 3223 4037 cum
3270 3981 3336 4034 ad
3379 3979 3559 4037 llono-

1975 4077 2111 4131 riam
2144 4074 2270 4146 jure
2292 4082 2576 4145 paternum
2611 4086 2836 4142 regnum
2866 4071 3177 4142 pertineret,
3213 4084 3324 4141 quo
3357 4069 3558 4140 injusta

1977 4168 2162 4222 fratris
2203 4165 2500 4236 cupiditate
2536 4165 2746 4237 privata
2781 4173 2950 4223 esset.
2997 4161 3104 4220 Sed
3151 4177 3274 4218 cum
3322 4163 3558 4218 Romani

1977 4257 2354 4316 Occidentales
2383 4259 2437 4314 in
2461 4257 2637 4328 prima
2661 4258 2928 4314 sententia
2958 4256 3312 4328 persisterent
3334 4263 3389 4310 et
3421 4255 3562 4309 Atti-

1978 4353 2044 4408 la:
2072 4353 2322 4407 mandata
2350 4349 2654 4420 rejicerent,
2676 4350 2811 4420 ipse,
2828 4358 2939 4406 toto
2977 4347 3217 4405 exercitu
3239 4354 3561 4413 convocato,

1980 4444 2184 4516 majore
2207 4444 2260 4500 vi
2289 4442 2487 4500 bellum
2519 4443 2750 4513 paravit.

277 4537 684 4609 τοῦ.πολέμου
738 4538 1133 4610 παρασκευῆς,
1173 4539 1280 4591 πᾶν
1336 4525 1396 4592 τὸ
1455 4539 1565 4592 τῶν
1616 4540 1873 4612 μαχίμων
1905 4522 1954 4582 D

275 4631 537 4702 ἀγείρων
569 4631 772 4702 πλῆθος
805 4633 940 4704 (1⁸5).

365 4723 434 4776 θ’.
479 4719 606 4776 ’στι
663 4724 693 4776 ὁ
758 4723 1024 4794 Ἀττήλας
1073 4725 1188 4795 (Η)
1230 4726 1373 4796 μετὰ
1413 4727 1470 4779 τὸ
1504 4726 1602 4797 τὴν
1650 4728 1881 4782 Ἰταλίαν

2055 4719 2109 4774 9.
2134 4719 2225 4789 (Α.
2247 4717 2308 4774 C.
2333 4715 2458 4780 452,
2486 4715 2600 4771 Ind.
2631 4715 2685 4779 5,
2709 4712 2966 4768 Marciau.
2992 4712 3070 4781 3.)
3101 4711 3317 4775 Attilas,
3355 4718 3565 4764 vastata

275 4801 793 4884 ἀνδραποδίσασθαι
822 4815 913 4867 ἐπὶ
945 4814 1013 4867 τὰ
1048 4814 1283 4884 σφέτερα
1321 4815 1622 4880 ἀναζεύξας
1648 4817 1716 4881 θι,
1768 4819 1880 4882 τοῖς

1986 4809 2161 4874 Italia,
2198 4809 2264 4864 ad
2304 4823 2402 4866 sua
2438 4823 2498 4864 se
2538 4805 2743 4871 retulit,
2777 4814 2834 4860 et
2861 4801 3232 4859 Romanorum
3269 4803 3567 4872 imperato-

279 4903 598 4978 κρατοῦσιν
618 4905 730 4960 τῶν
769 4905 951 4978 Ἐᾠων
983 4905 1271 4976 Ῥωμαίων
1297 4907 1531 4977 πόλεμον
1559 4909 1653 4960 καὶ
1684 4909 1881 4979 ἀνδρα-

1987 4902 2138 4958 ribus
2175 4902 2228 4956 in
2273 4900 2496 4957 Oriente
2521 4898 2718 4955 bellum
2745 4907 2802 4954 et
2840 4895 3238 4968 populationem
3275 4895 3567 4950 denuntia-

282 4995 566 5064 ποδισμδν
614 4995 716 5064 τῆς
769 4994 954 5066 χώρας
1005 4994 1398 5065 κατήγγελλεν,
1445 4998 1520 5060 ὡς
1556 4995 1630 5068 μὴ
1671 5000 1882 5068 ἐκπεμ-

1988 4995 2084 5060 vit,
2111 5003 2399 5064 propterea
2424 4993 2566 5063 quod
2601 4990 2864 5046 tributum
2891 4988 2993 5046 sibi
3017 5004 3046 5042 a
3088 4985 3396 5044 Theodosio
3435 5002 3569 5040 con-

280 5087 529 5156 φθέντος
560 5083 654 5139 τοῦ
690 5086 843 5157 παρὰ
869 5086 1148 5140 Θεοδοσίου
1174 5088 1510 5157 τεταγμένου
1545 5089 1735 5158 φόρου.

1984 5087 2233 5142 stitutqu
2258 5099 2366 5140 non
2404 5084 2721 5139 solveretur.

361 5185 419 5234 t'.
469 5179 595 5231 Ὅτι
631 5175 1018 5248 ’Δρδαόούριος
1047 5179 1074 5230 ὁ
1101 5177 1196 5230 τοῦ
1225 5178 1508 5249 ’Ἃσπαρος
1539 5180 1876 5250 Σαρακηνοῖς

2060 5177 2144 5232 10.
2167 5176 2251 5248 (Ρ.
2280 5177 2345 5232 Α.
2369 5173 2430 5230 C.
2457 5176 2584 5240 455,
2613 5173 2876 5229 Marciau.
2908 5173 2989 5242 l.)
3017 5173 3372 5235 Ardaburius,
3397 5171 3568 5239 Aspa-

286 5268 566 5340 ἒπολέμει
594 5268 738 5323 κατὰ
772 5270 871 5340 τὴν
895 5270 1208 5340 Δαμασκόν·
1242 5271 1336 5322 καὶ
1370 5271 1549 5322 ἐκεῖσε
1574 5287 1881 5342 παραγενο-

1988 5273 2064 5328 ris
2101 5271 2264 5337 lilius,
2308 5269 2375 5324 ad
2417 5268 2738 5324 Damascum
2780 5265 3082 5323 Saracenos
3137 5263 3444 5321 debellavit.
3491 5260 3570 5316 Eo

290 5363 465 5435 μένου
499 5361 812 5433 Μαξιμίνου
859 5362 954 5415 τοῦ
1016 5361 1323 5433 στρατηγοῦ
1379 5363 1473 5415 καὶ
1521 5362 1761 5434 Πρίσκου
1789 5362 1884 5416 τοῦ

1989 5362 2286 5419 Maximino
2314 5359 2471 5422 duce,
2506 5368 2563 5412 et
2586 5357 2797 5423 Prisco,
2822 5358 2982 5429 hujus
3016 5355 3258 5412 historia:
3281 5351 3566 5420 scriptore,

286 5454 690 5527 συγγραφέως,
722 5447 882 5524 εὖρον
910 5453 1073 5507 αὑτὸν
1098 5456 1210 5518 τοῖς
1243 5455 1577 5524 Σαρακηνῶν
1623 5454 1888 5525 πρέσϐεσι

1989 5453 2424 5518 advenientibus,
2455 5449 2795 5506 oll‘enderunt
2833 5447 3202 5504 Ardaburium
3239 5459 3364 5501 cum
3403 5442 3569 5498 Sara-

288 5552 428 5623 περὶ
467 5550 694 5620 εἰρήνης
720 5547 1126 5618 διαλεγόμενον.

1991 5563 2249 5605 cenorum
2275 5545 2468 5617 legatis
2498 5545 2564 5600 de
2591 5557 2725 5615 pace
2752 5549 3092 5598 tractantem.

1615 5666 1700 5718 VA
1713 5667 1851 5722 Ille
1894 5665 2302 5723 LECTIONES.

356 5761 404 5797 ⁷³
444 5761 863 5833 διαλεξαμένους
907 5761 1050 5832 vulg.
1144 5761 1186 5792 "
1223 5760 1649 5831 πρεσϐευομένου.
1703 5762 1849 5832 conj.
1882 5761 1946 5817 N.
2049 5761 2098 5793 ⁸ο
2129 5755 2562 5830 περικεχυμένον
2601 5751 2747 5825 conj.
2775 5749 2836 5808 Β.
2909 5751 2951 5783 ⁸¹
2986 5743 3288 5813 ἀναζεύξας
3323 5745 3421 5813 Η..
3442 5743 3570 5800 ἁνα-

299 5834 492 5901 ξεῦξαι
525 5835 670 5905 vulg.
