4050 6426
453 397 550 463 ενι

1465 398 1855 460 EXCERPTA
1897 399 2000 458 EX
2040 401 2311 463 PRISCO
2347 404 2713 465 BHETORE

3605 417 3715 480 692

524 512 612 568 ll.
641 510 725 582 (P.
751 512 814 565 A.
855 510 920 567 C.
950 511 1100 582 455.)
1140 511 1444 580 Blemmyes
1477 521 1532 566 et
1557 511 1832 578 Nubades,
1864 527 1892 566 a
1927 512 2031 568 Ro-

2207 503 2297 571 ta'.
2342 517 2464 571 Ὅτι
2493 518 2784 588 Βλέμμυες
2815 519 2910 571 καὶ
2944 519 3219 584 Νουϐάδες
3243 520 3357 589 (l5)
3407 522 3737 593 ἡττηθέντες

454 605 634 661 manis
663 603 814 670 victi,
833 603 1038 674 legatos
1065 616 1132 659 ex
1162 612 1390 672 utraque
1419 614 1578 672 gente
1602 606 1667 658 ad
1691 603 2040 661 Maximinum

2146 604 2252 659 ὑπὸ
2294 606 2583 676 Ῥωμαίων
2614 609 2873 679 πρέσϐεις
2904 609 3056 681 παρὰ
3083 610 3172 663 τὸν
3209 611 3515 682 Μαξιμίνον
3559 615 3737 685 έπεμ-

452 697 605 767 pacis
633 697 924 753 exoranda:
946 696 1116 768 gratia
1143 695 1429 760 miserunt,
1459 708 1621 764 quam
1649 709 1709 750 se
1733 706 2031 752 servaturos

2145 705 2248 751 πον
2277 697 2336 764 ἐξ
2371 699 2701 771 ἀμφοτέρων
2742 700 2934 768 ἐθνῶν,
2982 702 3205 773 εἰρήνης
3249 704 3379 772 πέρι
3415 704 3733 776 βουλόμενοι

453 791 814 859 spondebant,
834 790 1010 860 quoad
1035 803 1204 858 usque
1221 787 1550 843 Maximinus
1579 788 1633 842 in
1657 785 2039 845 Thebanorum

453 880 678 948 regione
747 886 1194 935 commoraretur.
1261 878 1362 933 Illo
1403 893 1534 934 vero
1581 880 1648 934 ad
1710 879 1763 935 id
1816 887 2037 951 tempus

455 967 730 1023 abnuente
772 967 950 1024 {rudus
1014 966 1181 1036 icere,
1239 968 1588 1038 subiecerunt
1664 984 1744 1037 se,
1797 971 2038 1041 quandiu

454 1059 752 1116 Maximino
791 1059 905 1116 vita
959 1068 1293 1131 suppeteret,
1342 1061 1400 1117 in
1454 1060 1631 1118 oilicio
1676 1061 1888 1119 futuros
1938 1070 2038 1119 nec

451 1159 700 1206 moturos
729 1164 902 1207 arma.
944 1149 1060 1206 Hac
1102 1164 1318 1221 quoque
1375 1152 1706 1216 conditione,
1749 1168 1910 1223 quam
1961 1153 2037 1209 le-

451 1241 563 1312 gati
600 1241 922 1309 oﬂ'erebant,
957 1240 1182 1309 reiecta,
1221 1251 1440 1299 centum
1482 1256 1747 1301 annorum
1790 1245 2037 1302 inducias

450 1334 718 1390 fecerunt.
752 1333 851 1390 His
889 1333 1187 1390 lmderibus
1213 1334 1416 1407 placuit
1457 1335 1700 1406 captivos
1738 1335 2033 1405 Romanos,

451 1427 545 1495 qui
584 1433 642 1482 et
683 1425 807 1491 hoc,
854 1434 912 1483 et
944 1427 1224 1499 superiore
1265 1427 1452 1498 prailio
1493 1427 1638 1499 capti
1683 1437 1864 1494 erant,
1916 1429 2036 1484 sine

451 1516 564 1573 ullo
599 1517 994 1590 redemptionis
1016 1519 1192 1591 pretio
1213 1520 1416 1576 liberos
1436 1519 1634 1575 dimitti
1664 1537 1679 1574 :
1712 1516 1816 1592 ιι
1839 1534 2033 1588 pecora

455 1616 585 1665 tunc
629 1609 824 1666 abacta
883 1608 1058 1676 reddi,
1110 1619 1167 1666 et
1226 1616 1538 1680 sumptuum
1603 1609 2020 1666 aestimationem

451 1697 704 1766 restitui;
737 1699 806 1755 ad
847 1696 1168 1755 ﬁrmandam
1232 1699 1394 1755 tidem
1441 1699 1662 1756 fmderis
1709 1700 1926 1755 obsides
1965 1714 2032 1756 ex

449 1786 811 1843 nobilioribus
838 1787 974 1844 dari.
1002 1787 1256 1844 Liberam
1291 1793 1414 1845 esse
1447 1787 1581 1858 ipsis
1608 1789 1904 1844 secundum
1929 1795 2030 1843 an-

452 1880 659 1949 tiquam
689 1878 860 1948 legem
885 1879 953 1935 ad
994 1879 1254 1950 templum
1283 1879 1444 1936 lsidis
1480 1878 1874 1949 traiectionem,
1906 1879 2031 1934 dum

449 1971 690 2043 Egyptii
715 1979 902 2028 curam
944 1972 1151 2044 cymba
1189 1973 1481 2030 ﬂuminalis
1516 1974 1802 2040 haberent,
1837 1975 1889 2028 in
1927 1989 2032 2045 qua

452 2063 662 2133 signum
699 2063 824 2119 Dea:
854 2063 1163 2132 impositum
1206 2065 1664 2121 transveheretur.
1693 2065 1856 2121 Certo
1887 2067 2030 2120 enim

453 2164 696 2223 tempore
730 2154 948 2210 barbati
985 2165 1220 2212 statuam
1257 2155 1378 2210 Deae
1407 2169 1438 2210 ο
1477 2154 1700 2224 templo,
1729 2156 1781 2210 i'n
1816 2170 1924 2225 quo
1952 2163 2033 2210 est

451 2244 729 2312 collocata,
757 2249 976 2302 domum
1003 2248 1363 2318 importantes
1391 2246 1690 2315 trajiciunt,
1719 2256 1773 2301 et
1799 2245 2032 2301 oraculis

452 2336 522 2391 ab
554 2349 617 2390 ea
656 2339 905 2407 sumptis,
943 2353 1132 2394 rursus
1176 2340 1229 2395 in
1279 2339 1508 2394 inSulam
1560 2339 1842 2394 reducunt.
1867 2337 2023 2393 Hanc

451 2429 752 2495 pactionem
778 2429 946 2486 Philis
964 2431 1017 2485 in
1040 2431 1239 2498 templo
1257 2431 1398 2501 adigi
1417 2430 1710 2486 Maximino
1730 2431 1905 2486 visum
1925 2439 2030 2496 est,

449 2529 504 2574 et
539 2521 605 2575 ad
645 2524 762 2576 eam
800 2535 915 2577 rem
958 2521 1104 2578 missi
1145 2537 1212 2578 ex
1252 2523 1370 2592 ejus
1405 2522 1733 2578 necessariis
1760 2522 2029 2577 nonnulli.

450 2609 759 2667 Adfuerunt
790 2613 954 2667 etiam
996 2627 1061 2668 ex
1091 2612 1362 2684 Blemmys
1387 2621 1441 2669 et
1467 2611 1780 2668 Nubadibus
1803 2612 1896 2682 qui
1933 2611 2032 2668 fm-

450 2698 581 2754 dera
617 2700 686 2769 ;in
739 2701 913 2756 insula
965 2701 1316 2772 deponerent.
1353 2702 1582 2758 Ftedere
1629 2703 1936 2772 praescripto
1975 2712 2032 2758 et

451 2791 734 2848 obsidibus
777 2793 994 2849 traditis
1035 2793 1210 2866 (erant
1250 2806 1428 2849 autem
1465 2805 1531 2852 ex
1591 2796 1696 2860 his,
1731 2794 1824 2866 qui
1857 2794 2032 2850 domi-

451 2890 640 2951 natum
662 2893 1041 2953 exercuerant,
1064 2893 1167 2955 aut
1186 2900 1254 2940 ex
1287 2886 1413 2942 ﬁliis
1440 2893 1653 2954 eorum,
1679 2890 1825 2963 quod
1853 2889 1905 2943 in
1930 2889 2032 2944 hoc

452 2974 590 3030 bello
621 2976 843 3032 minime
881 2977 1058 3033 adhuc
1091 2977 1417 3048 contigerat,
1456 2992 1631 3047 neque
1664 2993 1898 3048 unquam
1935 2995 2028 3033 an-

455 3078 537 3119 tea
571 3063 852 3122 Nubadum
891 3077 983 3122 aut
1027 3069 1427 3139 Blemmyorum
1492 3068 1585 3124 lilii
1623 3068 1839 3124 obsides
1887 3068 2028 3139 apud

2145 790 2468 845 σπένδεσθαι
2490 808 2504 823 °
2529 794 2622 846 καὶ
2649 793 2853 864 ταύτην
2879 793 3208 866 διατηρῆσαι
3235 795 3468 865 ἔφασαν,
3499 799 3584 868 ἐφ’
3603 801 3736 853 ὅσον

2141 882 2169 934 ὁ
2193 881 2499 954 Μαξιμῖνος
2525 884 2624 956 τὴν
2649 885 2902 957 Θηϐαίων
2932 888 3303 959 ὲγκαταμένοι
3351 888 3558 960 χώραν.
3614 891 3728 946 Τοῦ

2139 974 2197 1027 δὲ
2227 974 2303 1046 μὴ
2338 976 2778 1047 προσδεξαμένου
2810 977 2903 1031 ἐπὶ
2955 980 3132 1051 χρόνῳ
3166 980 3488 1035 σπένδεσθαι
3531 983 3718 1035 τοσού-

2138 1081 2234 1135 τῳ,
2266 1067 2452 1135 ἔλεγον
2481 1069 2611 1138 ἄχρι
2644 1070 2744 1139 τῆς
2775 1069 2941 1123 αὐτοῦ
2979 1071 3125 1140 ζωῆς
3155 1071 3232 1144 μή
3263 1073 3509 1144 κινήσειν
3558 1074 3730 1130 ὅπλα.

2151 1156 2241 1220 Ὦς
2279 1157 2337 1212 δὲ
2367 1159 2489 1212 οὐδὲ
2523 1158 2648 1223 τοὺς
2681 1159 2970 1231 δευτέρους
3002 1163 3100 1232 τῆς
3132 1164 3431 1233 πρεσϐείας
3466 1167 3732 1237 προσίετο

2137 1247 2362 1317 λόγους,
2411 1249 2821 1314 ὲκατοντούτεις
2874 1251 3058 1306 ἔθεντο
3100 1253 3147 1284 ⁸¹
3208 1255 3440 1318 σπονδὰς
3465 1273 3478 1286 ·
3528 1257 3587 1309 ἐν
3634 1251 3729 1320 αἷς

2136 1341 2311 1396 ἐδόκει
2359 1341 2648 1412 Ῥωμαίων
2673 1343 2773 1413 μὲν
2822 1342 3203 1414 αίχμαλὼτους
3230 1345 3278 1378 ⁸³
3324 1345 3452 1398 ἄνευ
3505 1345 3728 1418 λύτρων
3775 1351 3800 1356 “

2136 1429 2419 1500 ἀφεῖσθαι,
2452 1430 2564 1486 εἴτε
2593 1433 2713 1484 κατ’
2737 1432 2976 1504 ἐκείνην,
3013 1435 3121 1487 εἴτε
3155 1429 3280 1489 καθ’
3304 1437 3503 1507 ἑτέραν
3525 1439 3727 1506 ἔφοδον

2135 1521 2356 1592 ἥλωσαν
2377 1521 2444 1587 ⁸⁸,
2476 1524 2544 1577 τὰ
2567 1522 2626 1576 δὲ
2663 1522 2784 1576 τότε
2813 1523 3129 1594 ἀπαχθέντα
3161 1525 3488 1596 ἀποδοθῆναι
3516 1527 3725 1600 βοσκή-

2137 1631 2326 1685 ματα,
2376 1616 2469 1670 καὶ
2519 1615 2637 1670 τῶν
2697 1615 3120 1690 δαπανηθέντων
3171 1617 3563 1673 κατατίθεσθαι
3618 1622 3726 1692 τὴν

2137 1706 2492 1776 ἀποτίμησιψ
2531 1706 2774 1777 ὁμήρους
2813 1707 2871 1761 δὲ
2913 1709 3039 1771 τοὺς
3071 1710 3116 1743 ⁸⁸
3151 1707 3210 1762 εὖ
3244 1710 3536 1778 γεγονότας
3563 1712 3723 1782 παρὰ

2137 1794 2289 1863 σφίσι
2314 1794 2551 1848 δίδοσθαι
2579 1795 2818 1850 πίστεων
2847 1794 2894 1828 ⁸⁸
2929 1796 3094 1852 ἕνεκα
3115 1795 3224 1850 τῶν
3254 1798 3521 1852 σπονδῶν.
3562 1795 3719 1854 Εἶναι

2135 1884 2192 1938 δὲ
2217 1885 2401 1949 αὐτοῖς
2430 1886 2572 1940 κατά
2601 1886 2692 1940 τδν
2733 1886 2960 1941 παλαιὸν
2989 1888 3153 1958 νόμον
3176 1889 3452 1942 ἀκώλυτον
3492 1889 3589 1961 τὴν
3633 1891 3718 1954 είς

2135 1975 2198 2029 τὸ
2230 1976 2376 2048 ἱερὸν
2397 1977 2496 2046 τῆς
2526 1977 2722 2041 Ἴσιδος
2746 1977 3016 2046 διάϐασιν,
3046 1979 3141 2034 τοῦ
3176 1979 3442 2050 ποταμίου
3475 1982 3715 2050 σκάφους

2134 2065 2451 2136 Αἰγυπτίων
2510 2070 2742 2140 ἑχόντων
2789 2070 2888 2141 τὴν
2938 2071 3280 2141 ἐπιμέλειαν,
3338 2073 3395 2124 ὲν
3452 2066 3608 2142 ᾧπερ
3654 2073 3724 2125 τὸ

2134 2157 2358 2230 ἄγαλμα
2388 2161 2487 2229 τῆς
2527 2160 2664 2213 Θεοῦ
2698 2161 3045 2231 ἐντιθέμενον
3079 2162 3560 2233 διαπορθμεύεται.
3630 2165 3725 2217 Ἐν

2135 2250 2284 2321 ρητῷ
2317 2250 2428 2321 γὰρ
2457 2252 2505 2303 oi
2541 2251 2828 2324 Βάρϐαροι
2859 2252 3036 2324 χρόνῳ
3068 2254 3124 2316 ὲς
3153 2254 3253 2322 τὴν
3301 2253 3510 2307 οἰκείαν
3530 2253 3721 2307 διακοο

2135 2341 2384 2410 μίζοντες
2428 2343 2489 2395 τὸ
2529 2341 2737 2407 ξόανον,
2774 2343 2938 2396 πάλιν
2989 2343 3137 2414 αύτῷ
3171 2345 3722 2415 χρηστηριασάμενοι

2133 2432 2194 2496 ὲς
2225 2433 2324 2504 τὴν
2355 2432 2519 2503 νῆσον
2555 2425 2955 2498 ἀτῖοσώζουσιν.
3002 2435 3416 2505 Ἑμπεδωθῆναι
3449 2435 3627 2488 τοίνυν
3654 2437 3720 2489 ὲν

2132 2522 2212 2595 τῷ
2242 2525 2303 2578 ὲν
2335 2524 2382 2556 ⁸⁷
2414 2524 2598 2588 Φίλαις
2641 2525 2753 2594 (16)
2809 2526 2939 2597 ίερῷ
2981 2527 3080 2588 τὰς
3131 2527 3403 2597 συνθήκας
3435 2527 3608 2579 ἐδόκει
3637 2527 3722 2597 τῷ

2131 2614 2423 2686 Μαξιμίνῳ
2485 2616 2793 2687 ἐπιτήδειον
2845 2618 2926 2671 ὁν.
2982 2616 3295 2689 ἐπέμποντο
3348 2617 3717 2689 μετεξέτεροι.

2132 2705 2498 2776 Παρεγίνοντο
2535 2707 2593 2761 δὲ
2639 2709 2735 2762 καὶ
2771 2708 2882 2762 τῶν
2926 2709 3232 2781 Βλεμμύων
3281 2710 3375 2763 καὶ
3417 2710 3719 2764 Νουϐἀδων

2131 2798 2182 2850 oi
2211 2797 2310 2861 τὰς
2338 2798 2574 2862 σπονδὰς
2611 2800 2671 2851 ὲν
2711 2803 2777 2872 τῇ
2815 2799 2966 2871 νήσῳ
2999 2799 3299 2869 τιθέμενοι.
3371 2792 3686 2870 Ἔγγραφέν

2131 2905 2238 2942 των
2265 2889 2322 2944 δὲ
2353 2889 2462 2943 τῶν
2517 2891 2884 2958 συνδοξάντων
2912 2899 3006 2945 καὶ
3052 2893 3161 2946 τῶν
3207 2895 3434 2964 ὁμήρων
3469 2892 3716 2962 παραδο-

2131 2974 2352 3041 θέντων,
2389 2973 2552 3047 (ἦσαν
2595 2979 2652 3032 δὲ
2702 2978 2810 3032 τῶν
2860 2996 2919 3033 τε
2961 2981 3414 3051 τυραννησάντων
3463 2981 3560 3034 καὶ
3607 2981 3717 3034 ύπδ

2129 3068 2410 3137 τυράννων
2444 3069 2762 3137 γεγονότων,
2795 3071 2931 3142 ὅπερ
2963 3071 3085 3126 οὐδὲ
3125 3072 3344 3125 πώποτε
3383 3072 3442 3125 ἐν
3469 3072 3607 3141 τῷδε
3635 3071 3717 3141 τῷ

453 3152 728 3212 Romanos
767 3155 1031 3228 fuerant},
1075 3157 1406 3212 Maximinus
1442 3157 1495 3212 in
1523 3169 1769 3212 morbum
1815 3157 2025 3222 incidit,

2135 3156 2354 3228 πολέμῳ
2384 3159 2600 3226 ἐγένετο
2623 3175 2638 3190 ο
2692 3157 2889 3213 οὔποτε
2933 3161 3042 3230 γὰρ
3073 3155 3367 3214 Νουϐἀδων
3402 3163 3498 3214 καὶ
3530 3160 3710 3229 Βλεμ-

452 3253 506 3296 ut
527 3254 773 3302 mortuus
794 3256 898 3302 est.
929 3244 1221 3316 Postquam
1247 3261 1376 3303 vero
1404 3248 1472 3303 de
1502 3248 1622 3318 ejus
1644 3248 1795 3304 obitu
1821 3248 2024 3303 Barba-

455 3334 533 3390 ris
559 3338 864 3392 nuntiatum
885 3345 990 3404 est,
1006 3337 1055 3392 'vi
1080 3337 1297 3394 obsides
1316 3339 1649 3410 eripuerunt,
1669 3348 1724 3394 et
1750 3338 2024 3408 regionem

455 3426 871 3484 excursionibus
897 3436 1200 3486 vastarunt.

2134 3249 2284 3320 μύων
2340 3248 2492 3319 παρὰ
2553 3248 2848 3320 Ῥωμαίοις
2893 3251 3230 3323 ὡμήρευσαν
3288 3247 3522 3320 παῖδες),
3574 3267 3704 3302 συν-

2138 3337 2352 3410 ηνέχθη
2414 3339 2470 3392 δὲ
2531 3340 2622 3394 τὸν
2687 3340 2993 3412 Μαξιμῖνον
3045 3341 3347 3412 ἀνωμάλως
3400 3339 3712 3410 διατεθῆναι

2132 3429 2193 3483 τὸ
2255 3429 2415 3501 σῶμα
2457 3431 2553 3485 καὶ
2600 3431 2914 3488 ἀποθανεῖν.
2983 3434 3096 3506 Τὴν
3146 3434 3202 3488 δὲ
3244 3433 3340 3488 τοῦ
3398 3433 3714 3503 Μαξιμίνου

451 3515 708 3590 τελευτὴν
757 3519 1022 3591 μαθόντες
1072 3522 1121 3575 τί
1169 3519 1469 3594 Βάρϐαροι,
1505 3521 1638 3586 τούς
1694 3537 1754 3575 τε
1810 3520 2059 3591 ὁμήρους
2129 3517 2416 3589 ἀφείλοντο
2466 3520 2786 3592 βιασάμενοι
2811 3563 2827 3589 ,
2889 3523 2980 3577 καί⁵
3042 3523 3142 3594 τὴν
3195 3523 3381 3596 χώραν
3443 3523 3718 3594 κατέδρα-
3777 3603 3788 3609 1

455 3608 748 3772 μοέἑιῖί.
803 3700 868 3758 C.
928 3702 1055 3769 456,
1100 3702 1297 3772 lnd.6,
1369 3703 1627 3760 Marciani.
1669 3704 1749 3773 Ἰ.)
1782 3701 2030 3759 Gobazes

450 3793 661 3864 legatos
697 3792 844 3849 misit
874 3795 941 3850 ad
975 3793 1270 3859 Romanos,
1303 3794 1498 3864 quibus
1528 3794 1760 3850 Romani
1794 3808 2020 3862 respon-

2209 3698 2295 3769 ιβ’.
2339 3700 2463 3752 Ὅτι
2515 3698 2778 3768 Γωόάζης
2822 3696 2934 3771 (18)
2985 3698 3348 3769 πρεσϐεύεται
3382 3703 3535 3769 παρὰ
3579 3699 3718 3756 Ῥω-

2134 3790 2351 3862 μαίους.
2397 3792 2659 3862 Ῥωμαῖοι
2695 3789 2753 3844 δὲ
2794 3789 3160 3860 ἀπεκρίναντο
3195 3793 3309 3856 τοῖς
3336 3792 3487 3864 παρὰ
3517 3791 3717 3846 Γωϐά-

451 3890 676 3948 ιιετιιηι,
723 3898 783 3940 se
811 3899 844 3939 a
875 3884 1018 3941 bello
1079 3893 1413 3953 cessaturos,
1453 3887 1498 3942 si
1533 3901 1761 3956 regnum
1793 3894 1886 3940 aut
1913 3885 2029 3955 ipse

2135 3881 2225 3945 ζου
2257 3885 2498 3938 σταλεῖσι
2530 3885 2848 3956 πρέσϐεσιν,
2885 3888 2961 3949 ὡς
2991 3884 3278 3954 ἀφέξονται
3322 3884 3416 3938 τοῦ
3445 3884 3712 3955 πολέμου,

449 3974 766 4045 deponeret,
816 3982 911 4029 aut
945 3975 1058 4030 tilio
1085 3976 1372 4032 adimeret.
1422 3975 1533 4033 Nec
1581 3977 1724 4032 enim
1778 3975 1862 4033 las
1911 3991 2031 4032 esse

2135 3976 2247 4044 εἴγε
2275 3977 2311 4048 ἢ
2344 3976 2506 4041 αὐτὸς
2531 3977 2793 4050 Γωϐἀζης
2817 3979 3074 4033 ἀπόθοιτο
3099 3975 3419 4048 τὴνάρχὴν,
3460 3974 3492 4045 ἦ
3529 3975 3620 4027 τὸν
3661 3973 3712 4005 ⁸⁸

452 4065 752 4120 secundum
796 4065 1083 4136 antiquam
1144 4067 1388 4136 regionis
1440 4066 1637 4138 legem,
1675 4066 1810 4123 duos
1867 4067 2028 4123 simul

2135 4068 2300 4122 παῖδα
2346 4069 2446 4139 τῆς
2497 4068 2770 4140 βασιλείας
2821 4071 3093 4142 ἀφέλοιτοο
3135 4070 3197 4122 ού
3247 4068 3357 4139 γὰρ
3407 4067 3560 4136 θέμις
3605 4067 3709 4135 τῆς

451 4154 745 4219 dominari.
809 4155 1000 4226 Itaque
1056 4167 1310 4226 oportere
1356 4159 1451 4215 aut
1495 4158 1670 4228 ipsum
1731 4159 2026 4223 Gobazem,

2135 4159 2321 4232 χώρας
2359 4161 2706 4234 ἀμφοτέρους
2746 4163 3104 4234 ἡγεμονεύειν
3151 4162 3302 4232 παρὰ
3353 4161 3444 4214 τὶν
3480 4157 3713 4213 παλαιὸν

453 4253 548 4300 aut
609 4244 728 4317 eius
775 4246 951 4302 ﬁlium
1018 4261 1248 4320 regnare
1295 4250 1350 4305 in
1420 4248 1698 4316 Colchide,
1748 4259 1910 4322 atque
1950 4251 2024 4306 ita

2135 4251 2360 4323 θεσμόν.
2391 4254 2554 4308 Ὥστε
2584 4253 2642 4308 δὲ
2672 4253 2718 4288 ⁸³
2757 4255 2986 4326 θάτερον
3015 4254 3341 4326 βασιλεύειν,
3375 4251 3638 4320 Γωϐἀζην
3675 4249 3712 4322 ἦ

450 4336 651 4393 bellum
685 4338 922 4395 solutum
954 4340 1043 4396 iri.
1070 4340 1197 4397 llaec
1239 4340 1571 4412 Eupltemius
1598 4341 1706 4398 illis
1750 4352 2023 4409 suaserat,

2135 4343 2224 4400 τὸν
2260 4343 2428 4398 αὐτοῦ
2474 4345 2660 4410 παῖδα,
2697 4345 2798 4417 τῆς
2845 4345 3127 4416 Κολχίδος,
3159 4345 3254 4398 καὶ
3303 4343 3430 4414 τῇδε
3481 4341 3716 4413 λυθῆναι

453 4429 545 4494 qui
577 4428 821 4500 magistri
866 4429 1166 4486 ciliciorum
1211 4430 1532 4502 dignitatem
1589 4430 1839 4503 adeptus,
1890 4445 2024 4502 pru-

2135 4434 2226 4492 τὸν
2271 4435 2530 4506 πόλεμον,
2580 4436 2866 4507 Εὑφήμιος
2915 4437 3249 4508 ὲσηγήσατο,
3289 4435 3390 4505 τὴν
3416 4432 3513 4486 τοῦ
3545 4433 3714 4502 μαγί-

452 4516 638 4573 dentia
670 4530 726 4574 et
752 4518 1061 4590 eloquentia
1090 4519 1290 4586 clarus,
1324 4522 1427 4577 sub
1462 4519 1741 4578 Marciano
1785 4521 2024 4591 impera-

2137 4543 2298 4596 στρου
2329 4525 2527 4582 διέπων
2553 4528 2749 4599 ἀρχήν-
2777 4527 2837 4592 ὃς
2858 4528 2951 4582 ἐπὶ
2975 4527 3189 4581 συνέσει
3213 4527 3310 4580 καὶ
3331 4525 3510 4594 λόγων
3538 4525 3713 4596 ἀρετῇ

454 4619 573 4665 tore
645 4609 958 4680 reipublica:
1033 4611 1570 4668 administrationem
1655 4613 1903 4685 gerebat,
1973 4620 2030 4666 et

2135 4615 2294 4682 δόξαν
2322 4615 2460 4687 ἔχων
2489 4616 2812 4686 Μαρκιανοῦ
2841 4617 2937 4670 τοῦ
2979 4617 3246 4688 βασιλέως
3287 4617 3387 4686 τὴν
3423 4614 3534 4669 τῶν
3569 4629 3718 4686 πρα-

453 4700 750 4756 multorum
772 4701 1100 4772 optimorum
1134 4701 1482 4759 consiliorum
1531 4709 1724 4761 auctor
1773 4703 1850 4759 illi
1896 4701 2025 4765 fuit.

2136 4706 2365 4777 γμάτων
2407 4706 2599 4780 ἔλαχεν
2646 4707 2948 4780 ἐπιτροπὴν
2974 4747 2990 4774 ,
3027 4709 3124 4763 καὶ
3168 4708 3438 4761 πλείστων
3487 4706 3600 4759 τῶν
3652 4705 3714 4759 εὖ

453 4787 557 4844 Hic
601 4802 819 4861 quoque
869 4789 1118 4845 Priscum
1150 4791 1340 4860 hujus
1399 4790 1643 4847 historiae
1703 4791 2026 4860 scriptorem

2139 4797 2535 4870 βουλευθέντων
2577 4799 2770 4871 ἐκείνῳ
2826 4799 3146 4871 καθηγητὴς
3197 4799 3416 4868 ἐγένετο
3441 4816 3455 4832 ·
3507 4798 3566 4860 ὃς
3621 4799 3718 4851 καὶ

453 4894 787 4939 assessorem
827 4881 933 4939 sibi
965 4882 1232 4953 adiunxit.
1271 4881 1519 4940 (Iobates
1575 4883 1764 4953 igitur,
1797 4883 1904 4940 sibi
1930 4883 2029 4940 de-

2138 4891 2378 4962 Πρίσκον
2404 4891 2496 4946 τὸν
2536 4890 2860 4962 συγγραφέα
2911 4891 3021 4945 τῶν
3061 4889 3161 4961 τῆς
3199 4889 3373 4960 ἀρχῆς
3417 4886 3716 4961 φροντίδων

455 4973 566 5028 lata
622 4975 867 5044 optione,
916 4973 1072 5044 regni
1129 4974 1363 5046 insignia
1403 4974 1677 5044 deposuit,
1704 4983 1763 5030 et
1799 4989 2024 5048 regnum

2136 4983 2352 5051 ἐδέξατο
2385 4984 2661 5038 κοινωνόν.
2709 4983 2820 5052 Τῆς
2859 4982 2917 5036 δὲ
2947 4981 3215 5053 αἱρέσεως
3241 4981 3343 5051 τῆς
3365 4978 3518 5048 αὐτῷ
3545 4977 3721 5032 δοθεί-

455 5065 568 5120 lilio
613 5063 807 5122 cedere
835 5065 1142 5124 constituit.
1178 5065 1314 5122 Tum
1339 5065 1410 5122 ad
1459 5065 1842 5135 imperatorem
1880 5066 2030 5122 misit

2138 5093 2236 5148 σης
2262 5078 2290 5130 ὁ
2323 5075 2586 5147 Γωϐἀζης
2633 5075 2806 5128 εἵλετο
2849 5073 2948 5145 τῆς
3003 5072 3281 5142 βασιλείας
3309 5069 3720 5142 παραχωρῆσαι

451 5153 897 5225 quandoquidem
961 5153 1058 5210 uni
1093 5152 1268 5211 solum
1301 5153 1416 5224 jam
1481 5165 1705 5224 pareret
1754 5155 2029 5214 Colchidis

2136 5169 2214 5240 τῷ
2254 5168 2429 5236 παιδὶ,
2461 5167 2624 5232 αὐτὸς
2652 5167 2722 5221 τὰ
2751 5165 2999 5236 σύμϐολα
3025 5164 3364 5234 ἀποθέμενος
3393 5164 3492 5232 τῆς
3519 5162 3716 5232 ἀρχῆς.

452 5251 626 5320 regio,
662 5249 741 5305 uti
783 5259 893 5307 non
951 5248 1180 5321 amplius
1230 5248 1312 5305 illi
1345 5263 1522 5320 usque
1557 5261 1624 5307 eo
1654 5263 2024 5320 succenseret,

2135 5262 2245 5317 Καὶ
2285 5260 2437 5328 παρὰ
2475 5257 2567 5311 τὸν
2606 5255 2917 5329 κρατοῦντα
2967 5255 3257 5326 Ῥωμαίων
3293 5254 3423 5318 τοὺς
3454 5253 3725 5324 δεησομέ-

453 5351 514 5395 ut
571 5341 737 5397 etiam
795 5355 949 5398 arma
1004 5339 1256 5399 inferret.
1328 5340 1632 5413 Imperator
1693 5357 1827 5402 vero
1855 5345 2031 5416 jussit

2135 5370 2260 5416 νους
2293 5352 2563 5422 ἔπεμπεν,
2601 5349 2698 5417 ὡς,
2745 5348 2866 5412 ἐνὸς
2915 5348 3128 5419 Κόλχου
3171 5347 3218 5381 θ’
3260 5345 3720 5419 ἡγεμονεύοντος,

453 5433 729 5492 Gobazem
803 5435 859 5492 in
915 5434 1289 5492 Romanorum
1364 5437 1640 5507 regionem
1703 5440 2030 5510 transgredi,

2137 5447 2323 5502 οὐκέτι
2349 5444 2418 5500 δι’
2447 5443 2611 5499 αὑτὸν
2653 5443 3052 5515 χαλεπαίνοντα
3083 5444 3178 5497 ἐπὶ
3219 5443 3289 5498 τὰ
3320 5440 3460 5495 ὅπλα
3491 5442 3720 5512 χωρεῖν.

456 5537 516 5582 ιιι
547 5543 761 5597 eorum,
815 5542 934 5601 qum
969 5527 1073 5587 sibi
1123 5528 1371 5586 facienda
1420 5529 1725 5602 statuisset,
1752 5532 2031 5590 rationem

2139 5535 2402 5602 Βασιλεὺς
2427 5533 2483 5588 δὲ
2500 5533 2798 5596 διαϐαίνειν
2826 5533 2989 5594 αὐτὸν
3015 5535 3076 5599 ἐς
3105 5536 3206 5605 τὴν
3253 5530 3542 5603 Ῥωμαίων
3595 5529 3726 5584 ἐκέ-

1726 5647 1963 5704 VARUS
1998 5647 2401 5706 LECTIONES.

530 5735 578 5768 "
608 5735 997 5817 εὲετοιῐυικι--
1030 5739 1078 5817 ξ’
1107 5738 1477 5817 αἰχμαλώτιιῇ
1499 5739 1649 5817 vale.-
1739 5742 1802 5817 -‘i‘
1831 5741 2120 5817 iiwj'uls-
2144 5812 2167 5817 _
2197 5743 2242 5777 ⁸⁵
2276 5740 2423 5817 reici
2454 5741 2840 5817 ερεσειεεεῑέους-
2877 5737 3130 5817 sumi?!-
3241 5736 3288 5769 ⁸⁸
3325 5736 3563 5817 πίστεων
3606 5731 3719 5794 οι·

461 5797 602 5856 ὥστε
627 5800 704 5862 ὧν
733 5797 913 5880 vulg."
953 5809 997 5843 ""
1036 5811 1095 5866 ἐν
1123 5797 1249 5867 ante
1274 5827 1337 5881 φ.
1376 5811 1502 5867 add.
1541 5797 1660 5870 νῖῐι.
1737 5811 1782 5844 ⁸⁸
1814 5797 1908 5868 τὸν
1945 5811 2035 5877 N.,
2069 5797 2202 5882 γοῦν
2231 5797 2422 5886 vulg.”
2453 5797 2511 5851 ω’
2540 5810 2618 5882 δὲ]
2643 5807 2760 5866 δέον
2791 5797 2863 5868 ll.
2935 5797 2992 5843 ’θ’
3013 5807 3240 5880 Κόλχων
3265 5805 3412 5880 conj.
3441 5804 3508 5863 Ν.
