4050 6422
323 351 423 414 603

1119 351 1215 412 DE
1257 349 1820 412 LEGATIONIBUS
1870 349 2224 414 GENTIUM
2267 354 2365 416 AD
2395 353 2784 416 ROMANOS.

3471 353 3578 414 CM

318 467 460 530 λευε,
518 464 612 517 καὶ
649 449 760 518 τῶν
788 463 935 535 αὐτῷ
980 465 1314 536 δεδογμένων
1342 467 1539 521 διδόναι
1569 469 1746 537 λόγον.
1800 470 1896 533 ’ος
1923 473 1943 526 Α

2027 471 2266 525 edderet.
2319 471 2414 527 llle
2460 481 2640 528 autem
2665 470 3052 542 profectionem
3084 471 3304 526 minime
3348 471 3576 534 abnuit;

323 556 376 607 δὲ
408 555 509 624 τὴν
543 554 644 624 μὲν
677 553 861 624 ἄφιξιν
886 554 986 610 οὐκ
1014 556 1312 628 ἠρνήσατο,
1343 559 1616 614 Διονύσιον
1645 561 1685 593 ’³
1722 561 1778 613 δὲ
1805 559 1898 614 τὸν

322 649 377 707 ἐς
413 645 511 714 τὴν
548 643 788 715 Κολχίδα
840 647 1006 700 πάλαι
1060 647 1468 719 διαπεμφθέντα
1501 651 1598 721 τῆς
1633 667 1694 704 τε
1733 650 1897 704 αὐτοῦ

324 733 583 798 Γωϐέιζου
603 735 868 806 διαφορᾶς
888 736 1050 792 ἓνεκα
1085 737 1265 791 πίστιν
1303 738 1544 793 δώσοντα
1570 739 1795 811 ᾔτησεν,
1823 740 1899 804 ὡς

321 826 476 877 οὐδὲν
519 827 786 896 ὑποσταίη
829 828 1149 900 ἀνήκεστον.
1189 831 1279 884 Διὸ
1321 831 1384 903 δὴ
1424 831 1482 894 ἐς
1523 831 1620 902 τὴν
1663 831 1900 904 Κολχίδα

325 919 599 984 Διονύσιος
644 920 946 989 ἐττὲλλετο,
981 925 1076 978 καὶ
1131 925 1260 978 περὶ
1299 925 1408 980 τῶν
1449 925 1724 999 διαφόρων
1777 945 1900 983 συν-

323 1009 423 1079 έϐη
432 1025 553 1064 σαν.

397 1097 488 1167 ιγ’.
512 1101 636 1153 Ὀτι
665 1102 692 1153 ὁ
714 1102 1044 1174 Μαῖοριανδς
1070 1105 1234 1182 όδτῶν
1267 1105 1570 1180 Ἑσπερίων
1614 1108 1900 1180 Ῥωμαίων

324 1190 602 1261 βασιλεὺς,
635 1191 710 1255 ὡς
751 1193 901 1264 αὑτῷ
927 1194 978 1248 οἱ
1009 1197 1066 1250 ἐν
1099 1197 1340 1270 Γαλατίᾳ
1389 1198 1577 1253 Γότθοι
1624 1200 1900 1274 σύμμαχοι

324 1284 697 1354 κατέστησαν,
727 1286 822 1340 καὶ
847 1287 918 1341 τὰ
947 1289 1326 1360 παροικοῦντα
1348 1292 1448 1361 τὴν
1471 1291 1636 1345 αὑτοῦ
1670 1294 1901 1360 ἐπικρά-

325 1391 481 1430 τειαν
526 1374 652 1445 ἔθνη
685 1376 754 1429 τὰ
803 1377 904 1447 μὲν
959 1379 1165 1444 ὅπλοις,
1208 1382 1275 1436 τὰ
1309 1381 1366 1434 δὲ
1408 1383 1587 1447 λόγοις
1622 1386 1901 1454 παρεστῆ-

330 1483 462 1520 σατο
484 1467 552 1533 ⁹¹,
603 1469 697 1521 καὶ
725 1469 818 1522 ἐπὶ
849 1470 949 1540 τὴν
996 1471 1203 1543 Λιϐύην
1245 1474 1343 1527 σὺν
1387 1475 1555 1546 πολλῇ
1607 1475 1902 1529 διαϐαίνειν

330 1560 587 1628 ἐπειρᾶτο
619 1559 868 1631 δυνάμει,
904 1563 1050 1634 νηῶν
1079 1564 1223 1634 ἀμφὶ
1247 1565 1345 1629 τὰς
1378 1567 1691 1635 τριακοσίας
1719 1567 1904 1639 ἠθροι-

339 1651 547 1719 σμένων
587 1651 771 1721 αὐτῷ·
828 1654 1088 1724 πρέσϐεις
1123 1657 1221 1726 μὲν
1259 1657 1524 1728 πρότερον
1572 1657 1700 1729 παρ’
1743 1659 1904 1712 αὑτὸν

344 1744 374 1794 ὸ
393 1741 493 1792 τῶν
520 1741 806 1814 Βανδήλων
828 1745 1129 1815 ἡγούμενος
1151 1747 1386 1818 ἔπεμπε,
1411 1749 1558 1801 λύειν
1579 1750 1646 1803 τὰ
1673 1751 1903 1824 διάφορα

2006 563 2099 616 sed
2151 550 2306 632 petiit
2347 571 2404 616 ut
2458 562 2768 634 Dionysius,
2841 565 2935 632 qui
2979 560 3092 630 jam
3153 561 3281 616 olim
3344 561 3582 619 Gobazis

2006 651 2397 708 discordiarum
2445 667 2606 709 causa
2655 655 2708 708 itt
2757 652 3071 710 Colchide
3111 652 3308 709 missus
3333 663 3473 721 erat,
3515 656 3583 711 ad

2008 743 2166 799 fidem
2223 746 2584 816 prastaudam
2643 745 2712 801 ad
2771 760 2831 801 se
2866 745 3096 811 veniret,
3146 759 3206 801 se
3231 744 3367 800 nihil
3414 745 3582 814 iniqui

2007 851 2297 906 passurum
2333 851 2475 894 esse.
2537 838 2616 895 Eo
2659 837 2824 908 igitur
2856 839 2910 894 in
2955 835 3266 894 Colchidem
3320 835 3584 907 profecto,

2006 929 2074 984 de
2120 930 2283 987 rebus
2315 931 2492 989 dubiis
2538 940 2932 988 convenerunt.

2076 1101 2414 1176 4213.“.
2448 1105 2508 1160 c.
2567 1103 2694 1161 460.
2742 1103 2862 1160 Ind.
2925 1105 3012 1160 ιδ.
3069 1104 3236 1160 Leon.
3273 1104 3326 1160 ι.
3371 1103 3432 1159 ι).
3489 1104 3578 1160 ιε.

2009 1193 2321 1260 Maioriano,
2385 1195 2750 1251 Romanorqu
2840 1194 3269 1252 Occidentalium
3348 1196 3585 1266 impera-

2011 1285 2133 1352 tori,
2161 1286 2368 1356 Gotllti,
2395 1289 2485 1358 qui
2519 1289 2571 1343 iu
2620 1287 2792 1343 Gallia
2853 1297 3030 1355 erant,
3073 1287 3205 1343 socii
3248 1285 3589 1344 confoedera-

2013 1381 2158 1449 tique
2195 1380 2322 1435 facti
2364 1390 2510 1448 sunt,
2559 1390 2617 1437 et
2669 1391 2857 1452 gentes
2915 1381 3136 1436 ditionis
3207 1377 3579 1436 Romanorum

2011 1470 2221 1526 accolas
2246 1473 2442 1542 partim
2477 1475 2667 1540 armis,
2697 1475 2893 1543 partim
2926 1473 3104 1528 verbis
3131 1472 3200 1528 ad
3253 1473 3582 1528 deditionem

2011 1561 2288 1630 compulit.
2340 1561 2438 1618 llic
2504 1563 2668 1619 etiam
2748 1565 2804 1618 in
2837 1563 3091 1636 Libyam,
3151 1567 3405 1620 trecentis
3478 1563 3592 1618 fere

2012 1653 2236 1708 navibus
2254 1654 2482 1720 coactis,
2518 1670 2642 1710 cum
2678 1670 2876 1725 magno
2900 1655 3144 1711 exercitu
3202 1655 3450 1725 trajicere
3470 1663 3592 1708 ten-

2018 1745 2170 1800 tavit.
2212 1743 2319 1801 Sed
2354 1744 2714 1801 Vaudalorum
2737 1747 2842 1800 dux
2862 1747 3012 1817 prius
3059 1745 3263 1816 legatos
3285 1745 3448 1808 misit,
3501 1753 3590 1815 qui

339 1833 514 1900 λόγοις
549 1832 894 1906 βουλόμενος.
935 1836 1026 1900 Ὠς
1053 1835 1111 1890 δὲ
1140 1839 1238 1890 οὐκ
1273 1838 1478 1904 ἔπειθε,
1515 1839 1611 1911 τὴν
1645 1821 1903 1913 Μαυρου·
1937 1824 1943 1881 Ῑ

2029 1836 2178 1902 llum,
2213 1836 2258 1892 si
2285 1851 2404 1907 qua:
2426 1845 2611 1893 essent
2654 1838 2800 1893 inter
2863 1851 2958 1893 eos
3005 1847 3380 1902 controversa,
3418 1837 3593 1892 amice

334 1925 466 1979 σίων
495 1927 616 1997 γῆν,
652 1929 710 1991 ἐς
747 1929 814 1999 ἦν
849 1928 976 1992 τοὺς
1009 1930 1154 2000 ἀμφὶ
1179 1930 1272 1985 τὸν
1302 1933 1640 2003 Μαῖοριανὺν
1678 1934 1787 1987 ἀπὸ
1809 1935 1904 2004 τῆς

2027 1929 2308 1999 .ransigere
2338 1937 2585 1999 paratum
2610 1942 2732 1986 esse
2761 1930 3026 1986 dicereut.
3056 1928 3206 1998 Quod
3231 1929 3318 1984 ubi
3347 1928 3596 1985 obtinere

342 2019 588 2090 Ἰϐηρίας
637 2019 955 2074 ἀποϐαίνειν
1005 2023 1214 2093 ἐχρῆν,
1273 2026 1454 2078 πᾶσαν
1505 2025 1704 2097 ἐδῄωσε
1735 2067 1748 2091 ,
1815 2031 1907 2080 καὶ

2027 2037 2115 2077 ton
2147 2021 2339 2092 potuit,
2377 2021 2773 2078 Maurusiorum
2792 2027 3016 2090 terram,
3074 2023 3128 2077 in
3147 2036 3308 2093 quam
3329 2035 3398 2076 ex
3423 2019 3594 2076 lberia

329 2111 584 2166 ἐκάκωσε
617 2113 712 2168 καὶ
731 2113 802 2168 τά
831 2113 1001 2170 ὕδατα
1031 2117 1164 2187 (l9).

409 2291 495 2346 ιδ’.
543 2293 664 2346 Ὀτι
693 2294 743 2346 oi
785 2293 1062 2365 Ἐσπέριοι
1120 2293 1383 2366 Ῥωμαῖοι
1426 2297 1482 2360 ἐς
1521 2296 1637 2359 δέος
1667 2296 1912 2362 ἐλθόντες

332 2384 468 2454 περὶ
512 2384 916 2454 Μαρκελλίνου,
952 2387 1162 2458 μήποτε
1201 2386 1576 2458 αὐξανομένης
1622 2386 1772 2458 αὐτῷ
1814 2389 1912 2458 τῆς

330 2476 628 2546 δυνάμεως
661 2476 758 2530 καὶ
789 2477 876 2529 ἐπ’
909 2477 1109 2540 αὐτοὺς
1132 2478 1333 2547 ἀγάγοι
1367 2479 1459 2532 τὸν
1501 2478 1758 2548 πόλεμον,
1795 2478 1912 2533 δια·

333 2573 522 2640 φόρως
546 2573 965 2643 ταραττομένων
1011 2573 1195 2636 αὐτοῖς
1221 2573 1333 2631 τῶν
1362 2575 1727 2645 πραγμάτων,
1757 2573 1914 2628 τοῦτο

336 2666 445 2734 μὲν
473 2667 538 2718 ἐκ
569 2664 881 2736 Βανδήλων,
911 2665 1066 2720 τοῦτο
1085 2666 1140 2720 δὲ
1163 2667 1256 2720 καὶ
1284 2668 1526 2736 Αίγιδίου
1551 2668 1616 2733 9³,
1637 2667 1826 2736 ἀνδρὸς
1853 2669 1916 2721 ἐκ

336 2753 599 2808 Γαλατῶν
635 2755 733 2824 μὲν
764 2755 875 2810 τῶν
904 2755 1040 2827 πρὸς
1061 2760 1125 2829 τῇ
1153 2756 1365 2828 ἑσπέρᾳ
1386 2759 1734 2828 ὁρμωμένου,
1756 2759 1832 2830 τῷ
1860 2759 1917 2813 δὲ

338 2846 666 2917 Μαῖοριανῷ
725 2849 1266 2920 συστρατευσαμένου
1304 2850 1415 2913 η’,
1477 2851 1572 2905 καὶ
1653 2851 1918 2922 πλείστην

341 2938 483 3007 ἀμφ’
515 2939 682 2993 αὐτὸν
710 2941 925 3010 ἔχοντος
957 2942 1188 3012 δύναμιν
1207 2985 1222 3009 ,
1251 2943 1345 2996 καὶ
1368 2942 1788 3012 χαλεπαίνοντος
1833 2942 1920 2996 διὰ

342 3027 441 3098 τὴν
468 3029 564 3082 τοῦ
591 3029 857 3099 βασιλέως
879 3032 1160 3101 ἀναίρεσιν
1182 3049 1193 3064 ’
1227 3033 1284 3086 ὃν
1309 3033 1402 3086 τοῦ
1433 3034 1569 3104 πρὸς
1611 3033 1919 3098 Ἰταλιώτας

2010 2112 2291 2182 Maioriani
2320 2113 2540 2171 nawles
2592 2113 2763 2183 copia:
2809 2112 3119 2185 appulsura:
3149 2121 3326 2177 erant,
3381 2125 3595 2168 omnem

2013 2203 2120 2274 igni
2155 2204 2410 2275 ferroque
2433 2205 2686 2270 vastavit,
2722 2214 2964 2276 etaquas
2991 2217 3206 2274 quoque
3236 2201 3444 2258 infecit.

2086 2296 2174 2350 14.
2227 2295 2495 2368 (P.A.C.
2555 2295 2655 2352 461
2723 2304 2849 2352 ante
2904 2295 3056 2366 465.)
3127 2293 3390 2350 Romanis
3438 2292 3598 2350 Occi-

2017 2387 2328 2443 dentalibus
2363 2387 2415 2442 in
2475 2387 2842 2457 suspicionem
2897 2387 3046 2442 venit
3103 2383 3469 2451 Marcellinus,
3503 2396 3596 2446 ne.

2016 2480 2061 2537 si
2097 2481 2270 2551 copiis
2321 2491 2636 2552 augeretur,
2698 2479 2753 2533 iu
2815 2492 2910 2534 eos
2983 2476 3181 2534 bellum
3252 2475 3596 2531 transferret.

2020 2574 2190 2628 Erant
2219 2574 2364 2628 enim
2407 2583 2531 2629 tunc
2563 2571 2822 2642 temporis
2853 2571 3220 2627 Romanorum
3287 2583 3375 2624 res
3427 2561 3600 2622 variis

2019 2670 2193 2724 modis
2269 2667 2481 2723 afflictae
2542 2677 2600 2723 et
2667 2666 3022 2738 perturbatae,
3108 2664 3235 2720 hinc
3318 2662 3600 2728 Vandalis,

2027 2757 2177 2811 illinc
2231 2756 2450 2826 IEgidio
2544 2756 2882 2812 imminente.
2969 2755 3070 2811 llic
3133 2755 3216 2810 vir
3276 2768 3342 2809 ex
3428 2749 3601 2808 Gallia

2021 2848 2357 2904 Occidentali
2427 2847 2712 2915 oriundus,
2749 2848 2841 2917 qui
2893 2847 2947 2901 in
2980 2845 3241 2917 Hispania
3275 2859 3398 2900 cum
3440 2843 3606 2911 Majo-

2023 2941 2178 2995 riano
2205 2940 2556 3006 militaverat,
2593 2946 2648 2994 et
2677 2953 2930 3010 magnum
2965 2939 3263 2994 exercitum
3353 2937 3604 3004 habebat,

2024 3032 2094 3086 ob
2127 3033 2329 3087 caedem
2401 3031 2750 3102 imperatoris
2815 3039 2938 3087 erat
2971 3029 3080 3086 illis
3135 3030 3400 3085 infensus.
3440 3027 3547 3084 Sed
3577 3043 3608 3082 a

345 3117 480 3180 τέως
507 3119 765 3188 ἀπήγαγε
797 3119 1033 3189 πολέμου
1053 3122 1085 3192 ἡ
1110 3121 1244 3192 πρὸς
1275 3123 1502 3188 Γότθους
1525 3125 1648 3187 τοὺς
1667 3124 1713 3156 ⁸⁸
1731 3125 1788 3176 ἐν
1811 3124 1918 3177 Γα-

2027 3122 2169 3177 bello
2210 3121 2527 3192 appetendis
2578 3120 2726 3177 Italis
2764 3121 3014 3176 avocavit
3061 3135 3184 3177 eum
3251 3131 3432 3175 ortum
3475 3132 3599 3172 cum

345 3208 500 3280 λατίᾳ
528 3209 779 3280 διαφορά.
814 3211 947 3282 Περὶ
978 3211 1088 3284 γὰρ
1133 3212 1233 3283 τῆς
1265 3214 1464 3284 ὁμόρου
1509 3216 1643 3287 πρὸς
1678 3215 1917 3282 ἐκείνους

2027 3217 2218 3272 Gothis
2248 3219 2300 3272 in
2362 3215 2533 3272 Gallia
2584 3214 2893 3270 dissidium.
2941 3212 3017 3269 De
3077 3211 3414 3267 contermina
3464 3208 3607 3266 enim

339 3299 617 3368 διαφιλονε
629 3301 759 3354 ικῶν
776 3301 880 3370 γῆς
895 3303 1178 3373 καρτερῶς
1198 3305 1456 3376 ἐμάχετο,
1474 3307 1565 3359 καὶ
1581 3306 1773 3378 ἀνδρὸς
1785 3308 1920 3377 ἔργα

345 3395 586 3462 μέγιστα
620 3395 675 3447 ἐν
704 3396 897 3464 ἐκείνῳ
942 3394 1256 3460 ἐπεδείξατο
1293 3397 1370 3466 τῷ
1425 3397 1666 3467 πολέμῳ.
1705 3397 1922 3452 Τούτων

343 3489 406 3557 δὴ
434 3489 600 3542 ἕνεκα
628 3489 735 3541 oi”
767 3488 1046 3560 Ἐσπέριοι
1079 3489 1337 3559 Ῥωμαῖοι
1372 3489 1522 3560 παρά
1554 3490 1680 3554 τοὺς
1723 3488 1924 3560 Ἐᾠους

347 3581 612 3652 πρέσϐεις
638 3583 902 3650 ἔστειλαν,
943 3582 1084 3637 ὥστε
1113 3582 1296 3645 αὐτοῖς
1319 3583 1410 3636 καὶ
1432 3582 1525 3635 τδν
1554 3581 1926 3653 Μαρκελλῖνον

350 3677 447 3730 καὶ
473 3678 600 3740 τοὺς
652 3676 956 3748 Βανδήλους
994 3675 1294 3741 διαλλάξαι.
1331 3675 1474 3747 [Ιρδς
1506 3674 1606 3745 μὲν
1640 3675 1733 3728 τὸν
1759 3675 1923 3745 Μαρ-

357 3768 596 3824 κελλῖνον
621 3769 899 3840 Φύλαρχος
957 3769 1174 3840 σταλεὶς
1224 3768 1408 3822 ἔπεισε
1457 3769 1597 3821 κατά
1639 3766 1927 3836 Ῥωμαίων

363 3860 500 3912 ὅπλα
532 3861 604 3932 μὴ
635 3863 826 3918 κινεῖν.
870 3862 926 3916 '0
953 3861 1010 3916 δὲ
1047 3861 1202 3932 παρά
1243 3863 1370 3926 τοὺς
1401 3860 1707 3932 Βανδήλους
1739 3859 1930 3923 διαϐἀς
1969 3858 1974 3865 ’

361 3953 638 4022 ἄπρακτος
689 3953 981 4025 ἀνεχώρει,
1025 3951 1121 4008 τοῦ
1170 3952 1461 4025 Γεζερίχου
1507 3950 1583 4022 μὴ
1618 3951 1793 4016 ἄλλως
1839 3949 1932 4005 τὸν

356 4045 597 4113 πόλεμον
642 4046 974 4118 καταθήσειν
1019 4045 1396 4110 ἀπειλοῦντος,
1445 4047 1494 4098 εί
1546 4045 1620 4116 μή
1671 4061 1734 4112 γε
1783 4041 1935 4114 αὐτῷ

352 4135 452 4188 τοῦ
483 4138 531 4168 ’⁵
567 4136 978 4192 Βαλεντινιανοῢ
1028 4137 1124 4191 κα)⁸
1190 4137 1398 4190 Ἀετίου
1452 4135 1740 4208 περιουσία
1783 4134 1934 4206 δοθῇ.

2025 3310 2244 3380 regione
2273 3323 2396 3364 cum
2428 3308 2534 3364 illis
2565 3316 2802 3374 certans,
2836 3307 3049 3363 fortiter
3086 3304 3284 3360 bellum
3362 3303 3607 3373 gerebat,

2021 3398 2072 3452 iu
2096 3412 2201 3466 quo
2234 3397 2400 3451 multa
2433 3397 2533 3452 viri
2584 3396 2792 3451 strenui
2825 3405 2879 3449 et
2917 3392 3252 3464 magnanimi
3298 3404 3461 3460 opera
3491 3389 3610 3444 edi~

2022 3490 2120 3547 dit.
2144 3489 2268 3546 llaec
2301 3492 2355 3545 in
2379 3505 2542 3546 causa
2589 3489 2824 3556 fuerunt,
2861 3494 2920 3543 ut
2952 3485 3182 3542 Romani
3239 3480 3614 3540 Occidentales

2021 3584 2234 3653 legatos
2265 3583 2332 3637 ad
2363 3581 2674 3638 Orientales
2726 3582 3028 3644 mitterent,
3063 3588 3120 3633 ut
3148 3575 3517 3632 Marcellinum
3558 3573 3614 3628 et

2025 3673 2301 3731 Vandalos
2323 3673 2575 3743 secumin
2603 3672 2834 3744 gratiam
2846 3671 3190 3727 reducerent.
3211 3667 3277 3724 Et
3304 3664 3614 3736 adﬂarch-

2028 3768 2199 3824 linum
2255 3765 2472 3837 quidem
2525 3763 2862 3836 Phylarchus
2912 3761 3132 3830 missus,
3162 3760 3213 3816 ei
3235 3759 3619 3830 persuasit,ne

2031 3859 2086 3914 in
2107 3855 2379 3913 Romanos
2403 3863 2652 3912 moveret
2677 3869 2854 3910 arma.
2885 3851 3023 3909 llinc
3048 3851 3116 3907 ad
3143 3847 3412 3905 Vandalos
3452 3843 3619 3902 (ἱερου

2034 3957 2209 4017 ctens,
2234 3947 2368 4004 nihil
2385 3947 2680 4018 quidquam
2703 3944 2954 4017 profecit,
2975 3950 3029 3999 et
3054 3941 3231 3999 rediit.
3255 3937 3620 3997 Genscrichus

2036 4042 2180 4099 enim
2209 4055 2270 4098 se
2294 4055 2402 4095 non
2454 4039 2590 4094 alias
2628 4037 2827 4094 bellum
2880 4036 3186 4108 positurum
3241 4032 3482 4088 minatus
3510 4035 3618 4086 est.

2043 4135 2149 4192 nisi
2201 4134 2306 4192 sibi
2367 4131 2740 4201 Valentiniani
2785 4139 2841 4188 et
2864 4131 3007 4188 Aetii
3059 4131 3202 4186 bona
3254 4124 3618 4182 traderentur.

352 4227 470 4280 Καὶ
497 4225 606 4294 γὰρ
635 4227 726 4280 καὶ
773 4229 924 4297 παρά
957 4227 1068 4280 τῶν
1099 4225 1249 4297 ἑῴων
1286 4225 1573 4296 Ῥωμαίων
1614 4225 1938 4294 ἐκεκόμιστο

2044 4226 2259 4283 Etenim
2292 4226 2360 4284 ab
2394 4224 2761 4282 Orientalibus
2817 4237 3036 4296 quoque
3095 4227 3305 4294 partem
3355 4216 3620 4272 bonorum

355 4319 560 4387 μοῖραν
593 4320 690 4386 τῆς
721 4317 1134 4372 Βαλεντινιανοῢ
1166 4317 1488 4389 περιουσίας
1515 4316 1740 4388 ὀνόματι
1775 4316 1940 4390 E660:-

355 4409 488 4474 κίας
519 4408 618 4479 τῆς
646 4406 725 4479 τῷ
766 4407 1043 4480 Ὀνωρίχῳ
1061 4407 1478 4480 γεγαμημένης,
1516 4407 1608 4461 Διὸ
1627 4407 1694 4461 δι’
1720 4408 1765 4454 '7
1787 4407 1942 4473 ἔτους

2044 4316 2407 4374 Valentiniani
2481 4315 2790 4372 obtinuerat
2867 4311 3119 4368 Eudocize
3195 4306 3439 4371 nomine,
3504 4315 3625 4373 qua

2049 4405 2383 4475 Honoricho,
2415 4405 2533 4477 ejus
2563 4403 2694 4468 filio,
2750 4406 3028 4472 nupserat.
3063 4397 3238 4469 Atque
3306 4394 3448 4449 hanc
3494 4391 3618 4447 belli

355 4500 603 4554 ἑκάστου
637 4498 842 4572 ταύτην
871 4499 966 4554 τοῦ
1007 4501 1248 4572 πολέμου
1281 4500 1553 4571 πρόφασιν
1598 4499 1939 4571 ποιούμενος,

2053 4497 2344 4555 renovandi
2396 4495 2738 4552 occasionem
2787 4491 3013 4562 singulis
3085 4490 3242 4544 annis
3299 4483 3618 4572 usurpabat.

355 4591 532 4654 εὐθὺς
573 4586 709 4664 ἦρος
747 4591 1054 4664 ἀρχομένου
1098 4592 1196 4645 σὺν
1229 4591 1402 4662 στόλῳ
1445 4589 1544 4662 τὴν
1585 4589 1942 4660 ἐκστρατείαν

356 4686 605 4737 ἐποιεῖτο
633 4682 724 4736 ἐπί
749 4701 809 4737 τε
837 4683 1088 4738 Σικελίαν
1117 4684 1210 4736 καὶ
1239 4682 1338 4746 τὰς
1381 4682 1632 4746 Ἰταλίας.
1667 4682 1778 4735 Καὶ⁸
1821 4683 1944 4745 ταῖς

361 4778 472 4848 μὲν
505 4776 746 4841 πόλεσιν,
764 4777 822 4830 ἐν
849 4769 936 4840 αἷς
963 4776 1204 4846 μάχιμον
1225 4775 1454 4844 δύναμιν
1483 4773 1591 4826 τῶν
1629 4771 1944 4826 Ἰταλιωτῶν

359 4863 513 4920 εἶναι
539 4867 881 4930 συνέϐαινεν,
911 4866 972 4919 οὐ
1008 4865 1204 4938 ῥᾳδίως
1238 4865 1628 4936 προσεφέρετο·
1663 4864 1941 4933 καταλαμ-

363 4958 553 5011 ϐάνων
587 4957 643 5010 δὲ
673 4957 870 5028 χωρία,
923 4956 982 5011 ἑν
1022 4953 1106 5019 οἷς
1152 4956 1227 5026 μὴ
1261 4957 1449 5024 ἔτυχεν
1494 4947 1628 5007 οὖσα
1655 4951 1948 5016 ἀντίπαλος

361 5049 625 5120 δύναμις,
655 5048 810 5119 ἐδῄου
839 5065 897 5102 τε
927 5047 1023 5102 καὶ
1049 5045 1495 5118 ἠνδραποδίζετο.
1545 5045 1618 5098 Οὐ
1669 5045 1778 5115 γὰρ
1812 5044 1949 5116 πρὸς

366 5141 556 5194 πάντα
608 5141 678 5194 τὰ
723 5139 1078 5212 προσϐἀσιμα
1113 5139 1159 5172 9⁸
1210 5140 1326 5202 τοῖς
1371 5136 1661 5207 Βανδήλοις
1715 5135 1855 5206 μέρη
1899 5135 1951 5188 οἱ

2049 4585 2238 4656 itaque
2270 4583 2452 4641 statim
2495 4582 2641 4636 veris
2672 4579 2828 4635 initio
2862 4576 3056 4633 infesto
3096 4574 3340 4633 exercitu
3380 4571 3621 4628 Siciliam

2049 4685 2105 4732 ct
2147 4673 2328 4728 ltalias
2369 4671 2590 4735 invasit,
2637 4676 2694 4724 et
2720 4667 2882 4723 urbes
2927 4665 3146 4737 quidem
3201 4661 3455 4717 Italorum
3487 4675 3627 4732 pra:-

2051 4768 2204 4824 sidiis
2221 4765 2461 4820 firmatas
2483 4777 2586 4817 non
2605 4760 2762 4817 facile
2787 4757 3135 4830 expugnavit,
3159 4755 3255 4811 sed
3269 4753 3463 4824 oppida
3483 4752 3627 4806 milio

2051 4856 2213 4920 tibus,
2238 4853 2328 4924 qui
2361 4851 2699 4917 resisterent,
2741 4849 2999 4904 destituta
3057 4843 3218 4901 facile
3249 4850 3406 4914 capta
3435 4840 3632 4896 evertit

2049 4955 2102 5002 et
2127 4945 2368 5015 diripuit.
2417 4941 2528 4998 Nec
2584 4941 2729 4996 enim
2786 4937 2852 4994 ad
2883 4937 3088 5001 omnia,
3118 4948 3240 5006 qua:
3267 4931 3628 4989 Vandalorum

2056 5036 2325 5094 iuvasioni
2355 5035 2634 5108 patebant,
2668 5032 2867 5087 tuenda
2898 5029 3146 5088 sullicere
3182 5033 3437 5098 poterant
3489 5022 3630 5088 itali,

2054 5139 2338 5202 propterea
2364 5127 2506 5198 quod
2527 5124 2762 5181 hostium
2786 5121 3132 5178 multitudine
3169 5115 3631 5190 opprimebantur.

381 5230 692 5285 Ἰταλιῶται
722 5233 912 5302 ἀρχεῖν
956 5229 1230 5294 ἐδύναντο,
1277 5227 1474 5298 πλήθει
1523 5227 1634 5280 τῶν
1676 5225 1943 5292 πολεμίων

2062 5223 2304 5290 Denique
2365 5218 2537 5288 copiis
2588 5215 2875 5272 navalibus
2909 5212 3192 5278 carebant,
3240 5223 3377 5302 quas
3426 5219 3549 5260 cum
3601 5216 3634 5256 ιι

374 5321 692 5394 βιαζόμενοι
723 5327 819 5377 καὶ
859 5323 940 5393 τῷ
975 5323 1054 5394 μὴ
1096 5319 1352 5392 παρεῖναί
1387 5335 1538 5388 σφισι
1569 5318 1828 5388 ναυτικὴν
1861 5317 1955 5370 δύο

375 5433 568 5487 ναμιν,
604 5415 673 5486 ἢν
712 5415 864 5486 παρά
894 5414 1007 5470 τῶν
1035 5413 1186 5485 ἑῴων
1221 5411 1500 5476 αἰτοῦντες
1529 5409 1629 5463 οὐκ
1659 5409 1943 5479 ἐτύγχανον

2060 5405 2186 5476 quia
2208 5402 2383 5460 foedus
2407 5416 2530 5458 cum
2559 5399 2894 5457 Gensericho
2933 5396 3194 5455 fecerant.
3222 5389 3298 5446 Ea
3329 5401 3418 5444 res
3460 5384 3635 5441 divisa

2061 5311 2321 5370 Romanis
2347 5307 2713 5366 Orientalibus
2773 5307 3082 5378 petiissent,
3112 5316 3218 5358 non
3250 5300 3632 5368 impetrarunt,

1357 5541 1389 5570 ο
1697 5519 1931 5578 νΑιιιλΕ
1965 5517 2368 5576 LECTlONES.

453 5646 497 5679 ⁹¹
525 5643 799 5699 Διονύσιον
851 5644 943 5707 Νη
992 5640 1265 5703 Διονύσιος
1299 5641 1443 5708 vulg.
1517 5639 1566 5673 "
1586 5635 1968 5710 παρεστήσατο
2000 5633 2065 5689 Ν.
2092 5632 2509 5710 παρεστήσαντο
2571 5630 2715 5710 vulg.
2789 5619 3304 5710 ’ἶιΝιγιδίουὶνιιίεέι
3331 5613 3636 5710 λ’ξξςμξ

383 5683 1549 5816 μένου.’ἔίυσυστρατέυσαμένοί(ίαηῗοι-ΙἿ
1571 5683 1908 5779 όρμῖωμέῦτυν
1935 5714 1995 5759 et
2033 5683 2565 5774 συστρατευσαμένῳ
2607 5683 2751 5769 vuig.
2823 5696 2873 5730 "
2909 5691 3005 5746 τοῦ
3037 5689 3183 5761 ῑίιιεο
3257 5686 3304 5721 ﬂ
3328 5685 3378 5740 οι
3413 5683 3540 5742 add'
3575 5685 3634 5740 Β*

417 5788 438 5816 ο
464 5784 580 5816 ,και
612 5787 641 5816 at
676 5786 795 5816 ηηηι
866 5783 903 5816 Il
1003 5784 1046 5816 91
1077 5781 1143 5816 ευ
1187 5779 1278 5816 ναι
1374 5780 1436 5816 Rq‘n
1476 5780 1603 5816 vuln
1695 5775 1979 5816 "qenrﬁﬁrr-
2015 5774 2157 5816 vnio-

417 5788 438 5816 ‘
464 5784 581 5856 τοῦι
612 5787 643 5856 ἡ
675 5779 834 5857 conj;
863 5783 923 5837 Β.
1003 5784 1046 5816 ’⁷
1070 5781 1143 5850 ,δι’
1187 5779 1328 5850 Vah,
1374 5780 1438 5852 δὴ
1476 5780 1623 5851 vulg.

1695 5775 1980 5848 ⁹¹¹ττρο6ἀσ.
2015 5774 2157 5844 vulg.
