  <div class='ocr_page' id='page_1' title='image "/cluster/home/n/w/nwhite01/storage/ocr_20150623/113:no.2/coo.31924054870179/359.png"; bbox 0 0 4050 6428; ppageno 0'>
   <div class='ocr_carea' id='block_1_1' title="bbox 433 296 547 358">
    <p class='ocr_par' dir='ltr' id='par_1_1' title="bbox 433 296 547 358">
     <span class='ocr_line' id='line_1_1' title="bbox 433 296 547 358; baseline 0 -1"><span class='ocrx_word' id='word_1_1' title='bbox 433 296 547 358; x_wconf 72' lang='lat'><strong>693</strong></span> 
     </span>
    </p>
   </div>
   <div class='ocr_carea' id='block_1_2' title="bbox 1467 291 2718 360">
    <p class='ocr_par' dir='ltr' id='par_1_2' title="bbox 1467 291 2718 360">
     <span class='ocr_line' id='line_1_2' title="bbox 1467 291 2718 360; baseline 0.005 -6"><span class='ocrx_word' id='word_1_2' title='bbox 1467 293 1862 354; x_wconf 82' lang='lat' dir='ltr'><strong>EXCERPTA</strong></span> <span class='ocrx_word' id='word_1_3' title='bbox 1897 293 1997 352; x_wconf 86' lang='lat' dir='ltr'><strong>EX</strong></span> <span class='ocrx_word' id='word_1_4' title='bbox 2037 291 2310 356; x_wconf 78' lang='lat' dir='ltr'><strong>PRISCO</strong></span> <span class='ocrx_word' id='word_1_5' title='bbox 2350 297 2718 360; x_wconf 76' lang='lat' dir='ltr'><strong>RIIETORE</strong></span> 
     </span>
    </p>
   </div>
   <div class='ocr_carea' id='block_1_3' title="bbox 3679 157 3714 202">
    <p class='ocr_par' dir='ltr' id='par_1_3' title="bbox 3679 157 3714 202">
     <span class='ocr_line' id='line_1_3' title="bbox 3679 157 3714 202; baseline 0 0"><span class='ocrx_word' id='word_1_6' title='bbox 3679 157 3714 202; x_wconf 57' lang='grc' dir='ltr'>δ</span> 
     </span>
    </p>
   </div>
   <div class='ocr_carea' id='block_1_4' title="bbox 3593 303 3706 364">
    <p class='ocr_par' dir='ltr' id='par_1_4' title="bbox 3593 303 3706 364">
     <span class='ocr_line' id='line_1_4' title="bbox 3593 303 3706 364; baseline 0.018 -2"><span class='ocrx_word' id='word_1_7' title='bbox 3593 303 3706 364; x_wconf 68' lang='lat'><strong>(&gt;96</strong></span> 
     </span>
    </p>
   </div>
   <div class='ocr_carea' id='block_1_5' title="bbox 434 401 2014 478">
    <p class='ocr_par' dir='ltr' id='par_1_5' title="bbox 434 401 2011 475">
     <span class='ocr_line' id='line_1_5' title="bbox 434 401 2011 475; baseline -0.004 -12"><span class='ocrx_word' id='word_1_8' title='bbox 434 405 645 464; x_wconf 74' lang='lat' dir='ltr'><strong>scilicet</strong></span> <span class='ocrx_word' id='word_1_9' title='bbox 685 402 897 473; x_wconf 90' lang='lat' dir='ltr'><strong>imperii</strong></span> <span class='ocrx_word' id='word_1_10' title='bbox 949 401 1361 458; x_wconf 74' lang='lat' dir='ltr'><strong>administrandi</strong></span> <span class='ocrx_word' id='word_1_11' title='bbox 1417 404 1575 469; x_wconf 91' lang='lat' dir='ltr'><strong>ratio,</strong></span> <span class='ocrx_word' id='word_1_12' title='bbox 1613 419 1808 475; x_wconf 90' lang='lat' dir='ltr'><strong>magno</strong></span> <span class='ocrx_word' id='word_1_13' title='bbox 1841 403 2011 458; x_wconf 90' lang='lat' dir='ltr'><strong>detri-</strong></span> 
     </span>
    </p>
   </div>
   <div class='ocr_carea' id='block_1_6' title="bbox 2118 401 3700 478">
    <p class='ocr_par' dir='ltr' id='par_1_6' title="bbox 2118 403 3700 478">
     <span class='ocr_line' id='line_1_6' title="bbox 2118 403 3700 478; baseline 0.005 -21"><span class='ocrx_word' id='word_1_14' title='bbox 2118 403 2200 458; x_wconf 74' lang='grc' dir='ltr'>Βιά</span> <span class='ocrx_word' id='word_1_15' title='bbox 2241 407 2338 471; x_wconf 72' lang='grc' dir='ltr'><strong>τὰς</strong></span> <span class='ocrx_word' id='word_1_16' title='bbox 2382 408 2519 478; x_wconf 81' lang='grc' dir='ltr'>πρὸς</span> <span class='ocrx_word' id='word_1_17' title='bbox 2557 407 2597 459; x_wconf 86' lang='grc' dir='ltr'><strong>Γ</strong></span> <span class='ocrx_word' id='word_1_18' title='bbox 2600 408 2842 478; x_wconf 77' lang='grc' dir='ltr'>εζέριχον</span> <span class='ocrx_word' id='word_1_19' title='bbox 2879 405 3108 470; x_wconf 76' lang='grc' dir='ltr'>ἐκείνοις</span> <span class='ocrx_word' id='word_1_20' title='bbox 3148 407 3400 473; x_wconf 72' lang='grc' dir='ltr'>τεθείσας</span> <span class='ocrx_word' id='word_1_21' title='bbox 3443 412 3700 478; x_wconf 85' lang='grc' dir='ltr'>σπονδάς·</span> 
     </span>
    </p>
   </div>
   <div class='ocr_carea' id='block_1_7' title="bbox 435 493 2014 556">
    <p class='ocr_par' dir='ltr' id='par_1_7' title="bbox 435 493 2014 556">
     <span class='ocr_line' id='line_1_7' title="bbox 435 493 2014 556; baseline -0.003 0"><span class='ocrx_word' id='word_1_22' title='bbox 435 506 622 556; x_wconf 86' lang='lat' dir='ltr'><strong>mento</strong></span> <span class='ocrx_word' id='word_1_23' title='bbox 659 494 1030 551; x_wconf 80' lang='lat' dir='ltr'><strong>Romanorum</strong></span> <span class='ocrx_word' id='word_1_24' title='bbox 1047 493 1475 551; x_wconf 78' lang='lat' dir='ltr'><strong>Occidentalium</strong></span> <span class='ocrx_word' id='word_1_25' title='bbox 1511 496 1676 552; x_wconf 84' lang='lat' dir='ltr'><strong>rebus</strong></span> <span class='ocrx_word' id='word_1_26' title='bbox 1709 496 1827 550; x_wconf 80' lang='lat' dir='ltr'><strong>fuit.</strong></span> <span class='ocrx_word' id='word_1_27' title='bbox 1853 495 2014 552; x_wconf 88' lang='lat' dir='ltr'><strong>Circa</strong></span> 
     </span>
    </p>
   </div>
   <div class='ocr_carea' id='block_1_8' title="bbox 436 585 2018 660">
    <p class='ocr_par' dir='ltr' id='par_1_8' title="bbox 436 585 2018 660">
     <span class='ocr_line' id='line_1_8' title="bbox 436 585 2018 660; baseline -0.004 -12"><span class='ocrx_word' id='word_1_28' title='bbox 436 591 494 648; x_wconf 86' lang='lat' dir='ltr'><strong>id</strong></span> <span class='ocrx_word' id='word_1_29' title='bbox 545 599 758 659; x_wconf 90' lang='lat' dir='ltr'><strong>tempus</strong></span> <span class='ocrx_word' id='word_1_30' title='bbox 814 587 1019 660; x_wconf 88' lang='lat' dir='ltr'><strong>legatos</strong></span> <span class='ocrx_word' id='word_1_31' title='bbox 1078 585 1144 642; x_wconf 87' lang='lat' dir='ltr'><strong>ad</strong></span> <span class='ocrx_word' id='word_1_32' title='bbox 1205 586 1514 643; x_wconf 75' lang='lat' dir='ltr'><strong>Orientales</strong></span> <span class='ocrx_word' id='word_1_33' title='bbox 1576 586 1684 659; x_wconf 67' lang='grc'><strong>43</strong></span> <span class='ocrx_word' id='word_1_34' title='bbox 1743 585 2018 642; x_wconf 80' lang='lat' dir='ltr'><strong>Romanos</strong></span> 
     </span>
    </p>
   </div>
   <div class='ocr_carea' id='block_1_9' title="bbox 435 677 2016 751">
    <p class='ocr_par' dir='ltr' id='par_1_9' title="bbox 435 677 2016 751">
     <span class='ocr_line' id='line_1_9' title="bbox 435 677 2016 751; baseline -0.003 -12"><span class='ocrx_word' id='word_1_35' title='bbox 435 684 706 740; x_wconf 88' lang='lat' dir='ltr'><strong>miserunt</strong></span> <span class='ocrx_word' id='word_1_36' title='bbox 773 679 1051 751; x_wconf 88' lang='lat' dir='ltr'><strong>Saraguri,</strong></span> <span class='ocrx_word' id='word_1_37' title='bbox 1102 678 1261 750; x_wconf 86' lang='lat' dir='ltr'><strong>Urogi</strong></span> <span class='ocrx_word' id='word_1_38' title='bbox 1302 688 1356 734; x_wconf 90' lang='lat' dir='ltr'><strong>et</strong></span> <span class='ocrx_word' id='word_1_39' title='bbox 1383 677 1644 750; x_wconf 89' lang='lat' dir='ltr'><strong>Onoguri.</strong></span> <span class='ocrx_word' id='word_1_40' title='bbox 1695 678 1786 733; x_wconf 65' lang='lat' dir='ltr'><strong>lla:</strong></span> <span class='ocrx_word' id='word_1_41' title='bbox 1829 689 2016 750; x_wconf 83' lang='lat' dir='ltr'><strong>gentes</strong></span> 
     </span>
    </p>
   </div>
   <div class='ocr_carea' id='block_1_10' title="bbox 437 772 2013 846">
    <p class='ocr_par' dir='ltr' id='par_1_10' title="bbox 437 772 2013 846">
     <span class='ocr_line' id='line_1_10' title="bbox 437 772 2013 846; baseline -0.001 -17"><span class='ocrx_word' id='word_1_42' title='bbox 437 775 676 846; x_wconf 81' lang='lat' dir='ltr'><strong>propriis</strong></span> <span class='ocrx_word' id='word_1_43' title='bbox 719 774 939 831; x_wconf 78' lang='lat' dir='ltr'><strong>sedibus</strong></span> <span class='ocrx_word' id='word_1_44' title='bbox 1005 773 1227 844; x_wconf 70' lang='lat' dir='ltr'><strong>ejectae,</strong></span> <span class='ocrx_word' id='word_1_45' title='bbox 1302 772 1595 831; x_wconf 84' lang='lat' dir='ltr'><strong>commissa</strong></span> <span class='ocrx_word' id='word_1_46' title='bbox 1652 787 1832 845; x_wconf 91' lang='lat' dir='ltr'><strong>pugna</strong></span> <span class='ocrx_word' id='word_1_47' title='bbox 1891 787 2013 828; x_wconf 91' lang='lat' dir='ltr'><strong>cum</strong></span> 
     </span>
    </p>
   </div>
   <div class='ocr_carea' id='block_1_11' title="bbox 439 863 2016 936">
    <p class='ocr_par' dir='ltr' id='par_1_11' title="bbox 439 863 2016 936">
     <span class='ocr_line' id='line_1_11' title="bbox 439 863 2016 936; baseline -0.001 -16"><span class='ocrx_word' id='word_1_48' title='bbox 439 864 666 933; x_wconf 72' lang='lat' dir='ltr'><strong>Sabiris,</strong></span> <span class='ocrx_word' id='word_1_49' title='bbox 692 881 829 936; x_wconf 90' lang='lat' dir='ltr'><strong>quos</strong></span> <span class='ocrx_word' id='word_1_50' title='bbox 874 864 1199 936; x_wconf 74' lang='lat' dir='ltr'><strong>expulerant</strong></span> <span class='ocrx_word' id='word_1_51' title='bbox 1258 863 1486 929; x_wconf 77' lang='lat' dir='ltr'><strong>Abares,</strong></span> <span class='ocrx_word' id='word_1_52' title='bbox 1544 874 1599 918; x_wconf 90' lang='lat' dir='ltr'><strong>et</strong></span> <span class='ocrx_word' id='word_1_53' title='bbox 1648 864 1750 933; x_wconf 89' lang='lat' dir='ltr'><strong>ipsi</strong></span> <span class='ocrx_word' id='word_1_54' title='bbox 1801 877 2016 935; x_wconf 84' lang='lat' dir='ltr'><strong>quoque</strong></span> 
     </span>
    </p>
   </div>
   <div class='ocr_carea' id='block_1_12' title="bbox 439 951 2016 1030">
    <p class='ocr_par' dir='ltr' id='par_1_12' title="bbox 439 951 2016 1030">
     <span class='ocr_line' id='line_1_12' title="bbox 439 951 2016 1030; baseline -0.002 -16"><span class='ocrx_word' id='word_1_55' title='bbox 439 951 684 1014; x_wconf 80' lang='lat' dir='ltr'><strong>extorres</strong></span> <span class='ocrx_word' id='word_1_56' title='bbox 708 958 836 1014; x_wconf 83' lang='lat' dir='ltr'><strong>facti</strong></span> <span class='ocrx_word' id='word_1_57' title='bbox 865 973 896 1016; x_wconf 76' lang='grc' dir='ltr'><strong>ιι</strong></span> <span class='ocrx_word' id='word_1_58' title='bbox 925 957 1196 1030; x_wconf 73' lang='lat' dir='ltr'><strong>gentibus,</strong></span> <span class='ocrx_word' id='word_1_59' title='bbox 1231 971 1353 1026; x_wconf 68' lang='lat' dir='ltr'><strong>qum</strong></span> <span class='ocrx_word' id='word_1_60' title='bbox 1381 955 1583 1012; x_wconf 88' lang='lat' dir='ltr'><strong>Oceani</strong></span> <span class='ocrx_word' id='word_1_61' title='bbox 1617 957 1774 1012; x_wconf 87' lang='lat' dir='ltr'><strong>littus</strong></span> <span class='ocrx_word' id='word_1_62' title='bbox 1805 956 2016 1012; x_wconf 91' lang='lat' dir='ltr'><strong>accole-</strong></span> 
     </span>
    </p>
   </div>
   <div class='ocr_carea' id='block_1_13' title="bbox 435 1046 2016 1117">
    <p class='ocr_par' dir='ltr' id='par_1_13' title="bbox 435 1046 2016 1117">
     <span class='ocr_line' id='line_1_13' title="bbox 435 1046 2016 1117; baseline -0.001 -13"><span class='ocrx_word' id='word_1_63' title='bbox 435 1047 589 1113; x_wconf 81' lang='lat' dir='ltr'><strong>bant,</strong></span> <span class='ocrx_word' id='word_1_64' title='bbox 621 1049 716 1104; x_wconf 87' lang='lat' dir='ltr'><strong>sed</strong></span> <span class='ocrx_word' id='word_1_65' title='bbox 745 1048 906 1104; x_wconf 88' lang='lat' dir='ltr'><strong>sedes</strong></span> <span class='ocrx_word' id='word_1_66' title='bbox 929 1061 1060 1104; x_wconf 88' lang='lat' dir='ltr'><strong>suas</strong></span> <span class='ocrx_word' id='word_1_67' title='bbox 1111 1046 1446 1117; x_wconf 83' lang='lat' dir='ltr'><strong>reliquerant</strong></span> <span class='ocrx_word' id='word_1_68' title='bbox 1491 1055 1710 1116; x_wconf 86' lang='lat' dir='ltr'><strong>propter</strong></span> <span class='ocrx_word' id='word_1_69' title='bbox 1767 1047 2016 1116; x_wconf 76' lang='lat' dir='ltr'><strong>ingentes</strong></span> 
     </span>
    </p>
   </div>
   <div class='ocr_carea' id='block_1_14' title="bbox 438 1138 2014 1210">
    <p class='ocr_par' dir='ltr' id='par_1_14' title="bbox 438 1138 2014 1210">
     <span class='ocr_line' id='line_1_14' title="bbox 438 1138 2014 1210; baseline -0.004 -13"><span class='ocrx_word' id='word_1_70' title='bbox 438 1139 665 1197; x_wconf 80' lang='lat' dir='ltr'><strong>nebulas</strong></span> <span class='ocrx_word' id='word_1_71' title='bbox 699 1153 768 1195; x_wconf 80' lang='lat' dir='ltr'><strong>ex</strong></span> <span class='ocrx_word' id='word_1_72' title='bbox 799 1138 966 1195; x_wconf 87' lang='lat' dir='ltr'><strong>maris</strong></span> <span class='ocrx_word' id='word_1_73' title='bbox 1029 1139 1321 1210; x_wconf 83' lang='lat' dir='ltr'><strong>vaporibus</strong></span> <span class='ocrx_word' id='word_1_74' title='bbox 1348 1149 1498 1194; x_wconf 87' lang='lat' dir='ltr'><strong>ortas</strong></span> <span class='ocrx_word' id='word_1_75' title='bbox 1536 1148 1592 1194; x_wconf 88' lang='lat' dir='ltr'><strong>et</strong></span> <span class='ocrx_word' id='word_1_76' title='bbox 1638 1148 1862 1210; x_wconf 83' lang='lat' dir='ltr'><strong>propter</strong></span> <span class='ocrx_word' id='word_1_77' title='bbox 1895 1153 2014 1192; x_wconf 89' lang='lat' dir='ltr'><strong>ma-</strong></span> 
     </span>
    </p>
   </div>
   <div class='ocr_carea' id='block_1_15' title="bbox 435 1229 2010 1302">
    <p class='ocr_par' dir='ltr' id='par_1_15' title="bbox 435 1229 2010 1302">
     <span class='ocr_line' id='line_1_15' title="bbox 435 1229 2010 1302; baseline 0.001 -19"><span class='ocrx_word' id='word_1_78' title='bbox 435 1244 598 1300; x_wconf 81' lang='lat' dir='ltr'><strong>gnam</strong></span> <span class='ocrx_word' id='word_1_79' title='bbox 634 1229 1004 1300; x_wconf 76' lang='lat' dir='ltr'><strong>ingruentium</strong></span> <span class='ocrx_word' id='word_1_80' title='bbox 1039 1231 1370 1302; x_wconf 84' lang='lat' dir='ltr'><strong>gryphorum</strong></span> <span class='ocrx_word' id='word_1_81' title='bbox 1413 1230 1843 1295; x_wconf 87' lang='lat' dir='ltr'><strong>multitudinem,</strong></span> <span class='ocrx_word' id='word_1_82' title='bbox 1874 1245 2010 1298; x_wconf 87' lang='lat' dir='ltr'><strong>quos</strong></span> 
     </span>
    </p>
   </div>
   <div class='ocr_carea' id='block_1_16' title="bbox 435 1322 2014 1394">
    <p class='ocr_par' dir='ltr' id='par_1_16' title="bbox 435 1322 2014 1394">
     <span class='ocr_line' id='line_1_16' title="bbox 435 1322 2014 1394; baseline -0.003 -17"><span class='ocrx_word' id='word_1_83' title='bbox 435 1336 544 1378; x_wconf 91' lang='lat' dir='ltr'><strong>non</strong></span> <span class='ocrx_word' id='word_1_84' title='bbox 596 1322 746 1394; x_wconf 90' lang='lat' dir='ltr'><strong>prius</strong></span> <span class='ocrx_word' id='word_1_85' title='bbox 769 1336 1082 1380; x_wconf 84' lang='lat' dir='ltr'><strong>recessuros</strong></span> <span class='ocrx_word' id='word_1_86' title='bbox 1126 1338 1247 1379; x_wconf 85' lang='lat' dir='ltr'><strong>esse</strong></span> <span class='ocrx_word' id='word_1_87' title='bbox 1277 1323 1418 1377; x_wconf 85' lang='lat' dir='ltr'><strong>fama</strong></span> <span class='ocrx_word' id='word_1_88' title='bbox 1445 1331 1585 1386; x_wconf 87' lang='lat' dir='ltr'><strong>erat,</strong></span> <span class='ocrx_word' id='word_1_89' title='bbox 1628 1337 1788 1391; x_wconf 84' lang='lat' dir='ltr'><strong>quam</strong></span> <span class='ocrx_word' id='word_1_90' title='bbox 1844 1335 2014 1392; x_wconf 85' lang='lat' dir='ltr'><strong>genus</strong></span> 
     </span>
    </p>
   </div>
   <div class='ocr_carea' id='block_1_17' title="bbox 435 1409 2011 1483">
    <p class='ocr_par' dir='ltr' id='par_1_17' title="bbox 435 1409 2011 1483">
     <span class='ocr_line' id='line_1_17' title="bbox 435 1409 2011 1483; baseline -0.004 -15"><span class='ocrx_word' id='word_1_91' title='bbox 435 1413 734 1468; x_wconf 84' lang='lat' dir='ltr'><strong>humanum</strong></span> <span class='ocrx_word' id='word_1_92' title='bbox 773 1413 1166 1469; x_wconf 84' lang='lat' dir='ltr'><strong>devorassent:</strong></span> <span class='ocrx_word' id='word_1_93' title='bbox 1198 1412 1395 1483; x_wconf 85' lang='lat' dir='ltr'><strong>quibus</strong></span> <span class='ocrx_word' id='word_1_94' title='bbox 1445 1409 1845 1466; x_wconf 76' lang='lat' dir='ltr'><strong>calamitatibus</strong></span> <span class='ocrx_word' id='word_1_95' title='bbox 1866 1409 2011 1466; x_wconf 79' lang='lat' dir='ltr'><strong>exci-</strong></span> 
     </span>
    </p>
   </div>
   <div class='ocr_carea' id='block_1_18' title="bbox 436 1501 2016 1572">
    <p class='ocr_par' dir='ltr' id='par_1_18' title="bbox 436 1501 2016 1572">
     <span class='ocr_line' id='line_1_18' title="bbox 436 1501 2016 1572; baseline -0.003 -13"><span class='ocrx_word' id='word_1_96' title='bbox 436 1503 534 1559; x_wconf 85' lang='lat' dir='ltr'><strong>tati</strong></span> <span class='ocrx_word' id='word_1_97' title='bbox 566 1503 621 1560; x_wconf 92' lang='lat' dir='ltr'><strong>in</strong></span> <span class='ocrx_word' id='word_1_98' title='bbox 687 1504 1040 1562; x_wconf 80' lang='lat' dir='ltr'><strong>ﬁnitimorum</strong></span> <span class='ocrx_word' id='word_1_99' title='bbox 1102 1505 1258 1560; x_wconf 87' lang='lat' dir='ltr'><strong>sedes</strong></span> <span class='ocrx_word' id='word_1_100' title='bbox 1315 1504 1650 1572; x_wconf 83' lang='lat' dir='ltr'><strong>irruperunt.</strong></span> <span class='ocrx_word' id='word_1_101' title='bbox 1711 1501 1776 1556; x_wconf 84' lang='lat' dir='ltr'><strong>Et</strong></span> <span class='ocrx_word' id='word_1_102' title='bbox 1826 1516 2016 1557; x_wconf 89' lang='lat' dir='ltr'><strong>omnes</strong></span> 
     </span>
    </p>
   </div>
   <div class='ocr_carea' id='block_1_19' title="bbox 432 1594 2015 1668">
    <p class='ocr_par' dir='ltr' id='par_1_19' title="bbox 432 1594 2015 1668">
     <span class='ocr_line' id='line_1_19' title="bbox 432 1594 2015 1668; baseline -0.001 -18"><span class='ocrx_word' id='word_1_103' title='bbox 432 1595 679 1667; x_wconf 83' lang='lat' dir='ltr'><strong>quidem,</strong></span> <span class='ocrx_word' id='word_1_104' title='bbox 723 1598 814 1668; x_wconf 86' lang='lat' dir='ltr'><strong>qui</strong></span> <span class='ocrx_word' id='word_1_105' title='bbox 865 1597 1156 1654; x_wconf 88' lang='lat' dir='ltr'><strong>violentum</strong></span> <span class='ocrx_word' id='word_1_106' title='bbox 1187 1612 1377 1652; x_wconf 88' lang='lat' dir='ltr'><strong>eorum</strong></span> <span class='ocrx_word' id='word_1_107' title='bbox 1437 1596 1696 1664; x_wconf 88' lang='lat' dir='ltr'><strong>impetum</strong></span> <span class='ocrx_word' id='word_1_108' title='bbox 1743 1594 2015 1650; x_wconf 90' lang='lat' dir='ltr'><strong>sustinere</strong></span> 
     </span>
    </p>
   </div>
   <div class='ocr_carea' id='block_1_20' title="bbox 431 1691 2008 1761">
    <p class='ocr_par' dir='ltr' id='par_1_20' title="bbox 431 1691 2008 1761">
     <span class='ocr_line' id='line_1_20' title="bbox 431 1691 2008 1761; baseline -0.003 -15"><span class='ocrx_word' id='word_1_109' title='bbox 431 1707 542 1746; x_wconf 88' lang='lat' dir='ltr'><strong>non</strong></span> <span class='ocrx_word' id='word_1_110' title='bbox 578 1699 848 1760; x_wconf 83' lang='lat' dir='ltr'><strong>poterant,</strong></span> <span class='ocrx_word' id='word_1_111' title='bbox 912 1701 1214 1756; x_wconf 88' lang='lat' dir='ltr'><strong>cesserunt,</strong></span> <span class='ocrx_word' id='word_1_112' title='bbox 1263 1692 1423 1746; x_wconf 87' lang='lat' dir='ltr'><strong>sicuti</strong></span> <span class='ocrx_word' id='word_1_113' title='bbox 1479 1702 1533 1744; x_wconf 92' lang='lat' dir='ltr'><strong>et</strong></span> <span class='ocrx_word' id='word_1_114' title='bbox 1574 1691 1860 1761; x_wconf 83' lang='lat' dir='ltr'><strong>Saraguri,</strong></span> <span class='ocrx_word' id='word_1_115' title='bbox 1919 1691 2008 1758; x_wconf 88' lang='lat' dir='ltr'><strong>qui</strong></span> 
     </span>
    </p>
   </div>
   <div class='ocr_carea' id='block_1_21' title="bbox 2116 499 3701 572">
    <p class='ocr_par' dir='ltr' id='par_1_21' title="bbox 2116 499 3701 572">
     <span class='ocr_line' id='line_1_21' title="bbox 2116 499 3701 572; baseline 0.003 -20"><span class='ocrx_word' id='word_1_116' title='bbox 2116 499 2254 569; x_wconf 78' lang='grc' dir='ltr'>ὅπερ</span> <span class='ocrx_word' id='word_1_117' title='bbox 2306 500 2384 552; x_wconf 72' lang='grc' dir='ltr'>ἔτι</span> <span class='ocrx_word' id='word_1_118' title='bbox 2433 500 2666 570; x_wconf 89' lang='grc' dir='ltr'>μάλιστα</span> <span class='ocrx_word' id='word_1_119' title='bbox 2709 500 2956 553; x_wconf 78' lang='grc' dir='ltr'><strong>ἐκάκωσε</strong></span> <span class='ocrx_word' id='word_1_120' title='bbox 2986 499 3054 554; x_wconf 80' lang='grc' dir='ltr'><strong>τά</strong></span> <span class='ocrx_word' id='word_1_121' title='bbox 3085 501 3142 553; x_wconf 84' lang='grc' dir='ltr'><strong>ἐν</strong></span> <span class='ocrx_word' id='word_1_122' title='bbox 3177 502 3245 571; x_wconf 81' lang='grc' dir='ltr'><strong>τῇ</strong></span> <span class='ocrx_word' id='word_1_123' title='bbox 3284 500 3526 572; x_wconf 76' lang='grc' dir='ltr'>Ἐσπέρᾳ</span> <span class='ocrx_word' id='word_1_124' title='bbox 3563 503 3701 556; x_wconf 75' lang='grc' dir='ltr'>Ῥωο</span> 
     </span>
    </p>
   </div>
   <div class='ocr_carea' id='block_1_22' title="bbox 2121 588 3701 662">
    <p class='ocr_par' dir='ltr' id='par_1_22' title="bbox 2121 588 3701 662">
     <span class='ocr_line' id='line_1_22' title="bbox 2121 588 3701 662; baseline 0.003 -22"><span class='ocrx_word' id='word_1_125' title='bbox 2121 588 2298 659; x_wconf 82' lang='grc' dir='ltr'><strong>μαίων</strong></span> <span class='ocrx_word' id='word_1_126' title='bbox 2339 589 2646 660; x_wconf 87' lang='grc' dir='ltr'>πράγματα</span> <span class='ocrx_word' id='word_1_127' title='bbox 2698 588 2786 641; x_wconf 84' lang='grc' dir='ltr'><strong>διὰ</strong></span> <span class='ocrx_word' id='word_1_128' title='bbox 2835 589 2895 642; x_wconf 80' lang='grc' dir='ltr'>τὸ</span> <span class='ocrx_word' id='word_1_129' title='bbox 2941 589 3234 662; x_wconf 74' lang='grc' dir='ltr'><strong>διῃρῆσθαι</strong></span> <span class='ocrx_word' id='word_1_130' title='bbox 3273 590 3372 660; x_wconf 81' lang='grc' dir='ltr'>τὴν</span> <span class='ocrx_word' id='word_1_131' title='bbox 3402 590 3701 660; x_wconf 82' lang='grc' dir='ltr'>βασιλείαν.</span> 
     </span>
    </p>
   </div>
   <div class='ocr_carea' id='block_1_23' title="bbox 2128 679 3705 750">
    <p class='ocr_par' dir='ltr' id='par_1_23' title="bbox 2128 679 3705 750">
     <span class='ocr_line' id='line_1_23' title="bbox 2128 679 3705 750; baseline 0.001 -16"><span class='ocrx_word' id='word_1_132' title='bbox 2128 679 2596 750; x_wconf 83' lang='grc' dir='ltr'>Ἐπρεσϐεύσαντο</span> <span class='ocrx_word' id='word_1_133' title='bbox 2621 681 2678 734; x_wconf 82' lang='grc' dir='ltr'>δὲ</span> <span class='ocrx_word' id='word_1_134' title='bbox 2701 680 2823 733; x_wconf 88' lang='grc' dir='ltr'>κατ’</span> <span class='ocrx_word' id='word_1_135' title='bbox 2845 681 3054 733; x_wconf 83' lang='grc' dir='ltr'>ἐκεῖνον</span> <span class='ocrx_word' id='word_1_136' title='bbox 3073 679 3167 734; x_wconf 78' lang='grc' dir='ltr'>τὸν</span> <span class='ocrx_word' id='word_1_137' title='bbox 3193 683 3385 750; x_wconf 82' lang='grc' dir='ltr'>χρόνον</span> <span class='ocrx_word' id='word_1_138' title='bbox 3406 682 3550 735; x_wconf 89' lang='grc' dir='ltr'><strong>κατά</strong></span> <span class='ocrx_word' id='word_1_139' title='bbox 3575 683 3705 746; x_wconf 77' lang='grc' dir='ltr'>τοὺς</span> 
     </span>
    </p>
   </div>
   <div class='ocr_carea' id='block_1_24' title="bbox 2127 771 3707 844">
    <p class='ocr_par' dir='ltr' id='par_1_24' title="bbox 2127 771 3707 844">
     <span class='ocr_line' id='line_1_24' title="bbox 2127 771 3707 844; baseline 0.001 -19"><span class='ocrx_word' id='word_1_140' title='bbox 2127 771 2328 843; x_wconf 73' lang='grc' dir='ltr'>Ἐᾠους</span> <span class='ocrx_word' id='word_1_141' title='bbox 2353 772 2660 843; x_wconf 77' lang='grc' dir='ltr'><strong>Ῥωμαίους</strong></span> <span class='ocrx_word' id='word_1_142' title='bbox 2678 773 3014 844; x_wconf 86' lang='grc' dir='ltr'>Σαράγουροι</span> <span class='ocrx_word' id='word_1_143' title='bbox 3033 772 3137 840; x_wconf 56' lang='lat' dir='ltr'><strong>xuii</strong></span> <span class='ocrx_word' id='word_1_144' title='bbox 3149 771 3400 844; x_wconf 77' lang='grc' dir='ltr'>Οῦρωγοι</span> <span class='ocrx_word' id='word_1_145' title='bbox 3420 775 3516 826; x_wconf 80' lang='grc' dir='ltr'><strong>καὶ</strong></span> <span class='ocrx_word' id='word_1_146' title='bbox 3548 774 3707 826; x_wconf 81' lang='grc' dir='ltr'>Ὀνό-</span> 
     </span>
    </p>
   </div>
   <div class='ocr_carea' id='block_1_25' title="bbox 2115 865 3703 937">
    <p class='ocr_par' dir='ltr' id='par_1_25' title="bbox 2115 865 3703 937">
     <span class='ocr_line' id='line_1_25' title="bbox 2115 865 3703 937; baseline 0.002 -19"><span class='ocrx_word' id='word_1_147' title='bbox 2115 881 2340 937; x_wconf 91' lang='grc' dir='ltr'>γουροι,</span> <span class='ocrx_word' id='word_1_148' title='bbox 2393 865 2524 935; x_wconf 75' lang='grc' dir='ltr'>ἔθνη</span> <span class='ocrx_word' id='word_1_149' title='bbox 2564 865 2938 930; x_wconf 69' lang='grc' dir='ltr'><strong>ἐξαναστάντα</strong></span> <span class='ocrx_word' id='word_1_150' title='bbox 2993 865 3105 920; x_wconf 84' lang='grc' dir='ltr'><strong>τῶν</strong></span> <span class='ocrx_word' id='word_1_151' title='bbox 3163 865 3382 920; x_wconf 87' lang='grc' dir='ltr'>οίκείων</span> <span class='ocrx_word' id='word_1_152' title='bbox 3446 867 3598 936; x_wconf 68' lang='grc' dir='ltr'>ἠθῶν</span> <span class='ocrx_word' id='word_1_153' title='bbox 3628 870 3703 931; x_wconf 71' lang='lat'><strong>&#39;9,</strong></span> 
     </span>
    </p>
   </div>
   <div class='ocr_carea' id='block_1_26' title="bbox 2116 957 3706 1031">
    <p class='ocr_par' dir='ltr' id='par_1_26' title="bbox 2116 957 3706 1031">
     <span class='ocr_line' id='line_1_26' title="bbox 2116 957 3706 1031; baseline 0.001 -21"><span class='ocrx_word' id='word_1_154' title='bbox 2116 957 2366 1030; x_wconf 85' lang='grc' dir='ltr'>Σαϐίρων</span> <span class='ocrx_word' id='word_1_155' title='bbox 2393 959 2452 1023; x_wconf 87' lang='grc' dir='ltr'><strong>ἐς</strong></span> <span class='ocrx_word' id='word_1_156' title='bbox 2475 959 2656 1030; x_wconf 82' lang='grc' dir='ltr'>μάχην</span> <span class='ocrx_word' id='word_1_157' title='bbox 2685 960 2870 1028; x_wconf 73' lang='grc' dir='ltr'>σφισὶν</span> <span class='ocrx_word' id='word_1_158' title='bbox 2900 958 3260 1031; x_wconf 76' lang='grc' dir='ltr'><strong>ἐληλυθότων,</strong></span> <span class='ocrx_word' id='word_1_159' title='bbox 3301 961 3395 1023; x_wconf 75' lang='grc' dir='ltr'>οὓς</span> <span class='ocrx_word' id='word_1_160' title='bbox 3426 961 3706 1031; x_wconf 80' lang='grc' dir='ltr'>ἐξήλασαν</span> 
     </span>
    </p>
   </div>
   <div class='ocr_carea' id='block_1_27' title="bbox 2129 1049 3702 1122">
    <p class='ocr_par' dir='ltr' id='par_1_27' title="bbox 2129 1049 3702 1122">
     <span class='ocr_line' id='line_1_27' title="bbox 2129 1049 3702 1122; baseline 0 -18"><span class='ocrx_word' id='word_1_161' title='bbox 2129 1049 2380 1122; x_wconf 77' lang='grc' dir='ltr'>Ἀϐάρεις</span> <span class='ocrx_word' id='word_1_162' title='bbox 2402 1053 2444 1114; x_wconf 79' lang='grc' dir='ltr'>ί.</span> <span class='ocrx_word' id='word_1_163' title='bbox 2480 1053 2814 1122; x_wconf 76' lang='grc' dir='ltr'>μετανάσται</span> <span class='ocrx_word' id='word_1_164' title='bbox 2842 1052 3128 1122; x_wconf 84' lang='grc' dir='ltr'>γενόμενοι</span> <span class='ocrx_word' id='word_1_165' title='bbox 3157 1051 3262 1104; x_wconf 74' lang='grc' dir='ltr'><strong>ὑπὸ</strong></span> <span class='ocrx_word' id='word_1_166' title='bbox 3288 1051 3459 1106; x_wconf 88' lang='grc' dir='ltr'>ἐθνῶν</span> <span class='ocrx_word' id='word_1_167' title='bbox 3482 1052 3702 1105; x_wconf 75' lang='grc' dir='ltr'>οίκούνο</span> 
     </span>
    </p>
   </div>
   <div class='ocr_carea' id='block_1_28' title="bbox 2116 1142 3705 1215">
    <p class='ocr_par' dir='ltr' id='par_1_28' title="bbox 2116 1142 3705 1215">
     <span class='ocr_line' id='line_1_28' title="bbox 2116 1142 3705 1215; baseline 0.001 -20"><span class='ocrx_word' id='word_1_168' title='bbox 2116 1159 2225 1196; x_wconf 86' lang='grc' dir='ltr'><strong>των</strong></span> <span class='ocrx_word' id='word_1_169' title='bbox 2254 1142 2352 1212; x_wconf 89' lang='grc' dir='ltr'><strong>μέν</strong></span> <span class='ocrx_word' id='word_1_170' title='bbox 2380 1142 2479 1213; x_wconf 81' lang='grc' dir='ltr'>τὴν</span> <span class='ocrx_word' id='word_1_171' title='bbox 2516 1145 2924 1213; x_wconf 68' lang='grc' dir='ltr'>παρωκεανῖτιν</span> <span class='ocrx_word' id='word_1_172' title='bbox 2948 1143 3126 1213; x_wconf 77' lang='grc' dir='ltr'>ἀκτὴν</span> <span class='ocrx_word' id='word_1_173' title='bbox 3157 1145 3203 1210; x_wconf 78' lang='grc'>⁸,</span> <span class='ocrx_word' id='word_1_174' title='bbox 3238 1143 3340 1214; x_wconf 78' lang='grc' dir='ltr'>τὴν</span> <span class='ocrx_word' id='word_1_175' title='bbox 3366 1143 3422 1197; x_wconf 85' lang='grc' dir='ltr'><strong>δέ</strong></span> <span class='ocrx_word' id='word_1_176' title='bbox 3444 1142 3632 1215; x_wconf 85' lang='grc' dir='ltr'>χώραν</span> <span class='ocrx_word' id='word_1_177' title='bbox 3655 1146 3705 1174; x_wconf 68' lang='grc'><strong>⁸⁸</strong></span> 
     </span>
    </p>
   </div>
   <div class='ocr_carea' id='block_1_29' title="bbox 2115 1234 3700 1307">
    <p class='ocr_par' dir='ltr' id='par_1_29' title="bbox 2115 1234 3700 1307">
     <span class='ocr_line' id='line_1_29' title="bbox 2115 1234 3700 1307; baseline 0.001 -19"><span class='ocrx_word' id='word_1_178' title='bbox 2115 1234 2492 1288; x_wconf 78' lang='grc' dir='ltr'>ἀπολιπόντων</span> <span class='ocrx_word' id='word_1_179' title='bbox 2543 1234 2635 1288; x_wconf 81' lang='grc' dir='ltr'><strong>διά</strong></span> <span class='ocrx_word' id='word_1_180' title='bbox 2691 1235 2751 1288; x_wconf 75' lang='grc' dir='ltr'>τὸ</span> <span class='ocrx_word' id='word_1_181' title='bbox 2807 1236 2868 1300; x_wconf 86' lang='grc' dir='ltr'>ἐξ</span> <span class='ocrx_word' id='word_1_182' title='bbox 2933 1235 3250 1307; x_wconf 82' lang='grc' dir='ltr'>ἀναχύσεως</span> <span class='ocrx_word' id='word_1_183' title='bbox 3304 1235 3400 1289; x_wconf 81' lang='grc' dir='ltr'><strong>τοῦ</strong></span> <span class='ocrx_word' id='word_1_184' title='bbox 3451 1235 3700 1290; x_wconf 83' lang='grc' dir='ltr'>ὠκεανοῦ</span> 
     </span>
    </p>
   </div>
   <div class='ocr_carea' id='block_1_30' title="bbox 2115 1327 3705 1400">
    <p class='ocr_par' dir='ltr' id='par_1_30' title="bbox 2115 1327 3705 1400">
     <span class='ocr_line' id='line_1_30' title="bbox 2115 1327 3705 1400; baseline 0.002 -19"><span class='ocrx_word' id='word_1_185' title='bbox 2115 1327 2414 1398; x_wconf 76' lang='grc' dir='ltr'>ὁμιχλῶδες</span> <span class='ocrx_word' id='word_1_186' title='bbox 2441 1327 2756 1398; x_wconf 78' lang='grc' dir='ltr'>γενόμενον,</span> <span class='ocrx_word' id='word_1_187' title='bbox 2783 1328 2880 1381; x_wconf 76' lang='grc' dir='ltr'>καὶ</span> <span class='ocrx_word' id='word_1_188' title='bbox 2907 1328 3134 1400; x_wconf 81' lang='grc' dir='ltr'>γρυπῶν</span> <span class='ocrx_word' id='word_1_189' title='bbox 3172 1329 3230 1382; x_wconf 82' lang='grc' dir='ltr'><strong>δέ</strong></span> <span class='ocrx_word' id='word_1_190' title='bbox 3261 1329 3464 1398; x_wconf 81' lang='grc' dir='ltr'>πλῆθος</span> <span class='ocrx_word' id='word_1_191' title='bbox 3486 1330 3705 1398; x_wconf 88' lang='grc' dir='ltr'>ἀναφα-</span> 
     </span>
    </p>
   </div>
   <div class='ocr_carea' id='block_1_31' title="bbox 2115 1412 3704 1490">
    <p class='ocr_par' dir='ltr' id='par_1_31' title="bbox 2115 1412 3704 1490">
     <span class='ocr_line' id='line_1_31' title="bbox 2115 1412 3704 1490; baseline 0.002 -22"><span class='ocrx_word' id='word_1_192' title='bbox 2115 1416 2226 1469; x_wconf 77' lang='grc' dir='ltr'><strong>νένο</strong></span> <span class='ocrx_word' id='word_1_193' title='bbox 2258 1417 2395 1487; x_wconf 83' lang='grc' dir='ltr'>ὅπερ</span> <span class='ocrx_word' id='word_1_194' title='bbox 2421 1412 2490 1486; x_wconf 79' lang='grc' dir='ltr'>ἦν</span> <span class='ocrx_word' id='word_1_195' title='bbox 2509 1416 2667 1485; x_wconf 92' lang='grc' dir='ltr'>λόγος</span> <span class='ocrx_word' id='word_1_196' title='bbox 2700 1419 2776 1488; x_wconf 84' lang='grc' dir='ltr'>μὴ</span> <span class='ocrx_word' id='word_1_197' title='bbox 2808 1420 3074 1490; x_wconf 87' lang='grc' dir='ltr'>πρότερον</span> <span class='ocrx_word' id='word_1_198' title='bbox 3115 1419 3448 1485; x_wconf 80' lang='grc' dir='ltr'>παύσασθαι,</span> <span class='ocrx_word' id='word_1_199' title='bbox 3494 1420 3624 1488; x_wconf 76' lang='grc' dir='ltr'>πρὶν</span> <span class='ocrx_word' id='word_1_200' title='bbox 3662 1421 3704 1488; x_wconf 74' lang='grc' dir='ltr'><strong>ἢ</strong></span> 
     </span>
    </p>
   </div>
   <div class='ocr_carea' id='block_1_32' title="bbox 2118 1508 3704 1582">
    <p class='ocr_par' dir='ltr' id='par_1_32' title="bbox 2118 1508 3704 1582">
     <span class='ocr_line' id='line_1_32' title="bbox 2118 1508 3704 1582; baseline 0.003 -22"><span class='ocrx_word' id='word_1_201' title='bbox 2118 1508 2286 1580; x_wconf 79' lang='grc' dir='ltr'>βοράν</span> <span class='ocrx_word' id='word_1_202' title='bbox 2325 1509 2742 1580; x_wconf 84' lang='grc' dir='ltr'>ποιήσασθαιτὸ</span> <span class='ocrx_word' id='word_1_203' title='bbox 2777 1510 2886 1562; x_wconf 87' lang='grc' dir='ltr'><strong>τῶν</strong></span> <span class='ocrx_word' id='word_1_204' title='bbox 2926 1509 3232 1582; x_wconf 86' lang='grc' dir='ltr'>ἀνθρώπων</span> <span class='ocrx_word' id='word_1_205' title='bbox 3273 1510 3464 1580; x_wconf 82' lang='grc' dir='ltr'>γένος·</span> <span class='ocrx_word' id='word_1_206' title='bbox 3510 1512 3591 1564; x_wconf 86' lang='grc' dir='ltr'>διὸ</span> <span class='ocrx_word' id='word_1_207' title='bbox 3633 1511 3704 1580; x_wconf 78' lang='grc' dir='ltr'>δὴ</span> 
     </span>
    </p>
   </div>
   <div class='ocr_carea' id='block_1_33' title="bbox 2117 1599 3704 1672">
    <p class='ocr_par' dir='ltr' id='par_1_33' title="bbox 2117 1599 3704 1672">
     <span class='ocr_line' id='line_1_33' title="bbox 2117 1599 3704 1672; baseline 0.003 -20"><span class='ocrx_word' id='word_1_208' title='bbox 2117 1600 2222 1652; x_wconf 78' lang='grc' dir='ltr'><strong>ὑπὸ</strong></span> <span class='ocrx_word' id='word_1_209' title='bbox 2248 1599 2417 1653; x_wconf 89' lang='grc' dir='ltr'>τῶνδε</span> <span class='ocrx_word' id='word_1_210' title='bbox 2435 1601 2786 1670; x_wconf 79' lang='grc' dir='ltr'>ἐλαυνόμενοι</span> <span class='ocrx_word' id='word_1_211' title='bbox 2812 1601 2920 1654; x_wconf 88' lang='grc' dir='ltr'><strong>τῶν</strong></span> <span class='ocrx_word' id='word_1_212' title='bbox 2946 1602 3138 1656; x_wconf 84' lang='grc' dir='ltr'>δεινῶν</span> <span class='ocrx_word' id='word_1_213' title='bbox 3163 1605 3273 1666; x_wconf 87' lang='grc' dir='ltr'>τοῖς</span> <span class='ocrx_word' id='word_1_214' title='bbox 3299 1601 3704 1672; x_wconf 76' lang='grc' dir='ltr'>πλησιοχώροις</span> 
     </span>
    </p>
   </div>
   <div class='ocr_carea' id='block_1_34' title="bbox 2116 1692 3702 1764">
    <p class='ocr_par' dir='ltr' id='par_1_34' title="bbox 2116 1692 3702 1764">
     <span class='ocr_line' id='line_1_34' title="bbox 2116 1692 3702 1764; baseline 0.001 -20"><span class='ocrx_word' id='word_1_215' title='bbox 2116 1692 2394 1758; x_wconf 81' lang='grc' dir='ltr'>ἐνέϐαλον,</span> <span class='ocrx_word' id='word_1_216' title='bbox 2430 1696 2526 1747; x_wconf 79' lang='grc' dir='ltr'>καὶ</span> <span class='ocrx_word' id='word_1_217' title='bbox 2573 1693 2684 1747; x_wconf 81' lang='grc' dir='ltr'><strong>τῶν</strong></span> <span class='ocrx_word' id='word_1_218' title='bbox 2732 1694 3064 1747; x_wconf 83' lang='grc' dir='ltr'>ἐπιθεόντων</span> <span class='ocrx_word' id='word_1_219' title='bbox 3101 1694 3491 1764; x_wconf 83' lang='grc' dir='ltr'>δυνατωτέρων</span> <span class='ocrx_word' id='word_1_220' title='bbox 3528 1693 3702 1747; x_wconf 76' lang='grc' dir='ltr'>ὅντων</span> 
     </span>
    </p>
   </div>
   <div class='ocr_carea' id='block_1_35' title="bbox 433 1772 2014 1854">
    <p class='ocr_par' dir='ltr' id='par_1_35' title="bbox 433 1781 2014 1853">
     <span class='ocr_line' id='line_1_35' title="bbox 433 1781 2014 1853; baseline 0.001 -18"><span class='ocrx_word' id='word_1_221' title='bbox 433 1781 502 1835; x_wconf 82' lang='lat' dir='ltr'><strong>ad</strong></span> <span class='ocrx_word' id='word_1_222' title='bbox 563 1796 730 1838; x_wconf 89' lang='lat' dir='ltr'><strong>novas</strong></span> <span class='ocrx_word' id='word_1_223' title='bbox 785 1783 942 1838; x_wconf 87' lang='lat' dir='ltr'><strong>sedes</strong></span> <span class='ocrx_word' id='word_1_224' title='bbox 1003 1784 1324 1853; x_wconf 65' lang='lat' dir='ltr'><strong>quaerendas</strong></span> <span class='ocrx_word' id='word_1_225' title='bbox 1407 1785 1580 1839; x_wconf 86' lang='lat' dir='ltr'><strong>coorti</strong></span> <span class='ocrx_word' id='word_1_226' title='bbox 1661 1785 1728 1837; x_wconf 88' lang='lat' dir='ltr'><strong>ad</strong></span> <span class='ocrx_word' id='word_1_227' title='bbox 1793 1783 2014 1836; x_wconf 80' lang='grc' dir='ltr'>Πιιιιιιοε</span> 
     </span>
    </p>
   </div>
   <div class='ocr_carea' id='block_1_36' title="bbox 2118 1772 3705 1854">
    <p class='ocr_par' dir='ltr' id='par_1_36' title="bbox 2118 1781 3705 1854">
     <span class='ocr_line' id='line_1_36' title="bbox 2118 1781 3705 1854; baseline 0 -20"><span class='ocrx_word' id='word_1_228' title='bbox 2118 1783 2166 1834; x_wconf 85' lang='grc' dir='ltr'>οἱ</span> <span class='ocrx_word' id='word_1_229' title='bbox 2196 1782 2295 1854; x_wconf 79' lang='grc' dir='ltr'>τὴν</span> <span class='ocrx_word' id='word_1_230' title='bbox 2326 1781 2513 1852; x_wconf 81' lang='grc' dir='ltr'>ἔφοδον</span> <span class='ocrx_word' id='word_1_231' title='bbox 2536 1784 2635 1854; x_wconf 80' lang='grc' dir='ltr'>οὐχ</span> <span class='ocrx_word' id='word_1_232' title='bbox 2665 1785 3028 1854; x_wconf 70' lang='grc' dir='ltr'>ὑφιστάμενοι</span> <span class='ocrx_word' id='word_1_233' title='bbox 3061 1785 3470 1854; x_wconf 88' lang='grc' dir='ltr'>μετανίσταντο·</span> <span class='ocrx_word' id='word_1_234' title='bbox 3509 1783 3705 1854; x_wconf 83' lang='grc' dir='ltr'>ὥσπερ</span> 
     </span>
    </p>
   </div>
   <div class='ocr_carea' id='block_1_37' title="bbox 432 1875 2013 1948">
    <p class='ocr_par' dir='ltr' id='par_1_37' title="bbox 432 1875 2013 1948">
     <span class='ocr_line' id='line_1_37' title="bbox 432 1875 2013 1948; baseline -0.003 -17"><span class='ocrx_word' id='word_1_235' title='bbox 432 1877 706 1942; x_wconf 81' lang='lat' dir='ltr'><strong>Acatiros,</strong></span> <span class='ocrx_word' id='word_1_236' title='bbox 722 1886 1084 1948; x_wconf 89' lang='lat' dir='ltr'><strong>pervenerunt</strong></span> <span class='ocrx_word' id='word_1_237' title='bbox 1105 1888 1152 1932; x_wconf 86' lang='lat' dir='ltr'><strong>et</strong></span> <span class='ocrx_word' id='word_1_238' title='bbox 1178 1876 1358 1931; x_wconf 82' lang='lat' dir='ltr'><strong>multis</strong></span> <span class='ocrx_word' id='word_1_239' title='bbox 1376 1877 1576 1946; x_wconf 73' lang='lat' dir='ltr'><strong>przeliis</strong></span> <span class='ocrx_word' id='word_1_240' title='bbox 1603 1875 1770 1940; x_wconf 86' lang='lat' dir='ltr'><strong>initis,</strong></span> <span class='ocrx_word' id='word_1_241' title='bbox 1799 1883 2013 1946; x_wconf 86' lang='lat' dir='ltr'><strong>gentem</strong></span> 
     </span>
    </p>
   </div>
   <div class='ocr_carea' id='block_1_38' title="bbox 433 1964 2014 2035">
    <p class='ocr_par' dir='ltr' id='par_1_38' title="bbox 433 1964 2014 2035">
     <span class='ocr_line' id='line_1_38' title="bbox 433 1964 2014 2035; baseline -0.004 -11"><span class='ocrx_word' id='word_1_242' title='bbox 433 1968 773 2035; x_wconf 85' lang='lat' dir='ltr'><strong>devicerant,</strong></span> <span class='ocrx_word' id='word_1_243' title='bbox 806 1976 860 2024; x_wconf 89' lang='lat' dir='ltr'><strong>et</strong></span> <span class='ocrx_word' id='word_1_244' title='bbox 882 1967 1098 2024; x_wconf 87' lang='lat' dir='ltr'><strong>demum</strong></span> <span class='ocrx_word' id='word_1_245' title='bbox 1156 1967 1222 2022; x_wconf 88' lang='lat' dir='ltr'><strong>ad</strong></span> <span class='ocrx_word' id='word_1_246' title='bbox 1271 1966 1546 2022; x_wconf 84' lang='lat' dir='ltr'><strong>Romanos</strong></span> <span class='ocrx_word' id='word_1_247' title='bbox 1633 1964 2014 2021; x_wconf 65' lang='lat' dir='ltr'><strong>nanciscendaa</strong></span> 
     </span>
    </p>
   </div>
   <div class='ocr_carea' id='block_1_39' title="bbox 433 2056 2015 2130">
    <p class='ocr_par' dir='ltr' id='par_1_39' title="bbox 433 2056 2015 2130">
     <span class='ocr_line' id='line_1_39' title="bbox 433 2056 2015 2130; baseline -0.003 -16"><span class='ocrx_word' id='word_1_248' title='bbox 433 2073 622 2114; x_wconf 87' lang='lat' dir='ltr'><strong>eorum</strong></span> <span class='ocrx_word' id='word_1_249' title='bbox 689 2059 968 2116; x_wconf 85' lang='lat' dir='ltr'><strong>societatis</strong></span> <span class='ocrx_word' id='word_1_250' title='bbox 1018 2058 1197 2130; x_wconf 86' lang='lat' dir='ltr'><strong>cupidi</strong></span> <span class='ocrx_word' id='word_1_251' title='bbox 1257 2073 1317 2114; x_wconf 89' lang='lat' dir='ltr'><strong>se</strong></span> <span class='ocrx_word' id='word_1_252' title='bbox 1379 2056 1752 2114; x_wconf 86' lang='lat' dir='ltr'><strong>contulerunt.</strong></span> <span class='ocrx_word' id='word_1_253' title='bbox 1829 2057 2015 2126; x_wconf 81' lang='lat' dir='ltr'><strong>Itaque</strong></span> 
     </span>
    </p>
   </div>
   <div class='ocr_carea' id='block_1_40' title="bbox 434 2147 2013 2220">
    <p class='ocr_par' dir='ltr' id='par_1_40' title="bbox 434 2147 2013 2220">
     <span class='ocr_line' id='line_1_40' title="bbox 434 2147 2013 2220; baseline -0.002 -18"><span class='ocrx_word' id='word_1_254' title='bbox 434 2150 733 2220; x_wconf 88' lang='lat' dir='ltr'><strong>imperator</strong></span> <span class='ocrx_word' id='word_1_255' title='bbox 773 2149 979 2220; x_wconf 88' lang='lat' dir='ltr'><strong>legatos</strong></span> <span class='ocrx_word' id='word_1_256' title='bbox 1032 2149 1266 2220; x_wconf 90' lang='lat' dir='ltr'><strong>benigne</strong></span> <span class='ocrx_word' id='word_1_257' title='bbox 1327 2148 1562 2219; x_wconf 80' lang='lat' dir='ltr'><strong>excepit,</strong></span> <span class='ocrx_word' id='word_1_258' title='bbox 1600 2156 1654 2203; x_wconf 93' lang='lat' dir='ltr'><strong>et</strong></span> <span class='ocrx_word' id='word_1_259' title='bbox 1696 2147 2013 2200; x_wconf 88' lang='lat' dir='ltr'><strong>muneribus</strong></span> 
     </span>
    </p>
   </div>
   <div class='ocr_carea' id='block_1_41' title="bbox 435 2239 939 2296">
    <p class='ocr_par' dir='ltr' id='par_1_41' title="bbox 435 2239 939 2296">
     <span class='ocr_line' id='line_1_41' title="bbox 435 2239 939 2296; baseline 0 -2"><span class='ocrx_word' id='word_1_260' title='bbox 435 2239 662 2296; x_wconf 72' lang='lat' dir='ltr'><strong>allectos</strong></span> <span class='ocrx_word' id='word_1_261' title='bbox 712 2241 939 2296; x_wconf 89' lang='lat' dir='ltr'><strong>remisit.</strong></span> 
     </span>
    </p>
   </div>
   <div class='ocr_carea' id='block_1_42' title="bbox 500 2507 2015 2582">
    <p class='ocr_par' dir='ltr' id='par_1_42' title="bbox 500 2507 2015 2582">
     <span class='ocr_line' id='line_1_42' title="bbox 500 2507 2015 2582; baseline -0.003 -15"><span class='ocrx_word' id='word_1_262' title='bbox 500 2511 590 2567; x_wconf 78' lang='grc'>15.</span> <span class='ocrx_word' id='word_1_263' title='bbox 648 2510 735 2582; x_wconf 81' lang='grc' dir='ltr'>(Δ.</span> <span class='ocrx_word' id='word_1_264' title='bbox 771 2510 833 2567; x_wconf 88' lang='lat' dir='ltr'><strong>C.</strong></span> <span class='ocrx_word' id='word_1_265' title='bbox 879 2507 1146 2567; x_wconf 64' lang='lat' dir='ltr'><strong>465.1ud.</strong></span> <span class='ocrx_word' id='word_1_266' title='bbox 1175 2511 1230 2566; x_wconf 79' lang='grc'>3.</span> <span class='ocrx_word' id='word_1_267' title='bbox 1259 2509 1426 2565; x_wconf 84' lang='lat' dir='ltr'><strong>Leon.</strong></span> <span class='ocrx_word' id='word_1_268' title='bbox 1475 2509 1553 2579; x_wconf 85' lang='lat'><strong>9.)</strong></span> <span class='ocrx_word' id='word_1_269' title='bbox 1620 2510 1752 2564; x_wconf 86' lang='lat' dir='ltr'><strong>Dum</strong></span> <span class='ocrx_word' id='word_1_270' title='bbox 1827 2519 2015 2578; x_wconf 85' lang='lat' dir='ltr'><strong>gentes</strong></span> 
     </span>
    </p>
   </div>
   <div class='ocr_carea' id='block_1_43' title="bbox 428 2599 2012 2674">
    <p class='ocr_par' dir='ltr' id='par_1_43' title="bbox 428 2599 2012 2674">
     <span class='ocr_line' id='line_1_43' title="bbox 428 2599 2012 2674; baseline -0.006 -13"><span class='ocrx_word' id='word_1_271' title='bbox 428 2605 604 2674; x_wconf 83' lang='lat' dir='ltr'><strong>patria</strong></span> <span class='ocrx_word' id='word_1_272' title='bbox 638 2602 876 2674; x_wconf 72' lang='lat' dir='ltr'><strong>profugae</strong></span> <span class='ocrx_word' id='word_1_273' title='bbox 917 2617 1042 2658; x_wconf 90' lang='lat' dir='ltr'><strong>cum</strong></span> <span class='ocrx_word' id='word_1_274' title='bbox 1075 2599 1340 2657; x_wconf 80' lang='lat' dir='ltr'><strong>Romanis</strong></span> <span class='ocrx_word' id='word_1_275' title='bbox 1386 2603 1438 2656; x_wconf 89' lang='lat' dir='ltr'><strong>in</strong></span> <span class='ocrx_word' id='word_1_276' title='bbox 1477 2601 1700 2657; x_wconf 87' lang='lat' dir='ltr'><strong>Oriente</strong></span> <span class='ocrx_word' id='word_1_277' title='bbox 1727 2602 2012 2666; x_wconf 80' lang='lat' dir='ltr'><strong>dissident,</strong></span> 
     </span>
    </p>
   </div>
   <div class='ocr_carea' id='block_1_44' title="bbox 431 2691 2015 2768">
    <p class='ocr_par' dir='ltr' id='par_1_44' title="bbox 431 2691 2015 2768">
     <span class='ocr_line' id='line_1_44' title="bbox 431 2691 2015 2768; baseline -0.004 -16"><span class='ocrx_word' id='word_1_278' title='bbox 431 2697 631 2768; x_wconf 86' lang='lat' dir='ltr'><strong>legatio</strong></span> <span class='ocrx_word' id='word_1_279' title='bbox 659 2697 729 2752; x_wconf 90' lang='lat' dir='ltr'><strong>ab</strong></span> <span class='ocrx_word' id='word_1_280' title='bbox 787 2695 938 2752; x_wconf 83' lang='lat' dir='ltr'><strong>italis</strong></span> <span class='ocrx_word' id='word_1_281' title='bbox 982 2694 1218 2760; x_wconf 80' lang='lat' dir='ltr'><strong>advenit,</strong></span> <span class='ocrx_word' id='word_1_282' title='bbox 1273 2707 1392 2763; x_wconf 67' lang='lat' dir='ltr'><strong>quae</strong></span> <span class='ocrx_word' id='word_1_283' title='bbox 1419 2694 1640 2748; x_wconf 88' lang='lat' dir='ltr'><strong>doceret</strong></span> <span class='ocrx_word' id='word_1_284' title='bbox 1699 2707 1795 2748; x_wconf 92' lang='lat' dir='ltr'><strong>res</strong></span> <span class='ocrx_word' id='word_1_285' title='bbox 1853 2691 2015 2746; x_wconf 82' lang='lat' dir='ltr'><strong>Italas</strong></span> 
     </span>
    </p>
   </div>
   <div class='ocr_carea' id='block_1_45' title="bbox 429 2786 2010 2860">
    <p class='ocr_par' dir='ltr' id='par_1_45' title="bbox 429 2786 2010 2860">
     <span class='ocr_line' id='line_1_45' title="bbox 429 2786 2010 2860; baseline -0.003 -15"><span class='ocrx_word' id='word_1_286' title='bbox 429 2800 576 2846; x_wconf 84' lang='lat' dir='ltr'><strong>stare</strong></span> <span class='ocrx_word' id='word_1_287' title='bbox 609 2803 715 2845; x_wconf 91' lang='lat' dir='ltr'><strong>non</strong></span> <span class='ocrx_word' id='word_1_288' title='bbox 745 2803 930 2860; x_wconf 86' lang='lat' dir='ltr'><strong>posse,</strong></span> <span class='ocrx_word' id='word_1_289' title='bbox 976 2787 1080 2843; x_wconf 86' lang='lat' dir='ltr'><strong>nisi</strong></span> <span class='ocrx_word' id='word_1_290' title='bbox 1111 2786 1214 2842; x_wconf 85' lang='lat' dir='ltr'><strong>sibi</strong></span> <span class='ocrx_word' id='word_1_291' title='bbox 1246 2786 1520 2841; x_wconf 81' lang='lat' dir='ltr'><strong>Vandalos</strong></span> <span class='ocrx_word' id='word_1_292' title='bbox 1572 2786 2010 2841; x_wconf 85' lang='lat' dir='ltr'><strong>reconciliarent.</strong></span> 
     </span>
    </p>
   </div>
   <div class='ocr_carea' id='block_1_46' title="bbox 429 2878 2016 2951">
    <p class='ocr_par' dir='ltr' id='par_1_46' title="bbox 429 2878 2016 2951">
     <span class='ocr_line' id='line_1_46' title="bbox 429 2878 2016 2951; baseline -0.001 -15"><span class='ocrx_word' id='word_1_293' title='bbox 429 2882 590 2938; x_wconf 79' lang='lat' dir='ltr'><strong>Venit</strong></span> <span class='ocrx_word' id='word_1_294' title='bbox 633 2891 688 2937; x_wconf 81' lang='lat' dir='ltr'><strong>et</strong></span> <span class='ocrx_word' id='word_1_295' title='bbox 727 2881 926 2951; x_wconf 85' lang='lat' dir='ltr'><strong>legatio</strong></span> <span class='ocrx_word' id='word_1_296' title='bbox 962 2892 992 2935; x_wconf 83' lang='lat' dir='ltr'><strong>a</strong></span> <span class='ocrx_word' id='word_1_297' title='bbox 1031 2879 1322 2935; x_wconf 85' lang='lat' dir='ltr'><strong>Persarum</strong></span> <span class='ocrx_word' id='word_1_298' title='bbox 1367 2893 1513 2950; x_wconf 89' lang='lat' dir='ltr'><strong>rege,</strong></span> <span class='ocrx_word' id='word_1_299' title='bbox 1567 2893 1688 2948; x_wconf 70' lang='lat' dir='ltr'><strong>qum</strong></span> <span class='ocrx_word' id='word_1_300' title='bbox 1739 2878 1936 2934; x_wconf 91' lang='lat' dir='ltr'><strong>multos</strong></span> <span class='ocrx_word' id='word_1_301' title='bbox 1985 2893 2016 2934; x_wconf 93' lang='lat' dir='ltr'><strong>e</strong></span> 
     </span>
    </p>
   </div>
   <div class='ocr_carea' id='block_1_47' title="bbox 427 2969 2013 3042">
    <p class='ocr_par' dir='ltr' id='par_1_47' title="bbox 427 2969 2013 3042">
     <span class='ocr_line' id='line_1_47' title="bbox 427 2969 2013 3042; baseline -0.003 -12"><span class='ocrx_word' id='word_1_302' title='bbox 427 2973 651 3032; x_wconf 84' lang='lat' dir='ltr'><strong>Perside</strong></span> <span class='ocrx_word' id='word_1_303' title='bbox 675 2974 743 3029; x_wconf 89' lang='lat' dir='ltr'><strong>ad</strong></span> <span class='ocrx_word' id='word_1_304' title='bbox 783 2973 1055 3028; x_wconf 77' lang='lat' dir='ltr'><strong>Romanos</strong></span> <span class='ocrx_word' id='word_1_305' title='bbox 1083 2971 1378 3042; x_wconf 78' lang='lat' dir='ltr'><strong>confugere</strong></span> <span class='ocrx_word' id='word_1_306' title='bbox 1405 2972 1752 3042; x_wconf 89' lang='lat' dir='ltr'><strong>querebatur,</strong></span> <span class='ocrx_word' id='word_1_307' title='bbox 1781 2979 1836 3025; x_wconf 92' lang='lat' dir='ltr'><strong>et</strong></span> <span class='ocrx_word' id='word_1_308' title='bbox 1867 2969 2013 3040; x_wconf 90' lang='lat' dir='ltr'><strong>quod</strong></span> 
     </span>
    </p>
   </div>
   <div class='ocr_carea' id='block_1_48' title="bbox 2116 1873 3696 1946">
    <p class='ocr_par' dir='ltr' id='par_1_48' title="bbox 2116 1873 3696 1946">
     <span class='ocr_line' id='line_1_48' title="bbox 2116 1873 3696 1946; baseline -0.002 -18"><span class='ocrx_word' id='word_1_309' title='bbox 2116 1875 2212 1929; x_wconf 75' lang='grc' dir='ltr'>καὶ</span> <span class='ocrx_word' id='word_1_310' title='bbox 2261 1875 2310 1927; x_wconf 81' lang='grc' dir='ltr'>οἱ</span> <span class='ocrx_word' id='word_1_311' title='bbox 2370 1875 2715 1946; x_wconf 85' lang='grc' dir='ltr'>Σαράγουροι</span> <span class='ocrx_word' id='word_1_312' title='bbox 2771 1875 3058 1938; x_wconf 83' lang='grc' dir='ltr'>ἐλαθέντες</span> <span class='ocrx_word' id='word_1_313' title='bbox 3106 1876 3250 1928; x_wconf 68' lang='grc' dir='ltr'>κατὰ</span> <span class='ocrx_word' id='word_1_314' title='bbox 3301 1873 3532 1945; x_wconf 81' lang='grc' dir='ltr'>ζήτησιν</span> <span class='ocrx_word' id='word_1_315' title='bbox 3589 1875 3696 1942; x_wconf 83' lang='grc' dir='ltr'>γῆς</span> 
     </span>
    </p>
   </div>
   <div class='ocr_carea' id='block_1_49' title="bbox 2116 1966 3693 2037">
    <p class='ocr_par' dir='ltr' id='par_1_49' title="bbox 2116 1966 3693 2037">
     <span class='ocr_line' id='line_1_49' title="bbox 2116 1966 3693 2037; baseline -0.003 -16"><span class='ocrx_word' id='word_1_316' title='bbox 2116 1968 2252 2035; x_wconf 73' lang='grc' dir='ltr'>πρὸς</span> <span class='ocrx_word' id='word_1_317' title='bbox 2285 1969 2396 2030; x_wconf 86' lang='grc' dir='ltr'>τοῖς</span> <span class='ocrx_word' id='word_1_318' title='bbox 2454 1969 2766 2037; x_wconf 83' lang='grc' dir='ltr'>’Δκατίροις</span> <span class='ocrx_word' id='word_1_319' title='bbox 2813 1967 3038 2031; x_wconf 76' lang='grc' dir='ltr'>Οὗννοις</span> <span class='ocrx_word' id='word_1_320' title='bbox 3065 1967 3332 2035; x_wconf 86' lang='grc' dir='ltr'>ἐγένοντο,</span> <span class='ocrx_word' id='word_1_321' title='bbox 3381 1967 3474 2020; x_wconf 77' lang='grc' dir='ltr'><strong>καὶ</strong></span> <span class='ocrx_word' id='word_1_322' title='bbox 3515 1966 3693 2036; x_wconf 83' lang='grc' dir='ltr'>μάχας</span> 
     </span>
    </p>
   </div>
   <div class='ocr_carea' id='block_1_50' title="bbox 2115 2057 3700 2132">
    <p class='ocr_par' dir='ltr' id='par_1_50' title="bbox 2115 2057 3700 2132">
     <span class='ocr_line' id='line_1_50' title="bbox 2115 2057 3700 2132; baseline -0.003 -19"><span class='ocrx_word' id='word_1_323' title='bbox 2115 2061 2252 2132; x_wconf 83' lang='grc' dir='ltr'>πρὸς</span> <span class='ocrx_word' id='word_1_324' title='bbox 2310 2060 2552 2122; x_wconf 89' lang='grc' dir='ltr'>ἐκείνους</span> <span class='ocrx_word' id='word_1_325' title='bbox 2597 2059 2802 2121; x_wconf 72' lang='grc' dir='ltr'>πολλὰς</span> <span class='ocrx_word' id='word_1_326' title='bbox 2861 2060 3264 2130; x_wconf 79' lang='grc' dir='ltr'>συστησάμενοι</span> <span class='ocrx_word' id='word_1_327' title='bbox 3314 2059 3381 2111; x_wconf 87' lang='grc' dir='ltr'><strong>τό</strong></span> <span class='ocrx_word' id='word_1_328' title='bbox 3431 2075 3492 2110; x_wconf 87' lang='grc' dir='ltr'><strong>τε</strong></span> <span class='ocrx_word' id='word_1_329' title='bbox 3532 2057 3700 2126; x_wconf 83' lang='grc' dir='ltr'>φῦλον</span> 
     </span>
    </p>
   </div>
   <div class='ocr_carea' id='block_1_51' title="bbox 2115 2149 3701 2222">
    <p class='ocr_par' dir='ltr' id='par_1_51' title="bbox 2115 2149 3701 2222">
     <span class='ocr_line' id='line_1_51' title="bbox 2115 2149 3701 2222; baseline -0.004 -18"><span class='ocrx_word' id='word_1_330' title='bbox 2115 2152 2566 2222; x_wconf 83' lang='grc' dir='ltr'>κατηγωνίσαντο</span> <span class='ocrx_word' id='word_1_331' title='bbox 2607 2153 2700 2204; x_wconf 76' lang='grc' dir='ltr'>καὶ</span> <span class='ocrx_word' id='word_1_332' title='bbox 2748 2151 2885 2222; x_wconf 81' lang='grc' dir='ltr'>πρὸς</span> <span class='ocrx_word' id='word_1_333' title='bbox 2953 2149 3256 2220; x_wconf 81' lang='grc' dir='ltr'>Ῥωμαίους</span> <span class='ocrx_word' id='word_1_334' title='bbox 3294 2149 3572 2219; x_wconf 83' lang='grc' dir='ltr'>ἀφίκοντο,</span> <span class='ocrx_word' id='word_1_335' title='bbox 3602 2165 3701 2199; x_wconf 85' lang='grc' dir='ltr'>τυ-</span> 
     </span>
    </p>
   </div>
   <div class='ocr_carea' id='block_1_52' title="bbox 2113 2238 3703 2313">
    <p class='ocr_par' dir='ltr' id='par_1_52' title="bbox 2113 2238 3703 2313">
     <span class='ocr_line' id='line_1_52' title="bbox 2113 2238 3703 2313; baseline -0.002 -20"><span class='ocrx_word' id='word_1_336' title='bbox 2113 2247 2229 2313; x_wconf 78' lang='grc' dir='ltr'>χεῖν</span> <span class='ocrx_word' id='word_1_337' title='bbox 2261 2243 2360 2312; x_wconf 78' lang='grc' dir='ltr'>τῆς</span> <span class='ocrx_word' id='word_1_338' title='bbox 2391 2242 2573 2296; x_wconf 77' lang='grc' dir='ltr'>αὐτῶν</span> <span class='ocrx_word' id='word_1_339' title='bbox 2597 2242 2912 2312; x_wconf 85' lang='grc' dir='ltr'>βουλόμενοι</span> <span class='ocrx_word' id='word_1_340' title='bbox 2939 2241 3399 2312; x_wconf 82' lang='grc' dir='ltr'>ἐπιτηδειότητος.</span> <span class='ocrx_word' id='word_1_341' title='bbox 3435 2238 3703 2299; x_wconf 77' lang='grc' dir='ltr'>Βασιλεὺς</span> 
     </span>
    </p>
   </div>
   <div class='ocr_carea' id='block_1_53' title="bbox 2114 2330 3706 2406">
    <p class='ocr_par' dir='ltr' id='par_1_53' title="bbox 2114 2330 3706 2406">
     <span class='ocr_line' id='line_1_53' title="bbox 2114 2330 3706 2406; baseline 0.001 -20"><span class='ocrx_word' id='word_1_342' title='bbox 2114 2331 2207 2387; x_wconf 72' lang='grc' dir='ltr'><strong>οὖν</strong></span> <span class='ocrx_word' id='word_1_343' title='bbox 2239 2335 2333 2388; x_wconf 75' lang='grc' dir='ltr'>καὶ</span> <span class='ocrx_word' id='word_1_344' title='bbox 2357 2335 2407 2386; x_wconf 80' lang='grc' dir='ltr'>οἱ</span> <span class='ocrx_word' id='word_1_345' title='bbox 2439 2333 2575 2404; x_wconf 83' lang='grc' dir='ltr'>ἀμφ’</span> <span class='ocrx_word' id='word_1_346' title='bbox 2629 2333 2794 2387; x_wconf 83' lang='grc' dir='ltr'>αὐτὸν</span> <span class='ocrx_word' id='word_1_347' title='bbox 2841 2333 3374 2406; x_wconf 67' lang='grc' dir='ltr'>φιλοφρονησάμενοι</span> <span class='ocrx_word' id='word_1_348' title='bbox 3413 2333 3505 2386; x_wconf 73' lang='grc' dir='ltr'>καὶ</span> <span class='ocrx_word' id='word_1_349' title='bbox 3547 2330 3706 2402; x_wconf 81' lang='grc' dir='ltr'>δῶρα</span> 
     </span>
    </p>
   </div>
   <div class='ocr_carea' id='block_1_54' title="bbox 2113 2425 2900 2495">
    <p class='ocr_par' dir='ltr' id='par_1_54' title="bbox 2113 2425 2900 2495">
     <span class='ocr_line' id='line_1_54' title="bbox 2113 2425 2900 2495; baseline 0.003 -18"><span class='ocrx_word' id='word_1_350' title='bbox 2113 2425 2293 2489; x_wconf 85' lang='grc' dir='ltr'>δόντες</span> <span class='ocrx_word' id='word_1_351' title='bbox 2314 2425 2512 2490; x_wconf 78' lang='grc' dir='ltr'>αὐτοὺς</span> <span class='ocrx_word' id='word_1_352' title='bbox 2544 2425 2900 2495; x_wconf 76' lang='grc' dir='ltr'>ἀπέπεμψαν.</span> 
     </span>
    </p>
   </div>
   <div class='ocr_carea' id='block_1_55' title="bbox 2190 2514 3706 2586">
    <p class='ocr_par' dir='ltr' id='par_1_55' title="bbox 2190 2514 3706 2586">
     <span class='ocr_line' id='line_1_55' title="bbox 2190 2514 3706 2586; baseline -0.001 -18"><span class='ocrx_word' id='word_1_353' title='bbox 2190 2515 2269 2571; x_wconf 84' lang='grc' dir='ltr'>ιε’.</span> <span class='ocrx_word' id='word_1_354' title='bbox 2314 2517 2440 2570; x_wconf 85' lang='grc' dir='ltr'>Ὅτι</span> <span class='ocrx_word' id='word_1_355' title='bbox 2468 2516 2880 2570; x_wconf 86' lang='grc' dir='ltr'>στασιασάντων</span> <span class='ocrx_word' id='word_1_356' title='bbox 2909 2514 3020 2570; x_wconf 79' lang='grc' dir='ltr'><strong>τῶν</strong></span> <span class='ocrx_word' id='word_1_357' title='bbox 3066 2516 3322 2586; x_wconf 89' lang='grc' dir='ltr'>φυγάδων</span> <span class='ocrx_word' id='word_1_358' title='bbox 3356 2514 3527 2569; x_wconf 87' lang='grc' dir='ltr'>ἐθνῶν</span> <span class='ocrx_word' id='word_1_359' title='bbox 3557 2515 3706 2568; x_wconf 80' lang='grc' dir='ltr'>κατᾶ</span> 
     </span>
    </p>
   </div>
   <div class='ocr_carea' id='block_1_56' title="bbox 2113 2605 3709 2678">
    <p class='ocr_par' dir='ltr' id='par_1_56' title="bbox 2113 2605 3709 2678">
     <span class='ocr_line' id='line_1_56' title="bbox 2113 2605 3709 2678; baseline -0.003 -17"><span class='ocrx_word' id='word_1_360' title='bbox 2113 2609 2238 2670; x_wconf 73' lang='grc' dir='ltr'>τοὺς</span> <span class='ocrx_word' id='word_1_361' title='bbox 2281 2606 2422 2660; x_wconf 77' lang='grc' dir='ltr'>κατὰ</span> <span class='ocrx_word' id='word_1_362' title='bbox 2468 2607 2564 2678; x_wconf 83' lang='grc' dir='ltr'>τὴν</span> <span class='ocrx_word' id='word_1_363' title='bbox 2601 2605 2719 2659; x_wconf 83' lang='grc' dir='ltr'>Ἕω</span> <span class='ocrx_word' id='word_1_364' title='bbox 2767 2606 3100 2674; x_wconf 85' lang='grc' dir='ltr'>Ῥωμαίους,</span> <span class='ocrx_word' id='word_1_365' title='bbox 3135 2606 3289 2676; x_wconf 78' lang='grc' dir='ltr'>παρὰ</span> <span class='ocrx_word' id='word_1_366' title='bbox 3327 2605 3437 2658; x_wconf 85' lang='grc' dir='ltr'><strong>τῶν</strong></span> <span class='ocrx_word' id='word_1_367' title='bbox 3480 2605 3709 2658; x_wconf 76' lang='grc' dir='ltr'>Ἰταλῶν</span> 
     </span>
    </p>
   </div>
   <div class='ocr_carea' id='block_1_57' title="bbox 2115 2696 3706 2771">
    <p class='ocr_par' dir='ltr' id='par_1_57' title="bbox 2115 2696 3706 2771">
     <span class='ocr_line' id='line_1_57' title="bbox 2115 2696 3706 2771; baseline -0.002 -20"><span class='ocrx_word' id='word_1_368' title='bbox 2115 2697 2382 2771; x_wconf 82' lang='grc' dir='ltr'>πρεσϐεία</span> <span class='ocrx_word' id='word_1_369' title='bbox 2414 2698 2643 2768; x_wconf 79' lang='grc' dir='ltr'>ἀφίκετο</span> <span class='ocrx_word' id='word_1_370' title='bbox 2674 2696 2933 2763; x_wconf 80' lang='grc' dir='ltr'>λέγουσα,</span> <span class='ocrx_word' id='word_1_371' title='bbox 2958 2698 3035 2760; x_wconf 86' lang='grc' dir='ltr'><strong>ὡς</strong></span> <span class='ocrx_word' id='word_1_372' title='bbox 3067 2697 3167 2768; x_wconf 80' lang='grc' dir='ltr'>οὐχ</span> <span class='ocrx_word' id='word_1_373' title='bbox 3200 2698 3624 2768; x_wconf 81' lang='grc' dir='ltr'>ὑποστήσονται,</span> <span class='ocrx_word' id='word_1_374' title='bbox 3653 2697 3706 2748; x_wconf 77' lang='grc' dir='ltr'>εξ</span> 
     </span>
    </p>
   </div>
   <div class='ocr_carea' id='block_1_58' title="bbox 2120 2787 3711 2860">
    <p class='ocr_par' dir='ltr' id='par_1_58' title="bbox 2120 2787 3711 2860">
     <span class='ocr_line' id='line_1_58' title="bbox 2120 2787 3711 2860; baseline -0.001 -18"><span class='ocrx_word' id='word_1_375' title='bbox 2120 2791 2194 2860; x_wconf 88' lang='grc' dir='ltr'>μή</span> <span class='ocrx_word' id='word_1_376' title='bbox 2226 2789 2290 2857; x_wconf 77' lang='grc' dir='ltr'><strong>γέ</strong></span> <span class='ocrx_word' id='word_1_377' title='bbox 2318 2806 2469 2858; x_wconf 86' lang='grc' dir='ltr'>σφισι</span> <span class='ocrx_word' id='word_1_378' title='bbox 2507 2789 2636 2852; x_wconf 77' lang='grc' dir='ltr'>τοὺς</span> <span class='ocrx_word' id='word_1_379' title='bbox 2691 2788 3005 2858; x_wconf 79' lang='grc' dir='ltr'>Βανδήλους</span> <span class='ocrx_word' id='word_1_380' title='bbox 3043 2787 3400 2852; x_wconf 79' lang='grc' dir='ltr'>διαλλάξοιεν.</span> <span class='ocrx_word' id='word_1_381' title='bbox 3449 2787 3711 2856; x_wconf 80' lang='grc' dir='ltr'>’Δφίκετο</span> 
     </span>
    </p>
   </div>
   <div class='ocr_carea' id='block_1_59' title="bbox 2115 2879 3705 2952">
    <p class='ocr_par' dir='ltr' id='par_1_59' title="bbox 2115 2879 3705 2952">
     <span class='ocr_line' id='line_1_59' title="bbox 2115 2879 3705 2952; baseline -0.003 -17"><span class='ocrx_word' id='word_1_382' title='bbox 2115 2882 2173 2936; x_wconf 86' lang='grc' dir='ltr'><strong>δέ</strong></span> <span class='ocrx_word' id='word_1_383' title='bbox 2211 2883 2306 2936; x_wconf 69' lang='grc' dir='ltr'>καὶ</span> <span class='ocrx_word' id='word_1_384' title='bbox 2343 2882 2495 2952; x_wconf 67' lang='grc' dir='ltr'>παρὰ</span> <span class='ocrx_word' id='word_1_385' title='bbox 2539 2879 2634 2934; x_wconf 80' lang='grc' dir='ltr'><strong>τοῦ</strong></span> <span class='ocrx_word' id='word_1_386' title='bbox 2688 2881 2918 2952; x_wconf 83' lang='grc' dir='ltr'>Περσῶν</span> <span class='ocrx_word' id='word_1_387' title='bbox 2983 2882 3254 2952; x_wconf 83' lang='grc' dir='ltr'>μονάρχου</span> <span class='ocrx_word' id='word_1_388' title='bbox 3279 2919 3298 2944; x_wconf 90' lang='grc'><strong>,</strong></span> <span class='ocrx_word' id='word_1_389' title='bbox 3327 2880 3438 2932; x_wconf 84' lang='grc' dir='ltr'><strong>τῶν</strong></span> <span class='ocrx_word' id='word_1_390' title='bbox 3474 2897 3534 2931; x_wconf 82' lang='grc' dir='ltr'><strong>τε</strong></span> <span class='ocrx_word' id='word_1_391' title='bbox 3568 2881 3705 2950; x_wconf 80' lang='grc' dir='ltr'>παρ’</span> 
     </span>
    </p>
   </div>
   <div class='ocr_carea' id='block_1_60' title="bbox 2117 2971 3705 3042">
    <p class='ocr_par' dir='ltr' id='par_1_60' title="bbox 2117 2971 3705 3042">
     <span class='ocr_line' id='line_1_60' title="bbox 2117 2971 3705 3042; baseline -0.001 -14"><span class='ocrx_word' id='word_1_392' title='bbox 2117 2976 2314 3038; x_wconf 75' lang='grc' dir='ltr'>αὐτοὺς</span> <span class='ocrx_word' id='word_1_393' title='bbox 2367 2972 2826 3042; x_wconf 79' lang='grc' dir='ltr'>καταφευγόντων</span> <span class='ocrx_word' id='word_1_394' title='bbox 2889 2974 2956 3026; x_wconf 80' lang='grc' dir='ltr'><strong>ἐκ</strong></span> <span class='ocrx_word' id='word_1_395' title='bbox 3033 2971 3130 3026; x_wconf 78' lang='grc' dir='ltr'><strong>τοῦ</strong></span> <span class='ocrx_word' id='word_1_396' title='bbox 3192 2973 3455 3042; x_wconf 82' lang='grc' dir='ltr'>σφετέρου</span> <span class='ocrx_word' id='word_1_397' title='bbox 3511 2971 3705 3026; x_wconf 72' lang='grc' dir='ltr'>ἔθνους</span> 
     </span>
    </p>
   </div>
   <div class='ocr_carea' id='block_1_61' title="bbox 428 3061 2014 3162">
    <p class='ocr_par' dir='ltr' id='par_1_61' title="bbox 428 3063 2014 3135">
     <span class='ocr_line' id='line_1_61' title="bbox 428 3063 2014 3135; baseline -0.002 -13"><span class='ocrx_word' id='word_1_398' title='bbox 428 3066 656 3123; x_wconf 78' lang='lat' dir='ltr'><strong>Romani</strong></span> <span class='ocrx_word' id='word_1_399' title='bbox 715 3079 920 3135; x_wconf 86' lang='lat' dir='ltr'><strong>magos,</strong></span> <span class='ocrx_word' id='word_1_400' title='bbox 961 3064 1051 3135; x_wconf 91' lang='lat' dir='ltr'><strong>qui</strong></span> <span class='ocrx_word' id='word_1_401' title='bbox 1076 3063 1188 3134; x_wconf 85' lang='lat' dir='ltr'><strong>jam</strong></span> <span class='ocrx_word' id='word_1_402' title='bbox 1215 3063 1340 3119; x_wconf 88' lang='lat' dir='ltr'><strong>inde</strong></span> <span class='ocrx_word' id='word_1_403' title='bbox 1382 3079 1412 3118; x_wconf 90' lang='lat' dir='ltr'><strong>a</strong></span> <span class='ocrx_word' id='word_1_404' title='bbox 1445 3064 1639 3130; x_wconf 89' lang='lat' dir='ltr'><strong>priscis</strong></span> <span class='ocrx_word' id='word_1_405' title='bbox 1677 3065 2014 3134; x_wconf 81' lang='lat' dir='ltr'><strong>temporibus</strong></span> 
     </span>
    </p>
   </div>
   <div class='ocr_carea' id='block_1_62' title="bbox 2118 3061 3706 3162">
    <p class='ocr_par' dir='ltr' id='par_1_62' title="bbox 2119 3061 3706 3137">
     <span class='ocr_line' id='line_1_62' title="bbox 2119 3061 3706 3137; baseline -0.005 -16"><span class='ocrx_word' id='word_1_406' title='bbox 2119 3066 2296 3120; x_wconf 82' lang='grc' dir='ltr'>αἰτίαν</span> <span class='ocrx_word' id='word_1_407' title='bbox 2331 3065 2550 3137; x_wconf 71' lang='grc' dir='ltr'>ἔχουσα,</span> <span class='ocrx_word' id='word_1_408' title='bbox 2596 3065 2688 3116; x_wconf 77' lang='grc' dir='ltr'>καὶ</span> <span class='ocrx_word' id='word_1_409' title='bbox 2741 3063 2850 3116; x_wconf 88' lang='grc' dir='ltr'><strong>τῶν</strong></span> <span class='ocrx_word' id='word_1_410' title='bbox 2908 3064 3118 3130; x_wconf 80' lang='grc' dir='ltr'>Μάγων</span> <span class='ocrx_word' id='word_1_411' title='bbox 3160 3063 3269 3115; x_wconf 86' lang='grc' dir='ltr'><strong>τῶν</strong></span> <span class='ocrx_word' id='word_1_412' title='bbox 3317 3063 3375 3114; x_wconf 82' lang='grc' dir='ltr'><strong>ἐν</strong></span> <span class='ocrx_word' id='word_1_413' title='bbox 3406 3065 3426 3094; x_wconf 86' lang='grc'><strong>³</strong></span> <span class='ocrx_word' id='word_1_414' title='bbox 3457 3065 3525 3132; x_wconf 81' lang='grc' dir='ltr'><strong>τῇ</strong></span> <span class='ocrx_word' id='word_1_415' title='bbox 3567 3061 3706 3114; x_wconf 83' lang='grc' dir='ltr'>Ῥω-</span> 
     </span>
    </p>
   </div>
   <div class='ocr_carea' id='block_1_63' title="bbox 425 3157 2014 3228">
    <p class='ocr_par' dir='ltr' id='par_1_63' title="bbox 425 3157 2014 3228">
     <span class='ocr_line' id='line_1_63' title="bbox 425 3157 2014 3228; baseline 0 -13"><span class='ocrx_word' id='word_1_416' title='bbox 425 3173 614 3215; x_wconf 88' lang='lat' dir='ltr'><strong>eorum</strong></span> <span class='ocrx_word' id='word_1_417' title='bbox 647 3157 834 3212; x_wconf 76' lang='lat' dir='ltr'><strong>[inium</strong></span> <span class='ocrx_word' id='word_1_418' title='bbox 893 3157 1085 3212; x_wconf 76' lang='lat' dir='ltr'><strong>incolae</strong></span> <span class='ocrx_word' id='word_1_419' title='bbox 1143 3168 1349 3223; x_wconf 89' lang='lat' dir='ltr'><strong>essent,</strong></span> <span class='ocrx_word' id='word_1_420' title='bbox 1372 3173 1399 3212; x_wconf 88' lang='lat' dir='ltr'><strong>a</strong></span> <span class='ocrx_word' id='word_1_421' title='bbox 1433 3158 1624 3228; x_wconf 84' lang='lat' dir='ltr'><strong>patriis</strong></span> <span class='ocrx_word' id='word_1_422' title='bbox 1683 3160 1933 3214; x_wconf 86' lang='lat' dir='ltr'><strong>moribus</strong></span> <span class='ocrx_word' id='word_1_423' title='bbox 1955 3169 2014 3215; x_wconf 93' lang='lat' dir='ltr'><strong>et</strong></span> 
     </span>
    </p>
   </div>
   <div class='ocr_carea' id='block_1_64' title="bbox 426 3244 2023 3323">
    <p class='ocr_par' dir='ltr' id='par_1_64' title="bbox 426 3244 2023 3323">
     <span class='ocr_line' id='line_1_64' title="bbox 426 3244 2023 3323; baseline 0.001 -16"><span class='ocrx_word' id='word_1_424' title='bbox 426 3244 690 3308; x_wconf 72' lang='lat' dir='ltr'><strong>institutis</strong></span> <span class='ocrx_word' id='word_1_425' title='bbox 705 3255 998 3323; x_wconf 86' lang='lat' dir='ltr'><strong>etantiquu</strong></span> <span class='ocrx_word' id='word_1_426' title='bbox 1027 3251 1301 3322; x_wconf 87' lang='lat' dir='ltr'><strong>religionis</strong></span> <span class='ocrx_word' id='word_1_427' title='bbox 1316 3252 1460 3308; x_wconf 90' lang='lat' dir='ltr'><strong>cultu</strong></span> <span class='ocrx_word' id='word_1_428' title='bbox 1489 3253 1799 3316; x_wconf 89' lang='lat' dir='ltr'><strong>abducturi,</strong></span> <span class='ocrx_word' id='word_1_429' title='bbox 1826 3254 2023 3323; x_wconf 90' lang='lat' dir='ltr'><strong>quavis</strong></span> 
     </span>
    </p>
   </div>
   <div class='ocr_carea' id='block_1_65' title="bbox 426 3343 2024 3414">
    <p class='ocr_par' dir='ltr' id='par_1_65' title="bbox 426 3343 2024 3414">
     <span class='ocr_line' id='line_1_65' title="bbox 426 3343 2024 3414; baseline -0.001 -15"><span class='ocrx_word' id='word_1_430' title='bbox 426 3343 637 3400; x_wconf 88' lang='lat' dir='ltr'><strong>ratione</strong></span> <span class='ocrx_word' id='word_1_431' title='bbox 664 3353 948 3411; x_wconf 77' lang='lat' dir='ltr'><strong>vexarent,</strong></span> <span class='ocrx_word' id='word_1_432' title='bbox 1004 3353 1056 3400; x_wconf 93' lang='lat' dir='ltr'><strong>et</strong></span> <span class='ocrx_word' id='word_1_433' title='bbox 1080 3343 1294 3414; x_wconf 81' lang='lat' dir='ltr'><strong>iguem,-</strong></span> <span class='ocrx_word' id='word_1_434' title='bbox 1315 3344 1417 3413; x_wconf 90' lang='lat' dir='ltr'><strong>qni‘</strong></span> <span class='ocrx_word' id='word_1_435' title='bbox 1434 3345 1574 3414; x_wconf 85' lang='lat' dir='ltr'><strong>apud</strong></span> <span class='ocrx_word' id='word_1_436' title='bbox 1629 3359 1721 3400; x_wconf 88' lang='lat' dir='ltr'><strong>eos</strong></span> <span class='ocrx_word' id='word_1_437' title='bbox 1738 3355 2024 3400; x_wconf 85' lang='lat' dir='ltr'><strong>vocaretur</strong></span> 
     </span>
    </p>
   </div>
   <div class='ocr_carea' id='block_1_66' title="bbox 424 3435 2024 3508">
    <p class='ocr_par' dir='ltr' id='par_1_66' title="bbox 424 3435 2024 3508">
     <span class='ocr_line' id='line_1_66' title="bbox 424 3435 2024 3508; baseline 0 -16"><span class='ocrx_word' id='word_1_438' title='bbox 424 3435 900 3508; x_wconf 70' lang='lat' dir='ltr'><strong>inexstinguibilis,</strong></span> <span class='ocrx_word' id='word_1_439' title='bbox 931 3436 984 3490; x_wconf 91' lang='lat' dir='ltr'><strong>in</strong></span> <span class='ocrx_word' id='word_1_440' title='bbox 1027 3443 1342 3506; x_wconf 89' lang='lat' dir='ltr'><strong>perpetuum</strong></span> <span class='ocrx_word' id='word_1_441' title='bbox 1374 3437 1565 3491; x_wconf 87' lang='lat' dir='ltr'><strong>ardere</strong></span> <span class='ocrx_word' id='word_1_442' title='bbox 1601 3435 1896 3492; x_wconf 88' lang='lat' dir='ltr'><strong>secundum</strong></span> <span class='ocrx_word' id='word_1_443' title='bbox 1947 3436 2024 3492; x_wconf 88' lang='lat' dir='ltr'><strong>le-</strong></span> 
     </span>
    </p>
   </div>
   <div class='ocr_carea' id='block_1_67' title="bbox 424 3523 2022 3600">
    <p class='ocr_par' dir='ltr' id='par_1_67' title="bbox 424 3523 2022 3600">
     <span class='ocr_line' id='line_1_67' title="bbox 424 3523 2022 3600; baseline -0.004 -15"><span class='ocrx_word' id='word_1_444' title='bbox 424 3542 546 3599; x_wconf 84' lang='lat' dir='ltr'><strong>gem</strong></span> <span class='ocrx_word' id='word_1_445' title='bbox 570 3544 675 3584; x_wconf 91' lang='lat' dir='ltr'><strong>non</strong></span> <span class='ocrx_word' id='word_1_446' title='bbox 691 3527 951 3583; x_wconf 88' lang='lat' dir='ltr'><strong>sinerent.</strong></span> <span class='ocrx_word' id='word_1_447' title='bbox 970 3525 1274 3590; x_wconf 78' lang='lat' dir='ltr'><strong>Addebam,</strong></span> <span class='ocrx_word' id='word_1_448' title='bbox 1305 3539 1518 3600; x_wconf 77' lang='lat' dir='ltr'><strong>aequum</strong></span> <span class='ocrx_word' id='word_1_449' title='bbox 1537 3525 1727 3594; x_wconf 85' lang='lat' dir='ltr'><strong>videri,</strong></span> <span class='ocrx_word' id='word_1_450' title='bbox 1748 3523 2022 3581; x_wconf 76' lang='lat' dir='ltr'><strong>Romanos</strong></span> 
     </span>
    </p>
   </div>
   <div class='ocr_carea' id='block_1_68' title="bbox 427 3616 2019 3687">
    <p class='ocr_par' dir='ltr' id='par_1_68' title="bbox 427 3616 2019 3687">
     <span class='ocr_line' id='line_1_68' title="bbox 427 3616 2019 3687; baseline -0.002 -10"><span class='ocrx_word' id='word_1_451' title='bbox 427 3619 634 3678; x_wconf 84' lang='lat' dir='ltr'><strong>castelli</strong></span> <span class='ocrx_word' id='word_1_452' title='bbox 691 3618 984 3686; x_wconf 83' lang='lat' dir='ltr'><strong>ierouach,</strong></span> <span class='ocrx_word' id='word_1_453' title='bbox 1019 3618 1086 3674; x_wconf 88' lang='lat' dir='ltr'><strong>ad</strong></span> <span class='ocrx_word' id='word_1_454' title='bbox 1117 3627 1303 3686; x_wconf 87' lang='lat' dir='ltr'><strong>portas</strong></span> <span class='ocrx_word' id='word_1_455' title='bbox 1345 3616 1575 3687; x_wconf 87' lang='lat' dir='ltr'><strong>Caspias</strong></span> <span class='ocrx_word' id='word_1_456' title='bbox 1645 3617 1773 3685; x_wconf 90' lang='lat' dir='ltr'><strong>siti,</strong></span> <span class='ocrx_word' id='word_1_457' title='bbox 1832 3633 2019 3674; x_wconf 89' lang='lat' dir='ltr'><strong>curam</strong></span> 
     </span>
    </p>
   </div>
   <div class='ocr_carea' id='block_1_69' title="bbox 429 3709 2016 3783">
    <p class='ocr_par' dir='ltr' id='par_1_69' title="bbox 429 3709 2016 3783">
     <span class='ocr_line' id='line_1_69' title="bbox 429 3709 2016 3783; baseline -0.002 -15"><span class='ocrx_word' id='word_1_458' title='bbox 429 3711 649 3781; x_wconf 80' lang='lat' dir='ltr'><strong>habere,</strong></span> <span class='ocrx_word' id='word_1_459' title='bbox 678 3721 734 3767; x_wconf 88' lang='lat' dir='ltr'><strong>et</strong></span> <span class='ocrx_word' id='word_1_460' title='bbox 755 3712 1013 3783; x_wconf 79' lang='lat' dir='ltr'><strong>pecunias</strong></span> <span class='ocrx_word' id='word_1_461' title='bbox 1051 3711 1116 3764; x_wconf 91' lang='lat' dir='ltr'><strong>ad</strong></span> <span class='ocrx_word' id='word_1_462' title='bbox 1145 3709 1271 3765; x_wconf 91' lang='lat' dir='ltr'><strong>illud</strong></span> <span class='ocrx_word' id='word_1_463' title='bbox 1289 3709 1718 3771; x_wconf 87' lang='lat' dir='ltr'><strong>conservandum</strong></span> <span class='ocrx_word' id='word_1_464' title='bbox 1745 3709 2016 3778; x_wconf 85' lang='lat' dir='ltr'><strong>conferre,</strong></span> 
     </span>
    </p>
   </div>
   <div class='ocr_carea' id='block_1_70' title="bbox 425 3801 2016 3876">
    <p class='ocr_par' dir='ltr' id='par_1_70' title="bbox 425 3801 2016 3876">
     <span class='ocr_line' id='line_1_70' title="bbox 425 3801 2016 3876; baseline -0.003 -16"><span class='ocrx_word' id='word_1_465' title='bbox 425 3820 601 3876; x_wconf 88' lang='lat' dir='ltr'><strong>neque</strong></span> <span class='ocrx_word' id='word_1_466' title='bbox 632 3817 692 3860; x_wconf 87' lang='lat' dir='ltr'><strong>se</strong></span> <span class='ocrx_word' id='word_1_467' title='bbox 713 3801 858 3859; x_wconf 88' lang='lat' dir='ltr'><strong>solos</strong></span> <span class='ocrx_word' id='word_1_468' title='bbox 885 3802 1189 3872; x_wconf 84' lang='lat' dir='ltr'><strong>sumptibus</strong></span> <span class='ocrx_word' id='word_1_469' title='bbox 1214 3809 1271 3858; x_wconf 90' lang='lat' dir='ltr'><strong>et</strong></span> <span class='ocrx_word' id='word_1_470' title='bbox 1300 3802 1443 3857; x_wconf 88' lang='lat' dir='ltr'><strong>arcis</strong></span> <span class='ocrx_word' id='word_1_471' title='bbox 1474 3801 1719 3857; x_wconf 91' lang='lat' dir='ltr'><strong>custodia</strong></span> <span class='ocrx_word' id='word_1_472' title='bbox 1779 3802 2016 3872; x_wconf 88' lang='lat' dir='ltr'><strong>gravari.</strong></span> 
     </span>
    </p>
   </div>
   <div class='ocr_carea' id='block_1_71' title="bbox 427 3891 2020 3960">
    <p class='ocr_par' dir='ltr' id='par_1_71' title="bbox 427 3891 2020 3960">
     <span class='ocr_line' id='line_1_71' title="bbox 427 3891 2020 3960; baseline -0.001 -8"><span class='ocrx_word' id='word_1_473' title='bbox 427 3895 488 3952; x_wconf 89' lang='lat' dir='ltr'><strong>Si</strong></span> <span class='ocrx_word' id='word_1_474' title='bbox 539 3895 684 3950; x_wconf 68' lang='lat' dir='ltr'><strong>extim</strong></span> <span class='ocrx_word' id='word_1_475' title='bbox 738 3894 1028 3960; x_wconf 84' lang='lat' dir='ltr'><strong>cesserint,</strong></span> <span class='ocrx_word' id='word_1_476' title='bbox 1083 3909 1187 3947; x_wconf 91' lang='lat' dir='ltr'><strong>non</strong></span> <span class='ocrx_word' id='word_1_477' title='bbox 1241 3891 1414 3947; x_wconf 82' lang='lat' dir='ltr'><strong>solum</strong></span> <span class='ocrx_word' id='word_1_478' title='bbox 1454 3893 1509 3948; x_wconf 92' lang='lat' dir='ltr'><strong>in</strong></span> <span class='ocrx_word' id='word_1_479' title='bbox 1541 3891 1850 3960; x_wconf 84' lang='lat' dir='ltr'><strong>Persarum,</strong></span> <span class='ocrx_word' id='word_1_480' title='bbox 1925 3895 2020 3951; x_wconf 90' lang='lat' dir='ltr'><strong>sed</strong></span> 
     </span>
    </p>
   </div>
   <div class='ocr_carea' id='block_1_72' title="bbox 425 3982 2019 4056">
    <p class='ocr_par' dir='ltr' id='par_1_72' title="bbox 425 3982 2019 4056">
     <span class='ocr_line' id='line_1_72' title="bbox 425 3982 2019 4056; baseline -0.001 -14"><span class='ocrx_word' id='word_1_481' title='bbox 425 3985 667 4042; x_wconf 89' lang='lat' dir='ltr'><strong>etiamin</strong></span> <span class='ocrx_word' id='word_1_482' title='bbox 748 3983 1114 4039; x_wconf 75' lang='lat' dir='ltr'><strong>Romanorum</strong></span> <span class='ocrx_word' id='word_1_483' title='bbox 1171 3992 1345 4041; x_wconf 81' lang='lat' dir='ltr'><strong>terras</strong></span> <span class='ocrx_word' id='word_1_484' title='bbox 1386 3997 1414 4038; x_wconf 88' lang='lat' dir='ltr'><strong>a</strong></span> <span class='ocrx_word' id='word_1_485' title='bbox 1462 3982 1705 4038; x_wconf 80' lang='lat' dir='ltr'><strong>ﬁnitimis</strong></span> <span class='ocrx_word' id='word_1_486' title='bbox 1770 3985 2019 4056; x_wconf 86' lang='lat' dir='ltr'><strong>gentibus</strong></span> 
     </span>
    </p>
   </div>
   <div class='ocr_carea' id='block_1_73' title="bbox 427 4072 2018 4145">
    <p class='ocr_par' dir='ltr' id='par_1_73' title="bbox 427 4072 2018 4145">
     <span class='ocr_line' id='line_1_73' title="bbox 427 4072 2018 4145; baseline 0 -13"><span class='ocrx_word' id='word_1_487' title='bbox 427 4075 588 4132; x_wconf 76' lang='lat' dir='ltr'><strong>facile</strong></span> <span class='ocrx_word' id='word_1_488' title='bbox 615 4075 946 4131; x_wconf 82' lang='lat' dir='ltr'><strong>vastationes</strong></span> <span class='ocrx_word' id='word_1_489' title='bbox 979 4073 1168 4130; x_wconf 74' lang='lat' dir='ltr'><strong>inferri</strong></span> <span class='ocrx_word' id='word_1_490' title='bbox 1211 4087 1389 4145; x_wconf 89' lang='lat' dir='ltr'><strong>posse.</strong></span> <span class='ocrx_word' id='word_1_491' title='bbox 1440 4072 1705 4144; x_wconf 81' lang='lat' dir='ltr'><strong>Oportet&#39;e</strong></span> <span class='ocrx_word' id='word_1_492' title='bbox 1740 4077 1904 4130; x_wconf 89' lang='lat' dir='ltr'><strong>etiam</strong></span> <span class='ocrx_word' id='word_1_493' title='bbox 1956 4090 2018 4132; x_wconf 90' lang='lat' dir='ltr'><strong>se</strong></span> 
     </span>
    </p>
   </div>
   <div class='ocr_carea' id='block_1_74' title="bbox 423 4164 2016 4239">
    <p class='ocr_par' dir='ltr' id='par_1_74' title="bbox 423 4164 2016 4239">
     <span class='ocr_line' id='line_1_74' title="bbox 423 4164 2016 4239; baseline 0.002 -17"><span class='ocrx_word' id='word_1_494' title='bbox 423 4166 603 4239; x_wconf 85' lang='lat' dir='ltr'><strong>juvari</strong></span> <span class='ocrx_word' id='word_1_495' title='bbox 635 4166 874 4238; x_wconf 80' lang='lat' dir='ltr'><strong>pecuniis</strong></span> <span class='ocrx_word' id='word_1_496' title='bbox 913 4165 980 4220; x_wconf 83' lang='lat' dir='ltr'><strong>ad</strong></span> <span class='ocrx_word' id='word_1_497' title='bbox 1012 4165 1097 4220; x_wconf 89' lang='lat' dir='ltr'><strong>bel</strong></span> <span class='ocrx_word' id='word_1_498' title='bbox 1123 4179 1211 4218; x_wconf 92' lang='lat' dir='ltr'><strong>um</strong></span> <span class='ocrx_word' id='word_1_499' title='bbox 1245 4174 1437 4220; x_wconf 85' lang='lat' dir='ltr'><strong>contra</strong></span> <span class='ocrx_word' id='word_1_500' title='bbox 1468 4164 1693 4222; x_wconf 81' lang='lat' dir='ltr'><strong>Hunnos</strong></span> <span class='ocrx_word' id='word_1_501' title='bbox 1747 4166 2016 4228; x_wconf 83' lang='lat' dir='ltr'><strong>Cidaritas</strong></span> 
     </span>
    </p>
   </div>
   <div class='ocr_carea' id='block_1_75' title="bbox 425 4257 2011 4333">
    <p class='ocr_par' dir='ltr' id='par_1_75' title="bbox 425 4257 2011 4333">
     <span class='ocr_line' id='line_1_75' title="bbox 425 4257 2011 4333; baseline -0.003 -17"><span class='ocrx_word' id='word_1_502' title='bbox 425 4259 813 4333; x_wconf 75' lang='lat' dir='ltr'><strong>gerendum,ex</strong></span> <span class='ocrx_word' id='word_1_503' title='bbox 849 4273 958 4330; x_wconf 92' lang='lat' dir='ltr'><strong>quo</strong></span> <span class='ocrx_word' id='word_1_504' title='bbox 982 4257 1212 4314; x_wconf 83' lang='lat' dir='ltr'><strong>Romani</strong></span> <span class='ocrx_word' id='word_1_505' title='bbox 1253 4273 1470 4330; x_wconf 90' lang='lat' dir='ltr'><strong>quoque</strong></span> <span class='ocrx_word' id='word_1_506' title='bbox 1517 4270 1698 4315; x_wconf 87' lang='lat' dir='ltr'><strong>essent</strong></span> <span class='ocrx_word' id='word_1_507' title='bbox 1726 4259 2011 4316; x_wconf 79' lang='lat' dir='ltr'><strong>utilitatem</strong></span> 
     </span>
    </p>
   </div>
   <div class='ocr_carea' id='block_1_76' title="bbox 379 4349 2090 4446">
    <p class='ocr_par' dir='ltr' id='par_1_76' title="bbox 379 4349 2090 4446">
     <span class='ocr_line' id='line_1_76' title="bbox 379 4349 2090 4446; baseline -0.002 -39"><span class='ocrx_word' id='word_1_508' title='bbox 379 4359 392 4372; x_wconf 80' lang='lat'><strong>&quot;</strong></span> <span class='ocrx_word' id='word_1_509' title='bbox 424 4351 750 4423; x_wconf 88' lang='lat' dir='ltr'><strong>reportaturi</strong></span> <span class='ocrx_word' id='word_1_510' title='bbox 791 4351 838 4408; x_wconf 89' lang='lat' dir='ltr'><strong>si</strong></span> <span class='ocrx_word' id='word_1_511' title='bbox 873 4365 936 4408; x_wconf 89' lang='lat' dir='ltr'><strong>ea</strong></span> <span class='ocrx_word' id='word_1_512' title='bbox 973 4363 1105 4421; x_wconf 88' lang='lat' dir='ltr'><strong>gens</strong></span> <span class='ocrx_word' id='word_1_513' title='bbox 1133 4363 1162 4404; x_wconf 86' lang='lat' dir='ltr'><strong>a</strong></span> <span class='ocrx_word' id='word_1_514' title='bbox 1193 4349 1389 4405; x_wconf 84' lang='lat' dir='ltr'><strong>ﬁnibus</strong></span> <span class='ocrx_word' id='word_1_515' title='bbox 1419 4353 1656 4422; x_wconf 87' lang='lat' dir='ltr'><strong>ipsorum</strong></span> <span class='ocrx_word' id='word_1_516' title='bbox 1709 4360 2008 4407; x_wconf 87' lang='lat' dir='ltr'><strong>arceretur.</strong></span> <span class='ocrx_word' id='word_1_517' title='bbox 2045 4389 2090 4446; x_wconf 66' lang='grc' dir='ltr'><strong><em>Β</em></strong></span> 
     </span>
    </p>
   </div>
   <div class='ocr_carea' id='block_1_77' title="bbox 423 4442 2013 4518">
    <p class='ocr_par' dir='ltr' id='par_1_77' title="bbox 423 4442 2013 4518">
     <span class='ocr_line' id='line_1_77' title="bbox 423 4442 2013 4518; baseline -0.001 -21"><span class='ocrx_word' id='word_1_518' title='bbox 423 4442 650 4498; x_wconf 75' lang='lat' dir='ltr'><strong>Romani</strong></span> <span class='ocrx_word' id='word_1_519' title='bbox 675 4442 1160 4513; x_wconf 84' lang='lat' dir='ltr'><strong>responderunt,se</strong></span> <span class='ocrx_word' id='word_1_520' title='bbox 1185 4442 1584 4516; x_wconf 88' lang='lat' dir='ltr'><strong>quamprimum</strong></span> <span class='ocrx_word' id='word_1_521' title='bbox 1641 4442 1848 4518; x_wconf 84' lang='lat' dir='ltr'><strong>legatos</strong></span> <span class='ocrx_word' id='word_1_522' title='bbox 1883 4445 2013 4496; x_wconf 84' lang='lat' dir='ltr'><strong>mis-</strong></span> 
     </span>
    </p>
   </div>
   <div class='ocr_carea' id='block_1_78' title="bbox 422 4533 2012 4607">
    <p class='ocr_par' dir='ltr' id='par_1_78' title="bbox 422 4533 2012 4607">
     <span class='ocr_line' id='line_1_78' title="bbox 422 4533 2012 4607; baseline -0.002 -15"><span class='ocrx_word' id='word_1_523' title='bbox 422 4551 602 4600; x_wconf 87' lang='lat' dir='ltr'><strong>suros,</strong></span> <span class='ocrx_word' id='word_1_524' title='bbox 633 4538 751 4592; x_wconf 62' lang='lat' dir='ltr'><strong>hac</strong></span> <span class='ocrx_word' id='word_1_525' title='bbox 787 4536 969 4592; x_wconf 85' lang='lat' dir='ltr'><strong>omnia</strong></span> <span class='ocrx_word' id='word_1_526' title='bbox 997 4550 1122 4593; x_wconf 89' lang='lat' dir='ltr'><strong>cum</strong></span> <span class='ocrx_word' id='word_1_527' title='bbox 1156 4533 1477 4590; x_wconf 82' lang='lat' dir='ltr'><strong>Parthorum</strong></span> <span class='ocrx_word' id='word_1_528' title='bbox 1526 4548 1651 4607; x_wconf 90' lang='lat' dir='ltr'><strong>rege</strong></span> <span class='ocrx_word' id='word_1_529' title='bbox 1678 4536 2012 4606; x_wconf 82' lang='lat' dir='ltr'><strong>disceptatu-</strong></span> 
     </span>
    </p>
   </div>
   <div class='ocr_carea' id='block_1_79' title="bbox 431 4627 2008 4700">
    <p class='ocr_par' dir='ltr' id='par_1_79' title="bbox 431 4627 2008 4700">
     <span class='ocr_line' id='line_1_79' title="bbox 431 4627 2008 4700; baseline -0.001 -17"><span class='ocrx_word' id='word_1_530' title='bbox 431 4645 521 4686; x_wconf 92' lang='lat' dir='ltr'><strong>ros</strong></span> <span class='ocrx_word' id='word_1_531' title='bbox 548 4646 560 4682; x_wconf 91' lang='lat'>:</span> <span class='ocrx_word' id='word_1_532' title='bbox 586 4643 761 4698; x_wconf 87' lang='lat' dir='ltr'><strong>neque</strong></span> <span class='ocrx_word' id='word_1_533' title='bbox 777 4628 920 4683; x_wconf 88' lang='lat' dir='ltr'><strong>enim</strong></span> <span class='ocrx_word' id='word_1_534' title='bbox 942 4627 1083 4686; x_wconf 88' lang='lat' dir='ltr'><strong>ullos</strong></span> <span class='ocrx_word' id='word_1_535' title='bbox 1125 4629 1263 4698; x_wconf 82' lang='lat' dir='ltr'><strong>apud</strong></span> <span class='ocrx_word' id='word_1_536' title='bbox 1286 4643 1344 4684; x_wconf 90' lang='lat' dir='ltr'><strong>se</strong></span> <span class='ocrx_word' id='word_1_537' title='bbox 1365 4642 1486 4686; x_wconf 87' lang='lat' dir='ltr'><strong>esse</strong></span> <span class='ocrx_word' id='word_1_538' title='bbox 1515 4627 1792 4700; x_wconf 84' lang='lat' dir='ltr'><strong>fugitivos,</strong></span> <span class='ocrx_word' id='word_1_539' title='bbox 1834 4642 2008 4696; x_wconf 88' lang='lat' dir='ltr'><strong>neque</strong></span> 
     </span>
    </p>
   </div>
   <div class='ocr_carea' id='block_1_80' title="bbox 423 4718 2008 4791">
    <p class='ocr_par' dir='ltr' id='par_1_80' title="bbox 423 4718 2008 4791">
     <span class='ocr_line' id='line_1_80' title="bbox 423 4718 2008 4791; baseline 0.002 -19"><span class='ocrx_word' id='word_1_540' title='bbox 423 4735 611 4791; x_wconf 89' lang='lat' dir='ltr'><strong>magos</strong></span> <span class='ocrx_word' id='word_1_541' title='bbox 638 4719 822 4786; x_wconf 68' lang='lat' dir='ltr'><strong>insute</strong></span> <span class='ocrx_word' id='word_1_542' title='bbox 841 4719 1114 4788; x_wconf 87' lang='lat' dir='ltr'><strong>religionis</strong></span> <span class='ocrx_word' id='word_1_543' title='bbox 1130 4719 1275 4778; x_wconf 88' lang='lat' dir='ltr'><strong>cultu</strong></span> <span class='ocrx_word' id='word_1_544' title='bbox 1327 4718 1598 4789; x_wconf 84' lang='lat' dir='ltr'><strong>impediri.</strong></span> <span class='ocrx_word' id='word_1_545' title='bbox 1631 4718 1766 4773; x_wconf 83' lang='lat' dir='ltr'><strong>Cum</strong></span> <span class='ocrx_word' id='word_1_546' title='bbox 1828 4728 2008 4775; x_wconf 87' lang='lat' dir='ltr'><strong>autem</strong></span> 
     </span>
    </p>
   </div>
   <div class='ocr_carea' id='block_1_81' title="bbox 425 4800 2010 4880">
    <p class='ocr_par' dir='ltr' id='par_1_81' title="bbox 425 4800 2010 4880">
     <span class='ocr_line' id='line_1_81' title="bbox 425 4800 2010 4880; baseline 0 -16"><span class='ocrx_word' id='word_1_547' title='bbox 425 4809 526 4880; x_wconf 88' lang='lat' dir='ltr'><strong>ipsi</strong></span> <span class='ocrx_word' id='word_1_548' title='bbox 578 4809 880 4864; x_wconf 85' lang='lat' dir='ltr'><strong>custodiam</strong></span> <span class='ocrx_word' id='word_1_549' title='bbox 941 4800 1168 4864; x_wconf 86' lang='lat' dir='ltr'><strong>castelli</strong></span> <span class='ocrx_word' id='word_1_550' title='bbox 1198 4809 1458 4864; x_wconf 78' lang='lat' dir='ltr'><strong>lerouacli</strong></span> <span class='ocrx_word' id='word_1_551' title='bbox 1502 4817 1558 4863; x_wconf 92' lang='lat' dir='ltr'><strong>et</strong></span> <span class='ocrx_word' id='word_1_552' title='bbox 1601 4806 1801 4863; x_wconf 89' lang='lat' dir='ltr'><strong>bellum</strong></span> <span class='ocrx_word' id='word_1_553' title='bbox 1877 4824 2010 4864; x_wconf 91' lang='lat' dir='ltr'><strong>cou-</strong></span> 
     </span>
    </p>
   </div>
   <div class='ocr_carea' id='block_1_82' title="bbox 426 4899 2012 4971">
    <p class='ocr_par' dir='ltr' id='par_1_82' title="bbox 426 4899 2012 4971">
     <span class='ocr_line' id='line_1_82' title="bbox 426 4899 2012 4971; baseline 0.001 -15"><span class='ocrx_word' id='word_1_554' title='bbox 426 4911 510 4956; x_wconf 88' lang='lat' dir='ltr'><strong>tra</strong></span> <span class='ocrx_word' id='word_1_555' title='bbox 541 4899 770 4956; x_wconf 80' lang='lat' dir='ltr'><strong>Hunuos</strong></span> <span class='ocrx_word' id='word_1_556' title='bbox 788 4900 1132 4957; x_wconf 87' lang='lat' dir='ltr'><strong>Cidaritasin</strong></span> <span class='ocrx_word' id='word_1_557' title='bbox 1166 4915 1225 4958; x_wconf 89' lang='lat' dir='ltr'><strong>se</strong></span> <span class='ocrx_word' id='word_1_558' title='bbox 1256 4901 1586 4970; x_wconf 82' lang='lat' dir='ltr'><strong>receperint,</strong></span> <span class='ocrx_word' id='word_1_559' title='bbox 1619 4901 1843 4957; x_wconf 90' lang='lat' dir='ltr'><strong>minime</strong></span> <span class='ocrx_word' id='word_1_560' title='bbox 1862 4902 2012 4971; x_wconf 87' lang='lat' dir='ltr'><strong>jnste</strong></span> 
     </span>
    </p>
   </div>
   <div class='ocr_carea' id='block_1_83' title="bbox 421 4992 2014 5064">
    <p class='ocr_par' dir='ltr' id='par_1_83' title="bbox 421 4992 2014 5064">
     <span class='ocr_line' id='line_1_83' title="bbox 421 4992 2014 5064; baseline 0.001 -16"><span class='ocrx_word' id='word_1_561' title='bbox 421 5008 519 5048; x_wconf 88' lang='lat' dir='ltr'><strong>eos</strong></span> <span class='ocrx_word' id='word_1_562' title='bbox 547 4992 616 5047; x_wconf 94' lang='lat' dir='ltr'><strong>ab</strong></span> <span class='ocrx_word' id='word_1_563' title='bbox 671 4993 802 5063; x_wconf 91' lang='lat' dir='ltr'><strong>ipsis</strong></span> <span class='ocrx_word' id='word_1_564' title='bbox 819 4992 1103 5064; x_wconf 87' lang='lat' dir='ltr'><strong>pecuniam</strong></span> <span class='ocrx_word' id='word_1_565' title='bbox 1168 5000 1375 5061; x_wconf 70' lang='lat' dir='ltr'><strong>petere.</strong></span> <span class='ocrx_word' id='word_1_566' title='bbox 1413 4992 1759 5062; x_wconf 90' lang='lat' dir='ltr'><strong>Legationem</strong></span> <span class='ocrx_word' id='word_1_567' title='bbox 1784 4994 1851 5050; x_wconf 90' lang='lat' dir='ltr'><strong>ad</strong></span> <span class='ocrx_word' id='word_1_568' title='bbox 1873 4993 2014 5051; x_wconf 84' lang='lat' dir='ltr'><strong>Van-</strong></span> 
     </span>
    </p>
   </div>
   <div class='ocr_carea' id='block_1_84' title="bbox 421 5081 2010 5156">
    <p class='ocr_par' dir='ltr' id='par_1_84' title="bbox 421 5081 2010 5156">
     <span class='ocr_line' id='line_1_84' title="bbox 421 5081 2010 5156; baseline 0.004 -19"><span class='ocrx_word' id='word_1_569' title='bbox 421 5084 852 5156; x_wconf 28' lang='lat' dir='ltr'><strong>dalus&#39;suscepit</strong></span> <span class='ocrx_word' id='word_1_570' title='bbox 900 5081 1186 5150; x_wconf 84' lang='lat' dir='ltr'><strong>&#39;l&#39;atianus,</strong></span> <span class='ocrx_word' id='word_1_571' title='bbox 1208 5081 1526 5152; x_wconf 86' lang='lat' dir='ltr'><strong>patriciatus</strong></span> <span class='ocrx_word' id='word_1_572' title='bbox 1551 5082 1816 5154; x_wconf 85' lang='lat' dir='ltr'><strong>dignitate</strong></span> <span class='ocrx_word' id='word_1_573' title='bbox 1849 5103 2010 5150; x_wconf 86' lang='lat' dir='ltr'><strong>orna-</strong></span> 
     </span>
    </p>
   </div>
   <div class='ocr_carea' id='block_1_85' title="bbox 422 5175 1999 5247">
    <p class='ocr_par' dir='ltr' id='par_1_85' title="bbox 422 5175 1999 5247">
     <span class='ocr_line' id='line_1_85' title="bbox 422 5175 1999 5247; baseline 0.003 -15"><span class='ocrx_word' id='word_1_574' title='bbox 422 5187 530 5232; x_wconf 72' lang='lat' dir='ltr'><strong>tus:</strong></span> <span class='ocrx_word' id='word_1_575' title='bbox 565 5177 631 5234; x_wconf 88' lang='lat' dir='ltr'><strong>ad</strong></span> <span class='ocrx_word' id='word_1_576' title='bbox 665 5175 855 5233; x_wconf 82' lang='lat' dir='ltr'><strong>Persas</strong></span> <span class='ocrx_word' id='word_1_577' title='bbox 881 5190 1011 5234; x_wconf 86' lang='lat' dir='ltr'><strong>vero</strong></span> <span class='ocrx_word' id='word_1_578' title='bbox 1037 5175 1415 5241; x_wconf 67' lang='lat' dir='ltr'><strong>Constantius,</strong></span> <span class='ocrx_word' id='word_1_579' title='bbox 1467 5176 1560 5247; x_wconf 85' lang='lat' dir='ltr'><strong>qui</strong></span> <span class='ocrx_word' id='word_1_580' title='bbox 1588 5183 1670 5233; x_wconf 92' lang='lat' dir='ltr'><strong>ter</strong></span> <span class='ocrx_word' id='word_1_581' title='bbox 1705 5179 1999 5246; x_wconf 65' lang='lat' dir='ltr'><strong>praefectus</strong></span> 
     </span>
    </p>
   </div>
   <div class='ocr_carea' id='block_1_86' title="bbox 2130 3154 3704 3231">
    <p class='ocr_par' dir='ltr' id='par_1_86' title="bbox 2130 3154 3704 3231">
     <span class='ocr_line' id='line_1_86' title="bbox 2130 3154 3704 3231; baseline -0.007 -17"><span class='ocrx_word' id='word_1_582' title='bbox 2130 3158 2306 3231; x_wconf 77' lang='grc' dir='ltr'>μαίων</span> <span class='ocrx_word' id='word_1_583' title='bbox 2329 3160 2399 3228; x_wconf 81' lang='grc' dir='ltr'>γῇ</span> <span class='ocrx_word' id='word_1_584' title='bbox 2437 3155 2551 3228; x_wconf 71' lang='grc'><strong>(20)</strong></span> <span class='ocrx_word' id='word_1_585' title='bbox 2609 3155 2674 3210; x_wconf 90' lang='grc' dir='ltr'><strong>ἐκ</strong></span> <span class='ocrx_word' id='word_1_586' title='bbox 2719 3156 2968 3209; x_wconf 83' lang='grc' dir='ltr'>παλαιῶν</span> <span class='ocrx_word' id='word_1_587' title='bbox 3018 3155 3312 3209; x_wconf 77' lang='grc' dir='ltr'>οἰκούντων</span> <span class='ocrx_word' id='word_1_588' title='bbox 3355 3154 3585 3225; x_wconf 86' lang='grc' dir='ltr'>χρόνων,</span> <span class='ocrx_word' id='word_1_589' title='bbox 3626 3155 3704 3218; x_wconf 79' lang='grc' dir='ltr'><strong>ὡς</strong></span> 
     </span>
    </p>
   </div>
   <div class='ocr_carea' id='block_1_87' title="bbox 2127 3245 3700 3317">
    <p class='ocr_par' dir='ltr' id='par_1_87' title="bbox 2127 3245 3700 3317">
     <span class='ocr_line' id='line_1_87' title="bbox 2127 3245 3700 3317; baseline -0.004 -14"><span class='ocrx_word' id='word_1_590' title='bbox 2127 3249 2363 3316; x_wconf 80' lang='grc' dir='ltr'>ἁπάγειν</span> <span class='ocrx_word' id='word_1_591' title='bbox 2393 3247 2593 3309; x_wconf 78' lang='grc' dir='ltr'>αὐτοὺς</span> <span class='ocrx_word' id='word_1_592' title='bbox 2622 3245 2732 3299; x_wconf 86' lang='grc' dir='ltr'><strong>τῶν</strong></span> <span class='ocrx_word' id='word_1_593' title='bbox 2764 3246 3010 3317; x_wconf 90' lang='grc' dir='ltr'>πατρίων</span> <span class='ocrx_word' id='word_1_594' title='bbox 3052 3245 3192 3299; x_wconf 86' lang='grc' dir='ltr'>ἐθῶν</span> <span class='ocrx_word' id='word_1_595' title='bbox 3223 3247 3318 3299; x_wconf 73' lang='grc' dir='ltr'>καὶ</span> <span class='ocrx_word' id='word_1_596' title='bbox 3361 3246 3542 3315; x_wconf 82' lang='grc' dir='ltr'>νόμων</span> <span class='ocrx_word' id='word_1_597' title='bbox 3577 3245 3700 3297; x_wconf 82' lang='grc' dir='ltr'>ἑθέ-</span> 
     </span>
    </p>
   </div>
   <div class='ocr_carea' id='block_1_88' title="bbox 2125 3333 3704 3404">
    <p class='ocr_par' dir='ltr' id='par_1_88' title="bbox 2125 3333 3704 3404">
     <span class='ocr_line' id='line_1_88' title="bbox 2125 3333 3704 3404; baseline -0.001 -17"><span class='ocrx_word' id='word_1_598' title='bbox 2125 3333 2305 3397; x_wconf 84' lang='grc' dir='ltr'>λοντες</span> <span class='ocrx_word' id='word_1_599' title='bbox 2337 3333 2360 3364; x_wconf 69' lang='grc'>⁸</span> <span class='ocrx_word' id='word_1_600' title='bbox 2404 3335 2496 3386; x_wconf 72' lang='grc' dir='ltr'><strong>καὶ</strong></span> <span class='ocrx_word' id='word_1_601' title='bbox 2539 3333 2644 3403; x_wconf 83' lang='grc' dir='ltr'>τῆς</span> <span class='ocrx_word' id='word_1_602' title='bbox 2701 3333 2830 3403; x_wconf 73' lang='grc' dir='ltr'>περὶ</span> <span class='ocrx_word' id='word_1_603' title='bbox 2871 3333 2932 3387; x_wconf 84' lang='grc' dir='ltr'>τὸ</span> <span class='ocrx_word' id='word_1_604' title='bbox 2964 3333 3104 3386; x_wconf 85' lang='grc' dir='ltr'>θεῖον</span> <span class='ocrx_word' id='word_1_605' title='bbox 3131 3334 3434 3402; x_wconf 82' lang='grc' dir='ltr'>ἁγιστείας,</span> <span class='ocrx_word' id='word_1_606' title='bbox 3473 3351 3704 3404; x_wconf 76' lang='grc' dir='ltr'>παρενο-</span> 
     </span>
    </p>
   </div>
   <div class='ocr_carea' id='block_1_89' title="bbox 2125 3425 3709 3497">
    <p class='ocr_par' dir='ltr' id='par_1_89' title="bbox 2125 3425 3709 3497">
     <span class='ocr_line' id='line_1_89' title="bbox 2125 3425 3709 3497; baseline -0.001 -17"><span class='ocrx_word' id='word_1_607' title='bbox 2125 3427 2312 3497; x_wconf 85' lang='grc' dir='ltr'>χλοῦσί</span> <span class='ocrx_word' id='word_1_608' title='bbox 2346 3445 2405 3480; x_wconf 89' lang='grc' dir='ltr'><strong>τε</strong></span> <span class='ocrx_word' id='word_1_609' title='bbox 2442 3426 2594 3481; x_wconf 75' lang='grc' dir='ltr'>ἐσαεὶ</span> <span class='ocrx_word' id='word_1_610' title='bbox 2625 3425 2721 3480; x_wconf 76' lang='grc' dir='ltr'>καὶ</span> <span class='ocrx_word' id='word_1_611' title='bbox 2742 3426 2764 3458; x_wconf 82' lang='grc'><strong><em>⁵</em></strong></span> <span class='ocrx_word' id='word_1_612' title='bbox 2789 3427 3150 3481; x_wconf 88' lang='grc' dir='ltr'>ἀνακαίεσθαι</span> <span class='ocrx_word' id='word_1_613' title='bbox 3203 3426 3344 3480; x_wconf 81' lang='grc' dir='ltr'>κατὰ</span> <span class='ocrx_word' id='word_1_614' title='bbox 3372 3426 3465 3478; x_wconf 77' lang='grc' dir='ltr'><strong>τὸν</strong></span> <span class='ocrx_word' id='word_1_615' title='bbox 3501 3426 3709 3496; x_wconf 72' lang='grc' dir='ltr'>θεσμὸν</span> 
     </span>
    </p>
   </div>
   <div class='ocr_carea' id='block_1_90' title="bbox 2123 3514 3708 3591">
    <p class='ocr_par' dir='ltr' id='par_1_90' title="bbox 2123 3514 3708 3591">
     <span class='ocr_line' id='line_1_90' title="bbox 2123 3514 3708 3591; baseline -0.005 -17"><span class='ocrx_word' id='word_1_616' title='bbox 2123 3521 2186 3575; x_wconf 84' lang='grc' dir='ltr'>οὐ</span> <span class='ocrx_word' id='word_1_617' title='bbox 2220 3515 2570 3589; x_wconf 83' lang='grc' dir='ltr'>συγχωροῦσι</span> <span class='ocrx_word' id='word_1_618' title='bbox 2598 3515 2660 3569; x_wconf 81' lang='grc' dir='ltr'>τὸ</span> <span class='ocrx_word' id='word_1_619' title='bbox 2707 3517 2840 3591; x_wconf 84' lang='grc' dir='ltr'>παρ’</span> <span class='ocrx_word' id='word_1_620' title='bbox 2867 3517 3048 3579; x_wconf 79' lang='grc' dir='ltr'>αὐτοῖς</span> <span class='ocrx_word' id='word_1_621' title='bbox 3077 3515 3339 3570; x_wconf 76' lang='grc' dir='ltr'>ἄσϐεστον</span> <span class='ocrx_word' id='word_1_622' title='bbox 3368 3514 3708 3586; x_wconf 79' lang='grc' dir='ltr'>καλούμενον</span> 
     </span>
    </p>
   </div>
   <div class='ocr_carea' id='block_1_91' title="bbox 2123 3608 3708 3683">
    <p class='ocr_par' dir='ltr' id='par_1_91' title="bbox 2123 3608 3708 3683">
     <span class='ocr_line' id='line_1_91' title="bbox 2123 3608 3708 3683; baseline -0.004 -16"><span class='ocrx_word' id='word_1_623' title='bbox 2123 3612 2256 3683; x_wconf 85' lang='grc' dir='ltr'>πῦρ.</span> <span class='ocrx_word' id='word_1_624' title='bbox 2309 3613 2418 3665; x_wconf 69' lang='grc' dir='ltr'><strong>Καὶ</strong></span> <span class='ocrx_word' id='word_1_625' title='bbox 2466 3612 2542 3675; x_wconf 85' lang='grc' dir='ltr'><strong>ὡς</strong></span> <span class='ocrx_word' id='word_1_626' title='bbox 2573 3610 2682 3682; x_wconf 82' lang='grc' dir='ltr'>χρὴ</span> <span class='ocrx_word' id='word_1_627' title='bbox 2708 3610 2802 3663; x_wconf 85' lang='grc' dir='ltr'><strong>τοῦ</strong></span> <span class='ocrx_word' id='word_1_628' title='bbox 2848 3608 3220 3680; x_wconf 83' lang='grc' dir='ltr'>Ἰουροειπαάχ</span> <span class='ocrx_word' id='word_1_629' title='bbox 3259 3611 3279 3641; x_wconf 77' lang='grc'>⁸</span> <span class='ocrx_word' id='word_1_630' title='bbox 3309 3610 3574 3680; x_wconf 82' lang='grc' dir='ltr'>φρουρίου</span> <span class='ocrx_word' id='word_1_631' title='bbox 3610 3609 3708 3662; x_wconf 70' lang='grc' dir='ltr'>ἐπὶ</span> 
     </span>
    </p>
   </div>
   <div class='ocr_carea' id='block_1_92' title="bbox 2121 3698 3708 3772">
    <p class='ocr_par' dir='ltr' id='par_1_92' title="bbox 2121 3698 3708 3772">
     <span class='ocr_line' id='line_1_92' title="bbox 2121 3698 3708 3772; baseline -0.006 -12"><span class='ocrx_word' id='word_1_632' title='bbox 2121 3705 2230 3760; x_wconf 87' lang='grc' dir='ltr'><strong>τῶν</strong></span> <span class='ocrx_word' id='word_1_633' title='bbox 2259 3702 2524 3756; x_wconf 83' lang='grc' dir='ltr'>Κασπίων</span> <span class='ocrx_word' id='word_1_634' title='bbox 2548 3701 2806 3772; x_wconf 86' lang='grc' dir='ltr'>κειμένου</span> <span class='ocrx_word' id='word_1_635' title='bbox 2835 3699 3018 3753; x_wconf 89' lang='grc' dir='ltr'>πυλῶν</span> <span class='ocrx_word' id='word_1_636' title='bbox 3047 3700 3306 3771; x_wconf 82' lang='grc' dir='ltr'>χρήματα</span> <span class='ocrx_word' id='word_1_637' title='bbox 3328 3698 3708 3770; x_wconf 81' lang='grc' dir='ltr'>χορηγοῦντας</span> 
     </span>
    </p>
   </div>
   <div class='ocr_carea' id='block_1_93' title="bbox 2134 3789 3708 3866">
    <p class='ocr_par' dir='ltr' id='par_1_93' title="bbox 2134 3789 3708 3866">
     <span class='ocr_line' id='line_1_93' title="bbox 2134 3789 3708 3866; baseline -0.006 -16"><span class='ocrx_word' id='word_1_638' title='bbox 2134 3795 2442 3866; x_wconf 83' lang='grc' dir='ltr'>Ῥωμαίους</span> <span class='ocrx_word' id='word_1_639' title='bbox 2469 3793 2742 3847; x_wconf 89' lang='grc' dir='ltr'>ποιεῖσθαι</span> <span class='ocrx_word' id='word_1_640' title='bbox 2772 3791 3114 3862; x_wconf 85' lang='grc' dir='ltr'>ἐπιμέλειαν,</span> <span class='ocrx_word' id='word_1_641' title='bbox 3149 3790 3182 3862; x_wconf 78' lang='grc' dir='ltr'>ἢ</span> <span class='ocrx_word' id='word_1_642' title='bbox 3211 3789 3340 3858; x_wconf 89' lang='grc' dir='ltr'>γοῦν</span> <span class='ocrx_word' id='word_1_643' title='bbox 3377 3790 3502 3853; x_wconf 78' lang='grc' dir='ltr'>τοὺς</span> <span class='ocrx_word' id='word_1_644' title='bbox 3533 3805 3708 3859; x_wconf 77' lang='grc' dir='ltr'>φρουο</span> 
     </span>
    </p>
   </div>
   <div class='ocr_carea' id='block_1_94' title="bbox 2121 3881 3706 3962">
    <p class='ocr_par' dir='ltr' id='par_1_94' title="bbox 2121 3881 3706 3962">
     <span class='ocr_line' id='line_1_94' title="bbox 2121 3881 3706 3962; baseline -0.004 -22"><span class='ocrx_word' id='word_1_645' title='bbox 2121 3889 2397 3962; x_wconf 82' lang='grc' dir='ltr'>ρήσαντας</span> <span class='ocrx_word' id='word_1_646' title='bbox 2430 3885 2562 3939; x_wconf 81' lang='grc' dir='ltr'>αὐτὸ</span> <span class='ocrx_word' id='word_1_647' title='bbox 2599 3881 2942 3955; x_wconf 70' lang='grc' dir='ltr'><strong>στρατιώτας¹</strong></span> <span class='ocrx_word' id='word_1_648' title='bbox 2969 3883 3231 3946; x_wconf 85' lang='grc' dir='ltr'>στέλλειν,</span> <span class='ocrx_word' id='word_1_649' title='bbox 3274 3884 3366 3936; x_wconf 75' lang='grc' dir='ltr'>καὶ</span> <span class='ocrx_word' id='word_1_650' title='bbox 3401 3881 3477 3953; x_wconf 83' lang='grc' dir='ltr'>μὴ</span> <span class='ocrx_word' id='word_1_651' title='bbox 3505 3882 3706 3951; x_wconf 75' lang='grc' dir='ltr'>μόνους</span> 
     </span>
    </p>
   </div>
   <div class='ocr_carea' id='block_1_95' title="bbox 2119 3972 3700 4050">
    <p class='ocr_par' dir='ltr' id='par_1_95' title="bbox 2119 3972 3700 4050">
     <span class='ocr_line' id='line_1_95' title="bbox 2119 3972 3700 4050; baseline -0.006 -16"><span class='ocrx_word' id='word_1_652' title='bbox 2119 3979 2334 4050; x_wconf 83' lang='grc' dir='ltr'>δαπάνῃ</span> <span class='ocrx_word' id='word_1_653' title='bbox 2379 3979 2473 4030; x_wconf 71' lang='grc' dir='ltr'>καὶ</span> <span class='ocrx_word' id='word_1_654' title='bbox 2515 3977 2730 4046; x_wconf 80' lang='grc' dir='ltr'>φυλακῇ</span> <span class='ocrx_word' id='word_1_655' title='bbox 2778 3974 2871 4028; x_wconf 85' lang='grc' dir='ltr'><strong>τοῦ</strong></span> <span class='ocrx_word' id='word_1_656' title='bbox 2906 3974 3107 4045; x_wconf 77' lang='grc' dir='ltr'>χωρίου</span> <span class='ocrx_word' id='word_1_657' title='bbox 3132 3972 3481 4044; x_wconf 84' lang='grc' dir='ltr'>βαρύνεσθαι·</span> <span class='ocrx_word' id='word_1_658' title='bbox 3511 3974 3559 4026; x_wconf 85' lang='grc' dir='ltr'><strong>εί</strong></span> <span class='ocrx_word' id='word_1_659' title='bbox 3587 3973 3700 4040; x_wconf 85' lang='grc' dir='ltr'><strong>γάρ</strong></span> 
     </span>
    </p>
   </div>
   <div class='ocr_carea' id='block_1_96' title="bbox 2120 4065 3696 4139">
    <p class='ocr_par' dir='ltr' id='par_1_96' title="bbox 2120 4065 3696 4139">
     <span class='ocr_line' id='line_1_96' title="bbox 2120 4065 3696 4139; baseline -0.006 -14"><span class='ocrx_word' id='word_1_660' title='bbox 2120 4071 2342 4135; x_wconf 75' lang='grc' dir='ltr'>ἐνδοῖεν,</span> <span class='ocrx_word' id='word_1_661' title='bbox 2372 4069 2471 4122; x_wconf 81' lang='grc' dir='ltr'>οὒκ</span> <span class='ocrx_word' id='word_1_662' title='bbox 2505 4071 2585 4132; x_wconf 85' lang='grc' dir='ltr'><strong>είς</strong></span> <span class='ocrx_word' id='word_1_663' title='bbox 2625 4068 2842 4139; x_wconf 80' lang='grc' dir='ltr'>Πέρσας</span> <span class='ocrx_word' id='word_1_664' title='bbox 2875 4067 3067 4137; x_wconf 87' lang='grc' dir='ltr'>μόνους</span> <span class='ocrx_word' id='word_1_665' title='bbox 3094 4068 3135 4131; x_wconf 85' lang='grc'>⁷,</span> <span class='ocrx_word' id='word_1_666' title='bbox 3161 4066 3297 4120; x_wconf 86' lang='grc' dir='ltr'><strong>ἀλλά</strong></span> <span class='ocrx_word' id='word_1_667' title='bbox 3330 4066 3422 4129; x_wconf 69' lang='grc' dir='ltr'>καὶ</span> <span class='ocrx_word' id='word_1_668' title='bbox 3449 4067 3526 4128; x_wconf 83' lang='grc' dir='ltr'><strong>είς</strong></span> <span class='ocrx_word' id='word_1_669' title='bbox 3557 4065 3696 4117; x_wconf 85' lang='grc' dir='ltr'>Ῥω-</span> 
     </span>
    </p>
   </div>
   <div class='ocr_carea' id='block_1_97' title="bbox 2088 4150 3702 4234">
    <p class='ocr_par' dir='ltr' id='par_1_97' title="bbox 2088 4150 3702 4234">
     <span class='ocr_line' id='line_1_97' title="bbox 2088 4150 3702 4234; baseline -0.007 -19"><span class='ocrx_word' id='word_1_670' title='bbox 2088 4150 2315 4234; x_wconf 70' lang='grc' dir='ltr'>’μαίους</span> <span class='ocrx_word' id='word_1_671' title='bbox 2344 4160 2412 4212; x_wconf 88' lang='grc' dir='ltr'><strong>τά</strong></span> <span class='ocrx_word' id='word_1_672' title='bbox 2440 4160 2505 4211; x_wconf 89' lang='grc' dir='ltr'><strong>ἐκ</strong></span> <span class='ocrx_word' id='word_1_673' title='bbox 2536 4158 2648 4210; x_wconf 88' lang='grc' dir='ltr'><strong>τῶν</strong></span> <span class='ocrx_word' id='word_1_674' title='bbox 2688 4157 3094 4226; x_wconf 74' lang='grc' dir='ltr'>παροικούντων</span> <span class='ocrx_word' id='word_1_675' title='bbox 3123 4155 3292 4207; x_wconf 81' lang='grc' dir='ltr'>ἐθνῶν</span> <span class='ocrx_word' id='word_1_676' title='bbox 3326 4153 3474 4207; x_wconf 77' lang='grc' dir='ltr'><strong>κακά</strong></span> <span class='ocrx_word' id='word_1_677' title='bbox 3499 4151 3702 4224; x_wconf 75' lang='grc' dir='ltr'>ῥαδίως</span> 
     </span>
    </p>
   </div>
   <div class='ocr_carea' id='block_1_98' title="bbox 2117 4246 3708 4325">
    <p class='ocr_par' dir='ltr' id='par_1_98' title="bbox 2117 4246 3708 4325">
     <span class='ocr_line' id='line_1_98' title="bbox 2117 4246 3708 4325; baseline -0.009 -15"><span class='ocrx_word' id='word_1_678' title='bbox 2117 4253 2432 4325; x_wconf 83' lang='grc' dir='ltr'>ἀφικέσθαι.</span> <span class='ocrx_word' id='word_1_679' title='bbox 2479 4251 2688 4322; x_wconf 80' lang='grc' dir='ltr'>Χρῆναι</span> <span class='ocrx_word' id='word_1_680' title='bbox 2727 4249 2783 4302; x_wconf 86' lang='grc' dir='ltr'><strong>δέ</strong></span> <span class='ocrx_word' id='word_1_681' title='bbox 2825 4248 3022 4312; x_wconf 72' lang='grc' dir='ltr'>αὐτοὺς</span> <span class='ocrx_word' id='word_1_682' title='bbox 3071 4247 3254 4315; x_wconf 73' lang='grc' dir='ltr'>ἔλεγον</span> <span class='ocrx_word' id='word_1_683' title='bbox 3300 4248 3390 4308; x_wconf 69' lang='grc' dir='ltr'><strong>καὶ</strong></span> <span class='ocrx_word' id='word_1_684' title='bbox 3421 4246 3708 4316; x_wconf 79' lang='grc' dir='ltr'>χρήμασιν</span> 
     </span>
    </p>
   </div>
   <div class='ocr_carea' id='block_1_99' title="bbox 2118 4335 3710 4418">
    <p class='ocr_par' dir='ltr' id='par_1_99' title="bbox 2118 4335 3710 4418">
     <span class='ocr_line' id='line_1_99' title="bbox 2118 4335 3710 4418; baseline -0.006 -18"><span class='ocrx_word' id='word_1_685' title='bbox 2118 4347 2434 4418; x_wconf 83' lang='grc' dir='ltr'>ἐπικουρεῖν</span> <span class='ocrx_word' id='word_1_686' title='bbox 2459 4344 2550 4408; x_wconf 69' lang='grc' dir='ltr'>ἐπὶ</span> <span class='ocrx_word' id='word_1_687' title='bbox 2577 4342 2656 4414; x_wconf 81' lang='grc' dir='ltr'>τῷ</span> <span class='ocrx_word' id='word_1_688' title='bbox 2690 4341 2828 4412; x_wconf 77' lang='grc' dir='ltr'>πρὸς</span> <span class='ocrx_word' id='word_1_689' title='bbox 2863 4340 3096 4403; x_wconf 76' lang='grc' dir='ltr'>Οὕννους</span> <span class='ocrx_word' id='word_1_690' title='bbox 3127 4338 3350 4409; x_wconf 83' lang='grc' dir='ltr'>πολέμῳ</span> <span class='ocrx_word' id='word_1_691' title='bbox 3369 4337 3497 4400; x_wconf 76' lang='grc' dir='ltr'>τοὺς</span> <span class='ocrx_word' id='word_1_692' title='bbox 3531 4335 3710 4390; x_wconf 79' lang='grc' dir='ltr'>Κιδα-</span> 
     </span>
    </p>
   </div>
   <div class='ocr_carea' id='block_1_100' title="bbox 2122 4430 3710 4513">
    <p class='ocr_par' dir='ltr' id='par_1_100' title="bbox 2122 4430 3710 4513">
     <span class='ocr_line' id='line_1_100' title="bbox 2122 4430 3710 4513; baseline -0.008 -19"><span class='ocrx_word' id='word_1_693' title='bbox 2122 4440 2277 4512; x_wconf 89' lang='grc' dir='ltr'>ρίτας</span> <span class='ocrx_word' id='word_1_694' title='bbox 2306 4436 2653 4513; x_wconf 80' lang='grc' dir='ltr'>λεγομένους·</span> <span class='ocrx_word' id='word_1_695' title='bbox 2683 4434 2905 4487; x_wconf 80' lang='grc' dir='ltr'>ἔσεσθαι</span> <span class='ocrx_word' id='word_1_696' title='bbox 2933 4435 3040 4505; x_wconf 85' lang='grc' dir='ltr'><strong>γάρ</strong></span> <span class='ocrx_word' id='word_1_697' title='bbox 3070 4450 3255 4513; x_wconf 80' lang='grc' dir='ltr'>σφισιν</span> <span class='ocrx_word' id='word_1_698' title='bbox 3294 4430 3475 4485; x_wconf 78' lang='grc' dir='ltr'>αὐτῶν</span> <span class='ocrx_word' id='word_1_699' title='bbox 3503 4430 3710 4484; x_wconf 83' lang='grc' dir='ltr'>νικῶν-</span> 
     </span>
    </p>
   </div>
   <div class='ocr_carea' id='block_1_101' title="bbox 2119 4522 3710 4599">
    <p class='ocr_par' dir='ltr' id='par_1_101' title="bbox 2119 4522 3710 4599">
     <span class='ocr_line' id='line_1_101' title="bbox 2119 4522 3710 4599; baseline -0.008 -15"><span class='ocrx_word' id='word_1_700' title='bbox 2119 4549 2227 4586; x_wconf 85' lang='grc' dir='ltr'><strong>των</strong></span> <span class='ocrx_word' id='word_1_701' title='bbox 2272 4532 2480 4599; x_wconf 76' lang='grc' dir='ltr'>ὄνησιν,</span> <span class='ocrx_word' id='word_1_702' title='bbox 2539 4529 2616 4598; x_wconf 78' lang='grc' dir='ltr'>μὴ</span> <span class='ocrx_word' id='word_1_703' title='bbox 2657 4526 3113 4597; x_wconf 81' lang='grc' dir='ltr'>συγχωρουμένου</span> <span class='ocrx_word' id='word_1_704' title='bbox 3143 4523 3238 4577; x_wconf 82' lang='grc' dir='ltr'><strong>τοῦ</strong></span> <span class='ocrx_word' id='word_1_705' title='bbox 3273 4522 3461 4584; x_wconf 83' lang='grc' dir='ltr'>ἔθνους</span> <span class='ocrx_word' id='word_1_706' title='bbox 3504 4522 3601 4574; x_wconf 76' lang='grc' dir='ltr'>καὶ</span> <span class='ocrx_word' id='word_1_707' title='bbox 3627 4523 3710 4583; x_wconf 84' lang='grc' dir='ltr'><strong>είς</strong></span> 
     </span>
    </p>
   </div>
   <div class='ocr_carea' id='block_1_102' title="bbox 2119 4614 3786 4695">
    <p class='ocr_par' dir='ltr' id='par_1_102' title="bbox 2119 4614 3786 4695">
     <span class='ocr_line' id='line_1_102' title="bbox 2119 4614 3786 4695; baseline -0.008 -19"><span class='ocrx_word' id='word_1_708' title='bbox 2119 4625 2219 4695; x_wconf 79' lang='grc' dir='ltr'>τὴν</span> <span class='ocrx_word' id='word_1_709' title='bbox 2262 4620 2580 4691; x_wconf 74' lang='grc' dir='ltr'>Ῥωμαϊκὴν</span> <span class='ocrx_word' id='word_1_710' title='bbox 2621 4619 2919 4672; x_wconf 82' lang='grc' dir='ltr'>διαϐαίνειν</span> <span class='ocrx_word' id='word_1_711' title='bbox 2961 4617 3334 4688; x_wconf 81' lang='grc' dir='ltr'>ἐπικράτειαν.</span> <span class='ocrx_word' id='word_1_712' title='bbox 3396 4614 3622 4668; x_wconf 78' lang='grc' dir='ltr'>Πάντων</span> <span class='ocrx_word' id='word_1_713' title='bbox 3654 4614 3708 4665; x_wconf 73' lang='grc' dir='ltr'>δὲ</span> <span class='ocrx_word' id='word_1_714' title='bbox 3781 4653 3786 4656; x_wconf 92' lang='grc'>.</span> 
     </span>
    </p>
   </div>
   <div class='ocr_carea' id='block_1_103' title="bbox 2119 4704 3709 4782">
    <p class='ocr_par' dir='ltr' id='par_1_103' title="bbox 2119 4704 3709 4782">
     <span class='ocr_line' id='line_1_103' title="bbox 2119 4704 3709 4782; baseline -0.009 -14"><span class='ocrx_word' id='word_1_715' title='bbox 2119 4715 2282 4768; x_wconf 78' lang='grc' dir='ltr'>ἕνεκα</span> <span class='ocrx_word' id='word_1_716' title='bbox 2321 4712 2608 4782; x_wconf 84' lang='grc' dir='ltr'>Ῥωμαίων</span> <span class='ocrx_word' id='word_1_717' title='bbox 2641 4708 3100 4780; x_wconf 84' lang='grc' dir='ltr'>ἀποκριναμένων</span> <span class='ocrx_word' id='word_1_718' title='bbox 3133 4708 3372 4762; x_wconf 86' lang='grc' dir='ltr'>στέλλειν</span> <span class='ocrx_word' id='word_1_719' title='bbox 3404 4707 3494 4758; x_wconf 78' lang='grc' dir='ltr'>τὸν</span> <span class='ocrx_word' id='word_1_720' title='bbox 3523 4704 3709 4758; x_wconf 68' lang='grc' dir='ltr'>διαλεο</span> 
     </span>
    </p>
   </div>
   <div class='ocr_carea' id='block_1_104' title="bbox 2122 4795 3709 4877">
    <p class='ocr_par' dir='ltr' id='par_1_104' title="bbox 2122 4795 3709 4877">
     <span class='ocr_line' id='line_1_104' title="bbox 2122 4795 3709 4877; baseline -0.008 -17"><span class='ocrx_word' id='word_1_721' title='bbox 2122 4807 2345 4877; x_wconf 81' lang='grc' dir='ltr'>ξόμενον</span> <span class='ocrx_word' id='word_1_722' title='bbox 2379 4804 2456 4874; x_wconf 86' lang='grc' dir='ltr'><strong>τῷ</strong></span> <span class='ocrx_word' id='word_1_723' title='bbox 2487 4803 2779 4874; x_wconf 80' lang='grc' dir='ltr'>Παρθυαίῳ</span> <span class='ocrx_word' id='word_1_724' title='bbox 2805 4802 2827 4833; x_wconf 83' lang='grc'><strong><em>⁸</em></strong></span> <span class='ocrx_word' id='word_1_725' title='bbox 2862 4801 3127 4872; x_wconf 79' lang='grc' dir='ltr'>μονάρχῃ·</span> <span class='ocrx_word' id='word_1_726' title='bbox 3159 4801 3296 4870; x_wconf 84' lang='grc' dir='ltr'>μήτε</span> <span class='ocrx_word' id='word_1_727' title='bbox 3321 4798 3431 4868; x_wconf 77' lang='grc' dir='ltr'><strong>γάρ</strong></span> <span class='ocrx_word' id='word_1_728' title='bbox 3459 4795 3709 4867; x_wconf 76' lang='grc' dir='ltr'>φυγάδας</span> 
     </span>
    </p>
   </div>
   <div class='ocr_carea' id='block_1_105' title="bbox 2120 4887 3706 4969">
    <p class='ocr_par' dir='ltr' id='par_1_105' title="bbox 2120 4887 3706 4969">
     <span class='ocr_line' id='line_1_105' title="bbox 2120 4887 3706 4969; baseline -0.009 -15"><span class='ocrx_word' id='word_1_729' title='bbox 2120 4896 2260 4954; x_wconf 75' lang='grc' dir='ltr'>εἶναι</span> <span class='ocrx_word' id='word_1_730' title='bbox 2283 4896 2434 4969; x_wconf 84' lang='grc' dir='ltr'><strong>παρά</strong></span> <span class='ocrx_word' id='word_1_731' title='bbox 2461 4895 2635 4965; x_wconf 87' lang='grc' dir='ltr'>σφίσι,</span> <span class='ocrx_word' id='word_1_732' title='bbox 2667 4895 2806 4964; x_wconf 86' lang='grc' dir='ltr'>μήτε</span> <span class='ocrx_word' id='word_1_733' title='bbox 2839 4891 3294 4964; x_wconf 85' lang='grc' dir='ltr'>παρενοχλεῖσθαι</span> <span class='ocrx_word' id='word_1_734' title='bbox 3317 4890 3445 4952; x_wconf 80' lang='grc' dir='ltr'>τοὺς</span> <span class='ocrx_word' id='word_1_735' title='bbox 3473 4887 3706 4956; x_wconf 82' lang='grc' dir='ltr'>Μάγους</span> 
     </span>
    </p>
   </div>
   <div class='ocr_carea' id='block_1_106' title="bbox 2118 4980 3705 5063">
    <p class='ocr_par' dir='ltr' id='par_1_106' title="bbox 2118 4980 3705 5063">
     <span class='ocr_line' id='line_1_106' title="bbox 2118 4980 3705 5063; baseline -0.011 -16"><span class='ocrx_word' id='word_1_736' title='bbox 2118 4994 2218 5063; x_wconf 78' lang='grc' dir='ltr'>τῆς</span> <span class='ocrx_word' id='word_1_737' title='bbox 2262 4988 2559 5060; x_wconf 86' lang='grc' dir='ltr'>θρησκείας</span> <span class='ocrx_word' id='word_1_738' title='bbox 2607 4987 2757 5056; x_wconf 75' lang='grc' dir='ltr'>πέριο</span> <span class='ocrx_word' id='word_1_739' title='bbox 2807 4984 2904 5056; x_wconf 78' lang='grc' dir='ltr'>τὴν</span> <span class='ocrx_word' id='word_1_740' title='bbox 2932 4982 3180 5055; x_wconf 82' lang='grc' dir='ltr'>φυλακὴν</span> <span class='ocrx_word' id='word_1_741' title='bbox 3221 4982 3277 5036; x_wconf 82' lang='grc' dir='ltr'>δὲ</span> <span class='ocrx_word' id='word_1_742' title='bbox 3305 4980 3400 5035; x_wconf 86' lang='grc' dir='ltr'><strong>τοῦ</strong></span> <span class='ocrx_word' id='word_1_743' title='bbox 3453 4981 3705 5050; x_wconf 80' lang='grc' dir='ltr'>’1ουροειο</span> 
     </span>
    </p>
   </div>
   <div class='ocr_carea' id='block_1_107' title="bbox 2119 5069 3706 5155">
    <p class='ocr_par' dir='ltr' id='par_1_107' title="bbox 2119 5069 3706 5155">
     <span class='ocr_line' id='line_1_107' title="bbox 2119 5069 3706 5155; baseline -0.01 -16"><span class='ocrx_word' id='word_1_744' title='bbox 2119 5083 2269 5155; x_wconf 81' lang='grc' dir='ltr'>παάχ</span> <span class='ocrx_word' id='word_1_745' title='bbox 2301 5081 2562 5152; x_wconf 82' lang='grc' dir='ltr'>φρουρίου</span> <span class='ocrx_word' id='word_1_746' title='bbox 2602 5079 2697 5131; x_wconf 71' lang='grc' dir='ltr'>καὶ</span> <span class='ocrx_word' id='word_1_747' title='bbox 2732 5078 2964 5146; x_wconf 87' lang='grc' dir='ltr'>πόλεμον</span> <span class='ocrx_word' id='word_1_748' title='bbox 3005 5075 3098 5129; x_wconf 77' lang='grc' dir='ltr'>τὸν</span> <span class='ocrx_word' id='word_1_749' title='bbox 3130 5075 3268 5144; x_wconf 79' lang='grc' dir='ltr'>πρὸς</span> <span class='ocrx_word' id='word_1_750' title='bbox 3296 5069 3706 5155; x_wconf 35' lang='grc' dir='ltr'>τοὺςιοῦννους</span> 
     </span>
    </p>
   </div>
   <div class='ocr_carea' id='block_1_108' title="bbox 2110 5147 3706 5247">
    <p class='ocr_par' dir='ltr' id='par_1_108' title="bbox 2110 5147 3706 5247">
     <span class='ocr_line' id='line_1_108' title="bbox 2110 5147 3706 5247; baseline 0.015 -26"><span class='ocrx_word' id='word_1_751' title='bbox 2110 5147 2267 5247; x_wconf 44' lang='lat' dir='ltr'><strong>aut;</strong></span> <span class='ocrx_word' id='word_1_752' title='bbox 2287 5147 2649 5243; x_wconf 42' lang='grc' dir='ltr'>σφῶν-αὐτῶν</span> <span class='ocrx_word' id='word_1_753' title='bbox 2696 5166 3159 5238; x_wconf 78' lang='grc' dir='ltr'>ἀναδεδεγμένους</span> <span class='ocrx_word' id='word_1_754' title='bbox 3209 5164 3289 5238; x_wconf 77' lang='grc' dir='ltr'>μὴ</span> <span class='ocrx_word' id='word_1_755' title='bbox 3311 5147 3539 5226; x_wconf 73' lang='grc' dir='ltr'>δικαῖως</span> <span class='ocrx_word' id='word_1_756' title='bbox 3562 5161 3706 5233; x_wconf 63' lang='grc' dir='ltr'><strong>κρῆ·</strong></span> 
     </span>
    </p>
   </div>
   <div class='ocr_carea' id='block_1_109' title="bbox 1639 5293 2314 5354">
    <p class='ocr_par' dir='ltr' id='par_1_109' title="bbox 1639 5293 2314 5354">
     <span class='ocr_line' id='line_1_109' title="bbox 1639 5293 2314 5354; baseline 0 -4"><span class='ocrx_word' id='word_1_757' title='bbox 1639 5293 1876 5351; x_wconf 74' lang='lat' dir='ltr'><strong>VARUE</strong></span> <span class='ocrx_word' id='word_1_758' title='bbox 1911 5294 2314 5354; x_wconf 81' lang='lat' dir='ltr'><strong>LECTIONES.</strong></span> 
     </span>
    </p>
   </div>
   <div class='ocr_carea' id='block_1_110' title="bbox 475 5380 3703 5466">
    <p class='ocr_par' dir='ltr' id='par_1_110' title="bbox 475 5380 3703 5466">
     <span class='ocr_line' id='line_1_110' title="bbox 475 5380 3703 5466; baseline -0.004 -20"><span class='ocrx_word' id='word_1_759' title='bbox 475 5391 531 5466; x_wconf 44' lang='grc' dir='ltr'><strong>ἐξ</strong></span> <span class='ocrx_word' id='word_1_760' title='bbox 549 5391 698 5466; x_wconf 69' lang='grc' dir='ltr'>ῂθῶν</span> <span class='ocrx_word' id='word_1_761' title='bbox 736 5387 1217 5466; x_wconf 40' lang='grc' dir='ltr'>(ξυιιιοοιηβθνῶν</span> <span class='ocrx_word' id='word_1_762' title='bbox 1243 5387 1400 5466; x_wconf 60' lang='lat' dir='ltr'><strong>vulg.</strong></span> <span class='ocrx_word' id='word_1_763' title='bbox 1555 5389 1836 5464; x_wconf 79' lang='grc' dir='ltr'>Ἀϐάρεις]</span> <span class='ocrx_word' id='word_1_764' title='bbox 1882 5393 2105 5466; x_wconf 83' lang='grc' dir='ltr'>Ἀϐάρις</span> <span class='ocrx_word' id='word_1_765' title='bbox 2153 5392 2311 5466; x_wconf 68' lang='grc' dir='ltr'>διιίἀ.</span> <span class='ocrx_word' id='word_1_766' title='bbox 2352 5408 2397 5466; x_wconf 74' lang='lat' dir='ltr'><strong>s.</strong></span> <span class='ocrx_word' id='word_1_767' title='bbox 2434 5407 2511 5466; x_wconf 87' lang='lat' dir='ltr'><strong>v_.,</strong></span> <span class='ocrx_word' id='word_1_768' title='bbox 2541 5388 2773 5466; x_wconf 77' lang='grc' dir='ltr'>Ἀϐαροι</span> <span class='ocrx_word' id='word_1_769' title='bbox 2823 5384 2971 5465; x_wconf 73' lang='lat' dir='ltr'><strong>vulg.</strong></span> <span class='ocrx_word' id='word_1_770' title='bbox 3070 5383 3093 5415; x_wconf 80' lang='grc'>⁸</span> <span class='ocrx_word' id='word_1_771' title='bbox 3128 5381 3302 5466; x_wconf 73' lang='grc' dir='ltr'>ἀκτὴν</span> <span class='ocrx_word' id='word_1_772' title='bbox 3334 5380 3510 5466; x_wconf 45' lang='grc' dir='ltr'>ἠδιιίξί.</span> <span class='ocrx_word' id='word_1_773' title='bbox 3554 5395 3601 5434; x_wconf 91' lang='lat' dir='ltr'><strong>s.</strong></span> <span class='ocrx_word' id='word_1_774' title='bbox 3649 5396 3703 5433; x_wconf 82' lang='grc' dir='ltr'><strong>ν.</strong></span> 
     </span>
    </p>
   </div>
   <div class='ocr_carea' id='block_1_111' title="bbox 435 5451 3702 5541">
    <p class='ocr_par' dir='ltr' id='par_1_111' title="bbox 435 5451 3702 5541">
     <span class='ocr_line' id='line_1_111' title="bbox 435 5451 3702 5541; baseline 0 0"><span class='ocrx_word' id='word_1_775' title='bbox 435 5451 682 5541; x_wconf 62' lang='grc' dir='ltr'><strong>ἶᾼξᾲἓηςν</strong></span> <span class='ocrx_word' id='word_1_776' title='bbox 717 5460 889 5541; x_wconf 61' lang='grc' dir='ltr'>αὐτὴν</span> <span class='ocrx_word' id='word_1_777' title='bbox 917 5451 1078 5541; x_wconf 63' lang='lat' dir='ltr'><strong>.Yuls-</strong></span> <span class='ocrx_word' id='word_1_778' title='bbox 1138 5460 1198 5541; x_wconf 84' lang='grc'>.”</span> <span class='ocrx_word' id='word_1_779' title='bbox 1229 5451 1638 5541; x_wconf 43' lang='lat' dir='ltr'><strong>inﬂixerat</strong></span> <span class='ocrx_word' id='word_1_780' title='bbox 1654 5451 2403 5541; x_wconf 59' lang='lat' dir='ltr'><strong>-&#39;..ti=&#39;tav£¢‘=ei=°~-99mia</strong></span> <span class='ocrx_word' id='word_1_781' title='bbox 2453 5451 2586 5541; x_wconf 62' lang='grc' dir='ltr'>διάξει</span> <span class='ocrx_word' id='word_1_782' title='bbox 2619 5451 2820 5541; x_wconf 50' lang='lat' dir='ltr'><strong>tvm-ﬁsa</strong></span> <span class='ocrx_word' id='word_1_783' title='bbox 2852 5451 3298 5541; x_wconf 57' lang='grc' dir='ltr'><strong>ίηζὲιθθφιέξιέ</strong></span> <span class='ocrx_word' id='word_1_784' title='bbox 3331 5451 3702 5541; x_wconf 59' lang='grc' dir='ltr'><strong>ξνὲ⁶³δ.³τ,-.ν;</strong></span> 
     </span>
    </p>
   </div>
   <div class='ocr_carea' id='block_1_112' title="bbox 436 5521 3701 5646">
    <p class='ocr_par' dir='ltr' id='par_1_112' title="bbox 436 5521 3701 5646">
     <span class='ocr_line' id='line_1_112' title="bbox 436 5521 3701 5646; baseline -0.004 -61"><span class='ocrx_word' id='word_1_785' title='bbox 436 5521 678 5602; x_wconf 63' lang='grc' dir='ltr'>’Λϐάριξ</span> <span class='ocrx_word' id='word_1_786' title='bbox 714 5521 958 5586; x_wconf 73' lang='lat' dir='ltr'><strong>restituit</strong></span> <span class='ocrx_word' id='word_1_787' title='bbox 991 5521 1074 5586; x_wconf 75' lang='grc' dir='ltr'><strong>ΟῙ.</strong></span> <span class='ocrx_word' id='word_1_788' title='bbox 1137 5528 1196 5583; x_wconf 90' lang='lat' dir='ltr'><strong>In</strong></span> <span class='ocrx_word' id='word_1_789' title='bbox 1247 5521 1334 5585; x_wconf 75' lang='lat' dir='ltr'><strong>his</strong></span> <span class='ocrx_word' id='word_1_790' title='bbox 1393 5521 1492 5602; x_wconf 68' lang='grc' dir='ltr'>οὔχ</span> <span class='ocrx_word' id='word_1_791' title='bbox 1530 5521 1662 5588; x_wconf 67' lang='lat' dir='ltr'><strong>add.</strong></span> <span class='ocrx_word' id='word_1_792' title='bbox 1707 5521 1774 5588; x_wconf 69' lang='grc' dir='ltr'><strong>Νξ</strong></span> <span class='ocrx_word' id='word_1_793' title='bbox 1853 5533 2006 5586; x_wconf 74' lang='grc' dir='ltr'>’τῶν</span> <span class='ocrx_word' id='word_1_794' title='bbox 2068 5535 2127 5587; x_wconf 90' lang='grc' dir='ltr'><strong>ἐν</strong></span> <span class='ocrx_word' id='word_1_795' title='bbox 2157 5523 2160 5526; x_wconf 50' lang='grc'><strong>’</strong></span> <span class='ocrx_word' id='word_1_796' title='bbox 2189 5524 2394 5597; x_wconf 44' lang='lat' dir='ltr'><strong>Vales”</strong></span> <span class='ocrx_word' id='word_1_797' title='bbox 2454 5521 2706 5584; x_wconf 48' lang='grc' dir='ltr'>καίτῶν</span> <span class='ocrx_word' id='word_1_798' title='bbox 2747 5530 2806 5581; x_wconf 90' lang='grc' dir='ltr'><strong>ἐν</strong></span> <span class='ocrx_word' id='word_1_799' title='bbox 2847 5524 2995 5646; x_wconf 52' lang='lat' dir='ltr'><strong>vulg:</strong></span> <span class='ocrx_word' id='word_1_800' title='bbox 3101 5521 3122 5555; x_wconf 73' lang='lat'>‘</span> <span class='ocrx_word' id='word_1_801' title='bbox 3152 5521 3433 5584; x_wconf 83' lang='grc' dir='ltr'>ἐθέλοντες</span> <span class='ocrx_word' id='word_1_802' title='bbox 3475 5529 3531 5575; x_wconf 87' lang='lat' dir='ltr'><strong>et</strong></span> <span class='ocrx_word' id='word_1_803' title='bbox 3573 5536 3701 5574; x_wconf 78' lang='grc' dir='ltr'>ιιιοιι</span> 
     </span>
     <span class='ocr_line' id='line_1_113' title="bbox 436 5591 3701 5646; baseline 0 0"><span class='ocrx_word' id='word_1_804' title='bbox 436 5599 826 5646; x_wconf 73' lang='grc' dir='ltr'>καοενονλοῦσί</span> <span class='ocrx_word' id='word_1_805' title='bbox 861 5617 924 5646; x_wconf 68' lang='grc' dir='ltr'><strong>τε</strong></span> <span class='ocrx_word' id='word_1_806' title='bbox 951 5599 1042 5646; x_wconf 84' lang='grc' dir='ltr'><strong>Ν.-</strong></span> <span class='ocrx_word' id='word_1_807' title='bbox 1084 5598 1371 5646; x_wconf 71' lang='grc' dir='ltr'>ἐθέλοντας</span> <span class='ocrx_word' id='word_1_808' title='bbox 1391 5609 1442 5646; x_wconf 70' lang='grc' dir='ltr'><strong>Μ</strong></span> <span class='ocrx_word' id='word_1_809' title='bbox 1470 5601 1866 5646; x_wconf 68' lang='grc' dir='ltr'>παρανιιιοοῦειι</span> <span class='ocrx_word' id='word_1_810' title='bbox 1890 5603 1947 5646; x_wconf 73' lang='grc' dir='ltr'>δὲ</span> <span class='ocrx_word' id='word_1_811' title='bbox 1970 5605 2111 5646; x_wconf 61' lang='lat' dir='ltr'><strong>mila,</strong></span> <span class='ocrx_word' id='word_1_812' title='bbox 2218 5604 2240 5636; x_wconf 78' lang='grc'><strong><em>⁵</em></strong></span> <span class='ocrx_word' id='word_1_813' title='bbox 2269 5601 2424 5646; x_wconf 69' lang='grc' dir='ltr'>ἐσαεὶ</span> <span class='ocrx_word' id='word_1_814' title='bbox 2461 5600 2550 5646; x_wconf 71' lang='lat' dir='ltr'><strong>ml</strong></span> <span class='ocrx_word' id='word_1_815' title='bbox 2585 5599 2671 5646; x_wconf 26' lang='grc' dir='ltr'><strong>Β.-</strong></span> <span class='ocrx_word' id='word_1_816' title='bbox 2709 5599 2804 5646; x_wconf 74' lang='grc' dir='ltr'>καὶ</span> <span class='ocrx_word' id='word_1_817' title='bbox 2823 5597 2954 5646; x_wconf 88' lang='grc' dir='ltr'>ἐσαε</span> <span class='ocrx_word' id='word_1_818' title='bbox 3014 5595 3163 5646; x_wconf 81' lang='lat' dir='ltr'><strong>vultr.</strong></span> <span class='ocrx_word' id='word_1_819' title='bbox 3265 5593 3287 5624; x_wconf 79' lang='grc'><strong><em>⁸</em></strong></span> <span class='ocrx_word' id='word_1_820' title='bbox 3323 5591 3701 5646; x_wconf 78' lang='grc' dir='ltr'>Ἰουοοειπαὰγ</span> 
     </span>
    </p>
   </div>
   <div class='ocr_carea' id='block_1_113' title="bbox 425 5598 2115 5675">
    <p class='ocr_par' dir='ltr' id='par_1_113' title="bbox 425 5598 2115 5675">
     <span class='ocr_line' id='line_1_114' title="bbox 425 5598 2115 5675; baseline 0.004 -21"><span class='ocrx_word' id='word_1_821' title='bbox 425 5598 826 5675; x_wconf 48' lang='grc' dir='ltr'>παρεξρχλοῦρί</span> <span class='ocrx_word' id='word_1_822' title='bbox 861 5617 924 5654; x_wconf 84' lang='grc' dir='ltr'><strong>τε</strong></span> <span class='ocrx_word' id='word_1_823' title='bbox 950 5599 1043 5675; x_wconf 85' lang='lat' dir='ltr'><strong>N_.,</strong></span> <span class='ocrx_word' id='word_1_824' title='bbox 1084 5598 1371 5675; x_wconf 71' lang='grc' dir='ltr'>ἐθέλοντας</span> <span class='ocrx_word' id='word_1_825' title='bbox 1391 5598 1866 5675; x_wconf 56' lang='grc' dir='ltr'>ειξπαραχωροῦσι</span> <span class='ocrx_word' id='word_1_826' title='bbox 1890 5603 1948 5675; x_wconf 77' lang='grc' dir='ltr'><strong>δέ</strong></span> <span class='ocrx_word' id='word_1_827' title='bbox 1970 5605 2115 5675; x_wconf 87' lang='lat' dir='ltr'><strong>vulg.</strong></span> 
     </span>
    </p>
   </div>
   <div class='ocr_carea' id='block_1_114' title="bbox 425 5668 2652 5790">
    <p class='ocr_par' dir='ltr' id='par_1_114' title="bbox 425 5668 2652 5790">
     <span class='ocr_line' id='line_1_115' title="bbox 425 5668 2652 5790; baseline 0.001 -68"><span class='ocrx_word' id='word_1_828' title='bbox 828 5669 1060 5790; x_wconf 47' lang='lat' dir='ltr'><strong>ea:</strong></span> <span class='ocrx_word' id='word_1_829' title='bbox 1096 5668 1236 5726; x_wconf 80' lang='lat' dir='ltr'><strong>infra</strong></span> <span class='ocrx_word' id='word_1_830' title='bbox 1282 5671 1379 5728; x_wconf 91' lang='lat' dir='ltr'><strong>lin.</strong></span> <span class='ocrx_word' id='word_1_831' title='bbox 1411 5670 1476 5727; x_wconf 77' lang='grc'><strong>21</strong></span> <span class='ocrx_word' id='word_1_832' title='bbox 1511 5668 1567 5727; x_wconf 85' lang='lat' dir='ltr'><strong>et</strong></span> <span class='ocrx_word' id='word_1_833' title='bbox 1593 5668 1720 5743; x_wconf 68' lang='lat' dir='ltr'><strong>pag.</strong></span> <span class='ocrx_word' id='word_1_834' title='bbox 1748 5672 1870 5742; x_wconf 85' lang='grc'>161,</span> <span class='ocrx_word' id='word_1_835' title='bbox 1906 5672 2003 5732; x_wconf 90' lang='lat' dir='ltr'><strong>lin.</strong></span> <span class='ocrx_word' id='word_1_836' title='bbox 2030 5668 2123 5731; x_wconf 57' lang='grc' dir='ltr'><strong>εἰ.</strong></span> <span class='ocrx_word' id='word_1_837' title='bbox 2155 5671 2463 5742; x_wconf 68' lang='grc' dir='ltr'>οὐροεισὰχ</span> <span class='ocrx_word' id='word_1_838' title='bbox 2507 5670 2652 5742; x_wconf 87' lang='lat' dir='ltr'><strong>vulg.</strong></span> 
     </span>
    </p>
   </div>
   <div class='ocr_carea' id='block_1_115' title="bbox 575 5738 1075 5809">
    <p class='ocr_par' dir='ltr' id='par_1_115' title="bbox 575 5738 1075 5809">
     <span class='ocr_line' id='line_1_116' title="bbox 575 5738 1075 5809; baseline 0.016 -18"><span class='ocrx_word' id='word_1_839' title='bbox 575 5738 813 5807; x_wconf 83' lang='grc' dir='ltr'>ρθυαίων</span> <span class='ocrx_word' id='word_1_840' title='bbox 838 5740 985 5809; x_wconf 85' lang='lat' dir='ltr'><strong>conj.</strong></span> <span class='ocrx_word' id='word_1_841' title='bbox 1008 5741 1075 5799; x_wconf 82' lang='lat' dir='ltr'><strong>N.</strong></span> 
     </span>
    </p>
   </div>
   <div class='ocr_carea' id='block_1_116' title="bbox 2218 5591 3703 5671">
    <p class='ocr_par' dir='ltr' id='par_1_116' title="bbox 2218 5591 3703 5671">
     <span class='ocr_line' id='line_1_117' title="bbox 2218 5591 3703 5671; baseline 0.014 -16"><span class='ocrx_word' id='word_1_842' title='bbox 2218 5604 2240 5636; x_wconf 79' lang='grc' dir='ltr'><strong>ι</strong></span> <span class='ocrx_word' id='word_1_843' title='bbox 2269 5591 2426 5656; x_wconf 72' lang='grc' dir='ltr'>ἐσαεὶ</span> <span class='ocrx_word' id='word_1_844' title='bbox 2461 5600 2550 5655; x_wconf 61' lang='grc' dir='ltr'><strong>κατ</strong></span> <span class='ocrx_word' id='word_1_845' title='bbox 2583 5599 2671 5671; x_wconf 72' lang='grc' dir='ltr'><strong>Β..</strong></span> <span class='ocrx_word' id='word_1_846' title='bbox 2709 5591 3170 5671; x_wconf 60' lang='grc' dir='ltr'><strong>κᾳὶὲξταεῌιιιιςο.</strong></span> <span class='ocrx_word' id='word_1_847' title='bbox 3265 5593 3287 5624; x_wconf 85' lang='grc'><strong><em>⁸</em></strong></span> <span class='ocrx_word' id='word_1_848' title='bbox 3323 5591 3703 5671; x_wconf 50' lang='lat' dir='ltr'><strong>&quot;eum&quot;???</strong></span> 
     </span>
    </p>
   </div>
   <div class='ocr_carea' id='block_1_117' title="bbox 2749 5659 3698 5740">
    <p class='ocr_par' dir='ltr' id='par_1_117' title="bbox 2749 5659 3698 5740">
     <span class='ocr_line' id='line_1_118' title="bbox 2749 5659 3698 5740; baseline -0.013 -15"><span class='ocrx_word' id='word_1_849' title='bbox 2749 5669 2770 5702; x_wconf 88' lang='grc'><strong>⁷</strong></span> <span class='ocrx_word' id='word_1_850' title='bbox 2798 5661 3024 5740; x_wconf 81' lang='grc' dir='ltr'>μόνους]</span> <span class='ocrx_word' id='word_1_851' title='bbox 3057 5659 3255 5737; x_wconf 78' lang='grc' dir='ltr'>μόνους</span> <span class='ocrx_word' id='word_1_852' title='bbox 3294 5659 3609 5734; x_wconf 15' lang='grc' dir='ltr'>σφᾶςήοοιιλ.</span> <span class='ocrx_word' id='word_1_853' title='bbox 3637 5659 3698 5722; x_wconf 79' lang='grc' dir='ltr'>Β.</span> 
     </span>
    </p>
   </div>
  </div>
