4050 6426
333 371 434 436 697

1137 372 1231 431 DE
1269 372 1832 433 LEGATIONIBUS
1870 375 2224 436 GENTlUM
2265 377 2366 437 AD
2415 375 2798 436 ROMANOS.

3489 374 3595 436 ωε

332 500 475 555 ματα
518 482 689 536 αίτεϊν
740 482 872 552 παρ’
932 483 1130 537 αὐτῶν.
1197 483 1634 553 Ἑπρεσϐεύσατο
1663 485 1720 538 δὲ
1752 485 1937 555 παρὰ,

2020 487 2126 542 trbi
2156 486 2350 555 luerat,
2373 497 2428 544 et
2457 489 2524 544 ad
2555 487 2872 544 consulatus
2893 485 3315 557 patriciatusque
3335 486 3593 544 honorem

331 574 428 641 μὲν
459 570 766 641 Βανδήλους
792 573 813 604 ³
844 571 984 641 ὑπὲρ
1018 572 1237 626 Ἰταλῶν
1290 574 1553 637 Ίάτιανὸς
1591 576 1649 626 ἐν
1686 578 1753 645 τῇ
1804 575 1913 628 τῶν

2019 587 2259 633 θνεοιυε.

327 662 636 733 πατρικίων
680 663 808 733 ἀξία
855 663 1304 734 καταλεγόμενος,
1376 667 1526 736 παρὰ
1583 665 1640 718 δέ
1706 666 1922 737 Πέρσας
1990 669 2366 734 Κωνστάντιος
2407 670 2469 735 ¹⁰,
2518 669 2698 739 τρίτον
2768 669 2868 740 μὲν
2929 667 3029 740 τὴν
3097 667 3341 737 ὕπαρχον
3414 666 3596 736 λαχὼν

324 756 522 827 ἀρχὴν,
565 754 703 828 πρὸς
737 754 795 809 δὲ
827 757 894 825 τῇ
934 755 1172 826 ὑπατικῇ
1221 754 1348 827 ἀξίᾳ
1399 755 1496 809 καὶ
1556 757 1652 828 τῆς
1708 757 2125 829 πατρικιότητος
2155 760 2356 830 τυχών.

395 851 495 910 ις’.
533 845 659 900 ’Ὁτι
693 843 831 915 μετὰ
856 845 948 898 τὸν
976 846 1305 916 ἐμπρησμὸν
1332 845 1433 916 τῆς
1460 846 1668 910 πόλεως
1690 847 1784 900 τὸν
1811 849 1903 900 ἐπὶ

324 940 554 1000 Λέοντος
587 932 724 1008 ἧκεν
757 939 784 990 ὁ
819 935 1078 1008 Γωϐάζης
1107 938 1202 991 σὺν
1234 939 1496 1010 Διονυσίῳ
1529 941 1585 1003 ἐς
1615 940 1716 1011 τὴν
1749 941 1904 995 Κων-

2082 847 2167 902 16.
2196 849 2282 919 (Α.
2309 849 2371 904 C.
2398 847 2525 910 465,
2559 846 2673 901 ΙηιΙ.
2696 846 2750 912 '5,
2785 843 2955 902 Leon.
2980 844 3057 917 9.)
3106 842 3237 901 Post
3280 843 3593 898 incendium

2007 940 2260 1001 civitatis,
2303 941 2447 1010 quod
2483 940 2682 994 accidit
2739 939 2840 995 sub
2898 935 3100 1005 Leone,
3141 936 3386 991 Gobares
3451 938 3599 989 venit

327 1031 634 1096 σταντίνου,
685 1030 960 1100 Περσικὴν
1001 1029 1139 1100 ἔχων
1187 1030 1379 1102 στολὴν
1425 1033 1520 1085 καὶ
1558 1033 1637 1103 τῷ
1678 1033 1906 1105 Μηδικῷ

2020 1029 2532 1098 Constantinopolim
2615 1044 2736 1084 cum
2807 1027 3086 1095 Dionysio,
3159 1026 3296 1082 Stola
3372 1027 3588 1081 Persica

325 1119 798 1190 δορυφορούμενος
825 1122 1032 1191 τρόπῳ,
1061 1124 1156 1175 Ὃν
1185 1123 1235 1175 oi
1265 1123 1407 1194 ἀμφὶ
1433 1122 1502 1176 τὰ
1532 1123 1782 1193 βασίλεια
1813 1125 1904 1179 δε-

327 1211 554 1279 ξάμενοι
604 1212 867 1282 πρότερον
917 1213 1015 1279 μὲν
1061 1213 1156 1287 τοῦ
1205 1214 1574 1285 νεωτερισμοῦ
1625 1215 1908 1286 κατεμέμ-

324 1302 522 1369 ψαντο,
548 1301 742 1356 ἔπειτα
766 1304 820 1357 δὲ
850 1303 1379 1374 φιλοφρονησάμενοι
1404 1305 1756 1376 ἀπέπεμψαν.
1786 1302 1911 1360 Εἵλε

327 1394 438 1464 γάρ
480 1394 679 1458 αὐτοὺς
716 1398 782 1466 τῇ
824 1412 880 1448 τε
922 1395 1134 1469 θωπείᾳ
1171 1396 1283 1450 τῶν
1324 1396 1522 1467 λόγων,
1561 1400 1654 1451 καὶ
1693 1399 1762 1452 τὰ
1805 1399 1912 1453 τῶν

330 1486 679 1556 Χριστιανῶν
709 1488 1107 1559 ἐπιφερόμενος
1136 1489 1401 1560 σύμϐολα.

408 1660 494 1725 ιζ’.
537 1662 660 1716 Ὅτι
697 1663 884 1733 Σκίροι
909 1664 951 1696 ¹¹
986 1665 1079 1718 καὶ
1117 1665 1157 1718 Γ
1158 1665 1304 1720 ότθοι
1338 1669 1418 1731 είς
1452 1667 1687 1740 πόλεμον
1719 1671 1906 1724 συνελ-

343 1752 520 1815 θόντες
553 1753 651 1807 καὶ
687 1753 1143 1824 διαχωρισθέντες
1180 1757 1480 1827 ἀμφότεροι
1517 1758 1654 1829 πρὸς
1689 1763 1909 1832 συμμά-

337 1861 446 1913 χων
479 1843 810 1915 μετάκλησιν
844 1847 1341 1916 παρεσκευάζοντο.
1379 1849 1468 1903 Ἐν
1515 1844 1596 1914 οἷς
1630 1852 1725 1905 καὶ⁸
1759 1853 1910 1924 παρὰ

329 1934 456 1996 τοὺς
486 1933 687 2006 Ἐᾠους
704 1932 886 2008 ἦλθον.
907 1939 1018 1992 Καὶ
1043 1939 1264 2010 Ἀσπαρ
1287 1941 1328 1971 “
1351 1943 1448 2012 μὲν
1471 1943 1658 2012 ἡγεῖτο
1685 1944 1910 2014 μηδετέο

328 2044 450 2094 ροις
496 2031 834 2098 συμμαχεῖν,
878 2032 908 2082 ό
954 2030 1009 2084 δὲ
1058 2032 1418 2104 αὐτοκράτωρ
1462 2034 1615 2088 Λέων
1661 2036 1911 2091 ἐϐούλετο

325 2119 550 2188 Σκίροις
582 2122 913 2192 ἐπικουρεῖν.
953 2123 1060 2176 Kal.
1099 2124 1164 2196 δὴ
1203 2124 1508 2196 γράμμῶια
1549 2130 1686 2199 πρὸς
1721 2129 1812 2182 τὸν
1853 2131 1911 2184 ἐν

336 2210 626 2282 Ἰλλυριοῖς
662 2214 968 2282 στρατηγὸν
1003 2214 1275 2284 ἔπεμπεν,
1311 2217 1694 2288 ἐντελλόμενός
1729 2237 1911 2290 σφισιν

325 2301 477 2354 κατὰ
511 2301 621 2356 τῶν
661 2303 872 2357 Γότθων
915 2303 1167 2375 βοήθειαν
1209 2306 1307 2377 τὴν
1348 2309 1733 2378 προσήκουσαν
1771 2311 1912 2382 πέμ-

325 2410 478 2448 πειν.

402 2484 499 2557 ιη’.
536 2487 657 2541 Ὀτι
699 2481 801 2558 ἧκε
845 2488 986 2543 κατὰ
1024 2487 1214 2542 τοῦτον
1251 2489 1344 2544 τὸν
1383 2492 1570 2564 χρόνον
1611 2496 1763 2566 παρᾶ
1803 2497 1912 2552 τῶν

336 2576 580 2648 Ἀττήλα
623 2577 830 2631 παίδων
869 2577 945 2641 ὡς
983 2579 1076 2632 τὸν
1115 2579 1341 2649 βασιλέα
1377 2582 1580 2637 Λέοντα
1623 2585 1910 2655 πρεσϐεία,

326 2667 433 2731 τὰς
471 2667 652 2730 αίτίας
691 2667 981 2722 διαλύουσα
1018 2669 1119 2738 τῆς
1161 2672 1591 2744 προῦπαρξάσης
1627 2673 1912 2745 διαφορᾶς,

327 2761 432 2814 καὶ
457 2761 536 2824 ὡς
566 2761 673 2833 χρὴ
708 2761 906 2824 αὐτοὺς
937 2762 1030 2814 ἐπὶ
1063 2763 1250 2834 εἰρήνῃ
1283 2763 1628 2829 σπένδεσθαι,
1652 2767 1744 2819 καὶ
1775 2767 1917 2820 κατὰ

2010 1120 2251 1186 indutus,
2281 1130 2335 1176 et
2351 1121 2625 1176 Medorum
2663 1120 2715 1174 in
2744 1133 2950 1174 morem
2985 1118 3312 1174 satellitibus
3347 1118 3596 1187 stipatus.

2016 1208 2171 1265 llunc
2233 1211 2523 1279 imperator
2585 1210 2820 1279 excepit,
2877 1216 2932 1264 et
2974 1208 3208 1278 primum
3259 1207 3476 1278 quidem
3527 1209 3597 1263 ob

2017 1315 2276 1356 novarum
2329 1316 2509 1356 rerum
2555 1301 2794 1356 studium
2849 1299 3199 1370 vituperavit,
3243 1298 3354 1370 44
3403 1301 3597 1354 deinde

2017 1391 2247 1446 comiter
2310 1407 2430 1445 eum
2513 1391 2794 1458 amplexus
2867 1389 3098 1446 dimisit.
3141 1390 3388 1446 Gobazes
3451 1389 3596 1444 enim

2019 1483 2449 1538 Christianorum
2490 1483 2729 1554 symbola
2775 1491 3081 1550 ostentans,
3126 1481 3321 1537 blanda
3347 1481 3597 1538 oratione

1943 1562 1987 1620 Β
2015 1589 2135 1629 eum
2167 1575 2330 1644 cepit.

2083 1667 2168 1721 l7.
2215 1668 2288 1736 (c.
2321 1668 2384 1720 Α.
2439 1665 2502 1720 C.
2539 1665 2664 1720 467.
2710 1664 2826 1719 Ind.
2868 1664 2924 1731 5,
2975 1663 3147 1720 Leon.
3191 1665 3279 1736 it.)
3346 1664 3490 1720 Sciri
3544 1676 3600 1721 et

2012 1756 2170 1812 Gothi
2207 1757 2322 1812 acie
2369 1757 2734 1820 decertantes,
2781 1763 2892 1811 eta
2929 1769 3106 1825 pugna
3164 1755 3380 1825 utrique
3443 1771 3596 1810 rece—

2013 1849 2223 1913 dentes,
2258 1848 2323 1901 ad
2356 1848 2676 1902 accersenda
2721 1847 2918 1900 auxilia
2953 1845 3192 1900 animum
3251 1846 3586 1913 adjecerunt.

2014 1939 2128 2005 Qua
2187 1939 2253 1995 de
2283 1954 2340 1994 re
2401 1938 2676 1994 Romanos
2723 1937 3026 1994 Orientales
3099 1937 3369 1992 adierunt.
3426 1939 3601 2008 Aspu-

2014 2032 2230 2100 quidem
2298 2031 2513 2087 censuit
2586 2032 2794 2086 neutris
2860 2029 3242 2099 opitulandum
3301 2045 3442 2084 esse.
3494 2031 3598 2085 Sed

2020 2125 2312 2196 imperator
2344 2123 2454 2179 Leo
2519 2125 2711 2178 statuit
2778 2124 2948 2179 Sciris
3004 2138 3160 2192 opem
3206 2123 3369 2177 ferr».
3421 2125 3602 2194 Itaque

2018 2219 2226 2273 litteras
2253 2219 2318 2272 ad
2349 2217 2662 2287 praelectum
2690 2215 2889 2286 Illyrici
2924 2215 3088 2280 misit,
3109 2215 3380 2286 iussitque
3425 2218 3600 2284 quoal

2023 2323 2244 2364 necesse
2297 2318 2462 2374 esset,
2511 2307 2805 2362 auxiliares
2850 2307 3036 2374 c0pias
3095 2305 3276 2360 Scirts
3336 2306 3602 2361 adversus

2021 2401 2228 2456 Gothos
2256 2401 2515 2471 praebere.

2093 2491 2178 2546 l8.
2240 2491 2312 2563 (c.
2369 2489 2525 2546 A.C.
2569 2489 2696 2553 468,
2732 2487 2848 2544 Ind.
2899 2485 2951 2554 6,
3005 2487 3174 2541 Leon.
3231 2485 3343 2556 12.)
3400 2485 3598 2541 Eodem

2022 2593 2265 2654 tempore
2303 2581 2446 2638 venit
2489 2589 2544 2636 et
2589 2581 2656 2635 ad
2689 2577 2924 2638 Leonem
2969 2579 3350 2646 imperatorem
3407 2577 3604 2647 legatio

2021 2691 2050 2730 a
2081 2677 2205 2732 (iliis
2258 2676 2454 2740 Attilre,
2510 2684 2568 2728 ut
2612 2671 2862 2727 omnibus
2921 2670 3142 2724 omnino
3196 2669 3599 2739 praeteritorum

2023 2766 2370 2824 dissidiornm
2439 2764 2619 2820 causis
2676 2762 2957 2829 resecatis,
3032 2776 3222 2832 pacem
3269 2761 3489 2826 inirent,
3549 2769 3605 2816 et

325 2853 391 2904 τὸ
435 2850 664 2904 παλαιὸν
700 2848 821 2912 ἔθος
862 2850 1016 2922 παρὰ
1049 2850 1139 2904 τὸν
1163 2853 1373 2922 Ἵστρον
1407 2854 1466 2917 ἐς
1503 2855 1700 2908 ταύτὸν
1740 2856 1916 2920 ἰόντας

2025 2860 2164 2916 inter
2185 2875 2265 2924 se,
2301 2867 2358 2912 nt
2382 2857 2510 2912 olim
2539 2866 2657 2912 erat
2689 2857 2742 2910 in
2773 2870 2921 2909 more
2965 2855 3224 2924 positum,
3288 2853 3356 2908 ad
3403 2851 3600 2907 lstrutn

338 2938 638 3009 Ῥωμαίοις
667 2940 980 3008 προτιθέναι
1012 2942 1237 3013 ἀγορὰν,
1268 2942 1362 2996 καὶ
1395 2943 1817 3014 ἀντιλαμϐάνειν
1842 2939 1916 2999 ὧν

335 3032 402 3085 ἂν
436 3031 684 3103 δερμενοι
719 3031 954 3102 τύχοιεν.
993 3034 1104 3087 Καὶ
1140 3035 1173 3104 ή
1213 3034 1311 3104 μὲν
1347 3035 1498 3104 σφῶν
1534 3037 1714 3090 αὐτῶν
1752 3055 1919 3105 πρεσ-

340 3122 459 3175 ϐεία
482 3124 541 3176 ἐν
565 3126 680 3186 τοῖς
699 3123 754 3176 δε
777 3119 910 3177 οὖσα
937 3124 1218 3196 ἄπρακτος
1249 3128 1498 3199 ἐπανῄειο
1524 3129 1586 3182 οὐ
1612 3130 1717 3201 γάρ
1743 3130 1917 3184 ἐδόκει

333 3213 412 3285 τῷ
443 3214 782 3284 βασιλεύοντι
815 3215 1054 3281 Ούννους
1079 3217 1190 3271 τῶν
1220 3218 1544 3290 Ῥωμαϊκῶν
1573 3221 1918 3290 συμϐολαίων

333 3308 588 3376 μετέχειν
630 3307 798 3360 πολλὰ
838 3308 939 3379 τὴν
980 3309 1144 3362 αὑτοῦ
1189 3309 1548 3373 κακώσαντας
1589 3313 1712 3381 γῆν.
1753 3314 1816 3366 Oi
1862 3314 1919 3367 δὲ

328 3398 425 3451 τοῦ
456 3399 691 3469 Ἀττήλα
729 3401 916 3463 παῖδες
951 3401 1050 3470 τὴν
1089 3401 1183 3472 ἐπὶ
1219 3403 1285 3472 τῇ
1328 3402 1593 3474 πρεσϐείᾳ
1631 3403 1918 3475 ἀκόκρισιν

327 3489 621 3558 δεξάμενοι
654 3489 789 3560 πρὸς
816 3492 955 3558 σφᾶς
1003 3491 1332 3562 διεφέροντο.
1371 3495 1429 3546 ’0
1461 3494 1560 3564 μὲν
1585 3496 1693 3565 γάρ
1721 3498 1918 3563 Δεγγι-

330 3582 450 3651 ζιχ,
486 3581 790 3653 ἀπράκτως
823 3583 1226 3638 ἐπανελθόντων
1260 3584 1368 3638 τῶν
1405 3585 1723 3655 πρέσϐεων,
1762 3586 1918 3640 πόλε-

337 3692 438 3743 μον
467 3673 766 3744 Ῥωμαίοις
798 3675 1026 3744 ἐπάγειν
1055 3675 1337 3742 ἐϐούλετο,
1374 3678 1402 3730 ὁ
1442 3678 1500 3731 δὲ
1535 3677 1742 3749 Ἦρνάχ
1778 3679 1917 3750 πρὸς

333 3767 541 3836 ταύτην
579 3766 894 3837 ἀπηγόρευε
936 3767 1038 3838 τὴν
1085 3769 1462 3839 παρασκευὴν,
1505 3766 1580 3832 ὡς
1623 3767 1732 3822 τῶν
1777 3770 1919 3824 κατὰ

343 3856 525 3928 χώραν
548 3859 873 3927 ἀπαγόντων
899 3858 1063 3911 αὐτὸν
1093 3857 1344 3929 πολέμων
1363 3859 1426 3914 ¹³.

415 3945 498 4002 ιθ’.
531 3949 651 4002 Ὀτι
685 3949 1024 4019 Σαράγουροι
1054 3949 1398 4021 Ἀκαττίροις
1431 3951 1523 4005 καὶ⁵
1557 3951 1736 4017 ἄλλοις
1769 3952 1920 4007 ἔθνε-

336 4056 423 4094 σιν
459 4040 775 4111 ἐπιθέμενοι
811 4041 902 4093 ἐπὶ
940 4039 1158 4112 Πέρσας
1193 4042 1538 4112 ἐστράτευον.
1577 4043 1686 4096 Καὶ
1722 4045 1919 4115 πρότε-

331 4148 431 4203 ρον
461 4131 564 4202 μὲν
590 4132 683 4185 ἐπὶ
711 4131 966 4195 Κασπίας
995 4131 1358 4202 παρεγένοντο
1385 4132 1561 4197 πύλας
1583 4152 1596 4166 ·
1627 4135 1722 4188 καὶ
1752 4153 1922 4206 φρουο

331 4225 441 4293 ραν
501 4222 774 4295 Περσικὴν
826 4225 883 4276 ἐν
940 4223 1134 4286 αὐταῖς
1190 4223 1609 4293 ἐγκαθεστῶσαν
1669 4228 1926 4298 εὑρόντες

324 4315 537 4386 ἑτέραν
569 4314 688 4369 ὁδὸν
721 4313 1052 4386 ἐτράποντο,
1087 4309 1241 4389 δι’ἧς
1281 4315 1374 4368 ἐπὶ
1414 4317 1539 4381 τοὺς
1567 4316 1796 4389 Ἴϐηρας
1833 4320 1922 4373 ἐλ-

326 4408 525 4470 θόντες
551 4408 652 4478 τήν
680 4424 739 4460 τε
775 4407 957 4462 αὐτῶν
987 4408 1174 4480 ἐδῄουν
1201 4410 1296 4462 καὶ
1324 4407 1394 4462 τὰ
1411 4409 1716 4480 Ἀρμενίων
1747 4415 1922 4482 χωρία

323 4501 690 4571 κατέτρεχον,
713 4499 852 4554 ὥστε
883 4501 1100 4572 Πέρσας
1131 4502 1264 4572 πρὸς
1291 4501 1369 4571 τῷ
1387 4502 1605 4572 πολέμῳ
1628 4503 1732 4557 τῶν
1755 4505 1924 4558 Κιδαοο

327 4593 507 4664 ριτῶν
541 4592 622 4663 τῷ
659 4592 828 4646 πάλαι
869 4595 1052 4656 αὐτοῖς
1092 4594 1345 4646 συστάντι
1387 4597 1481 4648 καὶ
1515 4593 1722 4667 ταύτην
1761 4596 1923 4654 εὐλα-

323 4683 868 4754 ϐουμένουςιέφώον
915 4681 1068 4753 παρὰ
1103 4682 1412 4753 Ῥωμαίους
1454 4683 1920 4754 πρεσϐεύσασθαι,

323 4778 434 4832 καὶ
461 4775 637 4829 αίτεῖν
665 4775 925 4846 χρήματα
960 4772 1146 4844 σφίσιν
1176 4773 1361 4837 αὐτοῖς
1390 4773 1630 4829 δίδοσθαι
1659 4775 1692 4845 ἢ
1723 4775 1923 4848 ἄνδρας

320 4868 478 4940 πρὸς
508 4865 755 4937 φυλακὴν
784 4865 879 4920 τοῦ
896 4863 1270 4937 Ἰουροειπαὰχ
1300 4865 1584 4936 φρουρίου,
1616 4864 1710 4918 καὶ
1743 4866 1922 4935 λέγειν

321 4962 446 5015 ἆπε
456 4976 488 5030 ρ
516 4959 704 5020 αὐτοῖς
731 4957 995 5022 πολλάκις
1021 4956 1213 5029 εἴρητο
1239 4957 1722 5030 πρεσϐευομένοις,
1753 4959 1837 5014 ὅτι
1856 4960 1920 5025 “,

320 5048 522 5104 αὐτῶν
556 5049 940 5120 ὑφισταμένων
972 5048 1073 5112 τὰς
1109 5047 1291 5121 μάχας
1324 5051 1420 5104 καὶ
1458 5049 1534 5122 μὴ
1569 5049 1922 5121 συγχωρούν-

319 5159 447 5197 των
474 5140 546 5195 τὰ
576 5140 800 5196 ἐπιόντα
829 5139 957 5212 ἐθνη
990 5139 1246 5211 βάρϐαρα
1279 5140 1513 5212 πάροδον
1543 5140 1708 5211 ἐχειν,
1745 5142 1780 5212 ἠ
1813 5140 1924 5195 τῶν

333 5232 644 5305 Ῥωμαίων
675 5233 914 5305 άδῄωτος
954 5232 1201 5305 διαμένει
1231 5233 1403 5305 χώρα.
1439 5233 1560 5288 Τῶν
1593 5235 1651 5287 δὲ
1685 5234 1920 5306 ἀποκρι-

321 5320 611 5389 ναμένων,
646 5318 723 5384 ὡς
757 5319 991 5375 ἕκαστον
1028 5321 1244 5393 ἀνάγκη
1283 5321 1385 5391 τῆς
1422 5322 1632 5387 οἰκείας
1668 5325 1922 5396 ὑπερμα-

322 5410 538 5480 χοῦντα
585 5408 690 5480 γῆς
737 5409 836 5481 τῆς
890 5410 1159 5481 σφετέρας
1210 5413 1456 5484 φρουρᾶς
1503 5412 1923 5483 ἐπιμελεῖσθαι,

327 5499 505 5560 πάλιν
534 5499 806 5572 ἄπρακτοι
833 5498 1225 5568 ἐπανέζευξαν.

2022 2951 2427 3015 convenientes,
2480 2957 2777 3003 mercatum
2832 2947 3198 3012 celebrarent,
3239 2961 3303 3001 ex
3356 2960 3464 3015 quo
3512 2945 3598 3000 in-

2023 3045 2192 3099 vicem
2226 3059 2309 3106 ea,
2339 3057 2458 3110 qute
2485 3041 2587 3097 sibi
2619 3054 2754 3110 opus
2784 3048 2994 3104 essent,
3049 3039 3415 3094 desumerent.
3459 3033 3520 3089 Et
3541 3050 3603 3090 ea

2021 3135 2237 3206 quidem
2303 3134 2522 3203 legatio,
2592 3146 2713 3202 qua;
2778 3130 2922 3186 circa
2997 3128 3112 3184 haec
3173 3127 3513 3189 versabatur,
3547 3139 3606 3179 re

2023 3227 2220 3281 infecta
2279 3225 2456 3280 rediit.
2505 3221 2614 3278 Nec
2659 3221 2806 3278 enim
2859 3221 3160 3289 imperator
3216 3216 3604 3272 commercium

2022 3320 2392 3373 Romanorum
2473 3329 2596 3384 cum
2670 3311 2906 3378 iluunis,
2971 3311 3063 3381 qui
3131 3325 3226 3365 eos
3267 3319 3344 3363 tot
3392 3308 3606 3363 damnis

2020 3419 2075 3465 et
2107 3408 2348 3465 cladibus
2418 3406 2731 3469 affecerant,
2787 3402 3191 3458 concedendum
3245 3415 3369 3455 esse
3419 3399 3596 3453 duxit.

2021 3501 2091 3554 At
2148 3514 2277 3554 vero
2324 3499 2507 3552 Attilae
2555 3496 2672 3561 tilii,
2727 3494 3036 3550 renuntiata
3117 3482 3410 3562 legatione,
3455 3493 3598 3546 inter

2021 3605 2081 3646 se
2114 3590 2505 3644 dissenserunt.
2548 3585 2760 3640 Etenim
2789 3584 3102 3653 Dengisich,
3137 3583 3327 3653 legatis
3363 3582 3508 3636 nulla
3541 3596 3602 3636 re

2024 3682 2304 3749 impetrata
2325 3676 2576 3742 reversis,
2603 3674 2804 3731 bellum
2830 3674 3091 3728 Romanis
3123 3673 3326 3727 inferre
3359 3672 3595 3726 volebat.

2020 3772 2119 3828 Cui
2149 3770 2375 3828 consilio
2416 3768 2607 3824 lrnaclt
2643 3765 3001 3838 repugnabat,
3032 3765 3256 3835 quodin
3313 3763 3603 3836 praesentia

2021 3864 2186 3920 multa
2214 3879 2244 3917 a
2266 3860 2406 3918 bello
2437 3866 2751 3916 avocarent.

2092 3956 2180 4010 19.
2223 3953 2377 4025 (Eod.
2402 3952 2518 4010 fere
2541 3950 2934 4023 an.)Saraguri
2966 3964 3089 4005 cum
3123 3948 3399 4005 Acatltiris
3451 3946 3604 4002 aliis-

2021 4062 2128 4118 que
2159 4045 2411 4117 gentibus
2471 4042 2828 4115 conjunctiin
2864 4041 3060 4096 Persas
3092 4040 3392 4096 exercitum
3435 4040 3606 4094 duxe-

2028 4148 2171 4193 runt.
2195 4137 2435 4193 Primum
2454 4136 2672 4207 quidem
2697 4135 2765 4190 ad
2791 4144 2973 4206 portas
2993 4132 3217 4203 Caspias
3241 4139 3607 4194 accesserunt,

1961 4224 2003 4278 Β
2034 4230 2122 4286 ubi
2153 4245 2275 4285 cum
2307 4229 2615 4299 prasidium
2640 4228 2920 4284 Persicum
2948 4226 3321 4291 oll‘endissent,
3348 4224 3414 4278 ad
3445 4224 3608 4278 aliam

2025 4326 2169 4379 viam
2197 4321 2550 4387 deﬂexerunt,
2580 4335 2686 4390 qua
2715 4320 2781 4374 ad
2820 4319 3002 4374 Iberos
3029 4318 3304 4381 conversi,
3335 4315 3608 4385 regionem

2028 4421 2334 4480 vastarunt,
2384 4421 2440 4468 et
2479 4411 2831 4467 excursiones
2882 4410 2935 4465 iu
2982 4408 3176 4478 oppida
3225 4408 3606 4463 Armeniorum

2027 4505 2292 4561 fecerunt.
2329 4506 2398 4558 At
2435 4502 2636 4569 Persae,
2683 4503 2772 4572 qui
2815 4501 2926 4570 jam
2970 4497 3250 4569 superiore
3295 4495 3436 4554 bello
3483 4511 3608 4551 cum

2028 4594 2284 4651 Cidaritis
2331 4595 2471 4648 hunc
2517 4593 2721 4647 aditum
2775 4590 3225 4653 communierant,
3283 4587 3490 4654 legatos
3543 4589 3609 4639 al

2029 4685 2304 4741 Romanos
2337 4685 2627 4747 miserunt,
2649 4682 2741 4752 qui
2783 4680 2981 4735 abillis
3015 4679 3270 4749 pecunias
3298 4687 3390 4731 aut
3415 4677 3612 4732 milite;

2026 4780 2094 4836 ad
2124 4779 2426 4835 custodiam
2459 4777 2603 4832 arcis
2637 4775 2909 4830 leronaclt
2949 4782 3216 4844 peterent,
3242 4781 3294 4826 et
3333 4771 3473 4840 quod
3498 4770 3610 4840 jam

2025 4886 2168 4941 stupe
2205 4886 2302 4942 per
2345 4871 2547 4940 legatos
2589 4868 2852 4940 egissent,
2886 4864 3168 4928 docerent,
3207 4862 3251 4918 si
3288 4862 3387 4931 ipsi
3429 4870 3612 4916 centa-

2027 4968 2173 5022 mina
2199 4965 2529 5022 sustinerent
2556 4973 2611 5019 et
2649 4962 2910 5018 barbaros
2951 4958 3332 5031 aggredientes
3365 4959 3431 5013 ab
3459 4957 3606 5011 aditu

2028 5059 2404 5129 prohiberent,
2444 5065 2590 5111 tutos
2619 5054 2736 5110 fore
2769 5055 3137 5109 Romanorum
3177 5053 3328 5106 lines.
3359 5049 3452 5104 llis
3487 5063 3614 5102 vero

2029 5148 2506 5220 respondentibus,
2553 5145 2751 5201 rationi
2784 5151 3212 5200 consentaneum
3241 5155 3384 5208 esse,
3417 5155 3611 5194 nummo

2027 5252 2303 5308 quemque
2334 5251 2431 5293 sua
2469 5236 2607 5291 tueri
2641 5244 2697 5290 et
2729 5233 3038 5300 defendere,
3068 5241 3121 5289 et
3155 5231 3220 5287 de
3251 5230 3366 5286 suis
3394 5229 3609 5284 arcibus

2032 5329 2322 5385 sollicitum
2363 5343 2505 5396 esse,
2550 5342 2740 5384 rursus
2789 5342 2846 5382 re
2890 5341 2994 5383 non
3043 5325 3284 5390 obtenta,
3337 5318 3495 5390 legati
3539 5319 3607 5373 ad

2034 5435 2164 5478 SUOS
2197 5432 2488 5478 revertere.

1651 5597 1888 5654 νΑιιιΑι
1920 5599 2214 5657 LECTION
2224 5598 2330 5656 ES.

408 5685 433 5718 ⁸
468 5683 565 5742 llic
591 5693 835 5765 et_supra
856 5701 912 5765 p.
944 5685 1046 5765 ιιεξ
1076 5698 1132 5765 et
1149 5687 1270 5765 [58.
1299 5688 1617 5765 pavorum;
1633 5707 1730 5765 pro
1755 5693 2042 5760 Πανδελους
2077 5695 2290 5765 scripsi,
2318 5694 2644 5765 constantiae
2659 5708 2845 5765 causa.
2865 5689 2930 5746 N.
2948 5690 3040 5765 __'°
3065 5685 3442 5765 Ιςῳνστάγτιρς
3465 5682 3604 5765 Villa

331 5757 752 5822 Κωνσταντῖνος
783 5759 932 5828 vulg.
1001 5757 1043 5789 ¹¹
1078 5758 1264 5828 Σκίροι
1292 5757 1479 5822 Οαιιι.,
1514 5757 1718 5816 Σκύθαι
1747 5765 1894 5836 vulg.

335 5841 451 5880 μον
475 5826 619 5880 vuln.
710 5828 752 5859 "‘
787 5828 871 5880 ὅτι
895 5835 953 5880 et
982 5843 1108 5880 mox
1146 5831 1220 5880 μὴ
1247 5845 1357 5880 om.
1385 5833 1530 5880 vulg.
1597 5832 1890 5880 Νειριιιῐηιιν

335 5841 451 5902 μον
475 5841 619 5904 vutg.

1976 5765 2019 5797 η
2056 5763 2282 5830 Ἀσπαρ
2310 5765 2497 5826 CanL,
2531 5763 2680 5834 ειπερ
2716 5763 2865 5834 γυΙῷ

710 5828 752 5859 "
787 5828 871 5885 ὅτι
895 5835 953 5885 et
982 5843 1108 5886 mox
1145 5831 1220 5901 μὴ
1247 5833 1530 5903 om.vulg.
1596 5828 1948 5905 Negation‘cm
2009 5835 2114 5907 (οὐ)
2175 5828 2297 5890 addi
2347 5835 2575 5906 jnbebat
2635 5828 2749 5888 Val.

2946 5759 2988 5792 ¹³
3014 5759 3268 5827 πολέμων
3303 5755 3418 5813 Val.
3445 5756 3606 5810 πόλε-
