4050 6474
442 386 548 449 (93
644 450 650 456 .

1469 387 1859 448 EXCEBPTA
1900 384 1999 443 EX
2038 381 2307 442 PRISCO
2346 382 2708 442 RHETORE

3594 382 3705 444 700

514 495 605 549 Ξθ.
662 493 751 565 (Α.
801 494 863 551 C.
913 494 1042 561 469,
1084 495 1201 551 Ittt'l.
1245 497 1297 559 7,
1348 496 1516 551 L"0l|.
1563 495 1677 566 15.)
1732 490 2012 561 Dettgisiclt

2191 487 2259 543 κ’.
2305 490 2428 543 ’Ότι
2454 487 2713 558 Δεγγιζὶχ
2737 488 2974 559 πόλεμον
3013 488 3107 541 ἐπὶ
3139 488 3439 559 Ῥωμαίους
3480 491 3707 557 ἐπενεγ-

446 587 644 641 bellnm
669 587 927 642 Romanis
958 588 1159 656 intulit,
1189 599 1243 643 et
1266 588 1401 642 Istro
1428 590 1585 657 p0tiri
1621 589 1836 643 institit.
1862 587 2017 654 Quod

449 680 535 730 ubi
569 676 858 749 Oruigiseli
899 679 1042 735 filius
1082 681 1343 749 comperit
1371 680 1442 748 (is
1474 680 1530 734 in
1562 695 1621 734 ea
1660 690 1814 749 parte
1843 677 2019 734 Thra-

445 771 565 834 ciae,
614 785 733 839 quae
783 771 850 824 ad
906 769 1101 825 Istrum
1150 780 1251 836 est,
1302 773 1558 828 custodite
1607 773 1735 841 ripae
1784 773 2020 828 fluminis

450 860 735 927 praefectus
765 862 927 931 erat),
960 877 1058 930 per
1091 877 1216 916 suos
1266 879 1332 917 ex
1377 879 1443 919 eo
1475 866 1744 934 quaesivit,
1794 881 1862 920 an
1904 867 2020 922 acie

450 952 728 1008 decertare
753 952 933 1008 vellet.
954 951 1062 1025 45
1084 952 1189 1009 Sed
1218 954 1506 1027 Dengisich
1526 958 1856 1027 Anagastum
1885 974 2017 1015 con-

452 1052 720 1108 temnens,
762 1043 827 1098 ab
860 1057 926 1098 eo
967 1046 1165 1101 missos
1211 1062 1274 1104 re
1322 1048 1521 1105 infecta
1564 1050 1787 1113 dimisit.
1831 1061 1886 1107 et
1927 1066 2022 1123 per

450 1132 658 1201 legatos
687 1133 1004 1203 imperatori
1031 1137 1384 1203 denuntiavit,
1411 1154 1470 1195 se
1489 1139 1687 1195 bellum
1721 1141 2018 1211 illaturum,

450 1223 552 1277 nisi
586 1224 688 1278 sibi
718 1226 942 1294 suisque
968 1235 1168 1282 terram
1201 1238 1255 1284 et
1277 1230 1531 1299 pecunias
1558 1231 2017 1290 subministraret.

447 1314 665 1385 Legatis
689 1316 741 1371 in
777 1317 981 1388 regiam
1015 1317 1340 1377 introductis
1371 1334 1425 1377 οι
1439 1325 1705 1380 ιῐηαηύιιῑο
1742 1340 2020 1397 exponen-

449 1406 595 1462 tibus
627 1407 922 1477 imperator
966 1413 1263 1481 respondit,
1306 1428 1366 1469 se
1403 1417 1585 1472 omnia
1622 1428 1869 1486 paratum
1900 1433 2022 1477 esse

448 1493 650 1563 facere,
692 1499 738 1553 sl
784 1514 883 1555 suo
926 1500 1153 1570 imperio
1201 1504 1421 1573 obsequi
1466 1506 1683 1563 vellent.
1724 1507 1839 1563 Sibi
1877 1506 2018 1565 enim

447 1595 760 1658 pergratum
801 1601 857 1645 et
879 1591 1178 1661 jucundum
1218 1609 1360 1662 esse,
1395 1597 1438 1650 si
1478 1599 1691 1669 quando
1730 1599 1932 1655 inimici
1966 1600 2017 1655 in

448 1678 626 1735 foedus
657 1681 1083 1754 societatemque
1119 1686 1427 1743 transirent.

514 1942 607 1999 2i.
654 1944 741 2017 (A.
788 1947 850 2003 (Ξ.
897 1949 1024 2016 470,
1069 1950 1181 2007 Ind.
1230 1952 1286 2022 8,
1322 1954 1487 2011 Leon.
1534 1954 1650 2032 I4.)
1687 1961 2017 2032 Anagastus,

447 2032 739 2093 Basiliscus
767 2048 823 2094 et
852 2039 1042 2114 Ostrys
1067 2053 1122 2098 et
1145 2045 1234 2100 alii
1265 2048 1481 2117 quidam
1512 2050 1676 2107 duces
1704 2052 1932 2111 Romani
1965 2056 2017 2111 in

446 2126 623 2180 locum
657 2130 946 2199 abruptum
988 2144 1045 2189 et
1076 2150 1369 2192 concavum
1400 2137 1609 2199 Gothos
1644 2145 1882 2203 inclusos
1917 2149 2019 2205 ob-

444 2219 720 2275 sederunt.
772 2220 848 2277 lbi
902 2223 1115 2296 Scytha
1167 2229 1402 2285 vietuum
1461 2233 1636 2304 inopia
1680 2235 2016 2305 laborantes,

446 2308 723 2366 Romanos
758 2315 938 2368 missis
968 2316 1154 2386 legatis
1186 2321 1447 2384 certiores
1471 2324 1734 2391 fecerunt,
1761 2342 1842 2396 se,
1879 2329 2016 2385 facta

445 2402 742 2470 deditione,
764 2406 1036 2474 omnibus,
1059 2424 1179 2477 quae
1198 2415 1507 2477 statuerint,
1541 2417 1834 2485 paritnros,
1858 2421 2017 2476 modo

440 2490 545 2545 sibi
600 2501 799 2549 terram
850 2498 916 2551 ad
973 2499 1382 2558 inhabitantium
1434 2509 1753 2565 concedant.
1785 2511 2015 2568 Romani

443 2588 842 2653 responderunt
902 2606 963 2647 se
995 2593 1060 2647 ad
1094 2594 1475 2661 imperatorem
1516 2616 1701 2656 eorum
1746 2604 2014 2674 postulata

442 2677 735 2735 delaturos.
771 2683 838 2736 At
874 2681 1087 2753 Scytha:
1116 2698 1337 2758 propter
1362 2689 1582 2760 famem,
1619 2711 1740 2765 quae
1773 2712 1866 2752 eos
1893 2714 2017 2769 pre-

442 2770 645 2834 mebat,
684 2774 987 2843 transigere
1029 2777 1164 2832 velle
1208 2781 1480 2847 dixerunt,
1527 2799 1701 2854 neque
1745 2787 2015 2858 longiores

444 2874 625 2916 moras
659 2863 801 2919 ferre
827 2876 1006 2934 posse.
1036 2866 1170 2924 Tum
1208 2870 1466 2930 Romanis
1497 2877 1774 2934 ordinibus
1803 2895 2015 2949 pra-po-

438 2951 560 3023 siti,
594 2951 779 3008 habito
802 2957 1050 3023 consilio,
1080 2963 1343 3032 tantisper
1376 2965 1501 3020 dum
1538 2967 1836 3037 imperator
1858 2973 2017 3026 aliter

443 3052 727 3111 statueret,
764 3047 1018 3105 alimenta
1042 3066 1102 3108 se
1139 3055 1460 3123 praebituros
1507 3059 1724 3126 polliciti
1776 3072 1921 3129 sunt,
1967 3065 2011 3119 si

2122 580 2309 643 κόνιος
2336 580 2430 634 καὶ
2452 583 2519 652 τῇ
2540 581 2632 636 τοῦ
2653 582 2869 653 Ἴστρου
2899 579 3439 652 προσκαρτεροῦντας
3461 583 3523 647 ¹⁸,
3547 581 3708 634 τοῦτο

2125 669 2313 740 μαθὼν
2336 673 2364 724 ό
2389 669 2762 742 Ὀρνιγίσκλου
2788 673 2921 744 (25)
2953 673 3148 744 (αὐτὸς
3173 673 3282 744 γὰρ
3305 668 3417 744 εἶχε
3444 673 3542 744 τὴν
3573 673 3707 744 πρὸς

2121 760 2198 832 τῷ
2235 761 2459 833 Θρᾳκίῳ
2506 764 2664 834 μέρει
2706 763 2803 817 τοῦ
2851 765 3100 835 ποταμοῦ
3146 764 3457 836 φυλακὴν),
3497 766 3564 818 ὲκ
3596 764 3707 817 τῶν

2121 854 2260 923 ἀμφ’
2291 854 2455 909 αὐτὸν
2496 855 2790 927 ἐκπέμψας
2840 857 3173 913 ἐπυνθάνετο
3219 859 3249 912 ὅ
3287 876 3339 912 τι
3389 856 3706 928 βουλόμενοι

2123 947 2259 1016 πρὸς
2304 942 2486 1017 μάχην
2527 951 3063 1020 παρασκευάζονται.
3103 951 3162 1004 '0
3213 949 3271 1003 δὲ
3313 949 3571 1019 Δεγγιζὶχ
3607 946 3705 1001 τοῦ

2135 1038 2466 1107 Ἀναγάστου
2530 1039 2979 1113 κατολιγωρήσας
3029 1042 3160 1105 τοὺς
3218 1041 3309 1095 ὑπ’
3340 1039 3506 1095 αὐτοῦ
3563 1057 3707 1111 πεμ-

2122 1131 2359 1201 φθέντας
2383 1135 2704 1205 ἀπράκτους
2731 1134 2882 1205 ἠφίει
2905 1175 2921 1201 ,
2949 1152 3023 1187 πα
3034 1135 3101 1206 ρὰ
3129 1134 3187 1188 δὲ
3212 1134 3303 1188 τὸν
3329 1133 3551 1204 βασιλέα
3577 1132 3707 1193 τοὺς

2120 1223 2530 1296 διαλεξομένους
2564 1225 2833 1292 ἔστελλεν,
2863 1226 2961 1290 ὣς,
2994 1228 3043 1279 εί
3078 1226 3152 1298 μὴ
3184 1226 3290 1296 γῆν
3320 1226 3412 1279 καὶ
3448 1226 3705 1295 χρήματι

2120 1315 2269 1386 αὐτῷ
2304 1315 2400 1370 καὶ
2430 1315 2506 1388 τῷ
2526 1318 2569 1350 ⁸⁸
2604 1318 2855 1389 ἑπομένῳ
2887 1317 2996 1389 δῴη
3036 1316 3283 1388 στρατῷ,
3317 1315 3554 1387 πόλεμον
3603 1315 3704 1366 ta:-

2121 1403 2258 1469 άξει.
2299 1406 2420 1461 Τῶν
2456 1407 2513 1461 δὲ
2539 1407 2671 1477 παρ’
2692 1408 2899 1462 ἐκείνου
2946 1406 3231 1477 πρέσϐεων
3270 1409 3328 1470 ές
3355 1408 3424 1460 τὰ
3453 1405 3703 1477 βασίλεια

2120 1495 2470 1565 ἀφικομένων
2489 1499 2580 1552 καὶ
2598 1498 2664 1552 τὰ
2679 1498 2863 1562 αὐτοῖς
2881 1498 3208 1553 ὲνταλθέντα
3227 1498 3700 1567 ἀπαγγειλάντων,

2120 1586 2460 1657 ἁπεκρίνατο
2504 1588 2760 1658 βασιλεὺς
2807 1590 3044 1661 ἑτοίμως
3091 1589 3235 1660 ἔχειν
3279 1590 3458 1643 πάντα
3503 1589 3699 1652 ποιεῖν,

2120 1676 2236 1744 εἴγε
2284 1678 2717 1748 ύπακουσόμενοι
2769 1681 2919 1753 αύτῷ
2969 1681 3384 1750 παραγένωνται
3408 1696 3423 1710 ⁵
3483 1681 3700 1750 χαίρειν

2122 1765 2231 1836 γὰρ
2261 1767 2373 1829 τοῖς
2402 1767 2510 1820 ἀπὸ
2536 1766 2647 1821 τῶν
2678 1767 2889 1839 ἐχθρῶν
2916 1769 3012 1823 ἐπὶ
3043 1767 3334 1840 συμμαχίᾳ
3363 1766 3701 1837 ἀφικνουμέ-

2052 1835 2091 1890 Β
2121 1835 2253 1921 νοις.
2298 1922 2303 1929 δ

2191 1951 2299 2004 κα’.
2328 1946 2797 2017 ὍτιἊναγάστου
2818 1948 2911 2001 καὶ
2929 1948 3253 2002 Βασιλίσκου
3272 1948 3365 2001 καὶ
3378 1946 3639 2018 Ὀστρύου
3653 1950 3693 1981 ¹⁷

2121 2039 2216 2093 καὶ
2247 2039 2422 2094 ἄλλων
2446 2040 2609 2094 τινῶν
2636 2041 2962 2112 στρατηγῶν
2992 2039 3280 2110 Ῥωμαίων
3307 2040 3435 2104 τοὺς
3465 2040 3694 2103 Γότθους

2121 2129 2178 2194 ἐς
2204 2148 2326 2186 τινα
2357 2114 2536 2185 κοῖλον
2562 2131 2740 2202 χῶρον
2765 2131 3203 2201 συγκλεισάντων
3231 2132 3327 2186 καὶ
3356 2131 3703 2202 πολιορκούν-

2119 2237 2248 2285 των,
2286 2222 2431 2294 λιμῷ
2468 2239 2527 2277 τε
2571 2222 2908 2293 πιεζομένων
2941 2224 3051 2278 τῶν
3093 2224 3320 2279 Σκυθῶν
3358 2225 3550 2279 σπάνει
3587 2222 3702 2277 τῶν

2120 2313 2475 2383 ἐπιτηδείων,
2515 2316 2815 2384 πρεσϐείαν
2852 2316 3005 2386 παρὰ
3043 2315 3168 2381 τοὺς
3200 2316 3507 2385 Ῥωμαίους
3546 2317 3703 2386 ποιή-

2123 2403 2352 2469 σασθαι,
2382 2404 2523 2457 ὥστε
2554 2405 2752 2469 αὐτοὺς
2782 2407 3047 2460 ὲνδιδόασι
3073 2406 3406 2477 νεμομένους
3433 2406 3539 2476 γῆν
3564 2408 3703 2459 ὑπα-

2120 2494 2303 2549 κούειν
2330 2495 2510 2550 αὐτῶν
2542 2499 2600 2561 ές
2632 2498 2661 2551 ὅ
2684 2515 2736 2550 τι
2770 2496 2838 2551 ἂν
2866 2496 3090 2555 θέλοιεν.
3105 2499 3224 2551 Τῶν
3257 2498 3314 2551 δὲ
3348 2500 3438 2551 ἐπὶ
3472 2498 3701 2568 βασιλέα

2118 2586 2217 2658 τὴν
2253 2587 2478 2641 ἐκείνων
2519 2589 2708 2660 φέρειν
2747 2590 3202 2661 ἀποκριναμένων
3242 2590 3562 2663 πρεσϐείαν,
3607 2594 3705 2645 καὶ

2118 2677 2227 2731 τῶν
2259 2677 2558 2749 Βαρϐάρων
2587 2679 2684 2734 τοῦ
2724 2679 2886 2752 λιμοῦ
2925 2681 3057 2753 πέρι
3093 2683 3233 2750 σφᾶς
3271 2682 3459 2736 θέσθαι
3492 2682 3703 2735 ἐθέλειν

2116 2769 2215 2832 τὰς
2252 2770 2549 2840 συμϐάσεις
2583 2771 2874 2843 φαμένων,
2908 2774 3002 2826 καὶ
3037 2773 3112 2844 μὴ
3143 2773 3287 2837 οῑους
3318 2790 3380 2826 τε
3414 2768 3554 2828 εἶναι
3593 2790 3701 2844 μα-

2117 2860 2258 2931 κρὰς
2284 2863 2559 2917 ποιεῖσθαι
2588 2864 2905 2933 ἀνακωχὰς,
2938 2862 3319 2935 βουλευόμενοι
3349 2864 3400 2917 οἱ
3427 2865 3526 2928 τὰς
3562 2863 3701 2919 Ῥω-

2122 2953 2325 3020 μαϊκὰς
2358 2953 2539 3019 τάξεις
2570 2954 2879 3020 διέποντες,
2912 2957 3117 3028 τροφάς
3151 2957 3483 3028 χορηγήσειν
3510 2957 3700 3021 αὗτοξ

2119 3044 2418 3115 ὑπέσχοντο
2450 3047 2578 3117 ἄχρι
2608 3048 2706 3118 τῆς
2743 3049 3003 3121 βασιλέως
3035 3049 3435 3121 ὲπιτροπῆς,ετ
3454 3067 3517 3119 γε
3555 3053 3703 3120 σφᾶς

444 3135 661 3205 Scythae
701 3138 1065 3197 Romanorum
1119 3160 1269 3202 more
1315 3151 1589 3206 exercitus
1632 3152 1685 3206 in
1731 3163 1908 3221 partes
1954 3169 2012 3212 se

2117 3135 2316 3200 αὐτοὺς
2343 3137 2568 3191 διέλοιεν
2592 3138 2780 3207 ὥσπερ
2811 3141 2905 3194 καὶ
2934 3141 2995 3194 τὸ
3023 3140 3328 3211 Ῥωμαϊκὸν
3352 3141 3701 3214 διακέκριται

400 3250 404 3254 -
442 3226 588 3295 ipsos
621 3228 944 3287 dividerent.
976 3233 1067 3289 Sic
1096 3238 1240 3291 enim
1275 3238 1486 3294 facilius
1512 3256 1632 3305 eos,
1660 3257 1785 3297 cum
1816 3245 2011 3316 singuli

2117 3230 2352 3300 πλῆθος*
2401 3232 2621 3287 ἔσεσθαι
2668 3234 2780 3305 γὰρ
2826 3233 3005 3286 αὐτῶν
3048 3232 3244 3305 ῥᾳδίως
3285 3230 3460 3295 οὕτως
3502 3232 3699 3302 ἐπιμέ-

438 3318 678 3384 ordines,
729 3337 838 3377 non
888 3325 1125 3390 universi
1171 3328 1330 3383 simul
1367 3331 1689 3400 respiciendi
1736 3344 1936 3399 essent,
1982 3351 2011 3391 ο

443 3411 669 3477 ducibus
699 3414 876 3469 curari
908 3430 1091 3487 posse,
1131 3419 1331 3489 quippe
1360 3420 1451 3490 qui
1483 3436 1612 3476 cura
1642 3429 1696 3478 et
1736 3424 2012 3495 diligentia

439 3502 581 3556 inter
612 3516 673 3558 se
706 3503 816 3560 sint
854 3508 1136 3565 certaturi.
1178 3508 1365 3580 Itaque
1396 3511 1611 3584 Scythae
1639 3515 1745 3583 his,
1779 3530 1901 3587 qua!
1938 3517 2015 3573 le—

437 3594 549 3662 gati
592 3596 997 3667 renuntiarunt,
1040 3610 1356 3668 paruerunt,
1388 3618 1554 3675 seque
1583 3605 1637 3661 in
1671 3608 1893 3664 t0tident
1924 3623 2014 3665 or-

437 3687 589 3743 dines
610 3687 1028 3759 distribuerunt,
1052 3693 1105 3747 in
1125 3708 1267 3764 quos
1290 3693 1517 3752 Romani
1539 3708 1691 3755 erant
1715 3700 2011 3758 distributi.

434 3779 554 3846 Quo
580 3781 721 3838 facto
747 3781 1030 3848 Chelchal.
1065 3800 1263 3858 genere
1302 3787 1556 3856 Hunnus,
1593 3793 1683 3864 qui
1717 3794 2011 3850 secundum

434 3874 506 3928 ab
540 3873 749 3944 Aspare
780 3875 989 3946 imperii
1022 3880 1249 3949 gradum
1269 3883 1329 3936 in
1359 3895 1474 3946 eos,
1507 3885 1600 3952 qui
1632 3885 1732 3940 sub
1759 3900 1825 3941 eu
1862 3888 2012 3942 ordi-

436 3981 535 4021 nes
567 3966 860 4035 ducebant,
894 3970 1128 4037 tenebat,
1155 3971 1545 4043 Barbarorum,
1571 3990 1691 4045 qua:
1719 3978 1830 4032 suis
1862 3980 2010 4034 ordi-

438 4059 597 4113 nibus
635 4070 968 4128 accesserat,
1016 4062 1299 4119 eohort'em
1347 4066 1561 4134 obiens,
1604 4067 1660 4123 in
1704 4080 1810 4139 qua
1855 4079 2012 4125 erant

438 4148 622 4218 plures
661 4164 891 4206 numero
928 4150 1110 4218 Gothi,
1144 4170 1305 4224 quam
1343 4157 1558 4228 reliqui,
1588 4158 1776 4216 accitis
1806 4160 2010 4231 primo-

434 4240 587 4298 ribus
624 4243 931 4315 bujusmodi
981 4249 1278 4301 orationem
1317 4247 1517 4304 habere
1552 4251 1717 4322 coepit
1742 4267 1755 4305 :
1783 4250 2008 4308 Terram

437 4334 657 4406 quidem
718 4336 1107 4407 imperatorem
1156 4339 1223 4395 ad
1272 4340 1682 4399 inbahitandum
1734 4344 2007 4412 daturum,

433 4440 555 4496 quae
582 4441 689 4482 non
722 4426 832 4484 illis
864 4426 1060 4484 fructui
1095 4437 1150 4484 et
1181 4433 1465 4501 commodo
1505 4431 1684 4489 futura
1716 4444 1878 4504 esset,
1913 4437 2008 4493 sed

2114 3318 2296 3387 λειαν,
2344 3323 2401 3384 ἐς
2446 3323 2572 3386 τοὺς
2616 3321 3020 3393 κληρουμένους
3069 3323 3164 3375 καὶ
3208 3322 3307 3375 οὐκ
3353 3325 3435 3385 είς
3487 3321 3692 3383 πάντας

2110 3413 2531 3467 ἀποϐλεπόντων
2565 3413 2672 3467 τῶν
2708 3414 3063 3485 στρατηγῶν,
3097 3415 3257 3485 οἵπερ
3291 3416 3349 3478 ἐς
3384 3414 3697 3484 φιλοτιμίαν

2112 3504 2351 3574 ὁρῶντες
2390 3504 2527 3573 πρὸς
2560 3504 2656 3576 τὴν
2692 3505 2870 3559 αὐτῶν
2906 3506 3121 3569 πάντως
3164 3505 3630 3577 άμιλληθήτονται
3655 3505 3701 3538 ⁸⁸

2115 3596 2364 3669 κομιδήν.
2405 3596 2525 3650 Τῶν
2569 3596 2626 3650 δὲ
2673 3596 2898 3651 Σκυθῶν
2940 3598 3066 3662 τοὺς
3112 3596 3563 3666 ἁπαγγελθέντας
3610 3596 3703 3651 διὰ

2113 3689 2221 3745 τῶν
2254 3690 2536 3762 πρέσϐεων
2568 3691 3020 3763 προσδεξαμένων
3047 3693 3241 3761 λόγους
3276 3693 3367 3748 καὶ
3405 3694 3463 3755 ἐς
3493 3691 3702 3746 τοσαύ-

2112 3801 2211 3849 τας
2241 3786 2383 3855 σφᾶς
2412 3785 2608 3849 αὐτοὺς
2635 3784 2910 3850 ταξάντων
2936 3785 3154 3855 μοίρας,
3186 3785 3243 3848 ἐς
3270 3786 3514 3855 ὅσασπερ
3533 3784 3578 3817 ¹⁹
3605 3785 3702 3838 καὶ

2116 3877 2167 3930 οἱ
2193 3877 2456 3948 Ῥωμαῖοι
2486 3876 2843 3947 διεκέκριντο,
2862 3875 3104 3948 Χελχὰλ,
3134 3875 3229 3930 τοῦ
3259 3874 3473 3931 Οὗννων
3503 3877 3701 3945 γένους

2114 3966 2256 4038 ἀνὴρ
2290 3967 2386 4022 καὶ
2421 3967 2835 4037 ὑποστράτηγος
2861 3966 2970 4019 τῶν
2996 3966 3291 4021 διεπόντων
3319 3967 3387 4020 τὰ
3412 3968 3697 4037 Ἄσπαρος

2110 4058 2370 4129 τάγματα
2389 4097 2406 4123 ,
2438 4059 2590 4129 παρὰ
2615 4058 2715 4130 τὴν
2745 4057 3110 4131 ἐπιλαχοῦσαν
3139 4058 3323 4123 αὐτοῖς
3352 4057 3693 4130 βαρϐαρικὴν

2115 4152 2311 4223 μοῖραν
2334 4149 2524 4218 ἐλθὼν,
2548 4150 2775 4205 καὶτῶν
2791 4151 2836 4182 ¹⁰
2862 4149 3076 4204 Γότθων
3101 4150 3377 4220 (πλείονες
3400 4150 3456 4204 δὲ
3472 4148 3579 4202 τῶν
3602 4148 3694 4204 άλ-

2111 4244 2220 4298 λων
2243 4243 2521 4316 ὑπῆρχον)
2544 4244 3042 4315 μεταπεμψάμενος
3064 4244 3191 4309 τοὺς
3215 4243 3449 4313 λογάδας
3469 4242 3696 4297 τοιῶνδε

2110 4336 2407 4408 ἐποιήσατο
2435 4336 2610 4405 λόγων
2641 4335 2838 4408 ἀρχὴν,
2870 4335 2946 4401 ὡς
2980 4335 3143 4389 δώσει
3174 4336 3276 4407 μὲν
3308 4336 3496 4399 αὐτοῖς
3529 4335 3636 4407 γῆν
3666 4337 3699 4390 ό

2114 4428 2386 4498 βασιλεὺς,
2426 4429 2525 4481 οὐκ
2565 4430 2645 4491 είς
2688 4428 2956 4499 σφετέραν
2992 4427 3051 4481 δὲ
3091 4427 3272 4483 αὐτῶν
3308 4428 3519 4497 ὄνησιν,
3557 4426 3702 4482 ἀλλὰ

432 4519 589 4589 cujus
635 4518 843 4576 utilitas
891 4522 958 4575 ad
1013 4519 1159 4578 solos
1214 4520 1440 4579 Hunnus
1488 4527 1833 4584 redundaret.
1897 4527 2006 4586 llos

2116 4523 2221 4584 τοῖς
2244 4521 2305 4573 ὲν
2329 4519 2510 4590 σφίσιν
2533 4517 2778 4583 Οὖννοις.
2804 4518 3042 4584 Τούτους
3065 4519 3176 4589 γὰρ
3200 4520 3538 4591 όλιγώρωςίί
3566 4536 3702 4590 γεη-

434 4611 580 4667 enim
607 4621 767 4669 terra:
788 4613 992 4673 cultum
1021 4615 1312 4687 negligere,
1339 4626 1394 4673 οι
1409 4618 1661 4690 luporum
1689 4637 1841 4679 more
1865 4623 2004 4681 bona

441 4703 741 4760 Gothorum
774 4705 1090 4763 invadentes
1134 4709 1390 4780 diripere,
1442 4712 1532 4782 qui
1576 4714 1678 4785 ipsi
1721 4728 2002 4772 servorum

435 4792 745 4850 conditione
778 4795 949 4851 habiti
986 4797 1053 4852 ad
1090 4797 1288 4854 victum
1321 4800 1428 4855 illis
1460 4807 1883 4874 comparandqu
1920 4807 2003 4863 la-

433 4886 628 4942 borare
659 4888 831 4942 coacti
862 4897 1043 4944 essent
1073 4909 1087 4945 :
1122 4892 1367 4960 quamvis
1394 4894 1602 4950 nullum
1637 4906 1871 4967 unquam
1904 4898 1999 4956 fm-

432 4979 536 5032 dus
559 4979 698 5034 inter
722 4988 1007 5052 utramque
1029 4991 1242 5052 gentem
1269 4986 1535 5043 sancitum
1561 4989 1657 5054 sit,
1684 4998 1739 5044 et
1772 4990 2005 5059 majores

425 5067 784 5139 jurejurando
807 5084 902 5126 eos
934 5070 1346 5141 obstrinxerim,
1388 5084 1448 5132 ut
1480 5074 1792 5134 Hunnorum
1823 5082 2000 5137 socie-

434 5169 597 5214 tatem
626 5159 897 5233 fugerent.
930 5162 1106 5229 Quarc
1132 5180 1237 5221 non
1273 5175 1480 5224 tantum
1514 5170 1627 5226 suis
1659 5185 1753 5226 eos
1775 5173 1998 5243 privari,

2115 4615 2307 4678 πονίας
2326 4613 2548 4685 ἔχοντας
2571 4613 2726 4685 δίκην
2744 4612 2923 4669 λύκων
2944 4614 3044 4679 τὰς
3064 4614 3244 4669 αὐτῶν
3262 4615 3521 4679 ἐπιόντας
3540 4614 3701 4687 διαρ-

2113 4706 2381 4772 πάζεσθαι
2407 4706 2634 4778 τροφὰς,
2661 4705 2803 4760 ὥστε
2831 4707 3177 4778 θεραπόντων
3202 4707 3355 4772 τάξιν
3385 4707 3687 4777 ἐπέχοντας

2108 4801 2209 4870 τῆς
2247 4798 2473 4852 δκείνων
2505 4797 2667 4851 ἕνεκα
2696 4796 3163 4869 ταλαιπωρεῖσθαι
3198 4800 3441 4870 τροφῆς,
3478 4798 3686 4868 καίπερ

2111 4892 2168 4955 ἐς
2201 4891 2286 4944 ἀεί
2319 4898 2450 4945 ποτε
2485 4892 2601 4955 τοῖς
2634 4891 2859 4954 Οὖννοις
2890 4891 2985 4945 τοῦ
3021 4891 3232 4945 Γότθων
3264 4891 3455 4960 γένους
3486 4890 3693 4945 άσπύνσ

2108 4982 2202 5038 δου
2230 4975 2647 5054 διαμείναντος,
2677 4984 2772 5038 καὶ
2804 4984 2871 5038 Ex
2906 4982 3190 5053 προγόνων
3216 4981 3315 5054 τὴν
3344 4982 3526 5037 αὐτῶν
3555 4984 3695 5037 ἁπο-

2112 5078 2305 5146 φυγεῖν
2332 5075 2638 5146 δμαιχμίαν
2660 5075 3042 5147 ὁμοσαμένων,
3074 5075 3159 5145 ἐφ’
3178 5067 3222 5144 ᾧ
3250 5075 3347 5130 καὶ
3375 5076 3557 5145 ὅρκων
3589 5092 3695 5129 πα-

2105 5168 2272 5239 τρίων
2313 5166 2450 5239 πρὸς
2487 5171 2553 5240 τῇ
2594 5159 2704 5222 τῶν
2743 5169 2961 5223 οἰκείων
3003 5169 3258 5241 στερήσει
3304 5169 3688 5239 καταφρονεῖν.

430 5252 526 5304 sed
569 5252 731 5306 etiam
777 5254 951 5324 patria
990 5267 1326 5314 sacramenta
1357 5261 1645 5332 negligere.
1682 5262 1754 5318 Se
1779 5263 1996 5333 quidem

2116 5260 2277 5315 Αὐτὸν
2299 5260 2380 5325 δὲ,
2411 5261 2460 5315 εἰ
2489 5261 2584 5315 καὶ
2612 5262 2672 5315 τὸ
2699 5260 2916 5315 Οὕννων
2943 5262 3104 5331 αὐχεῖ
3132 5261 3309 5329 γένος,
3339 5260 3692 5331 δικαιοσύνης

430 5342 541 5414 46
581 5345 1091 5415 genere'llunnum,
1140 5364 1252 5421 quo
1302 5353 1539 5409 maxime
1579 5351 1858 5423 glorietur,
1906 5355 2001 5411 sed

429 5435 685 5502 aequitate
729 5447 932 5493 motum
976 5439 1090 5496 hac
1118 5440 1223 5497 illis
1251 5441 1455 5511 dicere,
1491 5454 1569 5510 ut,
1600 5458 1720 5515 quae
1757 5444 1999 5502 facienda

428 5536 631 5595 cssent,
664 5526 1066 5588 viderent.'IIis
1091 5532 1251 5588 dictis
1283 5531 1445 5589 Gothi
1483 5536 1763 5601 commoti,
1803 5545 1856 5590 et
1885 5536 2001 5593 haec

2108 5353 2260 5422 πόθῳ
2287 5351 2416 5407 τάδε
2452 5353 2589 5425 πρὸς
2620 5353 2818 5416 αὐτοὺς
2846 5346 3075 5408 εἰπόντα
3107 5354 3403 5408 δεδωκέναι
3434 5353 3568 5423 περὶ
3592 5350 3689 5407 τοῦ

2109 5443 2387 5518 πρακτέου
2427 5443 2644 5515 βουλήν.
2683 5445 2806 5498 Ἐπλ
2849 5445 3060 5510 τούτοις
3102 5447 3172 5499 οῖ’
3195 5446 3383 5500 Γότθοι
3419 5446 3688 5515 διαταρα-

2111 5535 2353 5606 χθέντες,
2379 5537 2472 5590 καὶ
2496 5536 2680 5607 εὐνοίᾳ
2698 5538 2762 5607 τῇ
2776 5536 2922 5608 πρὸς
2944 5536 3337 5602 αὑτοίεςταῦτα
3354 5537 3447 5592 τὸν
3468 5535 3688 5607 Χελχᾶλ

1743 5648 1980 5707 ῩΑΒΙᾸΣ
2016 5644 2419 5710 LECTIONES.

511 5737 703 5816 "‘Post
732 5755 932 5808 προσκ.
962 5736 1164 5816 excidit
1188 5738 1229 5795 ι.
1262 5740 1399 5816 ὄχθῃ
1428 5743 1512 5816 N._
1533 5744 1575 5776 ¹⁶
1600 5746 1691 5798 λαὶ
1710 5744 1788 5816 τῷ
1817 5746 1942 5802 add.
1974 5740 2041 5802 Ν·

2122 5748 2164 5779 ¹⁷
2199 5744 2461 5817 Ὀστρύου
2495 5743 2584 5817 N.,
2628 5741 3049 5817 ‘Oogpot'ais'ulg.
3129 5745 3175 5817 με
3193 5743 3684 5817 ἁμιλληθήσονται]

436 5798 873 5875 ἀμεληθήσονται
925 5809 1068 5880 conj.
1109 5798 1399 5870 Cantoél."
1427 5798 1629 5878 θύσας
1654 5798 1841 5889 δισῆερ
1859 5798 2040 5891 illis."
2082 5818 2126 5851 ²⁰
2159 5817 2263 5872 τῶν
2299 5798 2357 5868 F'.
2410 5815 2493 5883 8.,
2523 5798 2702 5871 αῧτῶν
2727 5798 2785 5870 Γ’.
2820 5814 2965 5886 vulg.
3002 5798 3086 5849 0”
3117 5798 3413 5901 ὀλιγωρουξ
3444 5798 3590 5888 vulg.

3774 2555 3807 2575 κ
