4050 6422
405 305 510 372 7οΊ

1396 297 1792 359 EXCERPTA
1829 295 1932 357 EX
1968 293 2241 355 PRISCO
2275 287 2643 356 RHETORE

3561 289 3667 353 708

398 423 473 476 tis
502 429 700 473 munus
732 414 1033 481 obiturum,
1065 419 1120 467 et
1147 409 1502 467 Maximinum
1549 408 1784 480 legatum
1816 406 1980 472 mitti,

2092 406 2239 476 μῖνος
2274 404 2540 474 μείζονος,
2579 402 2727 474 ἥπερ
2749 401 2795 435 ⁸⁸
2824 400 2853 454 ὁ
2890 400 3133 471 Βιγίλας,
3162 399 3342 468 ἀξίας,
3377 403 3570 472 γένους
3605 424 3667 464 τε

396 512 493 582 qui
530 510 746 582 quidem
777 506 1004 577 Bigilam
1028 505 1296 578 dignitate
1325 511 1632 573 superaret,
1688 509 1744 554 et
1783 512 1982 569 genere

360 606 366 611 ”
398 602 624 657 illustris
656 606 711 654 et
741 598 844 653 sibi
878 595 1037 652 valde
1078 593 1364 660 familiaris
1405 600 1587 658 esset;
1622 590 1690 645 ad
1732 591 1848 644 haec
1883 588 1984 642 mi-

399 694 551 748 nime
599 689 797 746 decere
828 687 1055 742 Attilam
1092 683 1297 742 fmdera
1345 680 1840 752 transgredientem
1875 679 1984 735 lto-

402 796 691 841 manorum
716 780 991 852 regionem
1035 777 1298 833 invadere
1324 792 1340 843 ;
1371 782 1428 830 et
1459 783 1619 829 antea
1646 774 1865 845 quidem
1916 774 1983 828 ad

399 890 525 931 eum
552 873 749 945 plures,
781 885 925 926 nunc
954 883 1084 926 vero
1114 869 1303 924 decem
1331 876 1382 923 et
1416 874 1627 935 septem
1667 864 1985 936 transfugas

401 966 619 1019 mittere
646 982 658 1016 :
693 977 795 1017 nec
816 961 960 1019 enim
992 958 1180 1029 plures
1205 956 1348 1026 apud
1368 971 1426 1012 se
1454 970 1597 1013 esse.
1635 954 1704 1011 Et
1730 954 1846 1009 hac
1866 953 1986 1023 qui-

400 1055 524 1109 dem
560 1052 757 1108 litteris
797 1047 1465 1109 coutincbantur.Coram
1506 1059 1687 1105 autem
1733 1046 1986 1103 Maximi-

399 1159 527 1200 num
549 1144 667 1201 suis
699 1143 881 1199 verbis
911 1142 1152 1213 jusserat
1198 1141 1381 1198 Attila:
1401 1140 1605 1206 dicere,
1639 1154 1709 1194 ne
1746 1138 1986 1207 postula-

401 1244 487 1290 ret
530 1234 760 1304 majoris
793 1234 1076 1305 dignitatis
1105 1233 1251 1288 viros
1281 1233 1349 1288 ad
1375 1246 1436 1287 se
1473 1231 1679 1302 legatos
1727 1229 1983 1285 transire.

398 1325 515 1381 Hoc
541 1326 686 1382 enim
745 1338 920 1393 neque
948 1323 1133 1393 ipsius
1153 1321 1451 1391 majoribus
1476 1323 1662 1375 datum
1689 1332 1832 1384 esse,
1889 1332 1985 1371 ne-

398 1431 507 1486 que
537 1416 754 1472 caeteris
776 1414 1021 1486 Scythiae
1046 1415 1284 1484 regibus,
1309 1415 1408 1469 sed
1431 1410 1729 1481 quemlibet
1760 1408 1984 1463 militem

402 1508 516 1581 49
572 1519 667 1563 aut
712 1507 875 1561 alium
909 1506 1157 1561 nuntium
1186 1503 1479 1575 legationis
1513 1516 1708 1556 munus
1762 1499 1983 1555 abiisse.

415 1600 686 1655 Caeterum
706 1597 776 1652 ab
809 1612 895 1663 ea,
929 1597 1218 1667 quaeinter
1247 1598 1394 1665 ipsos
1417 1595 1471 1649 in
1501 1592 1784 1649 dubietate
1800 1605 1990 1645 versa-

394 1689 615 1754 bantur,
676 1688 1023 1755 dijudicanda
1068 1685 1172 1743 sibi
1241 1684 1438 1750 videri,
1478 1680 1807 1753 Onegesium
1845 1677 1984 1734 mitti

398 1781 620 1837 debere.
654 1754 761 1847 Qui
794 1779 942 1834 enim
972 1779 1088 1839 lieri
1136 1786 1341 1849 posset,
1363 1776 1503 1858 utin
1532 1774 1835 1839 Serdicam,
1858 1783 1982 1841 quae
2016 1754 2060 1810 Β

399 1873 577 1930 diruta
608 1880 779 1937 esset,
809 1872 1002 1926 Attilas
1031 1886 1154 1925 eum
1179 1869 1296 1926 viro
1323 1868 1600 1924 consulari
1626 1861 1981 1921 conveniret?

399 1960 460 2019 lu
490 1962 593 2018 hac
616 1961 889 2033 legatione
930 1958 1258 2015 Maximinus
1294 1958 1545 2030 precibus
1579 1956 1712 2010 mihi
1757 1958 1995 2025 persuao‘

397 2058 496 2121 sit,
521 2064 582 2111 ut
605 2056 681 2111 illi
711 2068 901 2111 comes
921 2066 1118 2109 essem.
1144 2053 1326 2122 Atque
1352 2051 1427 2105 ita
1444 2064 1572 2105 cum
1600 2047 1858 2102 Barbaris
1883 2046 1988 2101 iter

400 2148 580 2205 facere
620 2147 907 2217 coepimus,
933 2154 988 2200 et
1016 2144 1069 2199 in
1099 2142 1381 2199 Serdicam
1417 2140 1765 2212 pervenimus
1820 2139 1985 2193 trium

397 2248 456 2301 et
492 2239 678 2295 decem
723 2238 937 2292 dierum
986 2236 1181 2291 itinere
1241 2233 1494 2304 expedito
1521 2231 1729 2287 homini
1775 2247 1805 2284 a
1844 2229 1987 2284 Cou-

399 2329 748 2399 stantinopoli
779 2328 1096 2384 distantem.
1145 2326 1224 2383 lbi
1266 2334 1668 2382 commorantes
1699 2324 1767 2378 ad
1802 2323 1984 2379 cibum

401 2421 685 2479 uobiscum
717 2420 1038 2477 sumendum
1068 2419 1319 2474 Edecona
1348 2425 1406 2473 et
1453 2427 1682 2472 caeteros
1714 2416 1987 2471 Barbaros

399 2513 707 2568 invitandos
759 2512 1040 2568 duximus.
1085 2509 1267 2565 Bubus
1297 2509 1458 2581 igitur
1501 2518 1557 2562 et
1577 2507 1794 2573 ovibus,
1851 2522 1987 2576 quas

400 2606 591 2662 incolze
620 2605 777 2665 nobis
818 2604 1328 2675 suppeditaveraut,
1387 2601 1674 2672 iugulatis,
1717 2600 1990 2656 instructo

401 2697 651 2755 convivio
707 2698 909 2768 epulati
945 2709 1158 2751 sumus.
1190 2693 1335 2748 Inter
1354 2693 1541 2763 epulas
1580 2692 1806 2746 Barbari
1856 2692 1990 2746 Atti-

402 2790 532 2854 lam,
564 2804 665 2846 nos
711 2791 1100 2860 imperatorem
1147 2787 1411 2843 admirarl
1471 2793 1529 2840 et
1569 2785 1855 2842 extollere.
1906 2787 1989 2840 Ad

403 2896 526 2951 qua:
571 2881 771 2952 Bigilas
799 2882 956 2945 dixit,
993 2881 1217 2935 minime
1244 2879 1455 2949 justum
1491 2892 1634 2945 esse,
1669 2879 1836 2934 Deum
1866 2893 1989 2933 cum

405 2973 628 3028 nomine
655 2987 1005 3043 comparare,
1032 2972 1306 3027 hominem
1338 2969 1583 3038 Attilam,
1615 2971 1775 3026 deum
1809 2970 1990 3025 Theo-

405 3062 618 3119 dosium
649 3075 874 3117 vocans.
900 3060 954 3116 ld
982 3076 1126 3131 σιεγε
1167 3061 1403 3116 tulerunt
1453 3058 1652 3128 Hunni,
1703 3069 1759 3117 et
1788 3062 1990 3116 sensim

406 3153 489 3208 ira
515 3153 732 3208 accensi
785 3153 1271 3222 exasperabantur.
1294 3150 1406 3210 Nos
1448 3168 1578 3209 vero
1638 3153 1747 3209 alio
1780 3168 1993 3208 sermo-

407 3261 530 3301 nem
571 3246 917 3316 detorquere,
952 3255 1209 3301 eteorum
1234 3245 1369 3299 iram
1401 3245 1616 3301 blandis
1646 3245 1827 3300 verbis
1858 3244 1996 3300 leui-

406 3349 489 3392 re.
513 3334 560 3388 A
610 3348 765 3390 omna
797 3343 858 3389 ut
888 3335 1249 3399 surreximus,
1300 3332 1631 3390 Maximinus
1686 3332 1992 3397 Edeconem

406 3436 464 3483 et
492 3425 739 3481 Orestem
793 3425 949 3483 donis
983 3424 1401 3491 conciliaturus,
1432 3424 1625 3480 sericis
1664 3423 1909 3478 vestibus
1941 3434 1998 3479 et

405 3515 635 3585 gemmis
658 3514 854 3570 Indicis
888 3514 1128 3570 donavit.
1151 3513 1377 3570 Orestes
1409 3515 1606 3570 deinde
1642 3514 1993 3584 praestolatus

407 3607 677 3664 Edeconis
701 3608 1000 3663 discessum
1057 3608 1223 3662 verba
1260 3604 1469 3661 faciens
1500 3620 1624 3660 cum
1670 3604 1996 3672 Maximino,

405 3698 509 3754 sibi
540 3698 783 3768 quidem,
810 3697 908 3764 ait,
945 3696 1092 3755 illum
1122 3698 1349 3766 probum
1375 3704 1430 3751 et
1454 3694 1778 3766 prudentem
1799 3694 1994 3760 videri,

406 3791 498 3862 qui
537 3807 645 3847 non
700 3799 758 3844 ut
803 3790 895 3844 alii
943 3789 1180 3845 ministri
1237 3788 1372 3858 regii
1420 3795 1719 3857 peccasset.
1779 3785 1994 3843 Etenim

407 3884 674 3950 nonnulli,
704 3892 890 3954 spreto
909 3881 1124 3950 Oreste,
1157 3880 1467 3938 Edeconem
1498 3880 1567 3935 ad
1596 3893 1808 3937 coenam
1857 3880 1997 3936 invi-

411 3988 662 4035 taverant
707 3988 765 4035 et
821 3979 981 4035 donis
1038 3978 1343 4035 coluerant.
1397 3975 1506 4033 Nos
1563 3987 1744 4034 autem
1798 3978 2044 4034 harum'

406 4070 652 4127 omnium
678 4084 859 4125 rerum
889 4071 1087 4140 ignari,
1109 4084 1219 4140 quo
1248 4070 1585 4141 pertinerent
1624 4067 1834 4128 Orestis
1863 4086 1998 4127 ver-

2085 501 2444 572 περιφανοῦς,
2472 503 2568 555 καὶ
2607 501 2915 572 ἐπιτήδειος
2965 501 3023 564 ἐς
3047 500 3116 554 τὰ
3154 501 3392 572 μάλιστα
3428 501 3663 574 βασιλεῖ·

2082 593 2276 647 ἔπειτα
2305 594 2380 658 ὼς
2410 594 2472 647 οὐ
2511 594 2595 647 δεῖ
2649 592 3099 664 παρασαλεύοντα
3154 594 3256 658 τὰς
3316 596 3551 661 σπονδὰς
3600 600 3672 670 τῇ

2095 684 2380 757 Ῥωμαίων
2435 684 2759 756 ἐμϐατεύειν
2812 689 2907 756 γῇ.
2960 686 3210 755 Φυγάδας
3259 687 3317 741 δὲ
3373 689 3514 760 μετά
3546 691 3673 755 τοῖές

2083 779 2185 850 ἤδη
2215 778 2540 842 ἐκδοθέντας
2588 777 2966 832 ἑπτακαίδεκα
2999 778 3329 834 ἀπέσταλκά
3377 780 3421 811 ⁸⁷
3459 798 3563 845 σοι,
3596 782 3678 845 ὡς

2084 870 2288 941 ἑτέρων
2323 869 2424 923 οὐκ
2453 869 2645 923 ὄντων.
2681 869 2794 922 Καὶ
2816 867 2989 922 ταῦτα
3024 869 3122 939 μὲν
3140 866 3210 941 ἦν
3257 872 3314 924 ὲν
3340 872 3454 934 τοῖς
3483 873 3676 943 γράμ⁴

2089 979 2247 1032 μασι,
2283 960 2513 1033 φράζειν
2552 962 2609 1015 δὲ
2665 961 2760 1015 τδν
2799 961 3105 1032 Μαξιμῐνον
3150 964 3260 1018 ἀπὸ
3287 964 3555 1036 στόματος
3594 965 3678 1032 τῷ

2098 1058 2355 1130 Ἀττήλᾳ,
2388 1057 2464 1130 μὴ
2492 1058 2691 1128 χρῆναι
2723 1058 2897 1113 αἰτεῖν
2927 1057 3191 1127 πρέσϐεις
3215 1057 3483 1129 μεγίστης
3515 1057 3679 1123 ἀξίας

2087 1148 2219 1220 παρ’
2258 1149 2423 1203 αὑτὸν
2451 1148 2727 1219 διαϐῆναι·
2756 1149 2919 1204 τοῦτο
2946 1148 3057 1220 γάρ
3087 1150 3211 1203 οὐδὲ
3244 1148 3468 1204 ἐπὶτῶν
3503 1149 3679 1202 αὑτοῦ

2087 1242 2389 1311 προγόνων,
2425 1241 2548 1294 οὒδὲ
2577 1241 2671 1294 ἐπὶ
2695 1241 2901 1313 ἐτέρων
2944 1241 3055 1295 τῶν
3085 1238 3373 1312 ἀρξάντων
3403 1242 3502 1312 τῆς
3534 1243 3683 1294 Exu-

2087 1331 2247 1401 θικῆς
2284 1331 2563 1401 γενέσθαι,
2609 1330 2747 1386 ἀλλά
2780 1331 3229 1404 πρεσϐεύσασθαι
3271 1332 3365 1386 τόν
3394 1350 3456 1386 τε
3489 1335 3687 1386 ἐπιτυ-

2086 1424 2251 1493 χόντα
2284 1422 2631 1494 στρατιώτην
2667 1426 2761 1476 καὶ
2792 1423 3212 1495 ἀγγελιαφόρον.
3244 1424 3338 1488 Εἰς
3366 1423 3423 1478 δὲ
3451 1424 3512 1478 τὸ
3532 1426 3683 1478 διευ-
3754 1454 3755 1459 η

2093 1518 2355 1586 κρινῆσαι
2397 1514 2465 1567 τὰ
2504 1513 2960 1584 ἀμφιϐαλλόμενα
3006 1515 3183 1569 ἐδόκει
3222 1514 3465 1585 πέμπειν
3514 1517 3682 1585 Ὀνη-

2087 1614 2280 1680 γήσιον
2308 1609 2460 1679 παρά
2506 1608 2833 1679 Ῥωμαίους
2868 1609 2944 1681 μὴ
2966 1605 3080 1662 οἷόν
3106 1626 3165 1662 τε
3190 1608 3298 1679 γὰρ
3331 1608 3515 1675 αὑτὸν,
3548 1610 3613 1661 Σε
3626 1606 3717 1678 (μοί

2089 1702 2244 1770 δικῆς
2285 1701 2626 1773 δῃωθείσης,
2698 1700 2795 1754 σὺν
2861 1700 3116 1773 ὑπατικῷ
3179 1700 3334 1771 ἀνδρὶ
3390 1701 3448 1765 ἐς
3507 1702 3685 1771 αὐτὴν

2095 1795 2366 1865 προϊέναι.
2409 1793 2537 1847 Ἐπὶ
2572 1794 2782 1865 ταύτην
2827 1794 2926 1863 τὴν
2960 1792 3254 1865 πρεσϐείαν
3303 1794 3684 1862 ἐκλιπαρήως

2095 1881 2272 1935 πείθει
2324 1901 2391 1953 με
2442 1884 2746 1955 Μαξιμῖνος
2777 1884 2926 1957 αὐτῷ
2956 1886 3270 1955 συναπᾶραι
3304 1884 3373 1938 ⁸⁸.
3402 1886 3512 1940 Καὶ
3542 1884 3681 1953 δῆτα

2095 1975 2211 2044 ἃμα
2249 1978 2362 2040 τοῖς
2432 1977 2743 2048 Βαρϐάροις
2772 1977 3021 2051 ἐχόμενοι
3065 1977 3163 2048 τῆς
3188 1976 3310 2030 ὁδοῦ
3338 1977 3392 2040 ἐς
3418 1976 3681 2047 Σερδικὴν

2093 2066 2473 2139 ἀφικνούμεθα
2507 2111 2522 2135 ,
2564 2070 2921 2140 τρισκαίδεκα
2956 2069 3075 2124 ὁδὸν
3112 2069 3271 2141 ἀνδρὶ
3305 2068 3528 2138 εὐζώνῳ
3573 2069 3677 2137 τῆς

2096 2161 2514 2218 Κωνσταντίνου
2547 2162 2880 2232 ἀπέχουσαν.
2930 2156 3082 2237 Ἐνῇ
3135 2161 3541 2224 καταλύσαντες
3582 2178 3688 2214 και

2093 2251 2202 2313 λῶς
2230 2253 2375 2323 ἔχειν
2406 2254 2738 2326 ἡγησάμεθα
2770 2253 2867 2308 ἐπὶ
2901 2254 3088 2308 ἑστίαν
3132 2254 3404 2309 Ἐδέκωνα
3428 2255 3523 2309 καὶ
3556 2255 3691 2314 τοὺς

2100 2344 2217 2412 μετ’
2257 2345 2423 2399 αὐτοῦ
2471 2344 2790 2417 Βαρϐἀρους
2854 2346 3063 2400 καλεῖν.
3123 2346 3378 2416 Πρόϐατα
3424 2343 3518 2401 οὖν
3590 2348 3689 2401 καὶ

2097 2431 2225 2502 βόας
2281 2435 2631 2505 ἀποδομένων
2667 2435 2781 2489 τῶν
2834 2437 3150 2506 ἐπιχωρίων
3194 2438 3348 2508 ἡμῖν,
3398 2438 3691 2506 κατασφά-

2100 2524 2290 2590 ξαντες
2335 2525 2859 2598 ἀριστοποιούμεθα.
2920 2527 3032 2582 Καὶ
3064 2526 3215 2599 παρά
3261 2527 3355 2583 τὸν
3398 2529 3493 2582 τοῦ
3543 2547 3691 2600 συμ-

2100 2615 2285 2670 ποσίου
2323 2615 2515 2681 καιρὸν
2559 2617 2672 2670 τῶν
2726 2618 2824 2692 μὲν
2876 2616 3186 2690 Βαρϐάρων
3245 2619 3337 2672 τὸν
3398 2620 3688 2689 Ἀττήλαν,

2096 2709 2254 2779 ἡμῶν
2280 2708 2336 2763 δὲ
2378 2709 2469 2763 τὸν
2510 2707 2734 2780 βασιλέα
2783 2708 3199 2779 θαυμαζόντων,
3231 2712 3259 2764 ὁ
3292 2710 3515 2779 Βιγίλας
3551 2712 3689 2784 ἔφη,

2097 2801 2172 2863 ὡς
2202 2800 2305 2854 οὐκ
2338 2799 2423 2871 εἴη
2464 2799 2597 2853 Θεὸν
2647 2801 2743 2853 καὶ
2783 2799 3071 2872 ἄνθρωπον
3120 2800 3305 2855 δίκαια
3346 2803 3690 2875 συγκρίνειν,

2097 2890 2383 2963 ἄνθρωπον
2422 2894 2521 2962 μὲν
2555 2893 2647 2946 τὸν
2689 2893 2973 2964 ’Λττήλαν,
3014 2893 3149 2948 Θεὸν
3176 2893 3232 2946 δὲ
3261 2893 3355 2948 τὸν
3401 2894 3691 2949 Θεοδόσιον

2098 2983 2299 3053 λέγων,
2338 2983 2649 3054 Ἠσχαλλον
2699 2980 2793 3039 οὖν
2823 2987 2872 3038 οἱ
2921 2984 3132 3047 Οὒννοι,
3170 2985 3265 3038 καὶ
3306 2984 3448 3039 κατὰ
3491 2987 3694 3056 μικρῆν

2020 3112 2064 3169 c
2100 3075 2630 3147 ύποθερμαινόμενοι
2659 3076 3038 3146 ἐχαλέπαινον.
3089 3068 3276 3146 ἠμῶν
3328 3076 3386 3130 δὲ
3416 3077 3473 3140 ἐς
3521 3077 3691 3150 ’ἐτερα

2094 3164 2412 3236 τρεῷάντων
2470 3165 2561 3218 τὸν
2617 3165 2776 3233 λόγον
2827 3165 2921 3219 καὶ
2971 3164 3345 3237 φιλοφροσύνῃ
3386 3165 3482 3219 τὸν
3533 3169 3689 3238 σφῶν

2096 3256 2277 3310 αὐτῶν
2301 3259 2806 3329 καταπραῦνόντων
2846 3256 3038 3327 θυμὸν,
3079 3257 3216 3327 μετά
3258 3258 3319 3311 τὸ
3362 3258 3579 3313 δεῖπνον
3608 3261 3684 3323 ὡς

2097 3348 2464 3418 διανέστημεν
2494 3390 2509 3413 ,
2567 3347 2763 3421 δώροις
2822 3350 2849 3401 ὁ
2901 3349 3205 3420 Μαξιμῖνος
3265 3350 3537 3406 Ἐδέκωνα
3594 3351 3694 3408 καὶ

2112 3440 2377 3509 Ὀρέστην
2409 3439 2771 3510 ἐθεράπευσε,
2805 3444 3052 3512 σηρικοῖς
3080 3442 3355 3512 ἐσθήμασι
3396 3445 3491 3498 καὶ
3521 3445 3696 3509 λίθοις

2111 3527 2371 3592 Ἰνδικοῖς.
2416 3530 2746 3600 Ἀναμείνας
2797 3530 2854 3583 δὲ
2911 3531 3011 3603 τὴν
3075 3531 3368 3596 Ἑδέκωνος
3423 3534 3696 3605 Ὀρέστης

2097 3620 2473 3693 ἀναχώρησιν,
2508 3622 2643 3693 πρὸς
2691 3622 2782 3675 τὸν
2816 3620 3125 3692 Μαξιμῖνον
3165 3624 3383 3693 φράζει,
3417 3623 3493 3688 ὡς
3526 3628 3696 3695 σοφός

2097 3728 2156 3765 τε
2186 3712 2273 3783 εἴη
2307 3712 2409 3766 καὶ
2434 3711 2678 3784 ἀριστος,
2734 3713 2809 3784 μὴ
2838 3713 3001 3784 ὃμοια
3048 3712 3144 3767 σὺν
3175 3716 3289 3777 τοῖς
3318 3714 3461 3785 ἀμφὶ
3501 3715 3572 3769 τὰ
3599 3715 3696 3786 βαι

2103 3801 2280 3857 σίλεια
2316 3801 2749 3873 πλημμελήσαςο
2773 3801 2946 3873 χωρὶς
2989 3802 3098 3873 γὰρ
3132 3802 3301 3856 αὑτοῦ
3350 3803 3441 3855 ἐπὶ
3467 3803 3693 3859 δεῖπνον

2096 3897 2190 3948 τὸν
2228 3892 2499 3948 Ἐδέκωνα
2528 3892 2833 3956 καλοῦντες
2867 3892 3064 3962 δώροις
3098 3893 3321 3964 ἐτίμων.
3364 3893 3599 3968 Ἀπόρου
3629 3896 3691 3951 δὲ

2097 3989 2195 4041 τοῦ
2239 3986 2405 4056 λόγου
2463 3986 2541 4051 ὡς
2593 3986 2763 4057 μηδὲν
2814 3986 3202 4058 ἐπισταμένοις
3254 3987 3531 4058 φανέντος,
3587 3990 3687 4042 καὶ

2098 4078 2517 4151 ἀνερωτήσασιν
2569 4080 2721 4144 ὅπως
2767 4079 2865 4135 καὶ
2918 4081 3064 4134 κατά
3116 4082 3271 4134 ποῖον
3333 4081 3523 4154 καιρὸν
3578 4099 3685 4136 πειο

408 4165 508 4232 ba,
549 4181 658 4222 non
700 4165 837 4221 satis
888 4166 1246 4236 perclpientes
1273 4205 1290 4232 ,
1345 4179 1469 4221 cum
1518 4179 1585 4221 ex
1630 4179 1696 4224 eo
1743 4164 1991 4222 sciscita-

2101 4171 2344 4246 ριῶπται
2376 4170 2476 4242 μὲν
2502 4170 2686 4237 αὐτὸς,
2723 4172 3017 4243 τετίμηται
3064 4172 3123 4226 δὲ
3173 4174 3203 4226 ό
3243 4172 3494 4241 Ἐδέκων,
3530 4174 3687 4228 οὐδὲν

408 4271 616 4322 remur,
644 4257 919 4327 quomodo
942 4263 995 4310 et
1028 4270 1134 4324 qua
1175 4255 1227 4308 iu
1271 4268 1329 4310 re
1360 4254 1637 4324 despectui
1665 4264 1813 4310 esset
1835 4252 1991 4309 habi-

2098 4261 2538 4333 ἀποκρινάμενος
2587 4258 2803 4329 ἐξῆλθε.
2838 4261 2920 4331 Τῇ
2945 4260 3001 4314 δὲ
3039 4258 3308 4331 ὑστεραίᾳ
3337 4258 3414 4323 ὡς
3440 4257 3691 4325 ἑϐαδίζοο

407 4356 498 4403 tus
521 4356 576 4402 et
604 4346 821 4401 Edecou
860 4347 1067 4402 honore
1107 4344 1352 4413 allectus,
1407 4347 1540 4401 nihil
1578 4345 1881 4415 respondit,
1942 4353 1991 4399 et

2102 4371 2225 4424 μεν,
2262 4353 2504 4423 φέρομεν
2552 4353 2646 4404 ἐπὶ
2694 4349 2918 4418 Βιγίλαν
2969 4349 3114 4422 ἀπερ
3144 4351 3277 4422 ἡμῖν
3321 4352 3586 4424 Ὀρέστης
3612 4356 3691 4407 εί-

408 4438 680 4493 discessit.
704 4435 975 4495 Postridie
1009 4452 1134 4494 cum
1159 4437 1262 4495 iter
1286 4436 1612 4503 faceremus,
1638 4434 1844 4507 Βὶεἰιω,
1871 4450 1991 4508 qua;

2098 4443 2280 4514 ρήκει.
2312 4442 2408 4505 Ὃς
2437 4441 2516 4506 δὲ,
2553 4441 2762 4493 ἐκεῖνον
2797 4438 2873 4511 μὴ
2906 4438 3018 4492 δεῖν
3061 4439 3411 4511 χαλεπαίνειν
3453 4442 3531 4506 ὡς
3579 4443 3694 4496 τῶν

408 4528 632 4585 Orestes
675 4530 911 4593 dixerat,
943 4527 1257 4584 retulimus.
1304 4528 1399 4584 llle
1428 4542 1560 4584 vero
1592 4527 1671 4582 ait
1706 4546 1721 4582 :
1748 4525 1991 4582 Orestem

2104 4534 2289 4589 αὐτῶν
2323 4533 2579 4587 Ἐδέκωνι
2616 4532 2662 4564 ⁸⁸
2700 4531 2777 4602 μὴ
2828 4532 3195 4603 τυγχάνοντα·
3251 4534 3415 4588 αὐτὸν
3448 4535 3551 4606 μὲν
3579 4535 3695 4608 γὰρ

410 4633 515 4673 non
561 4618 763 4673 debere
824 4618 1011 4687 iniquo
1061 4618 1246 4677 animo
1293 4618 1480 4683 terre,
1536 4617 1585 4673 si
1643 4616 1832 4673 eadem
1879 4630 1991 4684 qua

2102 4628 2312 4682 ὀπάονά
2342 4643 2405 4680 τε
2444 4626 2539 4681 καὶ
2568 4624 2896 4696 ὑπογραφέα
2930 4620 3072 4679 εἶναι
3111 4626 3368 4697 ’Δττήλα,
3417 4626 3696 4685 Ἐδέκωνα

409 4708 654 4775 Edecon,
680 4708 906 4765 minime
929 4718 1076 4767 esset
1097 4720 1443 4767 consecutus.
1465 4705 1719 4766 Orestem
1745 4708 1890 4765 enim
1916 4722 1991 4765 co-

2101 4720 2160 4775 δὲ.
2184 4719 2252 4773 τὰ
2279 4718 2421 4773 κατὰ
2449 4718 2689 4787 πόλεμον
2725 4715 2969 4787 ἄριστον,
3006 4717 3083 4781 ὡς
3112 4716 3205 4771 τοῦ
3239 4716 3443 4772 Ούννου
3474 4719 3697 4789 γένους,

411 4819 597 4876 mitem
635 4828 691 4875 et
712 4819 951 4877 scribam
974 4819 1178 4889 Attila,
1207 4821 1514 4878 Edeconem
1553 4833 1684 4875 vero
1719 4817 1864 4876 bello
1890 4819 1991 4874 cla-

2103 4811 2510 4882 ἁναϐεϐηκέναι
2555 4808 2648 4865 τὸν
2696 4809 2962 4880 Ὀρέστην
3005 4808 3166 4864 πολύ.
3205 4809 3397 4867 Ταῦτα,
3439 4812 3615 4867 εἰπὼν
3652 4813 3700 4845 ⁸⁸

412 4912 723 4977 rissimum,
775 4920 836 4968 ut
867 4913 921 4968 in
950 4922 1110 4986 gente
1138 4912 1480 4977 Hunnorum,
1514 4911 1670 4981 longe
1729 4911 1879 4966 illum
1915 4909 1991 4966 di-

2104 4907 2197 4959 καὶ
2241 4903 2322 4975 τῷ
2392 4902 2647 4955 Ἐδέαωνι
2683 4901 3162 4974 ίδιολογησάμενος
3189 4902 3429 4973 ἔφασκεν
3460 4903 3695 4977 ὕστερον

411 5003 618 5071 gnitate
679 5004 1028 5061 antecellere.
1078 5002 1211 5071 Quae
1249 5019 1371 5059 cum
1427 5003 1763 5073 loqueretur,
1823 5002 1991 5072 patrio

2098 4997 2239 5066 πρὸς
2271 4996 2443 5066 ἡμᾶς,
2484 4995 2595 5048 εἴτε
2632 4993 3046 5066 ἀληθιζόμενος,
3083 4996 3196 5049 εἴτε
3222 4997 3690 5070 ὑποκρινόμενος,

409 5107 663 5149 sermone
704 5093 1012 5151 Edecouem
1051 5094 1269 5159 allatus,
1326 5107 1431 5147 non
1485 5091 1657 5147 multo
1678 5102 1802 5162 post
1840 5092 1991 5148 nobis

2097 5090 2175 5153 ὡς
2213 5089 2360 5143 sine:
2391 5088 2437 5121 ⁸⁸
2473 5087 2573 5159 μὲν
2623 5086 2775 5157 αύτῷ
2821 5086 2893 5140 τὰ
2920 5088 3212 5160 εἰρημένα,
3247 5089 3406 5163 μόγις
3439 5089 3500 5143 δὲ
3526 5092 3696 5144 αὐτὸν

411 5185 775 5255 conﬁrmavit,
834 5201 932 5243 seu
973 5200 1102 5242 vera
1158 5184 1448 5256 proferret,
1491 5199 1586 5242 seu
1641 5185 1890 5256 ﬁngeret,
1938 5199 1991 5240 se

2098 5180 2493 5253 καταπραῧναι
2526 5181 2807 5252 τραπέντα
2836 5179 2928 5234 ἐπὶ
2954 5182 3067 5244 τοῖς
3088 5179 3357 5252 λεχθεῖσιν
3396 5183 3477 5247 εἰς
3499 5183 3694 5254 ὀργήν.

412 5276 647 5334 Edeconi
681 5293 769 5344 ea,
827 5292 949 5349 quae
970 5278 1123 5349 prius
1156 5276 1235 5332 illi
1270 5276 1604 5344 dixeramus,
1659 5278 1991 5348 exposuisse,

2111 5275 2461 5345 Ἀφικόμενοι
2515 5273 2575 5328 δὲ
2629 5275 2688 5338 ἐς
2741 5272 2982 5327 Ναῖσσδν
3032 5272 3240 5345 ἔρημον
3295 5273 3396 5345 μὲν
3457 5275 3699 5348 εὕρομεν

408 5379 465 5425 et
492 5385 636 5442 aegre
666 5370 801 5425 iram
834 5371 952 5441 ejus
975 5371 1046 5425 ob
1081 5368 1225 5425 dicta
1258 5368 1467 5425 Orestis
1516 5369 1791 5426 lenivisse.
1838 5372 1991 5427 Veni-

2101 5366 2408 5438 ἀνθρώπων
2430 5364 2529 5437 τὴν
2558 5366 2735 5431 πόλιν,
2766 5366 2841 5431 ὡς
2875 5367 2982 5422 ὑπὸ
3004 5367 3114 5422 τῶν
3151 5367 3431 5439 πολεμίων
3453 5368 3702 5438 ἀνατρα-

410 5476 531 5519 mus
557 5458 831 5531 Naissum,
859 5476 979 5533 quae
1012 5462 1081 5517 ab
1105 5460 1355 5517 hostibus
1384 5459 1561 5517 fuerat
1587 5475 1780 5517 eversa
1811 5471 1866 5516 et
1886 5462 1991 5516 solc

2108 5465 2327 5515 πεῖσαν·
2360 5461 2418 5512 ὲν
2448 5460 2507 5513 δὲ
2533 5460 2646 5524 τοῖς
2676 5460 2845 5530 ἱεροῖς
2876 5459 3228 5533 καταλύμασι
3255 5460 3366 5518 τῶν
3393 5460 3500 5519 ὑπὸ
3521 5459 3700 5518 νόσων

1677 5576 1909 5636 νΑῐὶΙᾹΞ
1960 5577 2372 5639 LECTIONES.

474 5671 523 5747 ξ’
549 5671 707 5747 εἴπερ
736 5673 884 5747 vulg.
919 5673 1004 5747 __"
1039 5672 1359 5747 ἀπέσταλκέ
1380 5672 1554 5747 vulg.,
1588 5672 1940 5747 ἀπέσταλκέν
1984 5679 2034 5731 οἱ
2063 5675 2184 5732 Val.
2224 5673 2310 5747 _“
2350 5673 2668 5747 συναπᾷραι
2701 5670 2791 5742 Ν.,
2825 5673 3131 5745 συνεπᾶραι
3167 5675 3312 5747 vulg.
3378 5675 3426 5711 δ’
3461 5672 3698 5741 Ὲδέκων

416 5739 563 5812 vulg.
639 5739 688 5775 “
715 5739 885 5798 ειπῶν
919 5744 1013 5812 H.,
1044 5747 1223 5801 εἰπεῖν
1258 5745 1404 5817 vulg.
1479 5739 1526 5779 ῖι
1558 5743 1704 5797 εἴποι
1737 5745 1836 5815 μὲν
1874 5745 2146 5813 Cantocl.,
2174 5743 2445 5815 ἐἴποιμεν
2483 5739 2629 5814 vulg.
