4050 6420
377 297 482 360 70]

1152 303 1246 362 DE
1283 303 1850 367 LEGATIONIBUS
1890 309 2384 370 ROMANORUM
2426 312 2526 370 AD
2565 311 2881 372 GENTES.

3525 312 3632 370 7:0

377 405 752 476 κατεχομένων
788 407 930 471 τινὲς
954 409 1252 477 ἐτύγχανον
1297 413 1468 474 ὄντες.
1499 415 1710 485 Μικρὸν
1740 416 1796 468 δὲ
1836 416 1937 470 ἄλλο]

2053 427 2302 489 :rquata:
2349 418 2550 488 itaque,
2576 434 2696 474 eam
2737 421 3005 473 desertam
3043 421 3348 478 hominibus
3400 422 3630 478 oﬂ'endi-

374 500 465 551 τοῦ
495 498 742 566 ποταμοῦ
768 501 826 551 ὲν
869 501 1094 570 καθαρῷ
1127 502 1172 531 ⁸²
1204 502 1604 567 καταλύσαντες
1642 507 1954 576 (σύμπαντα

375 591 480 658 γάρ
512 588 578 640 τά
609 588 702 642 ἐπὶ
746 588 846 660 τὴν
887 590 1053 661 ὄχθην
1084 592 1285 644 ὀστέων
1332 588 1399 664 ἦν
1431 595 1570 648 πλέα
1607 597 1718 650 τῶν
1758 601 1815 650 ὲν
1856 617 1954 652 πο-

371 680 520 749 λέμῳ
572 680 1014 750 ἀναιρεθέντων),
1063 685 1128 753 τῇ
1178 685 1444 755 ἐπαύριον
1493 688 1631 757 πρὶς
1677 690 1953 756 Ἀγίνθεον

371 769 481 822 τῶν
495 770 541 801 ⁵³
566 771 621 822 ὲν
665 771 942 842 Ἰλλυριοῖς
966 774 1262 843 ταγμάτων
1291 777 1595 847 ἡγούμενον
1620 781 1949 850 ἀφικόμεθα,

368 861 432 914 ού
469 863 661 933 πόρρω
695 861 825 914 ὄντα
867 863 966 933 τῆς
995 864 1260 931 Ναῖσσοῦ,
1300 869 1388 936 ἐφ’
1423 862 1466 935 ᾦ
1505 869 1573 921 τά
1605 870 1756 941 παρά
1795 871 1950 940 βασι-

367 954 506 1016 λέως
555 954 808 1021 ἀγγεῖλαι
837 955 930 1010 καὶ
963 957 1091 1021 τοὺς
1145 959 1393 1028 φυγάδας
1439 962 1798 1031 παραλαϐεῖν·
1827 965 1952 1027 τοὺς

366 1045 478 1116 γάρ
509 1044 543 1099 ε’
581 1045 692 1100 τῶν
741 1045 827 1112 ιζ’,
871 1047 999 1118 περὶ
1025 1041 1100 1102 ὧν
1145 1051 1384 1122 Ἀττήλᾳ
1427 1053 1758 1124 ἐγέγραπτο,
1789 1056 1952 1110 αὑτὸν

365 1136 477 1189 ἔδει
509 1137 885 1207 παραδιδόναι.
924 1137 1197 1209 Ἤλθομεν
1242 1140 1334 1194 οὖν
1367 1143 1422 1204 ἐς
1454 1142 1664 1211 λόγους,
1710 1147 1800 1198 καὶ
1827 1147 1951 1210 τοὺς

364 1231 407 1277 ε’
444 1225 693 1294 φυγάδας
740 1225 1080 1296 παραδοῦναι
1155 1230 1318 1284 αὑτὸν
1375 1235 1487 1296 τοῖς
1539 1232 1759 1298 Οὔννοις
1809 1253 1950 1305 παρ-

367 1315 750 1385 εσκευάσαμεν
783 1333 796 1347 ο
825 1316 920 1380 οὓς
967 1319 1505 1393 φιλοφρονησάμενος
1547 1325 1643 1377 σὺν
1674 1327 1802 1396 ἡμῖν
1845 1329 1950 1380 άπ-

368 1408 607 1478 έπεμψε.
635 1411 1200 1481 Διανυκτερεύσαντες
1238 1415 1293 1467 δὲ
1351 1417 1446 1469 καὶ
1495 1417 1602 1470 ἀπὸ
1637 1419 1744 1470 τῶν
1787 1422 1948 1490 ὁρίων

373 1499 487 1568 ei?
533 1500 776 1554 Νσῖσσοῦ
849 1505 944 1573 τὴν
1001 1506 1228 1576 πορείαν
1293 1510 1650 1580 ποιησάμενοι
1718 1513 1811 1567 ἐπὶ
1857 1514 1948 1566 τὸν

372 1592 590 1663 Ἴστρον
627 1594 896 1663 ποταμὸν,
939 1594 996 1658 ἐς
1035 1613 1089 1648 τι
1120 1597 1320 1668 χωρίον
1351 1601 1685 1672 ἐσϐάλλομεν
1721 1621 1948 1674 συνηρε-

374 1681 490 1750 φὲς,
524 1683 754 1752 καμπὰς
781 1684 838 1737 δὲ
868 1685 961 1739 καὶ
991 1687 1250 1758 ἑλιγμοὺς
1279 1691 1372 1743 καὶ
1421 1696 1775 1763 περιαγωγὰς
1819 1697 1948 1750 πολ-

2057 525 2180 564 mus
2215 549 2230 574 ,
2294 521 2650 581 praeterquam
2707 511 2848 580 quod
2909 511 2962 564 in
3015 512 3301 589 ruderibus
3350 529 3627 569 sacrarum

2055 606 2248 660 aedium
2279 615 2436 659 erant
2460 605 2682 672 quidam
2709 606 2919 675 aegroti.
2951 603 3117 661 Paulo
3143 605 3354 676 longius
3389 623 3417 660 a
3453 611 3627 662 tlttini-

2056 711 2124 753 ne
2153 699 2220 752 ad
2269 711 2439 752 vacua
2496 697 2614 751 loca
2659 697 2989 761 divertentes
3033 699 3240 768 (omnia
3284 699 3429 754 enim
3484 701 3628 756 circa

2057 791 2228 859 ripam
2267 802 2422 845 erant
2444 789 2601 856 plena
2626 790 2843 844 ossibus
2864 789 2973 860 5o
3001 805 3210 854 eorum.
3244 791 3337 862 qui
3375 791 3516 846 bello
3549 808 3629 846 ce-

2054 881 2343 950 ciderant),
2399 881 2660 950 postridie
2711 883 2778 937 ad
2837 883 3192 951 Agintheum,
3242 883 3519 952 copiarum
3576 883 3628 936 in

2053 972 2263 1044 Illyrico
2309 974 2520 1035 ducem.
2569 973 2662 1042 qui
2695 988 2800 1028 non
2849 973 3060 1044 longea
3092 972 3286 1029 Naisso
3329 973 3630 1035 habitabat,

2053 1062 2504 1128 aceessimus,ut,
2567 1063 2782 1118 traditis
2824 1063 3172 1132 imperatoris
3221 1065 3514 1129 mandatis,
3548 1064 3630 1119 re—

2051 1148 2358 1215 ciperemus
2402 1149 2470 1203 ab
2507 1164 2572 1204 eo
2598 1150 2838 1219 quinque
2899 1151 3222 1221 transfugas,
3267 1153 3358 1221 qui
3397 1163 3630 1222 septem-

2051 1238 2224 1292 decim
2262 1255 2569 1304 numerum,
2604 1241 2670 1296 de
2703 1222 2902 1311 quibus
2947 1243 3016 1300 ad
3062 1243 3284 1298 Attilam
3317 1246 3628 1313 scripserat,

2053 1331 2352 1400 explerent.
2387 1331 2676 1390 Hominem
2707 1333 2871 1404 igitur
2897 1336 3277 1401 convenimus,
3306 1345 3361 1392 et
3389 1338 3630 1406 quinque

2049 1422 2306 1492 profugos
2350 1422 2572 1480 Hunnus
2603 1426 2819 1481 tradere
2867 1427 3242 1496 praecepimus,
3276 1443 3416 1497 quos
3452 1431 3628 1482 verbis

2049 1516 2362 1569 consolatus
2391 1555 2408 1578 ,
2457 1517 2739 1572 nobiscum
2768 1517 2995 1571 dimisit.
3027 1517 3196 1574 Nocte
3236 1528 3508 1573 transacta
3545 1561 3560 1586 ,
3597 1536 3625 1572 a

2051 1608 2327 1660 montibus
2356 1606 2532 1662 Naissi
2570 1609 2762 1663 Istrum
2793 1624 2984 1663 versus
3028 1619 3335 1679 pergentes,
3358 1609 3412 1663 in
3459 1626 3626 1680 angu-

2049 1707 2187 1752 stam
2253 1699 2550 1754 convallem
2585 1714 2682 1768 per
2728 1700 2980 1769 obliquos
3015 1701 3240 1756 inﬂexus
3266 1711 3320 1754 et
3369 1701 3626 1756 circuitus

376 1773 466 1837 λάῖ
503 1773 647 1846 ἔχονο
711 1777 800 1829 Ἔν
850 1771 1003 1849 ᾧπερ
1058 1781 1157 1849 τῆς
1196 1783 1409 1853 ἡμέρας
1452 1785 1840 1856 διαφαινούσης
1875 1789 1937 1851 ⁸⁸,

2054 1788 2250 1842 multos
2300 1788 2617 1843 deferimur.
2655 1786 2754 1843 Hic
2808 1804 2930 1845 cum
2965 1790 3018 1844 in
3058 1805 3122 1845 ea
3179 1790 3436 1858 opinione
3487 1803 3626 1844 esse-

367 1865 631 1936 οίομένοις
671 1868 764 1922 ἐπὶ
794 1871 1002 1942 δυσμάς
1030 1874 1362 1944 πορεύεσθαι
1403 1876 1496 1928 τοῦ
1532 1878 1684 1946 ἡλίου
1714 1880 1945 1950 ἀνατολὴ

364 1961 713 2014 κατεναντίον
748 1961 928 2032 ὤφθη,
964 1962 1104 2017 ὥστε
1157 1971 1279 2030 τοὺς
1311 1969 1556 2038 ἀπείρως
1596 1969 1820 2039 ἔχοντας
1849 1972 1946 2040 τῆς

360 2053 460 2104 τοῦ
489 2052 689 2123 χωρίου
720 2054 922 2119 θέσεως
956 2059 1279 2128 ἀναϐοῆσαι,
1311 2057 1398 2112 οἷα
1446 2062 1508 2132 δὴ
1540 2063 1629 2115 τοῦ
1657 2064 1807 2135 ἡλίου
1847 2066 1945 2130 τὴν

360 2143 612 2198 ἐναντίαν
651 2149 976 2217 ποιουμένου
1029 2151 1073 2182 ⁸⁵
1110 2154 1336 2222 πορεὶαν
1378 2155 1469 2207 καὶ
1520 2155 1683 2226 ἕτερα
1715 2157 1864 2227 παρὰ
1899 2159 1945 2191 ⁸⁸

359 2234 432 2288 τὰ
465 2233 781 2292 καθεστῶτα
827 2240 1204 2310 σημαίνοντος.
1251 2245 1387 2297 Ὑπὸ
1413 2246 1470 2298 δὲ
1496 2247 1596 2316 τῆς
1644 2247 1738 2301 τοῦ
1773 2249 1942 2303 τόπου

356 2327 678 2399 ἀνωμαλίας
729 2327 823 2384 ἐπὶ
881 2333 1148 2397 ἀνατολάς
1198 2337 1376 2390 ἐκεῖνο
1420 2337 1481 2390 τὸ
1523 2339 1691 2409 μέρος
1744 2340 1940 2394 ἑϐλεπε

357 2421 464 2487 τῆς
512 2421 656 2474 ὁδοῦ.
707 2422 862 2480 Μετὰ
914 2426 970 2479 δὲ
1026 2427 1124 2497 τὴν
1161 2427 1468 2499 δυσχωρίαν
1531 2431 1588 2484 ὲν
1643 2433 1810 2503 πεδίῳ
1845 2435 1939 2488 καὶ

356 2512 516 2584 αὑτῷ
563 2516 754 2572 mea“
813 2521 1252 2591 παραγινόμεθα.
1325 2522 1605 2577 Ἐντεῦθεν
1675 2525 1939 2598 βάρϐαροι

355 2607 630 2678 πορθμεῖς
659 2611 718 2663 ὲν
751 2612 986 2680 σκάφεσι
1023 2613 1356 2683 μονοξύλοις,
1391 2616 1535 2687 άπερ
1567 2618 1720 2670 αὐτοὶ
1744 2619 1938 2691 δένδρα

353 2700 719 2770 ἐκτέμνοντες
795 2705 889 2758 καὶ
949 2705 1341 2774 διαγλύφοντες
1399 2711 1938 2777 κατασκευάζουσιν,

353 2791 606 2862 ἐδέχοντο
637 2795 782 2865 ἡμᾶς
824 2799 918 2851 καὶ
951 2797 1347 2868 διεπόρθμευον
1397 2800 1489 2854 τὸν
1542 2803 1810 2872 ποταμὸν,
1842 2805 1940 2875 οὐχ

352 2885 516 2956 ἡμῶν
550 2886 715 2941 ἕνεκα
767 2890 1354 2962 παρασκευασάμενοι,
1387 2893 1522 2948 ἀλλὰ
1568 2895 1940 2967 διαπορθμεύ-

353 2995 554 3042 σαντες
583 2979 785 3049 πλῆθος
816 2981 1167 3054 βαρϐαρικὸν,
1203 2985 1340 3053 ὅπερ
1363 2985 1494 3054 ἡμῖν
1525 2991 1668 3039 κατὰ
1690 2987 1790 3056 τὴν
1821 2988 1939 3041 ὁδὸν

2049 1893 2192 1942 mus,
2240 1887 2300 1931 ut
2363 1878 2416 1932 in
2461 1893 2716 1933 occasum
2753 1879 2857 1934 iter
2902 1881 3122 1934 tendere
3162 1880 3620 1942 existimaremns,

2047 1967 2206 2022 simul
2236 1978 2398 2037 atque
2453 1968 2648 2033 illuxit,
2699 1969 2780 2024 sol
2833 1972 3088 2025 exoriens
3129 1985 3251 2026 sese
3295 1987 3361 2026 ex
3395 1972 3622 2026 adverso

2046 2060 2220 2115 oculis
2251 2062 2450 2116 nostris
2474 2061 2691 2128 ohjccit.
2727 2061 2913 2132 Itaque
2957 2063 3048 2131 qui
3085 2063 3185 2118 loci
3210 2062 3370 2116 situm
3405 2063 3621 2133 ignora-

2048 2152 2198 2218 bant,
2248 2153 2576 2220 cxclamare,
2631 2161 2886 2224 tanquam
2950 2154 3032 2210 sol
3070 2157 3402 2210 contrarium
3462 2157 3622 2210 solito

2046 2259 2264 2298 cursum
2297 2245 2610 2306 conficeret.
2654 2255 2708 2300 et
2747 2246 3099 2301 abhorrentia
3129 2262 3160 2301 a
3188 2248 3482 2301 constituto
3533 2263 3620 2301 rc-

2048 2351 2165 2389 rum
2196 2337 2385 2391 ordine
2413 2336 2722 2406 designaret
2757 2358 2768 2390 :
2837 2337 2930 2392 sed
2960 2346 3178 2407 propter
3219 2338 3320 2393 loci
3382 2339 3624 2407 inaequa-

2048 2427 2254 2482 litatem
2302 2427 2386 2482 via
2415 2444 2478 2483 ea
2510 2429 2659 2497 parte
2717 2429 2786 2483 ad
2827 2427 3104 2483 Orientem
3148 2440 3376 2497 spectat.
3411 2429 3487 2483 Ex
3531 2430 3620 2484 illn

2045 2517 2244 2574 dimcili
2274 2531 2327 2574 et
2354 2520 2525 2574 arduo
2572 2521 2692 2575 loco
2720 2523 2785 2574 ad
2813 2521 2967 2590 plana
3004 2529 3060 2575 et
3111 2521 3376 2589 uliginosa
3407 2522 3624 2576 deveni-

2044 2629 2181 2668 mus.
2217 2611 2315 2668 llic
2343 2629 2437 2668 nos
2461 2613 2682 2667 Barbari
2709 2615 2998 2681 portitores
3036 2613 3090 2666 in
3124 2612 3342 2680 scaphis
3367 2613 3525 2666 unico
3547 2614 3613 2664 li-

2042 2720 2147 2775 gno
2174 2707 2568 2768 constantibus,
2613 2719 2747 2772 quas
2783 2705 3071 2760 arboribus
3101 2706 3266 2759 sectis
3298 2715 3354 2758 et
3411 2705 3620 2762 cavatis

2044 2799 2330 2860 adornant,
2368 2806 2717 2865 exceperunt,
2746 2805 2800 2850 et
2836 2795 3032 2850 ﬂumen
3059 2797 3493 2850 transmiserunt.
3551 2797 3620 2848 Et

2042 2892 2204 2948 lembi
2239 2893 2455 2962 quidem
2488 2893 2709 2946 minime
2746 2895 2811 2944 ad
2843 2906 2939 2946 nos
2975 2891 3352 2954 traducendos,
3391 2889 3484 2944 sed
3551 2891 3618 2942 ad

2045 2985 2448 3040 multitudinem
2479 2985 2841 3038 Barbarorum
2869 2983 3242 3052 trajicieudam
3281 2991 3436 3037 erant
3468 2996 3620 3051 prte-

355 3071 690 3142 ἀπηντήκει,
741 3068 829 3127 οἷα
872 3073 944 3145 δὴ
1000 3075 1329 3146 βουλομένου
1389 3078 1434 3109 ⁸⁷
1472 3077 1549 3142 ὡς
1601 3080 1695 3134 tut
1760 3081 1935 3152 θήραν

2044 3078 2236 3147 parati,
2294 3093 2413 3147 qua}
2441 3077 2598 3132 nobis
2671 3079 2836 3132 invia
2890 3085 3221 3142 occurreret,
3261 3075 3385 3144 quia
3423 3075 3618 3129 Attilae

369 3159 604 3232 ’Δττήλα
638 3163 942 3243 διαϐαίνειν
985 3168 1042 3230 ἐς
1085 3167 1187 3237 τὴν
1249 3166 1540 3238 Ῥωμαίων
1580 3171 1708 3240 γῆν.
1762 3171 1934 3227 Τοῦτο

348 3251 411 3306 es
460 3247 529 3324 ἦν
587 3253 828 3325 πολέμου
885 3258 1243 3329 παρασκευὴν
1306 3263 1614 3332 ποιουμένῳ
1653 3264 1698 3295 ³⁸
1728 3263 1808 3334 τῷ
1839 3265 1933 3335 βα-

351 3347 541 3415 σιλείῳ
574 3347 778 3419 Σκύθῃ,
823 3350 1094 3419 προφάσει
1125 3351 1218 3405 τοῦ
1253 3353 1328 3423 μὴ
1375 3355 1586 3418 πάντας
1618 3355 1768 3426 αὐτῷ
1809 3359 1934 3419 τοὺς

350 3438 601 3506 φυγάδας
631 3439 894 3494 δεδόσθαι.
943 3443 1352 3513 Περαιωθέντες
1382 3445 1440 3498 δὲ
1473 3446 1565 3500 τὸν
1596 3446 1810 3520 Ἵστρον
1839 3449 1932 3502 καὶ

351 3531 453 3584 σὺν
484 3533 600 3594 τοῖς
649 3531 955 3603 Βαρϐάροις
987 3534 1064 3599 ὡς
1100 3542 1141 3588 ον
1178 3536 1539 3607 πορευθέντες
1571 3539 1839 3605 σταδίους,
1873 3542 1933 3592 ὲν

349 3623 522 3694 πεδίῳ
551 3625 659 3677 τινὶ
684 3627 963 3696 ἐπιμένειν
988 3629 1311 3699 ἠναγκάσθη
1322 3648 1442 3700 μεν,
1468 3631 1608 3685 ὥστε
1639 3634 1765 3696 τοὺς
1787 3633 1933 3703 ἀμφὶ

349 3714 445 3767 τὸν
497 3714 767 3769 Ἐδὲκωνα
803 3716 883 3787 τῷ
925 3718 1153 3790 Ἀττηλα
1194 3719 1450 3787 γενέσθαι
1499 3721 1598 3789 τῆς
1655 3723 1932 3792 ἡμετέρας

356 3804 593 3874 ἀφίξεως
637 3808 901 3878 μηνυτὰς.
953 3810 1418 3879 Καταμεινάντων
1446 3811 1502 3864 δὲ
1535 3812 1632 3864 σὺν
1679 3813 1810 3881 ἡμῖν
1838 3814 1931 3866 καὶ

360 3894 471 3948 τῶν
497 3896 909 3970 ξενάγησάντων
935 3902 1082 3970 ἡμᾶς
1114 3902 1160 3934 ⁸³
1193 3901 1492 3973 Βαρϐάρων
1517 3943 1531 3967 ,
1575 3903 1720 3972 ἀμφὶ
1748 3903 1931 3973 δείλην

354 3987 513 4058 ὀψίαν
539 3989 758 4044 δεῖπνον
792 3991 951 4062 ἡμῶν
995 3991 1358 4062 αἱρουμένων,
1396 3993 1591 4064 κρότος
1631 3994 1812 4048 ἵππων
1854 3996 1930 4059 ὡς

348 4081 500 4151 ἡμᾶς
524 4081 839 4152 ἐρχομένων
864 4082 1116 4150 ἠκούετο.
1150 4084 1260 4139 Καὶ
1285 4085 1350 4152 δὴ
1376 4084 1569 4156 ἄνδρες
1599 4083 1694 4139 δύο
1726 4085 1929 4140 Σκύθαι

346 4173 712 4244 παρεγίνοντο
754 4173 830 4238 ὡς
859 4175 950 4228 τὸν
995 4176 1260 4248 ’Δττήλαν
1289 4179 1439 4248 ἡμᾶς
1490 4178 1712 4232 ἀπιέναι
1744 4195 1928 4246 παρα-

341 4267 718 4338 κελευόμενοι.
761 4268 949 4339 Ἦμῶν
1002 4271 1059 4324 δὲ
1126 4271 1395 4342 πρότερον
1453 4273 1548 4326 ἐπὶ
1601 4274 1664 4326 τὸ
1711 4273 1928 4328 δεῖπνον

341 4359 554 4422 αὐτοὺς
598 4359 774 4414 ἐλθεῖν
821 4361 1182 4430 αἰτησάντων,
1244 4362 1549 4427 ἀποϐάντες
1604 4364 1712 4418 τῶν
1744 4365 1926 4418 ἵππων

2039 3171 2106 3224 ad
2135 3171 2474 3224 venationem
2505 3169 2558 3224 in
2580 3167 2946 3224 Romanorum
2973 3169 3104 3222 lines
3141 3166 3440 3236 transgredi
3467 3167 3616 3221 vole-

2037 3262 2152 3319 bat.
2182 3263 2389 3318 llevera
2447 3271 2625 3317 autem
2658 3263 2857 3316 bellum
2888 3271 3080 3316 contra
3132 3259 3408 3314 Romanos
3451 3274 3614 3327 para-

2035 3354 2135 3420 vit,
2161 3354 2316 3424 cujus
2345 3354 2563 3423 gerendi
2591 3353 2934 3408 occasionem
2961 3351 3232 3417 sumebat,
3255 3350 3398 3419 quod
3435 3359 3614 3404 trans-

2034 3446 2173 3515 fugas
2217 3459 2322 3498 non
2387 3445 2764 3499 redderentur.
2797 3441 3140 3497 Transmisso
3169 3441 3330 3507 Istro,
3392 3451 3612 3510 septua-
3637 3441 3662 3459 '

2035 3537 2181 3608 ginta
2233 3535 2346 3590 fere
2377 3536 2678 3590 stadiorum
2724 3537 2827 3589 iter
2851 3549 2976 3589 cum
3017 3532 3274 3588 Barbarie
3297 3534 3502 3588 emensi
3559 3535 3610 3586 in

2033 3643 2226 3698 campo
2255 3627 2489 3697 quodam
2531 3625 2830 3680 subsistere
2856 3624 3028 3679 coacti
3081 3639 3292 3690 sumus,
3346 3624 3612 3693 tantisper

2034 3720 2159 3774 dum
2190 3717 2406 3772 Edecon
2443 3717 2665 3771 Attilam
2697 3716 2866 3770 nostri
2917 3717 3180 3770 adventus
3211 3715 3499 3769 certiorem
3532 3714 3610 3768 fa-

2034 3821 2178 3867 ceret
2216 3853 2230 3875 ,
2269 3813 2614 3867 manentibus
2654 3813 2860 3864 interea
2895 3809 3177 3864 nobiscum
3225 3823 3291 3862 ex
3329 3807 3603 3870 Barbaris,

2032 3903 2122 3973 qui
2150 3918 2248 3958 nos
2280 3911 2434 3959 erant
2452 3903 2758 3958 deducturi.
2789 3901 2948 3958 Circa
2977 3915 3260 3980 vesperam
3303 3899 3461 3954 nubis
3493 3914 3606 3952 ca:-

2032 3995 2312 4061 nantibus,
2367 3996 2588 4052 auditus
2628 4002 2715 4051 est
2775 3995 3034 4064 strepitus
3095 4007 3357 4062 equorum
3385 3991 3452 4046 ad
3511 4007 3608 4044 nos

2034 4087 2382 4143 venientium.
2436 4087 2502 4141 Et
2549 4087 2656 4142 duo
2704 4085 2805 4140 viri
2835 4087 3052 4158 Scytha:
3095 4085 3430 4139 advenerunt
3461 4123 3474 4148 ,
3515 4084 3603 4152 qui

2030 4193 2130 4235 nos
2168 4177 2238 4234 ad
2263 4179 2487 4233 Attilam
2521 4179 2709 4234 venire
2731 4177 3033 4248 juSserunt.
3072 4176 3244 4231 Nobis
3291 4188 3421 4228 vero
3456 4174 3606 4243 prius

2029 4288 2123 4330 cos
2155 4273 2222 4328 ad
2269 4287 2482 4327 etenam
2511 4271 2770 4327 accedere
2801 4269 3136 4338 rogantibus,
3165 4267 3233 4321 de
3282 4266 3440 4334 equis
3506 4266 3602 4317 de-

2027 4365 2352 4424 scendentes
2379 4379 2484 4418 una
2506 4362 2813 4418 convivium
2834 4362 3161 4423 inierunt,et
3178 4356 3437 4428 postridie
3460 4357 3601 4410 viam

339 4449 734 4522 εὐωχήθησαν,
788 4454 882 4506 καὶ
917 4455 1050 4524 ἡμῖν
1094 4453 1192 4523 τῆς
1221 4453 1342 4508 όδοῦ
1387 4457 1453 4526 τῇ
1487 4455 1747 4528 ὑστεραία
1786 4458 1927 4527 ἡγή-

2041 4467 2337 4528 ρτωευηιεε
2362 4456 2821 4510 demonstrarunt.
2872 4450 2990 4516 Qua
3029 4449 3117 4502 die
3165 4447 3300 4502 hora
3321 4448 3434 4501 fere
3460 4462 3600 4500 noua

337 4559 533 4596 σαντο.
574 4542 1042 4614 Παραγενομένων
1072 4543 1128 4597 δὲ
1161 4547 1217 4609 ἐς
1239 4545 1336 4610 τὰς
1374 4547 1420 4578 ⁸⁸
1461 4547 1694 4616 Ἀττήλα
1720 4549 1924 4618 σκηνὰς

333 4634 490 4704 ἀμφὶ
530 4631 573 4685 θ’
605 4636 704 4705 τῆς
733 4635 946 4705 ἡμέρας
976 4635 1096 4706 ὥρα
1153 4636 1369 4706 (πολλαὶ
1407 4637 1463 4691 δὲ
1507 4637 1657 4708 αύτῷ
1687 4641 1728 4672 ⁶¹
1767 4640 1928 4706 ἐτύγ-

333 4743 511 4795 χανον
549 4723 786 4792 οὖσαι),
855 4727 948 4780 ἐπί
1002 4745 1060 4780 τε
1117 4728 1281 4797 λόφου
1338 4729 1482 4792 τινὸς
1531 4735 1926 4802 σκηνοποιῆσαι

333 4816 746 4888 βουληθέντων,
783 4819 834 4871 οἱ
873 4820 1226 4890 ἐπιτυχόντες
1259 4821 1594 4875 διεκώλυσαν
1627 4823 1924 4894 Βάρϐαροι,

327 4907 415 4971 ὡς
450 4907 551 4977 τῆς
604 4907 833 4980 Ἀττήλα
867 4910 925 4964 ὲν
964 4911 1232 4982 χθαμαλῷ
1288 4911 1642 4985 ὑπαρχούσης
1694 4913 1923 4984 σκηνῆς.

330 4999 780 5055 Καταλυσάντων
822 5002 881 5056 δὲ
929 5004 1062 5056 ὅπου
1097 5007 1209 5068 τοῖς
1245 5004 1480 5069 Σκύθαις
1519 5003 1716 5070 ἐδόκει,
1776 5004 1918 5057 Ἐδέ-

330 5107 455 5143 κων
505 5089 601 5144 καὶ
641 5091 901 5163 Ὀρέστης
948 5094 1043 5148 καὶ
1091 5095 1330 5158 Σκόττας
1371 5096 1466 5148 καὶ
1505 5095 1684 5164 ἕτεροι
1725 5095 1833 5148 τῶν
1862 5097 1920 5148 ὲν

328 5183 528 5248 αὐτοῖς
569 5183 808 5253 λογάδων
854 5180 988 5256 ἧκον
1036 5187 1416 5259 άνερωτῶντες
1459 5189 1503 5219 ⁶¹
1549 5189 1709 5241 τίνων
1739 5188 1921 5256 τυχεῖν

329 5275 737 5341 ἐσπουδακότες
779 5279 876 5350 τὴν
920 5279 1214 5349 πρέσϐειαν
1272 5280 1598 5351 ποιούμεθα.
1639 5280 1829 5349 Ἢμῶν
1857 5279 1914 5334 δὲ

2030 4550 2097 4603 ad
2133 4547 2314 4602 Attila:
2345 4546 2573 4601 tentoria
2612 4542 2996 4613 pervenimus:
3041 4554 3169 4594 nam
3193 4547 3354 4594 erant
3377 4539 3428 4592 ei
3485 4539 3602 4607 plu-

2030 4640 2187 4694 rima.
2214 4638 2280 4692 Et
2307 4652 2429 4693 cum
2458 4637 2509 4690 in
2535 4635 2670 4690 colle
2707 4633 2937 4701 quodam
2974 4630 3207 4686 tentoria
3238 4629 3402 4699 [igere
3436 4629 3602 4683 velle-

2030 4743 2174 4792 mus,
2220 4725 2364 4780 obvii
2400 4723 2621 4779 Barbari
2653 4722 3066 4790 prohibuerunt,
3113 4721 3371 4790 quoniam
3420 4720 3602 4773 Attila:

2032 4817 2325 4873 tentoriqu
2353 4824 2498 4870 esset
2532 4813 2585 4872 in
2611 4813 2835 4882 planitie
2857 4812 3112 4883 positum.
3146 4809 3510 4876 Quamobrem
3534 4811 3601 4862 ad

2031 4909 2397 4963 Barbarormn
2448 4907 2735 4961 arbitrium
2795 4904 2975 4960 locum
3023 4903 3241 4958 tentorii
3303 4903 3600 4958 collocandi

2025 5000 2286 5068 cepimus.
2337 4997 2449 5052 Huc
2495 4996 2729 5062 Edecon,
2763 4997 3008 5062 Orestes,
3071 4995 3257 5050 Scotta
3284 5002 3342 5049 et
3387 4993 3478 5048 alii
3534 5010 3600 5047 ex

2026 5091 2243 5163 Scythis
2293 5087 2559 5160 primores
2611 5105 2731 5144 mox
2793 5089 3162 5153 advenerunt,
3228 5093 3284 5142 et
3327 5101 3396 5141 ex
3442 5085 3602 5138 nob‘s

2023 5185 2373 5254 quasierunt,
2400 5198 2632 5252 quarum
2662 5195 2842 5236 rerum
2889 5178 3392 5250 consequendarum
3425 5177 3596 5244 gratia

2026 5278 2166 5332 hanc
2193 5277 2510 5345 legationem
2555 5275 3010 5345 suscepissemus.
3043 5270 3156 5329 Nos
3181 5283 3308 5328 vero
3362 5266 3596 5321 invicuu

1647 5413 1880 5469 νΑιιιΛῖ
1925 5413 2328 5473 LECTIONES.

409 5523 457 5555 "
495 5519 723 5594 καθαρῷ
761 5521 1031 5585 Cantocl.,
1063 5539 1294 5594 καπαρῳ
1330 5539 1474 5594 vuig.

331 5677 480 5731 μενη
510 5663 658 5785 (ionj.
699 5661 763 5716 B.
800 5661 882 5697 7”
902 5663 1047 5732 ὑμᾶς
1075 5661 1219 5735 vulg.
1299 5666 1344 5697 ⁸⁸
1376 5667 1474 5729 τὰς
1504 5665 1542 5718 Β
1573 5661 1718 5731 [τοῦ
1746 5661 1889 5739 vulg:

331 5749 432 5785 τες
454 5749 520 5785 vn
546 5749 598 5785 α.

329 5749 432 5796 cz;
454 5749 598 5803 vutg.

631 5821 666 5834 κ

1577 5528 1625 5560 53
1662 5529 1768 5561 ριτις.
1805 5528 1843 5561 η
1914 5547 1941 5561 ιι
1972 5548 2003 5561 ..

409 5528 457 5555 "
495 5528 723 5592 καθαρῷ
761 5528 1031 5585 Cantocl.,
1063 5539 1294 5594 καπαρῳ
1330 5539 1474 5594 vutg.
1577 5528 1625 5560 ⁵³
1662 5529 1768 5580 τῶν
1803 5528 1888 5591 Β.,
1914 5547 1941 5582 ν
1972 5531 2120 5601 vulg.
2225 5532 2270 5562 ⁵⁸
2297 5529 2512 5597 διαφαν.
2545 5529 2694 5597 vulg.
2733 5529 2768 5599 ἡ
2795 5528 2872 5581 τοί

329 5596 587 5645 evantes
609 5591 765 5664 ὤφθη
797 5604 916 5662 post
943 5597 1268 5663 ποιουμένου
1297 5594 1457 5648 iterat
1493 5596 1637 5669 vulg.
1713 5598 1761 5629 "
1791 5617 2060 5669 παραγεν.
2090 5601 2234 5671 vulg.
2313 5601 2358 5632 ⁵⁷
2387 5600 2710 5670 βουλόμενον
2728 5601 2872 5668 vulg.

333 5677 476 5702 ι,ουτι
510 5663 636 5702 anni
701 5661 761 5702 Β-
831 5663 1046 5702 "fma:
1075 5664 1201 5702 νιιΙσ
1299 5666 1344 5697 σο
1376 5667 1474 5702 τδρ
1505 5665 1542 5702 It
1624 5667 1718 5702 Mr.
1746 5672 1872 5702 vuln
1969 5672 2009 5702 et
2044 5672 2192 5702 λη’.-.τι
2230 5671 2266 5702 n
2346 5671 2522 5702 ηερε...
2553 5671 2678 5702 ..ηιη
2751 5669 2795 5700 ea
2825 5673 2872 5702 Α..

2044 5688 2194 5742 αυτῳ

2225 5532 2270 5562 ⁸⁸
2297 5529 2512 5597 διαφαν.
2545 5529 2694 5597 vulg.
2733 5529 2768 5599 ἡ
2795 5525 2888 5581 τοῦ
2917 5526 3003 5598 ἠλ.
3034 5523 3180 5595 conj.
3219 5520 3280 5574 Β.
3385 5523 3432 5554 ⁵⁵
3461 5539 3591 5574 κατ..

2313 5601 2358 5630 ιτ
2389 5600 2854 5630 ολ..ι.‹..ρ..η......ιη
2976 5596 3021 5630 ιιι
3057 5593 3380 5630 ηηηηηνειμικ
3410 5613 3562 5630 nam.

2230 5642 2234 5652 .
2313 5601 2358 5632 ⁵⁷
2387 5593 2710 5670 βουλόμενον
2728 5593 2872 5668 νυιε.
2935 5593 2946 5598 ⁷
2976 5596 3021 5630 ⁸⁸
3057 5593 3380 5667 παρασκευὴ
3410 5613 3594 5649 ποιου-

2230 5671 2312 5737 8.,
2345 5671 2522 5726 αὐτῶν
2553 5671 2697 5740 vulg.
2751 5669 2795 5700 ⁶²
2825 5665 3202 5736 ἁνερωτῶντες
3222 5664 3330 5730 (;ι.,
3354 5668 3595 5737 ἀνερῶν-
