4050 6422
389 327 496 395 711

1382 321 1780 384 EXCERPTA
1820 318 1924 380 EX
1961 315 2234 378 PRISCO
2272 314 2632 376 RHETORE

3561 306 3667 375 712

389 437 552 499 tueri,
603 440 657 489 et
687 442 794 488 tam
849 431 1086 504 ineptam
1129 432 1634 502 percunctationem
1687 427 1969 484 admirari.

2085 428 2182 498 τὴν
2213 425 2408 492 ἄλογον
2447 420 2948 493 ἀποθαυμαζόντων
2973 419 3242 494 ἐρώτησιν
3279 419 3374 474 καὶ
3407 423 3464 486 ἐς
3500 423 3668 496 ἀλλή-

387 524 469 582 llli
501 523 850 584 nihilominus
899 536 1272 594 perseverare,
1318 531 1375 578 et
1407 520 1585 586 nobis,
1631 529 1690 576 ut
1743 534 1972 589 respon-

391 616 675 675 dercmus.
730 613 1028 670 instabant.
1071 614 1143 667 At
1186 627 1310 667 cum
1338 611 1436 666 soli
1487 611 1686 676 Attilae,
1723 625 1828 664 non
1857 610 1978 664 aliis

392 709 776 777 imperatorem
819 706 1075 758 mandata
1103 717 1378 774 exponere
1408 702 1644 772 iussisse
1665 701 1976 771 respondis-

392 810 594 860 scmus,
625 794 809 849 Scotta
835 791 1092 857 oll'ensns,
1117 792 1223 848 hoc
1271 791 1373 847 sibi
1401 807 1430 846 a
1452 806 1552 848 suo
1599 792 1734 847 duce
1775 805 1977 860 praeue-

389 896 541 956 ptum
569 899 690 940 esse
719 883 872 951 dixit,
904 896 1078 951 neque
1097 896 1196 937 sua
1233 890 1425 951 sponte
1447 895 1505 937 se
1522 882 1588 936 ad
1615 897 1712 938 nos
1739 883 1974 937 venisse.

388 977 494 1049 51
553 975 664 1031 Nos
699 991 826 1031 vero
857 975 1143 1041 obtestari,
1185 958 1454 1044 nusquam
1513 975 1654 1029 hanc
1687 975 1858 1046 legem
1901 974 1977 1030 le-

390 1064 530 1138 gatis
561 1068 888 1134 impositam,
933 1074 992 1120 ut
1021 1079 1120 1134 per
1153 1063 1291 1118 alios
1329 1063 1582 1119 mandata
1611 1064 1778 1117 edant
1798 1072 1852 1118 et
1880 1077 1978 1133 pa-

390 1161 496 1213 lam
557 1157 778 1222 faciant,
831 1165 1124 1225 antequam
1152 1168 1272 1221 eos,
1310 1154 1378 1208 ad
1435 1167 1573 1222 quos
1642 1151 1794 1206 missi
1846 1152 1974 1218 sint,

390 1250 644 1312 adierint,
673 1259 729 1304 et
776 1249 828 1302 in
871 1256 1217 1316 conspectum
1241 1261 1431 1301 eorum
1473 1244 1764 1311 venerint;
1797 1259 1977 1313 neque

391 1340 493 1396 hoc
533 1341 763 1411 Scythas
814 1341 1025 1396 nescire
1054 1379 1069 1405 ,
1105 1339 1196 1408 qui
1231 1351 1605 1407 saepenumero
1655 1335 1859 1406 legatos
1912 1336 1977 1388 ad

391 1431 780 1502 imperatorem
827 1431 1079 1487 miserint
1111 1447 1125 1484 :
1153 1429 1293 1484 idem
1339 1437 1394 1484 et
1457 1427 1614 1482 nobis
1657 1427 1976 1494 contingere

390 1538 488 1593 par
537 1538 676 1589 esse,
709 1537 884 1593 neque
917 1523 1075 1578 aliter
1101 1536 1200 1576 nos
1240 1521 1493 1575 mandata
1515 1534 1642 1574 esse
1700 1520 1969 1573 dicturos.

389 1613 595 1680 Quibus
646 1613 847 1668 auditis
881 1614 946 1667 ad
975 1613 1196 1667 Attilam
1244 1619 1622 1680 perrexerunt,
1665 1609 1810 1663 unde
1865 1622 1971 1662 non

2080 516 2206 580 λους
2233 517 2509 586 ὁρώντων,
2543 515 2816 568 διετέλουν
2838 515 2974 584 πρὸς
2999 514 3160 584 ὄχλου
3190 514 3288 585 τῆς
3313 516 3664 587 ἀποκρίσεως

2079 609 2242 662 ἓνεκα
2283 609 2558 677 γινόμενοι
2594 606 2659 660 ⁸³.
2694 606 2969 659 Εἰπόντων
3015 605 3072 658 δὲ
3098 644 3114 668 ,
3160 604 3416 677 Ἀττήλᾳ,
3440 607 3532 660 καὶ
3565 608 3668 677 οὐχ

2078 700 2286 770 ἑτέροις
2311 700 2493 767 λέγειν
2524 699 2746 768 βασιλέα
2775 694 3313 767 παρακελεύσασθαι,
3349 697 3666 768 χαλεπήνας

2076 795 2105 846 ὁ
2141 791 2377 853 Σκόττας
2412 791 2750 860 ἀπεκρίνατο
2796 789 2890 843 τοῦ
2935 789 3086 858 σφῶν
3132 787 3314 844 αὐτῶν
3355 791 3666 860 ἡγουμένου

2079 883 2361 952 ἐπίταγμα
2411 877 2572 936 εἶναι·
2620 883 2682 935 ού
2717 881 2827 951 γάρ
2858 881 2924 935 ἂν
2974 881 3482 954 πολυπραγμοσύνῃ
3539 900 3671 952 σφεα

2075 974 2212 1046 τέρᾳ
2239 974 2369 1044 παρ’
2397 975 2542 1045 ἡμᾶς
2566 973 2906 1042 ἐληλυθέναι.
2951 973 3247 1042 Φησάντων
3275 973 3331 1026 δὲ
3365 975 3441 1044 μὴ
3473 973 3668 1027 τοῦτον

2079 1066 2171 1119 ἐπὶ
2218 1068 2332 1130 τοῖς
2363 1065 2626 1136 πρέσϐεσι
2675 1065 2888 1118 κεῖσθαι
2919 1063 3011 1118 τὸν
3055 1065 3240 1135 νόμον,
3288 1063 3430 1118 ὥστε
3463 1065 3540 1136 μὴ
3574 1066 3668 1118 ἐν-

2077 1155 2467 1226 τυγχάνοντας,
2534 1156 2670 1227 μηδὲ
2715 1157 2772 1219 ἐς
2831 1155 2955 1225 ὄψιν
3011 1155 3344 1226 ἐρχομένους
3397 1157 3528 1228 παρ’
3567 1157 3668 1220 οὓς

2079 1247 2407 1318 ἐστάλησαν,
2441 1247 2508 1300 δι’
2544 1249 2748 1320 ἐτέρων
2788 1247 3180 1320 ἀνακρίνεσθαι
3210 1243 3286 1304 ὧν
3330 1249 3491 1302 ἕνεκα
3524 1267 3666 1319 πρε-

2081 1338 2379 1402 σϐεύοιντο,
2417 1339 2508 1391 καὶ
2564 1338 2724 1392 τοῦτο
2775 1338 2910 1408 μηδὲ
2958 1339 3155 1403 αὐτοὺς
3203 1341 3416 1406 ἀγνοεῖν
3444 1341 3667 1402 Σκύθας

2081 1426 2288 1496 θαμινά
2342 1427 2493 1498 παρὰ
2547 1427 2775 1497 βασιλέα
2831 1427 3328 1499 πρεσϐευομένους·
3355 1429 3554 1500 χρῆναι
3605 1431 3664 1481 δὲ

2082 1516 2190 1570 τῶν
2221 1516 2350 1570 ἴσων
2383 1520 2596 1587 κυρεῖν,
2631 1519 2706 1588 μὴ
2739 1519 2846 1590 γὰρ
2894 1519 3069 1583 άλλως
3117 1522 3185 1575 τά
3237 1524 3334 1591 τῆς
3364 1522 3668 1591 πρεσϐείας

2083 1609 2252 1675 ἐρεῖνο
2286 1607 2363 1670 ὡς
2392 1609 2485 1661 τὸν
2529 1609 2794 1679 ’Λττήλαν
2834 1608 3154 1675 ἀνέζευξαν,
3186 1611 3280 1662 καὶ
3307 1607 3464 1674 αὖθις
3495 1613 3669 1665 ἐπαν-

389 1705 559 1760 multo
587 1717 709 1776 post
741 1704 859 1760 sine
889 1703 1136 1758 Edecone
1165 1701 1395 1768 reversi,
1435 1701 1643 1763 omnia,
1689 1714 1809 1769 qua:
1851 1713 1972 1753 cum

2084 1697 2216 1766 ἧκον
2261 1698 2551 1762 Ἐδέκωνος
2584 1699 2776 1772 χωρὶς,
2809 1700 2902 1753 καὶ
2934 1699 3174 1765 ἅπαντα,
3229 1701 3358 1770 περὶ
3387 1693 3462 1759 ὧν
3496 1705 3667 1772 ἐπρε-

390 1793 497 1850 illis
541 1810 702 1865 agere
730 1796 783 1849 in
817 1795 1090 1848 mandatis
1131 1792 1489 1856 habebamus,
1523 1791 1796 1856 dixerunt,
1845 1806 1972 1844 con-

388 1882 702 1954 testimque,
725 1884 828 1939 nisi
851 1884 976 1953 quid
1008 1884 1152 1938 aliud
1211 1883 1366 1937 nobis
1395 1897 1522 1937 cum
1554 1882 1662 1936 illis
1696 1882 1771 1936 rei
1801 1890 1970 1944 esset,

392 1975 672 2029 discedere
727 1974 1034 2044 jusserunt.
1091 1972 1221 2039 Qua:
1251 1972 1342 2028 ubi
1398 1971 1724 2038 audivimus,
1779 1971 1976 2026 animis

390 2066 538 2120 dubii
579 2067 938 2136 suspensique
971 2065 1246 2120 haesimus.
1283 2063 1393 2120 Nec
1430 2065 1574 2118 enim
1609 2066 1742 2120 satis
1773 2063 1975 2118 intelli-

391 2172 520 2226 gere
565 2169 899 2226 poteramus,
965 2171 1070 2226 qua
1127 2158 1336 2212 ratione
1364 2157 1574 2212 occulta
1629 2156 1974 2225 imperatoris

392 2247 621 2301 consilia
683 2247 947 2317 patefacta
977 2257 1179 2302 essent.
1214 2247 1578 2313 Quamobrem
1613 2247 1793 2316 potius
1856 2261 1978 2302 esse

389 2336 668 2404 duximus,
692 2338 824 2392 nihil
862 2339 1155 2408 quidquam
1190 2338 1255 2392 de
1287 2337 1556 2392 mandatis
1578 2338 1782 2393 nostris
1813 2336 1973 2393 eﬂ'er-

392 2443 470 2492 re,
495 2429 810 2498 priusqttam
844 2430 998 2483 nobis
1015 2429 1235 2483 Attilam
1258 2428 1490 2483 adeundi
1513 2436 1753 2497 potestas
1782 2427 1934 2484 ﬁeret
1957 2443 1970 2480 ι

391 2523 575 2592 itaque
631 2523 1048 2592 respondimus:
1112 2523 1239 2577 Sive
1266 2537 1354 2585 ea,
1394 2536 1513 2591 quae
1561 2521 1775 2591 Scythae
1814 2524 1974 2577 modo

392 2613 752 2681 protulerunt,
785 2613 901 2666 sive
939 2611 1041 2666 alia
1077 2611 1378 2666 nuntiaturi
1437 2610 1771 2677 venerimus,
1804 2611 1976 2665 nemi-

394 2718 517 2758 nem
565 2704 666 2758 nisi
703 2705 894 2758 ducem
927 2712 1166 2759 vestrum
1203 2717 1450 2772 qumrere
1481 2701 1659 2766 decet,
1689 2716 1865 2771 neque
1909 2705 1977 2757 de

393 2793 478 2848 his
539 2809 661 2848 cum
715 2793 838 2849 aliis
877 2794 986 2848 ullo
1035 2803 1196 2863 pacto
1249 2793 1522 2848 disserere
1570 2793 1974 2848 constituimus.

393 2892 472 2946 Illi
501 2907 628 2946 vero
667 2908 762 2947 nos
799 2907 960 2962 quam
1014 2891 1252 2960 primum
1312 2890 1462 2945 abire
1483 2889 1782 2958 jusserunt.
1840 2889 1976 2943 Dum

393 2983 624 3040 reditum
675 2985 1021 3052 parabamus,
1077 2982 1276 3050 Bigilas
1338 2993 1436 3035 nos
1491 2989 1710 3049 propter
1753 2993 1978 3048 respon-

2085 1789 2413 1860 σϐευόμεθα,
2469 1791 2692 1858 ἔλεγον,
2753 1793 3186 1862 προστάττοντες
3240 1795 3340 1866 τὴν
3394 1797 3665 1864 ταχίστην

2083 1882 2322 1944 ἀπιέναι,
2362 1885 2410 1936 εἰ
2446 1884 2522 1954 μὴ
2557 1884 2719 1953 ἔτερα
2755 1885 2983 1954 φράζειν
3017 1885 3256 1955 ἔχοιμεν.
3309 1887 3434 1939 Ἐπὶ
3468 1888 3524 1940 δὲ
3549 1891 3664 1951 τοῖς

2082 1973 2317 2044 λεχθεῖσι
2351 1975 2512 2030 πλέον
2535 1976 2614 2029 ἔτι
2647 1976 2981 2046 ἀποροῦντες
3011 1978 3056 2010 ⁸⁸
3087 1978 3169 2046 (ού
3203 1979 3312 2050 γάρ
3339 1975 3406 2050 ἦν
3437 1981 3660 2049 ἐφικτὸν

2082 2067 2369 2134 γινώσκειν
2421 2069 2570 2132 ὅπως
2622 2069 2821 2139 ἔκδηλα
2849 2071 3094 2139 ἐγεγόνει
3125 2073 3192 2125 τά
3228 2072 3366 2124 θεῶν
3403 2073 3665 2142 παράϐυ-

2086 2177 2186 2214 στα
2217 2163 2262 2193 ⁸⁸
2291 2161 2585 2232 δεδογμένα
2611 2162 2861 2232 βασιλεῖ),
2909 2163 3213 2234 συμφέρειν
3241 2165 3523 2237 ἡγούμεθα
3555 2183 3664 2236 μη-

2083 2251 2172 2304 δὲν
2209 2251 2338 2321 περὶ
2387 2251 2489 2320 τῆς
2535 2251 2832 2322 πρεσϐείας
2861 2252 3287 2324 ἀποκρίνεσθαι,
3347 2255 3396 2307 εἰ
3451 2254 3526 2325 μὴ
3565 2256 3668 2325 τῆς

2087 2341 2237 2411 παρά
2266 2341 2358 2394 τὸν
2408 2341 2674 2412 ’Δττήλαν
2726 2343 2933 2396 εἰσόδου
2968 2341 3246 2413 τύχοιμεν.
3308 2347 3400 2398 Διὸ
3429 2347 3662 2414 ἐφάσκοο

2095 2447 2213 2500 μεν,
2248 2433 2360 2484 εἴτε
2389 2431 2456 2484 τὰ
2489 2433 2756 2503 εἰρημένα
2785 2435 2897 2496 τοῖς
2925 2432 3182 2498 Σκύθαις,
3231 2436 3340 2488 εἴτε
3375 2435 3469 2489 καὶ
3499 2436 3667 2505 ἕτερα

2084 2523 2293 2594 ἥκομεν
2323 2523 2771 2595 πρεσϐευόμενοι,
2812 2525 2908 2578 τοῦ
2944 2527 3096 2595 σφῶν
3118 2527 3300 2580 αὐτῶν
3353 2528 3669 2598 ἡγουμένου

2085 2613 2183 2683 τὴν
2212 2613 2406 2667 πεῦσιν
2437 2610 2598 2680 εἶναι,
2639 2618 2733 2669 κα)⁸
2772 2617 3037 2687 μηδαμῶς
3068 2618 3247 2682 ἄλλοις
3278 2617 3471 2671 τούτου
3499 2617 3668 2687 χάριν

2086 2704 2552 2776 διαλεχθήσεσθαι.
2585 2708 2648 2759 Ol
2681 2707 2737 2760 δὲ
2782 2709 2928 2778 ἡμᾶς
2970 2709 3314 2781 παραχρῆμα
3363 2711 3671 2782 ἀναχωρεῖν

2089 2798 2472 2866 προσέταττον.
2511 2799 2599 2851 Ἐν
2629 2803 2952 2870 παρασκευῇ
2979 2800 3035 2854 δὲ
3066 2803 3164 2872 τῆς
3181 2800 3301 2854 όδοῦ
3341 2803 3671 2872 γενομένους

2087 2889 2186 2956 τῆς
2225 2888 2570 2958 ἀποκρίσεως
2612 2890 2760 2959 ἡμᾶς
2801 2891 2830 2943 ό
2864 2891 3086 2959 Βιγίλας
3126 2893 3529 2963 κατεμέμφετο,
3573 2895 3673 2946 ἐπὶ

2085 2979 2271 3050 ψεύδει
2299 2981 2345 3012 ⁶⁶
2398 2980 2600 3034 ἀλῶναι
2655 2981 2877 3050 ἄμεινον
2916 2983 3088 3050 λέγων
3122 2983 3153 3056 ἤ
3183 2984 3495 3054 ἀπράκτους
3531 2985 3670 3037 ἀνα-

392 3078 604 3142 sionem
639 3077 858 3147 Scythis
897 3077 1093 3130 factam
1126 3075 1428 3144 increpavit
1461 3092 1475 3128 :
1506 3075 1665 3145 longe
1693 3073 1838 3128 enim
1883 3087 1975 3144 po-

2087 3073 2306 3142 χωρεῖν.
2345 3091 2363 3123 ι
2391 3073 2453 3124 Εἰ
2487 3073 2597 3144 γὰρ
2627 3074 2682 3136 ἐς
2711 3072 2900 3140 λόγους
2927 3072 3007 3144 τῷ
3050 3063 3279 3144 Ἀττήλα
3309 3074 3518 3142 ἔτυχον,
3563 3092 3673 3144 φη-

391 3169 500 3222 tins
550 3167 717 3221 fuisse
747 3167 799 3220 in
844 3165 1130 3220 mendacio
1190 3163 1544 3236 deprehendi,
1582 3179 1745 3233 quam
1771 3177 1831 3218 re
1893 3163 1974 3218 in-

392 3258 532 3313 fecta
569 3258 787 3312 domum
825 3258 1041 3313 reverti.
1082 3275 1103 3309 ι
1133 3257 1191 3312 Si
1225 3257 1389 3322 enim,
1425 3257 1620 3328 inquit,
1648 3272 1770 3312 cum
1810 3257 1976 3312 Attila

393 3347 689 3403 collocutus
738 3347 986 3416 fuissem,
1043 3347 1204 3403 facile
1255 3348 1330 3403 illi
1372 3363 1403 3401 a
1457 3349 1808 3403 contentione
1851 3363 1975 3402 cum

366 3441 653 3494 'Romanis
699 3439 986 3496 discedere
1024 3440 1440 3509 persuasissem,
1473 3441 1672 3510 quippe
1699 3443 1791 3510 qui
1818 3449 1974 3496 antea

397 3532 817 3586 familiaritatem
845 3541 970 3588 cunt
1020 3533 1110 3588 illo
1152 3535 1203 3588 in
1249 3532 1519 3602 legatione
1556 3547 1677 3587 cum
1726 3531 1978 3587 Anatolio

395 3633 643 3695 suscepta
679 3625 947 3680 contraxi.
983 3642 1005 3678 ι
1038 3625 1216 3696 Atque
1267 3625 1390 3680 inde
1417 3625 1720 3680 Edeconem
1763 3638 1978 3694 quoque

397 3719 532 3770 bene
565 3714 667 3771 sibi
715 3717 848 3772 velle
901 3717 1060 3781 dixit,
1099 3717 1326 3784 ideoque
1362 3715 1545 3786 specie
1585 3715 1868 3784 legationis
1924 3723 1979 3768 et

396 3820 608 3871 eorum,
639 3821 760 3875 quae
790 3822 916 3861 vere
940 3815 1035 3860 aut
1065 3804 1204 3860 falso
1238 3806 1438 3860 dicturi
1463 3814 1670 3866 essent,
1707 3820 1808 3874 ope
1837 3805 1976 3857 viam

394 3912 456 3951 se
485 3899 804 3952 inventuros
829 3913 952 3953 esse
982 3899 1240 3968 speravit,
1276 3911 1382 3966 qua
1403 3897 1734 3966 compositas
1754 3896 1806 3948 in
1834 3894 1977 3948 Atti-

397 3987 503 4040 lam
533 3988 761 4043 insidias
789 3998 1238 4058 exsequerentur,
1277 3997 1331 4043 et
1362 4003 1578 4053 aurum,
1621 4002 1732 4055 quo
1761 3986 1976 4041 Edecon

397 4077 499 4130 sibi
519 4076 586 4131 ad
614 4091 733 4131 eam
790 4092 902 4130 rem
928 4093 1064 4148 opus
1092 4092 1214 4132 esse
1260 4077 1508 4133 eunucho
1535 4079 1767 4142 dixerat,
1818 4077 1982 4132 alier-

399 4172 570 4231 retur,
613 4166 756 4236 quod
793 4169 958 4222 certis
998 4168 1309 4224 hominibus
1339 4168 1696 4222 divideretur.
1749 4167 1855 4224 Sed
1888 4168 1981 4222 Bi-

398 4256 563 4325 gilam
607 4258 829 4321 latebat,
875 4275 932 4314 se
980 4261 1252 4327 proditum
1299 4277 1313 4313 :
1375 4259 1586 4314 Edecon
1635 4259 1803 4322 enim,
1863 4259 1981 4315 sive

398 4350 651 4407 simulate
691 4366 815 4406 cum
863 4354 1112 4406 eunucho
1171 4362 1382 4421 pactus,
1430 4351 1545 4406 sive
1592 4351 1746 4405 utab
1786 4349 1981 4406 Oreste

2089 3161 2193 3228 σὶν,
2223 3161 2513 3229 ἐληλυθὼς,
2547 3161 2862 3216 ἐπεπείκειν
2897 3163 3094 3234 ῥᾳδίως
3125 3165 3192 3217 ἂν
3216 3163 3379 3218 αὑτὸν
3405 3163 3505 3226 τῆς
3533 3165 3671 3234 πρὸς

2095 3249 2393 3320 Ῥωμαίους
2435 3252 2736 3321 ἀποστῆναι
2783 3251 3071 3323 διαφορᾶς,
3118 3249 3208 3306 οἷα
3245 3253 3309 3324 δὴ
3356 3254 3666 3324 ἐπιτήδειος

2085 3341 2234 3410 αύτῷ
2263 3344 2319 3394 ἐν
2357 3346 2422 3413 τῇ
2471 3345 2614 3396 κατά
2654 3344 2959 3398 Ἀνατόλιον
3002 3343 3268 3416 πρεσϐείᾳ
3298 3345 3612 3414 γενόμενος.
3646 3363 3664 3395 ι

2085 3433 2271 3487 Ταῦτα
2322 3436 2364 3466 ⁸⁷
2435 3435 2628 3489 εὔνουν
2688 3437 2838 3506 αύτῷ
2890 3438 2984 3490 τὸν
3039 3438 3305 3490 Ἐδέκωνα
3364 3438 3670 3508 ὑπάρχειν·

2086 3521 2229 3576 ὥστε
2283 3523 2429 3594 λόγῳ
2476 3525 2576 3593 τῆς
2619 3527 2917 3594 πρεσϐείας
2956 3527 3050 3579 καὶ
3095 3526 3204 3580 τῶν
3233 3525 3507 3590 ὁπωσοῦν,
3558 3529 3676 3581 εἴτε

2088 3615 2330 3686 άληθῶς,
2380 3617 2492 3669 εἴτε
2522 3617 2752 3682 ψευδῶς,
2787 3617 3179 3690 ῥηθησομένων
3222 3619 3546 3688 προφάσεως
3575 3635 3676 3672 τυ-

2088 3713 2203 3780 χεῖν
2238 3711 2331 3762 ἐπὶ
2386 3710 2464 3778 τῷ
2517 3711 2913 3780 βουλεύσασθαι
2970 3712 3098 3782 περὶ
3139 3713 3248 3765 τῶν
3307 3713 3489 3774 αὐτοῖς
3549 3715 3679 3766 κατ’

2102 3802 2333 3871 Ἀττήλα
2379 3803 2739 3872 δεδογμένων,
2775 3803 2871 3856 καὶ
2915 3803 3064 3866 ὅπως
3101 3802 3162 3856 τὸ
3201 3803 3446 3872 χρυσίον,
3495 3797 3676 3874 οὗπερ

2090 3893 2295 3963 ἔφασκε
2324 3894 2534 3948 δεῖσθαι
2564 3897 2592 3947 ὁ
2632 3896 2885 3957 Ἐδέκων,
2918 3896 3144 3964 κομίσαι
3165 3896 3227 3949 τὸ
3256 3896 3300 3928 ⁸⁸
3335 3897 3675 3967 διανεμηθη-

2090 3986 2316 4055 σόμενον
2367 3988 2718 4057 ταττομένοις
2783 3987 3032 4058 ἀνδράσι.
3083 3986 3482 4057 Προδεδομένος
3517 3987 3560 4018 ⁶⁹
3608 3987 3667 4038 δὲ

2088 4074 2330 4144 ἐλελήθει
2352 4075 2419 4128 ⁷⁸.
2469 4075 2526 4128 '0
2556 4076 2662 4146 γὰρ
2698 4075 2952 4141 Ἐδέκων,
2979 4079 3087 4130 εἴτε
3111 4078 3247 4148 δόλῳ
3277 4077 3664 4148 ὑποσχόμενος,

2089 4165 2201 4217 εἴτε
2233 4167 2327 4218 καὶ
2355 4167 2446 4218 τὸν
2479 4166 2743 4237 Ὀρέστην
2775 4167 3122 4238 εὐλαϐηθεὶς,
3155 4170 3230 4238 μὴ
3261 4171 3318 4231 ἐς
3360 4170 3451 4222 τὸν
3477 4170 3675 4240 Ἀττή-

2088 4258 2188 4311 λαν
2239 4259 2437 4328 ἀγάγοι
2492 4260 2636 4327 άπερ
2685 4261 2818 4332 ἡμῖν
2860 4261 2919 4315 ἐν
2972 4263 3038 4332 τῇ
3095 4262 3324 4335 Σερδικῇ
3390 4264 3530 4334 μετά
3575 4263 3679 4333 τὴν

2089 4349 2332 4403 ἑστίασιν
2379 4351 2614 4420 εἰρήκει,
2658 4351 2717 4403 ἐν
2770 4353 2918 4424 αἰτίᾳ
2948 4353 2989 4383 ”
3041 4354 3364 4424 ποιούμενος
3405 4358 3467 4408 τὺ
3502 4357 3678 4427 χωρὶς

398 4443 499 4499 sibi
527 4452 770 4510 caveret,
829 4460 896 4500 ne
929 4446 1000 4501 ob
1032 4460 1152 4500 eam
1221 4460 1440 4500 causam
1461 4486 1477 4507 ,
1503 4460 1626 4514 quae
1673 4447 1726 4500 in
1760 4446 1975 4502 Serdica

2091 4440 2257 4494 αὐτοῦ
2294 4440 2504 4511 βασιλεῖ
2538 4442 2632 4494 καὶ
2669 4442 2747 4513 τῷ
2773 4445 3014 4516 εὐνούχῳ
3044 4447 3101 4511 ἐς
3129 4448 3322 4516 λόγους
3349 4448 3514 4501 αὑτὸν
3543 4425 3677 4519 ἐλη-

401 4537 544 4591 inter
582 4538 907 4591 cenandum
946 4539 1102 4593 nobis
1152 4538 1506 4605 indicaverat,
1543 4539 1712 4594 iratus
1743 4539 1809 4592 ad
1837 4537 1975 4593 Atti«

2087 4533 2328 4598 λυθέναι,
2381 4534 2722 4605 καταμηνύει
2769 4537 2870 4606 τὴν
2921 4537 3312 4608 μελετηθεῖσαν
3361 4542 3512 4612 αύτῷ
3561 4543 3681 4596 ἐπι-

400 4630 504 4680 lant
528 4627 792 4693 deferret,
823 4632 963 4699 quod
1011 4631 1129 4685 sine
1155 4646 1216 4686 se
1263 4639 1508 4687 secretos
1542 4645 1825 4688 sermones
1859 4647 1975 4686 cum

2089 4624 2287 4695 ϐουλὴν
2311 4625 2486 4678 καὶτὸ
2522 4627 2686 4680 ποσὸν
2728 4627 2821 4681 τοῦ
2858 4629 3392 4701 ἑκπεμφθησομένου
3425 4633 3676 4705 χρυσίου,

400 4719 732 4786 imperatore
750 4729 806 4774 et
825 4721 1071 4776 eunucho
1097 4721 1392 4790 habuisset,
1414 4723 1592 4778 Attila:
1614 4732 1975 4792 comparatam

2092 4719 2305 4786 ἐκλέγει
2335 4718 2391 4771 δὲ
2438 4719 2531 4772 καὶ
2575 4720 2662 4788 ἐφ’
2711 4714 2795 4784 οἷς
2843 4721 2941 4792 τὴν
2973 4723 3274 4793 πρεσϐείαν
3317 4725 3676 4796 ἐποιούμεθα.

401 4809 452 4862 in
487 4809 663 4878 ipsum
691 4809 1124 4878 conjurationetn
1149 4806 1151 4808 ’
1173 4815 1409 4883 aperuit,
1449 4822 1504 4869 et
1544 4816 1662 4869 anri
1695 4831 1975 4872 summam

2097 4809 2220 4862 Τῶν
2249 4809 2307 4862 δὲ
2342 4810 2580 4880 φορτίων
2619 4809 2720 4881 ήδη
2768 4813 2883 4874 τοῖς
2932 4813 3251 4881 ὑποζυγίοις
3293 4815 3679 4879 ἐπιτεθέντων,

397 4916 562 4968 quant
597 4901 648 4954 in
675 4916 795 4956 eam
833 4917 947 4958 rem
999 4905 1134 4960 mitti
1171 4915 1522 4973 convenerat,
1579 4907 1740 4962 simul
1789 4918 1845 4962 et
1896 4921 1975 4974 ea,

2093 4901 2188 4953 καὶ
2236 4900 2451 4972 ἀνάγκῃ
2491 4901 2588 4972 τὴν
2625 4902 2850 4973 πορείαν
2877 4903 3018 4957 κατὰ
3045 4903 3134 4958 τὸν
3162 4905 3260 4974 τῆς
3305 4907 3499 4970 νυκτὸς
3555 4926 3682 4961 και-

401 5005 523 5058 quae
549 5005 645 5059 per
665 5005 763 5048 nos
788 4994 840 5046 in
883 4993 984 5047 ista
1015 4993 1121 5064 52
1171 4995 1439 5064 legatione
1488 4997 1770 5050 tractanda
1803 5006 1975 5061 erant,

2095 4993 2188 5062 ρον
2223 4993 2497 5046 ποιεῖσθαι
2543 4993 2898 5064 πειρώμενοι,
2934 4995 3282 5066 μετεξέτεροι
3316 4997 3426 5051 τῶν
3455 4997 3680 5065 Βαρϐά-

400 5081 722 5137 enuntiavit.
767 5079 1039 5139 Jutnentis
1084 5086 1198 5154 jam
1233 5085 1623 5160 adornatis_et
1658 5085 1975 5143 necessitate

2096 5101 2205 5156 ρων
2231 5085 2664 5155 παραγενόμενοι
2710 5088 2988 5156 ἐπιμεῖναι
3019 5089 3170 5157 ἡμᾶς
3206 5086 3300 5142 τοῦ
3344 5088 3540 5158 καιροῦ
3581 5091 3682 5160 χά-

398 5172 468 5222 att
499 5171 601 5225 iter
619 5180 863 5241 tempore
887 5175 1062 5228 noctis
1099 5177 1434 5246 carpendum
1467 5157 1667 5241 adacti,
1689 5191 1975 5234 occurrere

2093 5193 2178 5249 ριν
2201 5176 2718 5247 παρακελεύσασθαι
2742 5177 2833 5230 τὸν
2862 5177 3128 5252 ’ᾼττήλαν
3167 5180 3375 5250 ἔλεγον.
3410 5157 3500 5234 Ἑν
3525 5157 3678 5252 αύτῷ

399 5278 466 5317 ex
501 5263 780 5331 Barbaris,
817 5265 908 5335 qui
940 5265 1206 5333 dicerent,
1233 5267 1457 5324 Attilam
1485 5267 1677 5338 jubere
1707 5285 1809 5326 nos
1859 5283 1975 5339 pro-

2090 5269 2186 5324 οῦν
2213 5271 2291 5343 τῷ
2346 5269 2554 5342 χωρίῳ,
2608 5269 2732 5324 ὅθεν
2777 5249 3305 5345 καίδιανέστημεν,
3358 5268 3494 5346 ἧκον
3542 5249 3678 5346 ἡμῖν

1689 5427 1922 5484 VARIAS
1989 5429 2397 5488 LECTlONES.

485 5543 532 5624 :3
566 5544 850 5624 γενόμενοι
873 5544 1020 5624 vulg.
1039 5615 1053 5624 _
1100 5546 1254 5624 “uErt
1283 5547 1614 5624 ἀποροῦντες
1644 5549 1737 5624 B.,_
1770 5550 2350 5624 ἐπαποροῦντεςγιιις.
2425 5551 2469 5582 ⁶⁵
2500 5551 2570 5624 τὰ
2595 5553 2652 5624 ἐν
2693 5553 3032 5624 παραϐύστῳ
3070 5553 3162 5620 Ν.,
3193 5567 3295 5624 pro
3315 5552 3383 5624 τὰ
3407 5550 3549 5624 θεῷν
3576 5569 3677 5606 πα-

402 5612 527 5695 ράὅ.
578 5614 838 5695 ’ξιξψεύδε
877 5612 1009 5695 (91.;
1025 5615 1196 5688 ψευδῆ
1219 5619 1366 5695 vulg.
1399 5612 1427 5695 ’Δ
1449 5619 1498 5695 δ’.
1524 5620 1612 5695 διά
1635 5612 1814 5695 Δταῦτα
1852 5612 2248 5695 “nauata—[6‘
2278 5612 2753 5695 §?sEYE‘I_é?tF£CwV]
2776 5612 2978 5695 ’ξύνουν
3000 5612 3264 5695 conjall,
3311 5622 3680 5695 ⁶⁸Ακομίσαιτο

403 5684 542 5766 εἴξεως
578 5682 759 5766 yales.
785 5686 959 5766 limit}:
983 5682 1199 5766 διανεμξ
1232 5682 1368 5766 [τοῖς
1529 5689 1713 5766 αὑτὸν]
1740 5707 1893 5766 τηαττ.
1925 5682 2071 5766 conj.
2112 5682 2226 5766 B.._
2279 5692 2324 5723 θ’
2353 5682 2753 5766 προδεδομένοξ
2791 5693 2998 5763 Vales.,
3043 5682 3470 5765 προσδεδομένοξ
3525 5694 3674 5766 vuig.

404 5749 454 5780 '°
495 5751 740 5820 ὶλελὴθει
785 5753 871 5821 Β.,
907 5749 1152 5810 ὲλελύθοί
1185 5749 1363 5829 “3th
1408 5761 1450 5791 “
1485 5761 1540 5814 ἐν
1579 5749 1726 5831 αἰτίᾷ
1756 5749 2264 5827 (ἰιιιιιοςι.,ἐναντία
2292 5749 2435 5833 νυίέ.
