4050 6454
362 323 464 387 713

1125 321 1221 381 DE
1264 320 1824 381 LEGATIONIBUS
1864 321 2356 383 ROMANORUM
2397 324 2497 382 AD
2538 323 2856 388 GENTES.

3446 265 3452 280 ι
3503 319 3607 382 τιι

363 437 484 507 βοῦν
511 432 738 501 ἄγοντές
768 450 912 496 τινες
951 432 1044 485 καὶ
1080 434 1382 503 ποταμίους
1433 434 1620 503 ἰχθύας
1651 436 1800 506 παρὰ
1829 436 1924 488 τοῦ

2041 446 2150 504 pter
2169 446 2380 502 tempus
2399 438 2570 490 noctis
2591 436 3024 506 intempestivum
3052 450 3350 491 remanere.
3377 435 3433 489 In
3457 452 3610 492 etnn-

363 525 594 595 Ἀττήλα
622 523 1082 594 διαπεμφθέντας.
1125 525 1520 595 Δειπνήσαντες
1554 524 1647 579 οὖν
1681 527 1738 588 ὲς
1768 526 1934 580 ὕπνον

359 618 698 686 ὲτράπημεν.
740 615 986 684 Ἡμέρας
1013 615 1068 668 δὲ
1092 616 1388 685 γενομένης
1420 615 1638 686 ᾠόμεθα
1673 617 1771 686 μὲν
1793 619 1934 687 ἦμε-

359 709 453 779 ρόν
479 724 529 760 τι
557 706 654 761 καὶ⁷
677 707 852 776 πρᾶον
878 706 1029 774 παρά
1058 707 1151 758 τοῦ
1177 707 1467 778 Βαρϐάρου
1500 708 1936 780 μηνυθήσεσθαι·

355 802 385 853 ό
435 800 492 852 δὲ
517 797 677 853 πάλιν
705 799 832 860 τοὺς
887 799 1084 862 αὐτοὺς
1131 799 1368 867 ἔπεμπε,
1423 800 1937 872 παρακελευόμενος

356 890 597 956 ἀπιέναι,
652 887 822 959 stipi]
867 889 1087 959 ἐχοιμέν
1145 907 1200 941 τι
1232 890 1384 960 παρά
1420 890 1491 944 τὰ
1532 893 1715 957 αὐτοῖς
1761 895 1935 962 ἐγνω-

355 983 534 1052 σμένα
585 982 785 1048 λέγειν.
829 982 994 1035 Οὐδὲν
1029 980 1123 1034 οὖν
1175 984 1604 1054 ἀποκρινάμενοι
1655 985 1792 1055 πρὸς
1839 986 1938 1056 τὴν

353 1078 476 1129 eam
505 1073 1063 1146 παρασκευαζόμεθα,
1107 1075 1308 1147 καίπερ
1337 1075 1430 1128 τοῦ
1478 1075 1668 1142 Βιγί).α
1698 1076 1939 1146 διαφιλο-

352 1169 665 1230 νεικοῦντος
696 1168 876 1235 λέγειν
901 1163 1041 1220 εἶναι
1081 1168 1176 1220 καὶ
1205 1167 1370 1236 ἕτερα
1399 1169 1530 1238 ἡμῖν
1563 1167 1933 1239 ῥηθησόμενα.

365 1261 461 1313 Ἐν
491 1261 659 1330 πολλῇ
708 1261 766 1312 δὲ
798 1259 1073 1330 κατηφείᾳ
1113 1259 1206 1312 τὸν
1252 1261 1554 1330 Μαξιμίνον
1586 1261 1730 1326 ίδὼν,
1761 1279 1936 1330 παρα-

353 1349 539 1403 λαϐὼν
575 1351 907 1404 Ῥουστίκιον
931 1350 1354 1419 ὲξεπιστάμενον
1379 1351 1478 1421 τὴν
1497 1351 1794 1422 Βαρϐάρων
1823 1371 1937 1422 φω-

355 1439 478 1510 νην,
507 1427 567 1500 δς
613 1440 708 1491 σὺν
743 1441 875 1508 ἡμῖν
912 1440 1004 1490 ἐπὶ
1040 1437 1138 1508 τὴν
1189 1439 1460 1508 Σκυθικὴν
1505 1439 1846 1509 ἐληλύθει-
1874 1443 1935 1494 ού

357 1530 459 1598 τῆς
489 1527 786 1598 πρεσϐείας
828 1528 988 1580 ἕνεκα
1027 1528 1161 1581 ἀλλά
1198 1530 1336 1582 κατά
1387 1529 1587 1598 πρᾶξίν
1642 1548 1763 1584 τινα
1802 1532 1938 1601 πρὸς

364 1621 764 1682 Κωνστάντιον,
809 1619 867 1670 ὃν
910 1619 1223 1688 Ἰταλιώτην
1271 1619 1399 1671 ὄντα
1451 1620 1781 1690 ὐπογραφέα
1820 1623 1939 1675 Ἀτ-

369 1706 506 1780 alii;
529 1709 864 1766 ἀπεστάλκει
903 1709 1108 1772 Ἀέτιος
1143 1711 1170 1762 ὁ
1203 1710 1312 1763 τῶν
1339 1709 1607 1778 ἑσπερίων
1650 1709 1936 1778 Ῥωμαίων

372 1799 774 1871 στρατηγὸς,--
806 1801 956 1870 παρά
1005 1801 1098 1854 τὸν
1139 1802 1377 1854 Σκότταν
1427 1800 1823 1870 ἀφικνούμενος
1857 1802 1938 1870 (οὐ

364 1890 474 1961 γὰρ
503 1889 826 1961 Ὀνηγήσιος
853 1889 1155 1960 τηνικαῦτα
1186 1889 1411 1958 παρῆν),
1454 1891 1546 1942 καὶ
1575 1889 1736 1942 αὐτὸν
1770 1906 1942 1958 προσ-

359 1983 535 2036 ειπὼν
591 1982 683 2050 ὁφ¹
757 1983 987 2052 ἑρμηνεῖ
1041 1979 1118 2050 τῷ
1181 1979 1498 2050 Ῥουστικίῳ
1547 1980 1731 2048 ἔλεγον
1793 1981 1943 2052 δῶρα

358 2074 592 2130 πλεῖστα
612 2074 766 2146 παρὰ
792 2074 886 2126 τοῦ
919 2073 1226 2143 Μαειμίνου
1270 2072 1558 2142 λήψεσθαι,
1591 2075 1752 2145 εἴπερ
1780 2076 1942 2128 αὑτὸν

358 2161 470 2236 τῆς
525 2165 672 2232 παρὰ
727 2166 819 2219 τὸν
863 2164 1124 2233 Ἀττήλαν
1166 2165 1210 2195 ⁷²
1261 2163 1470 2217 εἰσόδου
1527 2168 1940 2234 παρασκευάσω

354 2257 568 2327 τυχεῖν.
611 2257 726 2324 Τζν
774 2256 883 2326 γὰρ
925 2255 1090 2309 αὐτοῦ
1131 2255 1430 2324 πρεσϐείαν
1480 2257 1539 2309 ού
1592 2257 1752 2326 μόνον
1809 2258 1942 2311 Ῥω-

358 2347 550 2416 μαίοις
576 2347 672 2400 καὶ
701 2345 923 2408 Οὕννοις
962 2344 1246 2410 ξυνοίσειν,
1294 2345 1433 2398 ἀλλά
1478 2346 1571 2399 καὶ
1614 2346 1940 2417 ὐνηγησὶῳ,

353 2419 422 2491 δῖι
451 2437 584 2508 παρ’
616 2436 780 2491 αὑτὸν
831 2435 1057 2506 βασιλέα
1089 2437 1134 2469 ’⁷³
1168 2437 1302 2490 ἱέναι
1334 2436 1580 2506 βούλεται
1618 2440 1710 2491 καὶ
1741 2440 1807 2493 τὰ
1830 2444 1942 2504 τοῖς

351 2527 544 2582 ἔθνεσι
589 2527 963 2598 διευκρινῆσαι
996 2526 1274 2596 ἀμφίϐολα
1299 2546 1314 2560 ·
1371 2529 1701 2600 ἀφικόμενον
1758 2530 1815 2582 δὲ
1848 2549 1945 2600 με·

352 2621 566 2689 τίσει-ων
593 2619 880 2686 τεύξεσθαι
907 2619 1144 2690 δωρεῶν.
1188 2620 1401 2690 Χρῆναι
1430 2614 1522 2672 οὖν
1569 2620 1644 2692 μὴ
1679 2623 1942 2694 παρόντος

367 2710 698 2781 ὀνηγησίου
728 2714 882 2782 ἡμῖν,
932 2710 1132 2782 μᾶλλον
1165 2711 1222 2764 δὲ
1249 2710 1498 2782 τάδελφῷ
1527 2713 1620 2766 ἐπὶ
1649 2716 1715 2784 τῇ
1760 2717 1940 2786 ἀγαθῇ

355 2803 830 2870 συναγωνίζεσθαι
878 2803 1097 2872 πράξει.
1136 2803 1430 2856 Πείθεσθαι
1465 2805 1522 2858 δὲ
1557 2805 1653 2858 καὶ
1677 2805 1824 2876 αὑτῷ
1852 2807 1941 2859 τὸν

385 2895 641 2964 Δττήλαν
670 2892 1048 2963 μεμαθηκέναι
1075 2893 1260 2961 ἔλεγον
1279 2910 1293 2924 ’
1329 2894 1428 2947 οὐκ
1470 2895 1526 2947 ὲν
1566 2895 1702 2965 ἀκοῇ
1733 2895 1790 2947 δὲ
1820 2894 1942 2948 ἔσε-

359 2985 489 3038 σθαι
529 2984 765 3055 βεϐαίως
817 2984 884 3037 τὰ
914 2984 1036 3038 κατ’
1080 2985 1264 3048 αὐτὸν,
1302 2986 1350 3037 εἰ
1396 2985 1468 3054 μή
1519 3002 1582 3052 γε
1625 2985 1790 3059 τωίρᾳ
1843 2985 1941 3060 τὴν

2036 529 2161 582 dem
2224 529 2390 598 igitur
2430 531 2629 592 locum,
2700 530 2840 583 unde
2883 529 3382 596 proﬁciscebamur,
3416 540 3616 597 przesto,

2039 619 2211 682 fuere,
2237 621 2324 687 qui
2365 621 2554 675 bovem
2591 619 2821 688 agebant
2859 628 2913 673 et
2943 619 3122 688 pisces
3147 617 3434 673 ﬂuviatiles
3459 621 3613 674 nonis

2039 711 2107 764 ab
2141 711 2307 765 Attila
2345 712 2536 767 missos
2587 709 2905 765 aﬂ'erebant.
2941 709 3152 765 ϐαδιιὰιί
3185 722 3284 764 nos
3319 710 3612 766 dormitum

2040 798 2386 854 contulimus.
2423 798 2564 855 Luce
2600 810 2719 854 orta
2753 798 2804 854 in
2829 813 2979 867 spem
3012 798 3439 862 adducebnmur,
3471 798 3611 851 Atti-

2041 890 2144 944 lam
2168 904 2228 945 se
2253 891 2322 945 ad
2359 891 2635 947 lenitatem
2681 891 2954 958 daturum,
2986 899 3043 945 et
3072 890 3285 960 aliquod
3337 890 3468 944 mite
3521 905 3611 944 re-

2040 995 2298 1049 sponsum
2348 982 2413 1034 ad
2473 997 2572 1036 nos
2628 982 2696 1036 ab
2726 981 2844 1050 ipso
2887 989 3288 1034 emanaturum.
3340 979 3431 1034 llle
3485 994 3614 1032 vero

2040 1073 2218 1126 denuo
2241 1075 2451 1127 eosdem
2499 1072 2966 1141 misitkjussitque
3001 1071 3173 1138 abire,
3205 1071 3248 1125 si
3286 1070 3418 1124 nihil
3463 1070 3612 1124 aliud

2042 1161 2241 1230 negoui
2274 1201 2289 1224 ,
2330 1161 2432 1214 nisi
2479 1163 2620 1230 quod
2659 1161 2772 1230 jam
2833 1159 3088 1217 onmibns
3139 1161 3409 1231 cognitum
3451 1167 3611 1225 erat,

2042 1250 2195 1304 nobis
2248 1265 2368 1303 cum
2425 1249 2516 1304 illo
2553 1250 2938 1304 intercederet.
2990 1247 3148 1302 Nullo
3199 1248 3321 1302 dato
3354 1261 3612 1316 responso

2041 1340 2106 1392 ad
2138 1341 2241 1394 iter
2275 1356 2373 1394 nos
2402 1341 2759 1407 accinximus,
2795 1341 2896 1396 etsi
2937 1339 3137 1408 Bigilas
3165 1339 3310 1394 omni
3339 1352 3441 1406 ope
3481 1352 3612 1392 con-

2044 1432 2308 1496 tenderet,
2363 1440 2420 1484 ut
2450 1437 2900 1500 responderemus
2959 1445 3057 1486 nos
3096 1430 3198 1486 alia
3254 1429 3480 1484 dicenda
3512 1427 3612 1481 lia-

2042 1520 2188 1574 bere.
2233 1519 2345 1588 Ego
2385 1535 2510 1575 vero
2563 1537 2684 1574 cum
2727 1520 3075 1576 Maximinum
3128 1535 3358 1576 n‘tterore
3416 1519 3613 1574 confici

2042 1614 2301 1676 viderem,
2329 1624 2606 1682 assumpto
2628 1612 2895 1680 Rusticio,
2919 1615 3008 1682 qui
3032 1614 3388 1668 Barbarornm
3419 1613 3614 1683 linguas

2045 1704 2248 1771 peritus
2281 1714 2418 1766 erat,
2450 1713 2502 1757 et
2534 1705 2814 1760 nobiscum
2840 1703 2894 1758 in
2927 1704 3210 1774 Scythiam
3235 1714 3478 1768 venerat,
3505 1717 3613 1758 non

2046 1795 2344 1866 legationis,
2407 1796 2500 1851 sed
2542 1797 2764 1863 privata:
2805 1795 2880 1850 rei
2911 1810 3096 1859 causa,
3130 1796 3198 1849 ad
3234 1791 3614 1851 Constantium

2043 1902 2107 1941 ex
2134 1886 2286 1940 italia
2318 1887 2632 1950 oriundum,
2679 1900 2838 1954 quem
2863 1887 2928 1942 ad
2951 1885 3176 1940 Attilam
3212 1885 3424 1950 Aetius,
3457 1885 3615 1941 Occi-

2041 1982 2335 2043 dentalium
2374 1981 2744 2036 Romanorum
2776 1982 2905 2046 dux,
2937 1990 2997 2034 ut
3021 1979 3097 2034 illi
3132 1979 3202 2034 ab
3225 1978 3471 2048 epistolis
3523 1994 3612 2033 es-

2042 2083 2144 2138 set,
2177 2075 2420 2137 miserat,
2457 2070 2699 2127 Scouam
2736 2071 2842 2126 adii
2899 2070 3022 2142 (nec
3067 2070 3211 2126 enim
3254 2072 3441 2124 aderat
3467 2068 3612 2123 One-

2041 2165 2264 2232 gcsius),
2321 2173 2376 2220 et
2431 2178 2553 2217 cum
2610 2163 2698 2218 illo
2747 2178 2841 2232 per
2900 2162 3202 2219 Rusticium
3258 2161 3611 2233 interpretem

2042 2253 2362 2318 collocutus,
2387 2269 2510 2309 eum
2542 2254 2768 2324 plurima
2799 2255 2936 2308 dona
2973 2267 3002 2307 a
3032 2253 3324 2308 Maximino
3373 2253 3614 2308 laturum

2042 2345 2172 2409 dixi,
2227 2346 2273 2400 si
2317 2345 2391 2398 illi
2419 2345 2596 2399 aditus
2629 2345 2693 2398 ad
2727 2343 2949 2398 Attilam
2985 2345 3192 2413 copiam
3243 2342 3449 2398 faceret
3481 2362 3494 2397 :
3532 2345 3612 2399 le-

2041 2444 2222 2505 gatum
2257 2437 2400 2490 enim
2428 2436 2612 2490 venire
2637 2437 2702 2488 de
2724 2436 2908 2500 rebus,
2933 2449 3052 2505 quae
3083 2450 3187 2488 non
3217 2434 3388 2489 solum
3415 2433 3614 2488 Roma-

2043 2530 2124 2581 nis
2154 2537 2207 2582 et
2237 2526 2445 2581 llunnis
2477 2527 2766 2580 maximam
2807 2536 2990 2580 essent
3019 2527 3302 2580 utilitatem
3345 2525 3609 2594 allatura,
3637 2585 3647 2594 ,

2042 2621 2135 2674 sed
2165 2619 2327 2673 etiam
2352 2619 2452 2688 ipsi
2485 2616 2772 2688 Onegcsio.
2793 2616 3174 2686 Imperatorem
3203 2616 3345 2672 enim
3364 2632 3611 2686 poscere,

2043 2713 2191 2768 illum
2223 2713 2289 2766 ad
2319 2727 2378 2767 se
2408 2712 2636 2781 legatum
2660 2711 2728 2766 ab
2761 2710 2930 2766 Attila
2965 2709 3126 2777 mitti,
3161 2709 3252 2780 qui
3293 2711 3614 2781 dijudicaret

2043 2804 2440 2860 controversias
2469 2803 2613 2857 inter
2644 2813 2930 2872 utramque
2959 2811 3194 2873 gentem,
3231 2803 3372 2870 unde
3397 2805 3610 2860 nonnisi

2042 2896 2352 2966 ingentibus
2373 2895 2527 2951 donis
2552 2895 2855 2951 cumulatus
2876 2903 3021 2954 esset
3043 2896 3332 2950 rediturus.
3351 2895 3613 2966 Oportere

2044 2986 2206 3055 igitur
2262 2968 2431 3050 illum,
2471 3000 2590 3040 cum
2654 2983 2952 3056 Onegesius
3001 3000 3110 3040 non
3167 2986 3330 3052 adsit,
3385 2986 3438 3040 in
3505 2997 3611 3041 tam

359 3075 532 3131 αὑτοῦ
565 3076 718 3146 γνοίη
741 3077 789 3108 ἰδ
829 3074 1080 3146 δύναμιν.
1125 3075 1182 3129 '0
1207 3075 1264 3128 δὲ
1289 3075 1574 3128 ὑπολαϐὼν
1607 3078 1806 3147 μηκέτι
1835 3079 1939 3147 ἀμ·

2043 3075 2299 3144 praeclara
2329 3074 2540 3129 actione
2563 3088 2663 3128 nos
2707 3083 2798 3129 aut
2822 3069 3018 3143 potius'
3033 3073 3256 3128 fratrem
3292 3075 3464 3142 ipsum
3514 3078 3612 3131 ad-

360 3169 622 3239 φιϐό).ους
671 3161 813 3220 εἶναι
865 3167 968 3236 ἔφη
1016 3166 1108 3222 τοῦ
1157 3167 1250 3222 καὶ
1296 3168 1461 3222 αὐτὸν
1511 3168 1602 3222 ἴσα
1630 3168 1706 3240 τῷ
1731 3169 1942 3238 ἀδελφῷ

355 3261 518 3330 παρά
557 3260 788 3330 ’Λττήλᾳ
814 3260 860 3292 ⁷⁸
909 3259 1086 3326 λέγειν
1134 3276 1194 3312 τε
1234 3260 1328 3314 καὶ
1372 3261 1652 3332 πράττειν.
1704 3262 1812 3314 Καὶ
1841 3279 1940 3315 πα·

359 3351 626 3422 μχρῆμα
655 3351 744 3402 τὸν
775 3350 942 3402 ἵππον
959 3349 1167 3412 ἀναϐὰς
1198 3350 1295 3402 ἐπὶ
1326 3349 1424 3419 τὴν
1466 3351 1697 3421 ’Δττήλα
1722 3353 1942 3422 διήλασε

357 3446 592 3515 σκηνήν.
647 3445 790 3514 Πρὸς
821 3443 878 3497 δὲ
907 3444 996 3496 τὸν
1033 3443 1337 3513 Μαξιμῖνον
1375 3443 1684 3496 ἐπανελθὼν
1711 3444 1942 3498 ἀλύοντα

356 3537 481 3607 ἅμα
519 3535 600 3607 τῷ
647 3535 842 3604 Βιγὶλᾳ
898 3536 994 3589 καὶ
1042 3533 1471 3604 διαπορούμενον
1516 3536 1610 3588 ἐπὶ
1647 3538 1757 3599 τοῖς
1810 3535 1942 3590 καθ-

331 3625 593 3678 εστῶσιν
621 3624 804 3693 ἔλεγον
836 3623 874 3678 ἅ.
893 3640 951 3678 τε
981 3623 1057 3694 τῷ
1097 3623 1304 3695 Σκόττᾳ
1335 3624 1639 3694 διείλεγμαι
1674 3627 1769 3678 καὶ
1797 3626 1942 3697 ἅπερ

361 3716 496 3788 παρ’
522 3715 686 3769 αὑτοῦ
709 3717 990 3785 ὴκηκόειν,
1026 3715 1122 3768 καὶ
1149 3715 1224 3778 ὡς
1251 3716 1332 3769 δεῖ
1356 3715 1424 3769 τά
1455 3715 1534 3784 τῷ
1561 3715 1820 3788 βαρϐάρῳ
1852 3718 1942 3770 δο-

365 3805 642 3878 θησόμενα
681 3805 1124 3876 παρασκευάζειν
1168 3805 1318 3877 δῶρα
1376 3807 1470 3862 καὶ
1508 3808 1579 3860 τὰ
1625 3808 1774 3880 αὑτῷ
1809 3810 1940 3880 παρ’

372 3895 530 3967 ἡμῶν
591 3899 940 3970 ῥηθησόμενα
990 3895 1424 3966 ἀναλογίζεσθαι.
1486 3901 1810 3973 Ἀμφότεροι
1849 3898 1940 3955 οὖν

363 3986 813 4060 ἀναπηδήσαντες
860 3990 973 4059 (ἐπὶ
1010 3991 1118 4060 γὰρ
1162 3988 1255 4044 τοῦ
1289 3990 1517 4058 ἐδάφους
1551 3993 1646 4044 καὶ
1676 3992 1773 4062 τῆς
1804 3993 1941 4056 πόας

359 4079 577 4133 κεῖσθαι
605 4081 746 4149 σφᾶς
786 4079 1149 4151 συνέϐαινεν).
1186 4081 1458 4152 ἐπῄνεσάν
1492 4099 1550 4136 τε
1576 4083 1671 4153 τὴν
1720 4083 1936 4154 πρᾶξιν,

357 4171 459 4223 καὶ
512 4170 637 4234 τοὺς
691 4171 793 4242 ἤδη
852 4171 990 4241 μετά
1032 4171 1139 4225 τῶν
1182 4171 1489 4238 ὑποζυγίων
1531 4172 1940 4244 ἐξορμήσαντας

356 4260 684 4325 ἀνεκάλουν,
740 4261 832 4315 καὶ
883 4261 1240 4330 διεσκέψαντο
1295 4263 1443 4326 ὅπως
1485 4280 1547 4316 τε
1597 4265 1940 4334 προσείποιεν

355 4351 457 4404 τὸν
495 4353 780 4421 ’Δττήλαν,
809 4353 902 4406 καὶ
936 4353 1085 4415 ὅπως
1127 4353 1277 4424 αὐτῷ
1305 4355 1374 4410 τά
1410 4371 1470 4408 τε
1496 4354 1761 4424 βασιλέως
1790 4357 1940 4428 δῶρα

2038 3165 2252 3235 juvare.
2300 3165 2366 3224 Et
2401 3167 2502 3236 ipsi
2562 3181 2778 3236 quoque
2830 3165 3053 3220 Attilam
3116 3166 3404 3236 plurimum
3446 3167 3614 3223 ﬁdere

2043 3258 2155 3312 dixi
2186 3272 2269 3311 me
2298 3259 2573 3327 accepisse
2598 3273 2614 3323 ;
2646 3257 2739 3314 sed
2766 3271 2873 3312 non
2911 3259 3044 3312 satis
3078 3257 3230 3312 ﬁrma
3256 3261 3377 3315 es'se
3407 3260 3610 3327 audita,

1987 3416 2002 3422 γ
2044 3349 2148 3404 nisi
2176 3365 2232 3403 re
2253 3351 2365 3418 ipsa
2392 3357 2579 3403 notum
2608 3347 2814 3404 faceret
2839 3358 3103 3418 quantum
3131 3349 3380 3405 illiAttila
3410 3350 3609 3408 tribuec

2043 3450 2144 3494 ret.
2180 3440 2357 3510 Atque
2404 3439 2493 3494 ille
2523 3459 2539 3494 :
2572 3457 2590 3490 ι
2629 3438 2706 3494 Ne
2757 3439 3009 3509 amplius,
3058 3439 3254 3510 inquit,
3292 3441 3437 3496 dubii
3471 3442 3611 3497 sitis.

2041 3528 2218 3597 [Eque
2253 3545 2315 3584 ac
2347 3527 2514 3584 frater
2543 3528 2686 3598 apud
2712 3528 2932 3582 Attilam
2972 3528 3130 3583 valeo
3155 3532 3496 3596 auctoritate.
3517 3547 3610 3587 seu

2043 3620 2249 3686 verbis,
2307 3635 2399 3674 seu
2437 3620 2582 3675 facto
2616 3635 2752 3688 opus
2783 3630 2884 3675 est.
2927 3640 2946 3673 ι
2980 3621 3046 3676 Et
3078 3635 3306 3677 ascenso
3345 3638 3506 3693 equo,
3545 3627 3612 3680 ad

2043 3709 2221 3764 Attilae
2257 3711 2548 3764 tentorium
2565 3710 2863 3765 contendit.
2891 3709 3000 3782 Ego
3020 3725 3150 3766 vero
3174 3712 3240 3768 ad
3260 3711 3610 3768 Maximinum

2043 3802 2281 3867 rediens,
2321 3802 2541 3872 quiuua
2577 3817 2696 3856 cum
2729 3800 2900 3872 Bigila
2953 3802 3250 3872 angebatur
3304 3804 3505 3868 animo,
3556 3819 3613 3860 et

2043 3894 2283 3949 incertus
2334 3902 2451 3947 erat
2528 3892 2656 3961 quid
2690 3892 3125 3947 constituendum
3169 3902 3350 3960 esset,
3396 3899 3610 3951 narravi

2043 3999 2342 4050 sermones,
2371 4000 2506 4055 quos
2542 3986 2834 4039 habueram
2874 3999 2998 4039 cum
3034 3983 3243 4052 Scotta,
3299 3996 3352 4041 et
3384 4001 3504 4057 quae
3546 3992 3614 4043 ab

2043 4076 2162 4145 ipso
2192 4075 2684 4143 audieram.Atque
2703 4074 2836 4128 adeo
2860 4074 3005 4129 illum
3036 4075 3265 4130 excitavi
3297 4078 3362 4132 ad
3400 4092 3611 4150 praepa-

2045 4168 2214 4222 randa
2247 4181 2503 4230 munera,
2551 4166 2748 4238 quibus
2778 4165 3017 4222 Scottam
3056 4178 3516 4232 remuneraretur,
3559 4181 3616 4226 et

2045 4251 2553 4328 praznteditandun},
2597 4258 2794 4327 quibus
2826 4258 3005 4313 verbis
3055 4259 3278 4314 Attilam
3332 4260 3613 4318 atl'aretur.

2049 4351 2416 4408 Surrexerunt
2465 4348 2629 4416 igitur
2651 4347 3003 4415 (oﬂ‘enderam
3061 4349 3204 4404 enim
3241 4350 3364 4405 illos
3394 4353 3448 4405 in
3495 4354 3611 4408 solo

353 4445 502 4498 δοῖεν
527 4444 620 4496 καὶ
656 4445 797 4514 ἅπερ
821 4443 970 4515 αὐτῷ
996 4445 1023 4496 ὁ
1054 4444 1362 4511 Μαξιμῖνος
1386 4443 1662 4515 ἐκόμιζεν.
1688 4447 1858 4516 Ἀμφὶ
1882 4449 1939 4501 δὲ

2049 4439 2276 4496 herbido
2299 4439 2588 4508 jacentes),
2608 4449 2663 4493 et
2693 4453 2912 4508 operam
2942 4453 2970 4492 a
3003 4454 3088 4493 me
3121 4444 3332 4512 egregie
3361 4453 3613 4498 navatam

353 4535 537 4589 ταῦτα
567 4534 931 4603 πονουμένους
970 4535 1060 4590 διὰ
1084 4535 1178 4588 τοῦ
1204 4537 1408 4589 Σκόττα
1433 4539 1461 4590 ὁ
1501 4537 1761 4608 ’Δττήλας
1810 4556 1942 4608 μετ-

353 4623 652 4693 επέμψατο
675 4624 744 4690 ⁷⁸,
799 4625 893 4679 κα)⁸
944 4625 1080 4696 δῆτα
1126 4627 1183 4689 ἐς
1233 4626 1331 4696 τὴν
1382 4626 1590 4681 ἐκείνου
1645 4629 1942 4698 παραγινό-

359 4715 509 4787 μεθα
551 4715 620 4778 ⁷⁷,
654 4716 760 4769 ὑπὸ
812 4714 1149 4786 βαρϐαρικοῦ
1193 4716 1379 4786 κύκλῳ
1397 4717 1442 4749 ’⁸
1482 4721 1942 4791 πεφρουρημένην

355 4805 627 4874 πλήθους.
673 4805 761 4868 Ὠς
799 4806 856 4860 δὲ
889 4807 1099 4862 εἰσόδου
1138 4807 1425 4878 ἐτύχομεν,
1456 4809 1691 4880 εὕρομεν
1726 4813 1816 4864 ἐπὶ
1847 4811 1939 4876 ξυ-

357 4898 514 4952 λίνου
567 4897 758 4968 δίφρου
806 4899 909 4970 τὸν,
936 4899 1200 4970 ’Δττήλαν
1247 4899 1574 4970 καθήμενον.
1613 4902 1859 4954 Στάντων
1882 4903 1940 4956 δὲ

357 4991 524 5062 ἡμῶν
572 4991 769 5061 μικρὸν
819 4969 1095 5062 ἀπίωτέρω
1141 4993 1234 5046 τοῦ
1286 4993 1498 5063 θρόνου,
1561 4993 1872 5063 προσελθὼν
1912 4997 1940 5050 ὀ

356 5080 671 5152 Μαξιμίνος
700 5083 990 5151 ⁴Ικγσπάσαιτο
1015 5083 1106 5136 τὸν
1134 5084 1439 5156 Βάρϐαρον,
1467 5085 1537 5138 τά
1569 5102 1629 5137 τε
1661 5085 1808 5156 παρὰ
1847 5085 1944 5154 βα·

358 5173 557 5236 σιλέως
587 5175 888 5245 γράμματα
929 5175 1053 5239 δοὺς
1096 5175 1303 5244 ἔλεγεν,
1338 5176 1414 5241 ὡς
1461 5176 1569 5230 σῶν
1609 5172 1748 5231 εἶναι
1776 5179 1939 5232 αὐτὸν

359 5262 461 5314 καὶ
513 5263 638 5327 τοὺς
689 5266 825 5333 ἀμφ’
882 5265 1044 5320 αὑτὸν
1096 5266 1315 5336 εὔχεται
1367 5266 1617 5335 βασιλεύς
1647 5268 1714 5321 ⁷⁹.
1771 5269 1826 5322 '0
1879 5269 1936 5322 δὲ

363 5355 724 5426 ἀπεκρίνατο,
789 5356 1007 5411 ἔσεσθαι
1058 5358 1350 5429 Ῥωμαίοις
1412 5359 1555 5431 ἅπερ
1605 5360 1754 5432 αὐτῷ
1810 5360 1935 5431 βού-

2041 4531 2352 4594 laudarunt,
2392 4540 2445 4586 et
2496 4545 2610 4596 eos,
2642 4532 2730 4599 qui
2755 4545 2813 4584 se
2857 4530 2967 4599 iatn
2993 4546 3114 4585 cum
3145 4532 3406 4601 jumentis
3433 4534 3616 4592 itineri

2043 4626 2412 4686 accinxerant,
2459 4621 2564 4692 53
2603 4634 2949 4678 revocarunt.
2984 4621 3121 4679 Tum
3152 4625 3315 4680 etiam
3344 4640 3451 4697 qua
3487 4642 3615 4684 ora-

2044 4717 2186 4772 tione
2207 4715 2425 4770 Attilam
2462 4718 2900 4786 aggrederentur,
2932 4726 3119 4786 etquo
3159 4720 3320 4774 modo
3345 4727 3481 4780 dona
3517 4724 3616 4783 im-

2045 4809 2331 4877 peratoris,
2383 4817 2442 4864 et
2471 4823 2590 4878 quae
2635 4807 2962 4864 Maximinus
2996 4811 3111 4880 ipse
3167 4811 3449 4881 aiferebat,
3504 4823 3618 4870 tra-

2046 4901 2259 4966 derent,
2315 4900 2454 4954 inter
2509 4916 2570 4955 se
2601 4901 2893 4971 agitarunt.
2951 4903 3084 4956 Dum
3115 4904 3167 4957 in
3202 4906 3390 4960 harum
3433 4921 3612 4961 rerum

2045 5006 2175 5047 cura
2213 4992 2586 5055 versabamur,
2617 4991 2812 5047 Attilas
2850 5007 2947 5048 nos
2977 5008 3072 5064 per
3110 4993 3353 5050 Scottam
3380 5001 3616 5054 arcessi-

2043 5081 2123 5134 vit
2153 5100 2166 5134 ;
2203 5080 2382 5150 itaque
2403 5080 2471 5136 ad
2495 5083 2612 5150 ejus
2645 5083 2933 5136 tentorium
2981 5085 3085 5138 iter
3114 5085 3433 5152 direximus,
3474 5091 3616 5158 quod

2049 5173 2408 5230 Barbarorum
2457 5174 2820 5244 multitudine,
2872 5176 2964 5245 qui
3009 5177 3060 5231 in
3117 5179 3303 5234 orbem
3361 5179 3618 5234 excubias

2047 5268 2300 5337 agebant,
2347 5274 2466 5321 erat
2495 5267 2908 5326 circumdatum.
2947 5269 3240 5324 lntroducti
3264 5271 3484 5326 Attilam
3525 5285 3617 5325 se-

2047 5361 2260 5414 dentem
2299 5359 2350 5413 in
2397 5359 2527 5414 sella
2573 5360 2748 5428 lignea
2795 5361 3118 5418 invenimus.
3168 5362 3425 5419 Stetimus
3458 5363 3618 5434 paulo

1641 5517 1876 5572 varum
1903 5491 2310 5575 moriones.

439 5649 484 5680 "
509 5647 606 5700 τοῦ
637 5649 897 5724 _’A_1:1:ﬁla_
907 5651 1054 5721 vulg.
1106 5721 1117 5724 _
1168 5651 1215 5683 ’⁸
1251 5653 1503 5724 βασιλεύς
1535 5654 1601 5710 Ν.
1644 5657 1753 5710 Aut

374 5718 420 5749 ⁷⁸
449 5718 837 5788 μετεπέμψατο
866 5720 949 5786 B.,
991 5718 1307 5793 μῖετέπεμῷἐ
1338 5743 1398 5779 τε
1432 5726 1575 5794 νυ¹⁴ὄο

571 5811 846 5873 Parnm.
883 5812 1004 5873 Gn.
1036 5813 1250 5875 CXIII.

1805 5654 2092 5724 βούλεσθαι
2152 5657 2209 5710 Β.

1667 5728 1711 5759 ⁷⁷
1757 5742 2024 5796 παραγεν.
2060 5727 2204 5797 vulg.

2369 5662 2632 5734 γνοίημεν
2688 5664 2833 5734 conj.
2902 5664 2982 5720 Cl.

2287 5728 2329 5760 ⁷⁸
2361 5728 2559 5784 κύκλου
2592 5734 2734 5805 vnlg.
2789 5728 2858 5766 ⁷⁷³
2891 5733 3197 5804 βασιλεῦσιν
3225 5728 3373 5806 vulg.

3289 5828 3364 5888 23

3083 5667 3126 5738 ξε
3168 5664 3429 5738 Ἀττῄλαν
3465 5665 3617 5738 vulg.
3708 5722 3714 5734 ,
