4050 6428
284 5675 313 5703 ο.

426 311 539 374 715

1403 303 1798 365 EXCERPTA
1835 302 1939 362 EX
1977 300 2244 361 PRISCO
2282 250 2646 362 RHETORE

3572 296 3684 360 716

432 424 693 483 remotius
723 419 790 475 ab
816 419 936 489 ejus
958 416 1094 472 solio
1125 434 1137 470 :
1171 430 1289 470 mox
1321 418 1583 485 processit
1615 414 1938 469 Maximinus
1955 422 2010 468 et

2116 410 2305 467 λοιντο.
2351 413 2458 465 Καὶ
2486 412 2577 464 ἐπὶ
2598 411 2689 463 τὸν
2721 394 2942 479 Βιγίλαν
2975 409 3136 474 εὐθὺς
3165 411 3356 480 τρέπει
3381 410 3471 464 τὸν
3501 411 3681 478 λόγον,

436 516 693 574 salutavit
726 511 1048 566 Barbarum.
1083 507 1147 561 Et
1179 507 1523 575 imperatoris
1558 505 1765 559 litteras
1788 503 2008 558 tradens

431 612 588 675 dixit,
619 608 822 664 salvum
848 613 899 657 et
927 601 1245 655 incolumem
1266 597 1412 651 illum
1427 610 1657 665 suosque
1673 596 1880 664 precari
1906 594 2011 647 im-

436 714 767 774 peratorem.
793 695 870 748 'Et
897 694 1188 755 Barbarus,
1219 707 1239 740 ι
1276 689 1359 743 Sit
1381 699 1437 742 et
1468 687 1727 741 Romanis
1752 684 2006 755 quemad-

437 796 655 851 modum
683 798 737 846 et
765 787 893 842 mihi
931 784 1174 852 cupiunt,
1216 799 1237 833 ι
1278 781 1475 849 inquit.
1501 779 1805 846 Statimque
1831 778 1897 830 ad
1920 775 2010 829 Bi-

438 890 600 959 gilam
641 878 906 939 convertit
943 876 1267 938 orationem,
1304 872 1474 926 feram
1504 872 1871 940 impudentem
1915 884 2009 924 ro-

436 986 1078 1047 cans,qua3rensque,qua
1101 983 1161 1023 re
1179 966 1440 1036 impulsus
1470 967 1536 1019 ad
1558 965 1732 1035 ipsum
1750 962 2009 1026 venisset,

439 1088 561 1129 cum
591 1069 691 1123 sibi
723 1079 931 1126 eorum,
979 1076 1096 1131 qua:
1123 1069 1178 1115 et
1212 1060 1326 1129 ipse
1369 1067 1424 1112 et
1452 1058 1737 1113 Anatolius
1776 1058 1843 1111 de
1877 1069 2010 1125 pace

436 1163 752 1224 sensissent,
783 1155 1034 1212 conscius
1067 1162 1213 1208 esset
1251 1170 1264 1206 :
1308 1165 1412 1207 non
1461 1150 1603 1206 enim
1636 1148 1785 1219 prius
1827 1149 1893 1202 ad
1951 1159 2010 1201 se

438 1255 644 1326 legatos
695 1249 955 1303 accedere
994 1245 1246 1299 debuisse
1273 1284 1288 1307 ,
1330 1257 1491 1310 quam
1546 1254 1735 1296 omnes
1772 1237 2008 1309 profugi,

433 1350 526 1418 qui
562 1344 700 1417 apud
732 1342 1008 1396 Romanos
1036 1342 1336 1400 exstarent,
1371 1332 1565 1389 redditi
1599 1341 1804 1387 essent.
1837 1330 2007 1399 Bigila

435 1454 563 1494 vero
589 1424 948 1505 respondente
970 1429 1174 1485 nullum
1203 1426 1434 1499 amplius
1461 1426 1597 1496 apud
1627 1425 1896 1481 Romanos
1924 1438 2009 1479 re—

434 1531 598 1604 periri
655 1524 985 1596 transfugam
1022 1520 1261 1591 Scythici
1320 1518 1566 1589 generis;
1617 1530 1804 1570 omnes
1863 1515 2008 1568 enim

438 1622 678 1680 redditos
710 1632 866 1683 esse;
924 1613 1096 1681 magis
1131 1618 1486 1680 exasperatus
1537 1607 1751 1673 Attilas,
1785 1607 1837 1661 in
1883 1620 2008 1659 eum

440 1734 471 1768 ιι
496 1715 606 1768 ulta
639 1708 839 1779 probra
867 1713 923 1760 et
949 1700 1189 1758 convicia
1230 1699 1483 1770 ingessit.
1521 1697 1589 1753 Et
1627 1712 1747 1751 cum
1776 1696 2010 1750 clamore

437 1807 594 1870 dixit,
615 1818 673 1858 se
696 1801 843 1855 illutn
874 1797 926 1851 in
958 1809 1173 1851 crucem
1204 1780 1463 1847 ‘acturum
1486 1798 1540 1843 et
1572 1790 1806 1859 praedam
1842 1788 2012 1842 vultu-

439 1900 587 1954 ribus
619 1892 965 1964 prtebiturum
1005 1888 1193 1951 fuisse,
1249 1884 1351 1939 nisi
1399 1883 1544 1954 leges
1596 1882 1881 1953 legationis
1910 1882 2014 1936 hac.

441 1987 770 2059 impudentis
806 1984 923 2053 ejus
951 1979 1214 2036 orationis
1278 1987 1333 2032 et
1382 1976 1699 2031 temeritatis
1727 1988 1883 2045 poena
1929 1971 2011 2028 of-

440 2081 659 2137 fendere
705 2085 1001 2131 vereretur.
1046 2071 1261 2126 Etenim
1300 2068 1708 2124 restare’adhuc
1730 2067 1868 2136 apud
1903 2063 2012 2120 Ro-

440 2187 631 2228 manos
659 2170 847 2241 plures
878 2163 1214 2234 transfugas,
1249 2176 1477 2231 quorum
1513 2160 1753 2223 nomina,
1781 2141 2012 2213 uterant

444 2269 497 2322 in
528 2265 714 2320 charta
748 2260 1043 2329 descripta,
1073 2256 1231 2324 jussit
1264 2255 1474 2310 scribas
1509 2252 1759 2307 recitare.
1815 2250 1879 2306 lli
1918 2251 2009 2306 ubi

443 2359 622 2411 omnia
649 2354 911 2424 legerant,
960 2348 1156 2404 Attilas
1199 2345 1425 2418 Bigilam
1455 2360 1560 2399 una
1581 2358 1704 2399 cum
1734 2342 1855 2399 Esla
1892 2342 2013 2398 sine

445 2464 595 2504 mora
626 2444 893 2517 proficisci
920 2441 1086 2511 jussit
1111 2438 1371 2494 Romanis
1394 2428 1789 2500 denuntiatum,
1812 2442 1872 2489 ut
1894 2449 2010 2489 om-

444 2558 538 2597 nes
576 2536 879 2608 transfugas
916 2533 1185 2605 Scythica:
1239 2531 1474 2584 nationis
1498 2570 1513 2595 ,
1545 2536 1805 2598 quotquot
1835 2527 1886 2580 in
1917 2540 2010 2581 eo-

444 2651 563 2690 rum
593 2640 860 2704 potestate
897 2633 1099 2688 essent,
1132 2624 1434 2686 redderent,
1472 2636 1500 2674 a
1537 2628 1776 2690 tempore
1806 2618 2013 2689 Carpil—

444 2722 625 2787 lionis,
653 2718 743 2774 filii
771 2717 910 2773 Aetii
930 2756 945 2782 ,
977 2714 1342 2769 Romanorum
1375 2708 1804 2766 Occidentalium
1825 2709 2012 2775 ducis,

443 2817 537 2888 qui
581 2814 743 2867 obses
774 2808 915 2878 apud
968 2820 1088 2862 enm
1119 2804 1315 2859 fuerat.
1361 2801 1477 2859 Non
1508 2803 1653 2856 enim
1706 2815 1767 2857 se
1824 2815 2015 2856 servos

443 2921 576 2963 SUOS
601 2918 782 2961 secum
814 2914 1005 2955 manus
1037 2910 1325 2953 conserere
1343 2911 1625 2966 passurum
1657 2909 1801 2959 esse,
1843 2909 2014 2964 quau-

443 3012 603 3069 qnam
637 3010 703 3050 ne
733 2994 801 3048 iis
844 2991 1084 3060 quidem,
1110 2989 1222 3059 [qui
1282 3002 1396 3043 suae
1448 2986 1666 3042 ditionis
1712 2986 2010 3041 custodiam

2112 504 2301 573 θηρίον
2350 504 2563 567 ἀναιδὲς
2612 504 2923 570 ἀποκαλῶν,
2959 506 3081 559 ὅτου
3129 504 3291 574 χάριν
3338 507 3467 574 παρ’
3518 505 3685 557 αὐτὸν

2112 596 2286 650 ἐλθεῖν
2318 595 2581 665 ἠθέλησεν
2622 596 2984 666 ἐπιστάμενος
3011 597 3081 652 τά
3117 614 3177 649 τε
3215 596 3364 666 αὐτῷ
3402 597 3495 651 καὶ
3524 596 3688 650 Ἀναο

2110 688 2272 759 τολίῳ
2305 687 2399 741 ἐπὶ
2427 690 2493 758 τῇ
2534 688 2725 759 εἰρήνῃ
2772 689 3021 754 δόξαντα,
3053 689 3130 751 ὡς
3163 689 3351 759 εἴρητο
3378 688 3452 759 μὴ
3485 689 3686 758 πρότε-

2115 797 2208 851 ρον
2243 779 2501 850 πρέσϐεις
2557 779 2688 849 παρ’
2716 780 2877 833 αὑτὸν
2920 780 3119 843 ἐλθεῖν,
3166 779 3376 850 πρὶνκῆ
3410 781 3610 843 πάντες
3633 779 3687 832 οι

2113 871 2346 942 φυγάδες
2384 872 2655 924 ἐκδοθείεν
2688 872 3015 942 Βαρϐἀροις.
3047 871 3152 924 Τοῦ
3182 872 3241 924 δὲ
3281 871 3575 940 φήσαντος,
3606 871 3688 932 ὡς

2110 965 2175 1015 ἐκ
2212 960 2478 1015 Σκυθικοῦ
2517 961 2706 1030 γένους
2733 962 2883 1032 παρά
2923 961 3217 1031 Ῥωμαίοις
3240 960 3287 993 ⁸⁸
3331 963 3434 1015 οὐκ
3465 962 3549 1033 εἴη
3584 979 3690 1029 φυ-

2110 1054 2213 1122 γὰς
2270 1054 2419 1128 (τοὺς
2462 1055 2571 1126 γὰρ
2608 1054 2765 1117 ὄντας
2805 1052 3163 1123 ἐκδεδόσθαι),
3201 1052 3514 1124 χαλεπήνας
3547 1051 3689 1123 μᾶλ-

2108 1148 2200 1202 λον
2254 1149 2351 1202 καὶ
2394 1148 2546 1219 αὐτῷ
2588 1148 2814 1201 πλεῖστα
2862 1148 3316 1218 λοιδορησάμενος
3371 1148 3509 1217 μετὰ
3549 1147 3688 1216 βοῆς

2111 1238 2318 1307 ἔλεγεν,
2347 1240 2427 1302 ὡς
2472 1240 2632 1293 αὐτὸν
2653 1238 3087 1302 ἀνασκολοπίσας
3109 1239 3246 1309 πρὸς
3274 1238 3439 1310 βορὰν
3464 1238 3510 1270 ⁸¹
3554 1239 3686 1291 οἰω-

2111 1332 2222 1394 νοῖς
2251 1329 2503 1384 ἐδεδώκει
2541 1329 2627 1392 ἂν,
2672 1333 2721 1382 εί
2764 1331 2838 1400 μή
2869 1347 2933 1398 γε
2982 1329 3060 1399 τῷ
3097 1322 3219 1400 τῆς¹
3244 1328 3539 1399 πρεσϐείας
3588 1329 3684 1381 θε-

2112 1422 2236 1493 σμῷ
2263 1423 2309 1455 ⁸³
2349 1421 2705 1493 λυμαίνεσθαι
2738 1422 2910 1475 ἐδόκει
2943 1423 3037 1475 καὶ
3066 1422 3112 1454 ⁸⁸
3158 1420 3363 1491 ταύτην
3399 1421 3548 1490 αὐτῷ
3588 1420 3688 1473 ἐπὶ

2109 1520 2175 1588 τῇ
2209 1514 2452 1587 ἀναιδείᾳ
2489 1517 2583 1569 καὶ
2618 1517 2685 1585 τῇ
2731 1514 2839 1567 τῶν
2872 1514 3045 1582 λόγων
3091 1514 3372 1585 ίταμότητι
3417 1513 3686 1566 ἐπιθεῖναι

2110 1609 2266 1679 δίκην
2291 1623 2305 1638 ⁸
2338 1606 2581 1678 φυγάδας
2606 1606 2715 1676 γὰρ
2743 1605 2836 1659 τοῦ
2861 1606 3122 1676 σφετέρου
3147 1604 3333 1668 ἔθνους
3362 1605 3513 1675 παρά
3548 1604 3688 1658 Ῥω-

2116 1701 2296 1770 μαίοις
2326 1696 2467 1753 εἶναι
2501 1689 2750 1763 πολλὼς,
2786 1691 2861 1754 ὧν
2891 1697 3113 1753 ἐκέλευε
3143 1695 3215 1752 τὰ
3253 1696 3495 1769 ὀνόματα
3519 1697 3687 1765 ἐγγεο

2112 1788 2404 1861 γραμμένα
2452 1791 2628 1862 χάρτῃ
2687 1795 2812 1855 τοὺς
2868 1788 3221 1859 ὑπογραφέας
3263 1787 3683 1856 ἀναγινώσκειν.

2123 1884 2211 1947 Ὧς
2238 1883 2295 1937 δέ
2325 1881 2605 1952 διεξῆλθον
2636 1882 2878 1945 ἃπαντας
2905 1882 2975 1945 “,
3008 1882 3338 1952 προσέταττε
3365 1879 3532 1951 μηδὲν
3553 1879 3688 1948 μελ-

2109 1975 2350 2046 λήσαντα
2394 1976 2614 2029 ἀπιέναι
2636 1991 2652 2006 °
2704 1974 3055 2044 συμπέμψειν
3083 1973 3142 2028 δέ
3157 1963 3318 2042 ἰύτῷ
3348 1971 3441 2025 καὶ
3475 1969 3683 2024 Ἤσλαν

2123 2063 2416 2132 Ῥωμαίοις
2463 2062 2687 2130 λέξοντα
2710 2063 2778 2129 ⁸⁸,
2817 2064 3024 2126 πάντας
3063 2064 3190 2127 τοὺς
3216 2064 3369 2134 παρά
3396 2061 3547 2130 σφίσι
3584 2078 3689 2115 κα-

2111 2155 2452 2224 ταφυγόντας
2486 2155 2806 2226 Βαρϐάρους
2852 2155 2959 2209 ἀπὺ
3001 2154 3109 2209 τῶν
3159 2153 3529 2226 Καρπιλεόνος
3556 2151 3691 2223 χρό-

2111 2266 2239 2315 νων,
2268 2248 2330 2312 δς
2364 2249 2658 2329 ᾧμήρευσε
2701 2248 2830 2318 παρ’
2874 2247 3024 2318 αύτῷ
3054 2249 3179 2309 παῖς
3218 2247 3294 2300 ὢν
3335 2246 3541 2300 ’Δετίου
3589 2243 3689 2300 τοῦ

2112 2343 2170 2396 ἐν
2189 2343 2256 2412 τῇ
2289 2340 2530 2410 Ἑσπέρη.
2570 2341 2859 2411 Ῥωμαίων
2887 2338 3218 2409 στρατηγοῦ,
3240 2338 3522 2407 ἐκπέμψαι
3556 2338 3688 2407 παρ’

2114 2435 2294 2488 αὐτόν.
2333 2426 2444 2488 Καὶ
2489 2432 2598 2502 γὰρ
2623 2433 2685 2486 ού
2714 2433 2761 2466 ⁸⁸
2804 2433 3186 2502 συγχωρήσειν
3216 2431 3343 2494 τοὺς
3393 2426 3690 2499 σφετέρους

2113 2527 2451 2599 θεράποντας
2501 2526 2681 2580 ἀντίον
2724 2524 2889 2579 αύτοῦ
2936 2526 2994 2588 ἐς
3047 2524 3225 2595 μάχην
3266 2525 3422 2586 ίέναι,
3481 2521 3690 2591 καίπερ

2119 2620 2193 2690 μὴ
2245 2618 2579 2689 δυναμένους
2617 2616 2848 2686 ὠφελεῖν
2894 2615 3022 2678 τοὺς
3064 2615 3162 2683 τὴν
3215 2612 3460 2684 φυλακὴν
3503 2613 3691 2673 αὐτοῖς

2114 2713 2215 2782 τῆς
2271 2714 2480 2775 οἰκείας
2520 2710 2923 2781 ἐπιτρέψαντας
2975 2708 3100 2779 γῆς.
3144 2707 3278 2760 Τίνα
3326 2706 3434 2776 γάρ
3470 2704 3625 2757 πόλιν
3652 2704 3689 2774 ἢ

2116 2807 2266 2857 ποῖον
2288 2801 2548 2873 φρούριον
2590 2798 2883 2860 σεσῶσθαι,
2918 2797 3124 2865 ἔλεγεν.
3171 2797 3262 2850 ὑπ’
3303 2794 3573 2857 ἐκείνων,·
3600 2787 3693 2846 οὒ-

2116 2912 2221 2965 περ
2250 2894 2408 2956 αὐτὸς
2441 2892 2665 2962 ποιῆσαι
2695 2891 2792 2963 τὴν
2819 2890 3031 2961 αἵρεσιν
3054 2886 3344 2959 ὧρμησενς
3389 2882 3692 2951 ’Δπαγγεί-

2114 2988 2309 3051 λαντας
2329 2986 2376 3018 ⁸⁷
2402 2985 2459 3038 δὲ
2490 2984 2561 3038 τὰ
2588 2983 2737 3054 αὐτῷ
2780 2982 2910 3051 περὶ
2935 2978 3042 3034 τῶν
3082 2978 3337 3049 φυγάδων
3367 2973 3692 3043 δεδογμένα,

442 3090 552 3145 illis
582 3083 974 3148 commiserint,
1009 3082 1262 3150 prodesse
1278 3080 1508 3149 possint.
1531 3078 1660 3145 Quae
1689 3077 1831 3132 enim
1862 3076 2010 3141 urbs,

2116 3079 2273 3139 αὖθις
2306 3078 2604 3148 ἐπανήκειν
2645 3073 2948 3145 μηνύοντας
2981 3072 3209 3141 πότερον
3245 3069 3444 3132 αὐτοὺς
3481 3065 3693 3120 ἐκδιδό-

442 3178 584 3252 quod
616 3175 896 3233 castellum
924 3175 991 3229 ab
1020 3172 1126 3227 illis
1155 3168 1574 3239 possitdefendi,
1601 3169 1745 3239 quod
1767 3177 2010 3222 evertere

444 3281 539 3324 aut
569 3269 780 3323 diruere
802 3263 941 3333 apud
970 3277 1028 3318 se
1049 3262 1397 3316 constitutum
1418 3258 1703 3315 habuerit?
1720 3255 2009 3326 Postquam

442 3359 794 3443 exposuerint
818 3373 845 3410 a
878 3371 935 3412 se
958 3356 1024 3410 de
1055 3353 1348 3424 transfugis
1386 3353 1601 3408 decreta
1629 3390 1645 3418 ,
1692 3351 1871 3405 redire
1917 3363 2012 3404 eos

444 3442 845 3526 quamprimum
874 3447 1039 3518 jussit
1085 3445 1471 3510 renuntiatum,
1494 3452 1674 3497 utrum
1711 3442 2013 3510 transfugas

444 3545 693 3607 reddere,
738 3555 810 3595 an
845 3538 1045 3594 bellum
1095 3551 1161 3591 eo
1202 3535 1420 3590 nomine
1475 3534 1667 3588 malint
1711 3532 2011 3603 suscipere.

445 3636 573 3717 Non,
624 3632 794 3689 multo
833 3638 958 3685 ante
1019 3628 1371 3684 Maximinum
1411 3626 1631 3697 paulum
1698 3634 2015 3694 exspectare

442 3732 721 3801 iusserat,
761 3726 889 3781 dum
949 3725 1015 3779 ad
1089 3739 1150 3779 ea
1180 3763 1196 3790 ,
1243 3738 1364 3793 qua:
1439 3723 1734 3791 imperator
1782 3722 2017 3790 scripse-

447 3832 549 3887 rat,
585 3835 681 3891 per
709 3834 767 3874 se
815 3831 1130 3887 responsum
1160 3816 1350 3882 daret;
1409 3826 1632 3867 munera
1677 3814 1851 3883 petiit.
1887 3812 2017 3879 Quae

445 3922 734 3985 postquam
758 3909 1024 3971 dedimus,
1050 3908 1102 3960 in
1127 3907 1418 3960 tentorium
1456 3915 1699 3959 nostrum
1730 3919 1829 3959 nos
1868 3918 2021 3959 rece-

448 4004 651 4073 timus,
674 4010 729 4055 et
759 3999 824 4053 de
868 3997 1119 4067 singulis,
1164 3995 1272 4067 5η
1303 4011 1420 4064 quae
1454 3995 1595 4049 dicta
1614 3994 1846 4056 fuerant,
1880 3996 2019 4051 inter

449 4106 549 4146 nos
581 4089 962 4144 disseruimus.
1010 4086 1150 4139 Cum
1182 4094 1360 4139 autem
1390 4085 1589 4155 Bigilas
1635 4085 2015 4152 admiraretur,

448 4184 537 4254 qui
564 4182 736 4245 fieret,
766 4178 1066 4244 utAttilas,
1098 4179 1187 4248 qui
1214 4178 1315 4233 sibi
1354 4176 1700 4247 jampridem,
1725 4191 1847 4232 cum
1875 4177 2020 4246 lega-

451 4287 535 4329 tus
582 4274 648 4327 ad
684 4273 830 4326 illum
864 4270 1093 4336 veniret,
1140 4269 1310 4324 comis
1351 4278 1406 4323 et
1455 4269 1818 4335 perhumanus
1869 4271 2018 4324 visus

448 4376 624 4433 esset,
663 4377 788 4420 tunc
822 4379 881 4419 se
929 4361 1143 4416 acerbis
1177 4361 1516 4417 contumeliis
1561 4361 1853 4428 affecisset,
1879 4362 2013 4428 dixi,

2112 3190 2200 3226 ναι
2239 3169 2519 3242 βούλονται
2547 3167 2580 3238 ἢ
2612 3167 2707 3222 τδν
2737 3166 2879 3236 ὑπὶρ
2919 3163 3100 3217 αὐτῶν
3135 3160 3493 3229 ἀναδέχονται
3525 3158 3693 3210 πόλε-

2117 3280 2237 3335 μον.
2263 3258 2825 3334 Παρακελευσάμενος
2868 3257 2926 3309 δὲ
2958 3256 3221 3325 πρότερον
3253 3252 3349 3305 καὶ
3393 3250 3489 3304 τὸν
3512 3247 3688 3312 Μαξι-
3769 3273 3775 3278 -

2118 3359 2268 3428 μῖνον
2289 3353 2591 3423 ἐπιμένειν,
2616 3350 2692 3414 ὡς
2717 3349 2785 3402 δι’
2801 3346 2965 3402 αὐτοῦ
2995 3342 3254 3417 περὶτῶν
3285 3341 3692 3413 γεγραμμένων

2114 3445 2582 3517 ἀποκρινούμενος
2611 3441 2844 3512 βασιλεῖ,
2891 3438 3166 3508 ἐπέτρεπε
3195 3435 3264 3489 τά
3297 3434 3466 3505 δῶρα.
3494 3432 3697 3494 Δόντες

2113 3537 2292 3592 τοίνυν
2329 3535 2422 3588 καὶ
2458 3532 2773 3595 ἐπανιόντες
2811 3531 2870 3593 ἐς
2898 3528 2996 3599 τὴν
3042 3526 3268 3597 σκηνὴν,
3301 3525 3535 3579 ἑκάστου
3581 3522 3700 3575 τῶν

2111 3626 2408 3697 λεχθέντων
2438 3624 2564 3694 πέρι
2616 3619 3040 3690 ίδιολογούμεθα.
3077 3616 3187 3670 Καὶ
3231 3615 3425 3683 Βιγίλα
3473 3613 3698 3682 θαυμά-

2116 3717 2298 3782 ζοντος
2350 3718 2498 3779 ὅπως
2540 3714 2707 3768 πάλαι
2747 3710 2897 3781 αύτῷ
2945 3708 3371 3781 πρεσϐευομένῳ
3412 3705 3580 3776 ἧπιός
3629 3722 3695 3758 τε

2117 3811 2214 3865 καὶ
2258 3810 2433 3881 πρᾶος
2479 3805 2760 3876 νομισθεὶς
2811 3806 2932 3857 τότε
2981 3800 3232 3871 χαλεπῶς
3289 3796 3694 3868 ἐλοιδορήσατο,

2116 3903 2324 3971 ἔλεγον,
2365 3901 2439 3972 μή
2475 3900 2606 3953 ποτέ
2650 3913 2796 3960 τινες
2842 3895 2953 3949 τῶν
2985 3893 3291 3964 Βαρϐάρων
3317 3889 3428 3944 τῶν
3468 3890 3527 3941 ἐν
3559 3888 3696 3956 Σερ-

2117 3994 2242 4065 δικῇ
2297 3989 2657 4045 ἑστιαθέντων
2685 3986 2732 4020 ⁸⁸
2771 3986 2867 4040 σὺν
2918 3985 3053 4055 ἡμῖν
3108 3981 3351 4053 δυσμενῆ
3404 3977 3693 4046 αύτῷ“τέιν

2129 4084 2391 4154 Ἀττήλαν
2435 4078 2855 4151 παρεσκεύασαν
2878 4116 2894 4143 ,
2935 4074 3409 4144 ἀπαγγείλαντες,
3449 4070 3525 4132 ὼς
3562 4068 3686 4120 θεὸν

2123 4174 2220 4245 μὲν
2248 4175 2339 4227 τὸν
2392 4172 2676 4242 Ῥωμαίων
2719 4167 2904 4223 ἐκάλει
2936 4166 3181 4238 βασιλέα,
3208 4164 3494 4235 ἄνθρωπον
3514 4160 3570 4213 δὲ
3598 4158 3691 4212 τὸν

2131 4267 2414 4337 Ἀττήλαν.
2448 4265 2649 4318 Τοῦτον
2687 4262 2781 4315 τὸν
2812 4261 2970 4329 λόγον
3016 4262 3045 4313 ό
3074 4258 3378 4326 Μαξιμϊνος
3418 4256 3496 4318 ὡς
3530 4253 3697 4306 πιθα-

2121 4360 2210 4413 νὺν
2241 4357 2475 4428 ἐδέχετο,
2503 4350 2592 4408 οἷα
2627 4354 2692 4423 δὴ
2724 4352 2991 4422 ἀμέτοχος
3012 4351 3058 4382 ⁸⁸
3105 4348 3180 4402 ὣν
3211 4348 3313 4417 τῆς
3353 4343 3700 4413 συνωμοσίας

449 4458 620 4515 vereri
640 4473 746 4523 me,
782 4471 849 4512 ne
881 4457 969 4525 qui
990 4470 1055 4509 ex
1085 4452 1472 4523 Barbaris,qui
1503 4454 1555 4508 in
1587 4451 1807 4509 Serdica
1832 4453 2013 4508 uobis-

2123 4452 2190 4521 ἣν
2219 4423 2363 4503 κα.τά
2389 4446 2484 4500 τοῦ
2512 4443 2802 4515 Βαρϐάρου
2827 4445 2856 4494 ό
2885 4441 3135 4510 εὐνοῦχος
3188 4437 3501 4507 ἐποιήσατο.
3544 4433 3603 4487 Ὀ
3639 4432 3701 4485 δὲ

452 4567 574 4605 eum
608 4547 806 4619 epulati
844 4555 1025 4609 erant,
1060 4544 1282 4598 Attilam
1331 4544 1602 4598 infensum
1633 4543 1790 4597 nobis
1839 4543 2018 4597 reddi-

449 4628 675 4703 dissent,
707 4647 760 4691 et
784 4635 1009 4702 Bigilam
1030 4634 1394 4689 Romanorum
1425 4635 1804 4703 imperatorem
1835 4635 2017 4701 deum,

450 4730 672 4786 Attilam
728 4743 858 4783 vero
935 4729 1205 4802 hominem
1274 4726 1622 4795 appellasse,
1686 4728 2015 4782 retulissent.

450 4821 619 4888 Quam
655 4819 954 4874 orationem
981 4816 1306 4871 Maximinus
1334 4827 1393 4871 ιιι
1420 4812 1765 4872 verisilnilem
1791 4827 1874 4871 est
1900 4832 2019 4871 am-

452 4911 643 4980 plexus
669 4947 686 4974 ,
723 4908 848 4970 quia
900 4907 1287 4977 coniurationis
1323 4908 1376 4962 in
1419 4907 1642 4962 Attilam
1687 4909 1754 4962 ab
1774 4908 2024 4964 eunucho

454 5002 599 5055 inita:
657 5000 923 5069 particeps
952 5015 1057 5054 non
1101 4999 1297 5054 fuerat.
1352 4998 1457 5053 Sed
1491 4998 1691 5069 Bigilas
1740 5001 2026 5070 ambiguus

453 5092 618 5145 animi
640 5100 776 5155 erat,
806 5106 979 5160 neque
997 5106 1215 5144 causam
1240 5091 1507 5159 suspicari
1535 5104 1690 5160 posse
1716 5090 2024 5159 videbatur,

452 5199 621 5253 quare
650 5184 844 5236 Attilas
899 5199 1019 5238 eum
1045 5192 1151 5237 tam
1190 5182 1403 5237 acerbis
1434 5182 1694 5238 conviciis
1731 5183 2027 5241 insectatus

455 5288 620 5332 esset.
652 5276 761 5332 Nec
786 5277 928 5331 enim
959 5277 1011 5330 in
1047 5277 1286 5331 animum
1320 5290 1475 5330 suum
1508 5276 1764 5331 inducere
1791 5288 2026 5345 poterat,

2122 4541 2345 4609 Βιγίλας
2406 4535 2706 4607 ἀμφίϐολός
2733 4550 2794 4586 τε
2826 4528 2918 4604 ἦν,
2971 4532 3065 4585 καὶ
3105 4531 3229 4600 ἐμοὶ
3276 4527 3448 4581 ἐδόκει
3483 4522 3702 4596 προφά-

2123 4647 2259 4693 σεως
2284 4628 2529 4696 ἀπορεῖν,
2562 4624 2629 4677 δι’
2662 4624 2727 4693 ἢν
2756 4621 2905 4691 αὐτῷ
2925 4623 2954 4674 ὁ
2988 4619 3246 4688 Ἀττήλας
3275 4615 3657 4685 ἐλοιδορήσατο
3680 4624 3696 4639 ⁸

2122 4720 2247 4775 οὔτε
2275 4719 2381 4789 γὰρ
2410 4716 2480 4769 τὰ
2509 4718 2566 4768 ἐν
2592 4713 2847 4785 Σερδικῇ,
2882 4711 2958 4774 ὡς
3003 4711 3227 4779 ὕστερον
3256 4709 3388 4777 ἡμῖν
3432 4704 3696 4776 διηγεῖτο,

2124 4812 2249 4868 οὔτε
2281 4812 2350 4864 τὰ
2385 4810 2484 4879 τῆς
2514 4805 2807 4875 ἐπιϐουλῆς
2848 4793 3099 4874 εἰρῆσθαι
3129 4799 3209 4869 τῷ
3246 4799 3478 4869 ’Δττήλᾳ
3508 4795 3699 4863 ἐνόμι-

2124 4905 2234 4971 ζεν,
2272 4902 2504 4972 μηδενὸς
2546 4899 2646 4969 μὲν
2693 4896 2884 4967 ἐτέρου
2938 4895 3050 4948 τῶν
3078 4895 3143 4947 ἐκ
3203 4890 3297 4945 τοῦ
3329 4889 3570 4960 πλήθους
3606 4886 3701 4940 διὰ

2121 5002 2213 5055 τὸν
2276 4993 2678 5066 ἐπικρατοῦντα
2728 4989 2867 5045 κατὰ
2914 4989 3132 5043 πάντων
3187 4984 3352 5055 φόϐον
3397 4984 3455 5047 ἐς
3505 4981 3702 5049 λόγους

2122 5089 2272 5160 αὐτῷ
2298 5088 2345 5122 ⁹⁰
2375 5082 2705 5158 θαρροῦντος
2736 5080 2930 5145 ἐλθεῖν,
2987 5078 3277 5139 Ἐδέκωνος
3305 5075 3349 5108 θ’
3378 5073 3435 5126 δὲ
3476 5071 3701 5135 πάντως

2122 5160 2552 5254 ἐχεμυθήσοντος
2587 5174 2677 5228 διά
2721 5188 2781 5225 τε
2830 5172 2955 5234 τοὺς
2992 5171 3190 5240 ὅρκους
3218 5167 3312 5221 καὶ
3348 5164 3446 5235 τὴν
3473 5162 3706 5234 ἀδηλίαν

2123 5274 2218 5329 τοῦ
2275 5271 2623 5342 πράγματος,
2678 5268 2751 5337 μή
2790 5279 2921 5317 ποτε
2968 5262 3064 5314 καὶ
3099 5259 3282 5325 αὐτὸς,
3312 5258 3389 5319 ὠς
3440 5255 3706 5333 τοιούτων

1706 5400 1715 5409 "
1753 5392 1987 5451 VARIA'I
2030 5384 2438 5450 LECTlONES.

522 5510 568 5581 ⁸9
611 5507 920 5581 Ῥωμαίους
944 5508 1089 5581 ναις.
1150 5507 1194 5539 ⁸³
1231 5504 1398 5581 βορὰν
1429 5504 1605 5581 Xalt
1631 5506 1833 5579 βορρᾶν
1864 5511 2041 5581 vulg,
2086 5500 2346 5581 “usch
2373 5496 2520 5581 ἵει,
2540 5491 2746 5581 Δ’θερμῷ
2778 5490 2923 5581 vulg.
3002 5488 3050 5521 ”
3078 5486 3156 5557 τῷ
3185 5501 3283 5581 Pro
3316 5481 3699 5581 ξιξῖιεοξὶὲλ

456 5580 502 5610 ⁸⁶⁵
533 5575 779 5650 ἅπαντας
819 5576 912 5650 N.,_
942 5575 1188 5650 ἀπόντας
1210 5575 1397 5650 iulg.“
1429 5576 1475 5650 3f
1515 5575 1747 5650 λέξαντα
1769 5580 1927 5650 ivulg.

456 5666 564 5699 των
601 5647 708 5717 CII,
742 5646 1095 5700 αἰτιαθέντων
1133 5647 1279 5717 vulg.

460 5733 571 5769 κων
598 5714 737 5784 vulg.

2028 5579 2074 5612 ⁸⁸
2103 5557 2180 5631 οὐ⁷
2202 5557 2346 5628 ιὶωζ
2399 5566 2464 5620 Ν.
2510 5557 2583 5597 -⁸⁷
2620 5557 3080 5631 διῖπιιιγγείλαντιεςΔ
3105 5557 3252 5631 vulg.

1356 5646 1402 5679 "
1442 5646 1709 5718 ἀμέτοχος
1736 5646 1902 5716 Val,
1922 5649 2148 5721 μέτοχος
2178 5646 2322 5713 vulg.

3339 5555 3386 5587 ⁸⁸
3415 5552 3703 5605 ἑστιαθέν-

2401 5619 2461 5670 5‘7
2490 5633 2653 5688 αὐτοῦ
2687 5619 2833 5702 sti-lg.
2907 5632 2949 5662 ⁹¹
3001 5619 3293 5689 Ἐδὲκωνος
3332 5622 3477 5690 νει,
3546 5619 3701 5674 Ἐδέο
