4050 6432
338 373 438 436 ἾΠ

1083 370 1183 429 DE
1225 364 1788 428 LEGATIONIBUS
1830 362 2324 424 ROMANORUM
2360 363 2459 422 AD
2497 362 2819 423 GENTES.

3463 362 3566 433 718

333 486 560 553 μέτοχος
603 479 802 545 λόγων,
847 477 1149 549 ἐπιτήδειος
1193 477 1501 547 νομισθεὶς,
1538 476 1766 529 θάνατον
1796 474 1898 542 ὑφ’

2006 483 2061 526 ut
2082 473 2236 526 nobis
2255 482 2438 538 postea
2473 470 2675 534 retulit,
2705 469 2984 525 enuntiata
3011 469 3198 535 fuisse,
3223 474 3410 541 quaein
3446 490 3573 529 con:

327 576 435 640 ἐξει
464 572 687 645 ζημίαν.
734 570 826 625 Ἐν
847 572 1070 642 τοιαύτῃ
1100 570 1193 624 οὖν
1216 571 1515 641 ἅμφιϐολίᾳ
1531 571 1893 639 τυγχάνουσιν

324 665 552 727 ἐπιστάς
590 664 841 730 Ἐδὲκων,
889 664 983 716 καὶ
1021 663 1113 716 τὸν
1144 662 1367 731 Βιγίλαν
1415 661 1519 727 ἔξω
1546 664 1645 733 τῆς
1691 662 1921 733 ήμετέυ

325 773 424 826 ρας
459 754 767 825 ἀπαγαγὼν
805 753 1050 818 συνόδου,
1080 752 1515 823 ὑποκρινάμενος
1550 769 1609 805 τε
1642 750 1894 822 ἀληθίξε·

324 846 447 900 σθαι
482 847 593 900 τῶν
638 847 819 908 αὐτοῖς
860 843 1296 915 βεϐουλευμένων
1320 844 1504 907 ἕνεκα,
1536 844 1719 898 καὶτὸ
1762 860 1895 921 χρυ-

322 936 439 989 σίον
486 933 815 1005 κομισθῆναι
856 933 1405 1004 παρακελευσάμενος
1431 930 1494 983 τὸ
1532 930 1923 1009 δοθησόμενονμ

319 1028 435 1087 τοῖς
468 1023 585 1093 ἅμα
620 1022 772 1092 αὐτῷ
799 1023 929 1093 περὶ
969 1022 1068 1093 τὴν
1098 1023 1299 1092 πρᾶξιν
1346 1020 1743 1089 ἐλευσομένοις,
1796 1022 1895 1073 ἀνι-

318 1116 540 1187 εχώρει.
569 1103 1137 1185 Πολυπραγμονοῦντα
1158 1113 1214 1165 δὲ
1236 1112 1381 1177 τίνες
1409 1113 1457 1165 οἱ
1481 1110 1575 1165 τοῦ
1598 1110 1897 1172 Ἔδέκωνος

317 1209 458 1279 πρὸς
480 1206 645 1261 αὐτὸν
662 1206 833 1274 λόγοι,
852 1206 1069 1277 ἀπατᾷν
1097 1204 1386 1269 ἔσπευδεν,
1418 1203 1769 1273 ἡπατημένος
1794 1202 1896 1254 αύ-

316 1298 433 1361 τδς,
463 1300 561 1351 καὶ
618 1299 716 1366 τὴν
759 1296 932 1366 ἀληθῆ
983 1296 1162 1349 αἰτίαν
1197 1294 1657 1364 ἀποκρυψάμενος
1687 1293 1892 1361 ἔφασκε

318 1393 455 1464 παρ’
511 1391 678 1444 αὑτοῦ
731 1389 1024 1453 Ἐδέκωνος
1069 1389 1343 1471 εἰρῆσθαι,
1404 1388 1480 1451 ὡς
1530 1388 1625 1440 καὶ
1673 1384 1824 1455 αὐτῷ
1868 1387 1897 1439 ὁ

316 1483 586 1554 ’Δττήλας
612 1482 741 1552 περὶ
768 1481 879 1534 τῶν
907 1481 1161 1550 φυγάδων
1195 1479 1545 1549 χαλεπαίνοι·
1581 1476 1690 1529 ἔδει
1722 1477 1833 1545 γὰρ
1862 1475 1894 1546 ἢ

322 1574 529 1636 πάντας
549 1572 865 1637 ἀπολαϐεῖν,
892 1572 924 1641 ἢ
958 1569 1218 1641 πρέσϐεις
1240 1573 1303 1623 ἐκ
1332 1570 1430 1637 τῆς
1456 1568 1720 1638 μεγίστης
1744 1566 1895 1630 ἐξου-

326 1666 449 1727 σίας
470 1663 764 1732 ἀφικέσθαι
794 1663 929 1734 πρὸς
946 1663 1126 1716 αὐτόν.
1148 1661 1333 1715 Ταῦτα
1359 1659 1763 1730 διαλεγομένοις
1793 1674 1897 1710 πα-

334 1756 676 1830 ραγενόμενοί
702 1773 848 1818 τινες
875 1756 983 1809 τῶν
1007 1758 1051 1789 ⁹⁹
1100 1755 1332 1823 ’Λττήλα
1368 1753 1575 1820 ἔλεγον,
1621 1753 1757 1822 μήτε
1804 1751 1895 1804 Βι-

2002 564 2146 617 vivio
2194 564 2246 616 in
2275 563 2496 617 Serdica
2522 563 2664 616 dicta
2708 561 2944 627 fuerant,
2991 575 3090 615 nec
3140 562 3573 634 conjurationctn

2000 655 2052 707 in
2091 653 2309 710 Attilam
2342 655 2608 708 detectam
2633 693 2650 720 ,
2694 667 2815 707 cum
2847 666 3005 707 nemo
3042 667 3107 708 ex
3142 653 3289 707 omni
3329 655 3576 711 multituv

1999 746 2144 810 dine,
2180 759 2299 814 qua:
2325 743 2548 798 Attilam
2580 745 2990 811 circumstabat,
3032 754 3258 812 excepto
3302 743 3575 821 Edecone,

2000 853 2108 907 prae
2142 848 2308 903 metu,
2360 836 2451 906 qui
2513 836 2753 891 omnium
2806 844 3016 890 mentes
3058 830 3396 905 pervaserat,
3451 854 3573 894 cum

1996 928 2162 983 Attila
2195 941 2500 984 sermonem
2537 928 2820 981 instituere
2852 927 3098 996 auderet,
3131 928 3437 985 Edeconem
3477 945 3579 985 au,-

2001 1030 2106 1075 tem
2140 1019 2383 1076 studiose
2423 1033 2644 1089 operam
2669 1019 2924 1074 daturum
2952 1032 3218 1087 censeret,
3253 1023 3439 1079 omnia
3497 1024 3578 1080 Βίτ-

1997 1111 2165 1166 lentio
2217 1111 2537 1179 transigere.
2574 1120 2684 1166 tum
2740 1124 2963 1182 propter
2991 1112 3396 1183 jusjurandum,
3461 1128 3571 1172 tum

1998 1211 2220 1271 propter
2257 1204 2455 1273 negotii
2506 1204 2828 1271 gravitatem
2864 1221 2878 1258 :
2913 1219 2999 1267 ne,
3042 1204 3167 1274 quia
3221 1206 3593 1269 clandestinis

2000 1295 2052 1347 in
2113 1294 2335 1347 Attilam
2387 1294 2643 1363 consiliis,
2674 1294 3016 1361 interfuerat,
3075 1312 3200 1352 reus
3266 1299 3576 1369 judicatus,

2000 1399 2158 1454 paena
2192 1387 2377 1440 mortis
2415 1385 2741 1440 aﬂiccretur.
2791 1386 2915 1442 Haec
2947 1402 3070 1442 cum
3110 1389 3358 1459 ambigua
3397 1402 3579 1447 mente

2000 1475 2357 1539 volveremus,
2396 1475 2609 1531 Edccou
2631 1479 2967 1547 supervenit,
2997 1487 3051 1532 et
3083 1480 3314 1535 abducto
3342 1497 3374 1536 a
3393 1494 3582 1543 nostro

2000 1576 2144 1622 ctetu
2172 1566 2341 1636 Bigila
2382 1570 2644 1638 (tingebat
2690 1573 2836 1625 enim
2881 1571 3019 1625 velle
3066 1586 3193 1627 vcre
3237 1582 3292 1627 et
3333 1577 3479 1630 serio
3513 1577 3581 1632 tle

2002 1660 2387 1726 praemeditatis
2441 1662 2585 1716 inter
2629 1674 2729 1717 eos
2764 1662 2976 1717 insidiis
3006 1665 3210 1734 agere),
3265 1667 3352 1721 ubi
3384 1683 3576 1723 aurum

2002 1747 2183 1806 afferri
2217 1753 2469 1822 prtecepit
2492 1791 2507 1817 ,
2550 1756 2692 1823 quod
2723 1755 2806 1809 bis
2842 1755 3082 1822 daretur,
3114 1758 3203 1826 qui
3230 1762 3578 1830 exsequendo

328 1825 498 1919 γίλαν,
528 1825 678 1919 ⁷μήτε
719 1851 868 1918 ἡμᾶς
910 1850 1178 1918 Ῥωμαῖον
1231 1847 1575 1917 αίχμάλωτον
1619 1846 1652 1917 ἢ
1686 1844 1891 1916 βάρϐαο

2006 1840 2222 1898 facinori
2256 1857 2476 1913 operam
2512 1845 2756 1899 navaturi
2794 1856 2996 1911 essent,
3025 1825 3299 1904 discessit.
3322 1825 3432 1921 Ego
3454 1869 3583 1913 vero

319 1959 418 2012 ρον
445 1940 775 2017 ἀνδράποδον
801 1941 835 2011 ἦ
873 1939 1134 2010 ίππουςῆ
1171 1939 1356 2009 ἕτερόν
1397 1956 1450 1991 τι
1483 1938 1624 2009 πλὴν
1656 1937 1766 1991 τῶν
1813 1940 1893 2002 είς

314 2033 527 2103 τροφὴν
561 2030 839 2096 ὠνεῖσθαι,
869 2033 1032 2100 ἄχρις
1079 2030 1202 2083 ὅτου
1247 2028 1316 2082 τὰ
1362 2027 1564 2098 μεταξὺ
1609 2027 1894 2098 Ῥωμαίων

312 2124 417 2177 καὶ
444 2121 660 2177 Οὖννων
693 2121 972 2192 ἀμφίϐολα
1017 2119 1346 2191 διακριθείη.
1382 2118 1801 2188 Σεσοφισμένως
1838 2117 1896 2171 δέ

310 2214 495 2268 ταῦτα
536 2216 629 2266 καὶ
668 2215 809 2267 κατά
832 2213 1030 2283 τέχνην
1061 2212 1280 2280 ἐγένετο
1323 2209 1401 2279 τῷ
1435 2209 1725 2281 Βαρϐάρῳ,
1755 2207 1897 2261 ὥστε

309 2306 409 2359 τὸν
447 2305 544 2375 μὲν
584 2302 805 2374 Βιγίλαν
839 2303 1041 2374 ῥᾳδίως
1085 2302 1178 2356 ἐπὶ
1203 2304 1270 2373 τῇ
1320 2302 1442 2355 κατ’
1473 2299 1640 2355 αὐτοῦ
1691 2300 1896 2354 ἁλῶναι

311 2396 519 2470 πράξει
540 2394 855 2468 ἀποροῦντα
884 2395 1084 2458 αἰτίας,
1108 2394 1193 2463 ἐφ’
1218 2388 1363 2469 ᾗπερ
1394 2392 1457 2446 τὸ
1487 2392 1710 2462 χρυσίον
1738 2392 1897 2463 κομί-

311 2490 423 2556 ζοι,
461 2488 612 2558 ἡμᾶς
637 2487 696 2540 δὲ
728 2487 999 2557 προφάσει
1028 2485 1375 2556 ἀποκρίσεως
1400 2485 1495 2538 ἐπὶ⁸
1525 2486 1590 2556 τῇ
1627 2484 1897 2555 πρεσϐείᾳ

310 2578 690 2650 δοθησομένης
721 2578 1044 2648 Ὀνηγήσιον
1079 2576 1503 2643 ἀπεκδέξασθαι,
1534 2577 1604 2631 τὰ
1629 2576 1776 2648 δῶρα
1809 2593 1900 2630 κοσ-

315 2670 620 2741 μιούμενον
671 2670 815 2740 ἅπερ
865 2671 1029 2740 ἡμεῖς
1076 2685 1136 2722 τε
1179 2668 1378 2723 διδόναι
1427 2667 1763 2738 ἐϐουλόμεθα
1807 2668 1898 2722 καὶ

311 2760 581 2833 βασιλεὺς
623 2759 980 2814 ἀπεστάλκει.
1020 2757 1316 2813 Συνέϐαινε
1350 2756 1460 2828 γὰρ
1499 2758 1661 2812 αὑτὸν
1694 2759 1791 2812 σὺν
1822 2758 1900 2829 τῷ

310 2853 679 2924 πρεσϐυτέρῳ
704 2852 811 2905 τῶν
835 2851 1067 2923 Ἀττὴλα
1121 2851 1329 2905 παίδων
1372 2855 1430 2915 ἐς
1466 2852 1528 2905 τὸ
1576 2851 1683 2905 τῶν
1730 2850 1895 2906 Ἀκαο

309 2945 521 3017 τζίρων
540 2944 587 2978 ⁸³
614 2942 766 3006 έθνος
783 2944 1061 3008 ἐστάλθαι,
1087 2945 1117 2998 δ
1139 2944 1255 2997 ἐστι
1279 2942 1542 2998 Σκυθικὸν
1559 2943 1731 3011 ἔθνος,
1757 2960 1901 3018 παρ-

315 3037 449 3108 έστη
478 3034 539 3089 δὲ
560 3035 638 3107 τῷ
677 3036 912 3109 Ἀττήλᾳ
941 3036 999 3103 ἐξ
1028 3037 1206 3101 αίτίας
1232 3036 1470 3091 τοιᾶσδυ
1509 3037 1729 3093 Πολλῶν
1757 3040 1898 3094 κατά

1997 1950 2119 1989 cttm
2156 1933 2381 2004 Bigilam
2412 1935 2680 1990 curiosius
2727 1936 3082 2006 inquirerem,
3115 1954 3252 2009 quos
3298 1956 3581 1999 sermones

1998 2039 2181 2080 secum
2216 2024 2426 2079 Edecou
2463 2025 2764 2090 habuisset,
2811 2027 3062 2095 decipere
3101 2040 3330 2086 conatus
3347 2042 3454 2098 est,
3484 2035 3583 2089 de:

1998 2127 2187 2186 ceptus
2231 2127 2286 2171 et
2319 2118 2454 2186 ipse,
2514 2101 2571 2171 et
2604 2131 2789 2171 veram
2823 2133 3045 2172 causam
3093 2123 3380 2176 occultans
3423 2138 3581 2180 οοηιτ

2001 2216 2213 2263 meutus
2278 2218 2365 2263 est
2419 2209 2519 2264 sibi
2579 2208 2886 2264 Etleconem
2962 2210 3188 2278 dixisse,
3233 2216 3454 2270 Attilam
3507 2217 3583 2284 illi

2000 2314 2214 2368 quoque
2232 2306 2452 2376 propter
2479 2300 2793 2369 transfugas
2833 2303 3235 2359 succensuisse.
3259 2303 3583 2376 Oportuissg

1999 2391 2143 2446 enim
2172 2399 2267 2445 aut
2301 2369 2490 2446 omnes
2532 2391 2767 2456 restitui,
2796 2401 2889 2446 aut
2914 2392 3122 2462 legatos
3154 2369 3367 2451 summa
3389 2409 3580 2453 αυειοτ

2002 2481 2160 2534 ritate
2182 2480 2437 2550 praeditos
2463 2480 2528 2534 ad
2568 2480 2717 2534 illum
2752 2481 2961 2553 venire.
3003 2480 3130 2539 Hatc
3157 2485 3283 2539 dum
3314 2485 3580 2555 loquebar

2004 2588 2144 2635 mur,
2173 2572 2444 2627 advenere
2476 2571 2543 2625 ab
2568 2569 2757 2641 Attila,
2788 2571 2879 2640 qui
2919 2570 3144 2642 Bigilam
3177 2584 3233 2628 et
3275 2590 3375 2631 nos
3399 2578 3586 2645 probi.-

2004 2664 2214 2727 bcrent,
2240 2662 2510 2730 captivum
2543 2663 2878 2729 Romanum,
2917 2675 3010 2719 aut
3046 2666 3334 2720 barbarum
3376 2670 3587 2727 manci:

2004 2754 2172 2823 pium,
2205 2762 2297 2808 aut
2323 2767 2516 2823 equos,
2540 2763 2635 2808 aut
2661 2755 2970 2825 quidquam
2998 2757 3147 2812 aliud
3186 2772 3392 2825 emere,
3444 2777 3586 2831 prae-

2007 2854 2255 2914 terquam
2292 2844 2507 2914 quaead
2562 2844 2765 2899 victum
2807 2848 3116 2903 necessaria
3179 2861 3359 2919 erant,
3413 2853 3589 2909 donec

2001 2934 2144 2989 inter
2165 2933 2444 2991 Romanos
2464 2943 2517 2990 et
2533 2933 2756 2990 ﬂunnos
2787 2936 2854 2991 de
2874 2938 3035 2993 rebus
3058 2943 3427 2997 controversis
3452 2958 3587 3000 con:

2002 3027 2259 3083 venisset.
2293 3025 2420 3083 Haec
2447 3027 2642 3083 callide
2678 3037 2734 3083 et
2762 3030 3142 3099 praemeditato
3184 3033 3414 3090 consilio
3456 3036 3587 3090 Dur-.-

320 3126 466 3195 φῦλα
505 3127 602 3181 καὶ
644 3128 779 3197 γένη
810 3127 1088 3198 ἀρχόντων
1130 3124 1245 3180 soi?
1273 3126 1480 3194 ἔθνους,
1535 3128 1818 3193 Θεοδόσιος
1869 3131 1898 3199 δ

2007 3126 2170 3179 barus
2201 3120 2456 3189 faciebat,
2494 3136 2600 3192 quo
2630 3118 2843 3178 facilius
2863 3122 3093 3194 Bigilam
3120 3125 3171 3180 in
3202 3128 3429 3183 consilio
3458 3145 3587 3185 COII?

315 3216 577 3287 βασιλεὺς
632 3219 907 3288 ἐκπέμπει
959 3218 1131 3289 δῶρα,
1183 3218 1326 3273 ὥστε
1384 3220 1610 3293 ὁμονοίᾳ
1664 3222 1900 3294 σφετέρᾳ

2007 3225 2087 3269 tra
2117 3227 2178 3268 se
2210 3210 2559 3281 exsequendo
2589 3211 3044 3280 deprehenderet,
3077 3229 3198 3269 cum
3228 3217 3430 3272 nullam
3456 3221 3590 3279 satis

311 3308 702 3381 ἀπαγορεῦσαι
742 3308 843 3376 μὲν
874 3312 940 3381 τῇ
962 3310 1058 3363 τοῦ
1105 3310 1341 3382 Ἀττήλα
1371 3312 1680 3385 συμμαχίᾳ,
1714 3313 1813 3384 τὴν
1842 3313 1899 3378 δὲ

313 3402 459 3472 πρὸς
507 3401 815 3471 Ῥωμαίους
857 3400 1201 3474 [συμμαχίαν
1225 3402 1294 3470 ⁸⁸]
1348 3403 1710 3468 ἀσπάζεσθαι.
1763 3404 1820 3459 ’0
1846 3404 1902 3458 δὲ

312 3492 384 3547 τὰ
421 3490 575 3561 δῶρα
614 3490 966 3563 άποκομίζων
1014 3494 1079 3547 ού
1126 3495 1268 3549 κατά
1291 3494 1455 3560 ’τάξιν
1479 3496 1696 3568 ἑκάστῳ
1725 3497 1772 3530 ⁸⁸
1795 3497 1904 3550 τῶν

317 3570 594 3652 βασιλέων
631 3581 727 3635 τοῦ
763 3582 952 3648 ἔθνους
989 3583 1229 3650 δίδωσιν,
1261 3584 1403 3639 ὥστε
1447 3586 1540 3641 τὸν
1569 3586 1905 3658 Κουρίδαχον

315 3672 693 3745 πρεσϐύτερον
730 3674 859 3729 ὄντα
887 3678 953 3746 τῇ
983 3677 1146 3747 ἀρχῇ,
1172 3677 1243 3731 τά
1280 3675 1430 3747 δῶρα
1458 3676 1753 3748 δεξάμενον
1782 3677 1905 3732 δεύ-

318 3782 503 3836 τερον,
536 3760 627 3821 cia.
655 3766 720 3838 δὴ
759 3767 1126 3839 περιοφθέντα
1150 3770 1247 3824 καὶ
1304 3769 1414 3822 τῶν
1463 3770 1740 3840 σφετέρων
1780 3787 1903 3825 στε-

331 3855 565 3927 ρηθέντα
610 3858 815 3929 γερῶν,
864 3858 1296 3915 ἐπικαλέσασθαι
1332 3861 1423 3915 τὸν
1466 3860 1732 3932 Ἀττήλαν
1766 3854 1908 3916 κατά

326 3946 441 4001 τῶν
494 3949 1021 4020 συμϐασιλευόντων,
1054 3952 1146 4009 τὸν
1182 3954 1241 4007 δὲ
1273 3954 1350 4025 μὴ
1398 3954 1743 4025 μελλήσαντα
1775 3955 1907 4008 πολ-

319 4036 424 4116 λῂν
450 4034 734 4112 ἐκπέμψαι
762 4042 1013 4113 δύναμιν,
1048 4045 1143 4099 καὶ
1173 4047 1299 4111 τοὺς
1339 4048 1441 4116 μὲν
1479 4045 1757 4114 ἀνελόντα,
1785 4047 1911 4111 τοὺς

210 4178 219 4185 .
313 4128 374 4181 δὲ
407 4131 908 4203 παραστησάμενον
947 4133 1134 4188 καλεῖν
1173 4134 1266 4189 τὸν
1315 4136 1654 4207 Κουρίδαχον
1679 4136 1786 4190 τῶν
1828 4151 1912 4188 νι-

314 4222 608 4291 κητηρίων
660 4222 976 4291 μεθέξοντα.
1035 4225 1140 4279 Τὸν
1188 4225 1246 4280 δὲ
1298 4226 1593 4299 ἐπιϐουλὴν
1645 4228 1916 4299 ὑποτοπή-

314 4326 493 4363 σαντα
527 4312 725 4378 εἰπεῖν,
771 4313 848 4376 ὡς
881 4314 1120 4384 χαλεπὸν
1147 4315 1426 4388 ἀνθρώπῳ
1471 4317 1646 4372 ἐλθεῖν
1689 4320 1748 4382 ἐς
1791 4318 1914 4389 ὄψιν

306 4403 497 4457 θεοῦ*
548 4408 602 4459 εί
650 4408 761 4477 γάρ
814 4408 939 4462 ούδέ
992 4410 1083 4463 τὸν
1126 4410 1223 4464 τοῦ
1274 4412 1428 4483 ἡλίου
1477 4411 1661 4466 δίσκον
1710 4414 1915 4477 ἀτενῶς

2006 3307 2255 3362 idoneam
2289 3318 2509 3360 causam
2526 3305 2867 3361 comminisci
2896 3318 3100 3375 posset,
3133 3323 3233 3362 cur
3277 3324 3471 3365 aurum
3507 3313 3594 3368 af-

2004 3397 2193 3453 ferret.
2237 3394 2348 3451 Nos
2374 3410 2595 3466 quoque
2621 3405 2881 3465 praetenta
2907 3411 3076 3454 causa
3121 3403 3393 3471 responsi,
3445 3405 3592 3473 quod

2006 3488 2073 3542 ad
2122 3488 2454 3558 legationem
2507 3490 2753 3543 editurus
2781 3496 2935 3553 erat,
2978 3489 3305 3560 Ouegesium
3346 3496 3583 3563 opperiri

2007 3579 2207 3650 coegit,
2231 3587 2289 3633 ut
2318 3593 2565 3645 munera,
2587 3593 2707 3649 qua:
2746 3581 2812 3633 ad
2840 3594 2964 3635 eum
3014 3582 3311 3649 imperator
3342 3585 3589 3657 miserat,

2006 3682 2061 3727 et
2093 3673 2310 3727 tradere
2349 3670 2682 3739 volebamus,
2725 3672 3015 3753 acciperet.
3047 3673 3258 3727 Etenim
3302 3684 3413 3729 tum
3450 3675 3592 3732 forte

2009 3763 2306 3835 Onegesius
2362 3779 2466 3818 una
2504 3778 2630 3819 cum
2688 3763 2906 3820 seniore
2947 3778 3015 3819 ex
3046 3765 3230 3821 Attilae
3281 3767 3469 3823 liberis
3521 3771 3590 3851 ad
3698 3790 3706 3798 -

2008 3857 2290 3912 Acatziros
2318 3857 2516 3911 missus
2556 3856 2663 3927 55
2700 3858 2895 3913 fuerat.
2946 3857 3019 3913 Ea
3042 3872 3175 3928 gens
3202 3870 3289 3916 est
3309 3859 3591 3933 Scythica,

2014 3962 2137 4016 qua:
2186 3948 2239 4002 in
2288 3957 2609 4018 potestatem
2638 3948 2822 4004 Attila
2856 3950 2959 4005 hac
2997 3952 3063 4007 de
3094 3966 3258 4008 causa
3309 3955 3475 4010 venit.
3532 3955 3593 4010 in

2015 4057 2135 4098 eam
2188 4052 2402 4113 gentem
2465 4042 2648 4112 plures
2675 4045 2974 4099 secundum
3022 4046 3251 4116 populos
3303 4056 3360 4102 ct
3403 4034 3597 4120 gentes

2018 4136 2307 4204 imperium
2341 4137 2687 4203 exercebant,
2722 4152 2858 4207 quos
2902 4138 3197 4210 imperator
3237 4139 3596 4213 Theodosius,

2019 4225 2231 4281 ﬁrmata
2261 4227 2403 4282 inter
2427 4241 2521 4283 eos
2549 4227 2863 4293 concordia,
2912 4229 2979 4284 ab
3008 4230 3189 4284 Attila:
3225 4232 3489 4287 societate
3530 4236 3600 4289 ad

2019 4320 2304 4375 colendam
2326 4335 2447 4373 cum
2474 4317 2739 4375 Romanis
2766 4335 2954 4388 pacem
2983 4330 3038 4375 et
3069 4322 3385 4377 societatem
3411 4339 3601 4379 munc-

2021 4410 2506 4481 ribusttraducere
2542 4418 2768 4465 conatus
2796 4421 2898 4466 est.
2927 4410 3030 4478 Qui
3056 4427 3121 4468 ea
3143 4427 3366 4469 munera
3397 4415 3600 4470 attule—

310 4494 475 4550 ἐστιν
520 4497 671 4564 ἰδεῖν,
741 4497 856 4564 πῶς
903 4501 993 4555 τὸν
1036 4503 1300 4573 μέγιστον
1354 4505 1463 4558 τῶν
1499 4504 1639 4559 θεῶν
1690 4505 1902 4569 ἀπαθῶς

2028 4512 2112 4556 rat
2141 4518 2246 4556 non
2277 4517 2375 4573 pro
2399 4501 2662 4572 cujusque
2695 4505 2872 4574 gentis
2910 4505 3055 4575 regis
3083 4508 3283 4561 merito
3331 4516 3385 4562 et
3429 4510 3601 4579 gradu

309 4607 403 4655 τις
446 4591 668 4661 bipateo;
706 4594 897 4660 Οὕτως
911 4598 959 4630 ⁸⁸
996 4597 1096 4668 μὲν
1125 4599 1154 4651 ὁ
1191 4600 1527 4672 Κουρίδαχος
1576 4600 1790 4671 ἔμεινεν
1816 4603 1909 4655 ἐπὶ

306 4682 438 4743 τοῖς
478 4683 766 4754 σφετέροις
818 4689 914 4739 καὶ
942 4687 1234 4757 διεφύλαξε
1286 4692 1386 4761 τὴν
1423 4691 1625 4762 ἀρχὴν,
1675 4692 1769 4746 τοῦ
1803 4694 1913 4747 lor.-

313 4769 433 4823 ποῦ
467 4771 667 4835 παντὸς
695 4772 793 4827 τοῦ
827 4775 1166 4846 Ἀκατζίρων
1206 4779 1389 4843 ἔθνους
1427 4781 1505 4851 τῷ
1532 4782 1764 4855 Ἀττήλᾳ
1804 4801 1910 4839 πα-

315 4862 662 4932 ραστάντος·
696 4858 872 4937 οὗπερ
906 4865 1098 4932 ἔθνους
1153 4869 1379 4940 βασιλέα
1404 4872 1495 4926 τὸν
1536 4864 1907 4947 πρεσϐύτερον

311 4952 438 5005 τῶν
479 4953 689 5007 παίδων
716 4958 1061 5029 καταστῆσαι
1098 4960 1426 5033 βουλόμενος
1467 4965 1789 5037 Ὀνηγήσιον
1816 4969 1908 5021 ἐπὶ

311 5040 536 5110 ταύτην
568 5045 846 5113 ἐκπέμπει
887 5047 987 5118 τὴν
1016 5050 1237 5120 πρᾶξιν.
1280 5053 1372 5104 Διὸ
1407 5052 1472 5122 δὴ
1511 5054 1604 5106 καὶ
1634 5056 1803 5125 ἡμᾶς,
1832 5054 1909 5118 ὡς

314 5133 572 5201 εἴρηται,
612 5137 893 5206 ἐπιμεῖναι
935 5141 1513 5212 παρακελευσάμενος,
1542 5143 1635 5197 τὸν
1684 5145 1909 5212 Βιγίλαν

316 5222 601 5293 διαφῆκεν
640 5225 757 5295 ἅμα
790 5227 970 5299 Ἦσλᾳ
1006 5228 1277 5299 προφάσει
1303 5231 1401 5299 μὲν
1424 5230 1534 5283 τῶν
1563 5231 1821 5299 φυγάδων
1856 5232 1914 5294 ἐς

318 5313 431 5382 τὴν
496 5314 787 5384 Ῥωμαίων
837 5319 1266 5391 διαϐησόμενον,
1319 5324 1386 5393 τῇ
1438 5321 1494 5375 δὲ
1547 5323 1776 5394 ἀληθείᾳ
1839 5322 1916 5393 τῷ

323 5402 593 5458 Ἐδέι.ωνι
614 5407 675 5458 τὺ
704 5409 930 5478 χρυσίον
961 5410 1278 5480 κομιοῦντα.

2013 4609 2074 4646 ea
2102 4594 2477 4648 distribuerat.
2515 4592 2854 4649 Caridachus
2895 4597 3039 4650 enim
3073 4601 3311 4654 secundo
3338 4599 3457 4657 loco
3498 4616 3593 4659 ac-

2014 4692 2255 4752 ceperat,
2290 4686 2380 4753 qui
2407 4699 2597 4755 regum
2630 4687 2928 4756 antiquior,
2966 4689 3174 4758 primtts
3216 4692 3467 4761 accipere
3491 4694 3589 4748 de—

2014 4777 2225 4831 buerat.
2275 4774 2391 4839 Ille,
2455 4786 2715 4846 tanquam‘
2755 4789 3098 4849 contemptus
3144 4789 3202 4836 et
3251 4782 3354 4838 sibi
3395 4786 3600 4841 debitis

2014 4868 2253 4939 praemiis
2295 4868 2622 4937 frustratus,
2657 4870 2878 4925 Attilam
2924 4882 3113 4927 centra
3158 4884 3386 4931 caeteros
3441 4891 3604 4947 reges

2016 4960 2219 5015 auxilio
2250 4970 2557 5016 vocaverat.
2590 4961 2641 5017 is
2672 4963 2810 5018 nihil
2850 4974 3160 5032 cunctatus,
3205 4982 3404 5038 magno
3428 4983 3595 5023 exer-

2016 5053 2128 5107 citu
2157 5053 2360 5109 emisso
2380 5068 2567 5108 eorum
2602 5055 2739 5111 alios
2755 5056 2992 5122 sustulit,
3018 5057 3157 5112 alios
3170 5062 3236 5115 ad
3260 5060 3591 5117 deditionem

2018 5144 2297 5212 compulit.
2335 5144 2536 5199 Deinde
2563 5145 2923 5201 Caridacltum
2951 5148 3018 5203 ad
3046 5162 3105 5203 se
3134 5159 3311 5212 vocat,
3341 5160 3596 5217 tanquam

1974 5256 1981 5261 ν
2022 5235 2097 5289 illi
2125 5237 2428 5305 victoriam,
2460 5249 2516 5292 et
2542 5254 2663 5307 qua:
2691 5254 2756 5293 ex
2782 5240 3012 5295 victoria
3056 5252 3384 5297 consecutus
3415 5242 3596 5294 fuerat

2025 5328 2424 5396 impertiturus.
2447 5328 2552 5383 Sed
2581 5331 2685 5385 iste
2714 5330 2896 5386 dolum
2926 5342 2982 5387 et
3014 5332 3238 5387 insidias
3266 5333 3599 5401 suspicatus,

2035 5417 2251 5494 difficile
2273 5428 2329 5473 ct
2363 5435 2527 5489 grave
2562 5435 2684 5477 esse
2714 5423 2917 5478 homini
2944 5423 3243 5494 respondit,
3264 5423 3318 5477 in
3342 5422 3425 5477 dei
3452 5436 3608 5477 cons-

330 5504 566 5562 pectum
638 5502 844 5556 venire.
908 5502 965 5561 Si
1015 5504 1160 5557 enim
1203 5503 1441 5560 immotis
1476 5504 1648 5561 oculis
1682 5505 1813 5561 solis
1866 5505 2053 5561 orbem
2100 5488 2298 5564 iutuéri
2360 5488 2520 5566 nemo
2556 5520 2752 5581 potest,
2784 5488 3054 5583 quomodo
3100 5513 3222 5583 quis
3266 5511 3386 5568 sine
3442 5527 3607 5578 sensu

1619 5623 1856 5678 VARUE
1912 5623 2321 5685 LECTIONES.

440 5708 630 5811 ΪῘΞῘῨῙ
677 5711 771 5811 Br.
802 5711 2281 5811 ἓξΣυξέκ,ξ’..’λῗοξῖτίίέ²ῗ¹ἒΥ.Ῠ³¹·νἀκατιξίρωννυιε·
2359 5724 2405 5763 θ’
2432 5724 2774 5811 συμμαχίαν]
2827 5725 3050 5796 εἰρήνην
3105 5724 3172 5780 H-
3216 5742 3322 5809 me
3398 5724 3446 5758 "
3481 5723 3612 5797 ixi:

343 5793 468 5833 στου
504 5782 649 5851 vulg.
726 5783 771 5815 "
802 5782 976 5847 οὓτως
1002 5782 1277 5851 Cantocl.,
1320 5782 1477 5852 οὗτος
1506 5790 1647 5860 vulg.
