4050 6416
496 343 604 406 719

1498 327 1887 388 EXCILBPTA
1933 325 2033 383 EX
2073 323 2342 382 PRISCO
2383 319 2743 381 RHETOB‘E

3646 317 3748 379 7'20

498 454 702 510 doloris
735 465 856 505 cum
891 448 1110 500 deorum
1155 442 1392 494 maximo
1440 434 1869 506 congrediatur?
1909 433 2084 498 Atque
2132 431 2202 483 ita
2234 430 2566 497 Carigacbus
2599 444 2822 498 regnum
2865 442 3069 495 suaque
3143 426 3322 481 omnia
3363 427 3512 482 salva
3550 429 3654 483 sibi
3700 438 3756 484 et

502 549 707 616 integra
745 540 1089 596 conservavit
1123 577 1135 596 ,
1184 545 1239 589 et
1291 533 1499 599 reliqua
1551 529 1729 582 munis
1781 525 2155 580 Acatzirorum
2197 523 2347 590 regio
2379 523 2430 574 in
2475 521 2562 591 jus
2590 521 2957 590 ditionemque
2981 519 3161 575 Attilae
3189 521 3483 575 concessit.
3517 519 3576 574 Ei
3609 531 3754 591 genti

501 651 626 691 cum
659 633 929 688 seniorem
976 643 1042 682 ex
1078 625 1200 678 tiliis
1238 637 1418 692 regem
1459 617 1654 672 Attilas
1687 615 2021 672 constituere
2060 611 2414 674 decrevisset,
2447 611 2511 663 ad
2543 611 2682 663 hanc
2723 623 2835 663 rem
2867 607 3256 663 conficiendam
3303 607 3625 679 Onegesium
3651 612 3758 664 mi-

501 737 670 786 serat.
704 727 890 794 Itaque
924 735 1021 775 nos
1062 725 1402 784 exspectare,
1440 720 1500 764 ut
1536 710 1738 765 dictum
1772 716 1878 772 est,
1901 705 2120 775 jubcns,
2163 701 2390 772 Bigilam
2446 717 2567 755 cum
2603 699 2725 754 Esla
2771 701 2838 754 ad
2874 701 3146 754 Romanos
3173 701 3510 766 amandavit,
3577 703 3761 772 specie

500 822 716 891 quidem
767 814 1167 881 transfugarum
1219 805 1661 877 repetendorum,
1719 801 1814 856 sed
1845 813 2056 864 revera,
2098 805 2154 849 ut
2179 810 2368 848 aurum
2396 795 2631 850 Edeconi
2657 796 2979 864 promissum
3005 794 3245 850 afferret.

574 917 703 971 Post
741 911 924 981 Bigila:
949 909 1252 961 discessum
1283 917 1447 956 unum
1492 909 1702 954 tantum
1733 897 1875 952 diem
1912 895 1964 947 in
1987 893 2082 962 {his

2259 890 2364 943 Τοῦ
2391 890 2447 942 δὲ
2472 889 2663 957 Βιγίλα
2693 888 3262 960 ὲξορμήσαντος,μίαν
3288 887 3476 957 μετά⁹⁷
3490 889 3590 958 τὴν
3614 891 3764 943 ὲκεί-

501 1007 639 1063 locis
689 998 1033 1063 commorati,
1068 995 1336 1068 postridie
1361 1009 1465 1049 una
1505 1006 1625 1047 cum
1657 988 1820 1044 Attila
1851 986 1917 1040 ad
1952 984 2070 1039 loca

501 1099 671 1166 magis
705 1095 770 1148 ad
798 1084 1220 1162 septentrionem
1269 1085 1550 1154 vergentia
1588 1081 1817 1152 profecti
1855 1093 2067 1134 sumus.

500 1191 652 1243 ltand
685 1188 898 1253 longum
927 1184 1023 1236 vite
1046 1181 1279 1251 spatium
1319 1194 1439 1233 cum
1473 1175 1726 1230 Barbaris
1774 1169 2070 1242 progressi,

499 1281 606 1336 alio
635 1279 736 1334 iter
767 1277 1048 1340 vertimus,
1081 1272 1332 1342 'Scythis,
1364 1269 1456 1338 qui
1491 1269 1630 1321 viam
1656 1265 1927 1321 ducebant
1977 1277 2075 1316 nos

501 1374 551 1428 id
573 1375 748 1427 facere
769 1367 1101 1440 iubentibus.
1141 1363 1337 1418 Auitus
1370 1362 1574 1416 interea
1602 1359 1653 1412 in
1691 1356 1924 1424 quodam
1957 1353 2075 1407 vico

498 1465 762 1530 subSlilil,
807 1463 860 1516 in
880 1474 986 1530 quo
1023 1458 1186 1512 tiliam
1247 1456 1439 1509 Escam
1475 1449 1845 1514 uxorem,etsi
1894 1446 2078 1514 plures

500 1559 634 1610 alias
653 1557 904 1616 haberet,
937 1549 1260 1619 Scytharum
1302 1544 1510 1613 legibus
1535 1541 1586 1594 id
1617 1536 2078 1608 permittentibus,

499 1648 696 1704 ducere
714 1644 903 1699 voluit.
930 1641 1081 1694 Illinc
1117 1635 1259 1692 facili
1296 1644 1350 1688 et
1374 1632 1569 1702 aequali
1603 1631 1708 1695 via,
1759 1643 1854 1698 per
1907 1627 2078 1696 plani-

503 1744 632 1796 tiem
681 1739 788 1793 iter
821 1735 1072 1796 fecimus,
1115 1740 1170 1786 et
1200 1730 1252 1783 in
1294 1726 1496 1781 multos
1525 1723 1720 1778 fluvios
1751 1719 2080 1789 navigabiles

505 1829 823 1885 incidimus.
859 1825 1099 1892 Quorum
1137 1829 1255 1890 post
1283 1818 1480 1872 lstrum
1524 1813 1741 1866 maximi
1777 1821 1904 1865 sunt
1948 1810 2080 1863 Dre-

501 1939 602 1980 con
634 1923 830 1983 dictus,
858 1929 915 1973 et
943 1917 1127 1984 Tigas,
1184 1922 1240 1967 et
1285 1910 1557 1978 Tiphisas.
1591 1905 1657 1958 Et
1710 1907 1806 1959 hos
1858 1901 2077 1971 quidem

503 2013 770 2071 naviculis
793 2011 953 2065 unico
984 2009 1128 2077 ligno
1182 2003 1468 2066 confectis,
1503 2014 1636 2068 quas
1664 1999 1715 2050 in
1765 1994 2082 2065 quotidiano

504 2123 602 2162 usu
639 2105 841 2160 habent
869 2101 960 2170 qtti
993 2101 1060 2154 ad
1083 2097 1303 2152 ﬂutttina
1335 2095 1602 2153 habitant,
1627 2089 1862 2156 reliquos
1890 2084 2084 2139 lembis

504 2215 569 2253 ex
595 2195 908 2266 propinquo,
933 2189 1251 2258 desumptis,
1285 2200 1420 2256 quos
1449 2183 1671 2237 Barbari
1699 2179 1946 2236 curribus
1978 2179 2080 2231 ima

503 2296 730 2358 ponunt,
765 2291 820 2339 et
842 2297 937 2352 per
960 2280 1076 2335 loca
1110 2275 1479 2346 restagnantia
1504 2273 1825 2341 important,
1860 2267 2078 2336 trajeci-

504 2396 644 2435 mus.
661 2375 1106 2444 Congerebantur
1128 2384 1259 2424 vero
1289 2367 1444 2422 nobis
1463 2381 1528 2420 ex
1556 2363 1690 2418 vicis
1722 2370 2074 2424 commeatus,

504 2488 601 2544 pro
630 2471 898 2524 frumento
951 2464 1195 2525 milium,
1243 2475 1341 2529 pro
1391 2458 1518 2511 vino
1564 2456 1782 2520 medus;
1821 2453 1900 2508 sic
1931 2452 2074 2506 enim

500 2566 744 2620 locorum
789 2559 977 2614 incolae
1017 2563 1232 2610 vocant.
1261 2551 1415 2607 Servi
1451 2562 1690 2618 quoque,
1724 2546 1820 2615 qui
1851 2559 1946 2598 nos
1986 2557 2078 2597 eoo

506 2655 858 2715 mitabantnr,
884 2650 1094 2704 milium
1129 2660 1314 2700 secum
1344 2643 1668 2712 portabant,
1695 2639 1971 2709 potionem
2009 2651 2076 2690 ex

508 2747 707 2801 hordeo
733 2743 1055 2812 praebentes,
1081 2752 1242 2807 quam
1273 2749 1485 2790 camum
1506 2733 1616 2803 56
1641 2731 1864 2786 Barbari
1895 2727 2076 2798 appel-

507 2839 644 2892 lant.
685 2835 866 2904 Longa
896 2833 981 2884 via
1004 2827 1273 2890 confecta,
1298 2826 1385 2881 die
1412 2825 1479 2878 ad
1515 2832 1726 2877 noctem
1758 2820 2076 2884 inclinante,

509 2930 574 2984 ad
605 2926 850 2998 paludem
869 2921 1182 2992 quamdam,
1207 2919 1272 2972 ad
1300 2931 1460 2986 quam
1482 2923 1735 2985 aquatum
1767 2913 1909 2982 (erat
1933 2910 2077 2964 enim

509 3021 625 3090 ejus
671 3033 810 3087 aqua
857 3012 1005 3084 potui
1057 3011 1200 3080 apta)
1239 3008 1470 3078 proximi
1532 3005 1638 3060 vici
1665 3002 1856 3058 incolae
1906 3003 2076 3064 ibant,

514 3112 740 3167 tentoria
794 3107 1030 3160 fiximus.
1073 3103 1263 3170 Ingens
1319 3110 1512 3154 ventus
1550 3106 1604 3152 et
1634 3093 1869 3166 procella
1925 3092 2078 3147 dere-

511 3213 674 3275 pente
706 3209 893 3254 exorta
925 3212 1047 3251 cum
1097 3193 1300 3248 tonitru
1343 3199 1397 3244 et
1426 3189 1634 3245 crebris
1675 3185 1976 3255 fulguribus
2025 3192 2081 3237 et

515 3272 683 3351 multo
718 3292 895 3346 imbre
921 3284 1219 3342 tentorium
1249 3289 1495 3336 nostrum
1539 3278 1773 3347 disiecit,
1817 3283 1870 3329 et
1896 3272 2080 3327 omnia

516 3391 699 3440 nostra
719 3378 966 3435 utensilia
992 3377 1043 3433 iu
1089 3373 1390 3443 proximam
1443 3369 1690 3438 paludem
1743 3365 1926 3421 volvit.
1951 3361 2081 3417 Tur-

517 3473 733 3527 binibus
765 3471 818 3522 in
853 3481 978 3521 aere
1000 3462 1277 3524 excitatis,
1323 3467 1384 3514 et
1421 3473 1573 3520 casu,
1622 3457 1712 3525 qui
1747 3453 2080 3523 contigerat,

2175 1000 2268 1036 νου
2299 982 2645 1052 ἀναχώρησιν
2691 983 2903 1052 ἡμέραν
2939 980 3352 1049 ἐπιμείναντες,
3395 983 3460 1050 τῇ
3492 981 3766 1053 ὑστεραίᾳ

2178 1075 2268 1126 ἐπὶ
2298 1075 2366 1126 τὰ
2396 1073 2778 1142 ἀρκτικώτερα
2817 1072 2914 1140 τῆς
2931 1070 3109 1140 χώρας
3143 1071 3238 1122 σὺν
3267 1070 3498 1139 Ἀττήλα
3528 1069 3765 1135 ἐπορεύ-

2180 1165 2375 1234 θημεν.
2413 1165 2522 1216 Καὶ
2573 1164 2702 1232 ἄχρι
2749 1164 2893 1223 τινος
2937 1163 3011 1230 τῷ
3039 1141 3314 1230 Βαρϐάρῳ
3357 1160 3768 1230 συμπροελθὸν-

2178 1274 2269 1318 τες
2305 1256 2492 1324 ἑτέραν
2517 1255 2634 1308 ὁδὸν
2656 1256 2991 1326 ἐτράπημεν,
3020 1254 3129 1306 τῶν
3149 1253 3515 1320 ξεναγούντων
3538 1253 3584 1284 ⁹⁸
3610 1254 3768 1323 ἡμᾶς

2182 1349 2402 1402 Σκυθῶν
2455 1348 2613 1400 τοῦτο
2678 1349 2852 1399 ποιεῖν
2904 1345 3494 1416 παρακελευσαμένων,
3535 1346 3610 1405 ὡς
3658 1346 3764 1398 τοῦ

2195 1441 2426 1510 Ἀττήλα
2465 1442 2522 1502 ὲς
2553 1439 2745 1510 κώμην
2797 1439 2918 1492 τινὰ
2945 1438 3346 1508 παρεσομένου,
3397 1431 3516 1509 ὲ.νῇ
3554 1439 3766 1506 γαμεῖν

2184 1532 2457 1602 θυγατέρα
2498 1531 2710 1600 Ἐσκάμ
2735 1529 3006 1593 ἐϐούλετο,
3039 1529 3298 1592 πλείστας
3341 1529 3450 1598 ’μὲν
3480 1529 3619 1598 ἔχων
3652 1545 3765 1596 γα-

2188 1624 2376 1693 μετὰς,
2399 1624 2667 1691 ἀγόμενος
2698 1623 2754 1675 δὲ
2791 1623 2885 1674 καὶ
2905 1619 3110 1690 ταύτην
3133 1621 3275 1674 κατά
3299 1619 3460 1689 νόμον
3500 1621 3591 1672 τὸν
3616 1621 3764 1672 Σκυ-

2187 1715 2358 1769 θικόν.
2399 1714 2644 1767 Ἐνθένδε
2689 1712 3064 1783 ἐπορευόμεθα
3093 1711 3213 1765 ὁδὸν
3242 1711 3472 1782 ὁμαλὴν,
3505 1714 3565 1764 ἐν
3591 1711 3766 1780 πεδίῳ

2186 1810 2467 1876 κειμένην,
2503 1806 2849 1874 ναυσιπόροις
2903 1822 2963 1856 τε
3017 1805 3426 1874 προσεϐάλομεν
3469 1807 3763 1872 ποταμοῖς,

2183 1895 2258 1954 ὧν
2304 1903 2352 1954 οί
2407 1901 2656 1971 μέγιστοι
2721 1900 2856 1968 μετὰ
2911 1898 3002 1950 τὸν
3057 1898 3265 1968 Ἴστρον
3321 1897 3348 1950 ὃ
3405 1913 3463 1949 τε
3533 1899 3766 1967 Δρήκων

2191 1993 2487 2061 λεγόμενος
2554 1991 2649 2044 καὶ
2699 1991 2727 2042 ὁ
2769 1989 2938 2058 Τίγας
3009 1991 3103 2042 καὶ
3140 1990 3168 2041 ό
3201 1989 3448 2058 Τιφήσας
3651 1989 3768 2041 Καὶ

2185 2084 2406 2146 τούτους
2480 2083 2578 2154 μὲν
2643 2082 3060 2150 ἐπεραιώθημεν
3111 2082 3222 2143 τοῖς
3273 2079 3582 2149 μονοξύλοις
3611 2079 3769 2132 πλοί-

2186 2195 2289 2242 οις,
2347 2175 2428 2238 οἷς
2472 2177 2523 2228 oi
2560 2174 2981 2245 προσοικούντες
3015 2174 3139 2236 τοὺς
3191 2174 3470 2241 ποταμοὺς
3522 2171 3769 2241 κέχρην-

2183 2283 2312 2320 ται·
2343 2267 2470 2329 τοὺς
2516 2265 2574 2318 δὲ
2621 2265 2842 2326 λοιποὺς
2896 2265 3016 2324 ταῖς
3061 2263 3298 2333 σχεδίαις
3338 2261 3767 2331 διεπλεύσαμεν,

2180 2360 2246 2423 ἃς
2283 2357 2504 2412 ἐπὶτῶν
2537 2355 2764 2426 ἁμαξῶν
2793 2357 2844 2408 οί
2866 2355 3144 2426 Βάρϐαροι
3177 2355 3268 2408 διὰ
3288 2357 3414 2418 τοὺς
3468 2354 3764 2424 λιμνάζονο

2177 2467 2279 2512 τας
2295 2450 2518 2520 φέρουσι
2535 2447 2755 2510 τόπους.
2780 2447 3170 2519 Ἐχορηγοῦντο
3187 2446 3243 2499 δὲ
3261 2448 3392 2516 ἡμῖν
3410 2445 3551 2499 κατὰ
3567 2445 3768 2516 κώμας

2179 2544 2400 2613 τροφαὶ,
2419 2543 2543 2597 ἀντὶ
2579 2541 2680 2612 μὲν
2703 2541 2852 2592 σίτου
2876 2542 3127 2610 κέγχρος,
3152 2539 3272 2594 ἀντὶ
3295 2539 3351 2592 δὲ
3369 2541 3512 2592 οἴνου
3543 2541 3572 2592 ὁ
3602 2538 3769 2609 μέδος

2180 2635 2490 2704 ἐπιχωρίως
2523 2631 2878 2701 καλούμενος.
2926 2631 3278 2700 Ἐκομίζοντο
3309 2631 3366 2683 δὲ
3417 2632 3513 2683 καὶ
3541 2632 3592 2683 oi
3633 2630 3770 2682 ἑπό-

2183 2743 2332 2798 μενοι
2365 2727 2498 2795 ἡμῖν
2522 2724 2790 2796 ὑπηρέται
2839 2722 3074 2796 κέγχρον
3105 2721 3201 2775 καὶ
3229 2722 3292 2774 τὸ
3319 2723 3382 2776 ἐκ
3406 2721 3609 2793 κριθῶν
3629 2737 3766 2792 χορ-

2180 2819 2482 2890 ηγούμενον
2515 2817 2666 2886 πόμα
2684 2833 2698 2848 ο
2724 2815 2900 2886 κάμον
2923 2817 2971 2868 oi
2997 2815 3272 2886 Βάρϐαροι
3323 2814 3577 2868 καλοῦσιν
3603 2815 3764 2868 αὑτό.

2179 2912 2414 2982 Μακρὰν
2446 2910 2502 2963 δὲ
2530 2909 2827 2971 ἀνύσαντες
2876 2907 2994 2960 ὁδὸν
3045 2908 3171 2978 περ)⁸
3198 2907 3375 2977 δείλην
3425 2907 3587 2976 ὀψίαν
3620 2923 3764 2960 κατ·

2182 3001 2574 3070 εσκηνώσαμεν
2597 2999 2734 3071 πρὸς
2752 2999 2919 3068 λίμνῃ
2943 2999 3072 3060 τινὶ,
3107 2998 3335 3068 πότιμον
3363 2997 3508 3068 ὕδωρ
3535 2997 3763 3069 ἐχούσῃ,

2182 3093 2344 3164 ὅπερ
2375 3091 2425 3142 oi
2460 3091 2557 3159 τῆς
2594 3089 2822 3161 πλησίον
2869 3089 3156 3161 ὑδρεύοντο
3179 3090 3392 3159 κώμης.
3450 3089 3676 3159 Πνεῦμα
3704 3090 3763 3142 δὲ

2187 3185 2282 3238 καὶ
2311 3183 2508 3236 θύελλα
2545 3183 2804 3253 ἐξαπίνης
2827 3183 3160 3236 διαναστᾶσα
3210 3183 3349 3252 μετὰ
3397 3180 3640 3252 βροντῶν
3668 3183 3760 3234 καὶ

2186 3275 2396 3347 συχνῶν
2413 3274 2714 3346 ἀστραπῶν
2743 3277 2838 3329 καὶ
2855 3275 3063 3346 ὄμϐρου
3095 3274 3290 3328 πολλοῦ
3317 3273 3378 3328 ού
3415 3273 3578 3344 μόνον
3601 3272 3757 3343 ἡμῶν

2183 3368 2449 3437 ἀνέτρεψε
2477 3367 2522 3399 ’⁸
2562 3367 2658 3438 τὴν
2691 3366 2916 3438 σκηνὴν,
2966 3365 3103 3420 ἀλλά
3137 3367 3232 3419 καὶ
3279 3365 3379 3436 τὴν
3411 3364 3762 3434 κατασκευὴν

2189 3459 2486 3530 σύμπασαν
2513 3461 2568 3522 ἐς
2596 3459 2658 3512 τὸ
2692 3456 2836 3528 ὕδωρ
2881 3455 3102 3510 ἐκύλισε
3140 3456 3238 3526 τῆς
3268 3456 3485 3526 λίμνης.
3541 3454 3680 3508 Ὑπὸ
3705 3453 3767 3506 δὲ

515 3559 914 3635 perterrefacti,
938 3558 1113 3611 locum
1138 3553 1285 3608 illum
1321 3549 1681 3612 deseruimus,
1710 3543 2079 3608 etdissociati,

2188 3553 2281 3618 τῆς
2314 3548 2620 3621 κρατούσης
2640 3548 2730 3602 τὸν
2754 3548 2892 3618 ἀέρα
2919 3547 3165 3618 ταραχῆς
3183 3547 3278 3600 καὶ
3313 3545 3410 3600 τοῦ
3451 3547 3768 3616 συμϐάντος

516 3659 624 3712 huc
672 3654 796 3710 illuc
853 3650 1116 3720 palantes,
1169 3647 1310 3702 viam
1367 3642 1735 3710 unusquisque
1791 3646 2078 3702 nostrum,

517 3765 678 3820 quam
713 3747 814 3802 sibi
837 3743 1175 3800 commodam
1209 3739 1382 3804 duxit,
1411 3737 1512 3792 sub
1538 3733 1776 3789 tenebris
1796 3738 1851 3786 et
1890 3729 2083 3784 imbri-

521 3843 622 3897 bus
657 3847 762 3895 est
805 3843 1142 3906 persecutus.
1190 3830 1429 3884 Tandem
1462 3825 1673 3895 tuguria
1719 3823 1824 3877 vici
1851 3820 2086 3876 subeun-

521 3944 603 3987 tes
654 3929 808 4001 (illuc
837 3919 984 3982 enim
1022 3923 1210 3978 divisis
1242 3919 1525 3975 itineribus
1565 3929 1751 3970 omnes
1791 3915 2086 3968 divertera-

523 4021 684 4091 mus),
710 4017 1079 4081 convenimus,
1114 4021 1170 4069 et
1191 4027 1274 4077 ea,
1310 4025 1430 4080 qua:
1467 4008 1622 4063 nobis
1671 4007 1930 4071 deerant,
1965 4018 2086 4059 cum

522 4115 760 4169 clamore
790 4107 1232 4180 perquisivimus.
1264 4102 1342 4157 Ad
1365 4115 1523 4170 quem
1567 4097 1849 4168 strepitum
1874 4094 2090 4165 Scythae

523 4187 1125 4266 exsilientes,calamos,
1148 4194 1341 4265 quibus
1373 4193 1440 4246 ad
1463 4193 1639 4262 ignem
1669 4198 1911 4254 utuntur,
1937 4199 2088 4240 usse-

526 4308 649 4351 runt
681 4314 694 4349 :
733 4303 788 4348 et
818 4303 1050 4346 accenso
1086 4287 1306 4352 lumine,
1337 4284 1761 4353 interrogarunt,
1785 4278 1912 4350 quid
1938 4276 2092 4332 nobis

525 4386 804 4450 vellemus,
830 4383 921 4452 qui
962 4387 1138 4435 tantos
1199 4377 1468 4433 clamores
1493 4375 1800 4429 ederemus.
1841 4367 2090 4431 Barbari,

524 4479 734 4549 quinos
764 4473 1186 4534 comitabantur,
1219 4467 1611 4537 responderunt
1655 4479 1753 4518 nos
1775 4467 2096 4530 tempestate

526 4573 804 4643 perculsos
844 4568 1074 4622 turbari.
1114 4562 1300 4632 Itaque
1360 4552 1457 4616 nos
1509 4557 1804 4613 liberaliter
1842 4555 2096 4609 invitatos

528 4663 762 4733 hospitio
787 4665 1137 4728 exceperunt,
1165 4665 1222 4710 et
1248 4653 1474 4710 calamis
1508 4651 1668 4706 siccis
1691 4650 1870 4718 ignem
1903 4661 2096 4700 accen-

525 4756 740 4810 derunt.
776 4751 886 4806 Vici
928 4749 1161 4805 domina.
1195 4763 1299 4802 una
1334 4761 1398 4800 ex
1442 4743 1618 4799 Bleda:
1671 4741 1930 4796 uxoribus
1955 4750 2095 4794 erat.

2184 3642 2612 3714 δειματωθέντες
2643 3641 2704 3695 τὸ
2725 3641 2928 3712 χωρίον
2978 3639 3347 3709 ἀπελείπομεν
3390 3638 3484 3692 καὶ
3516 3639 3768 3709 ἀλλήλων

2185 3734 2580 3806 ὲχωριζόμεθα,
2605 3734 2681 3798 ώς
2708 3735 2766 3786 ὲν
2791 3735 2972 3803 σκότῳ
2995 3733 3091 3787 καὶ
3121 3731 3281 3803 ὑετῷ,
3307 3731 3615 3800 τραπέντες
3646 3731 3771 3785 ὁδὸν

2185 3827 2253 3898 ἣν
2303 3827 2453 3898 αὑτῷ
2485 3826 2675 3897 ῥᾳδίαν
2710 3825 2935 3889 ἕκαστος
2981 3823 3202 3900 ἔσεσθαι
3235 3824 3392 3895 ᾤετο.
3438 3824 3528 3889 Ἐς
3583 3824 3641 3878 δὲ
3668 3825 3769 3888 τὰς

2188 3920 2432 3984 καλύϐας
2481 3918 2584 3989 τῆς
2622 3918 2818 3989 κώμης
2866 3918 3302 3990 παραγενόμενοι
3353 3916 3474 3987 (τὴν
3508 3916 3679 3986 αὐτὴν
3705 3916 3767 3970 δὲ

2189 4012 2389 4073 πάντες
2430 4010 2700 4080 διαφόρως
2723 4008 3084 4080 ἐτράπημεν),
3111 4011 3169 4072 ἐς
3199 4007 3400 4062 ταυτὸν
3448 4005 3759 4076 συνῄειμεν,

2190 4100 2286 4154 καὶ
2311 4100 2418 4152 τῶν
2447 4099 2893 4167 ἀπολειπομένων
2927 4099 3023 4152 σὺν
3050 4098 3144 4170 βοῇ
3175 4098 3274 4170 τὴν
3303 4098 3526 4169 ζήτησιν
3548 4095 3766 4149 ὲποιού-
3851 4149 3868 4163 ,

2195 4193 2353 4264 μεθα.
2397 4192 2835 4262 Ἐκπηδήσαντες
2858 4190 2916 4244 δὲ
2938 4190 2989 4244 οἱ
3018 4190 3224 4245 Σκύθαι
3254 4190 3344 4244 διὰ
3383 4190 3476 4243 τὸν
3513 4187 3767 4258 θόρυϐον,

2191 4285 2318 4347 τοὺς
2349 4283 2632 4351 καλάμους
2649 4277 2730 4344 οἷς
2760 4281 2895 4352 πρὸς
2911 4281 2988 4351 τῷ
3012 4283 3146 4352 πυρὶ
3172 4281 3466 4350 κέχρηνται
3487 4280 3772 4344 ἀνέκαιον,

2195 4377 2310 4446 φῶς
2341 4376 2723 4446 ἐργαζόμενοι,
2781 4376 2876 4427 καὶ
2932 4373 3230 4443 ἀνηρώτων
3280 4375 3308 4427 ὅ
3350 4389 3405 4425 τι
3454 4371 3773 4442 βουλόμενοι

2196 4467 2574 4539 κεκράγαμεν.
2607 4465 2726 4518 Τῶν
2748 4465 2805 4517 δὲ
2818 4465 2927 4519 -σὺν
2951 4467 3086 4534 ἡμῖν
3135 4463 3437 4534 Βαρϐάρων
3471 4464 3777 4533 ἀποκρινα-

2200 4560 2398 4629 μένων,
2441 4557 2515 4620 ὡς
2542 4558 2631 4611 διὰ
2678 4557 2770 4610 τὸν
2822 4557 3066 4628 χειμῶνα
3095 4555 3585 4627 διαταραττόμεθα,
3638 4553 3777 4623 πρὸς

2201 4653 2344 4721 σφᾶς
2377 4667 2435 4703 τε
2499 4650 2698 4712 αὑτοὺς
2749 4650 3039 4714 καλοῦντες
3079 4651 3422 4720 ὑπεδέχοντο,
3465 4649 3560 4702 καὶ
3607 4649 3776 4701 ἀλέαν

2200 4743 2468 4812 παρεῖχον
2523 4740 2802 4810 καλάμους
2853 4739 3142 4802 πλείστους
3201 4737 3508 4800 ὲναύοντες.
3559 4736 3675 4805 Τῆς
3717 4736 3777 4787 δὲ

526 4847 649 4901 Haec
668 4844 823 4898 nobis
845 4842 1047 4896 cibaria
1065 4847 1120 4895 et
1150 4839 1400 4894 mulieres
1431 4836 1720 4898 formosas,
1753 4849 1872 4886 cum
1901 4831 2082 4901 quibut

2203 4835 2260 4886 ὲν
2285 4837 2352 4902 τῇ
2386 4831 2550 4903 κώμῃ
2588 4831 2863 4901 ἀρχούσης
2921 4832 3178 4899 γυναικὸς
3208 4831 3344 4900 (μία
3383 4829 3441 4882 δὲ
3493 4827 3634 4897 αὓτη
3667 4827 3778 4880 τῶν

523 4937 698 4991 amori
734 4935 1137 5001 indulgeremus
1158 4933 1284 5000 (hoc
1317 4930 1459 4984 enim
1488 4927 1624 4997 apud
1646 4925 1877 4995 Scythas
1902 4922 2082 4977 lmnori

2206 4895 2382 4995 Βλήδά
2409 4895 2970 4994 γυναικῶννὲγεγόνει)
2993 4922 3198 4994 τροφὰς
3217 4895 3358 4992 *ἡμῖν
3383 4895 3777 4991 διαπεμῷαμέ-

527 5025 785 5094 ducitur),
811 5021 1195 5092 suppeditavit.
1231 5019 1542 5074 Mulierihus
1568 5029 1668 5084 pro
1693 5014 1828 5068 cibis
1857 5012 2096 5082 praebitis

527 5114 730 5185 gratias
757 5113 996 5182 egimus,
1039 5118 1092 5165 et
1139 5109 1240 5164 sub
1281 5108 1437 5162 tectis
1465 5104 1666 5160 nostris
1699 5116 1947 5158 somnum
2003 5116 2096 5155 ca-

491 5245 494 5248 .
529 5209 759 5277 pientes,
793 5207 861 5262 ab
893 5220 1078 5261 earum
1107 5203 1498 5260 consuetudine
1525 5200 1902 5256 abstinuimns.
1923 5196 2096 5252 Simul

528 5309 686 5368 atque
720 5298 913 5365 illuxit,
943 5298 1007 5352 ad
1038 5312 1120 5360 ea,
1158 5310 1276 5364 quas
1303 5309 1366 5348 ex
1398 5302 1582 5348 nostra
1607 5290 1975 5360 suppellectile
2007 5289 2098 5343 de-

529 5387 952 5451 siderabantur,
1024 5383 1382 5454 perquirenda
1445 5397 1631 5435 curam
1706 5379 2094 5435 convertimus.

533 5478 655 5532 llaec
716 5479 908 5546 partim
937 5480 987 5531 in
1031 5495 1095 5532 eo
1142 5477 1282 5542 loco,
1328 5476 1412 5528 ubi
1439 5475 1612 5545 pridie
1650 5473 2094 5537 consederamus,

2205 5018 2421 5088 v-qglxat
2453 5017 2547 5068 ἐπὶ
2577 5016 2832 5085 συνουσίᾳ
2858 5018 3119 5084 γυναῖκας
3151 5014 3448 5085 εὐπρεπεῖς
3490 5016 3508 5083 (
3534 5011 3777 5080 Σκυθικὴ

2189 5111 2260 5180 ,δὲ
2294 5109 2432 5178 αὕτη
2463 5108 2639 5178 τιμὴ),
2675 5108 2774 5170 τὰς
2804 5108 2902 5177 μὲν
2926 5109 3189 5175 γυναῖκας
3223 5107 3287 5158 ὲκ
3323 5105 3432 5158 τῶν
3479 5103 3782 5174 προκειμέ-

2205 5219 2310 5254 νων
2341 5200 2616 5269 ἐδωδίμων
2644 5200 3170 5269 φιλοφρονησάμενοι
3196 5201 3260 5267 τῇ
3297 5195 3432 5268 πρὸς
3463 5195 3635 5258 αὑτὰς
3656 5197 3782 5263 ὁμι-

2205 5293 2296 5360 λία
2328 5292 2787 5361 ἁπηγορεύσαμεν
2821 5291 2836 5320 ¹
2858 5305 2871 5320 ο
2905 5289 3400 5359 ἐγκαταμείναντες
3427 5287 3486 5340 δὲ
3523 5287 3647 5348 ταῖς
3680 5301 3782 5337 κα-

2209 5384 2399 5443 λύϐαις
2427 5383 2541 5450 ἅμα
2586 5382 2767 5450 ἡμέρᾳ
2815 5381 2872 5442 ἐς
2927 5380 3026 5449 τὴν
3082 5378 3190 5430 τῶν
3222 5377 3432 5430 σκευῶν
3461 5375 3784 5446 ἐτράπημεν

2207 5471 2566 5540 ἀναζήτησιν,
2603 5471 2693 5522 καὶ
2718 5469 3006 5539 σύμπαντα
3038 5468 3353 5539 εὑρηκότες,
3392 5468 3459 5520 τὰ
3485 5466 3585 5537 μὲν
3616 5469 3675 5518 ὲν
3705 5462 3784 5536 τῷ

1793 5583 2029 5638 νΑῐὶίλΕ
2069 5582 2468 5640 LECTIONES.

637 5682 679 5713 9"
718 5680 854 5748 μετά
911 5679 994 5739 Β..
1055 5679 1193 5731 κατὰ
1235 5678 1379 5748 vulg.

547 5753 557 5764 .
637 5682 679 5713 9"
718 5680 854 5763 μετά
911 5679 994 5739 Β..
1055 5679 1193 5764 καιτὲι
1235 5678 1379 5748 vulg.
1464 5679 1509 5710 93
1544 5679 1877 5746 ξεναγόντων
1936 5678 2078 5749 vulg.

536 5750 1008 5818 ἀπαγορεύσαντες
1047 5750 1190 5819 vulg.

2153 5678 2198 5710 ⁹⁹
2229 5676 2487 5745 ἀνέτρεψε
2524 5673 2616 5741 N.,
2649 5675 2844 5746 ἔτρεψε
2894 5675 3040 5747 vulg.

3124 5677 3139 5707 ¹
3172 5673 3632 5744 ἀπηγορεύσαμεν
3682 5668 3778 5737 IL,
