4050 6418
323 346 417 409 721
1101 356 1198 415 DE
1237 357 1800 422 LEGATIONIBUS
1843 363 2332 431 ROMANORUM
2375 338 2474 434 Ai)
2509 375 2828 440 GENTES.
2904 360 2912 366 ’

3467 387 3576 452 722

322 453 705 532 χωρίῳ,οὖπερ
719 464 774 516 ἐν
785 466 850 533 τῇ
869 467 1166 537 προτεραίᾳ
1182 469 1590 534 καταλύσαντες
1605 473 1890 542 ἐτύχομεν,

1999 482 2190 545 partim
2243 483 2294 537 in
2353 486 2464 554 ripa
2523 489 2772 555 paludis,
2834 492 3029 560 partim
3086 493 3139 547 in
3209 495 3319 564 ipsa
3383 493 3576 566 palude

319 551 383 601 τὰ
401 552 460 602 δέ
489 551 584 604 καὶ
611 551 748 622 πρὸς
783 555 850 624 τῇ
872 553 1006 626 ὄχθῃ
1035 557 1132 624 τῆς
1149 556 1366 628 λίμνης,
1384 558 1452 611 τά
1468 560 1523 612 δὲ
1547 563 1637 613 καὶ
1667 563 1724 615 ἐν
1748 563 1896 632 αὑτῷ

317 641 394 712 τῷ
418 641 596 704 ὕδατι,
619 644 976 714 ἀνελάϐομεν.
1007 647 1117 700 Καὶ
1140 648 1358 718 ἐκείνην
1378 651 1478 720 τὴν
1500 652 1714 723 ἡμέραν
1747 654 1806 705 ἐν
1830 655 1896 723 τῇ

319 733 486 804 κώμῃ
513 733 886 805 ,διετρίψαμεν
921 736 1137 792 ἅπαντα
1189 739 1694 812 διατερσαίνοντες’
1749 745 1777 796 ὅ
1838 761 1896 796 τε

317 826 431 896 γὰρ
469 826 676 896 χειμὼν
702 827 982 882 ἐπέπαυτο
1011 831 1104 883 καὶ
1135 831 1391 904 λαμπρὸς
1428 835 1579 906 ἥλιος
1608 833 1695 908 ἦν.
1743 839 1895 890 Ἐπιο

319 916 651 986 μεληθέντες
680 919 739 972 δέ
769 921 994 974 καὶτῶν
1021 922 1204 976 ἵππων
1237 926 1332 978 καὶ
1355 927 1463 981 τῶν
1517 927 1721 983 λοιπῶν
1756 929 1895 983 ὑπο-

315 1008 525 1077 ζυγίων
575 1011 726 1081 παρά
760 1012 858 1082 τὴν
920 1013 1162 1083 βασιλίδα
1208 1018 1537 1089 ἀφικόμεθα,
1596 1023 1690 1076 καὶ
1729 1023 1898 1094 αὐτὴν

313 1102 706 1172 ἀσπασάμενοι
760 1107 854 1159 καὶ
904 1107 1095 1177 δώροις
1154 1109 1524 1181 ἀμειψάμενοι
1555 1153 1572 1178 ,
1630 1116 1781 1186 τρισί
1837 1133 1896 1170 τε

312 1195 593 1265 ἀργυραῖς
643 1197 865 1266 φιάλαις
916 1201 1012 1253 καὶ
1059 1201 1312 1273 ἐρυθροτς
1363 1205 1598 1276 δέρμασι
1672 1209 1767 1262 καὶ
1818 1208 1896 1278 τῷ

311 1285 375 1350 ἐξ
450 1287 642 1350 Ἰνδίας
704 1289 934 1359 πεπέρει
992 1293 1087 1345 καὶ
1137 1293 1214 1363 τῷ
1278 1297 1475 1367 καρπῷ
1553 1299 1663 1352 τῶν
1731 1301 1899 1368 φοινί-

315 1392 434 1429 κων
462 1377 560 1430 καὶ
605 1379 824 1448 ἑτέροις.
853 1383 1170 1453 τραγήμασι
1202 1388 1222 1418 ⁸
1245 1385 1332 1440 διά
1377 1389 1436 1441 τὸ
1477 1389 1550 1460 μὴ
1600 1392 1898 1462 ἐπιχωριά-

322 1469 446 1534 ζειν
473 1474 584 1534 τοῖς
609 1473 912 1546 Βαρὸἀροις
945 1475 1068 1530 οὖσι
1089 1479 1314 1546 τιμίοις,
1347 1481 1630 1551 ὐπέξιμεν,
1661 1484 1897 1554 εὐξάμε-

316 1579 400 1614 νοι
459 1563 597 1634 αὐτῇ
630 1563 812 1632 ἀγαθά
835 1566 936 1636 τῆς
965 1567 1146 1633 ξενίας
1169 1568 1317 1640 πέρι.
1355 1570 1606 1644 Ἦμερῶν
1630 1575 1687 1628 δὲ
1711 1573 1755 1640 ζ’
1781 1577 1898 1631 ὁδὸν

323 1652 622 1718 ἀνύσαντες
642 1656 700 1707 ἐν
729 1653 894 1730 κώμῃ
913 1659 1018 1710 τινὶ
1050 1661 1438 1732 ἐπεμείναμεν,
1468 1664 1578 1717 τῶν
1609 1666 1898 1735 ξεναγοῦν-

327 1759 438 1795 των
467 1744 1038 1815 παρακελευσαμένων
1073 1749 1322 1812 Σκυθῶν,
1358 1747 1446 1805 οἶα
1469 1751 1534 1824 δὴ
1580 1754 1674 1808 τοῦ
1716 1756 1897 1825 Ἀττή-

324 1835 394 1888 λα
419 1836 478 1898 ἐς
501 1837 672 1906 αὐτὴν
699 1813 1062 1907 ἐμϐαλοῦντος
1085 1841 1183 1911 τὴν
1213 1843 1329 1896 ὁδὸν
1359 1845 1452 1897 καὶ
1473 1841 1506 1914 ’ἡ
1518 1813 1635 1916 μῶν
1658 1813 1892 1902 κατόπιν
1929 1813 1968 1868 Β

317 1927 487 1980 αὑτοῦ
515 1928 842 2000 πορεύεσθαι
871 1931 1214 2000 ὀφειλόντων.
1243 1937 1412 1990 Ἔνθα
1441 1937 1505 2010 δὴ
1533 1940 1892 2011 ἐνετυγχάνο-

323 2036 431 2088 μεν
458 2020 479 2052 ³
521 2021 749 2092 ἀνδράσι
779 2023 888 2076 τῶν
939 2025 1214 2096 ἐσπερίων
1255 2027 1542 2099 Ῥωμαίων
1571 2033 1666 2087 καὶ
1712 2035 1896 2098 αὐτοῖς

315 2108 477 2176 παρά
504 2108 593 2162 τὸν
648 2111 909 2180 ’Δττήλαν
978 2114 1441 2184 πρεσϐευομένοις
1464 2112 1581 2172 ’ὧν
1619 2121 1896 2191 Ῥωμύλος

312 2195 416 2269 ἦν,
448 2199 584 2272 ἀνὴρ
641 2204 710 2272 τῇ
765 2202 862 2256 τού
923 2204 1164 2275 κόμητος
1212 2207 1338 2278 ἀξίᾳ
1365 2210 1755 2280 τετιμημένος,
1800 2215 1896 2268 καὶ

311 2290 629 2361 Πριμοῦτος
657 2294 679 2324 ⁵
701 2295 798 2364 τῆς
823 2294 1088 2364 Νωρίκων
1106 2297 1289 2368 ἄρχων
1320 2299 1523 2370 χώρας,
1545 2303 1638 2355 καὶ
1677 2301 1894 2371 Ῥωμα-

309 2383 409 2445 Vb;
442 2385 838 2452 στρατιωτικοῦ
871 2387 1148 2456 τάγματος
1174 2391 1413 2460 ἡγεμών.
1437 2393 1610 2462 Συνῆν
1638 2393 1692 2446 δὲ
1715 2396 1896 2459 αὐτοῖς

309 2474 727 2540 Κωνστάντιος,
755 2476 816 2528 ὃν
851 2478 1188 2532 ἀπεστάλκει
1235 2482 1438 2544 Ἀέτιος
1477 2484 1628 2554 παρὰ
1655 2487 1746 2539 τὸν
1777 2489 1897 2539 Ἀτ-

307 2567 488 2637 -τήλαν
516 2567 880 2638 ύπογραφέως
925 2571 1106 2640 χάριν,
1148 2573 1241 2625 καὶ
1274 2573 1544 2638 Τατοῦλος
1565 2579 1593 2630 ὁ
1632 2578 1892 2648 Ὀρέστου

305 2657 505 2726 πατὴρ
536 2656 628 2710 τοῦ
655 2661 790 2730 μετά
830 2661 1148 2726 Ἐδέκωνος,
1169 2666 1229 2718 ού
1254 2667 1350 2735 τῆς
1387 2669 1687 2737 πρεσϐείας
1708 2671 1892 2737 ἕνεκα,

305 2747 458 2801 ἀλλά
479 2749 814 2820 οίκειότητος
848 2751 1010 2823 χάριν
1046 2754 1164 2823 ἅμα
1209 2755 1400 2834 σφίσιν·
1423 2760 1608 2824 αὐτοῖς
1645 2762 1744 2832 τὴν
1795 2780 1895 2816 πο-

313 2837 476 2907 ρείαν
510 2839 845 2910 ποιούμενοι,
875 2844 1251 2910 Κωνστάντιος
1280 2849 1378 2918 μὲν
1397 2852 1484 2903 διὰ
1515 2853 1612 2922 τὴν
1636 2854 1656 2885 ⁸
1685 2857 1742 2906 ἐν
1773 2858 1897 2919 ταῖς

332 2929 595 2993 Ἰταλίαις
627 2934 1060 3005 προϋπάρξασαν
1084 2940 1220 3008 πρὸς
1267 2943 1392 3005 τοὺς
1431 2944 1626 3016 ἄνδρας
1673 2949 1895 3014 γνῶσιν,

313 3019 594 3086 τατοῦλος
612 3023 668 3076 δέ
691 3025 779 3078 διά
806 3029 1144 3095 συγγένειαν.
1184 3033 1238 3085 '0
1266 3034 1374 3104 γὰρ
1395 3036 1560 3089 αὑτοῦ
1584 3042 1713 3103 παῖς
1741 3040 1897 3111 Ὀρέ-

321 3130 453 3217 om;
487 3113 769 3217 Ῥωμύλου
797 3117 1070 3191 θυγατέρα
1118 3126 1492 3197 ἐγεγαμήκει,
1525 3130 1632 3182 ἀπὸ
1687 3133 1899 3186 Πάντα·
1925 3160 1967 3217 c

313 3205 515 3269 ϐίωνος
569 3207 669 3278 τῆς
703 3210 760 3262 ἐν
795 3210 1032 3282 Νωρίκῳ
1089 3214 1318 3276 πόλεως.
1343 3255 1356 3270 .
1380 3256 1426 3270 ..
1448 3257 1459 3268 .
1498 3220 1892 3290 ἐπρεσϐεύοντο

310 3297 790 3369 ἐκμειλιττόμενοι
863 3301 885 3332 ⁸
917 3301 1009 3354 τὸν
1067 3303 1353 3375 Ἀττήλαν,
1402 3309 1689 3378 ἐκδοθῆναι
1745 3313 1895 3384 αὐτῷ

312 3386 644 3458 βουλόμενον
673 3390 693 3420 ⁷
743 3390 1024 3458 Σιλὸανδν,
1093 3395 1319 3466 ’Δρμίου
1351 3399 1374 3430 ⁸
1409 3401 1692 3472 τραπέζης
1751 3406 1895 3458 κατὰ

307 3479 417 3547 τὴν
468 3478 690 3550 Ῥώμην
721 3483 1061 3552 προεστῶτα,
1108 3487 1184 3551 ὡς
1238 3490 1433 3558 φιάλας
1489 3497 1693 3565 χρυσᾶς
1746 3499 1896 3567 παρά

309 3569 704 3625 Κωνσταντίου
725 3574 1040 3645 δεξάμενον,
1069 3578 1127 3642 ὃς
1176 3581 1240 3634 ἐκ
1283 3582 1536 3639 Γαλατῶν
1565 3586 1665 3654 μὲν
1687 3588 1797 3640 τῶν
1837 3591 1895 3642 ἐν

311 3665 382 3732 τῇ
439 3661 680 3736 Ἐσπέρᾳ
716 3666 964 3737 ὡρμᾶτο,
993 3671 1300 3730 ἀπέσταλτο
1319 3674 1376 3727 δέ
1413 3679 1505 3730 καὶ
1534 3680 1696 3742 αὐτὸς
1743 3681 1895 3752 παρά

329 3753 592 3825 ’Δττήλαν
613 3774 674 3811 τε
708 3760 800 3812 καὶ
834 3760 1065 3831 Βλήδαν,
1103 3762 1292 3834 ὥσπερ
1323 3769 1350 3819 ὁ
1394 3769 1509 3836 μετ’
1541 3770 1703 3823 αὑτὸν
1737 3773 1896 3824 Κων-

323 3847 586 3913 στάντιος,
609 3850 975 3923 ὑπογραφέως
991 3857 1170 3927 χάριν.
1199 3860 1352 3911 Κατα
1377 3859 1433 3913 δέ
1448 3861 1540 3914 τὸν
1565 3863 1753 3932 χρόνον
1772 3866 1831 3917 ἐν
1852 3859 1896 3934 ᾧ

327 3937 432 3990 ὑπὸ
459 3941 679 3995 Σκυθῶν
697 3944 756 3996 ἐν
777 3947 841 4016 τῇ
859 3946 880 3975 ’
903 3947 1146 4001 Παιόνων
1170 3951 1541 4021 ἐπολιορκεῖτο
1561 3955 1621 4006 τὸ
1647 3955 1893 4025 Σίρμιον,

314 4030 418 4093 τὰς
448 4031 646 4098 φιάλας
675 4036 827 4104 παρὰ
851 4037 947 4090 τοῦ
976 4039 1080 4108 τῆς
1117 4042 1323 4104 πόλεως
1349 4046 1650 4099 ἐπισκόπου
1681 4048 1898 4112 ἐδέξατο

313 4121 404 4188 ἐφ’
425 4113 470 4188 ᾧ
489 4122 654 4174 αὑτὸν
693 4122 979 4189 λύσασθαι,
1012 4129 1065 4181 εῐ
1095 4145 1158 4196 γε
1193 4133 1474 4201 περιόντος
1501 4137 1547 4167 ¹⁰
1565 4137 1731 4190 αὐτοῦ
1763 4137 1899 4191 ἀλῶ-

312 4227 406 4265 ναι
445 4213 548 4281 τὴν
587 4214 744 4267 πόλιν
794 4217 1058 4288 συμὸαίη,
1101 4221 1133 4290 ἢ
1169 4222 1548 4293 ἀναιρεθέντος
1581 4227 1897 4298 ὠνήσασθαι

306 4301 446 4362 τοὺς
484 4303 868 4374 αἰχμαλώτους
911 4309 1292 4379 ἀπαγομένους
1325 4313 1434 4367 τῶν
1484 4317 1684 4371 ἀστῶν.
1748 4321 1808 4371 '0
1840 4321 1897 4374 δὲ

306 4393 706 4459 Κωνστάντιος
752 4399 891 4466 μετὰ
923 4399 1014 4452 τὸν
1061 4401 1161 4471 τῆς
1208 4405 1418 4468 πόλεως
1464 4409 1897 4482 ἀνδραποδισμὸν

1999 573 2318 641 recepimus.
2379 576 2433 629 ln
2501 579 2584 632 his
2639 579 2984 638 desiccandis
3063 592 3231 639 totum
3307 585 3445 641 diem
3518 590 3570 643 in

1999 663 2089 715 illo
2151 665 2269 719 vico
2331 667 2665 739 (tempestas
2734 673 2877 726 enim
2943 674 3219 740 desierat,
3279 685 3335 731 et
3396 677 3575 732 clarus

1998 756 2075 807 sol
2129 759 2458 830 apparebat)
2511 763 2888 821 contrivimus.
2943 765 3146 821 Deinde
3187 769 3390 824 curatis
3421 771 3576 836 equis

1998 854 2051 899 et
2091 847 2313 918 reliquis
2355 851 2654 920 jumentis,
2704 855 2946 925 reginam
2998 857 3293 913 salutatum
3353 860 3571 915 ivimus.

1999 935 2148 991 Hanc
2178 939 2418 995 vicissim
2444 944 2599 996 donis
2619 946 2948 1001 remunerati
2963 963 3151 1003 sumus
3177 949 3349 1005 tribus
3372 953 3576 1020 pateris

1999 1030 2286 1097 argenteis,
2324 1031 2612 1088 velleribus
2647 1036 2845 1099 rubris,
2877 1035 3062 1106 pipere
3083 1036 3290 1104 indico,
3320 1039 3576 1109 palmulis

1997 1126 2053 1171 et
2081 1119 2246 1173 variis
2268 1123 2530 1190 cupediis,
2563 1139 2685 1194 qute
2713 1127 2895 1179 omnia
2925 1141 2953 1178 a
2980 1126 3256 1192 Barbaris,
3285 1139 3344 1183 ut
3368 1128 3572 1198 ignota,

2001 1210 2179 1280 magni
2206 1213 2568 1268 aestimantur.
2601 1213 2710 1268 Nec
2734 1217 2900 1272 multo
2929 1229 3048 1287 post
3071 1219 3254 1273 omnia
3288 1219 3463 1275 fausta
3494 1219 3573 1276 l'e-

2000 1300 2228 1370 iiciaque
2275 1303 2348 1356 illi
2381 1305 2763 1373 hospitalitatis
2785 1323 2914 1377 ergo
2944 1311 3169 1378 precati,
3192 1311 3574 1367 discessimus.

2001 1391 2212 1460 Septem
2243 1394 2453 1448 dierum
2485 1397 2678 1452 itinere
2702 1413 2945 1464 emenso,
2972 1399 3208 1471 Scythae,
3237 1403 3325 1470 qui
3353 1417 3452 1456 nos
3476 1402 3574 1457 du-

1999 1485 2212 1550 cebant,
2261 1487 2312 1539 in
2367 1489 2602 1556 quodam
2649 1491 2769 1544 vico
2800 1505 2899 1545 nos
2941 1493 3239 1548 consistere
3269 1493 3572 1561 jusserunt,

1999 1577 2122 1643 quia
2155 1586 2274 1643 post
2311 1579 2553 1643 Attilam,
2587 1581 2675 1648 qui
2715 1581 2815 1636 hac
2861 1583 2945 1636 via
2979 1583 3435 1653 proficisceretur,
3468 1584 3572 1638 iter

2000 1665 2154 1720 nobis
2175 1666 2480 1722 faciendum
2513 1681 2680 1725 esset.
2709 1671 2810 1726 Hic
2839 1673 3027 1728 obvios
3052 1675 3344 1730 habuimus
3365 1675 3573 1744 legatos

2001 1771 2028 1809 a
2063 1757 2323 1812 Romanis
2356 1761 2782 1816 occiditulalihus
2810 1763 2976 1818 etiam
3009 1765 3075 1818 ad
3105 1765 3325 1819 Attilam
3353 1767 3574 1820 missos.

2002 1851 2166 1904 Erant
2207 1860 2384 1903 autem
2427 1854 2679 1921 praecipui
2735 1853 2998 1910 Romulus
3053 1858 3270 1931 comitis
3313 1859 3572 1928 dignitate

2001 1941 2306 2002 decoratus,
2337 1939 2441 2010 57
2469 1949 2523 1995 et
2551 1941 2848 2008 Primtttus,
2877 1943 3086 2000 Norica
3109 1947 3346 2015 regionis
3383 1947 3575 2018 praefe-

1998 2042 2136 2098 ctus,
2157 2044 2211 2086 et
2234 2031 2530 2098 Romanus,
2565 2035 2815 2089 militaris
2847 2038 3054 2092 ordinis
3078 2039 3287 2093 ductor.
3323 2037 3416 2094 His
3443 2041 3571 2092 ade-

2001 2134 2084 2178 rat
2124 2124 2499 2192 Constantius,
2533 2141 2690 2194 quem
2722 2128 2908 2182 Aetius
2937 2129 3004 2182 ad
3031 2129 3277 2194 Attilam,
3315 2138 3371 2183 ut
3400 2130 3478 2184 illi
3509 2132 3560 2184 in

1997 2216 2404 2269 conscribendis
2441 2217 2684 2286 epistolis
2725 2218 3042 2282 deserviret,
3083 2221 3325 2286 miserat,
3362 2232 3415 2276 et
3456 2222 3571 2276 Τει-

2000 2304 2180 2367 tullus,
2209 2303 2418 2359 Orestis
2465 2306 2607 2374 ejus,
2642 2307 2728 2375 qui
2763 2323 2884 2360 cum
2930 2308 3178 2363 Edecoue
3219 2320 3356 2374 erat,
3389 2321 3571 2380 pater,

1998 2413 2102 2451 non
2134 2398 2417 2465 legationis
2441 2412 2626 2462 causa,
2662 2401 2755 2453 sed
2781 2401 2971 2468 privati
3009 2403 3165 2456 omcii
3197 2411 3252 2457 et
3281 2402 3560 2456 familiari-

2001 2488 2124 2541 tatis
2153 2501 2303 2556 ergo.
2334 2487 2654 2542 Constantio
2683 2492 2826 2544 enim
2852 2492 2903 2544 in
2937 2489 3106 2546 italiis
3135 2493 3310 2561 agenti
3329 2507 3567 2560 magnus

1998 2592 2117 2631 cum
2147 2578 2252 2632 illis
2273 2593 2401 2632 usus
2433 2580 2815 2636 intercesserat
2841 2598 2856 2634 :
2888 2581 3156 2635 Tatullum
3180 2583 3412 2637 aliinitas
3443 2599 3564 2637 mo-

2001 2667 2175 2720 vebat.
2228 2666 2450 2722 OreSIes
2493 2670 2662 2734 enim,
2717 2669 2833 2738 ejus
2882 2672 3044 2736 l‘tlius,
3082 2673 3292 2727 llomuli
3329 2674 3492 2727 ﬁliam
3542 2691 3572 2726 e

1998 2757 2313 2823 Patavione,
2349 2760 2533 2815 Norici
2564 2761 2807 2826 civitate,
2841 2779 3064 2818 uxorem
3100 2766 3354 2821 duxerat.
3384 2765 3567 2837 Legati

2000 2862 2179 2905 autem
2215 2854 2525 2919 veniebant,
2565 2863 2624 2908 ut
2651 2855 2872 2910 Attilam
2909 2858 3158 2922 lenirent,
3191 2857 3281 2926 qui
3309 2858 3412 2913 sibi
3456 2857 3574 2928 Syl-

2002 2956 2219 2996 vanum.
2253 2943 2420 2997 Artnii
2459 2960 2655 2999 mensae
2700 2944 2885 3000 Romae
2927 2947 3261 3016 praefectum,
3295 2949 3432 3003 tradi
3473 2963 3569 3019 po-

1999 3033 2254 3097 stulabat,
2293 3044 2574 3103 propterea
2603 3034 2749 3110 quod
2773 3045 2986 3103 pateras
3024 3051 3220 3092 aureas
3249 3052 3280 3092 a
3302 3037 3573 3093 Constan-

2005 3125 2080 3178 tio
2105 3126 2334 3193 quodam
2387 3137 2688 3196 acceperat.
2739 3126 2837 3181 llic
2879 3127 3244 3194 Constantius,
3279 3144 3346 3184 ex
3382 3129 3572 3185 Galliis

2001 3216 2433 3288 Occidentalibus
2455 3227 2625 3282 ortus,
2651 3218 2716 3270 ad
2749 3219 2969 3272 Attilam
2999 3229 3053 3274 et
3107 3219 3346 3285 Biedatn,
3379 3231 3435 3272 ιιι
3463 3220 3571 3275 illis

1995 3308 2052 3362 itt
2088 3311 2500 3364 conscribendis
2549 3310 2797 3381 epistolis
2841 3326 3060 3381 operam
3101 3314 3278 3379 daret,
3309 3315 3574 3383 quemad-

1998 3403 2212 3455 modum
2247 3409 2302 3456 et
2332 3412 2452 3469 post
2474 3401 2620 3456 illutn
2655 3403 2794 3458 alter
2813 3398 3186 3470 Constantius,
3212 3406 3413 3462 missus
3450 3406 3568 3461 fue-

1996 3503 2104 3548 rat.
2154 3494 2245 3548 llle
2289 3507 2440 3559 vero,
2474 3509 2582 3563 quo
2630 3504 2875 3563 tempore
2907 3489 3165 3550 Sirmium
3207 3497 3486 3566 oppidum,
3517 3497 3569 3551 itt

1996 3585 2209 3640 Paeonia
2253 3586 2438 3650 situm,
2510 3587 2727 3657 Scytha
2776 3587 3119 3653 obsidebant,
3167 3601 3331 3641 aurea
3376 3601 3505 3641 vasa
3540 3602 3570 3641 a

1996 3677 2234 3733 civitatis
2268 3677 2526 3746 episcopo
2558 3687 2862 3748 acceperat,
2901 3680 3050 3747 ut;ex
3076 3693 3261 3732 eorum
3295 3678 3490 3748 pretio,
3523 3680 3570 3733 si

1998 3786 2056 3825 se
2091 3771 2384 3838 superstite
2424 3771 2612 3824 urbem
2647 3770 2778 3839 'capi
2829 3769 3168 3840 contigisset,
3219 3769 3392 3837 quoad
3438 3769 3571 3822 satis
3667 3769 3673 3776 “

1998 3870 2162 3928 esset,
2205 3876 2304 3930 pro
2335 3876 2431 3915 sua
2473 3861 2722 3916 libertate
2784 3861 3130 3917 solveretur:
3173 3860 3256 3915 sin
3295 3862 3568 3930 periisset,

2000 3953 2146 4008 cives
2173 3953 2229 4006 in
2258 3952 2573 4007 servitutem
2604 3952 2820 4006 abducti
2850 3952 3258 4006 redimerentur.
3293 3949 3399 4006 Sed
3423 3951 3566 4005 Con-

1999 4043 2233 4099 stantius
2267 4052 2390 4114 post
2433 4044 2582 4098 urbis
2635 4044 2904 4098 excidium
2943 4043 3008 4098 de
3049 4055 3206 4113 pacto
3246 4042 3337 4096 illo
3377 4057 3568 4112 parum

2000 4135 2284 4202 sollicitus,
2347 4135 2575 4189 Romam
2615 4134 2902 4204 cujusdam
2936 4135 3133 4204 negotii
3179 4147 3341 4188 causa
3389 4133 3570 4203 prole-

2001 4241 2140 4294 ctus,
2177 4243 2306 4284 vasa
2351 4231 2418 4283 ad
2468 4229 2762 4301 Sylvanum
2802 4229 3012 4296 detulit,
3057 4241 3114 4284 et
3151 4244 3344 4284 aurum
3389 4230 3457 4282 ab
3509 4243 3573 4282 eo

2000 4322 2229 4388 accepit,
2270 4321 2655 4388 convenitque,
2687 4329 2749 4375 ut
2781 4321 2824 4375 si
2873 4323 3012 4374 intra
3050 4332 3260 4391 tempus
3309 4319 3563 4390 prmiini-

2005 4420 2118 4466 tum
2151 4400 2341 4466 aurum
2384 4423 2570 4466 mutuo
2592 4420 2865 4480 sumptum
2901 4412 3166 4475 redderet,
3199 4426 3324 4464 vasa
3363 4412 3570 4480 recipe-

303 4482 664 4556 ὀλιγωρήσας
703 4487 814 4541 τῶν
855 4490 1138 4561 συνθηκῶν
1178 4496 1220 4525 ¹¹
1257 4499 1314 4559 ἐς
1344 4497 1442 4569 τὴν
1483 4499 1698 4572 Ῥώμην
1751 4507 1894 4560 κατὰ

2001 4512 2122 4558 ret:
2164 4503 2219 4556 ni
2253 4503 2488 4567 fecisset,
2524 4502 2790 4572 Sylvauus
2833 4516 2959 4555 vasa
3003 4501 3106 4554 sibi
3147 4500 3370 4554 haberet
3397 4507 3454 4554 et
3489 4500 3573 4555 his

306 4575 518 4641 πρᾶξίν
556 4594 678 4631 τινα
703 4582 1089 4650 παραγίνεται,
1122 4586 1216 4639 καὶ
1267 4590 1552 4658 κομίζεται
1593 4595 1748 4664 παρά
1794 4597 1888 4650 τοῦ

304 4666 578 4720 Σιλϐανοῦ
605 4671 826 4739 χρυσίον
855 4675 953 4736 τὰς
991 4675 1186 4741 φιάλας
1221 4677 1365 4746 δοὺς,
1401 4681 1540 4752 ὥστε
1574 4685 1739 4754 ῥητοῦ
1762 4690 1892 4758 χρό-

301 4775 408 4810 νου
453 4759 663 4830 ἐντὸςῆ
699 4764 966 4816 ἀποδόντα
994 4767 1056 4819 τὸ
1097 4769 1442 4824 ἐκδανεισθέν
1491 4777 1715 4845 χρυσίον
1753 4780 1888 4832 ἀνα-

1994 4613 2092 4666 pro
2123 4597 2348 4651 arbitrio
2388 4605 2658 4650 uteretur.
2703 4593 2859 4648 Hunc
2887 4593 3260 4674 Constantium
3294 4591 3492 4646 Attilas
3517 4601 3574 4647 et

1993 4687 2178 4754 Bletla,
2219 4703 2343 4744 cum
2371 4688 2476 4742 illis
2501 4686 2827 4756 proditionis
2852 4689 3067 4740 nomine
3097 4694 3380 4754 suspectus
3400 4692 3571 4747 esset,

1993 4780 2046 4834 in
2079 4795 2296 4835 crucem
2319 4790 2564 4849 egerunt.
2595 4777 2670 4832 Ex
2697 4793 2824 4846 quo,
2854 4787 2912 4832 ut
2942 4778 3006 4832 de
3038 4777 3245 4846 poculis
3271 4777 3454 4832 aureis
3481 4777 3572 4830 in-

303 4848 501 4902 λαόεῖν
533 4851 602 4903 τὰ
661 4854 910 4924 ἐνέχυρα,
943 4855 977 4926 ἢ
1018 4859 1201 4923 αὐτοῖς
1249 4862 1339 4914 τὸν
1372 4863 1628 4918 Σιλὸανδν
1653 4868 1710 4930 ἐς
1752 4870 1779 4922 ὃ
1837 4887 1891 4925 τι

1999 4872 2192 4926 dicium
2226 4872 2291 4924 ad
2317 4848 2539 4924 Aitilatu
2562 4879 2646 4924 est
2667 4870 2931 4938 delatum,
2957 4870 3057 4924 sibi
3079 4871 3215 4924 tradi
3251 4868 3568 4940 Sylvanum,

303 4937 560 5008 βούλοιτο
579 4943 910 5011 χρήσασθαι.
941 4946 1144 5000 Τοῦτον
1167 4950 1241 5021 ⁴δὴ
1263 4952 1353 5006 τὸν
1387 4955 1764 5011 Κωνστάντιον
1830 4962 1888 5015 ἐν

304 5029 524 5101 ὑποψίᾳ
586 5033 876 5103 προδοσίας
942 5040 1306 5109 ποιησάμενοι
1379 5044 1641 5116 ’Δττήλας
1687 5066 1746 5101 τε
1790 5053 1885 5104 καὶ

305 5121 524 5192 Βληδας
554 5125 979 5196 ἀνεσταύρωσαν
1013 5144 1028 5160 ο
1063 5131 1200 5200 μετὰ
1227 5131 1287 5186 δέ
1307 5133 1497 5204 χρόνον
1533 5137 1611 5207 τῷ
1653 5139 1885 5211 Ἀττήλᾳ

304 5213 388 5276 ὡς
421 5215 492 5267 τὰ
523 5217 653 5286 περὶ
679 5217 788 5271 τῶν
817 5219 1026 5288 φιαλῶν
1051 5222 1299 5295 ἐμηνύθη
1322 5264 1339 5292 ,
1388 5225 1672 5298 ἐκδοθῆναι
1727 5233 1880 5304 αὑτῷ

1996 4971 2255 5032 tanquam
2288 4961 2459 5018 furem
2494 4976 2704 5026 eorum,
2740 4977 2857 5030 qua:
2900 4977 2994 5016 sua
3044 4971 3252 5029 essent,
3287 4960 3569 5030 ﬂagitavit.

2002 5051 2188 5122 Legati
2239 5053 2404 5122 igitur
2440 5053 2508 5108 ab
2551 5053 2707 5108 Aetio
2741 5062 2795 5107 et
2831 5054 3202 5108 Romanorum
3233 5049 3565 5110 Occidenta-

2003 5144 2130 5198 lium
2161 5145 2487 5213 imperatore
2541 5154 2824 5226 veneranl,
2856 5145 2947 5214 qui
2986 5145 3231 5200 dicereut
3269 5142 3564 5214 Sylvanum

1999 5233 2299 5289 Constantii
2347 5232 2670 5288 creditorem
2711 5248 2837 5288 vasa
2869 5249 3030 5289 aurea
3059 5248 3157 5305 pro
3180 5233 3385 5289 credito
3414 5227 3567 5299 oppi-
3676 5299 3686 5317 ι

1594 5391 1830 5448 νΑιιιιΕ
1869 5393 2276 5457 LEC'UONES.

384 5516 760 5606 ’.Ξιξαῖῗὶμαῗέ
792 5519 885 5606 [ἓν
936 5523 1252 5602 τρὲγὴμασι
1301 5526 1458 5606 ,γυιε-
1522 5529 2008 5606 Σένῑετυγχάνομεν
2053 5533 2146 5599 ἢ,
2188 5532 2532 5606 τυγχάνομεν
2585 5533 2729 5606 Vitis-

310 5599 367 5652 p.
399 5585 522 5648 198,
566 5585 663 5640 litt.
697 5587 786 5652 l7,
813 5585 1132 5712 aromata}
1161 5585 1484 5664 appellatur.
1522 5597 1692 5657 Paulo
1713 5585 1897 5660 rectiu—

317 5655 713 5712 μειλιττόιιενοι
737 5657 826 5712 Η..
886 5661 1302 5712 καελιτιόιιενοι
1329 5666 1472 5712 vnltr-
1552 5669 1571 5700 ἰ
1604 5671 1894 5712 Βητιὶρςηρυη

1999 5585 2119 5660 tuto
2134 5585 2156 5656 ’τ
2188 5585 2280 5658 δαί
2296 5585 2606 5656 Ἱδνοιὶιοιιιδ.
2632 5585 2706 5657 Νῗ

2002 5675 2072 5712 Ila
2165 5672 2190 5703 ³
2236 5670 2485 5712 ’Δηηῖτιιιῖ
2516 5672 2706 5712 r'ynvuni

317 5655 826 5738 μειλιττρμενοιβη
851 5655 1302 5738 ἐκμελιτιόμένοι
1318 5666 1474 5738 ivulg.

318 5669 826 5756 μειλιττλομενοιίιηη
851 5669 1511 5756 ἐκμελιτιόμενοιχιιΙςἋ
1552 5669 1571 5700 ⁷
1599 5671 1894 5756 βουλόμενο

1999 5675 2092 5756 tlg.
2165 5670 2485 5756 'I‘Appiou]
2516 5671 2778 5742 ἀργυρίου
2811 5669 2930 5726 Val.

387 5711 666 5793 περιόντος
698 5726 788 5794 ιι,
814 5711 1068 5794 Ῐπενδντος
1089 5711 1233 5804 νυἾε.
1313 5711 1352 5768 εί
1383 5711 2102 5810 σδνθηκῶννάΐῗῖκυθιέῶν
2133 5743 2274 5814 vulg.

2827 5533 2850 5564 ⁸
2882 5530 3208 5604 Πριμοῦτος,
3244 5530 3363 5604 _gui
3420 5530 3562 5604 intra

2806 5603 2828 5634 ⁸
2855 5601 2954 5672 τὴν
2977 5601 3035 5656 ἐν
3085 5603 3211 5657 add.
3243 5601 3312 5657 Nl
3421 5601 3442 5633 ⁸
3466 5602 3560 5655 ἐκ·

2811 5670 2930 5726 Val.
3031 5673 3052 5704 ’
3091 5675 3154 5745 τῇ
3188 5671 3277 5740 Ν.,
3300 5669 3378 5742 τῷ
3407 5671 3553 5743 vulg.
