4050 6418
316 355 422 420 ’125

1088 357 1186 420 DE
1219 334 1779 424 ILEGATIONIBUS
1820 360 2315 425 ROMANORUM
2369 365 2469 424 AD
2503 363 2824 430 GENTES.

3465 369 3572 430 726

319 469 546 539 κείμενα
591 465 795 537 χωρίῳ.
841 464 1031 536 Ἡμεῖς
1064 468 1121 522 δὲ
1141 471 1199 522 ὲν
1231 471 1344 533 τοῖς
1389 470 1739 542 Ὀνηγησίου,
1767 468 1910 523 ἐκεί-

2019 472 2154 525 ctior
2179 483 2232 526 et
2259 474 2310 526 in
2332 474 2507 528 altiori
2533 475 2650 530 loco
2677 475 2803 530 sita.
2823 463 2938 531 Nos
2967 489 3095 532 vero
3128 479 3179 533 in
3207 480 3411 535 aedibus
3435 481 3580 535 One—

318 580 411 617 νου
463 558 1034 631 παρακελευσαμένου,
1070 563 1536 632 ἐγκατεμείναμεν
1559 579 1574 594 ο
1630 562 1894 631 ἐπανελη-

319 652 469 707 λύθει
494 653 600 722 γὰρ
630 653 727 704 σὺν
757 651 834 720 τῷ
876 653 1108 722 ’Ᾱττήλα
1137 653 1306 708 παιδί.
1333 655 1442 708 Καὶ
1472 654 1896 724 ήριστοποιησά-

323 744 484 814 μεθα,
517 743 925 814 δεξιωσαμένης
974 745 1122 814 ἡμᾶς
1167 745 1265 814 τῆς
1288 762 1347 799 τε
1381 746 1627 816 γαμετῆς
1661 746 1752 798 καὶ
1789 745 1898 797 τῶν

322 835 466 890 κατὰ
495 836 649 902 γένος
679 833 828 904 αὐτῷ
858 835 1243 907 διαφερόντων’
1273 837 1435 900 αὐτὸς
1463 836 1571 906 γὰρ
1601 835 1678 906 τῷ
1712 837 1899 905 Ἀττή-

320 927 391 996 λᾳ
422 927 561 996 μετὰ
605 927 704 994 τὴν
739 925 997 979 ἐπάνοδον
1024 926 1144 978 τότε
1197 927 1412 996 πρῶτον
1437 930 1494 990 ἐς
1534 927 1655 996 ὄψι-ν
1712 926 1900 992 ἐλθὼν,

320 1019 418 1071 καὶ
443 1017 595 1086 αὐτῳ
627 1016 696 1068 τὰ
741 1016 835 1068 ἐπὶ
858 1020 924 1084 τῇ
963 1017 1185 1086 πράξει,
1215 1019 1313 1087 ἐφ’
1345 1019 1411 1087 ἣν
1446 1018 1692 1086 ἔσταλτο,
1720 1021 1902 1085 ἀπαγ-

318 1111 551 1180 γέλλων,
582 1113 678 1164 καὶ⁵
701 1111 762 1163 τὸ
790 1112 958 1174 πάθος
1011 1113 1072 1164 τὸ
1125 1113 1206 1183 τῷ
1254 1113 1486 1183 Ἀττήλα
1514 1114 1665 1166 παιδὶ
1691 1129 1906 1167 συνενε-

320 1203 455 1271 χθὲν
485 1200 605 1272 (τὴν
641 1200 748 1268 γὰρ
779 1201 961 1265 δεξιὰν
1007 1205 1166 1272 χεῖρα
1208 1202 1560 1273 ὲξολισθήσας
1594 1203 1903 1273 κατέαξεν),

319 1293 761 1364 συνευωχεῖσθαι
815 1293 948 1364 ἡμῖν
1000 1295 1102 1347 οὐκ
1145 1290 1250 1365 ἦγε
1300 1294 1514 1366 σχολήν.
1571 1295 1724 1349 Μετὰ
1755 1295 1910 1348 δὲτὸ

323 1387 546 1439 δεῖπνον
603 1385 962 1449 ἀπολιπόντες
1011 1386 1080 1439 τὰ
1121 1387 1219 1440 τοῦ
1259 1387 1582 1459 Ὀνηγησίου
1633 1389 1910 1457 οἰκήματα

327 1477 560 1547 πλησίον
591 1475 699 1530 τῶν
742 1477 973 1546 ’Δττήλα
1000 1477 1534 1549 ίκατεσκηνὼσαμεν,
1593 1477 1626 1548 ἢ
1679 1481 1722 1512 ¹⁹
1760 1479 1910 1549 παρὰ

328 1570 424 1623 τὸν
459 1568 727 1638 Ἀττήλαν
769 1568 978 1622 ἐπιέναι
1022 1569 1070 1601 ³⁸
1124 1569 1218 1623 τὸν
1253 1570 1575 1640 Μαξιμῖνον,
1609 1573 1774 1641 ἤγουν
1817 1572 1912 1624 καὶ¹

2000 564 2133 631 gesii
2166 564 2269 634 (sic
2299 566 2390 620 ille
2411 577 2776 638 praeceperat;
2809 569 3046 623 redierat
3075 570 3217 625 enim
3246 587 3366 626 cum
3399 573 3575 626 Attila:

2004 654 2135 725 filio)
2183 659 2564 714 remansimus.
2627 660 2742 715 Illic
2783 673 2998 716 comam
3045 663 3397 730 sumpsimus,
3429 663 3579 718 exci-

2007 748 2186 817 pieute
2208 764 2304 804 nos
2329 751 2446 820 ejus
2497 766 2668 807 uxore
2707 754 2962 807 comitata
3016 753 3431 817 illustrioribus,
3489 754 3580 823 qui

2007 851 2130 893 eum
2160 853 2362 908 genere
2405 842 2812 911 contingebant.
2847 840 2925 896 Illi
2951 843 3092 898 enim
3123 843 3363 897 animum
3398 845 3581 897 nobis-

2007 941 2128 980 cum
2158 929 2408 983 convivio
2437 929 2742 1004 exhilarare
2764 945 2860 998 per
2904 932 3075 985 otium
3125 932 3346 986 minime
3387 931 3537 985 licuit
3566 949 3579 995 ;

2011 1018 2121 1089 59
2145 1020 2270 1088 quia
2297 1035 2416 1089 qua:
2445 1032 2689 1090 gesserat
2727 1021 2781 1075 in
2831 1022 3061 1089 negotio,
3098 1023 3164 1076 ad
3197 1024 3338 1091 quod
3386 1022 3584 1076 missus

2012 1109 2211 1176 fuerat,
2251 1121 2305 1165 et
2353 1114 2664 1176 adversum,
2720 1113 2810 1182 qui
2871 1114 2982 1168 lilio
3029 1114 3210 1168 Attilae
3261 1115 3581 1183 contigerat.

2014 1217 2200 1257 casum
2233 1203 2500 1272 (dextram
2533 1203 2678 1258 enim
2725 1205 2974 1274 delapsus
3021 1203 3276 1273 fregerat)
3310 1203 3585 1258 renuntia-

2018 1300 2194 1354 turus,
2239 1299 2354 1344 tum
2399 1291 2630 1361 primum
2666 1307 2695 1346 a
2727 1295 2904 1348 reditu
2953 1294 3006 1347 in
3033 1294 3216 1348 Attilae
3232 1304 3584 1363 conspectum

2014 1391 2254 1440 venerat.
2292 1382 2419 1437 Post
2444 1398 2676 1447 coenam,
2700 1385 2902 1440 aedibus
2931 1383 3180 1456 Onegesii
3218 1384 3436 1448 relictis,
3457 1400 3585 1454 pro-

2019 1473 2137 1539 pius
2168 1471 2347 1524 Attilzc
2389 1474 2532 1527 mdes
2565 1473 2794 1527 tentoria
2824 1475 3121 1543 posuimus,
3158 1485 3216 1528 ιιι
3241 1474 3582 1536 Maximinus.

2017 1576 2177 1630 quem
2219 1562 2438 1615 Attilam
2473 1565 2793 1628 convenire,
2831 1574 2881 1616 et
2904 1579 3026 1618 cum
3051 1564 3159 1629 his,
3189 1565 3278 1633 qui
3309 1565 3358 1618 ei
3387 1578 3416 1616 a
3455 1578 3586 1617 con-

335 1662 444 1722 τοῑς
464 1659 646 1722 ἄλλοις
667 1661 777 1721 τοῖς
795 1660 916 1729 ἀμφ
933 1659 947 1679 ’
976 1659 1137 1713 αὐτὸν
1161 1662 1218 1723 ἐς
1233 1659 1426 1729 λόγους
1451 1661 1584 1715 ξέναι
1606 1661 1908 1731 ὀφείλοντα,

343 1751 420 1820 μὴ
458 1749 642 1821 πολλῷ
682 1752 1014 1822 κεχωρίσθαι
1040 1752 1386 1823 διαστήματι.
1446 1754 1825 1823 Διαγαγόντων
1867 1756 1909 1786 ²¹

2018 1654 2156 1708 siliis
2174 1662 2328 1708 erant
2354 1653 2621 1724 colloquia
2653 1654 2832 1710 facere
2857 1656 3162 1725 oportebat,
3187 1656 3410 1711 minime
3431 1655 3586 1726 longe

2020 1746 2088 1799 ab
2129 1744 2291 1800 Attila
2340 1745 2569 1801 distaret
2602 1745 2910 1802 intervallo.
2955 1747 3068 1801 Illic
3122 1747 3303 1817 igitur,
3340 1762 3448 1816 quo
3477 1747 3586 1814 pri-

335 1841 394 1894 se
424 1841 578 1910 ἡμῶν
618 1839 834 1910 ἐκείνην
873 1840 969 1910 τὴν
1031 1841 1202 1895 νύκτα
1235 1843 1292 1894 ἐν
1329 1835 1482 1910 ᾧπερ
1530 1839 1909 1910 κατελύσαμεν

2019 1851 2165 1890 mum
2212 1837 2566 1902 devertimus,
2602 1851 2813 1893 noctem
2851 1840 3224 1909 transegimus.
3288 1839 3432 1901 Luce
3469 1849 3585 1892 orta

330 1929 536 2001 χωρίῳ,
559 1928 959 1999 ὑποφαινούσης
984 1929 1195 2000 ἡμέρας
1223 1931 1251 1982 ό
1279 1928 1581 1998 Μαξιμῖνος
1604 1927 1813 1980 στέλλει
1847 1944 1910 1996 με

2021 1928 2167 1982 misit
2218 1942 2304 1982 me
2359 1927 2684 1985 Maximinus
2733 1930 2797 1983 ad
2843 1927 3191 1999 Onegesium,
3237 1940 3295 1984 ut
3348 1931 3422 1985 illi
3475 1941 3585 1984 tttm

329 2022 492 2093 παρὰ
523 2023 616 2078 τὸν
661 2024 983 2093 Ὀνηγήσιον
1007 2025 1076 2078 τὰ
1105 2023 1252 2093 δῶρα
1294 2023 1556 2088 δώσοντα,
1591 2023 1625 2075 ἆ
1661 2039 1720 2074 τε
1755 2020 1910 2082 αὐτὸς

2019 2032 2138 2086 quas
2170 2017 2285 2085 ipse
2315 2017 2499 2085 dabat,
2537 2027 2648 2072 tum
2684 2019 2752 2074 ab
2787 2020 3112 2088 imperatore
3156 2021 3320 2074 missa
3362 2032 3583 2072 munera

329 2113 532 2180 ἐδίδου,
550 2115 583 2168 ἆ
598 2130 657 2167 τε
679 2113 930 2184 βασιλεὺς
948 2114 1301 2180 ἀπεστάλκει,
1317 2115 1412 2166 καὶ
1431 2115 1577 2176 ὅπως
1602 2113 1776 2181 γνοίη,
1802 2113 1849 2164 εἰ
1871 2113 1910 2143 ¹¹

2022 2110 2312 2174 traderem,
2365 2120 2419 2165 et
2450 2119 2509 2165 ut
2546 2111 2661 2180 ipse
2695 2120 3068 2180 cognosceret,
3119 2125 3187 2165 an
3215 2110 3290 2166 illi
3326 2125 3507 2166 secum
3534 2120 3589 2162 et

330 2205 587 2276 βούλεται
607 2206 652 2239 ³³
681 2205 851 2276 αὐτῷ,
876 2207 970 2260 καὶ
995 2207 1178 2267 ὁπότε,
1211 2207 1267 2268 ἐς
1292 2206 1483 2274 λόγους
1509 2206 1701 2261 ἐλθεῖν.
1730 2207 1910 2274 Παρα-

2019 2216 2126 2271 quo
2157 2211 2396 2270 tempore
2425 2203 2750 2274 colloquium
2788 2203 2927 2258 inire
2975 2203 3203 2258 luberet.
3241 2201 3459 2257 Perrexi
3493 2201 3591 2270 igi—

325 2296 625 2365 γενόμενος
663 2296 720 2349 δὲ
748 2295 866 2366 ἅμα
890 2297 1004 2357 τοῖς
1030 2295 1348 2365 κομίζουσιν
1370 2295 1511 2348 αὐτὰ
1534 2296 1580 2326 ’³
1619 2283 1910 2365 ὑπηρέταις

2022 2301 2107 2345 tur
2146 2293 2210 2345 ad
2249 2291 2573 2362 Ouegesium
2624 2308 2746 2349 cum
2796 2292 3032 2358 famulis,
3087 2294 3176 2362 qui
3214 2295 3350 2348 dona
3397 2303 3586 2362 porta-

311 2387 928 2458 .προσεκαρτέρουν,έτι
950 2388 1059 2441 τῶν
1082 2387 1262 2459 θυρῶν
1280 2389 1686 2458 κεκλεισμένων
1714 2428 1727 2449 ,
1757 2388 1910 2458 ἄχρις

2019 2382 2150 2436 bant
2176 2401 2190 2438 :
2229 2397 2350 2438 eum
2374 2387 2554 2455 ianuae
2587 2385 2782 2440 clausae
2817 2395 3019 2449 essent,
3051 2385 3386 2454 exspectavi,
3415 2383 3587 2439 donec

325 2477 461 2531 ὅτου
493 2495 577 2542 τις
599 2477 912 2543 ὑπεξελθὼν
956 2479 1056 2550 τήν
1083 2479 1360 2550 ἡμετέραν
1394 2478 1681 2550 μηνύσειεν
1711 2477 1910 2546 ἄφιξιν.

2020 2474 2463 2544 aperirentur,_et
2495 2476 2690 2546 aliquis
2723 2477 2918 2542 exiret,
2951 2477 3044 2546 qui
3086 2492 3210 2531 eum
3241 2476 3344 2530 mei
3381 2476 3586 2530 adven-

2023 2573 2106 2617 tus
2137 2565 2425 2621 certiorem
2450 2567 2673 2622 faceret.

2089 2655 2277 2722 Itaque
2325 2668 2534 2728 tempus
2582 2659 2713 2714 mihi
2774 2660 2968 2715 terenti
3014 2667 3070 2713 et
3115 2659 3258 2714 circa
3311 2672 3586 2714 murorum

2021 2750 2281 2804 ambitum
2323 2751 2516 2806 domus
2583 2748 2833 2822 Onegesii
2888 2750 3209 2815 ambulanti,
3273 2763 3590 2819 progressus

2022 2843 2206 2896 nescio
2235 2841 2379 2911 quis,
2423 2857 2582 2913 quem
2633 2841 2926 2896 Barbarum
2971 2857 3035 2896 ex
3103 2842 3356 2912 Scythico
3395 2841 3588 2894 vestitu

2021 2949 2144 2990 esse
2168 2937 2345 2998 rebar,
2365 2935 2550 2990 Graeca
2570 2949 2698 2990 voce
2722 2949 2807 2990 me
2827 2935 3080 3004 salutavit
3099 2934 3284 2989 dicens
3315 2951 3333 2985 t
3361 2931 3550 3003 Χαῖρε,
3568 2951 3585 2982 ι

2023 3023 2208 3080 Mirari
2247 3041 2367 3098 ego,
2423 3027 2514 3097 qui
2560 3027 2732 3093 fieret,
2777 3035 2836 3080 ut
2908 3025 3097 3082 Graece
3153 3025 3468 3094 loqueretur
3510 3024 3595 3077 vir

328 3114 646 3183 Εύγκλυδες
695 3118 804 3185 γὰρ
836 3114 986 3178 ὄντες
1043 3114 1180 3186 πρὸς
1227 3117 1291 3185 τῇ
1357 3116 1596 3186 σφετέρᾳ
1656 3114 1910 3186 βαρβάρῳ

2025 3115 2224 3187 Scytha
2258 3135 2271 3171 :
2307 3117 2506 3172 etenim
2550 3132 2616 3172 ex
2657 3117 2824 3172 variis
2855 3116 3107 3187 gentibus
3150 3114 3443 3180 commisti,
3477 3116 3596 3167 bar-

328 3205 561 3276 γλώσσῃ
601 3206 853 3276 ζηλοῦσιν
888 3207 922 3278 ἢ
955 3207 1000 3240 ’⁸
1043 3207 1145 3276 τὴν
1178 3204 1395 3260 Οΰννων
1427 3206 1459 3278 ἢ
1491 3207 1592 3276 τὴν
1618 3207 1850 3270 Γότθων,
1881 3207 1910 3278 ἥ

2028 3209 2270 3266 baricam
2303 3209 2544 3278 linguam
2576 3205 2782 3274 colunt,
2814 3207 2927 3262 sive
2971 3204 3314 3272 Hunnorum,
3342 3205 3458 3259 sive
3485 3201 3595 3257 Go-

328 3298 438 3353 καὶ
484 3299 585 3367 τὴν
639 3298 937 3362 Αὐσονίων,
990 3299 1136 3362 ὅσοις
1169 3297 1352 3352 αὐτῶν
1407 3297 1544 3369 πρὸς
1615 3298 1910 3368 Ῥωμαίους

2027 3304 2262 3366 thorum,
2313 3311 2410 3356 aut
2455 3301 2619 3356 etiam
2664 3298 2987 3364 Romanam,
3030 3298 3082 3352 hi
3123 3298 3352 3362 scilicet,
3398 3298 3596 3366 quibus

329 3389 612 3460 ἐπιμιξία·
645 3389 738 3442 καὶ
755 3389 813 3442 ού
838 3389 1032 3461 ῥᾳδίως
1066 3406 1149 3453 τις
1183 3390 1332 3458 σφῶν
1363 3388 1628 3460 ἑλληνίξει
1655 3392 1722 3461 τῇ
1747 3393 1910 3460 φωνῇ,

2024 3409 2146 3451 cum
2170 3395 2431 3450 Romanis
2462 3393 2801 3463 frequentius
2843 3400 2928 3448 est
2961 3391 3344 3446 commercium
3372 3407 3388 3457 ;
3421 3405 3596 3459 neque

297 3481 482 3552 .πλὴν
534 3475 610 3536 ὧν
671 3483 960 3554 ἀπήγαγον
1007 3483 1370 3554 αἰχμαλώτων
1397 3484 1506 3538 ἀπὸ
1551 3485 1648 3554 τῆς
1679 3484 1910 3554 Θρᾳκίας

2027 3487 2314 3557 quisquam
2354 3501 2542 3541 eorum
2588 3485 2746 3539 facile
2778 3484 3019 3554 loquitur
3054 3482 3264 3548 Graece,
3292 3484 3398 3538 nisi
3426 3483 3470 3538 si
3500 3484 3595 3552 qui

334 3574 440 3626 καὶ
472 3572 756 3643 Ἰλλυρίδος
780 3576 1064 3645 παραλίου.
1098 3575 1254 3630 Ἀλλ’
1291 3577 1488 3629 ἐκεῖνοι
1531 3575 1629 3646 μὶν
1657 3574 1910 3645 γνώριμοι

2028 3579 2138 3634 sint
2167 3577 2362 3648 captivi
2398 3591 2430 3631 e
2475 3575 2705 3631 Thracia
2756 3585 2846 3630 aut
2889 3565 3108 3645 Illyrico
3139 3576 3439 3629 maritimo.
3487 3575 3594 3629 Sed

338 3662 459 3722 τοῖς
488 3662 909 3732 ἐντυγχάνουσιν
938 3665 1234 3735 ἐτύγχανον
1277 3664 1342 3718 ἐκ
1393 3682 1452 3718 τε
1493 3664 1600 3718 τῶν
1630 3664 1923 3736 διερρωγό-

339 3766 452 3803 των
480 3752 794 3822 ἐνδυμάτων
827 3754 922 3807 καὶ
969 3753 1063 3808 τοῦ
1095 3755 1307 3825 αὐχμοῦ
1353 3756 1453 3824 τῆς
1481 3754 1742 3824 κεφαλῆς,
1779 3756 1856 3820 είς
1880 3755 1923 3787 ’⁷

345 3843 449 3911 τὴν
475 3845 691 3912 χείρονα
723 3845 1125 3916 μεταπεσόντες
1155 3846 1346 3918 τύχην·
1373 3842 1526 3909 οὗτος
1557 3846 1614 3900 δὲ
1649 3847 1924 3917 τρυφῶντι

359 3931 522 4003 ἐῴκει
549 3935 730 4007 Σκύθῃ
779 3937 1012 4006 εύείμων
1033 3953 1092 3990 τε
1121 3934 1197 3991 ὢν
1230 3939 1325 3991 καὶ
1356 3938 1792 4008 ἀποκειράμενος
1829 3936 1926 4007 τήν

375 2657 751 2729 ’Διατρίϐοντι
802 2659 860 2712 δέ
923 2675 1014 2729 μοι
1074 2659 1167 2714 καὶ
1229 2661 1563 2732 περιπάτους
1614 2659 1918 2729 ποιουμένῳ

327 2749 449 2819 πρὸ
484 2749 577 2802 τοῦ
605 2749 897 2822 περιϐόλου
919 2749 1027 2804 τῶν
1048 2753 1171 2822 οίκη
1181 2751 1386 2820 μάτων,
1409 2749 1719 2822 προσελθών
1744 2767 1826 2813 τις
1848 2751 1916 2813 ⁸⁵,

325 2840 394 2894 ὃν
424 2841 707 2913 Βάρσαρον
751 2845 818 2896 ἐκ
860 2842 956 2912 τῆς
994 2843 1266 2912 Σκυθικῆς
1313 2842 1498 2912 ᾠήθην
1532 2837 1670 2895 εἶναι
1703 2842 1913 2910 στολῆς,

337 2932 635 3002 Ἑλληνικῇ
672 2932 1074 3001 ἀσπάζεταίμε
1097 2935 1269 3002 φωνῇ,
1303 2933 1555 3004 «Χαῖρεμ
1586 2929 1916 3004 προσειπὼν,

327 3023 482 3078 ὥστε
513 3040 581 3093 με
606 3022 923 3093 θαυμάζειν,
947 3023 1028 3077 ὅτι
1056 3039 1118 3092 γε
1139 3022 1204 3094 δὴ
1233 3023 1495 3092 ὲλληνίζει
1519 3022 1732 3093 Σκύθης
1755 3023 1915 3093 ἀνήρ.

2028 3671 2105 3725 illi
2136 3671 2205 3726 ab
2249 3671 2408 3726 obvio
2439 3683 2656 3740 quoque
2683 3669 2924 3738 dignosci
2956 3675 3184 3738 possunt
3206 3675 3260 3722 et
3287 3682 3316 3720 a
3356 3667 3597 3722 vestibus

2027 3761 2221 3816 laceris
2249 3769 2305 3815 et
2355 3761 2548 3830 capitis
2597 3758 2868 3829 squalore,
2919 3768 3172 3828 tanquam
3201 3758 3292 3826 qui
3331 3757 3384 3811 in
3431 3757 3595 3812 mise-

2030 3869 2146 3909 ram
2176 3854 2466 3909 lnciderint
2494 3853 2788 3907 fortunam.
2821 3849 2920 3906 IIic
2950 3864 3080 3904 vero
3108 3849 3346 3919 opulenti
3382 3849 3598 3918 Scytha:

2030 3945 2262 4014 speciem
2283 3958 2391 4014 prze
2413 3957 2472 3998 se
2502 3941 2708 3998 ferebat
2732 3957 2748 3996 :
2771 3948 2889 3996 erat
2923 3940 3066 3994 enim
3086 3940 3222 3995 bene
3246 3948 3300 3994 et
3323 3938 3598 4006 eleganter

2031 4037 2280 4102 vestitus,
2313 4036 2492 4107 capite
2523 4036 2575 4090 in
2601 4034 2894 4090 rotundum
2923 4047 3070 4089 raso.
3101 4030 3261 4087 Hunc
3298 4031 3599 4087 resalutans

2030 4128 2387 4199 interrogavi,
2424 4128 2548 4198 quis
2594 4132 2757 4186 esset".
2801 4133 2856 4180 et
2902 4125 3044 4180 unde
3080 4125 3130 4178 in
3177 4135 3375 4180 terram
3410 4124 3600 4176 barba-

2031 4233 2146 4274 ram
2193 4217 2441 4281 veniens,
2476 4217 2600 4270 vitae
2640 4216 2909 4287 Scythica:
2951 4214 3256 4270 inatitutum
3307 4215 3456 4284 sequi
3506 4213 3600 4269 de-

2031 4311 2268 4382 legisset.
2303 4310 2397 4364 Ille
2428 4323 2592 4379 quam
2642 4308 2711 4362 ob
2755 4321 2974 4363 causam
3004 4308 3107 4362 hoc
3141 4320 3206 4359 ex
3242 4307 3359 4373 ipso
3390 4320 3601 4375 quaere-

2030 4421 2169 4473 rem,
2222 4404 2451 4476 rogavit.
2500 4420 2525 4453 «ι
2557 4400 2684 4456 Mihi
2736 4415 2884 4465 vero,
2933 4399 3178 4466 inquam,
3234 4397 3348 4452 haec
3392 4413 3420 4450 a
3461 4407 3512 4452 te
3542 4409 3602 4451 ut

338 4486 559 4555 φωνήν.
588 4486 722 4540 Τότε
751 4488 815 4558 δὴ
869 4487 1102 4566 γελάσας
1142 4489 1246 4560 εφη
1283 4490 1511 4560 Γραικὸς
1551 4491 1650 4560 μὲν
1699 4486 1838 4546 εἶναι
1865 4492 1910 4545 τί

2031 4497 2358 4561 seiscitarer,
2407 4509 2571 4550 causa
2616 4493 2736 4558 fuit,
2788 4491 2930 4562 quod
2983 4490 3168 4546 Graece
3208 4491 3415 4546 locutus
3457 4505 3536 4544 es.
3575 4509 3594 4542 ι

337 4577 530 4644 γένος,
559 4579 690 4631 κατ’
726 4579 995 4650 ἐμπορίαν
1021 4581 1077 4634 δὲ
1106 4582 1162 4644 ἐς
1183 4582 1242 4634 τὸ
1264 4582 1581 4650 Βιμινάκιον
1612 4582 1910 4654 amem

2026 4587 2165 4642 Tum
2209 4588 2391 4643 ridens
2430 4587 2508 4640 ait
2560 4599 2621 4640 se
2657 4583 2903 4640 Graecum
2949 4597 3069 4638 esse
3105 4596 3324 4654 genere,
3362 4583 3426 4635 ad
3463 4595 3604 4635 mer-

335 4672 449 4741 τὴν
489 4672 626 4742 πρὸς
683 4673 764 4726 τῶ
799 4675 998 4746 Ἴστρῳ
1027 4675 1230 4729 Μυσῶν
1265 4675 1439 4730 πόλιν.
1491 4677 1749 4732 Πλεῖστον
1770 4666 1846 4732 ’δὲ
1871 4683 1910 4733 ἐπ

2027 4688 2272 4736 caturam
2333 4677 2638 4732 faciendam
2689 4675 3119 4740 ‘Vitninacium,
3181 4673 3458 4745 Mysorum
3536 4673 3599 4727 ad

337 4764 492 4834 αὐτῇ
523 4763 802 4834 διατρίψαι
833 4767 1044 4836 χρόνον,
1100 4766 1196 4820 καὶ
1247 4770 1481 4834 γυναῖκα
1519 4768 1801 4839 γήμασθαι
1832 4771 1910 4835 ζά-

2025 4771 2222 4826 Istrum
2271 4769 2479 4836 urbem,
2529 4769 2847 4836 accessisse,
2893 4771 2946 4825 in
2977 4784 3038 4824 ea
3071 4770 3406 4825 domicilium
3440 4769 3604 4837 longo

339 4855 601 4908 πλουτον.
639 4854 748 4925 Τὴν
798 4855 856 4908 δὲ
913 4856 1164 4911 ἐντεῦθεν
1215 4857 1520 4928 εὐπραγίαν
1577 4860 1905 4914 ἐκδύσασθαι

2027 4873 2270 4931 tempore
2299 4861 2576 4925 habuisse,
2606 4875 2830 4915 uxorem
2848 4875 3066 4931 quoque
3092 4861 3315 4915 divitem
3343 4861 3600 4923 duxisse;

343 4949 461 5003 ὑπὸ
497 4952 614 5012 τοῖς
648 4950 960 5021 Βαρϐάροις
985 4953 1083 5022 τῆς
1118 4953 1326 5016 πόλεως
1357 4956 1676 5026 γενομένης,
1712 4943 1814 5012 καί
1841 4959 1910 5012 διέ

2035 4965 2189 5025 parta
2235 4954 2343 5010 illic
2383 4953 2644 5008 felicitate
2696 4945 2853 5023 capta
2895 4955 3027 5010 urbe
3063 4965 3286 5008 exutum
3325 4953 3509 5018 fuisse,
3551 4960 3605 5002 et

338 5043 446 5095 τὸν
478 5042 798 5113 ὑπάρξαντα
849 5044 1078 5098 πλοῦτον
1111 5045 1259 5116 αὐτῷ
1299 5046 1607 5118 Ὀνηγησίῳ
1637 5051 1694 5102 ἐν
1721 5053 1786 5120 τῇ
1823 5051 1910 5104 τῶι

2035 5058 2321 5120 propterea
2365 5048 2506 5118 quod
2561 5047 2710 5102 dives
2769 5057 2908 5113 erat,
2967 5061 3027 5103 se
3076 5062 3282 5116 suaque
3329 5047 3509 5101 omnia
3551 5045 3603 5096 in

339 5135 615 5204 λαφύρων
634 5136 994 5209 προκριθῆναι
1010 5140 1239 5210 διανομῇ
1271 5141 1416 5204 ’τοὺς
1442 5142 1548 5212 γὰρ
1574 5143 1910 5211 ἁλόνταςιάπέ

2038 5141 2233 5212 praedm
2279 5139 2548 5194 divisione
2596 5139 2864 5208 Onegesio
2912 5139 3168 5194 cessisse.
3228 5136 3437 5191 Etenim
3487 5148 3606 5186 esse

339 5228 462 5280 τῶν
491 5227 741 5300 εὐπόρων
777 5229 914 5298 μετὰ
949 5230 1040 5283 τὸν
1085 5231 1347 5302 Ἀττήλαν
1391 5233 1677 5304 ἐκκρίτους
1704 5232 1848 5307 εἶχον
1880 5258 1906 5293 ο

2038 5233 2179 5302 apud
2221 5245 2314 5287 eos
2366 5231 2419 5284 in
2452 5243 2600 5284 more
2632 5229 2888 5299 positum,
2935 5213 2995 5284 ut
3032 5229 3286 5298 praecipui
3333 5227 3400 5279 ab
3441 5223 3602 5277 Attila

341 5319 462 5371 τῶν
485 5318 708 5371 Σκυθῶν
733 5319 956 5388 λογάδες
974 5321 1062 5374 διὰ
1083 5321 1143 5374 τὸ
1164 5323 1256 5374 ἐπὶ
1280 5323 1547 5388 πλείστοις
1571 5325 1902 5383 διατίθεσθαι

2036 5325 2271 5396 Scythiae
2317 5324 2589 5393 principes
2633 5322 2878 5392 captivos
2925 5322 3148 5377 ditiores
3174 5319 3274 5374 sibi
3313 5326 3598 5386 seponant.

348 5408 783 5478 Ἀριστεύσαντα
816 5410 870 5464 δὲ
901 5412 958 5463 ἐν
1003 5412 1122 5474 ταῖς
1165 5410 1393 5479 ὕστερον
1453 5413 1586 5481 πρὸς
1629 5415 1910 5486 Ῥωμαίους

2037 5419 2291 5490 quoniam
2330 5416 2616 5485 plurimum
2669 5416 2992 5470 auctoritate
3040 5411 3236 5466 valent.
3270 5409 3460 5463 Postea
3514 5405 3602 5459 ubi

1643 5528 1880 5588 VARf/E
1913 5529 2321 5592 LECTIONES.

1269 5644 1412 5716 conj.
1586 5647 1631 5677 ³ο
1677 5647 1901 5706 είσιέναι
1931 5653 1996 5707 Ν.
2102 5653 2145 5684 ³³
2177 5647 2542 5716 διαγαγόντων
2598 5646 2636 5700 Β
2665 5687 2680 5712 ,
2733 5645 3023 5716 διαγόντων
3066 5640 3330 5716 vulg.““
3364 5639 3411 5690 εί
3442 5635 3606 5716 8.,ιοῖ

1235 5707 1482 5789 ουλεῦταὶ
1538 5717 1680 5789 vulg.
1768 5721 1813 5751 ’³
1868 5723 2016 5789 αὐτῷ
2050 5722 2192 5788 vulg.
2267 5707 2318 5789 ίδί
2350 5707 2679 5788 ’προσελθών
2731 5707 2842 5778 τις’
2879 5713 2967 5778 11.,
3025 5707 3409 5779 προσελθόντες
3460 5710 3606 5778 vulg.

1057 5784 1100 5816 ”
1137 5782 1214 5846 εἰς
1273 5782 1356 5848 Β.,
1414 5785 1488 5848 ὡς
1555 5782 1697 5856 vulg.
1771 5790 1815 5821 "
1853 5792 1950 5862 τήν
1985 5782 2068 5856 Β.,
2105 5782 2206 5843 τῶν
2235 5788 2376 5857 vulg.

345 4024 592 4094 κεφαλήν
605 4027 994 4097 περιτρόχαλα.
1009 4027 1528 4098 ’Δντασπασάμενος
1552 4029 1608 4082 δὲ
1633 4028 1928 4098 ἀνηρώτων

339 4118 429 4178 τίς
462 4115 539 4169 ὢν
574 4119 668 4172 καὶ
699 4119 862 4174 πόθεν
881 4121 940 4184 ἐς
973 4121 1072 4191 τὴν
1100 4121 1376 4191 βάρϐαρον
1409 4121 1656 4193 παρῆλθε
1687 4122 1790 4190 γῆν
1835 4123 1928 4175 καὶ

342 4210 467 4280 βίον
535 4215 840 4284 ἀναιρεῖται
900 4215 1184 4270 Σκυθικόν.
1229 4215 1288 4270 '0
1333 4216 1389 4269 δὲ
1446 4217 1778 4287 ἀπεκρίνατο
1846 4219 1928 4271 ὅτι
1969 4231 1981 4238 ‘

338 4304 686 4373 Βουλόμενος
731 4305 904 4358 ταῦτα
933 4306 1136 4375 γνῶναι
1170 4307 1504 4371 ἐσπούδακα,
1558 4308 1668 4376 ἐγὼ
1702 4309 1928 4380 δέηέφην

336 4394 530 4449 αἰτίαν
563 4395 1096 4469 πολυπραγμοσύνης
1119 4394 1258 4452 εἷναί
1311 4417 1400 4469 μοι
1443 4401 1542 4468 τήν
1569 4402 1614 4434 ’⁸
1659 4400 1929 4472 Ἑλλήνων

436 5643 476 5714 tt
665 5640 805 5714 ὥστε
859 5641 1148 5714 conjLB-s

350 5697 624 5783 Vulgi"
667 5697 913 5782 βούλεται
963 5697 979 5712 ’
1011 5697 1148 5775 Val.;

354 5785 407 5815 ²⁶
452 5781 480 5853 ἦ
530 5781 675 5850 Val.,
713 5783 773 5836 ού
827 5783 970 5854 vulg.
