4050 6420
289 348 400 411 729

1053 352 1151 411 DE
1191 352 1757 416 LEGATIONIBUS
1795 357 2287 424 ROMANOBUM
2325 364 2424 424 AD
2465 360 2784 423 GENTES.

3436 364 3542 429 730

291 459 468 528 αὐτῆς
496 459 676 523 αίτίας
707 459 900 532 ἐτέρας
948 462 1105 532 δίκης
1159 465 1370 532 ἐγίνετο
1413 466 1480 520 ἂν
1505 468 1800 538 πρόφασις,
1829 471 1864 540 ἢ

1980 477 2142 543 iuriae
2188 477 2486 546 judicatus,
2541 475 2595 530 id
2646 475 2844 542 solum,
2907 474 3047 544 quod
3076 473 3266 543 iudicii
3301 477 3546 536 calculus

291 549 390 603 τοῦ
419 549 764 619 νενικηκότος
796 550 1178 622 χαλεπώτερον
1205 555 1511 622 ἐπεξιόντος
1539 559 1617 630 ,ἢ
1654 563 1720 629 τῇ
1771 560 1866 613 τοῦ

287 641 535 710 χείρονος
551 639 597 671 ⁸⁸
615 641 1066 710 ἀπενεγκαμένου
1082 646 1146 713 τῇ
1167 644 1338 715 ἀδίκῳ
1359 647 1706 716 ἐπιμένοντος
1726 650 1866 717 γνὼο

292 747 394 805 pg.
436 729 591 785 Εἶναι
612 732 670 786 δὲ
698 734 792 786 καὶ
820 734 1031 796 τούτοις
1067 737 1401 808 τεταγμένον
1425 739 1686 811 ἀργύριον
1718 742 1870 813 παρὰ

286 824 403 876 τῶν
428 821 525 882 τὰς
548 822 703 886 δίκας
728 824 1168 894 ἀγωνιζομένων,
1198 827 1272 890 ὡς
1296 827 1448 899 παρὰ
1471 829 1580 882 τῶν
1605 831 1868 901 γεωργῶν

285 916 407 976 τοῖς
453 911 722 977 όπλίταις.
781 909 859 966 Ἦ
898 914 997 984 οὐχ
1027 915 1171 968 ὅσιον
1197 915 1286 969 τὸν
1323 918 1721 988 ἐπικουροῦντα
1747 920 1870 991 τρέ-

289 1021 417 1073 φειν
450 1004 682 1071 καὶτῆς
732 1004 944 1068 εὐνοίας
998 1005 1370 1075 ἀμείὸεσθαις
1427 1007 1616 1079 ὥσπερ
1661 1010 1869 1078 ἀγαθὸν

293 1097 456 1148 ἱππεῖ
499 1095 597 1165 μὲν
646 1096 680 1165 ή
710 1094 804 1148 τοῦ
847 1095 1010 1148 ἵππου
1041 1097 1260 1168 κομιδὴ.
1297 1099 1499 1167 ἀγαθὸν
1528 1099 1586 1153 δὲ
1633 1100 1869 1173 βουκόλῳ

291 1190 325 1258 ἠ
359 1186 474 1241 τῶν
509 1187 646 1257 βοῶν
675 1187 770 1241 καὶ
789 1187 998 1258 θηρατῇ
1025 1190 1058 1258 ή
1089 1188 1200 1243 τῶν
1227 1181 1406 1244 κυνῶν
1438 1191 1743 1262 ἐπιμέλεια,
1775 1193 1870 1246 καὶ

289 1278 402 1332 τῶν
429 1278 626 1343 ἄλλων,
655 1271 729 1332 ὧν
757 1278 899 1350 πρὸς
927 1279 1199 1349 σφετέραν
1225 1280 1476 1352 φυλακήν
1513 1299 1573 1335 τε
1612 1283 1706 1335 καὶ
1724 1282 1870 1350 ὠφέ-

290 1369 444 1423 λειαν
470 1370 684 1440 ἔχουσιν
717 1369 1012 1440 ἄνθρωποι,
1051 1373 1212 1424 ὁπότε
1243 1372 1342 1442 τὴν
1375 1372 1622 1443 δαπάνην
1651 1374 1750 1441 τὴν
1773 1373 1869 1426 ἐπὶ

293 1468 361 1535 τῇ
390 1465 518 1537 δίκῃ
553 1464 852 1534 γενομένην
872 1464 1090 1526 ἁλόντες
1115 1465 1437 1532 ἐκτίνουσιν,
1472 1464 1867 1528 ἀνατιθέντες⁶⁸

294 1554 484 1625 ἀδικία
513 1555 752 1625 σφετέρᾳ
811 1554 906 1607 καὶ
947 1555 1046 1624 οὐχ
1081 1554 1252 1625 ἑτέρῳ
1289 1555 1387 1625 τὴν
1421 1555 1644 1625 βλάϐην.
1677 1555 1780 1607 Τὸν
1813 1554 1871 1608 δὲ

301 1647 399 1700 ἐπὶ
424 1647 542 1708 ταῖς
569 1645 745 1707 δίκαις
780 1645 1138 1716 μακρότερον,
1167 1644 1233 1698 ἂν
1263 1643 1406 1698 οὕτω
1439 1643 1612 1715 τύχοι,
1658 1645 1866 1715 χρόνον,

307 1735 514 1808 τῆςτώ
561 1735 772 1789 δικαίου
820 1735 1078 1804 προνοίας
1107 1734 1351 1802 γίνεσθαι
1381 1735 1563 1804 χάριν,
1610 1734 1750 1787 ὥστε
1793 1734 1870 1803 μὴ

1975 569 2098 633 l‘ert,
2131 577 2186 623 et
2211 568 2340 622 nihil
2369 576 2648 638 praetcrea,
2675 565 2856 622 facere
2879 576 3126 636 cogatur.
3181 565 3238 621 Si
3263 568 3408 622 enim
3436 585 3545 624 non

1971 667 2155 714 essent
2200 660 2326 715 huic
2377 660 2453 715 rei
2498 658 2794 729 praepositi,
2825 666 2923 713 aut
2969 659 3176 714 victore
3224 659 3548 717 insolentius

1975 751 2306 820 insurgente,
2331 761 2425 806 aut
2449 766 2535 819 eo,
2567 751 2656 821 qui
2685 751 2968 806 adversam
3000 750 3328 806 sententiam
3357 766 3548 821 repor-

1977 845 2131 910 tavit,
2161 845 2216 899 in
2248 856 2501 914 perversa
2541 851 2719 898 mente
2751 850 3047 912 perstante,
3083 856 3151 896 ex
3194 857 3301 896 una
3337 843 3436 898 lite
3471 843 3552 898 al-

1975 940 2145 995 terius
2194 938 2305 993 litis
2350 945 2663 990 nasceretur
2715 933 3022 988 exordium.
3081 931 3180 988 Est
3225 941 3405 992 autem
3461 936 3550 992 bis

1975 1029 2330 1085 constitutum
2381 1036 2663 1096 argentm
2697 1026 2764 1080 ab
2800 1024 2907 1079 illis
2947 1025 3038 1092 qui
3079 1023 3268 1080 litibus
3310 1032 3548 1094 certant,

1973 1130 2035 1174 ut
2064 1119 2322 1174 militibus
2356 1119 2424 1173 ab
2458 1116 2728 1187 agricolis.
2772 1114 2910 1181 Quid
2939 1114 3085 1168 enim
3115 1115 3350 1184 aequius,
3383 1130 3550 1184 quam

1975 1228 2119 1277 eum,
2155 1211 2244 1280 qni
2280 1210 2580 1279 cpitnletur
2605 1219 2658 1264 et
2700 1207 2956 1262 auxilium
2989 1206 3145 1273 ferat,
3173 1205 3318 1261 alere
3358 1213 3414 1262 et
3436 1205 3552 1261 olli-

1975 1303 2117 1357 cium
2189 1309 2377 1356 mutuo
2434 1298 2614 1354 ollicio
2690 1297 3026 1367 rependere?
3093 1295 3550 1365 quemadmodum

1967 1393 2143 1462 equiti
2198 1391 2566 1446 emolumento
2597 1397 2688 1444 est
2729 1388 2880 1456 equi,
2927 1387 3137 1457 pastori
3172 1387 3334 1442 boum
3367 1395 3424 1441 et
3454 1400 3550 1442 ve-

1975 1483 2154 1537 natori
2211 1495 2406 1535 canum
2465 1494 2620 1544 cura,
2669 1487 2724 1532 et
2778 1476 3110 1545 reliquorum
3167 1474 3548 1539 animantium,

1973 1588 2094 1643 quae
2124 1571 2371 1627 homines
2401 1569 2661 1626 custodia:
2682 1576 2738 1624 et
2757 1566 3005 1622 utilitatis
3039 1579 3200 1621 causa
3219 1565 3387 1619 alunt.
3413 1565 3551 1619 Cum

1977 1665 2118 1720 enim
2158 1671 2410 1732 sumptus
2437 1663 2491 1716 in
2521 1661 2671 1715 litem
2700 1659 2870 1714 factos
2897 1657 2988 1727 qui
3019 1671 3182 1712 causa
3210 1655 3409 1709 cadunt
3443 1653 3553 1713 sol-

1978 1763 2130 1820 vant,
2171 1753 2425 1806 damnum
2474 1749 2601 1804 nulli
2647 1748 2735 1802 alii
2770 1747 2868 1811 rei,
2917 1761 3080 1815 quam
3119 1758 3230 1798 suae
3252 1742 3554 1812 iniquitatis

305 1826 677 1900 αχεδιάζοντας
691 1826 816 1889 τοὺς
835 1826 1092 1889 δικαστὰς
1113 1827 1209 1896 τῆς
1230 1826 1517 1896 ἀκριϐείας
1539 1826 1872 1896 διαμαρτεῖν,

1980 1844 2241 1914 impntent
2275 1848 2510 1910 oportet.
2541 1837 2694 1904 Quod
2733 1836 2800 1890 ad
2831 1835 3048 1904 longum
3079 1841 3293 1900 tempus
3327 1831 3548 1892 attinet,

302 1921 682 1990 λογιζομένους
729 1921 952 1989 ἄμεινον
1005 1916 1146 1973 εἶναι
1201 1920 1298 1989 ὀψὲ
1344 1921 1517 1992 πέρας
1557 1920 1875 1989 ἐπιτεθῆναι

292 2013 514 2086 δίκῃ,ἢ
552 2012 954 2072 ἐσπουδακότας
1004 2012 1078 2080 μὴ
1125 2012 1287 2081 μόνον
1318 2012 1606 2082 ἄνθρωπον
1643 2011 1874 2076 ἀδικεῖν,

289 2105 441 2160 ἀλλὰ
464 2107 543 2170 είς
577 2104 668 2157 τδν
704 2104 751 2135 ⁸⁸
788 2101 884 2157 τοῦ
934 2102 1142 2156 δικαίου
1177 2103 1406 2174 εὑρετὴν
1450 2101 1584 2154 Θεὸν
1617 2101 1722 2171 πλη
1733 2119 1877 2171 μμε-

298 2195 438 2249 λεῖν.
471 2193 697 2248 Κεῖσθαι
755 2193 814 2246 δὲ
865 2193 992 2256 τοὺς
1021 2192 1219 2262 νόμους
1259 2193 1400 2246 κατὰ
1451 2192 1690 2257 πάντων,
1736 2190 1877 2245 ὥστε

295 2287 485 2348 αὐτοῖς
528 2286 623 2337 καὶ
669 2284 892 2351 βασιλέα
943 2282 1250 2348 πείθεσθαι,
1313 2283 1407 2335 καὶ
1457 2282 1553 2352 οὐχ
1603 2282 1678 2345 ὡς
1726 2281 1770 2313 ⁸⁷
1810 2284 1876 2352 τῇ

293 2377 470 2436 ταύτοῦ
497 2378 674 2433 ἔνεστι
703 2376 1134 2448 κατηγορίᾳ,ὃτι
1181 2392 1246 2444 γε
1297 2375 1362 2446 δὴ
1409 2377 1459 2428 oi
1502 2374 1725 2446 εὔποροι
1751 2375 1880 2438 τοὺς

299 2476 546 2545 ⁴πένητας
570 2472 866 2535 ἀκινδύνως
892 2470 1180 2541 βιάζοιντο,
1219 2471 1268 2522 εἰ
1294 2470 1368 2540 μή
1403 2487 1468 2537 γε
1499 2465 1764 2522 διαλαθών
1794 2485 1880 2532 τις

298 2566 468 2634 φύγοι
497 2565 595 2634 τὴν
611 2563 788 2634 δίκηνο
814 2563 951 2633 ὅπερ
971 2563 1070 2614 οὐκ
1086 2561 1304 2613 ἐπὶτῶν
1327 2559 1758 2623 πλουσίων,ἀλλὰ
1785 2560 1880 2612 καὶ

304 2656 552 2726 πενήτων
568 2653 716 2724 εὖροι
737 2671 821 2716 τις
845 2653 930 2706 ἄν·
962 2650 1408 2722 πλημμελοῦντες
1430 2650 1539 2720 γὰρ
1561 2649 1684 2702 οὐδὲ
1726 2649 1880 2702 αὐτοὶ

301 2748 511 2817 ἀπορίᾳ
536 2745 780 2815 ἐλέγχων
809 2744 949 2797 δοῖεν
977 2743 1154 2806 δίκας.
1202 2743 1315 2795 Καὶ
1335 2739 1497 2794 τοῦτο
1531 2741 1686 2812 παρὰ
1713 2742 1879 2807 πᾶσι,

301 2841 401 2893 καὶ
424 2841 484 2892 οὐ
511 2840 665 2908 παρὰ
707 2835 998 2905 Ῥωμαίοις
1033 2835 1193 2906 μόνον
1215 2832 1512 2904 συμϐαῖνόν
1539 2835 1679 2886 ἐστι.
1703 2833 1881 2902 Χάριν

301 2931 364 2984 δὲ
381 2929 664 2999 ὁμολογεῖν
691 2930 758 2996 τῇ
791 2925 932 2997 τύχῃ
955 2926 1052 2978 ἐπὶ
1077 2927 1142 2996 τῇ
1167 2923 1316 2994 αὒτῷ
1339 2923 1634 2996 ὕπαρξὰσῃ
1663 2923 1877 2976 ἐλευθε-

305 3021 424 3093 ρίᾳ,
453 3021 551 3074 καὶ
591 3020 666 3089 μὴ
693 3018 772 3088 τῷ
799 3019 890 3069 ἐπὶ
915 3017 1152 3086 πόλεμον
1182 3016 1432 3086 ὲξάγοντι
1455 3016 1716 3087 δεσπότῃ,
1740 3013 1882 3068 ὥστε

305 3107 473 3160 αὑτὸν
523 3106 604 3159 δι’
635 3104 894 3175 ἀπειρίαν
922 3104 956 3174 ἢ
987 3105 1104 3170 iure!
1121 3104 1231 3158 τῶν
1280 3103 1557 3174 πολεμίων
1587 3103 1880 3173 ἀναιρεθῆ-

303 3213 421 3262 ναι,
447 3197 482 3267 ἧ
524 3195 799 3263 φεύγοντα
845 3194 948 3246 ὑπὸ
977 3193 1075 3245 τοῦ
1135 3193 1476 3264 κτησαμένου
1530 3192 1876 3258 κολάξεσθαι.

310 3289 570 3358 Ἄμεινον
595 3286 652 3339 δὲ
697 3286 793 3339 καὶ
821 3287 934 3348 τοῖς
975 3284 1213 3345 οίκέταις
1247 3284 1551 3338 διατελοῦσι
1619 3284 1880 3354 Ῥωμαῖοι

306 3378 603 3448 χρώμενοι.
636 3375 898 3444 Πατέρων
925 3374 1033 3444 γὰρ
1062 3373 1094 3443 ἢ
1123 3373 1464 3427 διδασκάλων
1488 3376 1542 3436 ές
1566 3373 1762 3434 αὐτοὺς
1784 3372 1879 3442 ἐρ-

309 3485 382 3536 γα
414 3464 816 3527 ἐπιδεικνύντες
838 3465 908 3530 ⁸⁸,
937 3465 1004 3530 ἐφ
1022 3463 1035 3483 ’
1053 3456 1100 3530 ᾧ
1129 3463 1238 3514 τῶν
1263 3463 1482 3531 φαύλων
1513 3463 1882 3533 ἀπεχομένους

309 3562 559 3631 μετιέναι
589 3559 732 3632 ἅπερ
756 3559 940 3621 αὐτοῖς
961 3558 1102 3612 καλὰ
1132 3558 1466 3626 νενόμισται,
1488 3555 1883 3629 σωφρονίζουσι

309 3655 454 3723 σφᾶς
476 3652 570 3704 Eni.
596 3655 707 3715 τοῖς
730 3652 1140 3721 ἁμαρτήμασιν,
1158 3649 1345 3719 ὥσπερ
1359 3649 1485 3713 τοὺς
1501 3649 1733 3710 οἰκείους
1757 3649 1884 3700 παῖ-

313 3745 434 3808 δας.
455 3745 534 3798 οὗ
553 3743 619 3816 δὴ
641 3743 751 3814 γὰρ
766 3742 886 3796 οὐδὲ
913 3745 1097 3805 αὐτοῖς
1125 3741 1376 3804 θάνατον,
1403 3740 1592 3812 ὥσπερ
1625 3739 1882 3803 Σκύθαις,

317 3836 545 3904 ἐπάγειν
589 3835 773 3905 θέμις.
839 3833 1178 3903 Ἐλευθερίας
1212 3833 1268 3886 δὲ
1309 3832 1502 3902 τρόποι
1527 3831 1657 3901 παρ’
1701 3832 1884 3894 αὐτοῖς

326 3923 575 3989 πλεῖστοι,
613 3925 679 3994 ἢν
693 3925 760 3976 οὐ
780 3922 943 3992 μόνον
981 3923 1284 3992 περιόντες,
1316 3921 1452 3975 ἀλλὰ
1479 3921 1572 3975 καὶ⁸
1593 3921 1886 3974 τελευτῶν-

319 4029 407 4076 τες
435 4013 768 4084 χαρίζονται,
815 4012 1194 4074 διατάττοντες
1217 4013 1360 4066 κατὰ
1402 4013 1501 4083 τῆς
1566 4011 1886 4079 περιουσίας

313 4103 376 4160 ὃν
414 4104 694 4173 βούλονται
721 4103 946 4174 τρόπον.
990 4104 1103 4156 Καὶ
1128 4105 1292 4173 νόμος
1318 4104 1465 4157 ἐστὶν
1495 4105 1631 4174 ὅπερ
1657 4103 1886 4166 ἕκαστος

313 4198 584 4252 τελευτῶν
607 4198 740 4268 ’περὶ
766 4196 874 4250 τῶν
904 4197 1290 4267 προσηκόντων
1313 4195 1674 4265 βουλεύσοιτο.
1707 4213 1727 4249 ι
1773 4195 1887 4248 Καὶ

315 4293 375 4356 ὃς
403 4289 677 4358 δακρύσας
715 4290 842 4359 ἔφη,
873 4289 947 4353 ὡς
970 4290 1020 4342 οἱ
1049 4289 1150 4358 μὲν
1203 4287 1357 4356 νόμοι
1407 4287 1563 4340 καλοὶ
1604 4286 1697 4339 καὶ
1727 4287 1760 4354 ἠ
1788 4302 1887 4339 πο-

314 4386 490 4441 λιτεία
525 4385 541 4404 '
568 4383 837 4454 Ρωμαίων
876 4382 1082 4452 ἀγαθὴ,
1129 4382 1180 4434 οἱ
1216 4382 1260 4435 δ’
1291 4381 1552 4451 ἄρχοντες
1599 4381 1697 4450 οὐχ
1726 4381 1889 4450 ὃμοια

313 4481 429 4542 τοῖς
470 4477 638 4531 πάλαι
679 4474 1006 4547 φρονοῦντες
1046 4474 1217 4545 αὐτὴν
1243 4473 1708 4544 διαλυμαίνονται.

1977 1935 2122 2006 quod
2151 1935 2204 1990 in
2230 1934 2420 1989 litibus
2449 1930 2810 1992 consumitur,
2843 1927 2887 1982 si
2917 1925 3135 1995 quando
3169 1925 3220 1979 id
3260 1923 3462 1985 evenit,
3498 1921 3557 1977 id

1975 2026 2118 2096 juris
2167 2022 2542 2094 providentius
2594 2019 2810 2075 dicendi
2859 2017 3033 2084 gratia
3086 2014 3168 2080 ﬁt,
3232 2027 3300 2068 ne
3339 2012 3555 2080 iudices

1979 2125 2334 2187 properantes
2390 2114 2460 2167 ab
2513 2115 2768 2167 accurata
2815 2105 3098 2176 iudicandi
3143 2105 3356 2159 ratione
3394 2102 3557 2157 aber-

1979 2218 2120 2262 rent.
2152 2206 2244 2260 Sic
2275 2204 2420 2260 enim
2463 2203 2711 2274 iudicant
2753 2198 2950 2253 melius
2976 2210 3120 2262 esse,
3151 2193 3363 2250 tardius
3394 2193 3557 2247 linem

1981 2292 2166 2348 litibus
2197 2291 2496 2359 imponere,
2529 2303 2693 2358 quam
2726 2285 3048 2340 festinantes
3084 2298 3192 2338 non
3240 2281 3419 2337 solum
3455 2279 3560 2335 iui-

1980 2399 2144 2452 qnurn
2188 2384 2278 2449 jus
2333 2382 2385 2435 in
2417 2381 2691 2434 hominem
2742 2386 3002 2441 statuere,
3060 2387 3250 2428 verum
3282 2373 3448 2427 etiam
3500 2371 3558 2425 in

1979 2475 2172 2538 Deum,
2195 2471 2418 2542 iustitiae
2441 2470 2796 2533 inventorem,
2825 2479 3072 2535 peccare.
3105 2463 3276 2532 Leges
3295 2471 3473 2516 autem
3503 2459 3558 2514 in

1981 2579 2169 2619 omnes
2194 2564 2382 2633 posita:
2413 2569 2561 2626 sunt,
2587 2569 2650 2611 ut
2669 2559 2775 2613 illis
2799 2556 2963 2612 etiam
2995 2556 3108 2625 ipse
3136 2555 3433 2621 imperator
3467 2562 3560 2618 pa-

1985 2665 2118 2711 reat.
2164 2655 2374 2722 Neque,
2421 2651 2474 2705 id
2514 2650 2656 2719 quod
2698 2656 2787 2702 tua
2838 2645 3182 2701 accusatione
3221 2640 3558 2703 continetur,

1985 2746 2315 2818 potentiores
2358 2743 2403 2797 si
2449 2740 2786 2796 tenuioribus
2816 2738 2923 2792 vim
2957 2735 3213 2800 inferant,
3255 2733 3310 2787 id
3341 2730 3449 2786 illis
3473 2737 3562 2785 est

1983 2842 2225 2908 impune,
2275 2835 2380 2890 nisi
2439 2831 2566 2903 quis
2604 2832 2746 2886 forte
2799 2831 2975 2884 latens
3017 2839 3234 2897 ptenam
3269 2822 3556 2893 ell'ugerit;

1981 2929 2126 2998 quod
2158 2940 2263 2981 non
2301 2924 2479 2980 solum
2511 2921 2792 2985 divitibus,
2824 2919 2920 2974 sed
2949 2917 3119 2972 etiam
3164 2914 3416 2983 inopibus
3443 2910 3562 2981 ple-

1985 3032 2215 3087 rumque
2237 3029 2339 3072 usu
2365 3013 2515 3070 venit
2550 3029 2567 3068 :
2607 3023 2734 3066 nam
2780 3008 2835 3064 bi
2881 3020 3118 3077 quoque,
3161 3005 3207 3060 si
3238 3007 3563 3073 argumenta

1988 3109 2269 3173 deﬁciunt,
2321 3115 2678 3177 peccatorum
2731 3114 2921 3173 paruas
2975 3113 3080 3154 non
3131 3096 3369 3151 solvant.
3406 3092 3563 3159 Quod

1985 3214 2095 3254 non
2127 3197 2301 3252 solum
2342 3193 2483 3263 apud
2515 3193 2814 3254 Romanos,
2848 3189 2944 3243 sed
2983 3187 3152 3242 etiam
3198 3183 3396 3252 ubique
3431 3193 3566 3250 gen-

1982 3289 2120 3344 tium
2143 3287 2360 3342 accidit.
2388 3284 2633 3340 Gratiam
2656 3294 2784 3336 vero
2809 3280 3096 3350 plurimam
3129 3276 3309 3345 ipsum
3339 3288 3443 3343 pro
3473 3285 3566 3326 re-

1983 3389 2137 3448 cepta
2167 3378 2419 3431 libertate
2445 3373 2677 3430 feminas
2700 3373 2920 3436 debere,
2962 3381 3138 3438 neque
3171 3378 3299 3420 eam
3332 3361 3564 3417 domino

1988 3481 2264 3540 acceptam
2296 3466 2519 3522 referre.
2544 3464 2680 3520 Cum
2710 3463 2856 3518 enim
2885 3475 3012 3516 eum
3044 3460 3098 3514 in
3123 3457 3329 3514 bellum
3351 3455 3563 3511 eduxe-

1983 3565 2078 3626 rit,
2112 3560 2356 3631 potuisse
2382 3557 2450 3612 ab
2473 3556 2716 3612 hostibus
2746 3561 2969 3624 propter
2993 3551 3070 3606 rei
3101 3546 3355 3604 militaris
3382 3547 3560 3612 impe-

1979 3654 2166 3709 ritiam
2191 3651 2388 3713 occidi,
2423 3656 2516 3700 aut
2547 3647 2592 3702 si
2621 3645 2865 3715 fugisset,
2902 3643 2969 3696 ab
2991 3655 3078 3705 eo,
3107 3640 3164 3694 in
3196 3637 3351 3707 cujus
3386 3635 3565 3690 domi-

1990 3745 2079 3800 nio
2106 3752 2247 3805 erat,
2307 3739 2506 3810 puniri.
2545 3736 2728 3804 Longe
2773 3743 2954 3791 autem
3003 3729 3241 3788 Romani
3279 3728 3568 3798 benignius

1985 3834 2165 3890 servis
2193 3828 2604 3884 consuluerunt.
2629 3824 2850 3879 Patrum
2880 3821 3025 3876 enim
3054 3826 3147 3873 aut
3175 3821 3569 3887 praeceptorum

1989 3925 2238 3980 affectum
2290 3927 2416 3990 erga
2455 3935 2548 3975 eos
2595 3917 2875 3978 exhibent,
2933 3923 2989 3968 et
3032 3921 3092 3965 ut
3135 3924 3167 3964 a
3206 3907 3368 3962 malis
3397 3903 3573 3960 absti-

1985 4021 2174 4076 neant,
2211 4019 2425 4071 curant,
2456 4017 2512 4062 et
2539 4020 2754 4070 eorum,
2787 4018 2908 4074 quae
2937 4003 3167 4057 honesta
3197 4000 3423 4059 ducunt,
3447 4009 3572 4063 par-

1990 4101 2180 4169 ticipes
2204 4097 2464 4152 efﬁciunt.
2501 4094 2747 4164 Denique
2790 4092 3073 4161 corrigunt
3099 4103 3193 4143 eos
3219 4088 3276 4142 in
3307 4086 3416 4151 bis,
3441 4097 3565 4153 quze

1985 4193 2329 4261 delinquunt,
2363 4189 2502 4243 sicut
2549 4195 2605 4241 et
2637 4199 2767 4240 suos
2797 4184 3016 4238 liberos.
3049 4180 3162 4236 Nec
3200 4179 3345 4232 enim
3379 4188 3568 4231 servos

1989 4295 2163 4338 morte
2195 4279 2429 4346 allicere,
2465 4279 2607 4334 sicut
2633 4277 2772 4346 apud
2804 4275 3058 4345 Scythas,
3112 4271 3194 4325 fas
3233 4278 3338 4324 est.
3379 4267 3574 4322 Liber-

1991 4376 2122 4432 tatis
2149 4388 2275 4428 vero
2309 4369 2670 4438 adipiscendae
2704 4366 2888 4436 plures
2923 4371 3050 4419 sunt
3077 4360 3246 4416 modi.
3279 4358 3396 4412 Non
3426 4356 3574 4411 enim

1991 4469 2107 4539 62
2134 4466 2303 4520 solum
2332 4463 2426 4534 qui
2459 4463 2568 4516 vita
2595 4461 2872 4523 fruuntur,
2908 4456 3002 4512 sed
3038 4454 3205 4510 etiam
3246 4451 3338 4521 qui
3361 4463 3393 4503 e
3433 4447 3574 4503 vivis

313 4573 617 4632 excedunt,
676 4542 981 4623 libertatem
1038 4542 1274 4621 tribuere
1329 4542 1576 4637 possunt,
1609 4579 1731 4619 eum
1796 4565 1863 4620 de
1926 4564 2080 4617 bonis
2139 4560 2295 4624 suis,
2341 4565 2397 4610 ut
2454 4555 2651 4624 cuique
2704 4551 2942 4622 placeat,
2988 4556 3228 4603 statuere
3281 4545 3466 4607 liceat,
3516 4542 3576 4598 ei

315 4665 675 4732 quodcunque
701 4661 824 4730 quis
867 4659 1104 4716 moriens
1163 4659 1231 4713 de
1261 4659 1422 4713 rebus
1449 4657 1768 4711 domesticis
1833 4655 2081 4724 jusserit,
2114 4653 2201 4705 lex
2233 4650 2325 4707 sit.
2369 4668 2389 4700 ι
2425 4646 2564 4700 Tum
2607 4644 2696 4699 ille
2730 4643 2950 4713 plorans
3006 4639 3205 4709 inquit,
3249 4637 3396 4710 leges
3433 4637 3577 4705 apud

319 4726 605 4810 Romanos-
639 4726 811 4809 bonas
857 4759 919 4806 et
943 4750 1335 4820 rempublicam
1387 4747 1647 4817 praeclare
1693 4747 2045 4802 cutistitutam
2075 4760 2222 4805 esse.
2269 4741 2364 4798 sed
2417 4739 2790 4808 magistratus,
2843 4735 2934 4804 qui
2969 4747 3079 4788 non
3125 4745 3278 4802 aeque
3316 4745 3379 4785 ac
3411 4726 3579 4799 prisci

316 4849 473 4917 ρεισιιὶ
508 4858 563 4902 et
595 4846 889 4917 prudentes
919 4855 1064 4912 sunt,
1111 4857 1236 4900 eam
1283 4843 1614 4899 labefactant
1653 4852 1710 4898 et
1736 4851 2080 4913 pervertunt.

388 4939 577 4992 Ταῦτα
596 4914 997 5008 διαλεγομένων
1041 4937 1226 5007 ἡμῶν,
1271 4934 1584 5008 προσελθών
1633 4951 1719 4997 τις
1778 4933 1876 4987 τῶν

2062 4931 2188 4987 llaec
2218 4931 2359 4985 inter
2390 4942 2489 4984 nos
2516 4923 2908 4982 disserentibus
2936 4919 3132 4990 aliquis
3157 4931 3226 4974 ex
3257 4914 3578 4972 domesticis

317 5029 533 5085 ἔνδοθεν
550 5029 761 5096 ἀνοίγει
790 5030 890 5089 τὰς
921 5028 1092 5100 θύρας
1129 5028 1222 5082 τοῦ
1271 5027 1583 5098 περιϐόλου.
1630 5024 1774 5093 Ἐγὼ
1831 5024 1876 5078 δὲ

1994 5024 2244 5094 Onegesii
2279 5031 2554 5091 septorum
2591 5019 2784 5072 domus
2815 5014 2960 5069 fores
2982 5012 3215 5082 aperuit.
3255 5009 3367 5080 Ego
3389 5008 3574 5064 statim

317 5122 688 5198 προσδραμὼν
743 5098 1024 5192 ἐπυθόμην
1074 5122 1104 5176 ὅ
1151 5140 1204 5176 τι
1249 5123 1504 5193 πράττων
1575 5120 1876 5189 Ὀνηγήσιοι

1992 5127 2285 5172 accurrere
2330 5119 2386 5166 et
2432 5121 2696 5179 quaerere,
2735 5119 2874 5176 quas
2900 5118 2991 5160 res
3022 5111 3212 5174 ageret
3233 5098 3573 5170 Oncgesius;

317 5188 614 5287 τυγχάνοι·
642 5188 992 5284 Mentitur
1014 5214 1124 5284 γὰρ
1165 5188 1312 5283 αὑτῷ
1369 5232 1438 5283 με
1497 5188 1781 5283 βούλεσθαί
1841 5227 1873 5263 τ

1995 5223 2084 5263 me
2114 5204 2260 5261 enim
2290 5202 2494 5256 habere
2532 5213 2562 5253 a
2594 5196 2910 5260 Maximino,
2937 5195 3030 5264 qui
3065 5193 3278 5263 legatus
3311 5205 3341 5243 a
3371 5188 3573 5242 Roma-

319 5279 472 5380 πιρα
502 5307 549 5340 ιθ
577 5306 675 5361 τοῦ
707 5279 996 5377 Ῥωμαίων
1026 5279 1264 5377 *ἥκοντος
1286 5279 1642 5376 πρεσϐευτοῦ.
1700 5305 1795 5366 Ὃς
1838 5302 1876 5355 δὲ

1995 5300 2080 5356 nis
2111 5297 2367 5361 venisset,
2396 5293 2540 5359 quod
2575 5289 2650 5345 illi
2677 5289 2934 5344 dicerem.
2962 5286 3060 5340 ille
3083 5298 3216 5380 vero
3244 5279 3573 5380 Onegesium

319 5365 680 5472 ἀπεκρίνατο,
710 5365 861 5468 αὐτῷ
892 5416 982 5468 μοι
1039 5365 1381 5463 ἐντεύξεσθαι
1417 5397 1610 5467 μικρὸν
1666 5395 1876 5465 ἁναμεί⁴

1997 5387 2126 5443 mihi
2156 5384 2238 5439 sui
2275 5382 2540 5436 iacturum
2570 5377 2784 5447 copiam
2822 5371 3119 5444 respondit,
3147 5369 3192 5424 si
3233 5365 3449 5437 paulum
3474 5375 3572 5430 op-

1607 5510 1842 5568 VARIE
1877 5501 2281 5564 :DECTIONES.

1241 5629 1286 5662 "
1309 5627 1671 5684 ἀνατιθέντων
1699 5625 1817 5680 Val.

1980 5621 2052 5673 τὸν
2079 5633 2190 5673 ΟΙΤΙ.
2226 5611 2377 5684 vulg.
2438 5609 2482 5643 ‘7
2516 5611 2591 5673 ὡς
2634 5608 2784 5684 Val.,_
2801 5607 2829 5660 ὃ
2858 5602 3036 5684 Βηιός
3064 5602 3211 5684 vulg.
3344 5595 3570 5684 furaci-‘-

438 5629 485 5662 ιι
507 5629 537 5662 a
568 5630 662 5662 μιλῆ
690 5630 749 5662 ..3.
772 5632 859 5662 ..ρξ’

507 5629 540 5702 ἢ
568 5630 662 5683 τοῦ
690 5630 751 5685 τὺ
772 5632 953 5702 χεῖρον
974 5631 1073 5686 ἀπ.
1105 5628 1166 5686 Ν.
1241 5629 1286 5662 ⁸⁸
1309 5628 1671 5684 ἀνατιθέντων
1700 5628 1817 5680 Val.

507 5716 549 5760 ες
583 5701 691 5768 CL,
726 5701 1128 5756 ἒπιδεὶκνυνται
1178 5700 1319 5768 vulg.
1395 5699 1440 5732 θ’
1469 5696 1621 5768 παρὰ
1675 5705 1801 5751 ante
1861 5693 1876 5712 "

1980 5628 2052 5673 τὸν
2079 5633 2190 5673 om.
2226 5628 2368 5684 vutg.
2438 5628 2477 5643 "
2516 5628 2591 5673 ως
2639 5628 2772 5670 γει..
2801 5628 2829 5660 0
2861 5628 2945 5669 1).,
2977 5628 3036 5668 ος
3067 5628 3211 5669 vutg.
3293 5628 3325 5630 -ε
3361 5628 3570 5650 mnuu—

1980 5690 2150 5762 μαίων
2205 5681 2494 5747 cxcidissc,
2553 5687 2648 5734 aut
2693 5673 2987 5748 τοῦμπαρὰ
3044 5669 3391 5731 scribendum
3446 5679 3573 5724 esse

323 5699 549 5824 κνιῗντῗ
583 5701 691 5769 CL,
726 5699 1128 5756 ἔπἰδείκνυνται
1178 5700 1319 5771 vulg.

323 5787 396 5825 nu
423 5780 478 5825 at
549 5810 561 5825 .

322 5787 478 5841 putat
505 5787 561 5825 ι).
