4050 6412
336 347 441 408 7.33

1092 349 1189 407 DE
1230 340 1795 409 LEGATIONIBUS
1826 344 2315 411 ROMANORUM
2361 352 2462 412 AD
2499 352 2819 419 GENTES.

3472 360 3577 426 731
3610 395 3624 403 -

334 471 431 523 νης
459 453 727 522 γαμετῆς,
753 453 842 507 διὰ
862 456 970 508 τῶν
994 458 1130 527 πρὸς
1167 461 1232 529 τῇ
1266 452 1408 529 θύρᾳ
1446 459 1753 529 Βαρϐάρων
1777 459 1902 512 ἔτυ-

2011 460 2180 524 posita
2214 471 2391 515 erant.
2431 461 2628 517 Clrculi
2659 473 2838 518 autem
2870 478 2899 518 a
2936 464 3052 519 solo
3082 465 3393 534 incipientes
3444 486 3576 540 pau-

334 562 427 612 χον
449 544 677 607 εἰσόδου,
710 545 807 597 καὶ
829 544 999 616 αὐτὴν
1026 547 1116 599 ἐπὶ
1144 547 1464 618 στρώματος
1496 548 1744 617 μαλακοῦ
1792 565 1907 602 κει-

336 635 508 704 μένην
566 634 888 701 κατέλαϐον,
931 638 1045 699 τοῖς
1086 638 1150 689 ἐκ
1172 636 1273 705 τῆς
1331 637 1495 706 ἐρέας
1522 639 1779 701 πιλωτοῖς
1809 639 1903 692 τοῦ

331 725 564 793 ἐδάφους
591 725 946 794 σκεπομένου,
986 725 1126 780 ὥστε
1162 727 1249 779 ἐπ)
1308 728 1486 781 αὐτῶν
1510 727 1762 798 βαδίζειν.
1797 733 1904 785 Πε-

333 818 516 885 ριεῖπε
558 815 629 868 ’δὲ
690 815 863 886 αὐτὴν
920 815 1266 888 θεραπόντων
1302 819 1505 888 πλῆθος
1555 821 1771 892 κύκλῳ·
1808 824 1906 877 καὶ

329 908 663 978 θεράπαιναι
685 909 776 961 ἐπὶ
806 908 901 961 τοῦ
926 910 1155 978 ἐδάφους
1186 911 1414 982 ἀντικρὺ
1457 913 1629 984 αὐτῆς
1662 916 1905 986 καθήμε-

328 1017 421 1053 ναι
452 999 642 1063 ὀθόνας
685 998 940 1070 χρώμασι
971 1000 1373 1068 διεποικιλλον,“
1399 1004 1905 1076 ἐπιδληθησομένας

332 1092 473 1162 πρὸς
526 1093 730 1162 κόσμον
765 1091 1093 1163 ἐσθημάτων
1153 1094 1523 1166 βαρϐαρικῶν.
1576 1098 1902 1169 Προσελθὼν

328 1183 515 1236 τοίνυν
544 1183 638 1237 καὶ
666 1183 736 1236 τά
762 1183 912 1254 δῶρα
962 1185 1099 1254 μετά
1128 1187 1220 1238 τὸν
1278 1188 1571 1257 ἀσπασμὸν
1624 1190 1749 1254 δοὺς
1799 1191 1897 1243 ύπς

326 1274 536 1346 εξῄειν,
558 1276 652 1328 καὶ
682 1274 777 1327 ἐπὶ
797 1274 868 1328 τᾶ
894 1275 1057 1347 ἕτερα
1102 1277 1349 1342 ἐϐάδιζον
1388 1280 1684 1350 οἰκήματα,
1736 1282 1794 1333 ἐν
1824 1277 1905 1346 οἷς

326 1365 633 1436 διατρίϐειν
660 1365 754 1418 τὸν
822 1367 1087 1437 Ἀττήλαν
1142 1368 1466 1439 ἐτύγχανεν,
1533 1371 1905 1442 ἀπεκδεχόμε-

330 1474 424 1520 vo;
452 1457 499 1488 “
525 1455 990 1523 όπότεέττεξέλθοι
1026 1459 1345 1530 Ὀνηγησιος
1373 1477 1386 1490 ·
1411 1460 1510 1531 ἤδη
1530 1461 1638 1531 γὰρ
1664 1462 1774 1515 ἀπὸ
1795 1462 1903 1515 τῶν

332 1548 497 1603 αὑτοῦ
527 1549 847 1618 οἰκημάτων
868 1546 1184 1620 ἐξεληλύθει
1220 1552 1318 1606 καὶ
1344 1552 1492 1606 ἐνδον
1532 1546 1619 1623 ἦν.
1681 1553 1903 1618 Μεταξὺ

335 1645 395 1697 δέ
431 1643 525 1697 τοῦ
554 1641 756 1704 παντὸς
780 1642 1069 1712 ἱστάμενος
1118 1642 1356 1714 πλήθους
1383 1642 1680 1714 (γνώριμός
1707 1661 1766 1696 τε
1798 1644 1904 1716 γὰρ

342 1738 418 1792 ῶν
460 1741 571 1801 τοῖς
627 1739 857 1809 Ἀττηλα
917 1742 1175 1810 φρουροῖς
1212 1739 1307 1794 καὶ
1358 1741 1469 1805 τοῖς
1500 1741 1903 1811 παρεπομένοις

347 1829 493 1900 αύτῷ
524 1830 830 1900 Βαρὸἀροις
879 1830 975 1883 ὑπ’
1011 1831 1225 1895 οὐδενος
1274 1829 1706 1903 διεκωλυόμην),
1764 1827 1904 1885 εἶδον

335 1920 539 1991 πλῆθος
568 1922 933 1989 πορευόμενον
962 1923 1057 1974 καὶ
1089 1923 1250 1994 θροῦν
1274 1925 1367 1975 καὶ
1401 1922 1629 1994 θόρυϐον
1658 1923 1786 1994 περὶ
1815 1923 1906 1976 τὸν

330 2012 502 2065 τόπον
564 2013 853 2081 γενόμενον
883 2013 949 2076 δι,
994 2012 1071 2079 ὡς
1127 2014 1222 2067 τοῦ
1281 2013 1513 2085 ’Λττήλα
1568 2013 1902 2081 ὑπεξιόντος.

334 2102 537 2173 Προῄει
590 2102 648 2155 δὲ
695 2103 789 2156 τοῦ
835 2088 1132 2174 οἰκῆματος
1190 2104 1420 2176 βαδίζων
1475 2104 1742 2176 σοϐαρῶς,
1777 2103 1905 2175 τῇδε

334 2197 500 2247 κάκεῖ
544 2196 1031 2266 περιϐλεπόμενος.
1102 2196 1193 2260 Ὠς
1251 2197 1309 2249 δὲ
1361 2195 1671 2263 ὑπεξελθὼν
1701 2198 1796 2251 σὺν
1828 2196 1905 2267 τῷ

345 2288 658 2359 Ὀνηγησῑῳ
702 2288 830 2358 ἔστη
873 2291 980 2358 προ
1010 2289 1103 2341 τοῦ
1137 2289 1458 2359 οἰκήματος,
1516 2288 1701 2342 πολλοὶ
1722 2290 1778 2342 δὲ
1798 2288 1905 2342 τῶν

330 2382 774 2451 ἀμφισϐητήσεις
810 2379 946 2450 πρὸς
988 2380 1250 2450 ἀλλήλους
1307 2383 1540 2451 ἐχόντων
1594 2381 1905 2453 προσῄεσαν

330 2474 429 2525 καὶ
453 2470 549 2542 τὴν
577 2470 744 2524 αὑτοῦ
777 2472 956 2541 κρίσιν
982 2470 1227 2541 ἐδέχοντο
1257 2489 1271 2502 ο
1312 2468 1433 2525 εἶτα
1455 2472 1683 2543 ἐπανῄει
1728 2473 1800 2537 ὡς
1845 2474 1905 2527 τδ

331 2566 563 2633 οἴκημα,
598 2564 695 2615 καὶ
723 2563 981 2633 πρέσϐεις
1033 2548 1164 2633 παρ’
1207 2564 1366 2618 αὑτὸν
1409 2565 1645 2635 ἥκοντας
1689 2566 1903 2635 Βαρϐά-

334 2670 466 2725 ρους
498 2654 731 2725 ἐδέχετο.
978 2650 983 2655 ’

419 2745 573 2817 Ἐμοὶ
600 2746 657 2800 δὲ
687 2745 1107 2816 ἀπεκδεχομένῳ
1133 2742 1221 2798 τὸν
1271 2746 1590 2817 Ὀνηγήσιον
1631 2747 1907 2817 Ῥωμύλος

331 2837 775 2909 ααὶιΠρομοῦτος
800 2839 895 2891 καὶ
934 2838 1212 2906 Ῥωμανος
1259 2840 1308 2891 οἱ
1342 2837 1401 2903 ἐξ
1444 2840 1675 2903 Ἰταλιας
1725 2840 1908 2894 ἐλθόν-

331 2946 427 2995 τες
458 2931 606 3001 παρὰ
629 2930 722 2984 τὸν
760 2930 1020 3000 ’Δττήλαν
1057 2931 1316 3000 πρέσϐεις
1340 2932 1451 2985 τῶν
1488 2933 1697 3002 φιαλῶν
1740 2934 1905 2988 ἕνεκα

331 3021 710 3091 τῶνχρυσῶν,
737 3020 1117 3092 συμπαρόντος
1160 3024 1344 3086 αὐτοῖς
1400 3025 1495 3075 καὶ
1569 3024 1906 3077 Ῥουστικίου

2007 547 2155 601 latim
2185 549 2237 603 in
2285 550 2449 604 altum
2496 555 2877 622 assurgebant.
2933 555 3029 610 llic
3062 555 3345 611 habitabat
3398 561 3577 613 Attila:

2009 654 2162 702 uxor,
2213 640 2278 693 ad
2328 656 2490 709 quam
2521 657 2550 694 a
2583 642 2861 706 Barbaris,
2890 645 2981 713 qui
3015 647 3158 700 circa
3187 645 3376 715 januas
3402 660 3576 714 erant,

2008 738 2205 784 nactus
2228 732 2453 796 aditum,
2501 732 2667 799 ipsum
2702 734 3030 804 deprehendi
3081 738 3135 790 in
3166 736 3309 790 molli
3340 738 3576 807 stragula

2001 818 2287 887 iacentem.
2332 820 2459 875 Erat
2499 831 2679 875 autem
2711 824 3073 889 pavimentum
3107 824 3277 879 laneis
3306 827 3577 895 tapetibus

2006 919 2255 976 stratum,
2310 912 2363 966 in
2407 914 2602 982 quibus
2652 914 3017 969 constitimus.
3074 915 3207 969 Eam
3254 915 3575 968 famulorum

2007 1004 2291 1059 multitudo
2318 1005 2371 1059 in
2402 1005 2585 1060 orbem
2613 1007 3018 1071 circumstabat,
3060 1015 3115 1062 et
3147 1004 3359 1061 ancillae
3389 1023 3454 1061 ex
3485 1008 3579 1060 ad-

2004 1110 2164 1149 verso
2215 1097 2360 1151 hami
2411 1100 2662 1153 sedentes
2730 1098 2865 1152 telas
2911 1099 3181 1153 coloribus
3211 1096 3575 1168 variegabant,
3620 1128 3631 1139 κ

2006 1204 2125 1257 quae
2157 1189 2394 1244 vestibus
2414 1188 2775 1245 Barbarornm
2808 1190 2873 1244 ad
2899 1197 3147 1244 ornatum
3167 1189 3579 1259 superinjiciun-

2006 1289 2110 1334 tur.
2151 1282 2319 1336 Cerca
2350 1268 2602 1345 salutata,
2630 1287 2685 1337 et
2714 1281 3024 1335 muneribus
3048 1281 3283 1344 traditis,
3305 1295 3575 1351 egressus,

2005 1382 2322 1440 exspectans
2370 1374 2495 1428 dum
2542 1373 2836 1443 Onegesius
2879 1372 3021 1442 regia
3055 1372 3228 1425 exiret
3275 1372 3403 1439 (jam
3435 1373 3575 1425 enim

2004 1478 2035 1517 e
2062 1465 2222 1519 domo
2252 1476 2348 1519 sna
2379 1465 2503 1520 illuc
2535 1464 2803 1535 venerat),
2854 1465 2921 1518 ad
2952 1464 3158 1533 reliqua
3199 1464 3447 1523 aedilicia,
3486 1462 3575 1516 ubi

2005 1552 2199 1607 Attilas
2229 1557 2690 1619 commorabatur,
2729 1554 2992 1624 processi.
3054 1552 3152 1608 llic
3184 1553 3310 1609 dum
3346 1568 3445 1625 ego
3471 1563 3579 1608 sta—

2009 1658 2117 1697 rem
2157 1659 2278 1698 cum
2323 1646 2528 1716 reliqua
2576 1644 2916 1700 multitudine
2967 1643 3117 1714 (nec
3166 1644 3309 1700 enim
3347 1652 3568 1700 accessu

2007 1737 2170 1791 ullius
2199 1737 2300 1790 loci
2334 1737 2677 1809 prohibebar,
2714 1738 2911 1809 quippe
2940 1737 3032 1808 qui
3060 1738 3238 1793 Attila:
3272 1738 3578 1793 custodibus

2008 1841 2061 1884 et
2094 1829 2374 1895 Barbaris,
2413 1830 2504 1900 qui
2549 1846 2671 1884 eum
2720 1832 3144 1890 assectabantur,
3197 1838 3344 1884 eram
3376 1828 3579 1898 notus),

2010 1921 2115 1976 vidi
2152 1934 2401 1992 magnam
2435 1922 2669 1988 turbam,
2702 1933 2806 1992 qua
2836 1922 3104 1990 prodibat,
3133 1928 3460 1988 currentem,
3494 1931 3580 1975 tu-

2007 2012 2230 2066 multum
2258 2021 2312 2065 et
2335 2014 2616 2080 strepitum
2637 2012 2987 2067 excitantem.
3009 2011 3204 2067 Attilas
3225 2013 3385 2067 domo
3403 2026 3583 2084 egres-

2006 2120 2118 2170 sus,
2152 2105 2300 2174 gravi
2326 2104 2496 2170 vultu,
2548 2105 2790 2158 omnium
2824 2105 2994 2159 oculis
3025 2114 3243 2175 quaqua
3295 2118 3483 2162 versus
3528 2106 3580 2160 in

2006 2212 2128 2252 eum
2159 2197 2461 2262 conversis,
2495 2196 2754 2251 incedens
2787 2211 2909 2252 cum
2942 2195 3230 2269 Ouegesio,
3266 2214 3365 2269 pro
3381 2198 3583 2254 aedibus

2008 2288 2270 2344 substitit.
2307 2288 2408 2343 Hic
2436 2302 2557 2342 eum
2594 2288 2770 2352 multi,
2819 2288 3016 2356 quibus
3043 2300 3197 2343 erant
3239 2290 3380 2354 lites,
3435 2289 3584 2344 adie-

2008 2388 2152 2446 runt,
2199 2387 2254 2434 et
2282 2377 2399 2448 ejus
2429 2379 2686 2445 iudicium
2717 2388 3069 2449 exceperunt.
3125 2377 3329 2435 Deinde
3367 2379 3582 2434 domum

2006 2470 2245 2538 repetiit,
2277 2480 2328 2524 et
2356 2469 2702 2524 barbararum
2732 2470 2972 2540 gentium
3009 2469 3233 2539 legatos,
3282 2470 3374 2540 qui
3420 2470 3487 2524 ad
3524 2483 3583 2525 se

2008 2571 2288 2626 venerant,
2325 2560 2562 2617 admisit.

2080 2738 2161 2798 Me
2189 2756 2336 2808 vero,
2363 2741 2488 2795 dum
2517 2740 2836 2811 Ouegesium
2873 2743 3276 2811 ex5peCtabam,
3300 2736 3581 2812 Romulus,

2010 2833 2299 2887 Promutus
2326 2840 2381 2887 et
2402 2830 2698 2897 Romanus,
2726 2830 2887 2900 legati
2914 2831 2979 2886 de
3008 2828 3150 2886 vasis
3180 2832 3358 2887 aureis
3382 2846 3446 2886 ex
3477 2831 3585 2888 lta-

2011 2925 2075 2978 lia
2105 2923 2171 2978 ad
2199 2922 2417 2976 Attilam
2451 2920 2619 2976 missi.
2641 2937 2741 2974 una
2775 2932 2893 2975 cttm
2925 2919 3188 2985 Rusticio,
3217 2921 3306 2990 qui
3340 2922 3392 2975 in
3422 2920 3590 2976 comi-

2010 3025 2120 3070 tatu
2154 3014 2455 3070 Constantii
2502 3021 2639 3076 erat,
2693 3021 2747 3067 et
2797 3012 3166 3067 Constantiolo
3210 3024 3274 3066 ex
3327 3010 3582 3067 Paeonum

332 3114 429 3173 τοῦ
461 3119 603 3172 κατά
630 3117 1034 3179 Κωνστάντιον,
1069 3117 1163 3170 καὶ
1210 3117 1671 3183 Κωνσταντιόλου,
1716 3118 1907 3189 ἀνδρὸς

2016 3107 2254 3175 regione,
2310 3120 2429 3175 qua‘.
2472 3105 2656 3158 Attila:
2706 3102 2966 3174 parebat,
3028 3118 3115 3158 me
3164 3112 3292 3162 sunt
3337 3117 3589 3162 sermone

333 3215 399 3266 ἐκ
424 3211 524 3281 τῆς
549 3211 793 3263 Παιόνων
828 3209 1015 3280 χώρας
1051 3207 1153 3277 τῆς
1207 3209 1312 3262 ὑπὸ
1367 3205 1603 3281 Ἀττήλᾳ
1648 3211 1912 3280 ταττομέ-

332 3320 453 3374 νης,
492 3307 551 3367 ἐς
570 3302 765 3370 λόγους
800 3296 985 3373 ἦλθον,
1010 3305 1104 3355 καὶ
1137 3299 1433 3373 ἀνηρώτων
1449 3301 1676 3372 πότερον
1703 3301 1911 3372 διηφεί-

333 3396 533 3466 θημεν,
564 3394 599 3464 ἢ
633 3388 927 3463 ὑπομένειν
956 3391 1403 3462 ἀναγκαζόμεθα.
1456 3390 1567 3445 Καὶ
1625 3389 1762 3461 ἐμοῦ
1806 3390 1911 3462 φή-

332 3498 549 3550 σαντος,
582 3485 657 3550 ὡς
682 3484 870 3538 τούτου
891 3486 1049 3554 χάριν
1076 3483 1411 3553 πευσόμενος
1452 3482 1547 3558 τοῦ
1587 3476 1909 3553 Ὂνηγησίου

331 3584 443 3641 τοῖς
470 3577 787 3648 περιϐόλοις
810 3574 1235 3648 προσκαρτερῶ,
1287 3573 1382 3627 καὶ
1432 3573 1907 3643 ἀντερωτήσαντος

335 3673 385 3723 εἰ
407 3670 452 3701 ⁸⁸
484 3669 669 3731 αὐτοῖς
695 3670 723 3721 ό
765 3666 1026 3737 ’Λττήλας
1049 3664 1257 3737 ἥμερόν
1290 3681 1345 3717 τι
1389 3662 1434 3696 ⁸⁸
1461 3663 1555 3716 καὶ
1580 3664 1754 3731 πρᾶον
1781 3664 1914 3734 περὶ

318 3759 632 3830 Γπρεσϐείας
656 3758 1012 3829 ἀπεκρίνατο,
1045 3757 1231 3824 ἔλεγον
1258 3754 1523 3826 μηδαμῶς
1560 3755 1909 3826 μετατρέπε-

346 3851 470 3904 sliat
516 3853 615 3923 τῆς
664 3850 916 3921 γνώμης,
952 3850 1087 3905 ἀλλά
1114 3850 1351 3920 πόλεμον
1398 3849 1816 3918 καταγγέλλειν,
1862 3852 1911 3903 εἰ

347 3941 419 4011 μή
470 3958 529 4009 γε
579 3941 731 4011 αὐτῷ
789 3940 1113 4011 Σιλῧανδςῆ
1161 3940 1230 3993 τὰ
1283 3939 1588 4010 ἐκπώματα
1609 3940 1908 4011 πεμφθείη.

352 4032 877 4100 Ἀποθαυμαζόντων
903 4031 957 4084 δὲ
991 4030 1149 4101 ἡμῶν
1190 4030 1289 4100 τῆς
1344 4032 1606 4094 ἀπονοίας
1636 4033 1728 4084 τὸν
1768 4031 1911 4102 Βάρ-

334 4125 525 4194 εαρον,
554 4121 839 4176 ὑπολαϐὼν
863 4124 892 4175 ό
929 4118 1227 4197 ζΡωμύλος,
1270 4122 1616 4192 πρεσὸευτὴς
1644 4122 1786 4192 ἀνὴρ
1818 4124 1912 4177 καὶ

335 4215 547 4268 πολλῶν
594 4213 936 4284 πραγμάτων
991 4210 1273 4283 ἔμπειρος,
1310 4213 1464 4279 ἔλεγε
1499 4211 1598 4283 τὴν
1625 4213 1789 4266 αὑτοῦ
1816 4223 1912 4283 με·

333 4308 531 4377 γίστην
558 4304 726 4375 τύχην
760 4306 855 4379 καὶ
881 4302 978 4374 τὴν
1008 4301 1071 4356 ἐκ
1102 4305 1199 4370 τῆς
1222 4302 1391 4373 τύχης
1417 4302 1647 4371 δύναμιν
1670 4303 1910 4374 ἐξαίρειν

334 4400 517 4462 αὐτὸν,
542 4397 683 4450 ὣστε
715 4395 791 4467 μὴ
821 4392 1109 4465 ἀνέχεσθαι
1126 4395 1348 4448 δικαίων
1378 4393 1574 4461 λόγων,
1603 4397 1651 4447 εἰ
1676 4397 1753 4464 μὴ
1775 4395 1910 4466 πρὸς

335 4489 499 4544 αὐτοῦ
530 4488 576 4520 ⁸⁵
605 4489 799 4557 νομίσῃ
829 4487 1095 4558 ὑπάρχειν
1122 4484 1339 4548 αὐτούς.
1367 4485 1556 4538 Οὑδενὶ
1574 4485 1646 4517 δί’
1671 4486 1778 4555 γὰρ
1804 4488 1910 4540 τῶν

337 4581 558 4634 πώποτε
590 4581 688 4651 τῆς
746 4576 1072 4649 Σκυθικῆςῆ
1117 4577 1210 4629 καὶ⁸
1263 4577 1455 4647 ἐτέρας
1501 4575 1779 4646 ἀρξάντων
1811 4578 1914 4647 γῆς

334 4671 576 4725 τοσαῦτα
614 4672 672 4724 ἐν
700 4670 863 4739 ὀλίγῳ
898 4667 1357 4738 καταπεπρὶχθαι
1403 4668 1472 4732 α’,
1505 4667 1647 4721 ὥστε
1683 4669 1911 4722 καὶτῶν

336 4765 393 4815 ἐν
416 4762 493 4831 τῷ
515 4760 758 4830 Ὠκεανῷ
778 4761 958 4830 νήσων
983 4758 1191 4829 ἄρχειν,
1217 4758 1312 4810 καὶ
1337 4756 1472 4827 πρὸς
1511 4758 1660 4829 πάσῃ
1683 4762 1748 4829 τῇ
1772 4760 1911 4813 Σκυο

336 4859 459 4931 θικῇ
485 4860 581 4912 καὶ
612 4856 917 4927 Ῥωμαίους
939 4856 1083 4926 ἔχειν
1108 4856 1163 4916 ἐς
1189 4854 1356 4923 φόρου
1372 4854 1697 4924 ἀπαγωγήν.
1721 4847 1907 4922 Ἐφιέ-

288 4946 291 4947 ν
343 4969 503 5023 μενον
534 4950 590 5003 δὲ
626 4949 759 5019 πρὸς
789 4950 904 5010 τοῖς
942 4946 1178 5008 παροῦσι
1242 4938 1500 4998 πλειόνων
1533 4947 1626 4997 καὶ
1657 4946 1751 4997 ἐπὶ
1799 4947 1916 5014 μεῖ-

339 5041 431 5104 ζον
467 5036 702 5107 αὔξοντα
723 5038 820 5109 τὴν
850 5039 1046 5108 ἀρχὴν,
1079 5036 1172 5089 καὶ
1202 5036 1259 5094 ἐς
1287 5036 1500 5104 Πέρσας
1528 5034 1749 5088 ἀπιέναι
1790 5034 1917 5104 βού-

336 5126 547 5186 λεσθαι.
580 5129 704 5183 Τῶν
722 5128 784 5192 ,δὲ
813 5131 870 5181 ἐν
903 5130 1036 5199 ἡμῖν
1087 5143 1232 5189 τινος
1265 5124 1574 5193 πυθομένου
1608 5126 1767 5178 ποίαν
1798 5128 1914 5180 ὁδὸν

334 5223 568 5294 τραπεὶς
607 5223 663 5284 ἐς
694 5220 907 5291 Πέρσας
939 5219 1115 5272 ἐλθεῖν
1147 5217 1462 5286 δυνήσεται,
1496 5215 1686 5284 ἔλεγεν
1714 5219 1742 5270 ό
1779 5214 1914 5270 Ῥω-

340 5318 527 5388 μύλος,
569 5316 643 5385 μὴ
680 5311 858 5382 πολλῷ
891 5311 1221 5380 διαστήματι
1250 5308 1348 5379 τὴν
1378 5306 1578 5378 Μήδων
1611 5310 1912 5375 ἀφεστάναι

2011 3199 2207 3263 adorti,
2238 3205 2294 3253 et
2324 3200 2818 3266 interrogaverunt,
2849 3193 2959 3269 64
3014 3205 3192 3253 utrum
3232 3196 3461 3263 dimissi,
3516 3213 3585 3251 an

2013 3303 2233 3345 manere
2275 3289 2449 3344 coacti
2493 3303 2759 3343 essemus.
2840 3306 2859 3339 ι
2898 3287 2953 3343 id
2981 3289 3177 3357 ipsum,
3222 3290 3483 3360 inquam,
3531 3297 3590 3343 ut

2010 3384 2178 3438 sciam
2205 3391 2272 3435 ex
2296 3381 2583 3449 Ouegeslo,
2610 3380 2750 3434 intra
2775 3381 2875 3434 Ista
2910 3390 3060 3448 septa
3088 3383 3359 3451 opperior.
3399 3400 3416 3432 ι
3452 3373 3587 3433 Tum

2010 3489 2113 3545 ego
2143 3474 2263 3528 illos
2310 3473 2547 3528 vicissim
2585 3472 2949 3541 percunctari,
2983 3473 3299 3542 analiquod
3337 3475 3465 3527 mite
3499 3488 3588 3527 re—

2013 3580 2269 3634 sponsum
2302 3565 2367 3617 ad
2399 3578 2483 3627 ea,
2529 3563 2597 3618 de
2627 3563 2822 3632 quibus
2856 3563 3013 3634 legati
3060 3572 3340 3626 venerant,
3391 3564 3459 3617 ab
3489 3564 3587 3617 At-

2014 3657 2106 3712 tila
2145 3656 2418 3711 tulissent.
2455 3654 2806 3724 Nequaquam
2841 3656 2992 3710 aiunt
3020 3655 3166 3709 illum
3200 3656 3386 3709 deduci
3416 3671 3443 3708 ιι
3472 3671 3589 3710 sen-

2016 3748 2207 3812 tentia,
2242 3748 2338 3802 sed
2372 3746 2568 3801 bellum
2605 3747 2800 3801 minari
2831 3756 2884 3802 et
2926 3747 3267 3811 denuntiare,
3307 3747 3362 3801 ni
3394 3747 3588 3818 Sylva-

2013 3855 2115 3894 nus
2162 3846 2257 3892 aut
2305 3836 2496 3908 pocula
2549 3838 2834 3892 dedantur.
2898 3837 3004 3894 Nos
3041 3852 3170 3892 vero
3214 3853 3334 3893 cum
3365 3838 3588 3891 Barbari

2016 3933 2339 3987 miraremur
2367 3931 2534 3986 animi
2560 3930 2966 4000 impotentiam,
2999 3931 3277 3995 Romulus,
3305 3932 3384 3985 vir
3410 3931 3592 3985 inultis

2016 4022 2587 4078 honorificentissimis
2643 4021 2999 4091 legationibus
3048 4022 3263 4078 functus
3311 4031 3367 4077 et
3421 4022 3591 4076 multo

2018 4128 2194 4169 rerum
2225 4128 2322 4167 usu
2356 4111 2629 4180 praeditus,
2683 4111 2781 4176 ait,
2816 4112 3050 4165 secunda
3090 4111 3301 4166 fortuna
3333 4119 3387 4165 et
3412 4117 3595 4180 poten-

2016 4206 2085 4261 tia
2123 4205 2248 4260 inde
2278 4203 2502 4259 collecta
2538 4203 2673 4257 adeo
2705 4202 2854 4257 illum
2887 4198 3090 4265 ell‘erri,
3128 4214 3186 4256 ut
3212 4200 3371 4272 iustis
3397 4216 3595 4256 sermo-

2014 4297 2171 4351 nibus
2201 4294 2403 4348 nullum
2435 4293 2575 4362 apud
2608 4305 2669 4347 se
2712 4290 2888 4346 locum
2936 4292 3285 4361 relinqueret,
3345 4292 3445 4345 nisi
3493 4307 3592 4347 eos

2015 4401 2082 4441 ex
2104 4401 2161 4441 re
2189 4400 2287 4440 sua
2318 4396 2440 4439 esse
2473 4389 2742 4438 censeret.
2784 4381 2950 4437 Nemo
2987 4397 3226 4450 unquam
3258 4397 3467 4446 eorum,
3501 4383 3592 4451 qui

2018 4483 2069 4537 in
2108 4480 2352 4550 Scythia,
2386 4477 2472 4532 vel
2495 4475 2621 4530 alibi
2646 4483 2965 4543 regnarunt,
2994 4481 3171 4526 tantas
3196 4487 3282 4527 res
3308 4484 3413 4525 tam
3437 4474 3593 4527 brevi

2015 4588 2255 4646 tempore
2300 4570 2488 4643 gessit.
2559 4567 2748 4623 Totins
2816 4566 3051 4637 Scythia:
3101 4564 3436 4620 dominatum
3491 4564 3592 4618 sibi

2011 4666 2367 4737 comparavit,
2417 4673 2472 4717 et
2502 4661 2567 4715 ad
2597 4658 2798 4714 Oceani
2837 4658 3043 4715 insulas
3093 4671 3264 4725 usque
3306 4654 3592 4725 imperium

2008 4772 2165 4813 sumn
2193 4753 2457 4819 extendit,
2495 4760 2554 4805 ut
2581 4751 2745 4806 etiam
2774 4765 2802 4803 a
2828 4747 3098 4802 Romanis
3151 4748 3346 4801 tributa
3393 4747 3592 4816 exigat.

2008 4844 2117 4902 Nec
2145 4846 2229 4900 bis
2259 4851 2563 4907 contentus,
2619 4841 2683 4893 ad
2719 4839 2877 4908 longe
2913 4836 3118 4906 majora
3166 4837 3403 4888 aninntm
3435 4835 3594 4902 adje-

2019 4942 2113 5003 cit,
2159 4948 2214 4994 et
2244 4936 2406 4990 latius
2434 4933 2647 5003 imperii
2682 4933 2768 4987 sui
2800 4931 2935 4984 lines
2970 4929 3291 4998 protendere
3320 4939 3373 4980 et
3402 4922 3599 4981 Persas

2021 5031 2156 5086 bello
2186 5027 2404 5099 aggredi
2440 5025 2664 5094 cogitat.
2718 5014 2839 5077 Uno
2869 5036 2933 5074 ex
2975 5020 3130 5075 nobis
3159 5028 3454 5088 quaerente,
3491 5032 3595 5086 qua

2025 5121 2109 5174 via
2153 5135 2184 5175 e
2218 5116 2441 5186 Scythia
2484 5114 2538 5169 in
2566 5112 2762 5168 Persas
2811 5112 3032 5166 tendere
3076 5118 3279 5178 posset,
3333 5105 3597 5160 Romulus

2017 5212 2173 5276 dixit,
2235 5224 2337 5262 non
2371 5208 2529 5276 longo
2556 5205 2803 5259 locorum
2839 5202 3123 5258 intervallo
3152 5194 3333 5255 Medos
3376 5196 3594 5250 dissitos

2019 5319 2139 5361 esse
2170 5317 2198 5354 a
2230 5300 2466 5370 Scythis,
2513 5312 2687 5367 neque
2714 5292 2939 5351 Hunuos
2987 5294 3129 5348 hanc
3172 5288 3311 5344 viam
3363 5287 3589 5349 nescire,

1606 5463 1839 5521 VARle
1877 5460 2277 5526 LECTIONES.

411 5611 455 5641 “
487 5609 801 5680 ἐτύγχανεν,
862 5605 1300 5680 ἀπεκδεχόμενος
1330 5599 1424 5666 11..
1450 5601 1548 5680 ἐτύ

332 5749 485 5801 ούπω
521 5750 663 5820 vu'g.

440 5611 455 5641 '
487 5609 801 5680 ἐτύγχανεν,
862 5605 1300 5675 ἀπεκδεχόμενος
1330 5599 1424 5666 11..
1455 5601 1772 5721 ἐτύγχανον,
1806 5604 2230 5673 ἀπεκδεχόμενοι
2260 5598 2427 5666 vulg,
2457 5595 2789 5677 συνέϐαινεν,
2817 5589 3013 5677 fama
3057 5585 3113 5638 Β.

440 5682 477 5730 i.
529 5681 586 5730 [ι.
666 5680 711 5710 ⁶²
750 5681 797 5730 εἰ
852 5677 976 5730 add.
1010 5675 1095 5730 Β..
1144 5675 1369 5730 πότερον
1397 5673 1521 5727 add.
1695 5673 1740 5704 ”
1769 5690 1820 5725 τι
1866 5675 1954 5730 Ν..
2005 5690 2065 5725 τε
2127 5671 2270 5730 vulg.
2349 5669 2394 5699 ⁸⁸
2428 5669 2593 5722 αὐτου
2634 5666 2722 5727 Ν..
2772 5664 2935 5715 αδτδν
2969 5659 3109 5726 vulg.

333 5682 477 5747 conj.
529 5681 586 5732 li.
666 5681 711 5710 ⁶²
750 5681 797 5730 εἰ
852 5681 976 5731 add.
1010 5681 1095 5739 13.,
1144 5681 1369 5743 πότερον
1397 5681 1521 5727 add.
1557 5681 1619 5725 tt.
1695 5681 1740 5704 "
1769 5690 1820 5725 τι
1866 5681 1954 5738 Ν.,

333 5749 485 5801 τύπω
521 5750 663 5815 vu'g.
745 5749 787 5779 “
819 5744 1276 5815 καταπεπρᾶχθαι
1301 5742 1383 5810 Β.,
1415 5742 1767 5813 κατεπράχθη
1802 5745 1944 5815 vulg.

3220 5585 3259 5614 “
3300 5584 3589 5653 γινόμενον

2005 5652 2270 5739 ἒέπυις.
2349 5652 2593 5722 “homo
2634 5666 2722 5727 Νη
2772 5652 2935 5715 αὒτῦν
2969 5659 3109 5726 vulg.
3192 5655 3256 5685 δ”
3290 5653 3462 5707 οὐδενὶ
3494 5652 3583 5719 Ν.,
