4050 6450
432 337 536 400 735

1452 329 1848 390 EXCERPTA
1887 329 1989 388 EX
2030 329 2301 391 PRISCO
2341 331 2706 392 RHETOBE

3573 331 3683 394 736

437 451 531 506 sed
553 449 705 514 olim,
737 448 882 504 fame
911 461 1009 516 per
1031 460 1217 502 eorum
1253 445 1525 514 regionem
1547 452 1851 515 grassante,
1883 457 2004 497 cum

2125 444 2206 513 τῆς
2239 444 2538 514 Σκυθικῆς,
2562 445 2681 498 οὐδὲ
2722 443 2957 508 Οὔννους
2985 407 3246 512 ἀπείρδυς
3274 442 3375 512 τῆς
3403 444 3526 497 ὁδοῦ
3553 444 3689 498 ταύ-

436 539 667 594 Romaui
700 547 916 608 pr0pter
941 536 1162 599 bellum,
1218 536 1358 603 quod
1389 547 1516 588 tunc
1566 534 1821 601 temporis
1853 549 2008 604 gere-

439 634 589 698 bant,
638 632 861 684 minime
912 645 1031 683 cum
1083 628 1186 683 illis
1235 625 1419 695 prazlio
1475 626 1854 689 decertarent,
1912 626 2011 679 hac

437 720 722 790 irrupisse,
750 730 804 775 et
834 721 900 773 ad
921 718 1106 772 Medos
1130 731 1298 784 usque
1326 715 1578 771 Bazicum
1614 727 1669 770 et
1699 717 2009 780 Cursicum,

438 812 606 866 duces
650 811 924 880 ipsorum,
975 824 1006 864 e
1047 808 1209 878 regiis
1245 807 1463 879 Scythis
1502 809 1798 873 oriundos,
1847 823 2012 876 pene-

440 910 634 969 trasse,
665 901 754 971 qui
784 907 969 968 postea
1000 914 1120 953 cum
1157 914 1345 969 magna
1374 900 1649 953 hominum
1674 899 2015 953 multitudine

439 991 670 1046 Romam
703 991 770 1058 ad
806 989 1232 1047 contrahendam
1264 1003 1537 1043 armorum
1567 989 1882 1044 societatem
1920 1003 2014 1044 ve-

439 1084 663 1139 nissent.
722 1081 830 1136 Hos
860 1095 1131 1145 narrasse,
1156 1095 1254 1149 per
1292 1080 1581 1149 quamdam
1631 1080 1898 1135 desertam
1928 1093 2015 1135 re-

441 1172 654 1243 gionem
678 1171 782 1227 illis
807 1173 908 1227 iter
937 1171 1128 1239 fuisse,
1159 1180 1214 1226 et
1238 1171 1484 1241 paludem
1519 1172 1819 1242 trajecisse,
1850 1186 2014 1241 quam

440 1261 702 1318 Romulus
723 1262 1068 1318 existimabat
1092 1277 1214 1318 esse
1255 1261 1554 1316 Mmotidem
1579 1279 1592 1316 :
1622 1262 1836 1328 deinde,
1861 1261 2018 1330 quin-

441 1353 614 1408 decim
655 1353 848 1409 diebus
873 1354 1094 1423 elapsis,
1151 1367 1246 1423 per
1289 1361 1499 1406 montes
1547 1352 1830 1422 quosdam,
1883 1367 2018 1422 quos

437 1454 810 1509 superassent,
863 1443 915 1496 in
957 1442 1185 1497 Mediam
1247 1442 1612 1498 descendisse.
1673 1441 1756 1496 lbi
1806 1446 2016 1513 praedas

440 1535 729 1605 agentibus
779 1543 834 1589 et
882 1533 1295 1589 excursionibus
1324 1548 1482 1603 agros
1527 1535 1863 1588 vastantibus
1886 1533 2018 1589 Per-

439 1627 608 1682 sicum
655 1641 847 1695 agmen
905 1625 1290 1694 superveniens
1343 1624 1464 1679 telis
1514 1637 1642 1678 aera
1699 1625 2011 1691 replevisse.

439 1714 624 1786 Itaque
652 1717 984 1772 imminentis
1021 1716 1243 1786 periculi
1288 1723 1431 1770 metu
1480 1725 1628 1771 retro
1668 1716 2019 1780 abscessisse,

441 1817 492 1861 et
528 1823 622 1877 per
653 1818 865 1861 montes
894 1820 1188 1878 regressus,
1217 1806 1511 1876 pauxillum
1538 1807 1728 1876 praeda:
1751 1807 2014 1876 abegisse.

441 1896 686 1968 Magnam
713 1900 856 1953 enim
881 1909 1085 1968 partem
1121 1899 1303 1954 Medos
1328 1900 1624 1954 extorsisse
1657 1918 1671 1955 :
1725 1900 1870 1968 ipsos
1917 1915 2016 1954 au-

445 1999 575 2054 tem,
607 2001 666 2044 ut
693 1991 1128 2060 persequentium
1163 1991 1394 2045 hosﬁum
1430 1990 1688 2059 impetum
1721 1990 2013 2056 evitarent,

441 2080 511 2134 ad
545 2078 702 2134 aliam
736 2079 878 2134 viam
915 2078 1217 2135 deflexisse.
1261 2079 1326 2134 Et
1367 2094 1463 2150 per
1500 2080 1641 2145 loca,
1663 2079 1753 2134 ubi
1779 2095 1844 2137 ex
1867 2090 2018 2150 petra

445 2171 716 2226 maritima
757 2171 973 2226 ﬂamma
1006 2172 1182 2234 ardet,
1210 2171 1356 2226 illinc
1389 2171 1679 2242 profectos,
1809 2172 2016 2227 dierum

448 2261 644 2316 itinere
670 2262 723 2316 in
763 2263 917 2317 sedes
947 2277 1075 2317 suas
1111 2262 1426 2319 revertisse.
1473 2263 1649 2333 Atque
1671 2278 1738 2318 ex
1773 2277 1840 2319 eo
1884 2265 2019 2320 satis

447 2352 667 2418 vidisse,
697 2368 802 2407 non
829 2368 1024 2423 magno
1051 2353 1335 2408 intervallo
1365 2354 1641 2425 Scythiam
1672 2369 1701 2410 a
1734 2354 1905 2410 Medis
1935 2357 2017 2411 di-

442 2453 609 2498 stare.
648 2441 1010 2510 Quamobrem
1051 2445 1096 2499 si
1125 2445 1346 2499 Attilam
1380 2444 1574 2513 cupido
1605 2447 1809 2514 ceperit
1837 2445 2019 2501 Medos

443 2534 750 2602 invadendi,
785 2551 888 2592 non
921 2536 1145 2591 multum
1175 2551 1350 2607 operae
1371 2545 1424 2592 et
1454 2536 1659 2594 laboris
1690 2537 1746 2592 in
1792 2553 1912 2592 eam
1937 2538 2020 2593 in-

441 2628 718 2682 vasionem
747 2627 854 2698 65
905 2638 1372 2698 consumpturum,
1405 2642 1580 2698 neque
1617 2629 1828 2698 magnis
1860 2629 2018 2684 itine-

445 2720 599 2774 ribus
625 2719 974 2790 defatigatum
1022 2721 1113 2786 iri,
1155 2731 1214 2776 ut
1240 2721 1442 2788 Medos,
1475 2721 1707 2778 Parthos
1745 2731 1799 2777 et
1829 2721 2019 2778 Persas

442 2813 740 2879 adoriatur,
791 2821 845 2869 et
884 2821 1042 2882 cogat
1090 2814 1273 2868 tributi
1320 2813 1543 2869 illationi
1579 2829 1638 2869 se
1679 2815 2015 2869 submittere.

443 2898 651 2957 Adesse
694 2903 838 2958 enim
887 2902 964 2957 illi
1015 2917 1240 2971 magnas
1281 2903 1486 2973 copias,
1540 2918 1676 2973 quas
1707 2904 1852 2957 nulla
1893 2917 2022 2973 gens

445 2993 715 3047 sustinere
753 2994 945 3062 possit.
983 2993 1146 3050 Nobis
1193 3010 1321 3049 vero
1369 2995 1703 3064 optantibus,
1750 3004 1808 3049 ut
1841 2993 2022 3048 Persis

450 3097 602 3138 arma
640 3082 886 3149 inferret,
912 3093 966 3139 et
997 3101 1026 3139 a
1060 3085 1214 3141 nobis
1249 3087 1303 3139 in
1337 3086 1457 3141 illos
1487 3086 1611 3141 belli
1647 3086 1838 3141 molem
1868 3102 2022 3142 aver-
2050 3117 2094 3174 ο

453 3182 631 3229 teret:
703 3193 722 3227 ι
759 3176 1054 3232 Verendum
1100 3185 1204 3240 est,
1260 3177 1433 3248 inquit
1471 3176 1894 3242 Constantiolus,
1933 3193 2020 3242 ne,

447 3263 631 3321 Persis
659 3264 815 3322 facile
843 3267 1088 3331 devictis,
1122 3283 1228 3322 non
1252 3267 1360 3337 jam
1399 3269 1629 3338 amplius
1666 3270 1897 3333 amicus,
1931 3270 2023 3324 sed

449 3355 699 3412 dominus
730 3358 784 3412 in
817 3373 914 3414 nos
945 3369 1262 3414 revertatur.
1310 3379 1329 3411 ι
1389 3359 1546 3416 Nunc
1576 3361 1720 3415 enim
1755 3374 1889 3415 auro
1931 3374 2024 3415 ac-

449 3457 608 3518 cepto
649 3465 747 3520 pro
782 3451 1042 3522 dignitate
1097 3467 1220 3506 cum
1258 3460 1569 3506 contentum
1617 3465 1757 3507 esse.
1798 3451 1950 3517 Quod
1979 3451 2025 3506 si

449 3535 656 3606 Medos,
703 3539 932 3596 Parthos
971 3552 1026 3596 et
1060 3542 1256 3598 Persas
1303 3543 1595 3607 domuerit,
1637 3543 1858 3597 minime
1901 3557 2024 3598 eum

451 3630 814 3687 Romanorum
845 3648 876 3688 a
899 3649 994 3688 suo
1020 3635 1322 3706 sejunctum
1344 3651 1569 3706 regnum
1596 3649 1902 3704 passurum,
1932 3634 2025 3690 sed

450 3736 544 3776 eos
569 3723 853 3778 manifesto
883 3739 1070 3779 servos
1111 3727 1651 3796 suos-lreputantem,
1688 3725 1871 3794 gravia
1922 3725 2027 3778 illis

450 3821 506 3866 et
538 3813 895 3868 intolerabilia
930 3815 1316 3884 imperaturum
1346 3830 1485 3871 esse.
1543 3815 1789 3886 Dignitas
1821 3826 2022 3881 autem,

450 3900 604 3968 cujus
638 3903 967 3958 mentionem
1011 3903 1422 3959 Constantiolus
1469 3906 1621 3968 fecit,
1669 3915 1789 3960 erat
1823 3907 2028 3960 Romae

456 4005 643 4044 norum
674 3993 1006 4046 exercituum
1035 3992 1210 4057 ducis,
1256 4008 1416 4062 quam
1446 3993 1640 4048 Attilas
1683 3995 1749 4048 ab
1790 3996 2027 4064 impera.

455 4087 572 4135 tore
593 4092 896 4152 acceperat,
929 4093 986 4138 et
1024 4084 1288 4150 stipendia
1318 4084 1458 4153 ejus,
1507 4085 1600 4154 qui
1628 4087 1901 4140 exercitus
1943 4102 2030 4142 re-

455 4170 634 4242 gebat,
676 4174 838 4228 missa
864 4175 964 4229 sibi
1010 4191 1115 4229 non
1163 4179 1467 4231 recusabat.
1531 4176 1794 4232 lnnuebat
1845 4179 2026 4248 igitur,

454 4262 696 4328 Attilam,
737 4263 925 4331 Medis,
955 4265 1171 4320 Parthis
1199 4277 1252 4329 et
1276 4265 1456 4322 Persis
1489 4270 1751 4334 subactis,
1795 4270 1898 4325 hoc
1931 4285 2030 4325 no-

460 4366 606 4416 men,
631 4367 736 4422 quo
759 4353 1019 4410 Romanis
1045 4355 1194 4409 illum
1221 4371 1413 4412 vocare
1443 4357 1590 4413 lubet
1610 4370 1664 4414 et
1691 4361 2024 4429 dignitatem,

2111 555 2210 607 της
2243 534 2407 602 εἶναι,
2433 537 2566 591 ἀλλά
2607 537 2773 592 πάλαι
2817 538 2875 599 ἐς
2911 536 3079 606 αὐτὴν
3130 535 3549 604 ἐμϐεϐληκέναι,
3610 537 3692 587 λι-

2115 628 2217 698 μοῦ
2243 645 2304 680 τε
2336 628 2434 696 τὴν
2469 626 2653 698 χώραν
2686 629 3080 698 κρατήσαντος,
3130 627 3226 678 καὶ
3269 625 3557 692 Ῥωμαίων
3598 626 3691 678 διὰ

2113 718 2204 770 τὸν
2239 716 2361 770 τότε
2391 719 2785 787 συνιστάμενον
2830 718 3066 786 πόλεμον
3123 717 3197 785 μὴ
3249 715 3689 784 συμϐαλλόντων.

2113 809 2553 879 Παρεληλυθέναι
2595 810 2653 862 δὲ
2702 812 2758 872 ἐς
2791 810 2889 878 τήν
2929 809 3130 878 Μήδων
3156 808 3246 859 τόν
3287 825 3347 860 τε
3398 808 3567 876 Βασὶχ
3599 810 3696 860 καὶ

2114 899 2359 969 Κουρσὶχ
2405 901 2531 962 τοὺς
2590 899 2816 969 ὕστερον
2850 899 2906 961 ἐς
2959 898 3056 966 τὴν
3101 895 3319 964 Ῥώμην
3366 895 3696 965 ἐληλυθότας

2115 992 2195 1053 εἰς
2222 990 2546 1061 ὁμαιχμίαν,
2589 989 2787 1060 ἄνδρας
2842 987 2950 1042 τῶν
3001 987 3287 1057 βασιλείων
3322 986 3542 1039 Σκυθῶν
3598 985 3697 1040 καὶ

2117 1083 2312 1151 πολλοῦ
2340 1082 2579 1153 πλήθους
2636 1082 2923 1152 ἄρχοντας.
2982 1079 3089 1131 Καὶ
3119 1079 3246 1140 τοὺς
3298 1077 3697 1147 διαϐεϐηκότας

2117 1173 2317 1241 λέγειν,
2342 1171 2417 1235 ὡς
2447 1172 2650 1243 ἔρημον
2673 1171 3008 1231 ἐπελθόντες,
3033 1168 3218 1239 χώραν
3244 1169 3334 1220 καὶ
3356 1170 3552 1238 λίμνην
3574 1169 3701 1222 τινὰ

2117 1262 2540 1332 περαιωθέντες,
2595 1260 2663 1332 ήν
2716 1263 2744 1314 ὁ
2786 1259 3060 1329 Ῥωμύλος
3107 1258 3204 1328 τὴν
3259 1258 3504 1312 Μαιῶτιν
3554 1255 3700 1311 εἶναι

2117 1352 2278 1425 ᾤετο,
2310 1355 2471 1408 πέντε
2497 1353 2594 1406 καὶ
2624 1353 2759 1406 δέκα
2792 1350 3196 1420 διαγενομένων
3223 1350 3447 1420 ήμερῶν
3481 1349 3582 1419 ὅρη
3613 1365 3700 1400 τι·-

2119 1445 2186 1499 νά
2215 1443 2551 1514 ὑπερϐάντες
2576 1445 2634 1507 ἐς
2668 1444 2766 1515 τὴν
2811 1442 3059 1512 Μηδικήν
3100 1441 3374 1495 ἐσέϐαλον.
3427 1442 3702 1511 Ληῖζομέ-

2121 1552 2232 1599 νοις
2269 1533 2329 1588 δὲ
2357 1536 2454 1588 καὶ
2481 1533 2580 1605 τὴν
2613 1534 2718 1604 γῆν
2773 1533 3172 1603 κατατρέχουσι
3199 1532 3402 1602 πλῆθος
3429 1534 3702 1602 Περσικὸν

2119 1625 2348 1682 ἐπελθὸν
2378 1626 2469 1680 τὸν
2494 1622 2643 1694 σφῶν
2669 1623 3063 1694 ὑπερκείμενον
3098 1621 3236 1691 ἀέρα
3266 1623 3472 1690 πλῆσαι
3502 1621 3700 1690 βελῶν,

2122 1718 2264 1772 ὥστε
2286 1717 2424 1784 σφᾶς
2449 1715 2558 1768 δέει
2575 1713 2667 1768 τοῦ
2695 1714 3053 1782 κατασχόντος
3071 1711 3319 1764 κινδύνου
3344 1711 3703 1781 ἀναχωρῆσαι

2125 1812 2205 1873 είς
2229 1809 2470 1862 τούπίσω
2509 1807 2603 1860 καὶ
2632 1806 2700 1859 τὰ
2725 1806 2827 1875 ὅρη
2867 1803 3204 1868 ὑπεξελθεῖν,
3235 1803 3429 1873 ὀλίγην
3465 1803 3704 1870 ἄγοντας

2123 1899 2310 1954 λείαν*
2344 1900 2378 1969 ἠ
2439 1898 2548 1968 γὰρ
2597 1897 2822 1968 πλείστη
2862 1897 2967 1950 ὑπὸ
3017 1895 3124 1948 τῶν
3178 1896 3377 1966 Μήδων
3427 1894 3703 1966 ἀφῄρητο.

2123 1988 2569 2058 Εύλαϐουμένους
2594 1987 2776 2058 δὲτὴν
2806 1987 2914 2040 τῶν
2968 1987 3246 2057 πολεμίων
3289 1986 3472 2050 δίωξιν
3510 1987 3708 2056 ἑτέραν

2124 2081 2396 2152 τραπῆναι
2423 2079 2561 2145 ὁδὸν,
2597 2081 2692 2132 καὶ
2730 2079 2868 2149 μετὰ
2900 2078 3000 2150 τὴν
3029 2081 3094 2132 ἐκ
3119 2079 3221 2148 τῆς
3263 2078 3467 2147 ύφάλου
3493 2077 3708 2148 πέτρας

2123 2173 2534 2243 ἀναφερομένην
2561 2171 2606 2203 ⁸⁵
2631 2169 2805 2240 φλόγα
2834 2172 3041 2224 ἐκεῖθεν
3080 2169 3534 2242 πορευθέντας....
3569 2170 3707 2238 ἠμε-

2128 2263 2238 2335 ρῶν
2267 2263 2385 2316 ὁδὸν
2432 2264 2489 2325 ἐς
2538 2262 2609 2315 τὰ
2659 2264 2834 2315 οἰκεῖα
2869 2262 3186 2330 ἀφικέσθαι,
3244 2267 3339 2314 καὶ
3383 2262 3609 2330 γνῶναι,
3645 2261 3707 2312 ού

2126 2353 2304 2425 πολλῷ
2332 2354 2664 2423 διαστήματι
2685 2352 2795 2406 τῶν
2824 2354 3023 2424 Μήδων
3053 2353 3352 2422 ἀφεστάναι
3376 2354 3476 2425 τὴν
3496 2355 3538 2386 δ’
3569 2355 3710 2408 Σκυ-

2127 2443 2309 2512 θικήν.
2363 2444 2466 2496 Τὸν
2501 2442 2593 2496 οὖν
2639 2443 2900 2512 ’Δττήλαν
2926 2443 3011 2497 ἐπ’
3059 2445 3226 2516 αὐτὴν
3256 2445 3300 2477 ⁸⁸
3357 2445 3492 2497 ίέναι
3521 2445 3712 2514 βουλό-

2130 2553 2287 2606 μενον
2315 2537 2375 2589 ού
2404 2538 2663 2605 πονήσειν
2703 2536 2894 2602 πολλὰ,
2918 2535 3040 2588 οὔτε
3077 2536 3292 2607 μακρὰν
3319 2535 3539 2589 ἀνύσειν
3562 2535 3708 2596 ὁδὸν,

2127 2627 2267 2681 ὥστε
2300 2629 2397 2681 κα)⁸
2454 2629 2671 2698 Μήδους
2705 2628 2800 2681 καὶ
2848 2628 3096 2699 Πάρθους
3149 2630 3241 2682 καὶ
3278 2629 3496 2699 Πέρσας
3527 2645 3716 2700 παρα·-

2129 2719 2423 2788 στήσεσθαι
2470 2719 2514 2751 ⁸9
2552 2721 2647 2771 καὶ
2679 2719 3016 2785 ἀναγκάσειν
3070 2719 3242 2772 ἐλθεῖν
3287 2720 3345 2781 ἐς
3387 2719 3556 2789 φόρου
3596 2720 3712 2772 ἀπ-

2128 2813 2350 2882 αγωγήν
2380 2827 2394 2843 ⁸
2426 2812 2678 2881 παρεῖναι
2717 2810 2826 2880 γὰρ
2855 2810 3002 2879 αὐτῷ
3033 2812 3272 2880 μάχιμον
3331 2809 3589 2878 δύναμιν,
3636 2810 3712 2881 ἢν

2129 2903 2279 2954 οὐδὲν
2327 2901 2478 2965 έθνος
2517 2903 2907 2970 ύποστήσεται.
2975 2901 3162 2972 Ἥμῶν
3191 2901 3248 2955 δέ
3296 2903 3438 2956 κατά
3479 2902 3713 2973 Περσῶν

2132 2991 2305 3045 ἐλθεῖν
2333 2991 2498 3045 αὑτὸν
2545 2991 2935 3062 ἐπευξαμένων
2965 2993 3062 3047 καὶ
3111 2993 3196 3044 ἐπ’
3225 2993 3466 3056 ἐκείνους
3509 2991 3714 3062 τρέψαι

2130 3083 2220 3138 τὸν
2243 3083 2500 3153 πόλεμον,
2521 3085 2549 3135 ό
2568 3082 3190 3153 Κωνσταντίολοςβέλεγε
3221 3083 3449 3138 δεδιέναι
3477 3085 3550 3154 μή
3576 3100 3712 3138 ποτε

2127 3176 2224 3228 καλ⁵
2253 3175 2470 3246 Πέρσας
2503 3175 2700 3244 ῥᾳδίως
2734 3175 3226 3245 παραστησάμενος
3261 3175 3383 3227 ἀντὶ
3411 3175 3568 3244 φίλου
3621 3173 3707 3226 δε-

2129 3265 2332 3334 σπότης
2357 3262 2640 3332 ἐπανήξει.
2662 3261 2776 3316 Νῦν
2807 3263 2906 3333 μὲν
2929 3263 3037 3334 γὰρ
3059 3263 3121 3316 τδ
3148 3263 3367 3334 χρυσίον
3384 3262 3704 3331 κομίζεσθαι

2128 3355 2257 3425 παρ’
2294 3353 2472 3408 αὐτῶν
2505 3354 2549 3386 ⁷⁸
2579 3357 2678 3424 τῆς
2717 3356 2874 3422 ἀξίας
2914 3357 3080 3410 ἕνεκα
3109 3373 3124 3388 ³
3157 3358 3206 3409 εί
3233 3356 3290 3409 δέ
3318 3357 3412 3410 καὶ
3457 3353 3714 3426 Πάρθους

2127 3449 2222 3500 καὶ
2250 3447 2467 3517 Μήδους
2501 3449 2594 3501 καὶ
2623 3448 2837 3520 Πέρσας
2873 3449 3306 3519 παρασίιιήσοιτο⁹
3352 3449 3537 3501 ούκέτι
3576 3448 3718 3500 Ῥω-

2130 3538 2308 3606 μαίων
2356 3537 2646 3602 ἀνέξεσθαι
2677 3539 2777 3610 τὴν
2839 3539 3003 3593 αὑτοῦ
3053 3539 3454 3610 νοσφιζομένων
3509 3538 3716 3609 ἀρχὴν,

2127 3630 2264 3682 ἀλλά
2297 3628 2636 3699 θεράποντας
2697 3630 3011 3700 περιφανῶς
3060 3630 3407 3701 ἡγησάμενον
3457 3629 3723 3700 χαλεπώο

2127 3736 2260 3789 τερα
2284 3719 2562 3786 ἐπιτάξειν
2595 3719 2689 3772 καὶ
2719 3720 2818 3772 οὐκ
2843 3720 3045 3772 ἀνεκτὰ
3078 3721 3306 3782 ἐκείνοις
3334 3721 3716 3788 ἐπιτάγματα.

2126 3806 2236 3865 Ἦν
2257 3811 2314 3864 δέ
2345 3813 2492 3878 ἀξία,
2521 3806 2589 3884 ἧς
2620 3812 2648 3863 ὁ
2681 3811 3117 3874 Κωνσταντίολος
3137 3811 3480 3882 ἐπεμνήσθη,
3511 3827 3716 3881 στρατ-

2128 3904 2264 3972 ηγοῦ
2327 3901 2613 3974 Ῥωμαίων
2641 3941 2656 3966 ,
2716 3899 2784 3974 ἧς
2835 3903 2995 3973 χάριν
3026 3903 3054 3954 ὁ
3085 3901 3347 3972 ’Δττήλας
3371 3903 3520 3971 παρὰ
3557 3901 3718 3968 βασις

2128 3995 2264 4057 λέως
2311 3993 2552 4047 ἐδέδεκτο
2603 3993 2697 4047 τοῦ
2725 3995 2770 4025 ⁷⁸
2793 3995 2904 4056 τοῖς
2938 3995 3264 4064 στρατηγοῖς
3301 3991 3709 4062 χορηγουμένου

2129 4087 2226 4151 τὰς
2273 4086 2553 4152 συντάξεις
2584 4087 2988 4158 ἐκπέμπεσθαι.
3035 4087 3259 4156 Ἔλεγεν
3283 4082 3375 4139 οὖν
3413 4085 3546 4156 μετά
3575 4085 3708 4154 Μή-

2129 4183 2249 4246 δους
2277 4183 2368 4236 καὶ
2399 4183 2648 4254 Πάρθους
2676 4182 2770 4234 καὶ
2800 4181 3020 4248 Πέρσας
3065 4179 3225 4232 τοῦτο
3253 4178 3539 4248 τὸ·δνομα,
3569 4179 3714 4248 ὅπερ

2130 4271 2291 4322 αὑτὸν
2327 4267 2604 4338 βούλονται
2656 4268 2917 4336 Ῥωμαῖοι
2977 4265 3184 4331 καλεῖν,
3237 4265 3331 4318 καὶ
3382 4265 3484 4335 τὴν
3529 4262 3716 4329 ἀξίαν,

2131 4351 2166 4431 ᾖ
2188 4358 2349 4412 αὐτὸν
2369 4355 2720 4426 τετιμηκέναι
2737 4355 3072 4422 νομίζουσιν,
3096 4353 3532 4424 ἀποσεισάμενον
3549 4353 3720 4420 ἀναγ-

458 4459 618 4514 quam
650 4445 723 4500 illi
752 4447 1054 4501 ornamenti
1088 4447 1205 4502 loco
1231 4463 1351 4503 esse
1394 4451 1728 4514 existimant,
1767 4452 2022 4520 repudia~

2131 4449 2320 4503 κάσειν
2347 4449 2390 4479 7‘
2455 4449 2593 4515 σφᾶς
2624 4446 2746 4499 ἀντὶ
2801 4444 3114 4517 στρατηγοῦ
3167 4444 3396 4515 βασιλέα
3435 4460 3721 4514 προσαγο-

461 4543 662 4598 turum,
687 4545 744 4590 et
772 4551 869 4606 pro
897 4537 1035 4596 duce
1065 4547 1375 4593 coacturum
1409 4554 1502 4594 eos
1539 4555 1598 4595 se
1626 4555 1807 4610 regem
1844 4541 2028 4610 appel-

459 4625 593 4681 lare.
630 4625 749 4681 Jam
785 4637 894 4682 tum
922 4629 1064 4683 enim
1097 4629 1406 4700 indignatus
1435 4631 1667 4698 dicebat,
1702 4632 1809 4687 illis
1842 4647 2029 4688 servos

460 4729 580 4770 esse
608 4717 941 4772 exercituum
973 4719 1156 4798 duces,
1204 4721 1308 4775 sibi
1345 4735 1474 4775 vero
1512 4723 1655 4778 viros
1687 4723 2030 4792 imperatori-

459 4805 566 4860 bus
597 4803 857 4863 Romanis
886 4808 1147 4879 dignitate
1174 4826 1351 4882 pares.
1393 4811 1460 4866 Et
1488 4813 1634 4868 brevi
1679 4814 1893 4882 quidem
1926 4814 2029 4869 sibi

465 4897 719 4964 potentia:
753 4900 1117 4954 accessionem
1159 4901 1297 4968 fore,
1350 4903 1491 4972 quod
1537 4912 1592 4957 et
1637 4904 1792 4969 deus,
1842 4903 2033 4959 Martis

467 5003 601 5043 ense
631 4989 682 5042 in
713 4989 884 5045 lucem
915 4999 1208 5060 protracto,
1244 4995 1599 5061 portenderit.
1643 4993 1740 5048 Hic
1783 5004 2034 5064 tanquam

470 5093 624 5134 sacer
658 5090 712 5135 et
736 5081 837 5135 deo
863 5081 1126 5137 bellorum
1159 5085 1372 5154 praesidi
1403 5087 1701 5149 dedicatus,
1749 5101 1779 5139 a
1810 5085 2038 5156 Scytha-

473 5186 588 5224 rum
622 5172 842 5243 regibus
862 5172 988 5227 olim
1032 5172 1335 5244 colebatur,
1375 5184 1429 5230 et
1464 5177 1647 5230 multis
1673 5177 1902 5245 {szcculis
1931 5193 2034 5231 non

474 5262 642 5330 visus,
670 5263 823 5320 bovis
849 5264 1148 5321 ministerio
1184 5265 1359 5321 fuerat
1391 5276 1516 5321 tunc
1547 5269 1803 5336 temporis
1828 5279 2034 5322 erutus.

2133 4540 2330 4611 ρεύειν.
2366 4539 2507 4609 Ἤδη
2540 4536 2647 4608 γὰρ
2679 4543 2775 4591 καὶ
2803 4537 3208 4607 χαλεπαίνοντα
3229 4538 3423 4602 εἰπεῖν,
3458 4536 3535 4598 ὡς
3563 4534 3720 4588 ἐκεί.

2131 4649 2207 4703 νῳ
2241 4631 2338 4701 μὲν
2389 4631 2442 4682 οί
2468 4628 2631 4682 αὑτοῦ
2681 4628 3012 4698 θεράποντές
3064 4630 3170 4681 είσι
3207 4628 3526 4699 στρατηγοὶ,
3563 4626 3722 4696 αὐτῷ

2129 4721 2189 4774 δὲ
2221 4723 2270 4773 οί
2298 4723 2409 4782 τοῖς
2429 4719 2474 4752 ’⁸
2501 4718 2845 4790 βασιλεύουσι
2897 4719 2912 4737 ⁹
2938 4719 3209 4788 Ρωμαίων
3238 4719 3512 4788 ὁμότιμοι.
3551 4718 3720 4769 Ἐσε-

2138 4811 2261 4866 σθαι
2299 4812 2357 4865 δὲ
2398 4813 2497 4864 οὐκ
2527 4811 2605 4873 είς
2653 4810 2871 4880 μακρὰν
2906 4811 3004 4879 τῆς
3073 4809 3353 4880 παρούσης
3379 4793 3528 4879 αύτῷ
3556 4808 3726 4862 δυνά-

2137 4922 2280 4975 μεως
2312 4903 2537 4973 αὔξησιν
2569 4919 2579 4931 ·
2613 4903 2898 4974 σημαίνειν
2925 4903 2971 4935 ⁷⁸
3007 4903 3100 4956 καὶ
3126 4903 3169 4936 ⁷⁵
3193 4903 3352 4955 τοῦτο
3380 4902 3472 4956 τὸν
3498 4901 3632 4954 Θεὸν
3655 4903 3725 4953 τὸ

2133 4996 2226 5050 τοῦ
2266 4996 2460 5066 Ἀρεος
2493 4997 2846 5065 ἀναφήναντα
2881 4994 3053 5062 ξίφος,
3118 4993 3254 5065 ὅπερ
3305 4994 3364 5047 ὃν
3419 4993 3564 5062 ἱερὸν
3624 4993 3726 5045 καὶ

2140 5088 2290 5157 παρὰ
2317 5087 2425 5140 τῶν
2454 5086 2738 5140 Σκυθικῶν
2782 5086 3050 5156 βασιλέων
3073 5085 3403 5157 τιμώμενον,
3432 5079 3520 5137 οἷα
3547 5084 3612 5154 δὴ
3640 5083 3727 5152 τῷ

2137 5179 2319 5248 ἐφόρῳ
2367 5177 2476 5231 τῶν
2525 5177 2777 5248 πολέμων
2833 5177 3215 5247 ἀνακείμενον,
3264 5179 3323 5230 ἐν
3372 5178 3484 5239 τοῖς
3547 5175 3726 5228 πάλαι

2137 5268 2502 5337 ἀφανισθῆναι
2527 5269 2760 5338 χρόνοις,
2785 5263 2906 5322 εἶτα
2959 5268 3049 5321 διὰ
3096 5268 3217 5338 βοὸς
3248 5267 3561 5340 εὑρεθῆναι.

1768 5397 2003 5454 νΑΒΙΑῈ
2042 5399 2449 5455 LECTIONES.

535 5518 579 5550 °°
611 5519 838 5588 ἀναφερ.
861 5517 951 5582 Ν.,
981 5518 1244 5586 ἀναφλεγ.
1288 5519 1456 5588 vulg..
1482 5519 1766 5588 ἀναπεμπ.
1794 5518 1857 5572 Π.
1931 5521 1974 5551 ⁸⁷
2005 5520 2210 5588 τὴνίΜ.
2239 5549 2308 5559 --
2328 5520 2426 5587 τῆς
2454 5520 2724 5585 Σκυθικῆς
2777 5519 2922 5586 conj.
2958 5515 3024 5571 N.
3067 5518 3111 5550 ⁸⁸
3139 5519 3337 5582 αὐτοὺς
3389 5521 3494 5572 vel.
3537 5519 3580 5550 “
3615 5535 3728 5569 πα-

473 5587 847 5656 ραστήσασθαι
880 5589 1026 5659 vulg.
1099 5589 1143 5620 "°
1176 5589 1351 5640 αὐτῶν
1383 5587 1820 5659 Νηαύτῴτίιις.
1887 5590 1930 5620 ⁷⁸
1959 5587 2171 5654 τοῦνΝη
2211 5591 2272 5642 τὸ
2321 5589 2411 5640 τοῦ
2444 5590 2588 5659 vulg.
2664 5590 2708 5620 ⁷³
2731 5588 3064 5659 ἀναγκάσειν
3099 5588 3186 5659 Ν.,
3230 5591 3544 5656 ἀναγκάσας
3577 5588 3726 5659 vulg.

471 5659 517 5730 ’ᾖ
541 5659 598 5730 ὀί
627 5663 738 5721 τοῖς
767 5659 890 5727 βασ.
923 5658 1009 5730 IL,
1042 5659 1104 5730 ού
1143 5660 1254 5722 τοῖς
1283 5659 1404 5728 βασ.
1451 5659 1593 5730 vulg.
1671 5659 2036 5729 ⁷⁵,σημαίνειν
2065 5689 2133 5699 —-
2168 5658 2660 5729 ἀναφήνανταΒ.,
2706 5658 3028 5727 συμϐαίνειν
3067 5690 3135 5698 -
3165 5658 3536 5730 ἀναφήναντος
3576 5658 3726 5727 vulg.

472 5725 514 5758 ’⁸⁵
536 5726 591 5779 δὲ
619 5743 714 5796 pro
751 5725 841 5782 καὶ
870 5729 1013 5797 conj.
1051 5727 1117 5782 Ν.
