4050 6428
333 323 443 386 737

1092 319 1190 381 DE
1233 318 1796 381 LEGATIONIBUS
1831 318 2324 380 ROMANORUM
2360 321 2462 381 AD
2499 320 2815 382 GENTES.

3477 325 3586 386 738

411 431 518 486 Kal
562 431 794 486 ἑκάστου
827 428 1006 496 λέγειν
1031 447 1081 482 τι
1114 430 1372 499 περὶτῶν
1403 429 1760 484 καθεστώτων
1793 429 1918 498 βου·

2078 431 2226 485 'Dum
2261 432 2335 486 ita
2371 432 2436 488 de
2470 433 2721 502 praesenti
2754 448 2933 487 rerum
2976 441 3118 489 statu
3154 434 3587 505 confabulamur,

333 523 588 593 λομένου,
623 519 945 589 Ὀνηγησίου
979 518 1387 585 ὑπεξελθόντος,
1417 520 1563 591 παρ’
1593 520 1754 574 αὑτὸν
1813 521 1910 590 ἡλ-

336 613 525 683 θομεν,
572 611 667 665 καὶ
702 609 1058 681 ἐπειρώμεθα
1107 611 1234 682 περὶ
1282 611 1390 664 τῶν
1451 612 1912 682 ἐσπουδασμένων

338 704 656 776 μανθάνειν.
676 702 734 756 ’0
751 703 807 754 δέ
833 720 940 756 τισι
973 703 1237 774 πρότερον
1261 703 1568 775 Βαρϐάροις
1588 703 1910 774 διαλεχθεὶς,

333 794 604 848 πυθέσθαι
642 811 708 864 με
734 795 887 864 παρὰ
914 794 1219 864 Μαξιμίνου
1259 797 1527 866 ἐπέτρεπε
1585 795 1707 850 τίνα
1783 798 1916 850 Ῥω-

336 889 495 957 μαῖοι
556 886 726 956 ἄνδρα
753 886 862 938 τῶν
924 885 1206 939 ὑπατικῶν
1265 887 1416 957 παρὰ
1464 886 1556 940 τὸν
1635 888 1912 956 Ἀττήλαν

333 977 776 1049 πρεσϐευόμενον
800 976 1125 1030 στέλλουσιν.
1159 975 1246 1040 Ὠς
1281 977 1337 1032 δὲ
1383 977 1666 1049 παρελθὼν
1694 980 1774 1042 είς
1801 980 1916 1054 λτὴν

335 1069 547 1140 σκηνὴν
595 1069 854 1139 ἔφραζον,
928 1067 1070 1139 ἆπερ
1134 1069 1320 1139 εῐρητό
1381 1086 1493 1138 μοι,
1548 1071 1692 1124 καὶό
1749 1089 1800 1123 τι
1838 1071 1918 1123 δεῖ

332 1160 521 1228 λέγειν
565 1155 640 1213 ὧν
693 1161 856 1230 χάριν
911 1161 939 1212 ό
977 1151 1261 1230 Βάρϐαρος
1306 1161 1466 1232 ἡμῶν
1523 1161 1756 1214 ἐπύθετο
1801 1163 1919 1232 ἅμα

329 1251 415 1322 τῷ
469 1250 762 1320 Μαξιμίνῳ
843 1250 1270 1320 βουλευσάμενος
1329 1250 1631 1320 ἐπανῆλθον
1701 1252 1776 1314 ὡς
1826 1252 1916 1304 τὸν

344 1343 691 1414 Ὀνηγησιον,
737 1342 932 1410 λέγων,
965 1342 1040 1405 ὡς
1082 1342 1324 1394 ἐθέλουσι
1374 1344 1472 1412 μὲν
1526 1344 1785 1413 Ῥωμαῖοι
1819 1345 1917 1397 αὑ-

331 1436 429 1488 τὶν
488 1435 534 1465 ⁷⁸
565 1434 716 1506 παρὰ
762 1434 902 1501 σφᾶς
948 1433 1170 1486 ἐλθόντα
1232 1433 1341 1485 τῶν
1391 1434 1708 1503 ἀμφιϐόλων
1754 1435 1916 1488 ἐνεκα

333 1524 702 1592 διαλέγεσθαι,
752 1525 800 1576 εί
850 1523 906 1576 δέ
939 1521 1132 1576 τούτου
1184 1523 1560 1594 διαμάρτοιεν,
1611 1525 1918 1595 ἐκπέμψειν

339 1617 564 1688 βασιλέα
580 1617 637 1667 ὃν
664 1615 910 1685 βούλεται
944 1615 1435 1684 πρεσϐευσάμενον.
1460 1615 1569 1668 Kal.
1592 1613 1753 1677 εὐθὺς
1786 1631 1918 1684 μετ·

347 1709 487 1761 ιέναι
531 1723 596 1775 με
615 1707 704 1758 τὸν
755 1705 1058 1775 Μαξιμῖνον
1105 1706 1565 1776 παρεκελεύσατο,
1593 1708 1688 1759 καὶ
1713 1706 1916 1776 ἥκοντα

2017 521 2315 592 Onegesius
2337 522 2484 592 foras
2511 524 2730 592 prodiit,
2763 524 2829 575 ad
2853 537 3037 592 quem,
3066 531 3124 577 ut
3153 539 3216 578 ex
3256 539 3321 579 eo
3349 526 3588 582 discere-

2017 629 2154 678 mus,
2185 628 2304 682 quae
2334 623 2534 668 nostra;
2573 629 2718 668 cura:
2751 615 3038 668 commissa
3069 614 3309 680 l’ueraut,
3356 621 3592 674 accessi-

2016 717 2158 757 mus.
2199 703 2294 758 lllo
2335 719 2466 758 vero
2510 705 2661 774 prius
2703 719 2824 758 cum
2871 706 3053 760 nescio
3097 706 3299 774 quibus
3331 705 3590 762 Barbaris

2015 793 2331 859 collocutus,
2380 809 2621 863 quaerere
2662 809 2747 848 me
2788 810 2854 849 ex
2885 795 3180 851 Alaximino
3212 796 3396 866 jussit,
3431 813 3589 866 quem

2015 881 2244 937 Romani
2271 898 2336 938 ex
2362 884 2740 938 consularibus
2773 885 3004 954 legatum
3043 885 3107 939 ad
3140 885 3361 940 Attilam
3405 896 3590 942 essent

2016 975 2258 1029 missuri.
2305 975 2371 1031 Ut
2415 977 2467 1029 in
2513 977 2802 1030 tentorium
2851 975 2992 1042 veni,
3025 986 3080 1030 et
3110 976 3424 1044 Maximino,
3472 994 3593 1047 qua:

2017 1066 2148 1120 mibi
2177 1065 2476 1134 Onegesius
2517 1067 2748 1134 dixerat,
2796 1067 2973 1131 retuli,
3003 1067 3185 1121 habita
3221 1071 3288 1123 de
3316 1083 3405 1135 eo,
3447 1071 3590 1137 quod

2018 1157 2270 1212 Barbaris
2304 1157 2734 1227 respondendum
2771 1168 2935 1225 esset,
2972 1159 3378 1222 deliberatione,
3431 1160 3589 1224 redii,

2017 1249 2235 1318 dixique
2261 1247 2548 1318 Onegesio,
2583 1246 2858 1304 Romanos
2891 1263 3214 1318 magquere
3256 1249 3590 1312 desiderem,

2014 1339 2168 1393 illum
2199 1353 2420 1392 suarum
2450 1353 2572 1392 cum
2604 1338 2767 1392 Attila
2795 1339 3290 1393 controversiarum
3322 1339 3592 1408 discepta-

2019 1439 2188 1483 torem
2229 1429 2298 1482 ad
2325 1443 2384 1482 se
2412 1429 2690 1482 accedere.
2731 1427 2849 1494 Qua
2887 1443 2986 1496 spe
3035 1429 3081 1480 si
3112 1427 3437 1489 exciderint,
3484 1427 3588 1480 im-

2018 1524 2345 1584 peratorem,
2376 1530 2534 1584 quem
2567 1516 2668 1570 sibi
2713 1515 2950 1580 libuerit,
2996 1515 3226 1584 legatum
3274 1516 3588 1570 missurum.

2017 1605 2303 1676 Extemplo
2353 1620 2438 1661 me
2479 1606 2826 1662 Maximinum
2854 1622 3130 1662 arcessere
3166 1607 3348 1675 jussit,
3404 1623 3592 1678 quem,

2021 1706 2080 1750 ut
2108 1697 2271 1762 venit,
2302 1698 2367 1751 ad
2400 1697 2622 1751 Attilam
2659 1699 2902 1752 deduxit.
2942 1699 3097 1753 Unde
3136 1714 3240 1752 non
3273 1699 3440 1752 multo
3470 1709 3592 1768 post

347 1797 504 1852 αὑτὸν
540 1793 646 1870 ἦγε
694 1797 844 1868 παρὰ
890 1798 981 1850 τὸν
1048 1796 1469 1868 Ἀττήλαν.Καλ⁸
1521 1798 1717 1868 μικρὸν
1748 1797 1906 1850 ὑστε-

2027 1787 2341 1843 llaximinus
2364 1802 2634 1853 reversus,
2659 1789 2922 1854 narravit,
2935 1787 3234 1844 Barbarum
3247 1791 3404 1856 velle,
3425 1791 3594 1861 impe-

340 1909 438 1965 ρον
456 1893 759 1958 ὑπεξελθὼν
776 1895 802 1946 ὁ
823 1893 1122 1962 Μαξιμῖνος
1139 1893 1346 1960 ἔλεγεν,
1376 1892 1579 1944 ἐθέλειν
1600 1891 1688 1944 τὸν
1707 1891 1892 1961 Βάρϐα
1905 1920 1919 1932 -

339 2002 436 2056 ρον
455 1985 634 2056 Νόμον
660 1985 692 2054 ἢ
729 1985 1030 2038 ’Δνατόλιον
1052 1984 1372 2056 ἧΣενάτορα
1388 1983 1806 2053 πρεσϐεύεσθαι·
1844 1983 1919 2053 μὴ

337 2077 450 2148 γὰρ
476 2075 540 2130 ἂν
561 2077 715 2130 ἄλλον
745 2077 895 2148 παρὰ
915 2077 1038 2139 τοὺς
1069 2075 1388 2146 εἰρημένους
1417 2075 1663 2139 δέξεσθαι
1712 2075 1777 2126 ⁷⁷.
1812 2074 1922 2126 Καὶ

335 2166 418 2229 ὡς
447 2165 607 2220 αὑτοῦ
637 2167 1072 2239 ἀποκριναμένου
1125 2166 1201 2236 μὴ
1255 2166 1452 2236 χρῆναι
1486 2166 1579 2218 ἐπὶ
1631 2165 1729 2232 τὴν
1787 2180 1922 2234 πρε-

340 2257 440 2313 σσε
451 2258 534 2312 ίαν
549 2259 671 2320 τοὺς
688 2259 888 2330 ἄνδρας
909 2257 1178 2310 καλοῦντα
1199 2257 1471 2318 ὑπόπτους
1487 2257 1748 2328 καθιστᾷν
1769 2257 1921 2327 βασι-

338 2347 452 2412 λεῖ,
483 2347 767 2418 είρηκέναι
797 2347 888 2399 τὸν
917 2346 1206 2416 Ἀττήλαν,
1237 2347 1287 2398 εί
1321 2346 1396 2415 μὴ
1424 2346 1627 2399 ἕλοιντο
1652 2349 1850 2412 ποιεῖν,
1884 2346 1921 2401 ἃ

342 2440 614 2512 βούλεται,
632 2440 818 2504 ὅπλοις
833 2439 902 2492 τὰ
927 2440 1201 2509 ἀμφίϐολα
1228 2438 1698 2510 διακριθήσεσθαι.
1726 2439 1924 2493 Ἐπαν-

340 2533 606 2588 ελθόντων
663 2533 719 2586 δέ
756 2533 912 2603 ἡμῶν
965 2537 1022 2596 ἐς
1070 2532 1168 2602 τὴν
1204 2531 1480 2603 σκηνὴν,ό
1506 2530 1599 2584 τοῦ
1663 2531 1921 2601 Ὀρέστου

341 2625 529 2698 πατὴρ
584 2621 687 2698 ἧκε
717 2626 910 2694 λέγων,
950 2625 1026 2688 ὡς
1065 2625 1432 2695 Ἀμφοτέρους
1461 2625 1603 2693 ὑμᾶς
1653 2624 1699 2657 ⁷³
1733 2625 1924 2695 Ἀττή-

343 2721 444 2782 λας
498 2719 589 2772 ἐπὶ
637 2719 697 2772 τὸ
753 2719 1053 2790 συμπόσιον
1105 2717 1432 2788 παρακαλεῖ,
1485 2715 1809 2787 γενήσεσθαι
1868 2716 1924 2769 δὲ

345 2813 482 2866 αὐτὸ
530 2811 652 2883 περὶ
701 2811 747 2863 θ’
775 2813 874 2880 τῆς
917 2812 1158 2881 ἡμέρας.
1231 2809 1318 2873 Ὠς
1350 2808 1406 2862 δὲ
1428 2808 1520 2862 τὸν
1544 2810 1736 2878 καιρὸν
1791 2809 1924 2876 ἐφυ-

343 2901 587 2972 λάξαμεν
648 2901 745 2956 καὶ
790 2902 882 2954 ἐπὶ
937 2901 998 2954 τὸ
1053 2900 1264 2953 δεῖπνον
1316 2898 1605 2970 κληθέντες
1673 2912 1918 2967 παρεγει-

344 2991 552 3060 νόμεθα
572 2993 734 3062 ἡμεῖς
778 3007 838 3043 τε
895 2990 984 3043 καὶ
1045 2990 1094 3042 οἱ
1150 2988 1258 3044 ἀπὸ
1296 2988 1406 3042 τῶν
1454 2987 1723 3058 ἐσπερίων
1797 2987 1925 3038 Ῥω-

2022 1887 2258 1934 ratorem
2292 1879 2360 1933 ad
2385 1893 2443 1934 se
2466 1880 2680 1936 mittere
2704 1880 2908 1950 legatos
2929 1891 3024 1935 aut
3048 1880 3304 1949 Nouium,
3326 1892 3418 1936 aut
3443 1883 3591 1937 Ana-

2023 1971 2233 2036 tolium,
2265 1970 2722 2038 autSenatorem,
2751 1987 2928 2043 neque
2956 1974 3094 2029 ullos
3120 1974 3254 2029 alios
3279 1977 3595 2044 praeteritos

2023 2063 2405 2118 admissurum.
2474 2062 2540 2118 Et
2581 2078 2706 2120 cum
2753 2063 3076 2121 Maximinus
3154 2067 3270 2137 66
3311 2067 3593 2134 obiiceret,

2021 2155 2246 2209 minime
2295 2143 2585 2210 convenire
2643 2155 2868 2226 legatos,
2914 2158 3008 2225 qui
3057 2158 3122 2211 ad
3162 2173 3223 2213 se
3283 2159 3591 2226 mittantur,

2024 2246 2358 2316 designando
2398 2255 2678 2318 suspectos
2707 2249 3016 2316 imperatori
3073 2251 3318 2318 reddere,
3369 2251 3594 2306 Attilam

2025 2337 2390 2407 respondisse,
2416 2336 2461 2392 si
2492 2338 2605 2393 hac
2637 2339 2945 2405 abnuerint,
2989 2343 3157 2396 armis
3187 2358 3246 2397 se
3276 2353 3593 2398 controver-

2023 2430 2133 2482 sias
2182 2428 2630 2498 disceptaturum.
2691 2428 2943 2486 Reversis
2980 2431 3137 2486 nobis
3165 2433 3220 2486 in
3277 2435 3592 2500 tentorium,

2024 2534 2151 2575 ecce
2177 2521 2242 2574 ad
2281 2536 2380 2575 uos
2412 2519 2620 2577 Orestis
2645 2532 2832 2589 pater:
2888 2540 2908 2574 ι
2939 2522 3042 2576 Vos
3065 2523 3278 2588 ambos,
3303 2525 3496 2592 inquit,
3527 2526 3594 2579 ad

2024 2615 2331 2668 convivium
2360 2614 2551 2669 invitat
2580 2615 2796 2680 Attilas,
2839 2613 2930 2670 ﬁet
2964 2629 3087 2670 vero
3129 2616 3257 2670 illud
3287 2619 3353 2670 ad
3396 2631 3593 2672 nonam

2026 2704 2129 2759 diei
2165 2707 2372 2759 horam.
2402 2723 2421 2756 ι
2472 2705 2735 2774 Tempore
2768 2707 3018 2761 condicto
3045 2709 3353 2771 observato,
3400 2717 3460 2762 ut
3501 2723 3598 2763 ve-

2027 2799 2228 2862 nimus,
2275 2807 2328 2852 et
2357 2813 2466 2852 una
2508 2812 2724 2867 quoque
2765 2796 3133 2853 Romanorum
3166 2800 3598 2857 Occidentalium

2026 2888 2211 2956 legati,
2259 2890 2510 2944 stetimus
2561 2890 2616 2943 in
2657 2890 2842 2944 limine
2892 2891 3384 2957 ctenaculi.coram
3409 2893 3594 2950 Attila.

2027 2981 2127 3037 llic
2158 2985 2445 3052 piucernzn,
2493 2994 2550 3038 ut
2589 2999 2706 3040 mos
2737 2995 2822 3040 est
2853 2987 2906 3040 in
2937 2986 3048 3041 illis
3080 2987 3414 3057 regionibus,
3467 2987 3601 3042 cali-

346 3083 525 3154 μαίων
585 3080 864 3152 πρέσϐεις,
926 3081 1163 3150 ἔστημεν
1244 3080 1337 3133 ἐπὶ
1393 3077 1487 3132 τοῦ
1551 3077 1707 3132 οὐδοῦ
1767 3077 1924 3131 ἀντία

2032 3090 2147 3130 cem
2177 3077 2531 3142 tradiderunt,
2557 3084 2614 3131 ut
2640 3085 2766 3132 ante
2793 3079 3099 3134 accubitum
3128 3091 3251 3133 veta
3275 3079 3598 3136 faceremus.

347 3173 598 3246 ’Δττήλα.
659 3173 770 3228 Kal.
809 3173 1003 3227 κύλικα
1049 3175 1092 3205 ⁷⁸
1139 3174 1189 3226 οί
1219 3168 1447 3242 οἰνοχόοι
1512 3171 1654 3225 κατὰ
1701 3172 1765 3223 τὸ
1797 3172 1918 3224 ἐπι-

346 3266 548 3336 χώριον
598 3265 863 3318 ἐπέδοσαν
896 3265 1037 3330 ἔθος,
1073 3263 1148 3327 ὡς
1175 3266 1268 3317 καὶ
1313 3264 1462 3334 ἡμᾶς
1491 3262 1598 3332 πρὸ
1625 3261 1722 3329 τῆς
1762 3259 1926 3330 ἓδρας

345 3357 703 3425 ἐπεύξασθαι.
732 3352 808 3412 OB
839 3357 902 3427 δὴ
942 3355 1262 3426 γενομένου,
1290 3355 1390 3423 τῆς
1423 3354 1646 3415 κύλικος
1675 3355 1916 3419 ἁπογευ·

348 3451 574 3519 σάμενοι
596 3451 688 3502 ἐπὶ
715 3448 842 3512 τοὺς
866 3448 1086 3518 θρόνους
1112 3447 1368 3518 ἤλθομεν,
1407 3438 1468 3496 οὑ
1493 3445 1598 3495 ἔδει
1631 3441 1928 3494 καθεσθέν-

344 3555 445 3602 τας
465 3540 728 3594 δειπνεῖν.
753 3540 894 3610 Πρὸς
915 3541 970 3592 δὲ
990 3542 1102 3601 τοῖς
1126 3536 1323 3606 τοίχοις
1340 3535 1432 3588 τοῦ
1449 3535 1746 3603 οἰκήματος
1783 3532 1923 3585 πάν-

347 3648 439 3695 τες
497 3632 744 3702 ὑπῆρχον
801 3632 852 3684 οἱ
906 3631 1088 3700 δίφροι
1127 3629 1188 3693 ἐξ
1224 3628 1492 3697 ἑκατέρας
1533 3625 1796 3694 πλευρᾶς.
1840 3621 1928 3674 Ἐν

358 3725 657 3795 μτσωτάτῳ
722 3723 779 3777 δέ
805 3719 940 3795 ἦστο
987 3723 1080 3776 ἐπὶ
1131 3721 1321 3790 κλίνης
1369 3717 1704 3787 δ’Δττήλας,
1736 3713 1930 3785 ἐτέρας

358 3814 638 3879 ἐξόπισθεν
672 3815 858 3880 κλίνης
886 3814 1239 3885 ὑπαρχούσης
1261 3809 1429 3880 αὐτῷ,
1452 3807 1551 3878 μεθ
1568 3808 1582 3828 ⁸
1607 3806 1674 3876 ἢν
1732 3802 1930 3874 βαθμοι

361 3921 502 3970 τινες
515 3909 604 3960 ἐπὶ
637 3907 736 3978 τὴν
752 3907 915 3960 αὑτοῦ
935 3907 1136 3976 ἀνῆγον
1158 3903 1342 3972 εὐνὴν,
1373 3896 1791 3965 καλυπτομένην
1815 3893 1933 3946 ὀθό-

366 4016 481 4062 ναις
513 4000 608 4052 καὶ
671 3999 935 4059 ποικίλοις
977 3996 1442 4066 παραπετάσμασι
1503 3990 1706 4058 κόσμου
1750 3986 1929 4056 χάριν,

356 4091 609 4162 καθάπερ
645 4091 736 4144 ἐπὶ
779 4090 888 4142 τῶν
911 4087 1231 4159 γαμούντων
1256 4082 1516 4152 Ἕλληνές
1573 4097 1633 4132 τε
1667 4079 1760 4132 καὶ
1797 4077 1933 4129 Ῥω-

357 4189 508 4256 μαῖοι
547 4182 1038 4248 κατασκευάζουσι.
1109 4181 1220 4234 Καὶ
1261 4180 1484 4251 πρώτην
1528 4177 1626 4246 μὲν
1683 4172 1933 4242 ἐνόμιζον

353 4279 462 4334 τῶν
515 4279 879 4333 δειπνούντων
924 4275 1079 4341 τάξιν
1130 4275 1228 4345 τὴν
1256 4275 1314 4326 ὲν
1372 4268 1522 4340 δεξιᾷ
1550 4267 1644 4320 τοῦ
1677 4264 1930 4336 Ἀττήλαν

358 4373 622 4442 δευτέραν
661 4371 718 4424 δὲ
741 4371 841 4441 τὴν
872 4368 1172 4440 εὐώνυμον,
1198 4369 1256 4420 ἐν
1354 4362 1726 4431 ἐτυγχάνομεν
1755 4357 1930 4418 ὄντες,

2029 3168 2148 3234 Quo
2179 3167 2344 3235 facto,
2376 3179 2431 3224 et
2459 3170 2630 3225 calice
2668 3170 2970 3241 deguStato,
2999 3173 3111 3241 ipsa
3140 3171 3296 3238 solia,
3324 3175 3377 3228 in
3407 3175 3603 3242 quibus

2029 3277 2128 3316 nos
2153 3265 2404 3317 sedentes
2432 3277 2654 3320 cmnare
2683 3264 2986 3332 oportebat,
3017 3266 3380 3320 ascendimus.
3407 3266 3602 3321 Omnia

2028 3352 2217 3406 sedilia
2247 3353 2385 3407 circa
2413 3353 2649 3423 parietes
2669 3355 2901 3410 cubiculi
2925 3355 2995 3410 ab
3029 3366 3254 3425 utraque
3289 3367 3440 3426 parte
3487 3359 3604 3413 dis-

2029 3443 2203 3509 posita
2225 3453 2381 3496 erant
2403 3461 2417 3496 :
2460 3443 2670 3498 medius
2691 3442 2747 3496 in
2774 3444 2910 3499 lecto
2935 3447 3160 3498 sedebat
3185 3446 3404 3510 Attilas,
3429 3450 3601 3504 altero

2029 3533 2169 3586 lecto
2200 3547 2228 3584 a
2267 3541 2419 3601 tergo
2450 3541 2647 3596 strato,
2672 3547 2813 3602 pone
2834 3548 2990 3601 quem
3029 3543 3184 3586 erant
3218 3537 3434 3602 quidam
3476 3552 3601 3606 gra-

2030 3621 2152 3688 dus,
2185 3623 2274 3693 qui
2313 3623 2380 3676 ad
2412 3624 2528 3690 ejus
2563 3623 2740 3678 cubile
2762 3623 3028 3689 ferebant,
3053 3623 3233 3678 linteis
3263 3628 3510 3682 candidis
3549 3637 3604 3684 et

2031 3713 2196 3767 variis
2240 3714 2510 3781 tapetibus
2558 3727 2787 3770 ornatus
2817 3715 2991 3785 gratia
3042 3724 3370 3780 contectum,
3424 3719 3604 3775 simile

2032 3805 2321 3870 cubilibus,
2368 3821 2488 3874 qua:
2523 3807 2748 3861 Romani
2779 3818 2832 3863 et
2857 3807 3029 3863 Graeci
3064 3808 3398 3864 nubentibus
3439 3813 3603 3866 ador-

2034 3911 2166 3951 nare
2198 3911 2297 3965 pro
2325 3911 2477 3951 more
2525 3897 2747 3952 habent.
2810 3896 2875 3954 Et
2907 3899 3137 3968 primum
3169 3899 3384 3969 quidem
3417 3901 3600 3957 convi-

2033 4002 2222 4042 varum
2251 3987 2425 4044 locum
2462 3988 2576 4057 ejus
2615 3990 2906 4057 habebant,
2935 3991 3024 4060 qui
3057 3993 3124 4046 ad
3152 3993 3331 4049 Attilae
3360 3995 3606 4050 dextram

2033 4081 2278 4146 sedebat,
2311 4086 2606 4139 secundum
2637 4085 2779 4154 ejus,
2807 4086 2897 4154 qui
2927 4087 2991 4138 ad
3021 4087 3208 4140 laevam
3239 4102 3252 4140 :
3280 4087 3333 4141 in
3365 4103 3471 4158 quo
3501 4103 3603 4146 nos

2033 4184 2088 4230 et
2120 4175 2399 4243 Berichus,
2431 4177 2512 4230 vir
2537 4179 2677 4248 apud
2703 4176 2933 4248 Scythas
2961 4180 3178 4247 nobilis,
3223 4181 3316 4235 sed
3345 4179 3608 4239 Bericlius

2035 4267 2319 4335 superiore
2347 4267 2486 4322 loco.
2523 4267 2660 4321 Nam
2689 4268 2988 4338 Ouegesius
3024 4270 3076 4323 in
3109 4270 3239 4324 sella
3272 4272 3336 4324 ad
3360 4271 3606 4326 dextram

2037 4359 2170 4426 regii
2224 4360 2350 4425 tori,
2376 4370 2433 4415 et
2472 4374 2502 4414 e
2533 4361 2756 4430 regione
2779 4361 3030 4430 Onegesii
3059 4363 3165 4415 duo
3186 4377 3250 4416 ex
3277 4363 3457 4416 Attila:
3483 4362 3610 4418 ﬁliis

357 4453 826 4536 προκαθεσθέντος
892 4461 1048 4531 ἡμῶν
1087 4457 1335 4530 Βερίχου,
1381 4453 1533 4524 παρά
1585 4448 1818 4510 Σκύθαις
1873 4443 1924 4498 εὑ

2038 4453 2320 4508 sedebant.
2359 4453 2554 4508 Senior
2577 4453 2718 4508 enim
2747 4453 2799 4506 in
2823 4455 3036 4516 eodem,
3055 4467 3162 4522 quo
3192 4462 3364 4521 pater,
3390 4453 3606 4519 throno,

354 4558 643 4627 γεγονότος
688 4555 901 4627 ἀνδρόςο
961 4555 990 4608 ὁ
1040 4553 1149 4622 γὰρ
1199 4549 1521 4620 Ὄνηγήσιος
1575 4543 1667 4596 ἐπὶ
1726 4541 1922 4609 δίφρου

354 4645 492 4722 ἧστο
521 4652 579 4702 ἐν
619 4649 774 4719 δεξιᾷ
817 4646 916 4716 τῆς
963 4645 1058 4699 τοῦ
1110 4642 1375 4714 βασιλέως
1431 4637 1641 4706 κλίνης.
1676 4629 1931 4722 Ἀντικρὺ

357 4721 415 4798 δέ
449 4741 542 4796 τοῦ
568 4740 894 4812 Ὀνηγησίου
953 4739 1046 4790 ἐπί
1099 4736 1293 4806 δίφρου
1325 4728 1649 4794 ἐκαθέζοντο
1693 4724 1788 4778 δύο
1827 4721 1934 4776 τῶν

356 4835 591 4906 ’Δττήλα
635 4834 861 4887 παίδων·
892 4833 922 4884 ὁ
968 4831 1078 4902 γὰρ
1128 4827 1500 4900 πρεσϐύτεροῖ
1545 4822 1640 4874 ἐπὶ
1666 4819 1765 4888 τῆς
1796 4813 1938 4906 ex“?

357 4945 450 4983 νου
477 4905 612 4999 ἧστο
660 4925 868 4994 κλίνης,
927 4925 1026 4976 οὑκ
1067 4921 1256 4989 ἐγγὺς,
1278 4920 1393 4972 ἀλλ’
1425 4915 1524 4970 ἐπ’
1549 4912 1751 4981 ἄκρου,
1797 4905 1940 4959 αίδοῖ

355 5021 452 5075 τοῦ
505 5020 710 5091 πατρὸς
751 5017 962 5088 βλέπων
1017 5018 1075 5078 ἐς
1108 5014 1234 5083 γῆν.
1279 5011 1504 5065 Πάντων
1551 5005 1609 5058 δὲ
1659 5005 1716 5054 ἐν
1750 4999 1941 5091 κόσμῳ

357 5085 762 5172 καθεστώτων,
794 5105 1084 5178 παρελθὼν
1111 5101 1349 5172 οἰνοχόος
1398 5097 1473 5168 τῷ
1528 5091 1763 5162 Ἀττὴλᾳ
1794 5085 1940 5139 οἴνου

357 5204 644 5259 κισσύϐιον
696 5199 994 5254 ἐπιδίδωσι.
1058 5196 1360 5265 Δεξάμενος
1409 5192 1467 5245 δέ
1517 5187 1609 5242 τὸν
1651 5187 1721 5254 τῇ
1787 5178 1942 5242 τάξει

360 5298 578 5367 πρῶτον
633 5292 932 5364 ἠσπάζετο.
996 5291 1056 5344 ’0
1096 5289 1154 5342 δέ
1215 5286 1292 5356 τῷ
1337 5279 1615 5351 ἀσπασμῷ
1681 5275 1936 5347 τιμηθεὶς

360 5388 702 5442 διανίστατο·
743 5387 834 5440 καὶ
866 5387 927 5438 οὑ
972 5382 1236 5455 πρότερον
1273 5379 1456 5446 ίζῆσαι
1494 5374 1652 5443 θέμις
1682 5367 1770 5441 ἦν,
1806 5369 1937 5439 πρὶν

361 5480 398 5551 ἢ
421 5479 498 5550 τῷ
540 5479 764 5551 οἰνοχόῳ
793 5476 1237 5546 ἀπογευσάμενος
1265 5471 1297 5542 ἢ
1330 5471 1423 5523 καὶ
1458 5465 1662 5520 ἐκπιὼν
1687 5463 1937 5539 ἀπέδωκε

2043 4561 2147 4600 non
2179 4561 2368 4615 prope,
2419 4546 2512 4600 sed
2559 4545 2784 4599 multum
2833 4544 2969 4597 infra
3021 4544 3393 4610 accumbebat,
3438 4545 3611 4601 oculis

2041 4649 2152 4704 prae
2192 4637 2396 4704 pudore
2428 4615 2650 4705 propter
2693 4633 2862 4702 patris
2903 4635 3243 4702 praesentiam
3296 4649 3510 4705 semper
3555 4635 3610 4689 in

2044 4737 2246 4782 terram
2281 4729 2562 4797 conjectis.
2617 4725 2880 4784 Omnibus
2910 4727 3101 4781 ordine
3135 4726 3469 4792 sedentibus,
3517 4728 3612 4798 qui

2039 4815 2222 4871 Attila:
2245 4825 2363 4871 erat
2392 4831 2422 4871 a
2451 4816 2657 4886 poculis
2683 4817 2990 4886 ingrediens
3016 4826 3260 4886 pateram
3282 4816 3394 4871 vini
3428 4819 3612 4877 tradit.

2039 4905 2190 4960 Hanc
2223 4907 2311 4962 ubi
2343 4907 2605 4977 suscepit,
2649 4907 2953 4974 proximum
2982 4906 3170 4960 ordine
3201 4907 3478 4969 salutavit,
3522 4905 3615 4976 qtil

2039 4997 2368 5053 salutatione
2418 4997 2714 5052 honoratus
2758 4996 3023 5064 surrexit,
3086 5011 3261 5067 neque
3308 4999 3457 5067 prius
3491 5013 3615 5051 eum

2039 5094 2229 5147 sedere
2254 5089 2338 5146 fas
2371 5101 2511 5155 erat,
2541 5105 2703 5160 quam
2734 5105 2940 5144 merum
2975 5089 3288 5158 degustans,
3329 5098 3420 5142 aut
3450 5089 3615 5143 etiam

2041 5184 2287 5247 ebibens,
2313 5183 2562 5252 poculum
2583 5181 2880 5252 pocillatori
2903 5181 3172 5236 redderet.
3195 5181 3414 5235 Sedenti
3434 5190 3617 5234 autem

2044 5279 2225 5333 Attilae
2251 5277 2442 5332 eodem
2473 5274 2652 5341 modo,
2679 5275 2769 5344 qui
2799 5275 3049 5329 convivio
3075 5274 3397 5333 intererant,
3423 5271 3617 5338 pocula

2046 5371 2404 5439 suscipientes
2443 5378 2494 5422 et
2539 5376 2660 5437 post
2693 5366 3070 5420 salutationem
3113 5366 3474 5434 dcgustantes,
3522 5365 3620 5415 bo-

2045 5479 2231 5518 norem
2267 5460 2614 5515 exhibebant.
2669 5459 2977 5528 Unicuique
3008 5471 3136 5512 vero
3165 5469 3300 5510 unus
3336 5449 3623 5524 pocillator

1653 5603 1887 5658 VARIIE
1925 5599 2327 5657 LECTIONES.

446 5743 677 5795 ’σαύτὸν
713 5738 801 5806 Ν.,
829 5739 918 5790 τὸν
955 5734 1099 5804 vulg.
1175 5732 1218 5762 ⁷⁷
1243 5727 1498 5795 δέξασθαι
1533 5725 1679 5796 vulg.
1731 5724 1800 5755 ’⁷⁸
1833 5724 1979 5792 ἡμᾶς
2006 5721 2150 5792 conj.
2185 5719 2245 5774 B.
2322 5719 2366 5751 ⁷⁹
2392 5717 2588 5780 κύλικα
2618 5715 2708 5782 H.,
2742 5710 2976 5767 ἐπύλικα
3005 5708 3150 5777 vulg.
3263 5785 3268 5788 Ι
