4050 6476
417 369 528 433 739
596 410 601 417 -

1317 311 1322 315 ’
1433 356 1823 418 EXCERPTA
1858 353 1961 414 Ex
2002 349 2272 413 rmsco
2312 348 2675 411 RHETORE

3562 341 3671 405 74')

418 487 630 541 aderat.
665 497 849 550 quem,
887 495 1006 533 rum
1060 480 1313 549 piueerna
1335 474 1514 530 Attila:
1538 474 1730 536 exiret,
1776 470 2001 526 introire

2118 468 2165 521 εδ
2215 464 2516 520 κισσύϐιον.
2549 461 2899 516 Καθεσθέντα
2918 459 2973 513 δὲ
2993 457 3152 513 αὑτὸν
3181 455 3273 529 ’τῷ
3302 458 3490 528 τρόπῳ
3546 458 3592 490 ⁸⁸
3623 461 3675 511 οἱ

418 590 519 631 suo
555 573 746 630 ordine
771 570 1033 643 oportuit.
1073 567 1336 624 ’Secuudo
1376 574 1430 621 et
1480 564 1704 631 reliquis
1739 562 1995 630 deinceps

428 671 496 720 ad
534 668 677 719 hunc
704 664 918 717 modum
960 663 1161 714 honore
1192 656 1441 721 affectis,
1481 654 1677 708 Attilas
1720 667 1818 707 nos
1859 665 1997 721 quo-

422 773 529 827 que
563 755 750 811 eodem
804 752 961 806 modo
992 749 1248 805 salutavit
1282 746 1579 801 secundum
1620 743 1863 799 ordinem
1892 743 1999 797 sel-

427 850 623 902 larum.
677 845 812 898 Tum
864 843 1113 897 omnibus
1158 839 1498 895 salutationis
1545 837 1750 891 honore
1795 835 1994 900 delato,

425 941 698 1009 piucernm
750 942 1115 990 recesserunt.
1198 931 1396 985 Mensae
1440 944 1568 983 vero
1622 930 1774 999 juxta
1821 928 2001 982 Attilae

425 1042 666 1083 mensam
692 1034 851 1080 erant
875 1034 1090 1085 erectae,
1114 1022 1449 1090 excipiendis
1472 1021 1643 1074 tribus
1668 1029 1722 1074 et
1748 1028 1998 1087 quatuor,

425 1120 702 1173 autetiam
739 1116 983 1185 pluribus
1013 1118 1259 1171 convivis
1290 1116 1520 1178 idoneas,
1563 1129 1791 1183 quorum
1832 1128 2003 1167 unus-

425 1211 654 1279 quisque
686 1217 898 1277 poterat
927 1207 1151 1261 minime
1195 1216 1568 1275 transgressus
1599 1205 1808 1261 sedium
1853 1205 2002 1259 ordi-

426 1316 521 1354 nes
553 1315 617 1353 ex
668 1298 909 1364 ferculis,
940 1298 1082 1366 quod
1117 1298 1220 1353 sibi
1261 1297 1471 1351 libitutn
1505 1306 1642 1360 erat,
1694 1297 1998 1351 desumere.

426 1388 631 1443 Deinde
659 1388 868 1456 primus
897 1385 952 1439 in
987 1385 1223 1440 medium
1257 1388 1490 1441 accessit
1516 1385 1697 1440 Attilae
1730 1385 2002 1448 minister,

427 1479 667 1546 patinam
704 1477 961 1532 carnibus
1001 1476 1212 1547 plenam
1259 1477 1459 1533 ferens.
1518 1478 1646 1533 Post
1689 1478 1862 1547 ipsum
1913 1478 2003 1546 qui

428 1584 619 1640 panem
661 1568 1043 1621 ministrabant
1093 1567 1200 1639 67
1236 1577 1292 1622 et
1333 1569 1557 1623 obsonia
1602 1571 1804 1631 mensis
1838 1584 2005 1640 appo-

364 1668 371 1676 '
428 1669 672 1715 suerunt.
724 1658 828 1713 Sed
858 1658 1079 1712 cmteris‘
1099 1660 1314 1725 quidem
1345 1658 1599 1713 Barbaris
1629 1669 1683 1714 et
1712 1659 2008 1724 nobisllau-

431 1751 640 1803 tissima
681 1764 834 1803 uena
873 1757 1178 1817 praeparata
1207 1744 1326 1803 erat
1367 1756 1421 1802 et
1454 1749 1507 1803 in
1542 1749 1707 1804 discis
1735 1750 2007 1819 argenteis

432 1841 687 1910 reposita,
734 1840 917 1893 Attilm
944 1840 997 1893 in
1039 1839 1242 1908 quadra
1284 1838 1482 1907 lignea,
1549 1832 1604 1894 et
1643 1839 1775 1894 nihil
1815 1849 2009 1910 praeter

430 1946 650 1986 carnes.
689 1930 1021 1985 Moderatum
1053 1931 1258 1998 pariter
1284 1929 1336 1984 in
1364 1929 1585 1999 reliquis
1612 1931 1858 1986 omnibus
1892 1945 2012 1987 sese

438 2022 733 2091 prmbehat.
777 2021 1031 2076 Convivis
1055 2034 1222 2076 aurea
1266 2028 1319 2076 et
1352 2029 1607 2089 argentea
1652 2021 1843 2088 pocula
1881 2036 2011 2090 sup-

433 2114 840 2182 peditabantur,
863 2111 1043 2166 Attilae
1063 2111 1311 2180 poculum
1337 2121 1457 2167 erat
1481 2112 1738 2183 ligneum.
1773 2112 2011 2182 Simplex

437 2205 727 2260 admodum
764 2204 907 2259 illius
938 2205 1117 2272 ,vestis
1158 2203 1300 2257 nulla
1333 2218 1412 2271 re,
1455 2204 1558 2258 nisi
1596 2204 1873 2269 munditie,
1923 2219 2014 2259 or-

437 2308 565 2352 nata
599 2306 735 2353 erat.
782 2295 970 2366 Neque
997 2294 1113 2365 ejus
1139 2296 1308 2361 ensis,
1341 2310 1514 2366 neque
1550 2296 1856 2352 calceorum
1888 2298 2012 2351 bar-

433 2392 692 2443 barorum
742 2386 1022 2456 ligamina,
1063 2401 1237 2457 neque
1259 2388 1378 2458 ejus
1406 2388 1530 2457 equi
1574 2387 1753 2453 frena,
1802 2396 1862 2442 ut
1883 2386 2013 2442 reli-

430 2494 662 2551 quorum
719 2477 1063 2548 Scytharum,
1123 2492 1258 2532 auro
1302 2487 1396 2533 aut
1448 2478 1717 2546 lapidibus
1767 2485 1860 2532 aut
1907 2477 2012 2533 alia

431 2583 755 2639 quacunque
806 2581 866 2623 re
910 2569 1145 2639 pretiosa
1190 2580 1350 2623 erant
1391 2575 1605 2623 ornata.
1671 2567 1744 2623 Ut
1791 2567 2012 2623 obsonia

431 2662 731 2734 primorum
785 2660 1110 2716 ferculorum
1169 2659 1320 2716 fuere
1359 2662 1720 2731 (consumpta,
1767 2660 2011 2715 surrexi-

433 2767 588 2814 mus,
646 2763 821 2819 neque
876 2749 1025 2818 prius
1076 2749 1364 2819 quisquam
1417 2756 1665 2804 nostrum
1710 2745 1778 2801 ad
1826 2747 2009 2802 sedem

434 2858 595 2896 suam
643 2850 730 2896 est
780 2854 1051 2905 reversus,
1101 2856 1260 2910 quam
1309 2839 1411 2895 sibi
1462 2840 1716 2919 traditam
1767 2848 2010 2910 pateram

434 2934 543 2987 vini
573 2932 810 3002 plenam,
869 2940 1087 2986 servato
1141 2932 1323 3002 priore
1373 2932 1585 2998 ordine,
1631 2929 1852 2985 Attilam
1898 2931 2011 2986 sal—

434 3039 561 3081 vum
585 3034 638 3076 et
663 3022 987 3078 incolumem
1015 3031 1289 3092 precatus,
1318 3021 1599 3109 ebibisset.
1660 3021 1739 3079 Eo
1767 3024 1836 3080 ad
1871 3026 2010 3079 hunc

2101 561 2365 631 παρόντες
2386 560 2609 626 ἐτίμων,
2661 555 2943 625 δεχόμενοι
3003 553 3102 616 τὰς
3154 551 3386 615 κύλικας
3415 553 3511 605 καὶ
3535 552 3680 622 μετά

2102 654 2195 706 τὸν
2254 649 2546 718 ἀσπασμὸν
2593 647 3011 717 ἀπογευόμενοι.
3075 644 3329 713 Ἐκάστῳ
3372 642 3427 696 δὲ
3462 636 3542 706 εἷς
3590 644 3677 695 οἱ·

2101 744 2285 817 νοχόος
2331 742 2538 811 παρῆν,
2589 739 2648 792 ὃν
2695 740 2800 791 ἔδει
2833 738 2974 792 κατὰ
3044 739 3255 807 στοῖχον
3297 736 3548 800 είσιέναι,
3578 731 3678 788 τοῦ

2112 834 2341 906 Ἀττήλα
2373 832 2608 903 οἰνοχόου
2642 831 2971 898 ὑπεξιόντος.
2997 828 3334 899 Τιμηθέντος
3362 826 3418 880 δέ
3449 827 3545 880 καὶ
3578 825 3677 879 τοῦ

2100 927 2353 998 δευτέρου
2401 924 2493 976 καὶ
2547 923 2657 975 τῶν
2699 923 2844 993 ἑξῆς,
2900 921 2993 975 καὶ
3018 921 3164 994 ήμᾶς
3188 921 3298 980 τοῖς
3327 918 3511 980 ῖσοιςό
3554 918 3682 971 ’Δτιν

2102 1020 2268 1089 τήλας
2328 1010 2648 1080 ἐδεξιώσατο
2698 1013 2966 1089 κατὰίτὴν
2999 1011 3107 1065 τῶν
3158 1009 3341 1069 θάκων
3384 1009 3427 1041 ⁸¹
3486 1009 3670 1073 τάξιν.

2062 1149 2077 1154 -
2102 1106 2174 1181 *ῼ
2198 1110 2261 1178 δὴ
2295 1105 2567 1176 ἀσπασμῷ
2597 1105 2814 1157 πάντων
2837 1102 3197 1174 τιμηθέντων,
3233 1100 3540 1172 ὑπεξῄεσαν
3573 1100 3678 1170 μὲν

2104 1203 2152 1254 σί
2205 1200 2454 1268 οἰνοχόοι,
2523 1195 2792 1267 τράπεζαι
2850 1194 2906 1255 δέ
2965 1193 3102 1261 μετά
3143 1192 3243 1262 τὴν
3296 1192 3391 1244 τοῦ
3443 1190 3687 1261 Ἀττὴλα

2106 1288 2464 1360 παρετίθεντο
2486 1287 2625 1340 κατὰ
2679 1289 2825 1356 τρεῖς
2860 1286 2954 1337 καὶ
2993 1285 3259 1359 τέτταρας
3284 1284 3482 1353 ἄνδρας
3516 1283 3549 1354 ἥ
3582 1284 3686 1341 καὶ

2107 1380 2344 1442 πλείους·
2406 1378 2526 1431 ὅθεν
2567 1377 2797 1440 ἕκαστος
2845 1371 2959 1439 οἷός
3015 1393 3074 1429 τε
3098 1372 3168 1455 ἦν
3223 1376 3424 1446 τῶντῇ
3487 1374 3684 1445 μαγίδι

2115 1471 2261 1544 [τοδε-
2293 1468 2362 1542 8']
2394 1469 2784 1539 ἐπιτιθεμένων
2819 1468 3142 1539 μεταλαϐεῖν
3177 1467 3250 1538 μὴ
3298 1458 3538 1533 ὑπεξιὼν
3579 1466 3686 1534 τῆς

2104 1562 2211 1615 τῶν
2266 1560 2469 1626 θρόνων
2494 1559 2717 1625 τάξεως.
2769 1561 2881 1614 Καὶ
2907 1560 3120 1630 πρῶτος
3149 1559 3319 1630 εἰσῄει
3370 1559 3398 1611 ὁ
3427 1556 3520 1611 τοῦ
3560 1557 3688 1611 Ἀτ-

2107 1656 2246 1724 τήλα
2300 1654 2600 1724 ὑπηρέτης,
2663 1652 2844 1722 κρεῶν
2876 1652 3055 1724 πλήρη
3107 1652 3313 1707 πίνακα
3358 1651 3565 1720 φέρων,
3591 1649 3689 1703 καὶ

2109 1748 2157 1798 οἱ
2212 1745 2348 1798 πᾶσι
2387 1742 2795 1814 διακονούμενοι
2848 1743 2967 1814 μετ’
3000 1743 3165 1797 αὑτὸν
3228 1745 3374 1797 σῖτον
3434 1742 3530 1795 καὶ
3579 1741 3691 1810 ὄψα

2108 1841 2230 1901 ταῖς
2246 1837 2544 1911 τραπέζαις
2576 1837 2870 1893 ἐπέθεσαν.
2900 1837 3062 1891 Ἀλλά
3088 1839 3199 1899 τοῖς
3224 1836 3322 1906 μὲν
3353 1835 3533 1898 ἄλλοις
3556 1834 3692 1905 βαρ-ρ

2111 1930 2298 2001 δὰροις
2340 1932 2434 1983 καὶ
2470 1932 2603 2001 ήμῖν
2648 1929 2914 2001 πολυτελῆ
2946 1931 3135 1983 δεῖπνα
3180 1930 3224 1961 ⁸³
3258 1928 3688 1990 κατεσκεύαστο,

2113 2022 2334 2085 κύκλοις
2388 2023 2710 2097 ἐπικείμενα
2756 2024 3037 2094 ἀργυροῖς·
3068 2020 3170 2091 ,τῷ
3217 2020 3272 2073 δὲ
3310 2019 3548 2091 Ἀττήλᾳ
3598 2020 3695 2081 ἐπὶ

2111 2114 2206 2166 τοῦ
2258 2114 2469 2179 ξυλίνου
2525 2115 2755 2177 πίνακος
2811 2110 2879 2185 ἦν
2916 2113 3074 2171 οὐδὲν
3132 2112 3292 2165 πλέον
3340 2113 3540 2181 κρεῶν.
3572 2111 3696 2164 Μέ-

2115 2223 2266 2276 τριον
2326 2206 2384 2259 δὲ
2416 2206 2607 2260 ἐαυτὸν
2636 2205 2730 2259 καὶ
2760 2207 2817 2260 ἐν
2873 2207 2984 2268 τοῖς
3021 2203 3201 2272 ἄλλοις
3231 2203 3434 2259 ἅπασιν
3460 2198 3693 2264 ἐδείκνυ.

2112 2299 2239 2362 Τοῖς
2264 2297 2386 2368 [γὰρ
2425 2297 2797 2367 τῆςλεύωχίας
2843 2296 3068 2367 ἀνδράσι
3109 2294 3329 2359 κύλικες
3380 2297 3581 2365 χρυσαῖ
3634 2312 3697 2356 τε

2121 2390 2219 2442 καὶ
2283 2389 2522 2458 ἀργυραῖ
2547 2387 2876 2453 ἐπεδίδοντο,
2919 2385 2979 2439 τὸ
3032 2385 3088 2439 δὲ
3119 2384 3285 2440 αὐτοῦ
3337 2383 3572 2454 ἔκπωμα
3603 2383 3698 2449 ξύ-

2111 2480 2254 2534 λινον
2281 2475 2370 2551 ἦν.
2396 2478 2531 2549 Λιτὴ
2555 2478 2612 2531 δὲ
2645 2478 2795 2549 αὑτῷ
2827 2478 2919 2531 καὶ
2946 2479 2979 2546 ἡ
3012 2477 3176 2546 ἐσθὴς
3211 2476 3506 2545 ἐτύγχανεν
3534 2470 3696 2540 οὖσα,

2118 2573 2288 2645 μηδὲν
2358 2569 2468 2624 τῶν
2523 2571 2699 2626 ἄλλων
2764 2569 2905 2638 πλὴν
2936 2568 3029 2622 τοῦ
3054 2568 3271 2639 καθαρά
3324 2564 3466 2622 εἶναι
3497 2567 3699 2638 διαφυ-

2111 2664 2519 2722 λάττουσαθκαὶ
2553 2662 2675 2717 οὑτε
2720 2661 2781 2716 τὸ
2807 2660 3242 2740 παρῃωρημένον
3296 2660 3446 2731 αὑτῷ
3517 2657 3699 2729 ξίφος,

2111 2758 2233 2814 οὔτε
2276 2759 2325 2811 οί
2348 2759 2456 2810 τῶν
2519 2752 2871 2826 βαρϐαρικῶν
2910 2752 3275 2829 ὑποδημάτων
3328 2753 3537 2824 δεσμοὶ,
3569 2751 3701 2806 οὔτε

2114 2849 2210 2905 τοῦ
2267 2850 2436 2903 ῖππου
2492 2848 2521 2900 ὁ
2556 2846 2790 2919 χαλινὸς,
2820 2844 3009 2915 ὥσπερ
3054 2844 3162 2899 τῶν
3214 2844 3388 2908 ἀλλων
3447 2844 3699 2907 Σκυθῶν,

2111 2940 2352 3013 χρυσῷῆ
2378 2939 2544 3001 λίθοις
2571 2938 2604 3008 ἧ
2628 2954 2732 2991 τινι
2761 2936 2866 2997 τῶν
2892 2935 3087 3007 τιμίων
3122 2936 3428 3005 ἐκοσμεῖτο.
3460 2934 3584 2988 Tth
3638 2935 3701 2997 δὲ

2111 3030 2256 3101 ὄψων
2282 3027 2390 3083 τῶν
2420 3030 2477 3081 ἐν
2505 3028 2619 3090 τοῖς
2646 3024 2883 3096 πρώτοις
2912 3022 3125 3090 πίναξιν
3156 3023 3518 3077 ἐπιτεθέντων
3566 3023 3715 3101 ἀνα-ν
3778 3044 3783 3047 λ

438 3113 657 3169 modum
700 3113 905 3169 honore
937 3113 1103 3179 culto,
1133 3112 1397 3170 sedimus.
1461 3100 1598 3169 Tum
1634 3128 1772 3169 nova
1807 3113 2008 3169 fercula

2118 3120 2414 3181 λωθέντων,
2445 3118 2650 3181 πάντες
2689 3115 3065 3187 διανέστημεν,
3096 3114 3189 3168 καὶ
3208 3114 3268 3167 οὐ
3299 3113 3566 3184 πρότερον
3609 3100 3717 3172 ἐπι

437 3206 634 3275 cuique
683 3219 881 3259 mensae
931 3213 1055 3259 sunt
1105 3204 1248 3259 illata
1278 3242 1294 3269 ,
1346 3219 1465 3274 qua:
1516 3204 1618 3260 alia
1667 3206 2014 3261 continebant

436 3296 736 3359 esculenta,
771 3312 836 3356 ex
862 3296 1063 3367 quibus
1087 3295 1176 3351 ubi
1206 3310 1419 3359 omnes,
1451 3295 1627 3365 quoad
1673 3297 1807 3352 satis
1849 3308 2012 3364 esset,

437 3389 832 3454 comedissent,
878 3390 1067 3443 eodem
1118 3393 1277 3443 modo
1334 3388 1706 3453 surreximus,
1752 3397 1809 3442 et
1855 3398 2014 3458 epoto

438 3479 606 3535 salice
645 3493 834 3534 rursus
867 3479 1232 3535 consedimus.
1273 3478 1605 3533 Adveniente
1643 3492 1888 3547 vespere,
1937 3480 2017 3532 fa-

438 3571 703 3640 cibusque
745 3571 1016 3637 accensis,
1073 3570 1181 3624 duo
1210 3567 1424 3639 Scythae
1452 3584 1634 3623 coram
1682 3568 1848 3624 Attila
1892 3585 2018 3639 pro-

438 3659 677 3727 dierunt,
715 3669 770 3714 et
810 3672 1055 3714 versus'a
1088 3672 1148 3713 se
1180 3658 1374 3726 factos,
1403 3658 1601 3727 quibus
1622 3658 1740 3727 ejus
1765 3659 2019 3713 victorias

437 3760 495 3806 et
526 3750 748 3806 bellicas
801 3750 1029 3805 virtutes
1073 3749 1361 3814 canebant,
1410 3750 1730 3803 recitarunt.
1795 3746 1851 3801 In
1881 3762 2019 3817 quos

438 3843 679 3897 convivae
712 3841 897 3896 oculos
926 3839 1270 3904 deﬂxerunt;
1315 3848 1370 3894 et
1393 3839 1484 3894 alii
1511 3839 1733 3909 quidem
1765 3840 2020 3894 versibus

441 3929 894 3996 delectabantur,
955 3929 1078 3984 aliis
1125 3928 1395 3984 bellorum
1453 3929 1758 3983 recordatio
1803 3930 2018 3989 animos

447 4020 747 4083 excitabat,
782 4020 903 4073 aliis
932 4021 1221 4080 manabant
1260 4020 1538 4089 lacrymse,
1568 4033 1796 4088 quorum
1827 4033 2021 4089 corpus

438 4116 600 4163 aetate
644 4107 989 4162 debilitatum
1020 4118 1164 4171 erat,
1226 4117 1283 4162 et
1320 4109 1475 4176 vigor
1519 4109 1685 4163 animi
1722 4111 2023 4179 quiescere

440 4199 765 4267 cogebatur,
824 4197 954 4252 Post
976 4206 1188 4255 cantus
1219 4207 1276 4253 et
1313 4199 1556 4253 carmina
1592 4199 1791 4271 Scytha
1839 4203 2022 4257 nescio

441 4284 566 4359 q'uis
608 4297 788 4343 tuente
817 4296 1009 4357 captus
1041 4287 1276 4342 absurda
1302 4297 1357 4342 et
1385 4288 1563 4358 inepta
1595 4303 1697 4344 nec
1725 4291 1840 4345 sani
1868 4293 2024 4361 quid-

442 4395 601 4451 quam
634 4379 884 4441 habentia
918 4379 1197 4439 eﬁ‘nndens
1226 4381 1395 4437 risum
1424 4382 1673 4438 omnibus
1706 4378 2019 4438 commovit.

2122 3213 2214 3267 τὸν
2253 3211 2445 3283 δίφρον
2478 3208 2714 3270 ἀναστὰς
2742 3204 2895 3278 ἦλθε,
2924 3207 3052 3277 πρὶν
3095 3206 3128 3275 ἢ
3187 3204 3329 3259 κατὰ
3385 3206 3483 3276 τὴν
3501 3203 3702 3275 προτέ-

2124 3319 2225 3374 ραν
2283 3301 2330 3334 ⁸⁸
2383 3300 2536 3366 τάξιν
2591 3300 2820 3362 ἕκαστος
2877 3296 2972 3367 τὴν
3027 3295 3407 3366 ἐπιδιδομένην
3455 3295 3702 3364 αὑτῷοῐ-

2123 3410 2215 3447 νου
2272 3392 2455 3462 πλήρη
2487 3390 2670 3458 ἐξέπιε
2723 3389 2944 3454 κύλικα,
2976 3390 3066 3443 τὸν
3110 3388 3375 3458 Ἀττήλαν
3427 3387 3537 3441 σῶν
3559 3383 3707 3440 εἶναι

2124 3480 2513 3551 ἐπευξάμενος.
2599 3478 2710 3532 Καὶ
2769 3476 2957 3531 τοῦτον
3018 3476 3341 3547 τιμηθέντος
3387 3475 3553 3529 αὐτοῦ
3612 3476 3709 3527 τὶν

2129 3574 2333 3647 τρόπον
2384 3567 2778 3642 ἐκαθέσθημεν,
2811 3572 2906 3623 καὶ
2949 3568 3199 3639 δεύτερος
3223 3568 3428 3639 ἐκάστῃ
3457 3565 3714 3647 τραπέζῃ

2125 3664 2405 3717 ἐπετίθετο
2447 3661 2609 3728 πίναξ
2651 3661 2818 3733 ἔτερα
2879 3659 3017 3730 ἔχων
3057 3659 3315 3731 ἐδώδιμα.
3380 3660 3468 3721 Ὠς
3505 3659 3561 3711 δὲ
3612 3659 3716 3712 καὶ

2127 3754 2289 3808 αὐτοῦ
2334 3754 2383 3807 oi
2429 3754 2629 3818 πάντες
2679 3752 2994 3823 μετέλαϐον,
3037 3752 3131 3805 καὶ
3172 3749 3250 3820 τῷ
3293 3749 3442 3821 αὑτῷ
3490 3744 3735 3814 ἐξανα-’

2130 3847 2351 3910 στάντες
2374 3845 2580 3915 τρόπῳ,
2616 3840 2774 3906 αὖθις
2794 3844 3087 3906 ἐκπιόντες
3107 3841 3504 3912 ἐκαθέσθημεν.
3546 3843 3712 3895 Ἐπι-

2129 3938 2434 4006 γενομένης
2493 3935 2551 3988 δὲ
2612 3934 2854 4004 ἑσπέρας
2886 3932 3063 4003 -δᾷδες
3124 3930 3465 4000 ἀνήφθησαν,
3500 3931 3593 3983 δύο
3648 3930 3709 3993 δὲ

2127 4025 2355 4093 ἀντικρὺ
2391 4024 2485 4077 τοῦ
2539 4022 2775 4090 Ἀττήλα
2800 4022 3159 4094 παρελθόντες
3187 4020 3451 4091 βάρϐαροι
3484 4020 3705 4091 ᾄσματα

2130 4117 2475 4185 πεποιημένα
2542 4114 2751 4182 ἔλεγον,
2819 4113 2977 4177 νίκας
3043 4111 3207 4165 αὑτοῦ
3260 4113 3356 4166 καὶ
3407 4111 3503 4173 τὰς
3558 4109 3709 4163 κατὰ

2130 4208 2365 4273 πόλεμον
2425 4205 2640 4267 ἄδοντες
2697 4192 2918 4274 ἀρετ-άςο
2954 4205 3011 4266 ἐς
3047 4200 3138 4265 οὓς
3189 4203 3236 4254 οί
3295 4202 3395 4270 τῆς
3476 4200 3713 4276 εὐωχίας

2130 4298 2457 4361 ἀπέϐλεπον,
2524 4296 2619 4348 καὶ
2654 4294 2703 4348 οἱ
2769 4295 2868 4364 μὲν
2897 4294 3087 4364 ἥδοντο
3124 4295 3237 4356 τοῖς
3297 4292 3620 4363 ποιήμασιν,
3656 4295 3712 4345 οἱ

2129 4387 2185 4440 δὲ
2217 4387 2324 4439 τῶν
2355 4384 2607 4455 πολέμων
2632 4384 3172 4454 ἀναμιμνησκόμενοι
3200 4383 3545 4453 διηγείροντο
3596 4385 3717 4447 τοῖς

442 4468 728 4525 Postremo
753 4468 964 4532 Zercou
990 4466 1300 4525 Maurusius
1326 4470 1593 4526 introivit.
1633 4471 1847 4528 Edecou
1878 4473 2014 4528 enim

2129 4477 2489 4547 φρονήμασιν,
2542 4475 2688 4530 ἄλλοι
2720 4474 2776 4527 δέ
2825 4473 3067 4545 ἐχώρουν
3098 4476 3156 4537 ἐς
3187 4473 3421 4544 δάκρυσι,
3478 4466 3553 4528 ὧν
3605 4473 3718 4527 ὑπὸ

443 4563 518 4616 illi
552 4571 921 4629 persuaserat,
969 4570 1025 4615 ut
1059 4561 1124 4615 ad
1156 4562 1381 4618 Attilam
1413 4565 1643 4630 veniret,
1673 4580 1887 4619 onmem
1910 4579 2037 4635 cpe-

445 4668 558 4711 ram
600 4659 654 4705 et
705 4653 945 4705 studium
993 4653 1286 4721 pollicitus,
1317 4670 1424 4723 quo
1476 4671 1700 4710 uxorem
1749 4671 2036 4724 recupera-

443 4753 549 4798 ret.
610 4741 762 4796 lianc
811 4742 976 4807 enim,
1025 4758 1147 4797 cum
1182 4744 1257 4797 illi
1288 4744 1450 4798 Bleda
1484 4744 1711 4810 faveret,
1748 4747 1799 4799 in
1827 4744 2035 4800 Barba.-

447 4849 632 4889 rorum
684 4833 905 4902 regione
956 4845 1261 4904 acceperat,
1311 4851 1541 4905 eamque
1587 4840 1637 4891 in
1673 4838 1917 4906 Scythia,
1966 4838 2035 4891 ab

445 4926 607 4981 Attila
667 4928 732 4980 ad
800 4928 1014 4982 Aetium
1064 4929 1207 4983 dono
1262 4931 1494 4992 missus,
1557 4928 1868 4996 reliquerat.
1929 4928 2036 4984 Sed

447 5017 548 5072 hac
584 5033 679 5087 spe
711 5016 1013 5076 frustratus
1057 5028 1161 5084 est,
1194 5019 1320 5089 quia
1351 5019 1545 5073 Attilas
1585 5018 1662 5073 illi
1703 5021 2036 5083 succensuit,

446 5109 590 5178 quod
625 5110 690 5163 ad
722 5125 818 5164 sua
859 5110 1229 5179 remigrasset.
1270 5112 1459 5179 Itaque
1483 5120 1609 5164 tunc
1638 5120 1851 5180 arrepta
1882 5110 2033 5166 festi-

446 5201 627 5256 vitatis
700 5204 993 5265 occasione,
1050 5216 1388 5272 progressus,
1442 5209 1497 5256 et
1549 5202 1719 5257 forma
1759 5215 1814 5258 et
1840 5204 2027 5259 habitu

445 5303 500 5347 et
522 5296 964 5361 pronuntiatione
986 5305 1043 5350 et
1084 5295 1277 5359 verbis
1313 5295 1539 5357 confuse
1587 5297 1656 5351 ab
1686 5310 1750 5351 eo
1780 5297 2023 5366 prolatis,

448 5383 705 5439 Romana:
737 5385 1052 5448 Hunnorum
1085 5394 1142 5439 et
1178 5383 1475 5440 Gothorum
1507 5386 1739 5456 linguam
1779 5389 2017 5442 intermi-

448 5490 627 5544 scens,
663 5492 854 5534 omnes
886 5478 1069 5534 laetitia
1099 5477 1341 5550 implevit
1370 5489 1426 5532 et
1457 5478 1657 5544 effecit,
1685 5489 1742 5533 ut
1773 5481 1826 5533 in
1856 5481 2018 5534 vehe-

2133 4568 2228 4622 τοῦ
2274 4568 2465 4638 χρόνου
2524 4566 2738 4635 ἠσθένει
2784 4566 2845 4619 τὸ
2886 4566 3046 4635 σῶμα
3099 4565 3193 4619 καὶ
3226 4565 3572 4637 ἡσυχάζεινὸ
3606 4566 3708 4619 θυ-

2136 4660 2237 4731 μὸς
2299 4657 2662 4729 ἠναγκάζετο.
2707 4659 2862 4713 Μετά
2905 4659 2963 4712 δὲ
2994 4657 3062 4712 τά
3114 4658 3332 4730 ᾄσματα
3384 4658 3598 4727 Σκύθης
3628 4674 3719 4722 τις

2144 4749 2432 4821 παρελθὼν
2462 4748 2854 4821 φρενοϐλαϐὴς,
2873 4749 3133 4802 ἀλλόκοτα
3160 4750 3252 4802 καὶ
3280 4750 3589 4820 παράσημα
3615 4749 3715 4801 καὶ

2133 4842 2286 4895 οὐδὲν
2336 4840 2493 4908 ὑγιές
2546 4838 2940 4909 φθεγγόμενος,
2993 4841 3049 4901 ἐς
3090 4839 3305 4905 γέλωτα
3330 4839 3538 4901 πάντας
3572 4854 3717 4907 παρ-

2134 4930 2401 4984 εσκεύασε
2453 4928 2763 4999 παρελθεῖν.
2802 4928 2940 4981 Μεθ’
2969 4927 3027 4980 ὃν
3075 4927 3123 4959 ⁸⁸
3161 4926 3458 4998 ὑπεισῆλθε
3489 4927 3717 4996 Ζέρκων

2133 5024 2162 5076 ὁ
2200 5020 2548 5092 Μαυρούσιος
2594 5019 2747 5090 (16)*
2801 5020 2831 5072 ὁ
2886 5019 2994 5089 γὰρ
3052 5018 3288 5071 Ἐδέκων
3343 5018 3504 5072 αὑτὸν
3561 5016 3722 5086 παρὰ

2131 5116 2223 5168 τὸν
2284 5112 2544 5177 Ἀττήλαν
2606 5110 2781 5164 ἐλθεῖν
2832 5114 3186 5183 παρέπεισεν,
3248 5114 3324 5176 ὠς
3373 5114 3439 5182 τῇ
3498 5110 3717 5162 ἐκείνου

2137 5204 2339 5275 σπουδῇ
2389 5202 2487 5273 τὴν
2514 5202 2765 5272 γαμετὴν
2803 5202 3241 5272 ἀποληψόμενον,
3287 5202 3354 5272 ἢν
3410 5201 3554 5253 κατά
3612 5200 3719 5268 τὴν

2131 5296 2240 5349 τῶν
2262 5294 2564 5365 Βαρϐάρων
2595 5293 2805 5363 εἰλήφει
2859 5293 3066 5365 χώραν,
3117 5294 3194 5363 τῷ
3215 5293 3387 5364 Βλήδα
3411 5310 3474 5344 πε
3486 5291 3719 5362 ρισπούρ

2131 5388 2324 5450 δαστος
2383 5385 2480 5440 ὢν.
2520 5384 2899 5439 Ἀπελελοίπει
2951 5385 3009 5437 δὲ
3058 5385 3230 5454 αὐτὴν
3281 5386 3339 5436 ἐν
3376 5385 3442 5453 τῇ
3470 5380 3717 5451 Σκυθικῇ

2128 5480 2280 5549 παρὰ
2311 5479 2405 5532 τοῦ
2433 5477 2666 5548 Ἀττήλα
2735 5476 2908 5548 δῶρον
2945 5477 3139 5548 Ἀετίῳ
3204 5475 3497 5546 πεμφθείς.
3553 5473 3718 5526 Ἀλλά

1738 5593 1967 5650 νΑῐιιΑε
2000 5593 2406 5651 LECTIONES.

486 5685 594 5764 :f‘:
615 5689 692 5757 τῷ
735 5690 883 5764 αὐτῷ
915 5707 1012 5764 rp.
1028 5692 1173 5763 conj.
1205 5690 1281 5764 VB.
1346 5693 1389 5724 "
1424 5691 1603 5745 θάκων
1650 5690 2054 5764 Ῡξιιηηθρᾳκῶν
2093 5694 2241 5764 vulg.

1620 5763 1663 5795 ⁸⁵
1694 5762 1752 5813 ὃν
1792 5757 1878 5829 8.,
1913 5757 2010 5815 ’ὧν
2040 5762 2186 5833 vulg.

450 5756 497 5790 ⁸³
516 5756 726 5811 δεῖπνον
756 5756 901 5832 vulg.
951 5756 1023 5795 "‘
1047 5756 1313 5834 προτέρου
1371 5764 1515 5834 Vulg.

2334 5690 2379 5722 ⁸³
2424 5690 2659 5753 Litteras
2701 5686 2813 5742 τοδι
2873 5687 3031 5757 uncis
3074 5687 3416 5752 inclusimus,
3454 5683 3559 5756 ἰδίᾳ
3596 5682 3717 5740 Val.
