4050 6418
301 322 392 386 ῖ41

1052 329 1148 388 DE
1194 327 1756 390 LEGATIONIBUS
1794 330 2280 390 ROMANOBUM
2321 333 2419 391 AD
2449 333 2764 396 GENTES.

3311 297 3339 310 ’
3442 342 3548 404 742

292 435 392 502 τῆς
450 431 548 501 μὲν
591 431 849 501 τοιαύτης
876 431 1174 503 διήμαρτεν
1209 433 1447 500 ἐλπίδος,
1487 435 1584 488 τοῦ
1633 437 1861 507 ’Δττήλα

1975 446 2211 492 mentem
2267 437 2434 490 risum
2480 451 2914 509 prorumperent.
2976 441 3081 496 Sed
3114 443 3308 500 Attilas
3335 461 3547 519 semper

295 525 719 598 χαλεπήναντος,
749 524 830 576 ὅτι
859 540 924 591 γε
968 523 1032 596 δὴ
1077 527 1136 586 ἐς
1180 525 1279 595 τὴν
1340 525 1505 579 αὐτοῦ
1571 527 1869 598 ἐπανῆλθε.

296 615 425 666 [ὅτε
478 613 534 666 δὲ
587 599 680 667 ’διὰ
724 614 815 667 τδν
855 615 952 684 τῆς
981 616 1212 684 εὐωχίας
1245 618 1437 687 καιρὸν
1476 618 1767 688 παρελθὼν
1791 619 1869 690 τῷ

289 720 348 756 τε
389 705 518 757 εῖδει
578 706 671 757 καὶ
724 706 837 766 τοῖς
883 706 1155 776 ἐσθήμασι
1210 707 1307 760 κοιλ⁵
1333 711 1397 778 τῇ
1446 713 1596 779 φωνῇ
1636 710 1872 775 καὶτοῖς

294 793 715 862 συγκεχυμένως
748 796 880 865 παρ’
940 795 1106 847 αὐτοῦ
1154 801 1585 870 προφερομένοις
1640 805 1870 872 ῥήμασι⁹

290 886 354 953 τῇ
391 885 501 952 γάρ
557 884 830 937 Αύσονίων
883 884 981 956 τὴν
1038 886 1145 939 τῶν
1203 888 1420 946 Οὕννων
1473 894 1570 945 καὶ
1607 894 1707 964 τὴν
1763 895 1872 948 τῶν

292 971 506 1024 Γότθων
539 973 889 1042 παραμιγνὺς
917 973 1163 1041 γλῶτταν
1195 977 1403 1042 πάντας
1448 979 1654 1050 διέχεεν
1691 984 1783 1035 καὶ
1813 984 1871 1046 ἐς

290 1062 556 1115 ἄσϐεστον
586 1064 823 1132 ὁρμήσαι
855 1063 1069 1130 γέλωτα
1093 1067 1494 1136 παρεσκεύασε,
1551 1069 1689 1142 πλὴν
1751 1073 1869 1124 Ἀτ-

288 1153 450 1223 τήλα.
487 1153 660 1214 Αὐτὸς
722 1153 830 1222 γὰρ
883 1154 1078 1224 ἔμενεν
1125 1158 1410 1230 ἀστεμφής
1467 1161 1560 1214 καὶ
1609 1162 1670 1215 τὸ
1729 1159 1868 1228 εἶδος

288 1244 729 1314 ἀμετάτρεπτος,
786 1244 880 1297 καὶ
934 1245 1088 1300 ούδέν
1109 1246 1232 1302 οὔτε
1271 1250 1463 1318 λέγων,
1525 1252 1649 1305 οὔτε
1698 1255 1868 1308 ποιῶν

287 1333 527 1400 γέλωτος
586 1333 845 1402 ἐχόμενον
868 1335 1139 1402 ἐφαίνετο,
1176 1338 1315 1410 πλὴν
1347 1341 1428 1393 ὅτι
1476 1340 1570 1394 τὸν
1598 1343 1867 1402 νεώτατον

287 1422 398 1474 τῶν
442 1423 647 1474 παίδων
679 1424 911 1490 (Ὴρνᾶς
941 1425 996 1504 δὲ
1048 1425 1217 1496 ὄνομα
1256 1428 1448 1499 τούτῳ)
1476 1432 1710 1486 εἰσιόντα
1773 1437 1866 1489 καὶ

289 1513 618 1583 παρεστῶτα
644 1508 793 1566 εἷλκε
826 1514 924 1584 τῆς
955 1517 1207 1585 παρειάς,
1237 1519 1488 1590 γαληνοῖς
1540 1522 1866 1580 άποὸλέπων

289 1603 505 1671 ὖμμασι
577 1602 715 1672 πρὸς
779 1603 964 1658 αὐτόν.
996 1603 1164 1675 Ἐμοῦ
1196 1606 1251 1659 δὲ
1307 1607 1678 1678 θαυμάζοντος
1714 1613 1864 1678 ὅπως

294 1693 403 1745 τῶν
459 1692 555 1763 μὲν
610 1694 784 1748 ἄλλων
837 1695 1041 1750 παίδων
1085 1697 1397 1770 ὀλιγωροίη,
1443 1700 1580 1770 πρὸς
1613 1702 1670 1754 δὲ
1701 1704 1860 1756 ἐκεῖ-

1974 527 2164 581 eodem
2187 528 2356 591 vultu,
2381 529 2494 599 68
2531 531 2708 585 omnis
2746 533 3063 588 mutationis
3092 549 3304 604 expers,
3347 549 3399 592 et
3441 541 3544 594 im-

1974 626 2154 672 motus
2176 621 2491 686 permansit,
2517 637 2688 690 neque
2713 625 3010 692 quidquam
3038 626 3236 694 facere,
3269 639 3355 682 aut
3399 632 3546 687 dice-

1974 724 2065 775 re,
2117 711 2260 779 quod
2303 710 2510 778 jocum,
2561 723 2654 766 aut
2713 715 3048 771 hilaritatem
3095 733 3205 786 prae
3256 734 3316 774 se
3358 720 3544 787 ferret,

1971 809 2293 869 conspectus
2340 810 2423 855 est
2463 821 2473 854 :
2535 814 2733 870 praeter
2778 820 2938 872 quam
2980 811 3123 876 quod
3158 807 3428 874 juniorem
3479 828 3545 867 ex

1973 889 2097 944 filiis
2127 891 2485 947 introeuntem
2525 905 2580 947 et
2621 895 3024 961 adventantem,
3077 899 3292 952 nomine
3327 900 3542 966 lrnach,

1971 980 2196 1050 placidis
2240 992 2295 1036 et
2327 984 2464 1038 laetis
2507 985 2680 1040 oculis
2725 996 2807 1040 est
2855 988 3104 1052 intuitus,
3155 997 3208 1042 et
3231 1005 3356 1044 eum
3407 1006 3543 1060 gena

1972 1074 2158 1128 traxit.
2203 1072 2315 1144 Ego
2356 1090 2483 1129 vero
2530 1092 2668 1132 cum.
2694 1077 3015 1143 admirarer,
3049 1079 3271 1133 Attilam
3306 1083 3542 1151 reliquos

1969 1177 2096 1218 suos
2135 1163 2332 1219 liberos
2363 1165 2513 1234 parvi
2547 1165 2746 1230 facere,
2795 1169 2861 1221 ad
2907 1168 3049 1222 hunc
3088 1170 3258 1224 solum
3302 1172 3540 1226 animum

1972 1253 2231 1323 adjicere,
2280 1271 2418 1310 unus
2453 1272 2515 1311 ex
2552 1256 2828 1323 Barbaris,
2877 1259 2967 1328 qui
2995 1275 3162 1329 prope
3197 1275 3281 1314 me
3322 1263 3544 1317 sedebat

1966 1357 2020 1402 et
2054 1346 2258 1402 Latinae
2291 1348 2487 1418 linguze
2515 1365 2668 1416 usum
2704 1352 2954 1417 habebat,
2988 1355 3090 1408 llde
3122 1355 3271 1423 prius
3294 1368 3539 1422 accepta,

1967 1452 2052 1491 me
2097 1439 2231 1492 nihil
2281 1455 2501 1503 eorum,
2570 1455 2690 1509 qum
2737 1442 3084 1507 dicerentur,
3137 1445 3534 1513 evulgaturum,

1965 1527 2121 1592 dixit,
2173 1537 2324 1582 vates
2363 1530 2544 1584 Attila:
2603 1532 2929 1586 vaticinatos
2981 1547 3120 1600 esse,
3170 1532 3288 1600 ejus
3345 1550 3536 1604 genus,
3607 1589 3610 1592 .

1966 1618 2106 1685 quod
2160 1618 2400 1688 alioquin
2447 1621 2790 1675 interiturum
2821 1617 2959 1688 erat,
3012 1625 3080 1677 ab
3111 1624 3212 1678 hoc
3239 1640 3407 1694 puero
3451 1641 3538 1680 re-

1972 1718 2272 1763 stauratum
2331 1711 2422 1766 iri.
2462 1711 2533 1766 Ut
2573 1728 2700 1768 vero
2744 1716 3047 1769 convivium
3079 1716 3146 1770 ad
3172 1716 3392 1770 multam
3439 1733 3539 1771 no-

299 1804 388 1838 νον
428 1785 536 1854 ἐχοι
599 1785 690 1838 τὸν
751 1784 897 1852 νοῦν,
954 1788 983 1840 ὁ
1030 1788 1487 1858 παρακαθήμενος
1553 1791 1857 1865 Βάρϐαρος,

1968 1811 2105 1855 ctem
2143 1811 2544 1868 protraxerunt,
2586 1819 2693 1858 non
2729 1804 2932 1859 diutius
2956 1805 3124 1861 nobis
3155 1807 3540 1877 compotatioui

295 1877 496 1938 συνιεὶς
554 1876 654 1945 τῆς
680 1877 956 1930 Δύσονίων
1007 1879 1194 1946 φωνῆς
1255 1881 1347 1932 καὶ
1376 1881 1483 1935 τῶν
1546 1885 1858 1953 παράὒτοῦ

1971 1892 2351 1962 indulgendum
2387 1909 2506 1950 esse
2532 1895 2634 1950 rati
2667 1897 2954 1953 exivimus.

288 1981 383 2058 μοι
427 1965 814 2058 ῥηθησομένων
872 1966 1037 2056 μηδεν
1098 1968 1342 2038 ἐκλέγειν
1387 1972 1687 2039 προειπὼν,
1755 1977 1963 2046 ἔφασκε
2021 1983 2146 2045 τοὺς
2210 1983 2434 2053 μάντεις
2497 1985 2575 2055 τῷ
2633 1986 2867 2058 Ἀττήλᾳ
2935 1987 3424 2058 προηγορευκὲναι,
3481 1989 3541 2043 τὸ

287 2057 392 2154 μὲν
453 2057 614 2154 αθτοῦ
650 2058 932 2154 πεσεῖσθαι
959 2061 1281 2154 γένοςηύπδ
1317 2064 1375 2118 δὲ
1427 2066 1522 2117 τοῦ
1593 2068 1786 2132 παιδὸς
1831 2073 2232 2144 ἀναστήσεσθαι
2268 2077 2504 2149 ,τούτοιμ
2567 2079 2654 2142 Ὠς
2708 2078 2766 2131 δέ
2817 2057 2874 2132 ἐν
2895 2057 2983 2150 τῷ
3023 2082 3308 2154 συμποσίῳ
3359 2075 3539 2138 εἷλκον

281 2147 389 2217 τὴν
445 2146 630 2212 νύκτα,
655 2147 1048 2218 ὑπεξήλθομεν,
1079 2151 1172 2204 ἐπὶ
1200 2151 1334 2206 πολὺ
1375 2154 1450 2223 μὴ
1503 2153 1858 2226 βουληθέντες
1887 2162 1965 2232 τῷ
1996 2165 2146 2235 πότῳ
2174 2146 2628 2237 προσκαρτερεῖν.

369 2239 619 2310 Ἡμέρας
661 2240 716 2293 δέ
750 2240 1051 2311 γενομένης
1099 2244 1193 2296 ἐπὶ
1235 2244 1326 2297 τὸν
1387 2246 1704 2318 Ὀνηγήσιον
1765 2251 1862 2321 ήλ-

283 2329 474 2398 θομεν,
528 2333 726 2400 χρῆναι
773 2331 920 2400 ἡμᾶς
956 2331 1277 2402 διαιρεθῆναι
1309 2334 1560 2403 λέγοντες
1631 2339 1724 2392 καὶ
1782 2341 1860 2410 μὴ

281 2421 562 2490 τηνάλλως
601 2423 806 2492 τρίϐειν
850 2423 940 2476 τὸν
973 2425 1184 2494 χρόνον.
1230 2426 1338 2478 Καὶ
1381 2427 1441 2490 ὃς
1481 2427 1588 2497 ἔφη
1652 2429 1862 2485 ἐθέλειν

283 2514 383 2564 καὶ
414 2511 507 2564 τὸν
540 2512 807 2583 Ἀττήλαν
862 2515 1214 2586 ἀποπέμπειν
1283 2519 1455 2588 ἡμᾶς.
1503 2519 1616 2574 Καὶ
1665 2521 1861 2591 μικρὸν

281 2600 550 2655 διαλιπὼν
611 2602 726 2670 ἃμα
780 2606 890 2667 τοῖς
945 2604 1175 2672 λογάσιν
1223 2605 1538 2661 ἐϐουλεύετο
1590 2609 1718 2678 περὶ
1752 2610 1860 2664 τῶν

283 2693 527 2764 Ἀττήλᾳ
586 2695 950 2764 δεδογμένων,
1006 2697 1101 2750 καὶ
1129 2696 1198 2750 τὰ
1265 2697 1471 2767 βασιλεῖ
1532 2699 1860 2771 ἀποδοθησό-

282 2799 428 2852 μενα
461 2783 748 2837 συνέταττε
785 2783 1108 2854 γράμματα,
1144 2784 1507 2854 ὑπογραφέων
1539 2786 1688 2856 αὑτῷ
1725 2805 1866 2858 παρ-

279 2875 451 2927 όντων
500 2876 591 2928 καὶ
633 2876 989 2940 Ῥουστικίου,
1024 2875 1216 2946 ἀνδρὸς
1277 2876 1599 2946 ὁρμωμένου
1647 2877 1748 2947 μὲν
1799 2881 1864 2932 ἐκ

278 2965 384 3033 τῆς
412 2965 526 3018 ἄνω
585 2967 822 3033 Μυσίας,
878 2967 1100 3029 ἁλόντος
1154 2966 1211 3020 δέ
1241 2966 1298 3021 ἐν
1343 2967 1422 3037 τῷ
1475 2966 1718 3038 πολέμῳ,
1771 2969 1864 3024 καὶ

281 3057 370 3108 διὰ
401 3055 575 3124 λόγων
619 3057 825 3127 ἀρετὴν
860 3057 940 3128 τῷ
972 3055 1242 3127 Βαρϐάρῳ
1289 3056 1386 3109 ἐπὶ
1419 3059 1484 3127 τῇ
1523 3056 1632 3110 τῶν
1681 3074 1862 3128 γραμ-

284 3151 471 3219 μάτων
513 3150 932 3219 διαπονουμένου
985 3150 1260 3216 συντάξει.
1300 3151 1388 3213 Ὠς
1413 3149 1470 3204 δὲ
1505 3151 1570 3203 ἐκ
1603 3151 1702 3221 τῆς
1729 3169 1858 3205 συν·
1883 3135 1928 3199 C

277 3243 402 3296 όδου
463 3243 738 3312 διανέστη,
793 3243 1098 3313 ἐδεήθημεν
1139 3241 1304 3296 αὐτοῦ
1331 3241 1461 3313 περὶ
1517 3241 1722 3306 λύσεως
1760 3242 1860 3312 τῆς

278 3335 481 3388 Σύλλου
527 3335 777 3404 γαμετῆς
829 3335 926 3388 καὶ
977 3333 1085 3388 τῶν
1132 3333 1347 3399 ἐκείνης
1395 3333 1624 3396 παίδων,
1681 3334 1742 3385 ἐν
1792 3335 1856 3404 τῇ

291 3427 606 3498 Ῥατιαρίας
689 3425 1224 3496 ἀνδραποδισθέντων
1273 3423 1497 3478 ἁλώσει.
1558 3425 1668 3478 Καὶ
1721 3426 1858 3494 πρὸς

291 3524 394 3590 μὲν
431 3521 530 3590 τὴν
561 3521 741 3576 αὐτῶν
775 3521 880 3574 οὐκ
936 3519 1285 3589 ἀπηγόρευσε
1314 3518 1486 3582 λύσιν,
1523 3517 1614 3569 ἐπὶ
1645 3517 1858 3580 πολλοῖς

278 3609 336 3661 δὲ
378 3610 517 3676 σφᾶς
577 3608 828 3661 ἐϐούλετο
857 3609 1136 3678 χρήμασιν
1173 3605 1517 3676 ἁπεμπολᾷν.
1585 3605 1768 3674 Ἠμῶν
1799 3605 1856 3658 δὲ

279 3699 452 3753 ἐλεεῖν
481 3700 677 3763 αὐτοὺς
722 3703 821 3770 τῆς
846 3698 1016 3769 τύχης
1071 3698 1489 3763 ἱκετευσάντων,
1523 3697 1625 3768 τὴν
1658 3696 1856 3768 προτέ-

287 3807 389 3860 ραν
419 3791 762 3873 ερύδαιμονίαν
791 3789 1166 3860 λογιζόμενον,
1198 3790 1429 3860 διέϐητε
1457 3789 1594 3859 πρὸς
1621 3789 1712 3841 τὸν
1735 3789 1855 3844 Ἀτ-

287 3880 475 3950 τήλαν,
529 3884 620 3934 καὶ
665 3882 763 3953 τὴν
823 3883 919 3951 μὲν
950 3883 1185 3950 γυναῖκα
1218 3882 1311 3934 ἐπὶ
1359 3879 1735 3942 πεντακοσίοις
1777 3879 1857 3933 δι-

286 3975 463 4042 αφῆκε
508 3977 749 4044 χρυσοῖς,
797 3974 924 4035 τοὺς
985 3973 1039 4028 δὲ
1084 3973 1278 4036 παῖδας
1308 3971 1480 4042 δῶρον
1511 3971 1726 4041 ἔπεμπε
1757 3969 1855 4040 βα-

280 4063 434 4116 σιλεῖ.
482 4064 568 4116 Ἐν
585 4065 758 4134 τούτῳ
789 4064 846 4117 δέ
878 4062 974 4116 καὶ
1025 4065 1060 4134 ἡ
1109 4063 1302 4116 Ῥἐκαν
1343 4063 1396 4126 ⁸⁸,
1440 4065 1474 4130 ή
1502 4061 1596 4115 τοῦ
1624 4060 1856 4130 Ἀττήλα

277 4154 494 4224 γαμετὴ
549 4155 700 4225 παρὰ
738 4155 962 4224 ’Δδάμει
1004 4153 1111 4206 τῶν
1157 4154 1328 4223 αὐτῆς
1382 4152 1722 4222 πραγμάτων
1757 4150 1854 4222 τὴν

274 4245 581 4317 ἐπιτροπὴν
632 4247 810 4318 ἔχοντι
873 4246 1108 4300 δειπνεῖν
1167 4246 1314 4316 ἡμᾶς
1369 4243 1687 4313 παρεκάλει.
1745 4243 1853 4296 Καὶ

276 4338 406 4405 παρ’
439 4337 600 4389 αὐτὸν
675 4336 920 4399 ἐλθόντες
971 4337 1088 4407 ἅμα
1121 4336 1234 4389 τισὶ
1281 4333 1391 4388 τῶν
1440 4335 1504 4386 ἐκ
1527 4335 1619 4386 τοῦ
1667 4331 1854 4396 ἔθνους

271 4427 518 4495 λογάδων
600 4426 1002 4498 φιλοφροσύνης
1075 4426 1360 4496 ἐτύχομεν.
1444 4423 1743 4490 Ἐδεξιοῦτο
1797 4424 1854 4476 δὲ

273 4520 420 4588 ἡμᾶς
444 4519 729 4590 μειλιχίοις
753 4536 812 4574 τε
831 4519 1012 4588 λόγοις
1036 4519 1130 4572 καὶ
1149 4521 1217 4590 τῇ
1241 4517 1349 4570 τῶν
1375 4516 1650 4585 ἐδωδίμων
1677 4532 1856 4586 παρα-

273 4613 466 4679 σκευῇ.
500 4610 615 4662 Καὶ
671 4609 902 4671 ἕκαστος
932 4609 1040 4662 τῶν
1075 4607 1362 4679 παρόντων
1396 4607 1644 4678 Σκυθικῇ
1704 4606 1854 4674 φιλο-

269 4699 430 4768 τιμίᾳ
497 4698 695 4752 κύλικα
760 4700 892 4768 ἡμῖν
949 4698 1132 4768 πλήρη
1188 4697 1596 4765 διανιστάμενος
1655 4694 1850 4761 ἐδίδου,

271 4787 368 4838 καὶ
418 4787 511 4840 τὸν
559 4787 823 4839 ἐκπιόντα
881 4783 1196 4856 περιϐαλὼν
1230 4786 1324 4838 καὶ
1375 4784 1605 4854 φιλήσας
1647 4784 1851 4853 ταύτην

269 4876 508 4946 ἐδέχετο.
561 4878 719 4931 Μετὰ
772 4877 830 4932 δὲ
897 4877 960 4930 τὸ
1030 4877 1246 4930 δεῖπνον
1328 4879 1420 4930 ἐπὶ
1472 4877 1570 4946 τὴν
1649 4874 1853 4944 σκηνὴν

268 4967 518 5032 ἐλθόντες
570 4971 628 5032 ἐς
680 4969 846 5023 ὕπνον
877 4968 1216 5040 ἐτράπημεν.
1248 4968 1327 5040 Τῇ
1355 4969 1411 5020 δὲ
1488 4967 1748 5038 ὑστεραίᾳ.
1764 4965 1856 5020 ἐπὶ

269 5064 573 5135 συμπόσιον
633 5061 791 5126 αὖθις
850 5063 999 5132 ἡμᾶς
1051 5060 1314 5130 ’Δττήλας
1373 5059 1579 5124 ἐκάλει,
1631 5062 1725 5111 καὶ
1776 5057 1855 5128 τῷ

267 5156 520 5227 προτέρῳ
567 5156 752 5225 τρόπῳ
800 5155 955 5226 παρά
985 5171 1047 5209 τε
1092 5152 1253 5205 αὐτὸν
1288 5148 1614 5220 εἰσήλθομεν
1672 5150 1764 5204 καὶ
1801 5150 1858 5212 ἐς

264 5251 362 5322 τὴν
441 5247 679 5316 εὐωχίαν
737 5247 1082 5317 ἐτράπημεν.
1140 5242 1433 5298 Συνέόαινε
1498 5242 1555 5295 δὲ
1617 5243 1711 5295 ἐπὶ
1758 5243 1862 5316 τῆς,

265 5343 453 5412 κλίνης
501 5340 620 5406 ἅμα
664 5338 813 5408 αὐτῷ
872 5340 946 5408 μὴ
980 5339 1072 5390 τὸν
1139 5334 1516 5406 πρεσϐύτερον
1575 5332 1684 5385 τῶν
1727 5333 1855 5386 παί-

262 5433 368 5485 δων
421 5427 612 5503 ἧσθαι,
633 5430 770 5482 ἀλλὰ
825 5430 933 5500 γὰρ
966 5427 1314 5500 Ὠηόάρσιον,
1348 5425 1491 5477 θεῖον
1525 5423 1672 5494 αὐτῷ
1725 5440 1858 5492 τυγ-

262 5524 496 5607 χάνοντα
556 5524 693 5590 πρὸς
736 5522 965 5592 πατρός.
1015 5522 1173 5589 Παρὰ
1229 5519 1337 5571 πᾶν
1369 5517 1425 5569 δὲ
1467 5515 1528 5570 τὸ
1554 5514 1854 5607 συμπόσιον

2039 2254 2132 2310 Die
2163 2265 2375 2323 exorto,
2407 2256 2736 2328 Onegesium
2782 2259 3074 2324 adlvimus,
3138 2261 3380 2317 dicentes
3439 2279 3539 2318 nos

1967 2343 2167 2399 dimitti
2228 2356 2500 2415 Oportere,
2561 2361 2736 2417 neque
2807 2349 2964 2404 nobis
3041 2349 3245 2404 diutius
3326 2360 3536 2420 tempus

1968 2434 2247 2489 terendum
2279 2449 2420 2491 esse.
2457 2435 2575 2499 Ille,
2621 2435 2845 2490 Attilam
2909 2451 3124 2505 quoque
3181 2437 3234 2490 in
3293 2452 3355 2491 ea
3415 2453 3538 2493 esse

1967 2525 2262 2592 voluntate,
2296 2534 2351 2582 et
2400 2542 2498 2582 nos
2524 2527 2796 2582 dimittere
2822 2526 3194 2591 constituisse,
3241 2530 3536 2597 reSpondit.

1966 2613 2154 2687 Itaque
2184 2633 2294 2672 non
2331 2618 2500 2674 multo
2526 2627 2648 2687 post
2677 2617 2966 2673 consilium
3000 2631 3286 2687 procerum
3321 2620 3388 2672 de
3430 2618 3533 2685 his,

1965 2721 2084 2775 qua:
2151 2707 2462 2778 imperatori
2543 2709 2921 2774 redderentur,
2993 2707 3234 2778 digessit.
3297 2709 3537 2764 Aderant

1965 2815 2200 2870 quoque,
2251 2816 2479 2870 quorum
2516 2817 2660 2856 curae
2726 2803 2983 2871 epistolas
3032 2802 3272 2856 scribere
3325 2803 3537 2858 incum-

1965 2891 2143 2955 bebat,
2175 2896 2316 2946 inter
2344 2906 2480 2960 quos
2512 2901 2629 2946 erat
2677 2891 2973 2958 Rustieies,
3038 2892 3120 2945 vir
3177 2907 3208 2947 e
3256 2894 3536 2962 superiore

1964 2979 2136 3050 Mysia
2187 2990 2361 3045 ortus,
2407 2982 2498 3050 qui
2527 2981 2595 3035 ab
2624 2981 2874 3037 hostibus
2911 2992 3124 3049 captus,
3158 2996 3278 3036 cum
3325 2983 3533 3038 dicendi

1963 3069 2218 3124 facultate
2243 3070 2469 3135 valeret,
2499 3070 2739 3126 Barbare
2767 3085 2986 3140 operam
3033 3073 3084 3124 in
3124 3073 3534 3127 conscribendis

1960 3160 2212 3226 epistolis
2248 3162 2502 3217 navabat.
2549 3161 2780 3216 Dimisso
2827 3162 3078 3228 consilio,
3141 3163 3209 3217 ab
3269 3163 3534 3234 Ouegesio

1961 3253 2214 3322 precibus
2263 3253 2664 3319 contendimus,
2758 3263 2816 3308 ut
2866 3253 3029 3324 Sylla:
3093 3255 3248 3310 uxori
3307 3267 3364 3311 et
3415 3256 3535 3326 ejus

1961 3345 2168 3410 liberis,
2211 3345 2306 3414 qui
2355 3345 2408 3398 in
2463 3346 2868 3415 expugnatione
2919 3348 3072 3402 urbis
3119 3347 3373 3401 Ratiarize
3428 3362 3533 3402 una

1959 3448 2081 3488 cum
2123 3443 2294 3488 matre
2328 3433 2380 3487 in
2405 3435 2721 3489 servitutem
2750 3435 2957 3490 redacti
2995 3445 3174 3502 erant,
3227 3436 3530 3491 libertatem

1960 3529 2288 3583 restitueret.
2313 3526 2377 3580 Et
2400 3541 2526 3582 vero
2571 3528 2640 3581 ab
2698 3526 2781 3579 his
2831 3524 3127 3579 liberandis
3167 3525 3393 3580 minime
3433 3529 3530 3578 ab-

1959 3617 2234 3681 horrebat,
2294 3618 2386 3672 sed
2439 3631 2628 3671 eorum
2662 3616 2963 3670 libertatem
3025 3628 3220 3683 magna
3284 3615 3527 3683 pecuniae

1958 3721 2172 3761 summa
2197 3721 2226 3760 a
2273 3705 2433 3762 nobis
2470 3715 2706 3776 emptam
2773 3704 3007 3758 volebat.
3053 3701 3364 3772 ltaqueuos
3402 3717 3562 3760 eum.

1956 3795 2224 3863 supplices
2278 3811 2437 3850 orare
2501 3805 2556 3850 et
2627 3795 2906 3858 obtestari,
2963 3803 3042 3860 ut,
3103 3793 3284 3848 habita
3340 3807 3528 3848 eorum

1955 3887 2198 3956 pristinae
2275 3886 2508 3942 fortuna:
2560 3888 2792 3950 ratione,
2848 3885 3129 3954 prmseutis

1955 3977 2434 4033 commiseratione
2479 3985 2808 4032 moveretur.
2857 3977 2972 4042 llle,
3004 3985 3064 4031 ut
3097 3974 3314 4030 Attilam
3373 3975 3526 4040 adiit,

1957 4071 2237 4125 mulierem
2273 4085 2368 4138 pro
2404 4070 2718 4140 quingentis
2744 4069 2924 4122 aureis
2951 4069 3174 4124 liberam
3217 4067 3443 4131 dimisit,
3475 4076 3530 4120 et

1955 4160 2073 4229 ejus
2133 4161 2273 4215 ﬁlios
2333 4161 2475 4216 dono
2521 4163 2588 4215 ad
2666 4161 3050 4230 imperatorem
3121 4157 3289 4212 misit.
3319 4155 3527 4212 Interea

1957 4252 2167 4316 Reean,
2199 4251 2380 4306 Attilae
2419 4267 2577 4316 uxor,
2607 4251 2658 4304 in
2691 4249 2840 4306 aedes
2863 4249 3116 4312 Adamis,
3147 4249 3238 4316 qui
3285 4248 3405 4315 eius
3443 4265 3526 4302 res

1955 4343 2280 4398 domesticas
2309 4343 2552 4406 curabat,
2586 4354 2686 4394 nos
2729 4339 2798 4394 ad
2864 4353 3074 4392 orenam
3133 4337 3394 4393 invitavit.
3447 4342 3528 4390 At»

1885 4466 1930 4522 ο
1960 4447 2026 4488 eo
2059 4447 2164 4485 una
2223 4447 2344 4486 cum
2370 4431 2616 4501 pluribus
2664 4429 2900 4500 Scythia
2931 4428 3272 4522 principibus
3295 4427 3527 4522 comiter

1960 4519 2171 4589 excepti
2202 4534 2388 4574 sumus
2421 4518 2742 4588 etjucundis
2781 4517 3122 4573 sermonibus
3153 4524 3206 4571 et
3239 4517 3526 4587 magniﬁco

1961 4608 2242 4678 epularum
2275 4617 2558 4679 apparatu.
2590 4607 2730 4664 Tum
2769 4609 3140 4678 unusquisque
3180 4622 3391 4672 eorum,
3435 4609 3526 4675 qui

1959 4701 2204 4764 aderant,
2284 4713 2533 4771 surgens,
2624 4700 2880 4771 Scythica
2963 4700 3216 4754 comitate
3273 4699 3525 4769 poculum

1959 4791 2113 4846 nobis
2133 4791 2393 4859 porrexit,
2417 4800 2469 4846 et
2492 4806 2634 4856 eum,
2663 4791 2899 4859 quiante
2921 4804 2978 4844 se
2998 4791 3228 4856 biberat,
3252 4789 3528 4858 amplexus

1957 4890 2012 4935 et
2037 4881 2402 4945 exosculatus,
2429 4879 2555 4934 illud
2591 4881 2823 4950 excepit.
2867 4881 2911 4935 A
2942 4894 3096 4936 caena
3125 4894 3225 4934 nos
3263 4879 3319 4934 in
3351 4888 3528 4934 tento—

1958 4975 2097 5028 rium
2178 4985 2422 5029 nostrum
2498 4972 2843 5042 recipientes,
2920 4986 3167 5030 somnum
3261 4971 3523 5040 cepimus.

1961 5061 2230 5118 Postridie
2284 5063 2478 5117 iterum
2532 5077 2633 5118 nos
2663 5062 2859 5127 Attilas
2905 5062 2970 5117 ad
3007 5077 3219 5116 caenam
3255 5062 3524 5124 invitavit,

1957 5163 2010 5208 et
2039 5157 2248 5221 eodem,
2305 5171 2412 5225 quo
2480 5154 2646 5223 prius,
2680 5155 2784 5230 ritu
2825 5153 2892 5208 ad
2927 5171 3048 5208 enim
3100 5154 3424 5212 accessimus
3472 5163 3526 5206 et

1954 5247 2020 5301 ad
2052 5247 2385 5302 hilaritatem
2418 5262 2518 5302 nos
2553 5229 2940 5302 convertimus.
2989 5245 3124 5300 Tum
3193 5255 3372 5299 autem
3411 5259 3518 5297 non

1954 5335 2274 5406 senior69
2307 5349 2369 5390 ex
2415 5336 2540 5392 ﬁliis
2587 5335 2767 5391 Attila:
2818 5336 2871 5390 in
2902 5336 3020 5405 ejus
3081 5345 3198 5388 toro
3249 5348 3352 5386 una
3399 5347 3520 5387 cum

1954 5425 2074 5494 ipso
2131 5425 2508 5493 accumbebat,
2569 5427 2664 5482 sed
2719 5425 3038 5488 Oebarsius,
3099 5422 3217 5491 ejus
3278 5430 3519 5490 patruus.

1954 5514 2057 5569 Per
2087 5526 2256 5572 totum
2289 5517 2524 5594 convivii
2559 5528 2770 5591 tempus
2825 5531 2923 5573 nos
2946 5514 3158 5572 blandis
3185 5513 3524 5576 sermonibus

1513 5605 1747 5662 VARl/E
1805 5606 2197 5664 LECTIONES.

340 5717 386 5747 ⁸⁸
421 5719 617 5772 Ῥέκαν
671 5730 830 5784 supra
873 5715 980 5771 col.
1014 5711 1116 5766 75%
1141 5712 1179 5766 D
1206 5708 1394 5780 Κρέκα
1437 5705 1713 5763 nominata
1747 5711 1850 5758 est.

3205 3884 3530 3939 calamitatis
3616 3899 3623 3906 '
