4050 6430
513 324 621 391 ’143

1467 318 1861 382 EXCERPTA
1901 315 2003 376 EX
2038 312 2308 374 PRISCO
2350 312 2712 376 RHETORE

3661 306 3771 370 744

519 435 800 509 appellans
827 433 1142 505 imperatori
1171 433 1356 490 dicere
1399 431 1625 525 jussit,“
1649 438 1706 484 ut
1755 425 2092 525 Constantio,

2201 425 2374 494 λόγοις
2407 424 2896 494 φιλοφρονούμενος
2947 422 3174 494 φράζειν
3215 423 3368 525 ¹ἡμᾶς
3397 421 3610 492 βασιλεῖ
3629 439 3776 494 παρ-

517 541 679 596 quem
714 525 780 578 ad
809 537 932 579 eum
963 523 1174 590 Aetius,
1207 531 1270 576 ut
1303 520 1372 574 ab
1417 518 1657 588 epistolis
1681 526 1842 582 esset,
1867 515 2092 570 miserat

519 632 746 672 uxorem
781 618 934 671 daret
955 629 1096 680 eam,
1126 629 1288 684 qnam
1347 612 1421 667 illi
1464 610 1822 681 promisisset.
1851 607 2084 674 Etenim,

519 705 876 760 Constantius
898 718 1002 757 una
1035 717 1160 758 cum
1195 699 1375 754 Attilae
1409 698 1600 770 legatis
1633 699 1698 753 ad
1730 697 2088 752 Theodosium

519 803 763 861 venerat,
819 805 874 849 et
937 809 996 848 se
1047 807 1266 862 operam
1335 792 1612 853 daturum,
1680 799 1740 844 ut
1790 804 1892 858 pax
1924 787 2092 857 longo

525 893 767 952 tempore
840 882 980 936 inter
1031 881 1310 935 Romanos
1373 889 1428 935 et
1490 879 1712 934 llunnos
1758 887 2090 942 servaretur,

522 973 751 1040 dixerat,
794 973 955 1027 modo
983 972 1086 1027 sibi
1116 986 1344 1026 uxorem
1377 971 1699 1040 locupletem
1746 968 2093 1025 matrimonio

521 1065 820 1132 copularet.
891 1061 1033 1118 Huic
1063 1062 1308 1132 petitioni
1373 1063 1664 1130 imperator
1717 1069 2002 1129 annuerat,
2039 1069 2095 1115 et

524 1149 803 1203 Saturnini
831 1148 1018 1217 ﬁliam,
1052 1150 1157 1204 viri
1201 1160 1252 1204 et
1279 1151 1471 1218 opibus
1528 1159 1581 1205 et
1624 1164 1823 1219 genere
1877 1150 2007 1205 clari
2037 1158 2093 1204 et

527 1241 729 1306 ornati,
762 1255 820 1296 se
846 1241 918 1294 illi
951 1243 1140 1311 nuptui
1194 1242 1442 1295 daturum
1495 1244 1842 1311 promiserat.
1905 1242 2094 1296 Satur-

525 1334 714 1387 ninum
771 1342 948 1388 autent
1004 1333 1361 1388 interemerat
1411 1333 1677 1406 Athenais
1719 1348 1812 1387 seu
1858 1333 2094 1389 Eudocia

524 1419 780 1491 (utroque
835 1422 980 1476 enim
1036 1422 1252 1476 nomine
1307 1422 1650 1492 vocabatur),
1706 1437 1882 1491 neque
1936 1424 2098 1492 impe-

525 1511 696 1564 ratori
750 1511 816 1565 ad
848 1513 1055 1566 exitum
1093 1512 1411 1580 perducere,
1439 1515 1582 1582 quod
1617 1514 1960 1582 promiserat,
2003 1527 2098 1583 per

525 1602 823 1667 Zenonem,
855 1605 1033 1658 virum
1070 1605 1435 1670 consularem,
1479 1605 1651 1660 licuit.
1693 1605 1744 1661 ls
1776 1607 1921 1660 enim
1967 1605 2095 1661 olim

525 1710 724 1765 magna
755 1697 1060 1751 Isaurorum
1085 1697 1434 1752 multitudine
1481 1698 1733 1767 stipatus,
1793 1698 1910 1752 urbi
1953 1697 2096 1753 Con-

525 1784 902 1854 stantinopoli,
922 1801 1039 1854 quae
1069 1785 1211 1842 bello
1237 1788 1610 1857 premebatur,
1629 1787 1878 1857 praesidio
1897 1787 2095 1844 fuerat.
2129 1767 2173 1823 Β

525 1872 627 1938 Qui
706 1889 829 1928 cum
908 1875 1258 1929 Orientalium
1342 1877 1680 1946 exercituum
1744 1877 1852 1931 dux
1913 1886 2096 1943 esset,

527 1966 762 2034 puellam
829 1968 1072 2021 custodia
1101 1967 1310 2032 eduxit,
1341 1977 1396 2023 et
1436 1967 1582 2024 Rufo
1629 1969 1866 2036 cuidam,
1911 1971 2000 2024 uni
2032 1985 2099 2026 ex

529 2056 644 2110 suis
680 2055 1024 2122 necessariis,
1050 2057 1353 2126 despondit.
1381 2056 1494 2111 Hac
1541 2057 1713 2126 puella
1745 2058 1848 2112 sibi
1881 2060 2100 2113 subtra-

531 2159 640 2211 cta,
671 2148 1018 2204 Constantius
1073 2149 1367 2206 Barbarum
1412 2153 1625 2217 orabat,
1664 2165 1735 2207 ne
1767 2152 1867 2208 sibi
1901 2151 2097 2210 factam

534 2236 916 2291 contumeliam
948 2238 1267 2308 negligeret,
1287 2239 1380 2293 sed
1410 2240 1718 2308 perliceret,
1750 2249 1809 2294 ut
1831 2240 1938 2295 sibi
1965 2256 2101 2297 uxor

535 2328 777 2394 daretur,
807 2339 899 2384 aut
921 2343 1005 2396 ea,
1025 2346 1143 2400 quae
1174 2331 1428 2400 subrepta
1462 2331 1659 2396 fuerat,
1680 2333 1952 2390 autetiam
1972 2335 2098 2400 alia,

529 2435 648 2488 qua:
680 2420 856 2476 dotem
889 2420 1126 2477 aﬂerret.
1161 2421 1526 2490 Quamobrem
1552 2437 1648 2492 per
1677 2438 1853 2480 coenas
1886 2433 2099 2494 tempus

531 2511 810 2566 Barbarus
885 2512 1231 2568 Maximinum
1295 2513 1608 2584 imperatori
1672 2517 1855 2572 dicere
1917 2517 2097 2587 jussit,

531 2619 637 2659 non
663 2613 916 2674 oportere
936 2603 1316 2662 Constantium
1345 2621 1441 2676 spe
1472 2607 1542 2662 ab
1568 2607 1688 2677 ipso
1709 2609 1942 2664 excitata
1963 2608 2098 2678 falli,

536 2696 688 2751 etab
721 2697 1064 2766 imperatoris
1122 2697 1386 2769 dignitate
1447 2699 1685 2756 alienum
1733 2701 1929 2764 videri,
1961 2716 2102 2756 men-

530 2789 717 2843 dacem
791 2802 932 2844 esse.
1002 2787 1131 2843 Haec
1187 2788 1383 2844 Attilas
1450 2789 1746 2844 Maximino
1799 2790 2099 2857 mandavit,

532 2891 813 2949 propterea
842 2878 987 2948 quod
1023 2877 1378 2935 Constantius
1433 2880 1510 2936 illi
1554 2881 1824 2950 ingentem
1861 2883 2102 2950 pecuniae

533 2985 800 3026 summam
862 2970 1132 3038 pollicitus
1190 2979 1332 3037 erat,
1389 2973 1434 3029 si
1475 2987 1704 3028 uxorem
1752 2988 1785 3030 e
1841 2972 2102 3029 Romanis

2192 516 2475 570 εκελεύετο
2498 517 2578 587 τῷ
2625 515 3011 584 Κωνσταντίῳ,
3039 513 3097 577 ὂς
3146 512 3298 583 αὐτῷ
3328 512 3477 583 παρά
3551 514 3772 567 Ἀετίου

2193 608 2502 664 ἀπέσταλτο
2533 607 2893 676 ὑπογραφὲως
2927 605 3106 675 χάριν,
3148 604 3350 657 διδόναι
3394 603 3463 674 ἡν
3487 603 3638 672 αὐτῷ
3667 619 3773 670 γυ-

2190 699 2352 754 ναῖκα
2416 696 2511 749 καὶ
2553 696 2841 765 ὑπέσχετο.
2877 695 3036 764 Παρὰ
3084 694 3195 763 γὰρ
3243 693 3334 747 τὸν
3391 692 3619 762 βασιλέα
3665 694 3773 746 Θε-

2191 789 2394 842 οδόσιον
2451 787 2568 856 ἅμα
2607 791 2721 849 τοῖς
2781 785 3020 839 σταλεῖσι
3055 785 3206 854 παρά
3258 784 3354 837 τοῦ
3384 785 3618 855 Ἀττήλα
3637 786 3778 855 πρέ-

2194 880 2378 933 σϐεσιν
2433 879 2758 948 ἀφικόμενος
2785 875 2816 930 ὁ
2847 878 3222 940 Κωνστάντιος
3253 877 3352 946 τὴν
3381 877 3604 947 εἰρήνην
3640 877 3782 929 Ῥω-

2197 973 2378 1042 μαίοις
2407 973 2500 1024 καὶ
2555 970 2790 1032 Σκύθαις
2814 969 2982 1038 ἔφησε
3015 970 3107 1022 ἐπὶ
3142 969 3351 1038 μακρὸν
3405 968 3780 1037 φυλάττεσθαι

2193 1063 2384 1133 χρόνον
2411 1061 2854 1132 παρασκευάσειν
2893 1060 2962 1124 ⁸⁷,
3016 1059 3083 1112 ἀν
3129 1058 3278 1127 αύτῷ
3332 1061 3567 1124 γυναῖκα
3611 1057 3780 1110 εὔπο-

2199 1171 2289 1224 ρον
2336 1153 2475 1223 δοίη.
2504 1154 2615 1206 Καὶ
2667 1153 2804 1221 πρὸς
2843 1151 2998 1204 τοῦτο
3059 1149 3324 1204 ἐπένευσε
3364 1149 3641 1219 βασιλεὺς,
3679 1149 3782 1202 καὶ

2198 1245 2523 1316 Σατορνίλου
2582 1244 2874 1315 περιουσίᾳ
2916 1245 3012 1297 καὶ
3060 1242 3209 1310 γένει
3263 1242 3642 1312 κοσμουμένην
3675 1243 3780 1295 θυ-

2197 1338 2410 1406 γατέρα
2461 1337 2675 1407 εἰρήκει
2695 1335 2908 1390 δώσειν.
2939 1333 3043 1388 Τὸν
3069 1334 3126 1387 δὲ
3150 1332 3473 1403 Σατορνίλον
3501 1333 3778 1405 ἀνῃρήκει

2198 1424 2453 1496 Ἀθηναῒς
2511 1426 2546 1495 ἡ
2610 1425 2704 1477 καὶ¹
2768 1423 3022 1477 Εύδοκία’
3083 1424 3414 1494 ἀμφοτέροις
3469 1421 3578 1492 γὰρ
3636 1423 3776 1474 ἐκα-

2198 1516 2340 1569 λεῖτο
2400 1517 2515 1576 τοῖς
2573 1514 2857 1584 ὀνόμασιν.
2909 1513 2999 1575 Ἐς
3036 1512 3196 1583 ἔργον
3242 1512 3300 1564 δὲ
3329 1512 3427 1581 τὴν
3480 1511 3646 1564 αὑτοῦ
3707 1513 3773 1564 ού

2199 1604 2586 1676 συνεχώρησεν
2639 1604 2874 1674 ἀχθῆναι
2931 1604 3226 1672 ὑπόσχεσιν
3258 1603 3464 1674 Ζήνων,
3494 1601 3766 1666 ὑπατικὸς

2199 1698 2338 1768 ἀνὴρ
2393 1698 2488 1750 καὶ
2552 1695 2755 1766 πολλὴν
2788 1695 2938 1766 ἀμφ’
2981 1696 3145 1749 αὐτὸν
3203 1695 3342 1763 έχων
3381 1695 3642 1764 Ἱσαύρων
3682 1694 3780 1748 δύ-

2202 1806 2388 1860 ναμιν,
2437 1789 2555 1858 μεθ’
2587 1782 2656 1860 ἦς
2719 1788 2813 1841 καὶ
2865 1785 2964 1856 τὴν
3015 1784 3427 1839 Κωνσταντίνου
3487 1784 3630 1838 κατά
3680 1784 3781 1838 τδν

2201 1879 2292 1934 τοῦ
2309 1879 2546 1949 πολέμου
2569 1878 2763 1948 καιρὸν
2796 1877 3086 1946 φυλάττειν
3113 1877 3507 1945 ἐπετέτραπτο.
3543 1875 3678 1928 Τότε
3706 1875 3781 1945 δὴ

2199 1973 2308 2026 τῶν
2337 1974 2395 2024 έν
2432 1974 2499 2042 τῇ
2533 1970 2649 2040 Ἐῳ
2681 1968 3088 2037 στρατιωτικῶν
3125 1969 3309 2038 ἄρχων
3338 1967 3634 2036 ταγμάτων
3670 1967 3782 2019 ὑπ-

2202 2061 2385 2130 εξάγει
2419 2061 2513 2114 τοῦ
2556 2060 2816 2130 φρουρίου
2845 2061 2944 2129 τὴν
2985 2059 3173 2128 κόρην,
3212 2057 3307 2110 καὶ
3358 2057 3572 2128 Ῥούφῳ
3640 2057 3779 2122 τινὶ,

2206 2151 2287 2202 ἑνὶ
2345 2148 2456 2202 τῶν
2499 2147 2841 2217 ἐπιτηδείων,
2875 2148 3178 2218 κατεγγυᾷ.
3218 2146 3436 2217 Ταύτης
3463 2147 3520 2200 δὲ
3551 2149 3782 2218 ἀφῃρη-

2204 2241 2404 2310 μένης,
2457 2241 2486 2292 ό
2523 2239 2901 2301 Κωνστάντιος
2957 2239 3127 2290 ἐδεῖτο
3177 2236 3270 2291 τοῦ
3325 2236 3646 2308 Βαρδάρου,
3693 2241 3782 2291 έν-

2203 2330 2526 2400 υϐρισμένον
2550 2331 2710 2384 αὐτὸν
2750 2330 2826 2400 μὴ
2859 2329 3233 2400 περιορᾶσθαι,
3263 2330 3377 2383 ἀλλ’
3426 2331 3460 2402 ἢ
3493 2331 3594 2401 τὴν
3607 2330 3782 2398 ἀφαι-

2207 2423 2458 2492 ρεθεῖσαν
2513 2421 2546 2492 ἢ
2603 2422 2698 2475 καὶ
2713 2422 2880 2491 ἀλλην
2911 2420 3059 2491 αύτῷ
3095 2420 3332 2474 δίδοσθαι
3363 2419 3614 2490 γαμετὴν
3638 2437 3784 2491 φερ-

2201 2513 2299 2585 νὴν
2325 2513 2683 2568 εἰσοίσουσαν.
2737 2513 2896 2582 Παρά
2946 2511 3038 2565 τὸν
3066 2510 3160 2565 τοῦ
3198 2511 3414 2565 δείπνου
3441 2514 3621 2566 τοίνυν
3648 2531 3779 2566 και-

2206 2605 2298 2677 ρὸν
2353 2607 2382 2658 ό
2415 2604 2698 2675 Βάρδαρος
2752 2603 2934 2673 λέγειν
2980 2604 3060 2675 τῷ
3120 2603 3454 2674 βασιλεύοντι
3475 2607 3567 2659 τὸν
3599 2607 3784 2673 Μάξι-

2205 2699 2358 2768 μῖνον
2383 2696 2624 2763 ἐκέλευε,
2680 2697 2756 2767 μὴ
2778 2697 2998 2767 ’χρῆναι
3042 2696 3141 2767 τῆς
3171 2697 3230 2761 ἑξ
3258 2697 3423 2750 αὑτοῦ
3483 2698 3574 2750 τὸν
3621 2699 3786 2750 Κωνο

2204 2789 2449 2844 στάντων
2491 2788 2706 2851 ἐλπίδος
2761 2788 3102 2860 διαμαρτεῖν·
3168 2787 3292 2842 οὔτε
3325 2791 3433 2860 γὰρ
3483 2789 3697 2859 βασιλεί
3733 2791 3782 2824 ⁸⁸

2201 2879 2262 2932 τὸ
2290 2878 2583 2948 ψεύδεσθαι
2622 2880 2690 2936 ".
2722 2879 2906 2933 Ταῦτα
2953 2878 3009 2933 δὲ
3055 2881 3085 2933 ό
3130 2880 3389 2951 Ἀττήλας
3447 2882 3780 2949 ἐνετέλλετο,

2204 2969 2579 3039 ὑποσχομένου
2624 2969 3009 3040 Κωνσταντίου
3059 2970 3319 3040 χρήματα
3355 2970 3565 3034 δώσειν,
3588 2973 3638 3024 εί
3669 2973 3785 3024 τῶν

532 3061 730 3132 puellis
775 3036 1094 3131 locupletem
1132 3036 1374 3121 duceret.
1431 3062 1543 3121 Sub
1570 3073 1728 3120 nocte
1749 3079 1780 3119 a
1809 3079 1964 3121 omna
1990 3067 2099 3121 dis-

2205 3036 2523 3123 ζαπλούτων
2599 3036 2748 3129 αὺθτῷ
2825 3057 2978 3130 παρά
3017 3036 3312 3129 Ῥωμαίοις
3371 3061 3782 3133 κατεγγυηθείη

533 3169 820 3209 cessrmus.

605 3244 804 3302 Tribus
860 3246 1051 3303 deinde
1072 3247 1263 3302 diebus
1315 3245 1534 3317 elapsis,
1567 3247 1887 3304 muneribus
1918 3249 2103 3306 donati

536 3336 746 3392 dimissi
789 3351 998 3393 sumus.
1045 3339 1242 3394 Attilas
1270 3354 1490 3410 quoque
1522 3340 1832 3408 Berichum,
1863 3324 2043 3396 virum
2072 3358 2104 3397 e

537 3428 772 3498 Scythiae
805 3430 1156 3499 primoribus,
1201 3431 1493 3486 multorum
1519 3433 1760 3488 vicorum
1789 3433 1842 3488 in
1879 3433 2101 3505 Scythia

535 3521 828 3584 dominum,
894 3530 950 3575 et
1007 3522 1099 3591 qui
1159 3522 1210 3576 in
1246 3523 1495 3578 convivio
1548 3525 1826 3594 superiore
1868 3525 1987 3582 loco
2015 3541 2106 3581 se-

533 3615 710 3679 derat,
743 3614 1022 3670 nohiscu
1069 3616 1301 3687 legatum
1363 3618 1432 3671 ad
1481 3618 1872 3686 imperatorem
1926 3619 2099 3673 misit.

535 3704 688 3760 Hunc
715 3706 858 3762 enim
889 3715 944 3760 et
989 3708 1125 3763 alias
1162 3708 1391 3764 Romani
1420 3723 1518 3778 pro
1542 3709 1720 3778 legato
1745 3709 2101 3765 admiserant.

531 3797 699 3854 Nobis
745 3809 928 3853 autem
963 3798 1070 3854 iter
1099 3801 1520 3856 conﬁcientibus
1545 3809 1600 3856 et
1648 3803 1701 3856 in
1730 3802 1849 3856 vico
1869 3803 2102 3872 quodam

533 3894 1015 3960 eommorantibus,
1080 3903 1272 3962 captus
1347 3903 1432 3948 est
1501 3895 1589 3949 vir
1646 3893 1871 3968 Scytha,
1926 3895 2018 3966 qui
2073 3910 2102 3951 ο

533 3981 792 4035 Romanis
825 3981 1141 4050 explorandi
1191 3982 1364 4050 gratia
1397 3983 1453 4036 in
1485 3984 1780 4039 barbaram
1827 3986 2102 4054 regionem

542 4071 928 4135 descenderat,
953 4087 1112 4140 quem
1151 4073 1332 4128 erucis
1380 4073 1646 4142 supplicio
1697 4073 1841 4129 allici
1908 4075 2103 4130 Attilas

534 4161 810 4230 praecepit.
850 4160 1124 4216 Postridie
1143 4164 1308 4218 etiam
1343 4166 1466 4218 dum
1501 4181 1597 4235 per
1623 4167 1758 4221 alios
1789 4168 1937 4221 vicos
1975 4181 2103 4236 pro-

533 4253 1056 4324 grederemur,duo,
1117 4258 1209 4325 qui
1279 4258 1418 4327 apud
1481 4259 1710 4331 Scythas
1769 4262 2099 4326 serviebant,

535 4344 783 4400 manibus
815 4345 980 4400 vincti
1009 4355 1131 4417 post
1164 4355 1311 4419 terga
1372 4350 1748 4415 trahebantur,
1803 4355 1949 4422 quod
1995 4356 2098 4421 his,

2204 3150 2366 3219 γυνῆ.

2271 3241 2378 3295 Τοῦ
2418 3240 2475 3293 δὲ
2506 3241 2809 3310 συμποσίου
2859 3241 3262 3306 ὑπεξελθόντες,
3304 3242 3443 3310 μετά
3481 3242 3580 3313 τὴν
3604 3242 3774 3296 νύκτα

2201 3332 2425 3403 ἡμερῶν
2462 3332 2862 3403 διαγενομένων
2917 3334 3110 3404 τριῶν,
3170 3333 3528 3404 διηφείθημεν
3583 3333 3779 3404 δώροις

2201 3427 2315 3487 τοῖς
2364 3424 2701 3494 προσήκουσι
2753 3425 3094 3496 τιμηθέντες·
3144 3424 3358 3493 ἔπεμπε
3427 3425 3485 3478 δὲ
3526 3427 3554 3481 ό
3583 3426 3784 3496 Ἀττή-

2201 3516 2300 3577 λας
2334 3516 2428 3568 καὶ
2462 3516 2686 3586 Βέριχον
2715 3515 2806 3570 τὸν
2853 3517 3012 3588 ἡμῶν
3043 3519 3102 3570 ὲν
3123 3516 3199 3588 τῷ
3223 3517 3506 3587 συμποσίῳ
3532 3519 3786 3587 προκαθ-

2204 3607 2432 3660 εσθέντα
2457 3646 2473 3672 ,
2523 3607 2692 3677 ἀνδρα
2754 3607 2863 3662 τῶν
2918 3607 3157 3676 λογάδων
3209 3609 3303 3662 καὶ
3354 3607 3567 3662 πολλῶν
3604 3611 3663 3663 ὲν
3711 3613 3781 3681 τῇ

2204 3700 2443 3769 Σκυθικῇ
2505 3699 2708 3770 κωμῶν
2755 3700 3015 3770 ἄρχοντα,
3043 3701 3196 3772 παρά
3253 3700 3477 3770 βασιλέα
3505 3702 3784 3774 πρεσϐευ-

2206 3793 2454 3862 σόμενον,
2497 3791 2670 3855 ἄλλως
2702 3809 2762 3844 τε
2810 3794 2904 3846 καὶ
2955 3792 3116 3846 αὑτὸν
3145 3787 3233 3845 οἷα
3263 3792 3326 3863 δὴ
3358 3793 3605 3862 πρέσϐυν
3627 3797 3785 3864 παρὰ

2216 3883 2504 3952 Ῥωμαίων
2541 3884 2814 3950 δέξασθαι.
2878 3885 3224 3954 Ποιουμένων
3244 3885 3299 3938 δὲ
3351 3885 3508 3955 ἡμῶν
3544 3886 3647 3957 τὴν
3675 3903 3783 3938 πο·-

2211 3975 2360 4044 ρείαν
2388 3975 2480 4030 καὶ
2530 3977 2667 4047 πρὸς
2695 3976 2857 4048 κώμῃ
2891 3979 3311 4030 καταλυσάντων
3335 3978 3464 4041 τινὶ,
3491 3978 3604 4047 ἥλω
3633 3977 3781 4030 Σκύ-

2205 4065 2305 4134 θης
2357 4067 2497 4135 ἀνὴρ
2538 4067 2890 4136 κατασκοπῆς
2930 4066 3092 4120 ἕνεκα
3125 4070 3190 4120 ἐκ
3227 4069 3327 4137 τῆς
3398 4065 3682 4135 Ῥωμαίων
3711 4068 3776 4131 ἐς

2203 4160 2300 4230 τὴν
2339 4159 2613 4229 βάρϐαρον
2670 4157 3009 4228 διαϐεϐηκὼς
3063 4159 3266 4229 χώραν·
3325 4160 3418 4213 καὶ
3458 4157 3616 4212 αὐτόν
3657 4157 3784 4212 Ἀτ-

2203 4251 2370 4320 τήλας
2405 4248 2935 4320 ἀνασκολοπισθῆναι
2974 4251 3439 4320 παρεκελεύσατο.
3465 4251 3542 4320 Τῇ
3569 4250 3628 4302 δὲ
3651 4251 3785 4304 ἑπι-

2203 4342 2337 4413 ούσῃ
2367 4341 2434 4394 δι’
2482 4342 2682 4411 ἑτέρων
2741 4340 2944 4409 κωμῶν
3001 4342 3390 4412 πορευομένων
3449 4341 3633 4412 ἡμῶν,
3678 4341 3784 4395 ἀν-

532 4449 670 4502 quos
688 4433 812 4489 belli
838 4450 997 4491 casus
1018 4436 1269 4492 dominos
1292 4437 1530 4505 fecisset,
1558 4441 1724 4494 vitam
1745 4443 2093 4512 eripuissent.

2201 4433 2324 4504 δρες
2370 4432 2466 4486 δύο
2507 4433 2614 4484 τῶν
2667 4431 2816 4502 παρά
2861 4432 3098 4495 Σκύθαις
3135 4433 3492 4486 δουλευόντων
3558 4433 3783 4502 ἧγοντο,

532 4523 663 4589 Hos,
707 4525 968 4580 immissis
993 4526 1134 4581 inter
1161 4527 1267 4582 duo
1306 4528 1450 4596 ligna
1508 4531 1660 4585 uncis
1710 4534 1935 4600 praedita
1995 4535 2103 4604 70

532 4615 818 4685 capitibus,
849 4619 901 4671 in
935 4633 1097 4673 cruce
1121 4629 1409 4674 necarunt.
1441 4619 1706 4679 Berichus
1733 4640 1883 4690 vero,
1929 4642 2105 4696 quan-

533 4707 623 4762 diu
660 4706 933 4778 Scythiam
981 4712 1418 4780 peragravimus,
1453 4714 1642 4768 eadem
1687 4715 1771 4769 via
1823 4717 2102 4772 nobiscum

535 4797 728 4864 iverat,
760 4800 1075 4868 atplacidus
1113 4812 1168 4856 et
1195 4805 1404 4858 amicus
1439 4805 1585 4860 visus
1613 4814 1750 4860 erat.
1807 4808 1880 4862 Ut
1906 4806 2102 4863 Istrum

534 4889 866 4958 traiecimus,
947 4901 1167 4961 propter
1251 4897 1514 4964 quasdam
1588 4911 1760 4952 vanas
1791 4913 2006 4965 causas,
2067 4915 2096 4953 a

532 4981 705 5036 servis
761 4991 931 5050 ortas,
983 4999 1082 5040 nos
1150 4985 1498 5042 inimicorum
1564 4987 1685 5042 loco
1761 4989 1969 5045 habuit.
2032 4991 2102 5047 Et

534 5072 768 5142 primum
829 5075 1046 5144 quidem
1103 5091 1323 5147 equum,
1385 5094 1549 5147 quem
1611 5078 1902 5136 Maximino
1959 5085 2101 5137 dono

531 5167 774 5230 dederat,
834 5167 902 5220 ad
948 5181 1006 5222 se
1062 5171 1352 5224 revocavit.
1410 5168 1618 5222 Etenim
1674 5169 1870 5225 Attilas
1907 5185 2098 5229 omnes

533 5258 772 5330 Scythiae
801 5258 1093 5328 principes,
1131 5261 1222 5329 qui
1280 5260 1334 5314 in
1387 5260 1560 5329 ipsius
1614 5261 1870 5315 comitatu
1915 5273 2093 5331 erant,

531 5345 688 5400 donis
720 5343 1072 5400 Maximinum
1107 5363 1306 5401 ornare
1355 5349 1614 5417 jusserat,
1645 5358 1700 5404 et
1728 5354 2099 5423 unusquisque

531 5439 780 5493 certatim
809 5439 880 5492 illi
905 5453 1103 5508 equum
1131 5439 1375 5506 miserat,
1406 5439 1546 5495 inter
1570 5456 1706 5511 quos
1732 5452 1786 5497 et
1809 5443 2094 5501 Berichus.

2200 4525 2374 4578 ὀπίσω
2402 4522 2482 4577 τὼ
2531 4526 2678 4595 χεῖρε
2715 4524 3012 4595 δεδεμένοι,
3053 4526 3128 4588 ὠς
3177 4527 3307 4588 τοὺς
3341 4526 3483 4578 κατὰ
3541 4526 3785 4596 πόλεμον

2201 4615 2486 4679 ἀνελόντες
2543 4616 2832 4679 δεσπότας·
2887 4616 2982 4670 καὶ
3015 4617 3106 4668 ἐπὶ
3131 4616 3304 4680 ξύλων
3342 4617 3490 4670 δυοῖν
3545 4618 3786 4688 κεραίας

2202 4708 2434 4779 ἐχόντων
2464 4708 2667 4779 ἀμφοῖν
2711 4707 2812 4770 τὰς
2874 4707 3118 4776 κεφαλάς
3147 4707 3479 4777 ἐμϐαλόντες
3514 4708 3784 4762 ἀνεσταύο

2205 4816 2407 4870 ρωσαν.
2445 4798 2545 4867 Ἐφ
2583 4799 2706 4851 ὅσον
2759 4797 2817 4851 δὲ
2880 4797 2984 4867 τὴν
3027 4797 3302 4868 Σκυθικὴν
3366 4797 3693 4869 διεξῄειμεν,
3756 4799 3787 4851 ό

2202 4890 2425 4961 Βέριχος
2479 4888 2751 4942 ἐκοινώνει
2800 4890 2880 4956 τεξ
2908 4889 3042 4958 ἡμῖν
3099 4890 3197 4958 τῆς
3238 4887 3388 4953 ὀδοῦ,
3426 4888 3520 4941 καὶ
3576 4888 3786 4958 ἥσυχός

2203 4999 2286 5044 τις
2327 4982 2420 5035 καὶ
2468 4981 2776 5052 ἐπιτήδειος
2822 4979 3119 5052 ἐνομίζετο.
3179 4980 3266 5042 Ὠς
3327 4980 3383 5032 δὲ
3414 4979 3505 5032 τὸν
3567 4980 3788 5050 Ἴστρον

2205 5072 2651 5144 ἐπεραιώθημεν,
2693 5073 2753 5125 ὲν
2782 5071 2983 5142 ὲχθροῦ
3030 5073 3164 5141 ἡμῖν
3211 5071 3427 5138 ἐγένετο
3463 5071 3632 5141 μοίρᾳ
3693 5071 3788 5124 διά

2203 5183 2357 5229 τινας
2413 5164 2614 5227 ἑώλους
2645 5164 2951 5233 προφάσεις
3003 5165 3066 5215 ὲκ
3099 5162 3206 5215 τῶν
3263 5163 3612 5232 θεραπόντων
3653 5179 3786 5216 συν-

2203 5257 2541 5328 ενεχθεῖσας.
2576 5257 2686 5309 Καὶ
2721 5249 2990 5325 πρότερον
3036 5255 3136 5323 μὲν
3187 5255 3278 5308 τὸν
3312 5256 3477 5308 ἵππον
3501 5255 3782 5322 ἀφείλετο,

2204 5346 2250 5420 ᾧ
2306 5352 2397 5404 τὸν
2452 5347 2760 5417 Μαξιμῖνον
2811 5347 3198 5418 δωρησάμενος
3271 5343 3358 5419 ἦν.
3401 5346 3460 5401 '0
3501 5347 3613 5417 γάρ
3663 5347 3783 5400 Ἀτ-

2206 5446 2377 5516 τὴλας
2425 5443 2634 5505 πάντας
2678 5441 2824 5510 τοὺςδ
2863 5440 3000 5532 ἀμφ’
3036 5440 3201 5495 αὑτὸν
3262 5441 3494 5509 λογάδας
3539 5457 3801 5512 παρεκε-.

1815 5555 2052 5612 VARI/E
2093 5554 2496 5615 LECTIO‘NES.

605 5645 1138 5722 ιξζιιτοιρασκευόισειν,
1201 5646 1267 5701 ἂν
1298 5647 1390 5713 Η.,
1427 5651 1899 5717 παρασκευάσειεν
1940 5650 2007 5706 ἂν
2068 5650 2216 5722 vulg.

532 5714 841 5781 ψεύδεσθαι.

2318 5650 2362 5681 ³⁸
2398 5645 2670 5718 βασιλικὸν
2703 5644 2849 5713 conj.
2906 5644 2967 5697 B.
3006 5644 3051 5677 ⁸³
3081 5643 3312 5717 πρέπειν
3363 5646 3487 5703 add,
3538 5643 3602 5701 Ν,
3655 5653 3780 5715 poet
