4050 6420
307 340 410 406 ’145

1045 333 1154 402 DE
1195 330 1757 393 LEGATIONIBUS
1800 329 2286 392 ROMANORUM
2350 330 2444 387 Al)
2483 327 2800 388 GENTES.

3443 329 3548 392 756

304 450 536 516 λεὺσατο
590 441 786 515 δώροις
845 440 935 494 τὸν
995 440 1302 509 Μαειμῖνον
1354 438 1873 510 φιλοφρονήσασθαι,

1994 438 2176 494 Atille
2231 453 2353 494 cum
2407 437 2798 492 moderationis
2841 435 3068 506 gloriam
3103 437 3206 494 sibi
3234 453 3552 512 comparam

304 541 401 598 καὶ
428 537 663 599 ἕκαστος
707 532 1044 603 ἐπεπόμφει.
1091 532 1257 584 ῖππον
1293 531 1463 602 αὑτῷ,
1515 531 1648 602 μεθ’
1680 525 1756 586 ὧν
1785 533 1880 585 καὶ

299 635 332 689 ό
407 630 654 702 Βὲριχος.
707 623 954 692 Ὀλίγους
1005 623 1060 677 δὲ
1125 621 1306 677 λαϐὼν
1357 623 1485 687 τοὺς
1538 622 1730 685 ἄλλους
1777 624 1882 676 ἀπ-

296 723 538 792 (mpm,
604 717 668 770 τὸ
713 715 930 784 σῶφρον
983 713 1220 784 δηλῶσαι
1262 715 1326 767 ἐκ
1380 715 1478 784 τῆς
1529 713 1879 785 μετριότητος

294 806 672 874 ἐσπουδακώς.
733 804 936 860 Τοῦτον
993 801 1086 858 οὖν
1140 805 1395 874 ἀφείλετο
1426 805 1518 858 τὸν
1555 804 1743 867 ἵππον,
1785 804 1878 857 καὶ

291 901 426 957 οὔτε
481 897 905 964 συνοδοιπορεῖν,
968 892 1094 947 οὔτε
1147 892 1527 946 συνεστιᾶσθαι
1583 891 1874 960 ἠνέσχετο·

289 991 440 1048 ὥστε
491 991 625 1062 ἡμῖν
679 990 738 1042 ὲν
774 989 840 1057 τῇ
897 984 1187 1055 βαρϐάρων
1217 983 1369 1054 χώρᾳ
1411 984 1704 1052 γενομένου
1735 998 1875 1051 συμ-

291 1081 476 1148 δόλου,
510 1081 569 1145 ἐς
615 1077 777 1140 τοῦτο
821 1075 1121 1146 προελθεῖν.
1176 1076 1285 1126 Καὶ
1326 1072 1576 1126 ἐντεῦθεν
1621 1074 1710 1126 διὰ
1767 1075 1867 1140 τῆς

288 1173 566 1229 Φιλίππου
617 1169 710 1222 ἐπὶ
767 1166 866 1238 τὴν
942 1165 1223 1234 Ἀδριανοῦ
1278 1165 1433 1218 πόλιν
1496 1164 1594 1233 τὴν
1643 1161 1871 1235 πορείαν

290 1263 706 1337 ἐποιησάμεθα.
775 1261 866 1316 Ἐν
919 1255 954 1336 ᾖ
1018 1259 1520 1329 διαναπαυσάμενοι
1575 1259 1633 1321 ὲς
1683 1257 1874 1325 λόγους

289 1359 538 1432 ἧλθομεν
591 1354 667 1426 τῷ
722 1353 952 1424 Βερίχῳ,
1014 1351 1106 1404 καὶ
1164 1351 1326 1403 αὑτὸν
1382 1350 1480 1419 τῆς
1537 1349 1674 1418 πρὸς
1727 1348 1874 1417 ἡμᾶς

292 1449 512 1518 σιωπῆς
560 1443 1058 1515 κατεμεμψάμεθα,
1095 1444 1179 1495 ὄτι
1228 1459 1291 1509 γε
1341 1441 1405 1512 δὴ
1452 1440 1736 1510 ὀργίζεται
1771 1440 1872 1491 οὑκ

286 1539 569 1597 ἀδικοῦσιν
623 1537 799 1591 οὐδέν.
835 1532 1287 1606 Θεραπεὺσαντες
1313 1532 1407 1585 οὖν
1456 1530 1620 1584 αὑτὸν
1646 1531 1739 1582 καὶ
1769 1530 1870 1583 ἐπὶ

294 1632 536 1687 ἑστίασιν
582 1629 916 1690 καλέσαντες
975 1626 1398 1698 ἐξωρμήσαμεν.
1424 1625 1532 1677 Καὶ
1564 1622 1644 1693 τῷ
1672 1621 1871 1693 Βιγίλᾳ

300 1725 361 1777 εν
393 1720 572 1794 τῇωῷ
599 1720 1014 1790 ἀπαντήσαντες
1043 1717 1134 1769 ἐπὶ
1155 1715 1252 1791 τὴν
1275 1713 1548 1785 ’Σκυθικὴν
1571 1712 1873 1775 ἐπαναζευ-

1986 531 2252 596 studeret,
2283 545 2347 585 ex
2381 529 2536 599 cquis
2571 529 2772 584 oblatis
2825 542 3028 597 paucos
3075 543 3381 600 acceperat,
3424 535 3552 588 relic

1982 635 2122 690 quos
2179 619 2464 690 reiecerat.
2519 620 2787 676 Berichus
2846 620 3014 692 igitur
3091 635 3312 691 equum,
3389 637 3551 692 quem

1983 711 2288 766 Maximino
2305 713 2552 776 dederat,
2583 712 2804 776 ademit,
2841 726 3016 781 neque
3045 711 3302 780 deinceps
3361 714 3554 770 eadem

1981 803 2065 858 via
2108 802 2188 858 ire
2219 813 2312 858 aut
2342 805 2546 858 cmnari
2601 803 2885 858 nobiscum
2935 803 3125 859 voluit.
3151 804 3340 874 Itaque
3370 805 3556 877 hospi—

1981 892 2205 949 talitatis
2234 905 2460 959 tessera,
2505 894 2557 948 ln
2588 894 2817 949 barbara
2862 894 3084 964 regione
3141 905 3440 965 contracta,
3490 913 3556 954 eo

1981 1001 2150 1055 usque
2201 1002 2484 1058 progressa
2536 995 2640 1042 est.
2693 985 2830 1041 Hinc
2869 1002 2965 1056 per
3017 986 3432 1058 Philippopolim
3487 994 3554 1044 ad

1977 1077 2389 1147 Adrianopolim
2422 1078 2578 1134 nobis
2609 1081 2710 1133 iter
2747 1078 2869 1134 fuit.
2903 1078 2962 1132 In
3019 1079 3120 1134 hac
3153 1079 3375 1135 civitate
3401 1080 3556 1149 quie-

1978 1178 2212 1234 scentes,
2261 1171 2545 1225 Berichum
2585 1185 2776 1226 rursus
2823 1171 3040 1226 allocuti
3091 1186 3217 1226 cum
3267 1187 3357 1239 eo,
3409 1173 3554 1241 quod

1977 1260 2182 1314 tamdiu
2226 1275 2352 1331 erga
2409 1277 2508 1317 nos
2557 1263 2834 1318 silentium
2896 1263 3182 1328 tenuisset,
3240 1263 3556 1333 expostula-

1975 1349 2170 1407 vimus.
2200 1349 2312 1406 Nec
2353 1353 2499 1408 enim
2535 1353 2699 1408 ullam
2757 1353 2930 1409 fuisse
2978 1368 3201 1410 causam
3250 1369 3350 1409 cur
3397 1353 3554 1410 nobis

1975 1440 2329 1508 irasceretur,
2355 1445 2798 1515 quandoquidem
2855 1446 2908 1499 in
2943 1445 3092 1500 nulla
3127 1459 3186 1500 re
3222 1459 3349 1500 eum
3379 1444 3554 1501 οπεος

1976 1535 2254 1590 deramus.
2285 1535 2478 1606 Itaque
2511 1551 2577 1591 eo
2596 1537 2814 1607 placato
2847 1544 2903 1591 et
2937 1538 3004 1592 ad
3042 1550 3255 1592 coenam
3299 1537 3552 1605 invitato,

1975 1625 2044 1680 ab
2072 1615 2418 1698 Adrianopol‘i
2444 1629 2740 1684 movimus.
2771 1627 2828 1682 In
2860 1628 3057 1685 itinere
3077 1629 3330 1700 Bigilam,
3370 1629 3463 1699 qui
3497 1628 3550 1682 in

1976 1713 2256 1786 Scythiam
2314 1718 2710 1785 revertebatur,
2767 1718 2988 1773 obvium
3046 1719 3371 1774 habuimus:
3440 1731 3553 1789 quo

284 1793 593 1882 καὶ
620 1810 689 1864 τὰ
706 1810 858 1880 παρὰ
911 1808 1145 1877 Ἀττήλα
1193 1807 1327 1875 ἡμῖν
1367 1805 1470 1874 τῆς
1525 1803 1618 1856 ἐπὶ
1641 1805 1707 1874 τῇ
1737 1819 1871 1872 πρε-

1978 1805 2187 1872 edocto,
2222 1822 2342 1878 qua:
2404 1810 2604 1864 Attilas
2653 1809 2721 1864 ad
2772 1808 3100 1880 legationem
3157 1818 3402 1864 nostram
3466 1822 3555 1864 rc-

293 1901 453 1974 σσειᾳ
474 1902 815 1971 ἀποκρίσεως
837 1899 1101 1978 εἰρημένα
1126 1896 1561 1967 άφηγησάμενοι,
1581 1894 1678 1964 τῆς
1707 1895 1877 1946 ἐπαν-

285 1993 414 2048 όδου
461 1991 740 2064 είχόμεθα.
790 1990 878 2053 Ὠς
930 1989 988 2042 δὲ
1049 1988 1110 2050 ἐς
1153 1989 1252 2057 τὴν
1298 1985 1707 2040 Κωνσταντίνου
1737 2001 1878 2056 παρ-

284 2083 611 2155 ιγενόμσθα,
656 2080 1090 2154 μεταϐεϐλῆσθαι
1128 2080 1226 2150 μὲν
1256 2078 1476 2150 ᾠόμεθα
1503 2079 1594 2132 τὸν
1652 2077 1876 2149 Βέριχον

282 2176 397 2246 τῆς
444 2177 632 2248 ὀργῆς·
691 2173 752 2239 ὃς
797 2174 856 2227 δὲ
895 2172 996 2242 τῆς
1043 2174 1245 2243 ἀγρίας
1288 2173 1388 2224 οὑκ
1419 2155 1746 2240 ἐπελέληστο
1776 2169 1876 2239 φύ-

187 2265 190 2268 ’
286 2266 698 2346 σεως,’ἀλλ’-ἑς
725 2265 990 2338 διαφορὰς
1037 2263 1258 2335 ἐχώρει,
1303 2264 1398 2317 καὶ
1468 2265 1524 2316 ὲν
1568 2261 1874 2334 κατηγορίᾳ

285 2363 534 2417 ἑποιεττο
588 2359 681 2414 τδν
747 2359 1155 2430 Μαξιμῖνον,ὡς
1181 2357 1384 2428 ἔφησεν
1411 2357 1491 2418 εἰς
1516 2355 1620 2424 τὴν
1681 2353 1876 2406 Σκυθις

285 2454 401 2528 ’.τὴν
461 2453 656 2517 διαϐὰς
713 2453 805 2507 τὸν
855 2451 1194 2523 Ἀρεόϐινδον
1220 2451 1266 2483 ’°
1306 2449 1398 2502 καὶ
1450 2448 1541 2501 τὸν
1587 2448 1870 2515 Ἀσπαρα,

284 2547 494 2618 ἄνδρας
547 2545 910 2616 στρατηγοὺς,
947 2543 1219 2613 μηδεμίαν
1271 2540 1422 2608 παρὰ
1475 2538 1685 2608 βασιλεῖ
1728 2535 1874 2606 ἔχειν

293 2635 516 2710 μοῖραν,
560 2635 658 2689 καὶ
711 2635 788 2697 ὡς
815 2637 875 2687 ὲν
905 2632 1172 2702 ὀλιγωρίᾳ
1207 2631 1275 2684 τὰ
1296 2629 1417 2682 κατ’
1450 2629 1646 2690 αὑτοὺς
1685 2626 1873 2699 ἐποιή-

288 2739 453 2788 σατο,
487 2721 588 2794 τὴν
644 2721 986 2792 βαρϐαρικήν
1030 2719 1255 2786 ἐλέγξας
1306 2717 1631 2788 κουφότητα.
1760 2781 1767 2802 1

376 2811 781 2880 ’Λναζεὺξαντα
805 2811 863 2864 δὲ
885 2811 976 2864 τὸν
999 2810 1224 2878 Βιγίλαν
1245 2810 1338 2862 καὶ
1367 2811 1427 2862 ἐν
1455 2806 1535 2872 οἷς
1557 2809 1648 2862 τὸν
1685 2808 1874 2879 ’Λττή-

285 2903 398 2960 λαν
424 2904 614 2967 τόποις
649 2899 950 2972 διατρίϐειν
980 2899 1298 2954 συνέϐαινεν
1345 2899 1678 2971 ἀφικόμενον
1715 2917 1872 2970 περι-

293 2995 526 3058 στάντες
583 2989 728 3065 εἶχον
758 2994 803 3025 ⁸³
865 2995 915 3047 ot
971 2994 1109 3063 πρὸς
1151 2992 1313 3046 τοῦτο
1360 2992 1870 3064 παρεσκευασμένοι

1979 1899 2293 1968 sponderat,
2311 1911 2551 1968 coeptum
2584 1901 2688 1956 iter
2709 1901 3171 1956 continuavimus.
3194 1899 3265 1956 Ut
3281 1899 3553 1957 Constan-

1978 1989 2262 2060 tinpolim
2302 1992 2574 2058 venimus,
2609 1992 2898 2048 Berichum
2925 1994 3380 2049 existimabamus
3410 1994 3550 2048 iram

1979 2081 2275 2151 ahjecisse,
2300 2085 2394 2138 sed
2419 2086 2650 2154 agrestis
2681 2092 2733 2139 et
2761 2084 2890 2140 τοῖσι
2917 2099 3028 2141 suae
3073 2095 3281 2140 natura;
3329 2085 3554 2140 minime

1977 2183 2062 2226 est
2084 2173 2312 2230 oblitus.
2353 2175 2488 2230 Nam
2525 2175 2876 2231 Maximinum
2941 2177 3278 2233 insimulavit
3325 2177 3552 2242 dixisse,

1975 2275 2097 2316 cum
2141 2265 2192 2318 in
2233 2265 2508 2337 Scythiam
2543 2267 2870 2332 transiisset,
2899 2269 3193 2325 Areobindi
3223 2277 3280 2324 et
3305 2268 3551 2339 Asparis,

1975 2354 2311 2409 exercituum
2340 2358 2958 2423 ducum,auctoritatem
2980 2361 3122 2429 apud
3159 2361 3552 2431 imperatorem

1975 2443 2173 2501 nullius
2193 2462 2312 2502 esse
2337 2448 2609 2518 ponderis,
2633 2460 2688 2504 et
2713 2464 2835 2504 cum
2861 2448 3228 2504 Barbarorum
3271 2451 3548 2511 levitatem

1975 2548 2030 2596 et
2076 2539 2500 2596 inconstantiam
2548 2548 2814 2608 notasset,
2867 2555 3056 2598 eorum
3110 2552 3263 2612 gesta
3288 2544 3346 2598 in
3401 2547 3550 2603 nullo

1976 2633 2155 2704 pretio
2193 2633 2468 2688 habuisse.
2762 2631 2765 2633 ’

2045 2816 2352 2875 Reversum
2389 2815 2636 2887 Bigilnm,
2679 2831 2802 2872 cum
2831 2815 2888 2870 in
2941 2817 3010 2872 iis
3055 2815 3192 2871 locis
3227 2817 3540 2873 advenisset

1974 2915 2066 2970 ubi
2144 2924 2256 2970 tum
2314 2913 2511 2968 Attilas
2593 2909 3057 2974 commorabatur,
3129 2909 3552 2967 circumstantes

1972 3005 2198 3061 Barbari
2232 3005 2334 3076 71
2388 3003 2455 3058 ad
2495 3002 2549 3057 id
2585 3002 2871 3072 praeparati
2907 2999 3458 3068 comprehenderunt,
3496 3011 3554 3057 ct

301 3085 605 3158 Βάρϐαροι,
641 3085 737 3139 καὶ
767 3084 836 3138 τὰ
856 3085 1142 3155 χρήματα,
1171 3084 1316 3157 άπερ
1345 3085 1422 3154 τῷ
1462 3078 1716 3138 Ἐὅὲκωνι
1747 3083 1869 3138 ἐκό-

1978 3115 2165 3155 manus
2194 3098 2247 3152 in
2281 3097 2560 3164 pecunias,
2593 3108 2727 3164 quas
2775 3092 3010 3148 Edcconi
3035 3090 3314 3159 aﬂ'erebat,
3347 3092 3552 3165 iujeca.

299 3167 478 3248 μιζεν,
507 3167 812 3246 ἀφείλοντο.
851 3177 939 3239 Ὠς
976 3176 1033 3228 δὲ
1069 3175 1164 3229 καὶ
1192 3177 1355 3230 αὑτὸν
1376 3177 1529 3248 παρὰ
1557 3175 1649 3229 τὸν
1679 3177 1870 3248 Ἀττή-

289 3267 394 3323 Inv
419 3265 578 3340 ἦγον,
608 3267 706 3322 καὶ
733 3269 1053 3338 ὰνηρωτᾶτο
1084 3269 1207 3322 ὅτου
1246 3268 1410 3339 χάριν
1437 3267 1691 3322 τοσοῦτον
1715 3269 1870 3339 φέροι

285 3355 544 3430 χρυσίον,
573 3356 679 3426 (pq
715 3357 922 3419 οἰκείας
949 3374 1009 3410 τε
1048 3358 1140 3410 καὶ
1167 3358 1277 3410 τῶν
1313 3357 1711 3428 παρεπομένων
1734 3374 1870 3427 προ-

289 3449 444 3514 νοίας
468 3448 654 3510 ἕνεκα,
671 3445 811 3501 ὥστε
847 3449 920 3519 μή
945 3449 1124 3520 ὲνδεία
1152 3449 1369 3520 τροφῶν
1385 3451 1418 3519 ἢ
1451 3450 1632 3502 ἵππων
1655 3449 1872 3513 σπάνει,

289 3540 332 3613 ἢ
357 3539 462 3595 καὶ
507 3539 621 3594 τῶν
668 3540 964 3613 φορτηγῶν
1009 3541 1320 3610 ὑποζυγίων
1353 3525 1484 3594 ’ὑπὸ
1520 3541 1622 3610 τῆς
1657 3542 1875 3612 μακρᾶς

294 3631 791 3704 ἔκδιπιινηθέντων
810 3631 953 3697 ὁδοῦ,
979 3633 1304 3703 διαμαρτεῖν
1331 3633 1432 3702 τῆς
1463 3636 1592 3702 περὶ
1617 3633 1714 3704 τῆς
1735 3650 1873 3702 πρε·

297 3722 488 3788 σσείας
552 3723 826 3793 σπουδῆς·
884 3723 1331 3795 παρεσκευάσθαι
1391 3724 1446 3776 δὲ
1489 3724 1640 3795 αὑτῷ
1692 3724 1788 3780 καὶ
1817 3727 1876 3789 ἐς

300 3813 664 3884 αἰχμαλώτων
704 3815 870 3886 ὠνὴν,
937 3815 1150 3869 πολλῶν
1205 3818 1347 3870 κατὰ
1418 3817 1517 3887 τὴν
1585 3816 1876 3886 Ῥωμαίων

301 3895 600 3975 δεηθέντων
623 3905 814 3972 αὑτοῦ,
843 3907 969 3968 τοὺς
988 3905 1140 3974 σφίσι
1161 3907 1556 3976 ξπροσήκοντας
1581 3905 1870 3973 λύσασθαι,

299 3997 448 4052 καὶὸ
477 3995 770 4068 ’Δττήλαςο
813 4015 832 4048 ι
873 3997 1012 4050 Ἀλλ’
1047 3997 1218 4062 οὑτοι,
1259 4016 1279 4049 ι
1315 3998 1442 4068 ἔφη,
1471 3999 1535 4052 σὺ
1577 4017 1596 4050 ι
1633 4000 1874 4070 πονηρὸν

290 4084 512 4156 θηρίον,
559 4104 578 4138 r
615 4087 708 4140 τὸν
731 4085 952 4151 Βιγίλαν
981 4087 1176 4155 λέγων,
1206 4106 1223 4137 ι
1258 4088 1358 4158 τὴν
1389 4090 1543 4159 δίκην
1573 4088 1875 4160 σοφιζόμε-

288 4196 386 4244 νος
415 4179 624 4253 λήσεις,
652 4182 697 4214 ³¹
729 4182 851 4235 οὐδὲ
878 4181 1031 4236 ἐσται
1065 4201 1152 4236 σοι
1187 4184 1464 4254 πρόφασις
1501 4187 1659 4256 ἱκανὴ
1705 4190 1784 4250 είς
1813 4187 1874 4240 τὸ

283 4273 397 4342 τὴν
419 4272 644 4326 κόλασιν
667 4273 975 4341 διαφυγεῖν,
997 4274 1243 4343 μείζονος
1270 4275 1368 4343 μὲν
1389 4277 1487 4345 τῆς
1519 4279 1617 4346 σῆς
1629 4279 1874 4347 δαπάνης

289 4364 662 4434 παρασκευῆς
692 4381 775 4417 σοι
793 4365 839 4397 ⁸³
862 4366 1162 4436 χρημάτων
1214 4366 1587 4437 ὑπαρχούσης,
1621 4368 1714 4420 καὶ
1763 4368 1872 4421 τῶν

1975 3202 2122 3248 runt.
2154 3191 2290 3246 Cum
2350 3189 2524 3260 ipsum
2571 3189 2637 3242 ad
2695 3186 2916 3240 Attilam
2974 3185 3352 3252 adduxissent,
3405 3187 3453 3242 is
3486 3201 3550 3245 ax

1976 3300 2040 3338 co
2071 3283 2338 3354 quaesivit,
2373 3281 2529 3350 cujus
2571 3280 2647 3334 rei
2688 3279 2864 3350 gratia
2919 3289 3132 3334 tantum
3178 3281 3295 3335 auri
3345 3295 3543 3352 aspor-

1977 3384 2165 3430 lasset.
2211 3373 2301 3429 Ille
2367 3371 2666 3442 respondit,
2701 3381 2760 3425 ut
2797 3370 2910 3425 suis
2951 3379 3005 3425 et
3033 3372 3549 3430 conﬁtum'suonm

1977 3466 2393 3522 necessitatibus
2428 3463 2751 3534 provideret,
2804 3478 2872 3518 ne
2901 3477 3078 3516 rerum
3111 3465 3546 3520 necessariarum

1979 3557 2180 3627 inopia,
2229 3565 2322 3610 aut
2379 3569 2662 3624 equorum,
2748 3561 2841 3608 aut
2923 3553 3156 3608 aliorum
3235 3555 3548 3610 animalium

1978 3662 2214 3706 vectura:
2247 3658 2492 3718 aptorum
2527 3646 2772 3717 penuria,
2827 3661 2947 3716 quae
2998 3661 3094 3714 per
3145 3645 3301 3716 longa
3357 3648 3550 3705 itinera

1983 3741 2349 3811 deperierant,
2383 3755 2412 3794 a
2442 3737 2620 3794 studio
2645 3737 3016 3793 obeundarum
3049 3735 3380 3808 legationum
3416 3753 3548 3793 avo-

1979 3844 2215 3891 caretur.
2273 3831 2540 3886 Praeterea
2591 3829 2658 3884 ad
2721 3829 3143 3898 redemptionem
3213 3829 3548 3899 captivorum

1979 3920 2259 3990 pecuniam
2294 3926 2538 3988 paratam
2567 3931 2709 3972 esse.
2736 3915 2930 3973 Multos
2979 3918 3124 3972 enim
3170 3932 3236 3972 ex
3291 3917 3553 3974 Romanis

1979 4025 2010 4066 a
2045 4026 2106 4066 se
2141 4023 2462 4080 magnopere
2489 4008 2730 4076 petiisse,
2778 4017 2838 4062 ut
2896 4008 3224 4080 prOpinquos
3253 4024 3380 4066 suos
3403 4011 3550 4066 redi-

1980 4109 2172 4156 meret.
2234 4099 2332 4155 Cui
2393 4100 2594 4154 Attilas
2645 4116 2677 4156 :.
2717 4100 2824 4155 Sed
2880 4115 3057 4170 neque
3114 4100 3250 4170 jam,
3300 4117 3335 4157 o
3379 4105 3552 4172 turpis

1978 4193 2172 4255 bestia,
2209 4190 2433 4259 Bigilam
2490 4191 2788 4260 appellans,
2827 4191 2996 4247 ullum
3050 4194 3145 4248 tibi
3195 4194 3304 4250 tuis
3326 4194 3552 4250 cavilla-

1979 4281 2433 4348 tionibusjudicii
2461 4282 2729 4336 subeundi
2754 4284 2959 4351 patebit
3016 4284 3316 4354 ell'ugium:
3376 4300 3553 4356 neque

1977 4373 2081 4428 ulla
2112 4373 2456 4428 satis‘idonea
2487 4387 2650 4427 causa
2687 4374 2811 4438 erit,
2875 4389 2980 4442 qua
3045 4375 3294 4431 meritum
3352 4377 3554 4448 suppli-

285 4453 406 4507 ὑπὸ
441 4454 539 4508 σοῦ
571 4455 758 4508 ῐππων
791 4456 888 4509 καὶ
915 4455 1228 4524 ὑποζυγίων
1275 4456 1732 4527 ὼνηθησομένων,
1775 4459 1873 4512 καὶ

1982 4468 2126 4522 cium
2161 4466 2368 4521 evitare
2395 4466 2592 4536 possis.
2623 4464 2803 4536 Longe
2831 4466 2978 4521 enim
3009 4467 3180 4534 major
3200 4484 3412 4524 summa
3442 4480 3548 4536 est,

283 4545 397 4614 τῆς
422 4545 535 4599 τῶν
572 4545 938 4616 αίχμαλώτων
955 4546 1180 4610 λύσεως,
1211 4547 1279 4618 ἢν
1302 4551 1397 4601 σὺν
1427 4549 1716 4619 Μαξιμίνῳ
1741 4549 1873 4621 παρ’

287 4635 404 4708 ipsi
444 4636 767 4710 ἀφικομένῳ
799 4641 974 4691 ποιεῖν
1019 4639 1395 4709 ἀπηγόρευσα.
1431 4659 1448 4692 ι
1489 4639 1674 4697 Ταῦτα
1705 4640 1875 4713 είιπὼν

285 4730 392 4782 τὸν
427 4728 546 4806 υίδν
577 4725 668 4800 (ἦν
713 4729 773 4783 δὲ
797 4731 894 4785 καὶ
914 4731 993 4801 τῷ
1036 4731 1229 4802 Βιγίλᾳ
1265 4733 1388 4784 τότε
1422 4732 1638 4802 πρῶτον
1673 4734 1731 4796 ἐς
1775 4735 1874 4805 τὴν

287 4819 604 4892 Βαρϐάρων
634 4821 1019 4893 ἠκολουθηκὼς
1048 4821 1254 4896 χώραν)
1287 4823 1431 4891 ξίφει
1461 4824 1872 4895 καταϐληθῆναι

289 4911 769 4982 παρεκελεύσατο,
797 4913 848 4965 sl
870 4912 946 4986 μὴ
970 4913 1183 4982 φθάσας
1211 4913 1357 4966 εῐποι
1382 4915 1490 4983 ὅτῳ
1519 4914 1589 4968 τὰ
1613 4916 1876 4986 χρήματα

288 5005 393 5060 καὶ
421 5003 494 5058 δι’
523 5007 592 5075 ἢν
640 5003 824 5058 αίτίαν
863 5004 1104 5076 κομίζει.
1147 5007 1206 5060 '0
1239 5006 1298 5060 δὲ
1332 5007 1407 5070 ὡς
1463 5007 1726 5063 ἐθεάσατο
1783 5007 1877 5062 τὸν

292 5095 470 5151 παῖδα
499 5096 594 5149 ἐπὶ
614 5095 850 5150 θάνατον’
869 5099 1176 5168 στείχοντα,
1209 5099 1267 5160 ἐς
1300 5097 1516 5170 δάκρυά
1536 5115 1594 5152 τε
1635 5101 1730 5155 καὶ
1753 5099 1876 5154 όλο-

293 5187 552 5261 φυρμυίις
587 5186 823 5259 ἐτράπη,
866 5189 961 5242 καὶ
999 5188 1202 5242 ἀνεϐόα
1245 5189 1345 5259 τὴν
1395 5189 1556 5258 δίκην
1591 5192 1678 5243 ἐπ’
1713 5191 1875 5244 αὑτὸν

293 5280 492 5350 φέρειν
515 5279 578 5333 τὸ
597 5277 769 5348 ξίφος,
803 5280 904 5333 οὑκ
941 5281 1034 5332 ἐπὶ
1052 5280 1147 5332 τὸν
1175 5280 1294 5334 νέον
1336 5279 1428 5332 τὸν
1462 5280 1752 5336 ἀδικοῦντα
1784 5284 1876 5336 οὑ-

291 5369 408 5424 διν.
443 5370 558 5424 Καὶ
613 5369 784 5440 μηδὲν
816 5369 1092 5440 μελλήσας
1122 5370 1190 5422 τά
1217 5385 1278 5422 τε
1317 5369 1463 5439 αὑτῷ
1499 5370 1598 5424 καὶ
1620 5373 1874 5428 Ἐδέκωνι

221 5503 232 5512 .
297 5461 398 5516 καὶ
419 5462 502 5533 τῷ
531 5462 773 5532 εὐνούχῳ
807 5464 903 5517 καὶ
937 5462 1018 5533 τῷ
1051 5461 1261 5533 βασιλεί
1293 5462 1661 5532 μελετηθέντα
1694 5465 1872 5535 ἔλεγε,

1979 4570 2140 4625 quam
2175 4569 2280 4625 qua
2309 4556 2404 4610 tibi
2433 4555 2507 4611 sit
2548 4569 2688 4625 opus
2713 4556 2778 4610 ad
2813 4557 3222 4612 sustentandam
3253 4555 3542 4624 familiam.

1976 4647 2060 4702 vel
2099 4647 2264 4702 etiam
2297 4661 2460 4715 quam
2501 4647 2783 4718 impendas
2843 4649 2896 4702 in
2929 4649 3256 4719 emptionem
3289 4665 3550 4721 equorum

1977 4738 2062 4792 vel
2088 4737 2478 4805 iumentorum,
2497 4738 2580 4793 vel
2603 4738 2976 4795 liberationem
3009 4741 3370 4811 captivorum,
3390 4759 3552 4814 quam

1973 4828 2289 4895 jamdudum
2320 4827 2634 4896 Maximino,
2657 4845 2782 4884 cum
2825 4831 2931 4886 huc
2965 4833 3237 4898 veniebat,
3277 4833 3551 4892 interdixi.
3657 4865 3680 4882 ι

1981 4921 2106 4974 Haec
2125 4920 2333 4985 dicens,
2352 4919 2520 4974 lilium
2547 4919 2738 4990 Bigilm
2763 4922 2835 4991 (is
2859 4928 2973 4977 tum
2992 4923 3222 4993 primum
3238 4936 3444 4995 patrem
3461 4943 3554 4981 sc-

1979 5021 2138 5066 cutus
2190 5010 2244 5064 in
2279 5010 2568 5066 barbaram
2601 5013 2879 5080 regionem
2917 5014 3161 5082 venerat)
3187 5031 3321 5072 ense
3372 5017 3551 5072 occidi

1976 5102 2150 5172 jubet,
2183 5101 2286 5156 nisi
2317 5111 2493 5171 pater,
2525 5115 2687 5171 quem
2719 5103 2772 5158 in
2814 5119 2973 5160 usum
3004 5115 3059 5160 et
3086 5121 3248 5176 quam
3308 5107 3377 5162 ob
3423 5123 3554 5163 cau-

1981 5209 2098 5248 sam
2141 5201 2350 5247 tantum
2373 5195 2490 5248 auri
2525 5195 2856 5261 advexisset,
2881 5198 3140 5268 aperiret.
3189 5197 3281 5254 llle
3314 5207 3372 5251 ut
3421 5198 3555 5256 vidit
3671 5242 3680 5245 -

1981 5287 2153 5340 lilium
2187 5284 2353 5339 morti
2375 5285 2671 5354 addicta,
2702 5287 2770 5343 ad
2800 5289 3070 5361 lacrymas
3089 5305 3407 5350 conversus,
3458 5288 3550 5356 jus

1983 5377 2294 5446 implorare,
2327 5385 2383 5431 et
2413 5392 2598 5433 ensem
2648 5377 2705 5434 in
2764 5394 2825 5435 se
2880 5381 3020 5436 mitti
3073 5381 3293 5446 debere,
3355 5381 3551 5435 nonin

1981 5469 2174 5532 tilium,
2193 5468 2287 5538 qui
2314 5468 2448 5523 nihil
2473 5471 2910 5529 commeruissct.
2929 5471 3039 5529 Nec
3057 5481 3343 5529 cunctatus
3367 5470 3550 5527 omnia

1576 5579 1816 5634 \‘ARIE
1850 5579 2263 5637 LECTIONES.

371 5667 416 5790 ἶο
469 5667 809 5738 ’Λρεόμινὸον
854 5677 910 5724 et.
959 5668 1101 5723 infra
1151 5670 1434 5742 διατριϐήν
1481 5673 1624 5744 vulg.

397 5757 446 5790 α.

305 5755 446 5810 vutg.

534 5837 806 5900 ΙἈτιιρι..
838 5840 955 5902 Gn.
988 5837 1085 5897 CX
1104 5835 1212 5901 lll.

1703 5677 1743 5708 “
1797 5679 2039 5747 συνεῖχον
2085 5675 2149 5732 Ν.
2225 5677 2271 5707 ⁹¹
2303 5675 2492 5747 λήσεις
2531 5676 2617 5743 Β..
2668 5677 2848 5741 λύσεις
2891 5679 3034 5749 vulg.

3126 5678 3174 5710 ⁸³
3218 5696 3300 5733 σοι
3336 5677 3422 5749 Β,,
3463 5671 3554 5736 οἷα

3158 5843 3237 5908 2’5
