4076 6458
295 476 399 540 749

1061 476 1158 536 DE
1195 458 1763 537 LEGATIONIBUS
1802 473 2296 536 ROMANORUM
2341 474 2444 534 AD
2479 475 2800 541 GENTES.

3558 247 3588 269 μ’

3448 467 3556 546 750

296 591 618 660 ἀπέπεμπε,
660 588 994 660 συμπέμψας
1053 591 1149 644 καὶ
1187 591 1276 644 τὸν
1307 591 1690 643 Κωνστάντιον
1732 587 1874 641 ὥστε

1987 587 2120 659 regii
2159 587 2225 642 ad
2267 597 2516 642 ornatum
2561 597 2811 654 utuntur,
2870 586 3092 645 dimisit.
3161 589 3422 649 Comitem
3455 593 3561 653 illis

295 685 451 755 αὑτῴ
487 682 716 755 βασιλέα
750 684 829 747 είς
861 682 1022 755 ἐργον
1057 683 1284 752 ἀγαγεῖν
1313 682 1412 753 τὴν
1438 681 1756 752 ὑπόσχεσιν.
1789 680 1876 744 Ὠς

293 779 352 832 δέ
402 775 708 846 ἐπανῆλθον
754 776 804 828 οί
835 775 1118 847 πρέσϐεις,
1167 775 1260 829 καὶ
1287 774 1503 829 ἃπαντα
1542 775 1610 828 τά
1651 792 1708 826 τε
1747 762 1875 843 παρ’

295 871 500 933 αὑτῶν,
529 868 597 921 τά
628 885 687 921 τε
723 868 876 937 παρὰ
906 868 1000 920 τοῦ
1030 866 1319 938 Βαρϐἀρου
1342 865 1642 935 διεξῆλθον,
1676 880 1877 933 κατεγ-

295 963 498 1031 γυᾶται
553 959 632 1030 τῷ
687 958 1058 1030 Κωνσταντίῳ
1081 956 1219 1028 γυνὴ
1252 956 1467 1030 γαμετὴ
1512 957 1808 1029 Ἀρματίου
1831 957 1878 990 ⁸⁸

294 1050 591 1120 γενομένη,
616 1049 806 1112 παιδὸς
827 1047 1057 1108 Πλίνθου
1075 1047 1170 1100 τοῦ
1191 1047 1342 1118 παρὰ
1368 1047 1662 1117 Ῥωμαίοις
1681 1063 1878 1118 στρατ-

289 1146 606 1215 ηγήσαντος
663 1141 758 1194 καὶ
796 1141 894 1211 τὴν
913 1139 1123 1194 ὕπατον
1164 1142 1339 1211 ἀρχὴν
1387 1141 1673 1214 ἄρξαντος.
1739 1143 1875 1195 Συν-

292 1233 556 1307 εϐεϐήκει
581 1231 640 1286 δέ
680 1234 774 1286 τὸν
809 1231 1116 1300 Ἀρμάτιον
1156 1233 1213 1295 ἐς
1243 1231 1341 1304 τὴν
1373 1232 1588 1287 Λιϐύων
1616 1233 1878 1287 διαϐάντα

290 1328 386 1380 ἐπὶ
417 1329 483 1395 τῇ
527 1323 663 1396 πρὸς
706 1323 1078 1394 Αύσοριανοὺς
1130 1322 1280 1396 μάχῃ
1304 1324 1653 1395 εὐημερῆσαι
1691 1324 1791 1394 μὲν
1819 1326 1877 1378 ἐν

286 1415 369 1484 τῷ
397 1414 536 1484 πρὸς
558 1413 804 1476 ἐκείνους
855 1414 1100 1485 πολέμῳ,
1129 1416 1439 1486 νοσήσαντα
1471 1416 1528 1469 δὲ
1557 1417 1878 1487 τελευτῆσαι

287 1508 382 1563 τὸν
414 1507 548 1578 βίον.
592 1501 667 1562 Oi}
696 1506 760 1578 δὴ
804 1508 904 1578 τὴν
937 1507 1207 1580 γαμετὴν,
1240 1509 1334 1562 καὶ
1359 1509 1506 1578 γένει
1538 1507 1632 1562 καὶ
1655 1525 1877 1582 περιουο

293 1600 389 1672 σεεμ⁵
425 1599 854 1669 διαπρέπουσαν,
891 1599 1112 1663 ἔπεισεν
1137 1602 1164 1660 ὁ
1189 1599 1443 1670 βασιλεὺς
1473 1598 1551 1668 τῷ
1579 1601 1876 1654 Κωνσταν-

291 1694 397 1763 τῖῳ
423 1689 726 1762 γήμασθαι.
754 1689 912 1746 Οὕτω
936 1692 1029 1744 καὶ
1058 1691 1168 1744 τῶν
1208 1691 1346 1762 πρὸς
1389 1691 1654 1762 Ἀττήλαν
1685 1690 1876 1744 λυθένο

303 1805 411 1840 των
455 1785 749 1860 διαφορῶν,
798 1789 827 1840 ὁ
871 1785 1148 1852 Θεοδόσιος
1200 1785 1413 1852 ἐδεδίει,
1495 1787 1708 1858 μήποτε
1783 1785 1878 1840 καὶ

298 1881 480 1950 Ζήνων
498 1879 774 1953 τυραννίδι
804 1878 1133 1948 ἐπιθήσεται
1161 1877 1299 1949 (3‘2).

1983 677 2192 734 addidit
2220 677 2620 744 Constantium,
2662 685 2721 734 ut
2749 677 3050 749 imperator
3079 681 3182 752 ipsi
3229 697 3290 739 re
3346 687 3560 742 contire

1983 779 2176 836 maret,
2208 785 2330 842 quae
2354 771 2536 827 verbis
2584 771 2930 842 promiserat.
2961 773 3036 830 Ut
3064 773 3228 845 legati
3255 775 3558 845 redierunt,

1982 869 2188 921 etcum
2228 862 2394 918 Attila
2428 864 2572 919 ultro
2606 864 2853 935 citroque
2889 873 3009 921 acta
3048 866 3372 936 retulerunt,
3397 867 3562 924 Con-

1984 955 2186 1011 stantio
2226 957 2415 1026 nuptui
2467 957 2627 1013 datur
2675 957 2944 1028 quondam
2971 974 3110 1015 uxor
3155 960 3408 1030 Armatii,
3465 962 3564 1019 lilii

1981 1045 2231 1112 Plinthaz,
2262 1047 2353 1116 qui
2385 1049 2525 1118 apud
2561 1047 2834 1106 Romanos
2863 1051 3202 1107 exercituum
3233 1053 3340 1108 dux
3383 1053 3564 1110 fuerat

1982 1148 2039 1195 et
2061 1141 2399 1196 consulatum
2430 1141 2648 1197 inierat.
2683 1141 2776 1198 Ille
2807 1144 2858 1197 in
2888 1141 3114 1216 Libyam
3144 1144 3422 1216 profectus
3442 1147 3562 1203 acie

1981 1244 2105 1287 cum
2135 1230 2455 1288 Ausorianis
2481 1233 2866 1289 decertaverat
2899 1243 2952 1290 et
2973 1249 3231 1306 prospere
3267 1249 3558 1308 pugnarat:

1984 1338 2110 1379 mox
2157 1327 2346 1380 morbo
2387 1335 2672 1396 correptus
2717 1327 2887 1382 vitam
2935 1327 3170 1384 linierat.
3222 1325 3356 1401 Ejus
3378 1329 3555 1400 uxori,

1979 1429 2178 1484 genere
2205 1427 2260 1472 et
2283 1417 2503 1488 ﬁdivitiis
2555 1419 2881 1488 conspicuae,
2941 1429 3065 1490 post
3117 1421 3298 1476 mariti
3346 1421 3558 1478 obitum

1981 1509 2278 1578 imperator
2333 1511 2535 1566 nubere
2595 1510 2916 1567 Constantio
3001 1522 3368 1583 persuaserat.
3451 1513 3560 1571 Sed

1979 1601 2172 1671 scpitis
2205 1604 2456 1659 omnibus
2479 1604 2546 1659 ad
2581 1604 2728 1660 hunc
2758 1607 2972 1660 modum
3037 1619 3158 1660 cum
3224 1604 3388 1662 Attila
3436 1621 3562 1664 con-

1981 1691 2285 1755 troversiis,
2319 1690 2681 1748 Theodosium
2731 1707 2905 1750 novus
2946 1695 3108 1751 timor
3131 1697 3437 1767 occupavit,
3489 1711 3560 1752 ne

1979 1783 2127 1840 Zeno
2159 1786 2493 1856 tyrannidem
2523 1788 2823 1844 invaderet.

369 1934 447 2034 ξ’.
473 1934 599 2025 Ὀτι
648 1968 745 2024 τοῦ
789 1934 1022 2042 ’Δττήλα
1051 1934 1294 2041 (Malleoli!
1321 1969 1366 2002 °"
1404 1967 1556 2038 παρὰ
1587 1966 1871 2022 Θεοδοσίου

2049 1965 2105 2022 6.
2134 1965 2217 2036 (P.
2244 1969 2309 2022 A.
2339 1967 2401 2024 C.
2431 1969 2536 2026 450
2557 1970 2674 2026 ind.
2709 1973 2744 2028 5
2768 1970 2936 2029 Marc.
2959 1973 3035 2045 i.)
3069 1973 3206 2030 Cum
3239 1973 3435 2030 Attilas
3463 1975 3564 2029 tri—

283 2061 627 2132 τεταγμένον
658 2061 824 2134 φόρον
852 2060 1144 2130 ζητοῦντος
1167 2059 1202 2130 ἢ
1226 2059 1464 2130 πόλεμον
1499 2057 1870 2125 ἀπειλοῦντος,

281 2154 402 2210 τῶν
447 2153 733 2226 Ῥωμαίων
765 2153 1009 2209 στέλλειν
1055 2153 1187 2225 παρ’
1215 2152 1378 2207 αὑτὸν
1427 2151 1688 2222 πρέσϐεις
1737 2153 1873 2205 ἀπο-

281 2250 658 2320 κριναμένων,
694 2245 1048 2311 Ἀπολλώνιος
1078 2245 1383 2316 ἐπέμπετο,
1411 2237 1585 2316 οῦπερ
1607 2242 1872 2312 ὁάδελφδς

280 2342 388 2415 τὴν
415 2342 735 2414 Σατορνίλου
763 2342 1078 2413 γεγαμήκει
1110 2339 1409 2410 θυγατέρα,
1438 2338 1504 2409 ἦν
1531 2338 1558 2391 ὁ
1581 2336 1872 2399 Θεοδόσιος

279 2435 541 2491 ἐϐούλετο
571 2433 937 2522 Κωνσταντίῳ
976 2432 1310 2503 κατεγγυᾷν,
1347 2431 1536 2502 Ζήνων
1568 2429 1624 2484 δὲ
1660 2429 1873 2500 Ῥούφῳ

282 2530 542 2584 ἐδεδώκει
563 2529 697 2600 πρὸς
715 2528 894 2598 γάμον
910 2544 923 2558 ·
955 2525 1076 2580 τότε
1100 2525 1158 2580 δὲ
1184 2524 1243 2591 ἐξ
1273 2523 1370 2579 ἀνθ
1381 2524 1578 2595 ρώπων
1603 2523 1870 2591 ἐγεγόνει.

283 2624 400 2678 Τοῦ
455 2626 707 2693 Ζήνωνος
764 2617 858 2676 οὖν
909 2620 1020 2676 τῶν
1058 2618 1381 2691 ἐπιτηδείων
1430 2620 1458 2672 ὁ
1513 2616 1873 2680 Ἀπολλώνιος

280 2718 532 2787 γεγονὼς
551 2718 644 2770 καὶ
672 2714 771 2786 τὴν
802 2713 1137 2785 στρατηγίδα
1162 2711 1346 2784 λαχὼν
1370 2712 1569 2784 ἀρχὴν.
1604 2710 1757 2782 παρὰ
1780 2711 1873 2764 τὸν

297 2811 567 2884 Ἀττήλαν
599 2811 881 2880 ἐπέμπετο
910 2809 1412 2880 πρεσϐευσάμενος.
1477 2805 1588 2862 Καὶ
1638 2807 1730 2860 τὸν
1775 2805 1874 2877 μὲν

283 2907 507 2976 Ἵστρον
529 2902 876 2974 ἐπεραιοῦτο,
905 2903 1006 2955 ούκ
1031 2901 1187 2972 ἔτυχε
1209 2901 1267 2955 δὲ
1307 2900 1408 2971 τῆς
1440 2899 1580 2972 πρὸς
1612 2899 1704 2954 τὸν
1724 2899 1874 2970 Βάρη

279 2999 459 3070 ϐαρον
482 2995 749 3068 προσόδου
767 2994 834 3050 ⁸⁸.
873 2994 962 3048 Ἐν
993 2995 1132 3066 ὀργῇ
1161 2993 1268 3064 γὰρ
1303 2993 1515 3056 ἐκεῖνος
1547 2994 1874 3062 ποιούμενος

280 3091 350 3146 τὸ
367 3090 446 3162 μὴ
469 3087 800 3158 κεκομίσθαι
816 3087 945 3150 τοὺς
962 3087 1186 3158 φόρους,
1204 3083 1296 3149 οὓς
1321 3084 1510 3155 ἔλεγεν
1541 3084 1691 3156 αὐτῷ
1720 3084 1874 3156 παρὰ

281 3184 398 3238 τῶν
433 3180 728 3252 βελτιόνων
780 3181 877 3235 καὶ
912 3178 1360 3252 βασιλικωτέρων
1409 3178 1692 3250 τετάχθαι,
1750 3178 1873 3232 ούδέ

1980 2057 2169 2114 butum
2204 2073 2328 2115 cum
2351 2061 2660 2120 Theodosio
2693 2074 3020 2122 conventum
3056 2075 3286 2137 peteret,
3319 2076 3414 2123 aut
3437 2068 3558 2124 bel-

1980 2149 2094 2205 lum
2134 2151 2455 2221 minaretur,
2477 2164 2532 2211 et
2551 2153 2781 2211 Romani
2812 2172 2872 2213 se
2897 2156 2975 2214 illi
3015 2167 3114 2228 per
3142 2157 3363 2232 legatos
3393 2159 3562 2216 satis-

1981 2238 2221 2299 facturos
2263 2246 2699 2315 respondissent,
2732 2249 2934 2305 missus
2971 2259 3058 2307 est
3090 2249 3429 2322 Apollonius.
3460 2249 3562 2310 Hic

1978 2345 2102 2392 erat
2139 2336 2310 2394 frater
2342 2339 2480 2410 ejus,
2509 2341 2599 2411 qui
2641 2342 2922 2404 Saturnini
2963 2343 3124 2400 (illam
3167 2346 3396 2402 duxerat
3428 2361 3562 2402 uxo-

1979 2444 2116 2494 rem,
2142 2422 2304 2500 quam
2339 2429 2672 2489 Theodosius
2692 2433 3008 2490 Constantio
3041 2436 3382 2507 promiserat,
3412 2435 3561 2492 Zeno

1983 2537 2110 2578 vero
2140 2521 2283 2580 Rufo
2315 2523 2630 2593 collocarat,
2671 2527 2762 2596 qui
2807 2535 2930 2584 tunc
2961 2526 3020 2582 in
3060 2527 3196 2584 vivis
3225 2543 3348 2586 esse
3382 2529 3560 2588 desie-

1982 2623 2086 2670 rat.
2129 2614 2317 2685 ltaque
2352 2617 2672 2688 Apollonius
2699 2619 2840 2674 inter
2872 2617 3169 2676 familiares
3207 2619 3460 2687 Zenonis,
3501 2632 3560 2676 et

1982 2707 2134 2763 ducis
2159 2706 2420 2777 dignitate
2452 2717 2668 2773 auctus,
2693 2707 2968 2780 legatione
3001 2709 3286 2768 functnrus
3319 2711 3386 2767 ad
3419 2711 3560 2768 Atti-

1981 2799 2088 2854 lam
2118 2799 2314 2856 missus
2343 2811 2480 2857 erat.
2516 2799 2620 2858 Sed
2649 2803 2968 2860 transmisso
2991 2803 3151 2872 Istro,
3178 2805 3402 2863 minime
3441 2809 3560 2865 adi-

1985 2898 2096 2945 tum
2122 2893 2189 2946 ad
2238 2891 2461 2948 Attilam
2505 2905 2699 2951 nactus
2729 2905 2832 2951 est.
2868 2894 3082 2952 Etenim
3124 2897 3319 2954 Attiias
3353 2901 3432 2956 ira
3457 2917 3560 2958 aes-

1984 2989 2167 3048 tuans,
2199 2985 2345 3057 quod
2371 2985 2474 3042 sibi
2508 2986 2793 3056 tributum,
2813 2989 2956 3059 quod
2987 2989 3056 3045 ab
3084 2991 3302 3060 optimis
3323 3000 3378 3048 et
3408 2992 3562 3050 nobi-

1983 3075 2203 3132 lissimis
2237 3078 2367 3134 viris
2389 3079 2491 3136 sibi
2527 3080 2880 3137 constitutum
2903 3097 3025 3139 esse
3054 3083 3213 3152 dixit,
3248 3101 3354 3142 non
3383 3087 3562 3144 solve-

1982 3180 2154 3238 retur,
2170 3169 2276 3243 73
2295 3171 2526 3242 legatum
2545 3173 2770 3230 minime
2785 3175 3024 3245 admisit,
3055 3188 3365 3250 contemptu
3383 3179 3502 3251 ejus
3526 3195 3558 3234 a

277 3275 380 3330 τὸν
406 3271 892 3346 πρεσϐευσάμενον
953 3269 1190 3340 ἐδέχετο,
1219 3271 1314 3324 τοῦ
1362 3269 1683 3340 πέμψαντος
1740 3287 1873 3324 κατ-

1980 3276 2089 3332 quo
2119 3265 2316 3320 missus
2331 3274 2466 3322 erat.
2490 3265 2608 3333 Quo
2629 3278 2874 3338 tempore
2892 3271 3560 3346 Apolloniusmagnanimi

294 3363 615 3434 ολιγωρῶν.
643 3361 705 3419 ⁸0
732 3361 790 3414 δέ
805 3359 1162 3424 Ἀπολλώνιος
1193 3360 1385 3433 ἀνδρὸς
1412 3352 1573 3434 ἔργον
1592 3360 1734 3415 κατὰ
1749 3361 1872 3415 τοῦ·

277 3473 378 3510 τον
409 3459 504 3508 τὸν
565 3435 760 3526 καιρδν
793 3453 1047 3524 φαίνεται
1099 3452 1565 3524 διαπραξάμενος.
1613 3453 1721 3508 Τοῦ
1762 3454 1872 3525 γὰρ

293 3546 538 3616 ’Δττηλα
588 3546 666 3616 μὴ
710 3543 1078 3616 προσιεμένου
1103 3543 1149 3575 ⁹⁹
1193 3541 1293 3615 τὴν
1339 3541 1506 3597 αὑτοῦ
1549 3543 1870 3614 πρεσϐείαν,

283 3639 432 3711 μηδὲ
477 3641 537 3702 ἐς
575 3638 769 3707 λόγους
823 3635 974 3708 αὐτῷ
1010 3635 1187 3690 ἐλθεῖν
1239 3635 1592 3706 βουλομένου,
1625 3651 1875 3707 παρακε-

281 3731 584 3802 λευομένου
619 3729 676 3785 δὲ
705 3729 946 3801 πέμπειν
981 3729 1128 3802 ᾇπερ
1146 3728 1295 3801 αὐτῷ
1345 3729 1411 3782 ἐκ
1435 3726 1702 3800 βασιλέως
1725 3726 1874 3800 δῶρα

286 3823 541 3894 ἐκόμιζε,
568 3825 664 3878 καὶ
688 3822 922 3878 θάνατον
953 3821 1330 3888 ἀπειλοῦντος,
1371 3822 1420 3876 εί
1449 3821 1527 3901 μῂ
1567 3820 1708 3892 δοίη,
1740 3820 1877 3892 ἐφη-

295 3931 424 3971 σεν*
462 3935 482 3968 ι
529 3917 642 3972 οὐκ
683 3917 862 3970 αἰτεῖν
918 3918 1164 3988 προσῆκε
1217 3913 1453 3978 Σκύθαις
1513 3914 1658 3984 ἆπερ
1690 3913 1876 3976 αὐτοῖς

291 4009 507 4074 ἔξεστιν
535 4008 565 4080 ἢ
600 4009 798 4080 δῶραῆ
841 4009 1015 4064 σκῦλα
1045 4007 1262 4062 λαϐεῖν’
1305 4027 1325 4060 ι
1369 4004 1702 4078 παραδηλῶν
1726 4004 1876 4078 δῶρα

285 4100 397 4170 μὲν
431 4099 616 4162 αὐτοῖς
644 4098 994 4170 δοθήσεσθαι,
1029 4099 1080 4152 εί
1109 4098 1274 4154 αὑτὸν
1299 4096 1685 4170 προσδέξοιντο
1736 4113 1876 4167 πρε-

283 4191 645 4262 σϐευόμενον,
679 4190 851 4245 σκῦλα
879 4191 957 4254 δέ,
981 4192 1029 4244 εί
1062 4190 1343 4252 ἀνελόντες
1381 4189 1684 4259 ἀφέλοιντο.
1719 4187 1878 4244 Οὕτω

279 4284 394 4357 μὲν
423 4280 518 4337 οὖν
546 4281 830 4352 ἄπρακτος
852 4279 1081 4352 ἐπανῄει
1104 4279 1240 4352 (24).

357 4373 432 4440 ζ’.
467 4373 594 4427 Ὅτι
619 4372 909 4444 Γεζερίχου
939 4371 1040 4442 τὴν
1078 4370 1296 4442 Ῥώμην
1343 4370 1741 4444 πορθήσαντος,
1782 4372 1878 4426 καὶ

275 4467 676 4542 βασιλεύοντος
704 4465 944 4532 Ἀϐίτου,
965 4463 1285 4536 Μαρκιανὸς
1306 4464 1455 4519 ὁτῶν
1477 4464 1575 4535 τῆς
1589 4465 1706 4520 Ἕω
1741 4465 1878 4520 Ῥωσ-

275 4563 470 4634 μαίων
495 4558 760 4630 βασιλεὺς
787 4559 941 4630 παρὰ
967 4557 1060 4612 τὸν
1083 4557 1374 4630 Γεζέριχον
1401 4556 1494 4612 τὸν
1519 4557 1628 4612 τῶν
1653 4557 1869 4629 ,Βανδήο

269 4627 396 4708 λων
441 4627 684 4723 ἄρχοντα
720 4627 1290 4723 πρέσϐεις-ἔστελλεν,
1331 4649 1472 4704 ὥστε
1502 4652 1603 4717 τῆς
1649 4627 1868 4706 Ἰταλῶν
1896 4627 1950 4687 D

268 4744 597 4816 ἀπέχεσθαι
631 4741 735 4813 γῆς
757 4741 852 4796 καὶ
879 4742 980 4804 τὰς
1004 4739 1312 4811 βασιλείους
1342 4740 1652 4811 ἐκπέμπειν
1676 4743 1870 4809 γυναῖ-

270 4849 394 4898 κας
427 4830 811 4904 αἰχμαλώτους
859 4830 1159 4908 ἀγομένας,
1213 4831 1315 4901 τήν
1355 4846 1418 4883 τε
1457 4827 1870 4884 Βαλεντινιανοῦ

267 4926 544 4998 γαμετὴν
570 4924 668 4978 καὶ
699 4923 798 4988 τὰς
826 4923 1000 4994 αὐτῆς
1029 4921 1368 4994 θυγατέρας.
1400 4922 1510 4978 Καὶ
1537 4923 1587 4977 οἱ
1611 4923 1873 4994 πρέσϐεις

270 5026 349 5085 ἐς
382 5018 484 5090 τὴν
522 5017 640 5073 Ἕω
673 5017 950 5088 ἄπρακτοι
987 5015 1332 5087 ἐπανῄεσαν·
1366 5014 1543 5070 ούδεηνὶ
1599 5015 1706 5087 γὰρ
1763 5016 1874 5068 τῶν

267 5108 720 5180 ἐπεσταλμένων
748 5109 766 5140 ¹
796 5107 952 5179 παρὰ
1004 5103 1100 5163 τοῦ
1137 5104 1466 5177 Μαρκιανοῦ
1519 5106 1547 5158 ὁ
1583 5106 1873 5176 Γεζέριχος

269 5202 628 5274 ὑπήκουσεν,
651 5199 776 5255 οὐδὲ
801 5198 908 5270 μὴν
941 5197 1090 5252 λύειν
1106 5197 1205 5263 τὰς
1231 5199 1497 5267 γυναῖκας
1524 5197 1794 5251 ἐϐούλετο.
1813 5197 1873 5250 '0

266 5295 342 5349 δὲ
374 5291 703 5364 Μαρκιανὸς
717 5291 884 5361 ἕτερα
914 5290 1050 5363 πρὸς
1069 5289 1234 5345 αὑτὸν
1259 5289 1532 5358 διέπεμπε
1569 5288 1875 5360 γράμματα

271 5386 511 5440 καὶτὸν
560 5381 1041 5455 πρεσϐευσόμενον
1095 5380 1339 5452 Βλήδανο
1395 5377 1464 5452 ἦν
1515 5379 1572 5433 δέ
1614 5380 1716 5450 τῆς
1778 5379 1872 5435 τοῦ

267 5478 322 5532 Γ
325 5476 586 5548 εζιρίχου
639 5475 905 5548 αἱρέσεως
937 5473 1267 5539 ἐπίσκοποςο
1297 5472 1395 5542 τῆς
1441 5475 1549 5543 γὰρ
1581 5472 1690 5526 τῶν
1737 5473 1874 5542 Χρι-

275 5571 532 5627 στιανῶν
551 5569 854 5642 θρησκείας
889 5568 984 5622 καὶ¹
1043 5565 1166 5629 τοὺς
1204 5565 1506 5634 Βανδήλους
1540 5559 1680 5620 εἶναι
1737 5583 1876 5636 συμ-

1976 3354 2078 3409 viri
2123 3354 2336 3411 facinus
2388 3372 2552 3413 ausus
2597 3373 2718 3415 esse
2766 3360 2987 3417 dicitur.
3029 3361 3276 3428 Etenim,
3312 3368 3559 3434 quamvis

1974 3442 2172 3500 Attilas
2189 3443 2414 3502 minime
2438 3454 2609 3502 ratam
2633 3447 2860 3505 haberet
2883 3450 2999 3520 ejus
3020 3451 3365 3522 legationem,
3381 3470 3560 3524 neque

1975 3537 2060 3594 sui
2084 3537 2441 3596 conveniendi
2464 3547 2792 3611 potestatem
2834 3540 3017 3598 facere
3049 3544 3232 3608 vellet,
3261 3544 3433 3602 nihilo
3466 3561 3556 3602 se-

1975 3629 2094 3684 cius
2130 3627 2292 3695 dona,
2337 3644 2459 3699 quae
2492 3632 2560 3686 ad
2605 3646 2728 3690 eum
2775 3635 2844 3690 ab
2882 3634 3208 3704 imperatore
3241 3637 3557 3708 Apollonius

1976 3721 2252 3789 attulerat,
2296 3721 2401 3778 sibi.
2447 3723 2587 3780 tradi
2632 3725 2982 3796 postulabat,
3008 3727 3063 3782 ni
3114 3729 3287 3795 daret,
3326 3738 3557 3792 mortem

1977 3813 2253 3870 illaturum
2298 3815 2627 3872 minabatur.
2664 3818 2987 3889 Apollonius
3025 3829 3208 3878 autem
3254 3823 3552 3892 reSpondit,

1976 3921 2088 3962 non
2121 3909 2315 3962 decere
2345 3907 2577 3981 Scythas
2617 3923 2680 3965 ea
2709 3911 2960 3980 precibus
2996 3921 3275 3983 expetere,
3313 3927 3433 3984 qua:
3464 3925 3558 3988 aut

1976 4013 2077 4070 pro
2110 3998 2268 4055 donis
2296 4010 2391 4056 aut
2438 4011 2691 4072 tanquam
2719 4001 2891 4072 spolia
2935 4002 3038 4059 sibi
3073 4018 3290 4061 sumere
3319 4006 3509 4063 liceret
3539 4025 3554 4060 :

1980 4089 2228 4146 indicans
2277 4093 2418 4148 dona
2464 4093 2533 4149 iis
2581 4108 2828 4161 cessura,
2859 4095 2906 4150 si
2943 4109 3003 4152 se
3035 4104 3293 4166 tanquam
3323 4099 3561 4172 legatum

1979 4181 2355 4248 admitterent,
2387 4183 2581 4254 spolia,
2615 4187 2659 4241 si
2696 4185 2985 4244 interfecto
3025 4187 3130 4246 sibi
3168 4190 3460 4260 eriperent.
3494 4190 3560 4250 Et

1978 4273 2060 4329 sic
2098 4272 2301 4330 infecta
2331 4291 2389 4332 re
2421 4278 2601 4332 rediit.

2053 4366 2104 4419 7.
2137 4366 2225 4434 (Α.
2245 4363 2308 4422 C.
2335 4364 2464 4430 456,
2489 4366 2606 4422 Ind.
2629 4366 2857 4434 9,.Mart.
2893 4369 2970 4442 7.)
2998 4369 3314 4440 Martianus,
3348 4371 3553 4430 Roma-

1980 4473 2175 4516 norum
2205 4449 2551 4514 orientalium
2588 4459 2904 4531 imperator,
2943 4462 3011 4516 ad
3053 4462 3406 4520 Gensericnm
3439 4473 3562 4534 post

1981 4548 2208 4606 Romam
2248 4550 2318 4606 ab
2355 4565 2444 4618 eo,
2495 4551 2658 4608 Avito
2707 4552 3033 4622 imperante,
3077 4553 3310 4608 dirutam
3352 4554 3558 4625 legatos

1979 4644 2150 4709 misit,
2190 4644 2281 4712 qui
2313 4641 2573 4710 juberent
2607 4659 2734 4700 eum
2767 4646 2836 4700 ab
2891 4645 3044 4700 Italia
3079 4645 3344 4702 vastanda
3386 4646 3559 4703 absti-

1978 4749 2130 4801 nere,
2176 4742 2232 4790 et
2257 4749 2483 4790 uxorem
2509 4731 2870 4792 Valentiniani
2899 4745 2953 4792 et
2988 4737 3105 4806 ejus
3132 4734 3270 4792 ﬁlias
3296 4736 3350 4792 in
3382 4736 3560 4807 capti-

1981 4828 2204 4888 vitatem
2239 4828 2502 4884 abductas
2530 4827 2770 4884 libertati
2807 4828 3118 4885 restituere.
3161 4828 3270 4885 Sed
3292 4829 3475 4900 legati,
3502 4847 3562 4885 re

1982 4921 2204 4988 infecta,
2233 4922 2285 4977 in
2308 4922 2585 4984 Orientem
2616 4921 2820 4980 reversi
2849 4933 2994 4978 sunt.
3022 4921 3157 4977 Nam
3190 4922 3324 4978 nihil
3342 4938 3574 5012 eorum,‘

1981 5029 2102 5084 quae
2154 5029 2182 5068 a
2237 5013 2508 5069 Martiano
2544 5013 2808 5084 imperata
2851 5013 3090 5079 fuerant,
3147 5013 3348 5081 facere,
3387 5028 3563 5084 neque

1978 5108 2212 5163 liberare
2277 5107 2533 5164 mulieres
2595 5105 2783 5161 voluit.
2840 5106 3206 5176 Quamobrem
3261 5105 3563 5161 Martianus

1981 5201 2178 5256 iterum
2207 5200 2420 5256 litteras
2459 5199 2526 5255 ad
2555 5198 2911 5255 Gensericum
2944 5198 3166 5270 scripsit
3207 5212 3302 5270 per
3339 5196 3560 5253 B:edam

1981 5295 2240 5364 legatum.
2296 5290 2430 5348 Erat
2481 5301 2664 5350 autem
2717 5291 2882 5348 Bleda
2941 5293 3229 5364 episcopus
3288 5292 3560 5346 haereseos

1981 5386 2282 5442 Genserici.
2326 5383 2552 5440 Vandali
2600 5384 2744 5439 enim
2785 5382 3224 5441 Christianorum
3257 5382 3458 5436 cultum
3507 5391 3562 5435 et

1983 5479 2298 5548 religionem
2328 5477 2562 5547 amplexi
2601 5477 2834 5533 fuerant.
2855 5474 2956 5532 llic
2989 5475 3077 5530 ubi
3103 5475 3167 5530 ad
3203 5472 3559 5530 Gensericum

1983 5571 2235 5636 accessit,
2283 5577 2448 5638 atque
2487 5568 2726 5624 alienum
2761 5582 2792 5621 a
2835 5581 2933 5622 sua
2966 5565 3234 5635 legatione
3266 5563 3559 5634 perspexit,

1576 5708 1810 5767 unus
1851 5712 2255 5798 LECTIONES.

367 5831 413 5864 υ.
445 5830 726 5903 ςλρμάςομ
757 5824 1009 5903 con]._H._
1102 5827 1434 5903 "genua.
1467 5825 1528 5903 tt.

1636 5827 1680 5858 ⁸⁸
1707 5827 1975 5902 προσόδου
2011 5831 2102 5899 Η.,
2135 5827 2362 5902 προόδου
2389 5829 2535 5900 vulg.

2642 5828 2686 5862 ⁸³
2711 5825 3071 5898 προσιεμένου
3093 5824 3156 5880 -ΙΙ
3187 5865 3202 5892 ,
3233 5821 3559 5896 προϊεμένου

276 5903 444 5975 vulg.
514 5895 678 5957 ἱ’τῶν
699 5895 1122 5967 ἐπεσταλμένων
1149 5897 1238 5964 Νη
1273 5898 1699 5970 ἀπεσταλμένων
1726 5895 1870 5973 vulg.
1939 5935 1988 5964 ρ
