4076 6446
277 316 384 380 753

1041 315 1139 376 DE
1179 314 1741 377 LEGATIONIBUS
1777 316 2269 383 ROMANORUM
2309 323 2410 384 AD
2445 323 2762 386 GENTES.

3431 318 3546 385 τοι

201 423 216 440 ‘
277 423 430 494 παρὰ
456 421 551 475 τοῦ
579 418 906 494 κρατοῦντος
922 421 1033 474 τῶν
1053 424 1112 476 ἐν
1137 425 1203 494 τῇ
1233 423 1347 494 Ἕῳ
1379 423 1691 495 Ῥωμαίων,
1711 426 1778 494 ἐφ
1806 417 1852 493 ᾦ

1977 427 2178 483 )riente
2205 443 2387 486 rerum
2429 430 2758 500 potiebatur,
2794 437 2854 485 ut
2887 431 2956 486 ab
2985 431 3142 487 Italia
3163 442 3218 488 et
3241 435 3424 490 Sicilia
3454 437 3545 492 ab-

272 514 376 581 τῆς
410 511 659 571 Σικελίας
702 510 798 563 καὶ
824 510 935 580 ςτῆς
984 510 1218 576 Ἰταλίας
1267 512 1571 584 ἀπέχεσθαι
1616 516 1712 570 καὶ¹
1755 514 1858 578 τὰς

276 599 583 672 βασιλείους
597 599 905 668 ἐκπέμπειν
926 603 1213 669 γυναῖκας.
1244 603 1628 675 Γεζέριχοςξδὲ,
1646 605 1858 661 πολλῶν

275 693 418 763 πρὸς
448 691 610 745 αὑτὸν
657 690 1015 762 πρεσϐευτῶν
1045 694 1186 746 κατά
1228 692 1522 765 διαφόρους
1549 696 1858 752 σταλέντων

278 787 510 857 χρόνους
534 785 604 849 ',_
643 783 742 846 τὰς
774 785 1038 852 γυναῖκας
1069 784 1131 838 οὐ
1169 785 1434 858 πρότερον
1464 787 1701 858 διαφῆκε
1727 790 1860 861 πρὶν

275 879 312 949 ἢ
345 878 446 944 τὴν
499 875 882 945 πρεσϐυτέραν
912 875 1023 931 τῶν
1073 877 1486 933 Βαλεντινιανοῢ
1539 880 1857 953 θυγατέρων

281 967 542 1039 (Ebrioan
565 967 620 1019 δέ
643 962 711 1034 ἦν
735 965 908 1036 ὄνομα
935 966 1096 1037 αὐτῇ)
1112 967 1375 1040 Ὀνορίχῳ
1403 970 1483 1042 τῷ
1496 971 1690 1024 ἑαυτοῦ
1710 973 1861 1026 παιδὶ

278 1057 714 1126 κατενεγγύησε.
733 1059 869 1111 Τότε
889 1057 998 1128 γὰρ
1016 1060 1111 1113 καὶ
1150 1060 1250 1131 τήν
1277 1062 1533 1128 Εὑδοξίαν
1550 1063 1648 1132 τὴν
1677 1064 1862 1118 Θεοδο-

280 1151 398 1203 σίου
428 1149 706 1218 θυγατέρα
729 1149 1032 1220 ἀπέπεμπε
1057 1151 1154 1204 σὺν
1181 1141 1450 1223 Πλακιδίᾳ
1467 1156 1534 1224 τῇ
1566 1154 1731 1225 ἐτέρᾳ
1757 1154 1862 1209 αὐ-

277 1240 382 1309 τῆς
419 1241 675 1311 θυγατρὶ.
703 1241 770 1312 ῆν
799 1243 1138 1311 ἐγεγαμήκει
1171 1243 1470 1314 Ὀλύϐριος.
1529 1246 1634 1299 Τοῦ
1665 1245 1722 1300 δὲ
1763 1247 1863 1311 τὰς

295 1331 532 1393 Ἰταλίας
555 1332 649 1383 καὶ
667 1330 920 1385 Σικελίαν
943 1331 1111 1404 ’,δῃοῦν
1130 1332 1158 1384 ὁ
1192 1333 1232 1385 Γ
1234 1331 1294 1396 εζ
1301 1335 1324 1385 έ
1333 1351 1481 1404 ριχος
1496 1335 1595 1388 οὐκ
1625 1335 1860 1407 ἀπέστη,

279 1424 422 1478 ἀλλὰ
447 1423 649 1493 μᾶλλον
677 1423 852 1486 αὑτὰς
897 1422 1202 1494 ἐξεπόρθει,
1235 1426 1374 1494 μετά
1402 1425 1493 1480 τὸν
1528 1427 1860 1497 Μαῖοριανὸν

283 1514 568 1584 βουληθεὶς
601 1512 908 1582 βασιλεύειν
937 1513 1046 1566 τῶν
1079 1517 1138 1568 ἐν
1165 1517 1232 1586 τῇ
1268 1514 1519 1588 Ἑσπέρῳ
1565 1517 1855 1590 Ῥωμαίων

296 1601 580 1671 Ὀλύϐριον
608 1602 629 1632 ⁸
659 1601 749 1654 διὰ
767 1601 867 1672 τήν
892 1601 953 1666 ἐξ
976 1604 1279 1672 ἐπιγαμίας
1300 1607 1646 1674 συγγένειαν.

362 1690 453 1746 ια’.
484 1691 608 1744 “Ott
641 1692 733 1743 ἐπὶ
763 1693 990 1754 Λέοντος
1027 1693 1292 1764 βασιλέως
1363 1695 1650 1768 Ῥωμαίων
1696 1699 1868 1771 ἐπρεο’

1957 520 2187 577 stineret
2236 530 2292 576 et
2343 523 2522 594 regias
2576 523 2832 579 mulieres
2888 524 3156 579 redderet.
3214 524 3544 584 Gensericus

1956 626 2112 678 vero,
2161 613 2344 669 multis
2384 616 2452 669 ad
2494 628 2617 669 eum
2669 629 2736 668 ex
2780 613 3012 668 diversis
3056 613 3302 683 partibus
3355 615 3564 685 legatis.

1958 704 2164 770 missis,
2194 720 2300 760 non
2330 714 2458 760 ante
2484 705 2742 761 mulieres
2776 704 3045 771 liberavit,
3077 719 3238 775 quam
3279 705 3544 775 majorem

1958 794 2351 850 natu'liliarum
2381 794 2782 863 Valentiniani,
2822 794 3114 851 Eudoclam
3155 795 3399 863 nomine,
3436 795 3546 852 Ho-

1961 886 2188 942 noricho
2223 886 2332 942 ﬁlio
2362 887 2743 958 desponderet.
2791 886 2946 942 Tunc
3010 888 3155 942 enim
3202 885 3499 944 Eudoxiam
3523 924 3544 955 ,

1962 977 2248 1034 Theodosii
2271 979 2462 1046 tiliam,
2495 979 2703 1035 remisit
2735 995 2857 1035 cum
2895 976 3162 1042 Placidia,
3193 977 3309 1047 ejus
3337 995 3566 1041 sorore.

1962 1085 2121 1140 quam
2147 1071 2300 1126 duxit
2321 1070 2595 1142 Olybrius.
2631 1071 2815 1141 Neque
2849 1086 2915 1127 eo
2935 1070 3112 1126 secius
3133 1069 3340 1124 Italiam
3373 1080 3426 1125 et
3457 1069 3546 1126 S‘r-

1961 1161 2139 1216 ciliam
2175 1162 2503 1220 Gensericus
2532 1173 2744 1219 vastare
2777 1164 3007 1227 destitit,
3038 1163 3134 1217 sed
3166 1161 3332 1216 multo
3363 1164 3544 1234 magis

1962 1254 2217 1308 saeviebat
2250 1263 2369 1324 post
2403 1266 2632 1311 mortem
2660 1254 2966 1323 Maioriani,
3010 1269 3132 1309 cum
3167 1252 3444 1326 Olybrium
3476 1254 3544 1308 ad

1965 1341 2250 1410 imperium
2293 1342 2607 1400 Occidentis
2640 1344 2943 1414 provehere
2981 1353 3201 1414 propter
3230 1339 3545 1398 alﬁnitatem

1963 1449 2029 1488 ex
2056 1435 2261 1504 nuptiis
2290 1437 2573 1506 cogitaret.

2037 1695 2126 1752 ll.
2162 1694 2276 1751 Sub
2307 1694 2512 1761 Leone,
2548 1695 2918 1752 Romanorum
2951 1697 3298 1768 imperatore,
3333 1698 3546 1768 legatus

295 1783 516 1836 σϐεύετο
543 1785 695 1856 παρά
717 1784 818 1853 μὲν
840 1759 1146 1853 Βανδήλους
1177 1786 1317 1858 ὑπὲρ
1333 1759 1550 1844 Ἰταλιῖιν
1579 1759 1862 1857 Τατιανδς,

1977 1802 2063 1858 pro
2111 1787 2255 1842 Italis
2299 1787 2366 1842 ad
2403 1759 2675 1844 Vandalus
2725 1786 3004 1858 profectus
3028 1759 3126 1844 ἐει
3169 1759 3450 1852 Tatianu-s,
3492 1788 3567 1842 iu-

291 1877 353 1928 έν
390 1879 452 1946 τῇ
475 1875 579 1929 τῶν
605 1876 913 1946 πατρικίων
959 1876 1086 1946 ἀξίᾳ
1117 1877 1574 1947 καταλεγόμενος,
1607 1883 1759 1953 παρά
1809 1883 1867 1937 δὲ

1977 1879 2320 1949 patriciorum
2360 1893 2648 1934 numerum
2671 1879 3038 1949 conscriptus,
3080 1880 3148 1934 ad
3182 1880 3380 1936 Persas
3419 1891 3568 1933 vero-

286 1969 511 2040 Πέρσας
539 1971 938 2036 Κωνστάντιος,
1001 1971 1183 2041 τρίτον
1237 1973 1336 2042 μὲν
1369 1973 1469 2044 τὴν
1491 1975 1513 2006 ⁸
1555 1973 1798 2046 ἔπαρχον
1821 1974 1866 2006 ⁸⁸

1977 1969 2338 2036 Constantius,
2365 1971 2587 2026 tertium
2625 1969 2935 2042 praefectus.
2970 1980 3028 2026 et
3053 1987 3156 2026 una
3199 1985 3323 2036 cum
3351 1984 3572 2026 consu-..

281 2058 472 2112 λαϐὼν
492 2060 684 2130 ἀρχὴν,
717 2059 852 2130 πρὸς
875 2060 932 2113 δὲ
963 2062 1029 2132 τῇ
1067 2060 1306 2131 ὑπατικῇ
1341 2060 1468 2132 ἀξίᾳ
1497 2063 1591 2116 καὶ
1625 2063 1725 2133 τῆς
1755 2079 1865 2116 πα-

1977 2062 2082 2117 latu
2129 2061 2448 2131 patriciatus
2501 2063 2822 2132 dignitatern
2879 2065 3123 2120 sortitus.
3176 2062 3245 2118 Et
3292 2061 3553 2118 Tatianus

279 2151 629 2220 τρικιότητος
659 2149 861 2221 τυχών.
909 2153 1018 2205 Καὶ
1044 2151 1307 2216 Τατιανὸς
1341 2151 1443 2223 μὲν
1481 2155 1545 2206 ἐκ
1586 2153 1868 2224 Βανδήλων

1977 2153 2186 2222 quidem
2211 2169 2241 2209 a
2280 2152 2536 2210 Vandalis
2581 2154 2722 2210 intra
2761 2147 2922 2211 breve
2957 2164 3189 2226 tempus,
3237 2169 3294 2210 re
3328 2154 3547 2217 infecta.

281 2241 455 2302 εὐθὺς
484 2243 761 2310 ἄπρακτος
794 2241 1133 2314 ἀνεχώρησε,
1162 2243 1272 2296 τῶν
1306 2244 1470 2298 αὑτοῦ
1499 2245 1604 2299 ὑπὸ
1643 2246 1739 2300 τοῦ
1769 2248 1872 2300 Γε-

1977 2260 2222 2300 reversus
2244 2254 2329 2300 est
2354 2246 2652 2315 repudiatis
2677 2260 2707 2300 a
2733 2244 3032 2302 Genserico
3051 2245 3201 2316 pacis
3223 2243 3564 2301 conditionio'

281 2329 510 2400 ζερίχου
547 2333 622 2402 μὴ
657 2332 1106 2404 παραδεχθέντων
1158 2333 1337 2401 λόγων
1361 2352 1373 2366 ·
1423 2337 1452 2387 ὁ
1487 2334 1544 2388 δέ
1587 2335 1870 2389 Κωνστάν-

279 2438 403 2484 τιος
434 2425 499 2492 τῇ
536 2423 780 2496 Ἐδέσσῃ,
824 2423 1109 2494 Ῥωμαϊκῇ
1148 2423 1326 2489 πόλει,
1367 2427 1648 2498 προσοίκῳ
1674 2428 1729 2481 δέ
1771 2428 1872 2498 τῆς

281 2513 518 2583 Περσῶν
549 2514 755 2584 χώρας.
784 2515 1200 2582 ἐγκατέμεινεν,
1229 2515 1553 2582 ἐσδέξασθαι
1580 2518 1746 2572 αὑτὸν
1778 2519 1874 2572 ἐπὶ
1920 2573 1924 2578 ,

281 2606 430 2658 πολὺ
468 2606 957 2676 διαναϐαλλομένου
987 2608 1082 2660 τοῦ
1124 2608 1434 2679 Παρθυαίου
1469 2609 1763 2680 μονάρχου.

364 2697 456 2767 ιβ’.
481 2699 604 2751 Ὀτι
620 2699 712 2752 τὸν
737 2699 1115 2754 Κωνστάντιον
1136 2700 1229 2754 τὸν
1260 2700 1602 2771 πρεσϐευτήν
1623 2705 1681 2756 ἐν
1700 2706 1766 2772 τῇ
1783 2703 1873 2759 Ἐ-

281 2789 459 2860 δέσσῃ
475 2789 664 2860 χρόνον
687 2789 1065 2860 ἐπιμείναντα,
1091 2792 1166 2854 ὡς
1188 2791 1405 2861 εἴρηταί
1434 2809 1547 2863 μοι,
1603 2796 1703 2863 τῆς
1739 2811 1876 2866 πρε-

288 2877 486 2938 σϐείας
513 2881 664 2949 πέρι,
692 2878 816 2931 τότε
851 2879 1068 2944 ἐδέξατο
1089 2882 1117 2933 ὁ
1144 2881 1370 2950 Περσῶν
1402 2881 1669 2952 μόναρχος
1692 2885 1750 2946 ἐς
1779 2883 1878 2957 τὴν

288 2968 683 3037 σςς-ετέρανριαὶ
700 2969 829 3038 παρ’
849 2969 1012 3024 αὐτὸν
1028 2971 1800 3040 ἀφικέσθαιπροσέταξενρύκ
1821 2976 1878 3030 ἐν

1971 2336 2092 2390 bus.
2115 2335 2471 2393 Constantius
2497 2351 2627 2392 vero
2657 2335 2901 2400 Edessa,
2937 2325 3213 2406 quat-urbs
3236 2344 3321 2390 est
3351 2334 3405 2389 in
3438 2334 3550 2389 lto-

1973 2441 2252 2481 manorum
2301 2427 2505 2482 ditione
2528 2427 2700 2498 posita
2731 2436 2786 2482 et
2811 2426 2991 2484 Persis
3024 2417 3391 2490 contermina,
3421 2425 3552 2480 sub-

1973 2519 2134 2585 stitit,
2176 2518 2228 2572 in
2263 2533 2370 2588 qua
2416 2517 2577 2588 longo
2610 2527 2854 2588 tempore
2887 2527 3254 2574 commoratus
3283 2525 3405 2582 est,
3427 2531 3568 2571 cum

1974 2609 2064 2664 diu
2092 2624 2215 2670 eum
2256 2609 2363 2680 75
2392 2610 2679 2664 admittere
2707 2609 3028 2666 Parthorum
3065 2624 3159 2665 rex
3184 2607 3444 2664 diﬂ'erret.

2051 2701 2136 2755 l2.
2172 2700 2412 2757 Tandem
2435 2700 2726 2756 Persarum.
2759 2715 2855 2755 rex
2883 2700 3258 2756 Constantium
3295 2701 3550 2770 legatum,

1977 2794 2070 2864 qui
2093 2793 2264 2864 longo.
2319 2803 2581 2863 tempore,
2637 2801 2698 2848 ut
2757 2793 3024 2859 diximus,
3070 2791 3356 2862 legationis
3389 2806 3554 2846 causa

1977 2884 2198 2942 Edessa:
2223 2885 2560 2951 substiterat,
2584 2884 2643 2952 in.
2668 2899 2822 2940 suam
2845 2886 3122 2954 regionem
3158 2882 3468 2937 admisitet-
3486 2882 3555 2934 ad

1978 2992 2037 3031 se
2063 2974 2245 3030 venire
2263 2973 2443 3042 jussit.
2475 2973 2542 3029 Et
2566 2987 2658 3028 rex
2689 2974 2909 3044 quidem
2933 2983 3062 3028 tunc
3083 2971 3344 3042 temporis
3366 2985 3476 3025 non
3501 2969 3564 3024 in'

285 3061 414 3120 ταῖς
433 3059 672 3126 πόλεσιν,
697 3061 832 3115 ἀλλά
852 3062 962 3132 γὰρ
982 3065 1038 3114 ἐν
1058 3065 1170 3126 τοῖς
1188 3063 1464 3134 μεθορίοις
1493 3065 1672 3119 αὐτῶν
1698 3083 1758 3118 τε
1780 3068 1874 3122 καὶ

1980 3069 2225 3135 urbibus,
2259 3068 2353 3124 sed
2385 3067 2440 3122 in
2470 3066 2722 3128 conﬁniis
2751 3065 3126 3134 regionissuze
3148 3074 3205 3120 et
3230 3063 3566 3119 Hunnorum.

293 3149 516 3204 Οὗννων
529 3152 637 3204 τῶν
658 3153 964 3223 Κιδαριτῶν
983 3153 1079 3216 τὰς
1095 3153 1378 3224 διατριϐὰς
1403 3155 1724 3224 ποιούμενος
1744 3157 1786 3188 ¹¹

1977 3158 2339 3214 Cidarilarum
2386 3167 2629 3213 moratus
2656 3173 2778 3213 cum
2821 3156 3138 3212 Hunnorum
3186 3169 3313 3222 rege
3357 3153 3554 3208 bellum

290 3241 448 3310 αὐτῷ
477 3242 762 3320 συνίστατο
803 3245 985 3306 αίτίαν
1010 3244 1170 3314 ἔχων,
1207 3245 1282 3308 ὡς
1327 3247 1456 3310 τοὺς
1511 3247 1708 3318 φόρους
1765 3248 1874 3304 τῶν

1977 3251 2214 3319 gerebat,
2239 3257 2523 3322 propterea
2551 3252 2694 3321 quod
2728 3248 2910 3304 Hunni
2937 3247 3160 3304 minime
3185 3246 3444 3303 tributum
3478 3245 3561 3302 in-

289 3335 521 3415 Οῡννωχ
547 3336 622 3404 μὴ
651 3335 1048 3408 κομιζομένων,
1080 3337 1174 3402 οὓς
1195 3339 1244 3390 οἱ
1267 3337 1435 3393 πάλαι
1471 3339 1572 3409 μὲν
1604 3340 1710 3394 τῶν
1736 3341 1877 3412 Περ-

292 3423 408 3477 σῶν
437 3426 531 3478 καὶ¹
581 3425 810 3494 Πάρθων
841 3426 1216 3495 βασιλεύοντες
1271 3426 1476 3481 ἔθεντο.
1503 3422 1606 3483 Ὧν
1633 3430 1661 3481 ὁ
1692 3430 1876 3503 πατὴρ

293 3515 422 3587 [τὴν
450 3516 548 3569 τοῦ
583 3515 774 3588 φόρου]
797 3518 1256 3589 ἀπαρνησάμενος
1317 3515 1623 3590 ἀπαγωγήν
1661 3521 1751 3574 τὸν
1783 3521 1879 3575 πό-

292 3606 467 3678 λεμον
526 3608 844 3676 ὑπεδέξατο,
910 3611 1004 3662 καὶ
1022 3609 1211 3664 τοῦτον
1259 3611 1398 3681 μετὰ
1451 3615 1548 3683 τῆς
1605 3613 1879 3684 βασιλείας

296 3700 634 3770 παρέπεμψε
658 3700 736 3771 τῷ
769 3701 945 3766 παιδὶ,
978 3701 1122 3755 ὥστε
1173 3705 1296 3764 ταῖς
1361 3703 1564 3774 μάχαις
1600 3707 1880 3776 ἐπιτριϐο-

304 3792 502 3860 μένους
538 3794 666 3857 τοὺς
701 3793 917 3868 Πέρσας
952 3793 1141 3866 ἀπάτῃ
1195 3793 1450 3868 ἐθελῆσαι
1488 3797 1589 3868 τὴν
1617 3797 1724 3850 τῶν
1746 3797 1881 3855 Οὕν-

302 3900 415 3935 νων
467 3883 621 3938 λῦσαι
669 3885 955 3955 διαφορὰν,
986 3888 1080 3939 καὶ
1122 3884 1261 3954 δῆτα
1319 3885 1734 3957 διαπέμψασθαι
1787 3889 1880 3942 τὸν

307 3973 588 4044 Πειρὼζην
623 3975 804 4046 (τοῦτο
824 3977 931 4046 γὰρ
959 3973 1026 4048 ἦν
1056 3976 1225 4049 ὄνομα
1253 3977 1332 4048 τῷ
1365 3980 1490 4032 τότε
1523 3979 1753 4051 Περσῶν
1782 3979 1880 4051 βα-

302 4065 596 4138 σιλεύοντι)
627 4067 765 4139 πρὸς
787 4069 879 4122 τὸν
920 4069 1175 4140 Κούγχαν
1193 4070 1285 4124 τὸν
1307 4069 1524 4124 Οὖννων
1552 4073 1880 4142 ἡγούμενον,

294 4159 377 4223 ὡς
438 4160 538 4230 τὴν
592 4161 730 4234 πρὸς
788 4163 949 4216 αὐτὸν
983 4164 1025 4194 ι’
1057 4162 1369 4234 ἀσμενίζων
1412 4163 1638 4234 εἰρήνην
1677 4163 1770 4217 ἐπί
1820 4182 1882 4219 τε

297 4251 597 4322 συμμαχίᾳ
625 4252 946 4306 σπένδεσθαι
998 4253 1263 4324 βούλοιτο,
1319 4255 1415 4308 καὶ
1443 4253 1545 4324 τήν
1572 4253 1737 4307 αὑτοῦ
1765 4269 1886 4308 κατ-

293 4345 480 4416 εγγυᾷ
546 4345 806 4416 ἀδελφήν.
863 4343 1152 4399 Νεὼτατον
1197 4345 1308 4416 γὰρ
1360 4345 1524 4399 αὑτὸν
1557 4341 1696 4398 εἶναι
1761 4362 1885 4406 συν-

1977 3343 2248 3408 ferebant,
2279 3343 2421 3411 quod
2471 3341 2576 3396 illis
2618 3341 2746 3396 olim
2790 3340 3078 3396 Persarum
3122 3347 3178 3393 et
3234 3336 3559 3392 Parthorqu

1980 3451 2133 3504 reges
2151 3435 2540 3504 imposuerant.
2562 3432 2628 3487 Et
2646 3432 2795 3502 regis
2819 3431 3139 3487 Hunnorum
3176 3439 3334 3499 pater
3371 3427 3560 3482 tributi

1978 3525 2271 3581 illationein
2313 3537 2564 3588 renuens,
2587 3520 2783 3577 bellum
2820 3527 3125 3588 exceperat,
3150 3515 3294 3586 quod
3343 3515 3558 3585 quidem
3588 3564 3594 3570 .

1981 3625 2084 3672 una
2105 3632 2224 3672 cum
2251 3631 2416 3686 regno
2453 3614 2518 3668 ad
2542 3614 2712 3668 lilium
2743 3611 3159 3669 transmiserat:
3183 3607 3356 3662 donec
3382 3606 3562 3661 Persis

1978 3711 2206 3781 longiori
2249 3709 2391 3764 bello
2426 3705 2736 3775 defatigatis
2787 3704 2935 3761 venit
2981 3704 3034 3758 in
3075 3711 3312 3756 mentem
3361 3699 3560 3754 bellum

1982 3818 2102 3862 cum
2137 3801 2346 3863 llunnis
2388 3799 2576 3855 fraude
2609 3796 2788 3852 linire.
2816 3795 3254 3864 ltaquePeroses
3280 3792 3381 3862 (sic
3411 3789 3557 3845 enim

1982 3893 2266 3949 Persarum
2299 3906 2388 3945 rex
2434 3888 2746 3954 vocabatur)
2792 3887 2859 3941 ad
2892 3885 3192 3950 Concham,
3239 3881 3560 3937 Hunnorum

1982 4001 2184 4054 regem,
2220 3983 2387 4047 misit,
2421 3991 2677 4051 tauquam
2720 3979 2879 4034 vellet
2926 3993 3047 4033 cum
3090 3976 3196 4031 illis
3244 3989 3429 4046 pacein
3472 3971 3566 4028 ﬂr-

1985 4091 2133 4130 mare
2171 4083 2227 4129 et
2261 4088 2534 4128 armorum
2570 4071 2888 4127 societatem
2921 4069 3152 4140 jungere
3194 4077 3249 4124 et
3293 4067 3372 4121 illi
3409 4079 3563 4121 suam

1984 4182 2228 4224 sororem
2261 4166 2391 4222 dare
2415 4179 2666 4222 uxorem.
2699 4162 2792 4224 Ille
2835 4162 2978 4216 enim
3006 4169 3122 4216 erat
3154 4168 3269 4215 tum
3301 4157 3440 4214 forte
3468 4156 3565 4211 ad-

1986 4261 2091 4316 huc
2121 4259 2327 4330 iunior,
2353 4256 2673 4326 nequedum
2703 4253 2905 4315 liberos
2931 4251 3068 4308 ullos
3094 4250 3407 4306 sustulerat.
3434 4248 3584 4317 Qui-'

1988 4354 2088 4408 bus
2116 4349 2463 4407 sermonibus
2511 4362 2632 4402 cum
2668 4343 2920 4400 Concbas
2953 4351 3101 4397 esset
3137 4354 3412 4404 assensus,
3458 4353 3563 4394 non

292 4435 516 4499 έϐαινε,
552 4435 648 4488 καὶ
687 4435 916 4506 μηδέπω
963 4437 1172 4491 παίδων
1220 4433 1361 4490 εἶναι
1392 4437 1626 4508 πατέρα.
1675 4436 1796 4496 Tbv.
1826 4437 1875 4491 δέ

1993 4454 2171 4501 tamen
2204 4437 2421 4495 Perosis
2454 4448 2697 4492 sororem
2728 4432 2781 4488 in
2816 4430 3226 4486 matrimonium
3267 4429 3438 4492 duxit,
3471 4429 3603 4484 sed.

293 4525 745 4597 προσδεξάμενον
785 4529 912 4591 τοὺς
947 4527 1141 4597 λόγους
1179 4527 1467 4599 γήμασθαι
1497 4529 1560 4581 οὐ
1619 4527 1713 4582 τοῦ
1760 4528 1886 4581 Πει-

297 4619 486 4688 ρὼζου
545 4613 802 4690 ἁδελέρὴν,
849 4619 966 4673 ἀλλ’
1023 4620 1220 4690 ἑτέραν
1279 4623 1520 4688 γυναῖκα
1591 4619 1886 4691 βασιλικῶς

289 4711 789 4781 διακοσμηθεῖσαν,
820 4712 888 4783 ἣν
936 4711 964 4765 ό
990 4711 1216 4782 Περσῶν
1264 4711 1535 4782 μόναρχος
1567 4710 1877 4782 ἐξέπεμψε,

293 4803 725 4873 παρεγγυήσας,
777 4803 854 4867 ὡς
907 4803 1061 4858 οὐδὲν
1123 4803 1222 4873 μὲν
1266 4802 1724 4856 ἀνακαλύπτουσα
1778 4802 1886 4858 τῶν

291 4894 800 4964 ἐσχηματισμένων
823 4894 1101 4964 βασιλείας
1134 4893 1226 4947 καὶ
1258 4893 1608 4965 εὐδαιμονίας
1645 4892 1885 4964 μεθέξει,

291 4986 611 5055 ἐκλέγουσα
646 4986 703 5039 δὲ
743 4986 842 5055 τήν
877 4985 1172 5057 ὑπόκρισιν
1220 4984 1452 5040 θάνατον
1494 4984 1607 5050 ἔξει
1644 4984 1884 5058 ζημίανο

292 5077 366 5131 οὐ
397 5077 510 5150 γὰρ
547 5076 832 5141 ἀνέξεσθαι
863 5067 905 5110 η
955 5076 1049 5130 τὸν
1091 5076 1402 5148 Κιδαριτῶν
1457 5078 1695 5148 ἄρχοντα
1726 5077 1888 5148 θεράη

296 5186 510 5223 παιναν
527 5166 674 5238 ἔχειν
703 5167 952 5240 γαμετήν
984 5167 1106 5220 ἀντὶ
1133 5168 1230 5241 τῆς
1255 5161 1314 5221 εὖ
1351 5167 1667 5242 γενομένης.
1686 5167 1890 5222 Τούτου

279 5247 471 5330 ’χάριν
503 5257 870 5328 σπεισάμενος
899 5259 928 5310 ὁ
957 5254 1242 5327 Πειρώξης
1265 5256 1405 5326 πρὸς
1428 5256 1521 5309 τὸν
1548 5255 1654 5309 τῶν
1673 5255 1892 5312 υῦννων

298 5348 619 5421 ἡγούμενον
646 5348 747 5402 οὐκ
774 5349 867 5402 ἐπὶ
894 5347 1028 5403 πολὺ
1051 5349 1152 5419 τῆς
1196 5348 1413 5419 ἀπάτης
1464 5347 1724 5402 ἀπώνατο
1741 5365 1756 5379 ο
1796 5348 1888 5401 εὐ-

1993 4534 2155 4589 aliam
2187 4531 2466 4585 mulierem
2492 4528 2641 4596 regio
2660 4525 2814 4581 cultu
2841 4523 3185 4580 adornatam.
3214 4520 3362 4575 Hanc
3385 4528 3568 4575 autem

1992 4625 2281 4681 Persarum
2318 4635 2414 4676 rex
2446 4618 2614 4684 misit,
2638 4624 2717 4684 ut,
2751 4615 2796 4671 si
2833 4613 2971 4669 nihil
3013 4627 3203 4668 eorum
3247 4625 3364 4675 qua:
3397 4610 3568 4679 [lnge-

1993 4717 2215 4778 bautur,
2241 4711 2576 4776 enuntiaret,
2616 4708 2778 4779 regiae
2819 4705 3095 4761 felicitatis
3131 4703 3451 4774 participem
3482 4702 3570 4755 iu-

1995 4809 2220 4856 turam:
2254 4797 2337 4852 sin
2380 4796 2580 4861 minus,
2628 4803 2683 4850 et
2733 4793 2990 4848 simulata
3035 4792 3331 4864 detegeret,
3378 4790 3569 4863 mortis

1992 4889 2316 4960 supplicium
2352 4886 2674 4942 subituram.
2710 4884 2829 4940 Non
2851 4884 2993 4938 enim
3032 4897 3316 4953 passurum
3353 4881 3578 4938 Cidarix

1996 4991 2171 5038 tarum
2201 4995 2405 5050 regem,
2432 4993 2654 5034 uxorem
2687 4992 2745 5033 se
2777 4977 2979 5031 habere
3015 4974 3230 5030 servilis
3245 4972 3570 5029 conditionis

1993 5089 2090 5145 pro
2129 5075 2362 5144 ingenua
2393 5079 2450 5126 et
2487 5069 2834 5132 nobili..Cum
2868 5068 3030 5139 igitur
3053 5068 3140 5123 bis
3163 5064 3574 5128 conditioniluts

1991 5164 2220 5220 Peroses
2250 5175 2437 5232 pacem
2473 5174 2595 5214 cum
2628 5158 2942 5220 [latinorum
2975 5171 3100 5228 rege
3128 5155 3422 5220 sanxisset,
3461 5167 3574 5208 non

1991 5255 2070 5310 illi
2108 5256 2196 5309 ditt
2245 5269 2341 5309 sua
2384 5252 2532 5306 fraus
2577 5250 2793 5304 utilitati
2838 5259 2895 5304 et
2944 5249 3142 5305 fructui
3208 5248 3328 5304 fuit.
3384 5245 3571 5301 Mulier

1989 5347 2161 5404 enim.
2198 5346 2397 5401 timens
2429 5359 2504 5400 ne
2532 5342 2742 5398 siforte
2770 5356 2868 5413 per
2891 5341 3030 5398 alios
3043 5341 3110 5397 de
3131 5353 3228 5396 sua
3259 5337 3602 5401 conditione.

1636 5459 1871 5517 VAHIA‘I
1925 5458 2335 5517 LECTIONES.

419 5574 441 5608 ⁷
492 5579 702 5650 χρόνων
755 5580 903 5705 vulg.

419 5666 465 5705 tr.
545 5652 586 5680 “
625 5650 765 5705 πρὸς
817 5667 846 5704 o
890 5670 903 5705 :

306 5650 465 5721 vulg.
528 5652 586 5721 4‘}
625 5650 800 5721 πρὸς-
817 5650 912 5716 οὓς

309 5739 349 5773 ι’
358 5737 386 5772 ιι
395 5717 460 5793 li.
526 5717 704 5787 ἔξεστι
754 5718 820 5777 Η.

995 5581 1017 5614 ⁸
1049 5579 1339 5652 ,Ὀλύϐριον
1482 5618 1499 5645 ,

975 5648 1237 5724 πόλεμος⁷
1265 5649 1420 5730 αὐτῷ.
1467 5649 1612 5708 coni.
1657 5648 1722 5705 Ν.

1561 5579 1842 5652 Ὀλύϐριος
1892 5580 2039 5652 vulg.
2142 5581 2460 5651 ’shvcm.
2521 5579 2667 5647 vulg.
2783 5579 2826 5607 ¹⁰
2863 5579 3102 5706 ἐπαερχον
3160 5579 3297 5634 νει..
3363 5579 3570 5622 ὕπατον

1561 5649 1612 5706 ιε.
1657 5648 1722 5705 Ν.
1835 5649 2070 5705 "nam
2121 5652 2212 5717 H.,
2275 5647 2456 5704 αὐτῶν
2519 5648 2667 5718 vulg.
2777 5645 2821 5677 "
2859 5644 2950 5698 ἀνὲ
2989 5639 3142 5695 εσθαι
3205 5638 3296 5728 Ν.,
3352 5633 3594 5707 ἕξεσθαι-Σ

2142 5583 2163 5614 °
2191 5581 2460 5651 τὴνςρριο
2521 5576 2667 5651 νιιῐιι-
2779 5575 2826 5651 .‘f
2863 5573 3102 5651 ξπμρκεν
3156 5569 3297 5651 Ve!»
3352 5565 3570 5651 ira!”
