4076 6422
288 303 392 364 757

1056 309 1153 369 DE
1197 309 1764 373 LEGATIONIBUS
1815 312 2303 378 ROMANORUM
2341 317 2441 378 AD
2479 318 2796 379 GENTES.

3449 321 3556 383 758

287 419 446 475 ποσὶν
471 416 624 488 εὖροι
675 418 851 474 καίων
881 436 939 473 τε
966 422 1059 474 καὶ
1093 424 1360 491 φονεύων,
1394 427 1489 478 καὶ
1517 427 1614 496 τὴν
1648 415 1862 498 πρώτη

1985 431 2166 489 animo
2186 433 2469 498 conscivit,
2493 441 2548 488 et
2573 433 2781 502 fugiens
2801 431 3058 502 quidquid
3083 442 3207 488 ante
3233 435 3398 503 pedes
3427 451 3566 490 suos.

281 513 380 582 τῆς
440 511 779 575 Μακεδονίας
810 512 985 578 πόλιν,
1025 515 1170 584 τοὺς,
1205 517 1439 580 Στόϐους
1474 521 1541 584 ⁸⁸,
1573 521 1866 592 ἐπόρθησε,

282 617 378 656 και
413 603 522 656 τῶν
551 619 615 672 γε
657 605 1010 675 στρατιωτῶν
1035 607 1145 660 τῶν
1202 607 1378 680 ταύτῃ
1411 611 1868 683 ἐμφρονρούντων

279 694 407 756 τοὺς
437 693 802 760 ἀντιστάντας
827 696 1174 751 ἀπέκτεινεν.
1217 699 1303 762 Ὠς
1334 701 1391 753 δὲ
1443 707 1508 774 τῇ
1545 704 1868 761 Θεσσαλονί-

279 798 351 854 κῃ
380 781 612 852 ἐγγύθεν
641 783 948 855 ἐφεδρεύων
971 786 1216 858 ἠγγέλθη
1251 790 1278 841 ὁ
1314 790 1626 864 Βάρὸαρος,
1665 795 1864 850 αὐτίκα

277 875 327 927 οἱ
359 874 574 927 πολῖται
605 875 930 945 νομίσαντες
960 878 1026 930 ἐκ
1078 877 1234 933 δόλου
1279 881 1348 934 τὰ
1377 885 1435 934 ἐν
1467 886 1534 954 τῇ
1566 888 1866 960 προτεραίᾳ

278 965 624 1033 ἀνεγνῶσθαι
673 967 980 1037 γράμματα
1043 970 1139 1024 καὶ
1197 972 1297 1044 τὴν
1355 975 1516 1030 πόλιν
1574 976 1860 1046 βούλεσθαι

277 1058 506 1126 Ζήνωνά
555 1075 614 1111 τε
655 1059 752 1114 καὶ
779 1060 944 1114 αὐτὸν
993 1062 1190 1135 ἐκείνῳ
1225 1067 1587 1136 παραδοῦναι,
1621 1087 1863 1142 συστρα-

277 1150 471 1218 φέντες
498 1153 556 1204 ἐν
597 1153 781 1219 σφίσιν
812 1153 998 1218 αὐτοῖς
1018 1155 1118 1220 τὰς
1146 1156 1239 1211 τοῦ
1264 1161 1510 1231 Ζήνωνος
1541 1164 1743 1232 στήλας
1773 1183 1864 1220 κα-

275 1241 607 1296 ταόἀλλουσι
638 1244 842 1312 πάσας,
879 1247 974 1299 καὶ
1001 1248 1164 1302 αὑτὸν
1187 1251 1534 1322 ὁρμήσαντες
1563 1253 1654 1310 τὸν
1681 1255 1862 1326 ὓπαρ-

275 1349 367 1403 χον
393 1332 464 1363 ’θ’
493 1332 704 1403 ἕτοιμοι
760 1335 1060 1392 διασπάσαι
1097 1335 1257 1410 ἦσαν.
1317 1343 1382 1395 Ol
1405 1344 1461 1397 δὲ
1497 1325 1861 1416 κομισάμενοι

276 1424 387 1494 πῦρ
419 1425 512 1478 ἐπὶ
534 1424 593 1478 τὺ
618 1426 836 1498 ἀρχεῖον
859 1429 1250 1502 ἐμπιμπράναι
1268 1433 1515 1504 ἔμελλον,
1538 1439 1587 1490 εί
1619 1438 1694 1509 μὴ
1725 1439 1860 1493 ὑπο-

278 1515 590 1582 φθάσαντες
649 1519 718 1571 τά
752 1535 810 1571 τε
847 1519 968 1590 ἱερὰ
1021 1521 1154 1594 γένη
1201 1525 1363 1580 Italo!
1397 1527 1458 1580 ἐν
1507 1529 1627 1592 ταῖς
1681 1528 1862 1594 ἀξίαις

276 1601 595 1674 ἐξήρπασάν
623 1621 682 1657 τε
707 1605 872 1660 αὐτὸν
894 1610 994 1679 τῆς
1027 1609 1198 1683 ὀργῆς
1219 1614 1317 1685 τῆς
1340 1615 1433 1669 τοῦ
1467 1616 1664 1690 δήμου,
1689 1621 1862 1676 καὶτὸ

280 1695 550 1748 ἀτακτοῦν
568 1696 757 1765 λόγοις
781 1700 982 1768 πραέσι
1035 1703 1390 1760 κατέστειλαν
1427 1706 1700 1776 λέγοντες,
1738 1711 1862 1766 οὔτε

287 1784 448 1838 αὑτὸν
466 1787 636 1841 αἴτιον
670 1785 809 1844 εἶναι
838 1790 1058 1857 τούτου,
1086 1792 1211 1858 obes
1227 1795 1318 1849 τὸν
1346 1774 1572 1868 βασιλέα
1605 1774 1858 1872 τῇ-πόλει
1893 1774 1938 1834 Β

279 1891 329 1927 τι
361 1877 674 1951 δυσχερὲςῆ
716 1882 885 1936 κακὸν
957 1881 1370 1953 βεϐουλεῦσθαι,
1418 1889 1519 1961 τῆς
1544 1907 1606 1955 τε
1625 1891 1858 1963 ιπόλεως

277 1965 474 2034 χρῆναι
508 1969 840 2039 ποιήσασθαι
861 1973 1143 2047 φυλακὴν,
1178 1977 1286 2048 ὅτῳ
1317 1979 1384 2033 ἂν
1411 1979 1642 2042 ἐθέλωσι
1665 1985 1760 2038 καὶ
1799 1985 1859 2038 ὃν

273 2055 538 2156 ἡγοῦνται
557 2061 746 2116 πιστὸν
771 2063 1166 2134 ἐπιτρέποντες
1183 2068 1410 2141 ταύτην.
1431 2073 1494 2126 Oi
1516 2073 1686 2138 δὲτὰς
1713 2076 1860 2141 κλεῖς

271 2148 383 2197 τῦν
417 2148 599 2202 πυλῶν
621 2153 684 2204 ἐκ
701 2152 796 2205 τοῦ
816 2155 1062 2228 ὑπάρχου
1096 2157 1353 2222 λαὸόντες
1373 2160 1450 2231 τῷ
1471 2163 1722 2236 ἀρχιερεῖ
1747 2167 1859 2222 ἕδο-

278 2255 401 2303 σαν,
459 2241 551 2294 καὶ
581 2244 688 2297 ἀπὸ
724 2246 835 2300 τῶν
864 2249 1092 2304 ἐνόντων
1126 2251 1372 2323 ᾲρουράν
1401 2255 1727 2326 ἐπενόησαν,
1782 2259 1861 2323 ὡς

271 2328 554 2398 ἠδύναντο,
590 2333 870 2409 πλείστην,
911 2341 1006 2394 καὶ
1028 2341 1120 2395 τὸν
1145 2345 1450 2415 στρατηγὸν
1480 2345 1764 2418 ἔστεργον.

351 2603 444 2655 Ἐν
473 2602 530 2655 δὲ
559 2604 734 2675 τούτῳ
770 2607 798 2660 ό
825 2607 1013 2678 Ζήνων
1057 2608 1363 2680 πυθόμενος
1409 2613 1500 2666 τὸν
1549 2616 1857 2687 κατέχοντα

269 2699 534 2764 κίνδυνον,
586 2701 680 2754 καὶ
735 2701 861 2756 ίδὼν
885 2741 900 2768 ,
933 2703 1034 2772 ὡς,
1067 2705 1282 2770 οὐδενὸς
1329 2707 1653 2780 βουλομένου
1683 2715 1862 2785 μάχε-

274 2790 421 2855 σθαι,
448 2789 674 2860 ἄριστον
706 2792 794 2861 εἴη
835 2793 1086 2858 σπονδαῖς
1128 2795 1204 2859 ὡς
1251 2796 1309 2849 ἐν
1367 2801 1554 2864 κακοῖς
1612 2802 1865 2873 μετρίαις

273 2883 368 2951 τῆς
429 2883 542 2935 τῶν
589 2883 799 2938 πόλεων
846 2883 1054 2955 φθορᾶς
1109 2887 1353 2958 ἐπισχεῖν
1397 2890 1488 2945 τὸν
1537 2891 1870 2966 Βᾷρϐαρον,

281 2975 684 3046 ’Λρτεμίδωρον
707 2975 920 3046 πέμπει
971 2978 1069 3030 καὶ
1112 2980 1309 3034 Φωκᾶν
1336 2982 1429 3037 τὸν
1451 2983 1539 3037 ὅτε
1569 2981 1638 3056 ἦν
1671 3005 1874 3060 στρατ-
1903 2977 1909 2982 ’

1972 519 2215 587 οίΐοηιίίι,
2251 522 2390 577 ussit
2413 530 2468 575 et
2499 521 2732 582 necavit,
2776 528 2830 574 et
2871 518 3123 588 primam,
3163 534 3283 588 quae
3315 519 3369 573 ili
3397 521 3573 574 obvia.

1973 613 2096 679 fuit,
2129 610 2458 668 Macellonizc
2487 611 2700 676 urbem,
2724 609 2943 676 Stobos,
2975 608 3193 673 evertit,
3225 616 3279 664 et
3299 609 3553 674 militum,

1969 706 2060 775 qui
2101 705 2210 760 illic
2247 705 2298 760 in
2345 703 2632 775 prresidiis,
2678 712 2858 767 erant,
2897 715 3109 766 omnes,
3155 700 3246 770 qui
3297 701 3556 756 resistere

1969 797 2259 864 audebant,
2294 795 2582 851 interfecit.
2609 792 2681 849 Ut
2713 809 2843 848 vero
2873 791 3177 847 nuntiatum
3210 798 3318 859 est,
3345 790 3554 846 Barba-

1971 904 2087 943 rum
2119 888 2557 944 Thessalonicem
2591 895 2800 956 petere,
2843 885 3030 941 statim
3081 882 3233 940 urbis
3259 883 3452 939 incolae
3485 881 3578 938 ad.

1967 980 2213 1036 fraudem
2283 979 2586 1034 faciendam
2646 976 2858 1032 litteras
2900 974 3078 1046 pridie
3119 973 3379 1030 recitatas
3433 970 3578 1028 esse“

1965 1071 2249 1142 suspicati,
2288 1081 2344 1126 et
2376 1068 2650 1125 Zenonem
2693 1067 2974 1137 ipsumque
3007 1064 3323 1136 praelectum
3351 1065 3555 1121 habere

1965 1165 2018 1220 in
2061 1165 2241 1219 animo
2295 1162 2481 1217 urbem
2515 1159 2754 1215 Barbare
2785 1158 3020 1222 tradere,
3071 1155 3338 1234 seditione
3372 1153 3512 1210 facta
3533 1196 3550 1220 ,

1963 1255 2082 1326 ejus
2103 1264 2310 1309 statuas
2340 1252 2618 1322 dejiciunt,
2652 1260 2707 1306 et
2727 1250 3046 1321 prmfectum
3080 1247 3340 1319 aggressi,
3371 1247 3438 1302 ad
3469 1246 3552 1316 ip-

1963 1361 2085 1401 sum
2131 1344 2506 1400 mulctaudum
2547 1343 2718 1415 parati
2751 1349 2930 1407 erant,
2960 1349 3013 1394 et
3059 1337 3393 1410 praetorium,
3428 1337 3554 1408 igne

1967 1435 2135 1501 illato,
2167 1435 2556 1500 incendissent,
2585 1433 2689 1493 nisi
2713 1433 2848 1487 ordo
2878 1445 3029 1486 sacra
3056 1429 3467 1501 procurantium
3495 1437 3554 1484 et
3601 1435 3625 1446 ‘

1964 1528 2313 1597 magistratus
2361 1524 2796 1596 praevenientes,
2849 1521 3031 1593 populi
3089 1521 3182 1575 ira:
3233 1518 3549 1592 praefectum

1963 1613 2355 1675 subduxissent
2392 1620 2448 1672 ét
2473 1615 2711 1671 furorem
2743 1612 2916 1685 plebis
2955 1611 3167 1667 blandis
3185 1610 3368 1666 verbis
3402 1623 3552 1664 com-

1963 1710 2322 1781 pescuissent.
2377 1707 2640 1763 Dicebant
2675 1706 2844 1768 enim,
2886 1718 3011 1759 eum
3055 1716 3164 1757 non
3204 1714 3326 1757 esse
3354 1701 3549 1756 borum

1967 1801 2232 1857 malorum
2259 1814 2507 1863 causam,
2534 1811 2710 1867 neque
2743 1797 3124 1865 imperatorem
3159 1790 3302 1846 male
3330 1789 3551 1845 consul-

1961 1901 2072 1946 tum
2099 1889 2306 1946 civitati
2336 1888 2494 1955 velle,
2527 1895 2622 1941 aut
2649 1884 2723 1939 illi
2759 1885 2984 1938 adversa
3006 1895 3225 1951 cupere.
3250 1877 3553 1950 790por-

1963 1993 2078 2039 tere
2113 1997 2246 2037 sane
2275 1981 2587 2052 diligentem
2611 1973 2912 2032 custodiam
2940 1972 3176 2029 civitatis
3195 1985 3376 2043 agere,
3407 1984 3553 2027 eam-

1961 2088 2067 2143 que
2106 2059 2447 2127 committere
2491 2069 2577 2124 cui
2625 2065 2894 2124 voluerint
2947 2078 3216 2134 quemque
3250 2063 3351 2118 sibi
3386 2062 3550 2116 ﬁdum

1961 2178 2084 2220 esse
2114 2161 2488 2236 cognoverint.
2527 2159 2714 2229 Itaque
2740 2156 2919 2214 claves
2949 2155 3188 2213 civitatis
3221 2169 3248 2207 a
3293 2151 3552 2224 praefecto

1965 2262 2313 2325 acceperunt,
2359 2261 2414 2308 et
2458 2250 2873 2320 archiepiscopo
2924 2247 3303 2311 tradiderunt,
3340 2253 3452 2299 tum
3482 2257 3560 2297 ex.

1960 2333 2052 2404 bis
2101 2345 2315 2416 Opibus,
2367 2359 2488 2415 quae
2543 2342 2644 2398 sibi
2701 2327 2810 2396 tum
2863 2337 3123 2409 temporis
3173 2335 3563 2406 suppetebant,

1966 2455 2128 2511 quam
2150 2435 2618 2508 diligentissimam
2641 2442 2934 2504 potuerunt
2965 2431 3268 2487 custodiam
3297 2428 3553 2484 institue-

1906 2551 1915 2559 '
1969 2529 2093 2586 runt
2116 2540 2172 2587 et
2203 2531 2392 2586 ducem
2416 2528 2718 2597 elegerunt.

2039 2624 2247 2679 interea
2265 2621 2414 2678 Zeno
2432 2634 2552 2674 eum
2579 2618 2794 2673 audiret
2817 2616 3110 2690 imminens
3139 2611 3467 2684 periculum,
3496 2620 3572 2666 ea

1971 2718 2176 2772 videret
2236 2714 2500 2784 optimum
2549 2726 2690 2778 esse,
2755 2709 3192 2784 quandoquidem
3241 2720 3402 2761 nemo
3448 2719 3554 2772 pu-

1972 2823 2138 2881 gnare
2190 2807 2426 2871 volebat,
2483 2804 2882 2860 conditionibus
2934 2811 2993 2856 ut
3045 2801 3103 2856 in
3157 2797 3336 2856 dubiis
3390 2797 3560 2853 rebus

1973 2883 2300 2974 aequissimis
2335 2898 2636 2953 Barbarum
2668 2896 2737 2951 ab
2758 2894 2974 2970 urbium
3012 2893 3183 2948 ruinis
3225 2899 3280 2948 et
3319 2889 3579 2945 excidiis.

1977 2976 2244 3068 avertere,
2270 2990 2671 3046 Artemidorum
2699 2985 2865 3041 mittit
2895 2995 2949 3040 et
2971 2984 3229 3050 Pbocam,
3253 2982 3347 3052 qui
3377 2979 3556 3035 Zeno-

270 3067 403 3170 ηγὺς
448 3067 785 3170 γραμματέα
820 3068 968 3170 αύτῷ
995 3069 1096 3141 τῆς
1126 3073 1305 3142 ἀρχῆς
1333 3073 1488 3130 ὄντα.
1515 3078 1578 3132 Οἳ
1609 3079 1856 3146 ἐλθόντες

1966 3095 2072 3157 nis,
2106 3103 2226 3145 cum
2260 3086 2366 3140 dux
2399 3091 2539 3144 erat,
2575 3079 2754 3134 scriba
2800 3077 2997 3132 fuerat.
3045 3076 3113 3131 Hi
3145 3074 3420 3146 progressi
3456 3071 3554 3126 tali

269 3157 476 3226 ελεγον,
506 3157 651 3212 ὅτι(
704 3160 770 3213 Σὲ
802 3161 829 3212 ό
868 3160 1122 3231 βασιλεὺς
1172 3164 1328 3230 φίλον
1373 3168 1707 3241 ἐποιήσατο,
1763 3175 1861 3229 καὶ

1967 3195 2094 3244 sunt
2126 3180 2375 3236 oratione
2409 3176 2490 3231 usi
2523 3191 2537 3231 :
2577 3191 2594 3225 ι
2630 3172 2708 3229 'l‘e
2740 3173 3038 3242 imperator
3087 3169 3324 3225 amicum
3369 3168 3556 3224 conci-

264 3250 467 3315 ἀξίαις,
491 3252 554 3303 αῖ
580 3253 688 3304 είσι
712 3251 1101 3324 λαμπρόταται
1137 3255 1450 3328 Ῥωμαίοις,
1484 3264 1699 3332 σεμνῶς
1763 3268 1860 3320 ἐπε

263 3343 357 3396 εκό
367 3360 567 3413 σμησε,
585 3345 679 3398 καὶ
695 3345 884 3416 ἄρχειν
901 3347 1010 3400 τῶν
1035 3348 1310 3418 μεγίστων
1337 3342 1651 3423 ταγμάτων
1668 3345 1860 3428 ἐποίη-

262 3451 388 3498 σεν,
451 3434 607 3488 οὐδὲν
646 3429 847 3522 οἷάπερ
889 3437 1046 3508 ἀνδρὶ
1105 3441 1415 3512 ἀπιστήσας
1463 3445 1744 3518 βαρϐάρῳ.
1785 3449 1858 3502 Σὺ

259 3524 340 3591 δὲ,
376 3526 479 3578 οὐκ
537 3525 695 3598 ίσμεν
752 3527 920 3592 ὅπως,
971 3531 1094 3593 ταῖς
1156 3531 1264 3599 τῶν
1318 3535 1517 3602 κοινῶν
1574 3525 1858 3606 δυσμενῶν

260 3617 509 3680 ἀπάταις
538 3618 806 3689 ὑπαχθεὶς
833 3623 902 3676 τά
943 3640 1002 3676 τε
1047 3623 1364 3694 ὑπάρχοντά
1413 3643 1496 3680 σοι
1548 3615 1729 3696 ἀγαθά
1775 3630 1858 3684 δι-

260 3706 555 3778 έφθειρας,
588 3708 683 3762 καὶ
715 3712 816 3780 τῆς
846 3711 1197 3782 εὐδαιμονίας
1228 3714 1327 3784 τῆς
1358 3716 1456 3784 σῆς
1486 3716 1648 3771 ἄλλον
1667 3721 1858 3792 ἐποίη-

263 3814 393 3860 σας,
431 3798 502 3858 ὡς
526 3799 625 3853 οὐκ
660 3801 791 3866 τδεις
810 3804 876 3868 ²¹,
907 3803 1121 3876 κύριον.
1156 3807 1269 3860 Οὐκ
1303 3798 1370 3861 ἂν
1402 3807 1610 3874 δίκαιος
1637 3813 1756 3883 εἴης
1777 3812 1856 3884 τῷ

267 3884 488 3954 βασιλεῖ
519 3889 784 3958 ἐγκαλῶν,
815 3885 890 3946 ὧν
913 3895 993 3958 είς
1016 3897 1220 3969 ’ἑαυτὸν
1266 3898 1382 3972 ἀμα
1409 3901 1504 3953 καὶ
1534 3891 1855 3965 είςέκεῖνον

263 3977 597 4050 ἐξήμαρτες.
627 3982 745 4036 Νῦν
776 3979 868 4063 οὖν
920 3987 1110 4058 ἐπειδὴ
1156 3989 1354 4060 σαυτὸν
1409 3994 1489 4056 εἰς
1518 3993 1675 4046 τοῦτο
1726 4012 1855 4049 κατ-

259 4071 524 4142 έστησας,
555 4074 850 4130 ὑπόλοιπόν
882 4079 964 4132 σοί
985 4081 1134 4134 ἐστιν
1149 4083 1214 4135 ἐκ
1243 4082 1346 4152 τῆς
1368 4084 1654 4157 παρούσης
1679 4087 1856 4159 τύχης

254 4161 364 4230 τῆς
398 4179 458 4215 τε
486 4165 628 4219 κατά
650 4164 757 4219 τῶν
786 4166 960 4222 ἐθνῶν
995 4170 1221 4224 καὶτῶν
1246 4173 1456 4226 πόλεων
1487 4173 1698 4248 βλάϐης
1725 4178 1853 4232 ἐπι-

259 4256 418 4322 σχεῖν
449 4251 621 4310 οἶόνη
659 4274 742 4323 τε,
774 4258 1068 4330 πέμποντα
1101 4261 1159 4314 δέ
1204 4263 1509 4334 πρεσϐείαν
1562 4269 1864 4337 πειρᾶσθαί

255 4361 315 4398 τι
363 4345 589 4417 μέτριον
632 4348 786 4420 παρά
827 4351 922 4404 τοῦ
959 4353 1223 4424 βασιλέως
1257 4355 1466 4424 ἀγαθοῦ
1509 4336 1670 4423 ὄντος
1705 4336 1857 4434 εὑρί-

1963 3278 2137 3343 liavit,
2179 3281 2233 3329 et
2266 3267 2640 3340 dignitatibus,
2665 3279 2794 3334 quae.
2813 3271 2939 3319 sunt
2961 3260 3102 3332 apud
3117 3260 3412 3332 ,Romanos
3439 3259 3556 3315 cla-

1963 3372 2219 3430 rissimae,
2247 3361 2534 3431 magniﬁce
2553 3358 2786 3421 ornavit,
2813 3356 2974 3412 etiam
3005 3354 3277 3432 imperare
3301 3352 3554 3408 maximis

1960 3459 2288 3524 exercitibus
2305 3453 2470 3515 dedit,
2505 3451 2624 3513 tibi,
2657 3447 2861 3502 homini
2891 3447 3016 3502 licet
3043 3445 3304 3511 Barbare,
3328 3444 3574 3498 minime-

1962 3551 2226 3609 dillidens.
2259 3548 2338 3602 Tu
2368 3557 2518 3607 vero,
2554 3541 2826 3596 nescimus
2851 3537 3141 3608 quomodo,
3178 3537 3564 3592 communium.

1961 3643 2302 3699 inimicorum
2331 3635 2524 3692 fraude
2546 3641 2602 3688 et
2633 3630 2755 3686 dolo
2787 3617 3061 3693 inductus,
3092 3627 3146 3682 in
3176 3626 3467 3681 discrimen
3497 3633 3554 3678 te

1960 3735 2319 3800 fortunasque
2349 3738 2469 3798 tuas
2490 3722 2772 3793 conjecisti
2796 3728 2850 3776 et
2871 3735 2965 3777 eas
2989 3719 3055 3774 ad
3082 3717 3268 3782 alium,
3300 3716 3365 3772 ad
3387 3731 3552 3786 quem

1964 3841 2073 3882 non
2107 3811 2369 3884 debebas,
2404 3814 2670 3873 detulisti.
2709 3812 2776 3868 Et
2801 3826 2931 3868 vero
2951 3809 3374 3880 haudquaquam
3428 3807 3566 3878 jure.

1962 3893 2287 3985 imperatori
2315 3911 2556 3982 imputes
2596 3891 2682 3971 ea,
2717 3919 2836 3975 quae
2872 3903 2924 3958 in
2953 3911 3006 3958 te
3035 3901 3211 3972 ipsum
3235 3908 3290 3954 et
3314 3900 3368 3954 in
3396 3898 3549 3954 illum

1964 3985 2259 4076 deliquisti.
2287 4001 2445 4056 Nunc
2468 3999 2653 4070 igitur,
2685 3994 2942 4066 quoniam
2975 4007 3040 4048 eo
3066 4001 3118 4048 te
3147 3989 3423 4061 redegisti,
3448 3989 3552 4043 hoc

1961 4098 2058 4153 tibi
2096 4075 2376 4168 quantum.
2411 4091 2477 4146 ad
2526 4097 2852 4161 praesentem
2889 4083 3164 4140 fortunam
3210 4078 3400 4150 reliqui
3441 4090 3547 4146 est,

1958 4197 2020 4243 ut
2051 4187 2118 4244 ab
2151 4171 2351 4256 injuria
2384 4191 2442 4239 et
2461 4179 2678 4256 damnis
2705 4177 2929 4233 urbibus
2955 4185 3006 4232 et
3031 4173 3282 4248 gentibus
3309 4171 3550 4227 inferen-

1960 4277 2064 4342 dis,
2100 4255 2361 4348 quantum
2409 4274 2464 4348 in
2519 4282 2570 4327 te
2612 4255 2739 4335 erit,
2791 4280 3083 4339 temperes,
3127 4275 3184 4321 et
3221 4263 3548 4334 legationem

1960 4351 2170 4436 mittas,
2199 4382 2300 4437 qua
2341 4364 2482 4436 apud
2520 4365 2932 4432 imperatorem,
2972 4357 3064 4427 qui
3101 4356 3274 4412 bonus
3303 4363 3408 4418 est,
3433 4369 3550 4407 mo-

258 4439 516 4495 σκεσθαι.
548 4459 567 4493 ι
607 4442 667 4496 ’0
696 4442 751 4496 δὲ
786 4445 1052 4516 πεισθεὶς,
1079 4447 1282 4517 ἄνδρας
1312 4450 1413 4520 μὲν
1440 4449 1536 4503 ἐπί¹
1569 4452 1630 4505 τὸ
1656 4453 1856 4519 Βυζάν-

1966 4435 2229 4518 deratum
2245 4435 2455 4530 quidet
2481 4469 2693 4524 :equum
2718 4439 2964 4508 obtinere
2987 4447 3223 4504 coneris.
3260 4464 3280 4499 ι
3306 4444 3400 4500 Ille
3421 4459 3549 4500 vero

254 4546 378 4582 τιον
409 4531 509 4585 σὺν
535 4532 720 4596 αὐτοῖς
749 4534 1092 4608 ἀποπέμπει,
1122 4537 1286 4602 αὐτδς
1321 4538 1380 4592 δέ
1408 4539 1506 4594 τοῦ
1542 4542 1642 4614 μὲν
1675 4545 1854 4601 καίειν

252 4619 292 4690 ἢ
334 4621 584 4688 φονεύειν
617 4622 744 4688 τοὺς
801 4624 1124 4698 ἀνθρώπους
1155 4628 1375 4699 ἀνεῖργε
1405 4629 1466 4684 τὸ
1513 4633 1854 4706 στράτευμα,

251 4711 327 4764 οὐ
363 4713 549 4783 μέντοι
579 4713 806 4770 ἐδύνατο
838 4717 1060 4773 πάντων
1089 4717 1251 4782 ὄντας
1269 4721 1315 4752 ’³
1339 4722 1583 4794 ἀπόρους
1613 4725 1682 4779 τὰ
1719 4721 1856 4795 ¹γοῦν

253 4805 548 4875 ἐπιτήδεια
589 4807 883 4895 ἐκπορίσαι
911 4809 1166 4882 κωλύειν.
1205 4813 1318 4887 καὶ
1345 4813 1409 4886 δὴ
1452 4815 1660 4886 προῖὼν
1689 4811 1856 4889 ἦλθεν

253 4897 361 4949 ἐπὶ
387 4896 488 4966 τὴν
524 4897 857 4969 Ἡράκλειαν
887 4899 986 4972 τὴν
1024 4903 1083 4956 ἐν
1125 4897 1461 4978 Μακεδονίᾳ,
1507 4908 1604 4978 καὶ
1632 4910 1724 4964 τοῦ
1754 4913 1858 4984 ἀρ-

252 4989 496 5058 χιερέως
548 4989 644 5042 τοῦ
701 4991 759 5043 ἐν
807 4995 982 5065 ταύτῃ
1012 4996 1076 5066 τῇ
1120 4995 1274 5049 πόλει
1309 4996 1480 5052 πολλά
1506 5000 1602 5054 καὶ
1655 5019 1859 5057 παντο-

253 5081 411 5134 61πά
438 5083 573 5154 ira“
608 5086 840 5158 στρατιᾷ
887 5088 982 5139 καὶ
1030 5088 1180 5158 αύτῷ
1221 5090 1646 5165 ἀποστείλαντος
1684 5095 1856 5168 δῶρα,

253 5174 363 5242 τήν
410 5190 472 5226 τε
522 5174 710 5246 χώραν
756 5176 941 5246 ἀπαθῆ
983 5177 1165 5231 πᾶσαν
1191 5177 1513 5249 διεφύλαξε,
1559 5186 1654 5238 καὶ
1703 5185 1856 5251 οὐδὲν

257 5266 392 5328 τοὺς
425 5265 710 5330 οἰκοῦντας
743 5265 976 5322 ἐνταῦθα
1006 5269 1347 5343 παραλυπῶν
1375 5273 1512 5346 ’δ’ἐκ
1542 5275 1654 5329 τῶν
1677 5278 1850 5350 ταύτῃ

259 5351 454 5424 μόρων
488 5354 534 5385 ¹⁶
567 5353 628 5408 τὸ
660 5355 862 5426 πλῆθος
882 5357 1142 5422 ἐπιεικῶς
1170 5361 1430 5431 ἐπειρᾶτο
1457 5362 1684 5431 διάγειν.

1962 4567 2271 4623 persuasus,
2307 4549 2452 4604 viros
2485 4547 2749 4618 quosdam
2781 4557 2886 4598 una
2921 4557 3042 4597 cum
3073 4539 3204 4609 ipsis
3226 4539 3548 4610 Byzantium

1964 4645 2149 4699 mittit.
2184 4642 2251 4698 Et
2278 4641 2392 4710 ipse
2421 4639 2638 4709 quidem
2666 4627 2968 4690 exercitum
3001 4645 3155 4685 suum
3179 4644 3338 4684 urere
3376 4637 3430 4681 et
3458 4642 3556 4681 oc-

1965 4737 2149 4792 cidere
2185 4732 2429 4788 homines
2468 4727 2663 4794 vetuit,
2695 4725 2799 4780 etsi
2838 4736 2988 4788 suos,
3023 4735 3144 4777 cum
3182 4717 3424 4775 omnium
3465 4731 3554 4770 re-

1967 4840 2088 4882 rum
2146 4815 2333 4879 essent
2373 4818 2566 4891 egeni,
2609 4809 2898 4887 quominus
2939 4827 3026 4867 res
3071 4806 3410 4864 necessarias
3447 4805 3553 4862 sibi

1966 4921 2386 4988 compararent,
2422 4908 2712 4979 prohibere
2759 4903 3097 4982 non\potu'it.
3143 4900 3282 4956 lline
3329 4913 3554 4953 movens

1968 5007 2034 5063 ad
2103 5004 2424 5061 Heracleam
2486 4997 2816 5055 Macedonia:
2871 4994 3134 5066 pervenit.
3180 4989 3354 5059 llujus
3400 4989 3560 5042 urbis.

1968 5097 2448 5170 archiepiscopus,
2498 5106 2621 5148 cum
2675 5086 3072 5168 quamplurima
3113 5092 3168 5138 et
3224 5079 3421 5136 diversi
3453 5093 3550 5147 ge-

1966 5191 2115 5246 neris
2149 5165 2375 5244 munera
2406 5187 2474 5240 ad
2501 5199 2625 5239 eum
2673 5192 2729 5236 et
2773 5165 2888 5248 ejus
2942 5179 3241 5234 exercitum
3289 5173 3556 5230 misisset,

1961 5296 2177 5337 Omnem
2217 5280 2489 5350 regionem
2521 5291 2550 5330 a
2591 5274 2893 5344 direptione
2933 5271 3152 5325 illmsam
3182 5260 3545 5321 conservavit,

1960 5385 2135 5442 neque
2163 5367 2458 5440 quidquam
2493 5365 2752 5420 molestiae
2773 5362 3038 5418 exhibens
3064 5360 3300 5415 locorum
3327 5353 3543 5417 incolis,

249 5449 450 5518 capias
485 5464 613 5504 suas
655 5465 722 5507 ex
757 5452 928 5506 reditu
969 5453 1129 5522 hujus
1172 5457 1408 5526 regionis
1444 5458 1589 5514 alere
1627 5476 1848 5531 operam
1881 5465 2049 5521 dedit.

1530 5569 1767 5627 VARIIE
1800 5572 2208 5629 LECTIONES.

336 5652 382 5682 ﬂ
407 5651 638 5737 27.6623"
668 5651 761 5737 Νη
791 5653 982 5737 ῖόδους
1034 5656 1179 5737 νυ]ἱῇ
1359 5659 1604 5737 ὕπαρχον
1635 5662 1726 5737 Νι,
1769 5664 2009 5737 ἔπαρχον
2039 5668 2183 5736 vulg.
2263 5667 2304 5697 “
2327 5665 2472 5737 £655
2503 5663 2646 5737 vulg,
2680 5661 2871 5737 ἔδεισε
3046 5657 3092 5688 ’⁸
3112 5650 3393 5737 ὀῖόνίῇὡς⁸
3424 5649 3540 5737 οἷόν

261 5722 510 5797 recunj.
695 5725 762 5797 _'_'
799 5723 970 5797 ὄντων
1024 5721 1170 5797 vulg".

266 5791 475 5872 φόρῳνί
501 5793 650 5866 conj.
693 5791 783 5862 N.,
817 5795 1004 5865 μερῶν
1025 5793 1090 5851 Η.

1269 5731 1312 5762 ³⁸
1354 5735 1417 5804 τῇ
1460 5727 1588 5790 ante
1621 5727 1810 5790 πόλεια
1841 5727 2020 5794 (ῘόΪΒ.
2095 5727 2512 5806 ’δ’παραλυπῶν
2545 5733 2636 5800 IL,
2677 5727 3006 5802 παραλιπὼν
3037 5727 3147 5782 vui.

3252 5728 3298 5760 ²⁶
3327 5724 3536 5799 μόρων]
