4076 6440
535 357 645 425 759

1481 316 1880 421 EXCEnr'rA
1912 357 2016 419 Ex
2053 356 2362 428 MALCHO
2399 359 2765 420 RHETURE

3679 359 3788 426 700

604 470 792 542 Legati
824 478 1002 527 autem
1036 471 1104 526 ab
1132 485 1197 525 eo
1233 470 1380 525 missi
1413 469 1574 524 simul
1607 480 1770 538 atque
1792 469 2114 540 Byzantium

2291 472 2381 534 Είς
2414 471 2470 524 δὲ
2510 471 2570 524 τὸ
2604 471 2900 535 Βυζάντιον
2935 472 3009 536 ὡς
3035 466 3199 544 ἦλθον
3229 471 3276 528 oi
3305 473 3433 544 παρ’
3464 473 3627 529 αὑτοῦ
3660 487 3792 528 στα·-

533 573 916 633 accesserunt,
972 564 1355 634 imperatorem
1426 572 1757 618 monuerunt
1773 604 1802 637 η
1857 572 2111 632 oportere

533 673 694 727 quam
723 657 1008 713 celerrime
1039 657 1154 712 fieri
1190 665 1393 726 posset,
1424 656 1655 724 legatum
1681 655 1895 710 mittere
1920 654 2112 709 idonea

534 749 858 806 auctoritate
890 750 1233 804 instructum.
1273 745 1383 800 Nec
1417 746 1561 800 enim
1599 747 1648 800 in
1681 747 1798 816 ejus
1846 754 2113 815 potestate

524 855 677 914 esse,
708 841 866 907 longo
901 850 1140 908 tempore
1165 848 1369 893 tantam
1402 836 1634 892 militum
1656 837 1866 893 turbam
1900 853 1928 892 a
1961 839 2113 891 dam-

535 934 622 988 nis
659 947 757 1003 pro
796 931 1017 986 libidine
1063 929 1359 984 inferendis
1405 930 1702 985 continere.
1750 928 2112 995 Quamobrem

522 1025 833 1092 imperator
855 1023 1001 1076 misit
1031 1021 1436 1091 Adamantium,
1475 1017 1686 1076 Viviani
1715 1019 1904 1086 lilium,
1943 1019 2114 1090 patri-

533 1114 677 1169 cium
706 1121 760 1168 et
789 1112 918 1168 olim
953 1112 1070 1166 urbi
1106 1109 1444 1180 praefectum,
1471 1125 1630 1178 quem
1661 1110 1820 1161 etiam
1855 1108 2116 1176 dignitate

532 1203 801 1260 consulari
836 1201 1008 1267 auxit,
1039 1203 1312 1274 jussitque
1341 1206 1616 1271 regionem
1663 1202 1716 1255 in
1748 1196 1992 1255 Pautalia
2039 1201 2114 1255 illi

533 1281 829 1366 assignare,
864 1311 982 1366 quae
1003 1295 1228 1366 Illyrica?
1250 1294 1419 1364 partis
1440 1303 1522 1348 est
1552 1292 1830 1363 provincia
1874 1306 1978 1346 non
2005 1291 2117 1362 80

531 1388 692 1458 longo
719 1387 1003 1444 intervallo
1033 1387 1241 1443 distans
1269 1387 1338 1442 ab
1370 1387 1618 1456 ingressu
1651 1381 1921 1439 Thraciae.
1956 1384 2116 1447 Quod

533 1497 598 1538 eo
652 1482 879 1538 consilio
924 1480 1206 1547 faciebat,
1265 1488 1345 1546 ut,
1403 1480 1447 1534 si
1508 1493 1612 1548 qua
1667 1475 2113 1540 Theuderichus,

533 1572 733 1629 Triarii
775 1573 938 1639 ﬁlius,
975 1588 1035 1628 se
1068 1585 1412 1627 commovere
1451 1570 1770 1638 susciperet,
1819 1567 1969 1621 illum
2023 1566 2119 1620 ad-

535 1666 840 1722 versarium
886 1666 1012 1720 huic
1047 1665 1357 1734 oppositum
1404 1662 1592 1726 sciret,
1638 1669 1802 1729 atque
1841 1657 2028 1724 etiam,
2072 1659 2118 1712 si

536 1761 674 1813 alter
705 1763 862 1827 pacta
886 1755 1088 1812 violare
1116 1766 1170 1810 et
1200 1769 1389 1824 pacem
1428 1755 1647 1808 turbare
1667 1751 1847 1818 vellet,
1881 1767 2004 1807 cum
2035 1751 2120 1805 in-

2219 561 2404 625 λέντες
2439 561 2719 632 πρέσϐεις,
2754 561 2962 630 ἔλεγον,
2990 563 3072 616 ὅτι
3107 562 3216 616 δέοι
3248 563 3462 634 ταχέως
3496 566 3621 635 περὶ
3653 564 3793 617 πάν-

2219 666 2326 704 των
2369 651 2748 721 αὐτοκράτορα
2782 653 2930 722 αὐτῷ
2967 652 3309 723 πρεσϐευτὴν
3349 653 3691 720 ἀποστεῖλαι,
3718 652 3795 717 ὡς

2217 743 2315 813 οὐχ
2365 743 2460 813 οἴῳ
2498 761 2558 797 τε
2581 743 2626 776 ³⁷
2658 743 2860 815 πλῆθος
2897 747 3124 818 ἄπειρον
3172 745 3382 817 εἵργειν
3427 748 3520 799 ἐπὶ
3569 747 3796 800 πλείονα

2217 835 2407 903 χρόνον
2442 835 2540 904 τῆς
2569 835 2660 903 ἀφ’
2688 829 2762 889 ὧν
2789 835 2855 889 ἂν
2879 837 3129 890 δύναιντο
3146 837 3192 869 ’⁸
3215 836 3443 908 βλάϐης.
3483 837 3540 891 'O
3554 838 3610 894 δὲ
3645 839 3799 891 Ἀδαο

2220 924 2440 995 μάντιον
2467 927 2559 978 τὸν
2592 928 2847 980 Βιϐιανοῧ
2884 929 3069 993 παῖδα,
3100 929 3387 999 πατρίκιόν
3429 947 3486 981 τε
3525 929 3658 982 δντα
3699 933 3797 983 καὶ

2217 1015 2679 1084 πολιαρχήσαντα,
2716 1015 2971 1085 προσθεὶς
2999 1017 3146 1086 αὐτῷ
3179 1018 3269 1070 καὶ
3303 1019 3466 1087 τιμὴν
3494 1019 3794 1089 ὑπατικὴν,

2216 1105 2429 1176 ἔπεμψε
2488 1107 2883 1175 παραγγείλας,
2916 1108 3101 1179 χώραν
3147 1109 3246 1178 μὲν
3295 1107 3445 1181 αὖτῷ
3496 1109 3682 1163 δοῦναι
3738 1112 3800 1163 ὲν

2216 1197 2632 1269 Παυταλίᾳ²⁹,ἢ
2660 1199 2755 1267 τῆς
2777 1200 2874 1268 μὲν
2911 1201 3210 1271 Ἰλλυρικῆς
3235 1203 3427 1272 μοίρας
3455 1204 3602 1256 ἐστὶν
3620 1206 3801 1273 ἐπαρε

2217 1291 2329 1361 χία,
2355 1291 2416 1343 οὐ
2446 1290 2580 1342 πολὺ
2609 1290 2665 1343 δὲ
2696 1293 2972 1361 ἀπέχουσα
2991 1293 3099 1345 τῶν
3125 1294 3388 1347 εἰσϐολῶν
3425 1295 3520 1363 τῆς
3548 1293 3798 1366 Θρᾴκης,

2217 1383 2386 1445 ὅπως,
2417 1382 2526 1435 εἴτε
2551 1382 2871 1452 Θευδέριχος
2896 1384 2923 1436 ὁ
2951 1384 3209 1454 Τριαρίου
3235 1385 3511 1455 ἐγχειροίη
3540 1402 3594 1437 τι
3625 1387 3803 1439 κινεῖν

2220 1475 2445 1546 ἔφεδρον
2468 1475 2582 1545 ἔχοι
2603 1475 2764 1529 αὐτὸν
2797 1476 3029 1544 ἐγγύθεν
3055 1477 3177 1530 κατ’
3200 1477 3436 1543 ἐκείνου,
3481 1479 3592 1539 εῑτε
3634 1479 3804 1543 αὐτδς

2220 1568 2511 1637 ταράττειν
2535 1567 2604 1620 τὰ
2634 1568 2970 1636 συγκείμενα
3000 1568 3164 1630 θέλοι,
3198 1570 3255 1621 ὲν
3291 1569 3441 1638 μέσῳ
3473 1551 3635 1621 αὐτὸν
3661 1567 3803 1639 ἔχων

2221 1660 2329 1713 τῶν
2363 1675 2424 1712 τε
2481 1659 2793 1730 Ἰλλυρικῶν
2824 1659 2917 1712 καὶ
2957 1657 3067 1712 τῶν
3093 1659 3346 1730 Θρᾳκίων
3392 1659 3682 1729 δυνάμεων
3711 1662 3805 1714 εὑ-

2226 1751 2530 1823 κολώτερον
2577 1751 2742 1805 αὑτοῦ
2791 1753 3064 1820 περιεῖναι
3119 1749 3357 1806 δύναιτο.
3386 1752 3452 1806 ΕΞ
3495 1752 3551 1806 δὲ
3585 1752 3807 1820 τροφῶν

539 1861 622 1908 ter
651 1815 786 1905 ddos
814 1850 1109 1923 exercitus,
1144 1847 1412 1920 lllyricum
1441 1857 1496 1903 et
1532 1845 1844 1910 Thracium,
1875 1845 2115 1914 degeret,

2227 1815 2453 1912 ἀπορεῖν
2482 1842 2560 1914 τῷ
2589 1815 2958 1915 στρατεύματι
2983 1842 3130 1911 λέγοι
3149 1842 3240 1895 τὸν
3263 1844 3506 1912 παρόντα
3530 1815 3806 1909 ἐνιαυτὸν,

535 1957 662 1998 eum
711 1941 926 2009 facilius
969 1941 1278 2013 opprimere
1325 1936 1526 2010 pesset.
1575 1937 1779 2004 Quodsi
1822 1936 1925 1993 hoc
1971 1951 2116 1992 anno

535 2035 835 2090 exercitum
870 2049 1026 2089 suum
1064 2033 1244 2101 inopia
1289 2031 1541 2086 laborare
1582 2028 1995 2084 Theuderichus
2024 2029 2109 2083 di-

536 2134 706 2189 ceret,
741 2135 1029 2196 propterea
1062 2126 1204 2194 quod
1235 2123 1438 2178 nullum
1469 2135 1652 2178 semen
1691 2122 1850 2176 terris
1880 2121 2110 2175 manda-

2226 1936 2320 1990 ἅτε
2355 1937 2495 2008 μήτε
2526 1938 2584 1989 ὲν
2620 1937 2843 2006 οπόροις
2861 1935 2905 1966 ³⁸
2945 1936 3084 2006 μήτε
3112 1935 3328 2005 καρποῦ
3359 1935 3552 1988 ἐλπίδα
3584 1935 3726 2005 ἔχων
3748 1935 3808 1989 ὲν

2212 2028 2524 2098 Παυταλίᾳ,
2555 2027 2721 2080 ἔδωκε
2750 2025 2940 2096 λίτρας
2969 2026 3194 2097 χρυσίου
3246 2027 3463 2080 ἀπιόντι
3496 2026 3808 2092 διακοσίας,

2217 2121 2283 2184 ἃς
2337 2120 2549 2174 ἐκέλευε
2602 2119 2762 2173 δόντα
2794 2118 2870 2189 τῷ
2907 2118 3137 2190 ὑπάρχῳ
3169 2117 3247 2190 τῷ
3282 2119 3400 2172 ἐκεῖ
3448 2120 3674 2190 ποιῆσαι
3704 2119 3808 2191 τὴν

518 2227 652 2276 tum
693 2225 858 2281 esset,
895 2231 1074 2284 neque
1113 2215 1279 2268 ullam
1336 2228 1485 2284 spem
1540 2212 2008 2281 percipiendorum
2057 2210 2110 2264 in

2221 2213 2465 2284 δαπάνην
2496 2213 2682 2278 αὐτοῖς
2711 2216 2791 2278 είς
2823 2215 3141 2269 ῐῙαυταλίαν
3167 2217 3475 2287 χορηγῆσαι
3495 2217 3598 2286 τήν
3627 2219 3734 2268 ὲπσ
3745 2233 3812 2288 ρ-

513 2306 782 2379 ,Ρευιιιιίε
811 2305 1091 2362 fructuum
1117 2305 1368 2370 haberet,
1398 2305 1546 2360 dedit
1570 2302 1897 2358 Adamantio
1935 2303 2101 2372 proli-

510 2403 760 2459 .ciscenti
804 2403 1068 2458 ducentas
1100 2401 1219 2456 auri
1260 2401 1452 2466 libras,
1486 2414 1621 2470 quas
1659 2398 1825 2471 jussit
1862 2399 2102 2470 regionis

533 2495 677 2550 illius
707 2495 961 2563 przefecto
1003 2495 1244 2559 tradere,
1291 2502 1351 2548 ut
1390 2507 1483 2548 eas
1515 2493 1583 2547 ad
1617 2491 1997 2548 convehendos
2047 2493 2100 2548 in

531 2580 830 2638 Pautallam
859 2591 1219 2648 commeatus,
1237 2582 1329 2654 qui
1368 2581 1475 2638 illis
1506 2580 1714 2638 alendis
1740 2581 1873 2638 satis
1894 2591 2100 2652 essent,

507 2671 888 2743 impenderet.
926 2673 1060 2730 Cum
1089 2673 1296 2744 legatus
1325 2673 1501 2728 adhuc
1532 2682 1678 2728 esset
1707 2673 1975 2745 Byzantii,
2005 2674 2106 2728 mi-

2219 2305 2444 2363 κοῦσαν.
2480 2306 2603 2360 Ἔτι
2631 2306 2688 2361 δὲ
2712 2306 2804 2360 τοῦ
2839 2307 3184 2379 πρεσϐευτοῦ
3209 2307 3361 2369 ὄντος
3399 2309 3458 2361 ὲν
3498 2308 3840 2379 Βυζαντίῳ,,

2221 2397 2551 2472 στρατιῶται
2583 2391 2878 2462 συστάντες
2915 2401 2972 2453 ἐν
2995 2402 3062 2470 τῇ
3101 2398 3472 2470 Θεσσαλονίκῃ
3503 2398 3594 2452 τὸν
3624 2393 3813 2468 ιζ’)παρ⁹

2218 2507 2314 2564 χον
2347 2490 2602 2561 Ἰωάννην
2634 2490 2894 2558 προϊόντα
2937 2489 3274 2559 φυλάξαντες
3316 2489 3567 2560 ξιφήρεις
3617 2487 3817 2560 ὥρμηο

2223 2598 2354 2637 σανο
2391 2583 2486 2636 καὶ
2509 2581 2721 2653 ὡρίσθη
2748 2582 2901 2653 παρά
2936 2581 3100 2636 τῶν³¹
3135 2582 3382 2652 Ζήνωνος
3427 2580 3815 2651 Ἀδαμάντιος,

2226 2676 2323 2730 καὶ
2358 2674 2532 2727 ταῦτα
2565 2674 2926 2744 κατέστησεν.

504 2823 508 2828 _
537 2765 680 2837 lites,
711 2769 803 2839 qui
826 2767 1230 2826 Thessalonica:
1264 2769 1320 2824 in
1348 2767 1615 2837 praesidiis
1644 2778 1820 2834 erant,
1849 2767 2115 2824 Joannem
2157 2769 2494 2841 praefectum,
2560 2785 2664 2837 qua
2697 2769 2905 2833 exiret,
2935 2769 3290 2824 observantes
3327 2767 3519 2839 gladiis
3561 2765 3816 2839 aggressi

535 2871 684 2918 sunt.
721 2859 861 2916 Huic
895 2860 1110 2928 negotio
1151 2860 1318 2915 linem
1367 2859 1625 2930 imposuit
1665 2860 2023 2917 Adamantius
2054 2876 2120 2917 ex
2160 2863 2478 2934 praescripto
2502 2860 2730 2916 Zenonis
2759 2871 2814 2914 et
2846 2861 2960 2916 haec
2999 2860 3236 2929 pacavit.

608 2955 743 3010 Dum
765 2954 881 3010 haec
899 2952 1300 3010 Thessalonicae
1321 2953 1668 3020 gerebantur,
1687 2951 2119 3021 Theuderichus,

2306 2956 2367 3010 Ὀ
2414 2954 2474 3008 δὲ
2525 2953 2857 3024 Βαλαμήρου
2877 2955 2945 3019 ³³,
2979 2955 3035 3007 ὲν
3063 2945 3107 3022 ᾧ
3141 2954 3209 3008 τά
3256 2955 3356 3025 τῆς
3406 2954 3819 3028 Θεσσαλονίκης

543 3047 799 3106 Valamiri
851 3046 1014 3112 filius,
1066 3046 1211 3099 circa
1261 3043 1576 3100 Heracleam
1617 3053 2006 3110 commoratus,
2067 3045 2115 3104 in

2223 3048 2464 3116 ἐγένετο,
2495 3047 2624 3118 περὶ
2665 3046 2992 3117 Ἡράκλειαν
3017 3047 3234 3116 ἔμενεν,
3255 3047 3349 3101 καὶ
3369 3048 3462 3102 ἐπὶ
3483 3049 3582 3118 τὴν
3610 3048 3819 3103 Ἤπει-

538 3139 764 3210 Epirum
804 3138 870 3192 ad
903 3136 1281 3192 Sidimundum
1315 3137 1497 3191 mittit.
1523 3135 1595 3202 ls,
1615 3150 1681 3192 ex
1710 3135 1898 3191 eodem
1927 3150 2115 3206 genere

2223 3157 2315 3212 ρον
2369 3141 2577 3211 πέμπει
2630 3141 2767 3212 πρὸς
2819 3141 3200 3226 Σιδιμιοῦνδον,
3233 3144 3298 3196 ὲκ
3346 3143 3447 3211 μὲν
3493 3141 3593 3211 τῆς
3637 3142 3821 3212 αὐτῆς

537 3243 593 3288 et
626 3232 922 3302 majoribus
964 3241 1136 3296 ortus,
1175 3240 1301 3285 tunc
1347 3230 1607 3300 temporis
1649 3231 1972 3286 credebatur
2011 3229 2115 3286 Ro-

2221 3232 2394 3302 φυλῆς
2419 3234 2480 3286 τὸ
2509 3232 2774 3286 ἀνέκαθεν
2805 3223 3252 3299 δνταξδοκοῢντα
3272 3234 3329 3287 δὲ
3355 3233 3476 3286 τότε
3507 3231 3648 3287 εἶναι
3677 3236 3814 3288 Ῥωο

538 3341 823 3382 manorum
862 3325 1073 3379 amicus
1101 3337 1241 3378 esse.
1279 3322 1484 3395 Etenim
1519 3323 1792 3393 regionem
1821 3323 1964 3378 circa
1997 3323 2122 3392 Epi-

540 3419 802 3472 damnum
835 3413 1132 3480 incolebat,
1153 3427 1273 3482 quaa
1303 3411 1378 3466 illi
1414 3425 1480 3466 ex
1505 3413 1819 3468 haereditate
1861 3414 2119 3482 opulenta

540 3509 865 3572 obvenerat,
904 3514 960 3560 et
1013 3505 1120 3560 sub
1165 3503 1496 3572 imperatore
1535 3504 1804 3574 stipendia
1853 3506 2119 3560 merebat.

541 3597 673 3651 Erat
719 3595 806 3652 hic
837 3594 1398 3666 Edoingipatruclis,
1433 3595 1524 3664 qui
1571 3595 1726 3670 valde
1774 3595 2123 3653 familiariter

539 3688 734 3742 Berina
765 3687 1040 3752 utebatur,
1069 3697 1124 3743 et
1147 3701 1265 3754 eos,
1287 3687 1380 3757 qui
1411 3686 1693 3742 domestici
1723 3697 2004 3754 vocantur,
2039 3705 2124 3744 re-

539 3781 721 3848 gebat,
755 3793 875 3848 quae
901 3779 1136 3848 dignitas
1163 3793 1414 3850 magnam
1455 3776 1620 3834 habet
1665 3780 1719 3834 in
1760 3781 1906 3849 regia
1936 3791 2124 3837 aucto-

541 3874 783 3929 ritatem.
813 3872 896 3928 Ad
928 3875 1071 3929 hunc
1102 3873 1265 3944 igitur
1299 3872 1480 3940 misit,
1527 3874 1804 3944 antiquam
1842 3877 2122 3946 cognatio-

543 3979 669 4017 nem
705 3963 758 4017 in
793 3963 1113 4018 memoriam
1140 3964 1742 4030 revocabat,etorabat
1770 3973 1828 4019 ut
1861 3964 2000 4018 viam
2037 3978 2124 4019 re-

544 4054 748 4122 periret
768 4063 826 4108 et
861 4053 1114 4120 ediceret,
1148 4067 1254 4124 qua
1286 4053 1585 4122 Epidamno
1625 4062 1682 4110 et
1729 4053 1947 4122 reliquae
1977 4053 2122 4123 Epiri

541 4143 824 4208 dominatu
859 4145 1144 4212 podretur,
1175 4144 1268 4200 ubi
1302 4151 1427 4214 post
1462 4151 1542 4199 tot
1575 4158 1792 4200 errores
1822 4145 2125 4200 consistere

545 4243 752 4303 posset,
775 4243 832 4292 et
857 4236 971 4292 suis
1008 4236 1170 4292 rebus
1208 4236 1345 4290 urbe
1371 4237 1422 4290 et
1453 4235 1720 4292 manibus
1749 4235 2000 4300 ﬁrmatis,
2028 4252 2125 4293 ca-

545 4341 644 4381 sus
669 4340 804 4396 quos
836 4325 1050 4381 fortuna
1087 4327 1261 4393 daret,
1291 4333 1649 4395 exspectaret.
1674 4322 1746 4382 Ut
1773 4326 2123 4384 Sidimundus

541 4417 661 4473 haec
689 4419 759 4474 ab
807 4418 901 4474 illo
946 4417 1182 4487 accepit,
1217 4416 1493 4472 Barbarus
1543 4432 1666 4473 cum
1713 4417 1955 4473 Barbaro
1988 4432 2123 4473 con-

536 4508 715 4578 jungi,
756 4522 920 4577 quam
956 4523 1081 4562 cum
1111 4507 1395 4575 Romanis,
1435 4507 1606 4564 satius
1644 4523 1768 4564 esse
1799 4508 1971 4563 duxit.
2015 4507 2121 4563 lta-

2226 3325 2407 3396 μαίοις
2435 3313 2790 3389 ὑπόσπονδον,
2820 3325 2915 3378 καὶ
2951 3327 3008 3378 ὲν
3032 3327 3096 3396 τῇ
3129 3325 3249 3378 κατ’
3267 3324 3601 3394 Ἐπίδαμνον
3616 3325 3810 3378 Ἠπεί-

2227 3433 2305 3488 ρῳ
2349 3415 2534 3487 χώραν
2563 3431 2623 3468 τε
2653 3416 2954 3486 νεμόμενον
2994 3416 3090 3470 καὶ⁵
3122 3416 3416 3486 εὐδαίμονα
3451 3416 3671 3486 κλῆρον,
3713 3415 3819 3471 καὶ

2224 3507 2378 3579 παρὰ
2425 3506 2692 3577 βασιλέως
2721 3507 3009 3578 δεχόμενον
3042 3507 3346 3572 συντάξεις.
3389 3509 3637 3576 Ἀνεψιὸς
3662 3508 3721 3562 δὲ
3745 3505 3820 3581 ἦν

2223 3593 2377 3663 οὗτος
2405 3599 2716 3668 Αίδοῐγγου,
2743 3599 2982 3668 Βηρίνης
3009 3599 3053 3630 ³⁸
3077 3615 3138 3652 τε
3175 3599 3412 3669 μάλιστα
3433 3598 3585 3662 ὄντος
3613 3601 3822 3653 οἰκειο-

2223 3693 2387 3747 τάτου
2437 3692 2532 3746 καὶ
2575 3692 2675 3762 τὴν
2731 3691 2840 3745 τῶν
2887 3689 3200 3761 λεγομένων
3242 3689 3581 3762 δομεστίκων
3635 3691 3820 3763 ἀρχὴν

2223 3781 2516 3854 ἄρχοντος,
2581 3781 2827 3853 μεγάλην
2884 3781 3008 3836 τινὰ
3040 3778 3208 3837 οὖσαν
3243 3781 3353 3835 τῶν
3393 3782 3522 3850 περὶ
3552 3781 3816 3850 βασιλέα.

2223 3875 2368 3945 Πρὸς
2399 3875 2590 3928 τοῦτον
2618 3869 2710 3928 οὖν
2736 3873 2977 3945 ἔπεμπε,
3005 3873 3105 3942 τῆς
3134 3890 3194 3926 τε
3227 3873 3466 3935 παλαιᾶς
3489 3874 3653 3926 αὑτὸν
3687 3892 3820 3944 συγ-

2222 3968 2438 4036 γενείας
2463 3968 2922 4038 ἀναμιμνήσκων,
2948 3967 3044 4021 καὶ⁵
3070 3965 3239 4032 ἀξιῶν
3270 3967 3513 4038 ἐξευρεῖν
3541 3969 3635 4021 καὶ
3667 3985 3817 4038 συμ-

2225 4059 2431 4132 πρᾶξαι
2479 4059 2702 4130 τρόπον,
2727 4061 2795 4114 δι’
2843 4055 2906 4114 οὗ
2946 4061 3046 4131 τῆς
3064 4061 3183 4114 re“
3225 4060 3551 4130 Ἐπιδάμνου
3583 4061 3674 4112 καὶ
3703 4061 3812 4129 τῆς

2222 4153 2391 4221 ἄλλης
2453 4152 2715 4222 Ἠπείρου
2780 4151 3040 4223 δυνηθείη
3094 4153 3380 4222 κρατήσας
3454 4151 3643 4221 στῆναι
3695 4151 3810 4222 τῆς

2224 4244 2427 4313 πολλῆς
2457 4243 2686 4312 πλάνης,
2727 4243 2824 4297 καὶ
2869 4243 3093 4314 ἱδρύσας
3147 4244 3342 4297 ἑαυτὸν
3393 4245 3452 4296 ὲν
3506 4243 3659 4296 πόλει
3713 4243 3818 4296 καὶ

2223 4335 2461 4406 τείχεσιν
2499 4335 2750 4389 ἐντεῦθεν
2778 4335 2852 4398 ὡς
2877 4335 2943 4390 ἂν
2960 4335 3088 4406 διδῷ
3110 4335 3362 4406 δέχεσθαι
3390 4335 3450 4389 τὸ
3484 4335 3811 4405 συμϐαῖνον.

2225 4426 2569 4496 Σιδιμοῦνδος
2615 4427 2672 4479 δὲ
2723 4426 2897 4481 ταῦτα
2944 4427 3076 4499 παρ’
3118 4427 3286 4482 αὐτοῦ
3333 4427 3664 4496 δεξάμενϐς,
3716 4427 3814 4480 καὶ

2228 4517 2511 4588 Βάρϐαρος
2543 4517 2817 4589 Βαρϐάρῳ
2867 4519 3197 4590 συνοικεῖνῆ
3243 4519 3544 4588 Ῥωμαίοις
3595 4519 3811 4589 ἡγησά-

541 4612 649 4666 que
679 4599 1038 4670 Epidamnum
1086 4600 1256 4665 venit,
1299 4607 1355 4656 et
1388 4599 1640 4670 privatim
1681 4615 2115 4670 unumquemque

2233 4580 2391 4678 μενος
2419 4580 2688 4678 κρεῖττον,
2731 4580 2904 4664 ἐλθὼν
2929 4610 3010 4673 είς
3041 4580 3375 4680 Ἐπίδαμνον
3404 4611 3499 4664 καὶ
3533 4580 3656 4679 ἰδία-
3680 4580 3815 4680 μετ-

543 4688 746 4742 civium
779 4689 1126 4755 circumiens,
1168 4700 1426 4762 tanquam
1469 4693 1710 4761 ipsorum
1746 4690 1905 4747 saluti
1935 4693 2115 4762 provi-

2228 4698 2323 4754 ιὼν
2376 4699 2487 4752 τῶν
2538 4700 2773 4756 πολιτῶν
2821 4701 3057 4755 ἕκαστον
3098 4686 3178 4765 ὡς
3204 4701 3367 4771 δῆθεν
3398 4701 3526 4756 κατ’
3589 4699 3812 4755 εὔνοιαν

543 4781 697 4849 dens,
735 4782 1022 4837 consilium
1052 4783 1220 4849 dedit,
1251 4793 1310 4838 ut
1346 4783 1551 4852 omnia,
1584 4799 1704 4854 quae
1743 4785 1973 4856 quisque
2024 4785 2115 4841 ha-

2227 4789 2609 4845 συνεϐούλευεν
2638 4791 2842 4857 αὐτοῖς,
2870 4793 2906 4846 ά
2931 4809 2991 4845 τε
3013 4792 3244 4855 ἕκαστος
3273 4791 3410 4864 ἔχει,
3471 4791 3665 4846 θᾶττον
3701 4792 3813 4844 ὑπο

540 4870 711 4936 heret,
749 4881 1094 4940 exportaret,
1133 4885 1185 4929 et
1223 4889 1284 4930 se
1324 4889 1532 4946 suaque
1564 4878 1747 4932 omnia
1788 4877 1844 4932 in
1892 4877 2115 4942 insulas,

2227 4883 2560 4949 εκτίθεσθαι,
2594 4885 2689 4937 καὶ
2711 4884 2907 4948 αὐτοὺς
2932 4885 2964 4956 ἢ
2999 4887 3079 4948 εἰς
3104 4885 3303 4955 νήσους
3329 4883 3363 4953 ἢ
3405 4883 3552 4936 πόλιν
3578 4900 3672 4936 ποι
3705 4882 3816 4935 σώο

540 4972 634 5016 aut
675 4963 728 5017 in
772 4965 1006 5033 aliquam
1041 4966 1202 5020 aliam
1235 4969 1423 5022 urbem
1454 4967 1772 5024 conferret:
1821 4967 2115 5024 Barbarum

2230 4974 2420 5040 ζεσθαι
2469 4975 2667 5044 λέγων,
2718 4977 2793 5039 ὡς
2826 4976 3114 5047 Βάρϐαρος
3159 4976 3251 5029 ἐπὶ
3290 4975 3492 5044 ταύτην
3523 4973 3812 5045 ὥρμηται.

539 5055 683 5109 enim
732 5072 894 5126 quam
935 5059 1169 5128 primum
1205 5061 1562 5132 Epidamnum
1607 5064 1926 5119 invasurum
1969 5082 1983 5118 :
2037 5064 2115 5120 sic

2223 5067 2318 5119 καὶ
2363 5067 2445 5119 ὅτι
2496 5065 2574 5137 τῷ
2624 5067 2838 5137 βασιλεί
2890 5066 3066 5121 ταῦτα
3119 5066 3382 5121 δοκοῦντά
3429 5067 3570 5130 ἐστι,
3607 5065 3706 5118 καὶ⁵
3735 5065 3815 5127 ὡς

540 5147 685 5201 enim
717 5149 1100 5217 imperatorem
1133 5153 1457 5220 decrevisse,
1488 5153 1582 5225 qui
1619 5156 1684 5210 ad
1723 5168 1843 5210 eam
1879 5169 1990 5208 rem
2022 5170 2115 5210 ex-

2237 5158 2594 5230 Ἀδαμάντιος
2667 5160 2760 5213 ἐπὶ
2821 5159 2996 5214 ταῦτα
3048 5160 3363 5231 πεμφθείη⁶
3418 5161 3668 5229 κρεῖττον
3716 5157 3814 5212 οὖν

538 5241 870 5307 sequendam
901 5243 1280 5300 Adamantium
1305 5247 1536 5303 miserit.
1562 5248 1749 5318 Itaque
1774 5247 1967 5302 melius
1997 5261 2115 5304 em

2224 5247 2366 5304 εἶναι
2396 5250 2605 5317 αὐτοῖς,
2638 5251 2746 5316 ’ἐως
2768 5253 2812 5285 ³³
2843 5252 2924 5305 ἔτι
2954 5253 3206 5316 ἄπεστιν,
3246 5251 3388 5305 κατά
3421 5250 3646 5303 πλείονα
3682 5266 3812 5319 σχον

539 5345 638 5397 per
658 5331 864 5397 otium,
895 5335 1021 5390 dum
1062 5339 1299 5393 nondum
1339 5339 1591 5407 adesset,
1629 5341 1796 5396 rebus
1831 5340 1944 5395 suis
1989 5355 2115 5411 pro-

2225 5338 2324 5410 λὴν
2369 5341 2439 5394 τὰ
2488 5339 2610 5395 κατ’
2640 5340 2839 5406 αὐτοὺς
2889 5341 3292 5414 διοικήσασθαι.
3337 5340 3523 5395 Ταῦτα
3549 5341 3645 5394 καὶ
3693 5341 3809 5402 τοῖς

1817 5450 2051 5508 VABLE
2097 5451 2504 5508 LECTIONES.

612 5562 657 5591 ’⁷
685 5563 780 5632 οἵῳ
801 5581 859 5618 τε
886 5564 975 5624 Ν..
1008 5559 1108 5618 οἷοί
1135 5585 1191 5619 τε
1222 5568 1366 5631 vulg.
1446 5569 1490 5600 "
1517 5567 1786 5691 Bévatvro}
1816 5566 2060 5622 δύναιντο
2092 5567 2418 5634 ὠφελεῖσθαι
2442 5577 2496 5622 et
2521 5581 2646 5621 mox
2667 5569 2695 5620 ὁ
2724 5567 2779 5620 δὲ
2825 5568 3075 5637 βασιλεὺς
3115 5570 3227 5624 Ἀδ.
3257 5585 3403 5636 con].
3433 5569 3498 5622 N.
3577 5570 3624 5602 ”
3660 5570 3810 5623 ﬂav-

612 5631 699 5691 λίᾳ.
741 5635 884 5691 vulg.
963 5637 1006 5666 ⁸ο
1035 5638 1254 5691 σπόοοιε
1295 5637 1383 5691 H..
1425 5639 1666 5691 σπείροις
1697 5655 1764 5691 vu
1790 5655 1840 5691 ε.
1918 5638 1960 5668 ³¹
1994 5637 2088 5690 τοῦ
2123 5637 2181 5691 Ζ.
2209 5639 2354 5691 coni.
2389 5637 2445 5689 Β.
2537 5639 2581 5668 ³⁸
2609 5637 2938 5691 Βαλαιιήοου
2976 5637 3090 5691 Val.
3126 5640 3217 5691 τὸν
3270 5639 3601 5691 Βαλαιιήοου
3649 5640 3805 5691 vulg.

539 5631 699 5715 τρέξι
741 5631 922 5715 vulg.“
963 5637 1006 5715 ξο
1035 5638 1254 5715 irrepet;
1295 5637 1383 5701 H.,
1421 5639 1666 5715 σπείροις
1697 5631 1876 5715 vulg:
1918 5638 1960 5668 ³¹
1994 5637 2088 5715 τοῦ
2123 5631 2457 5715 οοηῇκβ..
2537 5639 2592 5715 εξ
2609 5631 2938 5715 Βαλαμήρου
2976 5637 3090 5695 Val.
3126 5640 3217 5694 τὸν
3270 5631 3601 5710 Βαλαμήρου
3649 5640 3805 5715 vulg.

543 5701 587 5731 "
621 5701 852 5774 Βςρίνηέ
887 5705 996 5760 Val.
1037 5701 1285 5777 Γηρήνης
1311 5707 1455 5777 vugl.
1534 5701 1578 5740 ³³
1609 5726 1663 5762 τε
1701 5708 1759 5763 Β.
1787 5701 1878 5763 τοῦ
1920 5709 2063 5780 vulg.
2143 5708 2187 5743 ³⁵
2219 5701 2327 5771 ἓωξ
2366 5705 2507 5775 Vill-9
2535 5703 2592 5761 εὖ
2625 5701 2771 5777 νυιιςλ
