4076 6450
269 4714 274 4718 .
381 4663 550 4734 αἱρεῖ,
575 4662 685 4716 τῶν
712 4663 759 4713 οἱ

381 330 482 396 761

1140 335 1237 396 DE
1279 333 1856 424 LEGATIONIBUSV
1879 335 2374 401 ROMANORUM
2413 339 2515 402 AD
2554 340 2870 402 GENTES.

3525 341 3632 408 762

383 443 747 515 στρατιώταις
772 441 885 507 τοῖς
898 442 944 475 ³⁸
968 443 1085 497 ἐκεῖ
1099 444 1484 512 φυλάττουσιν,
1503 440 1656 500 οὖσιν
1685 447 1760 512 ὡς
1789 449 1961 519 δισχι-

2066 451 2292 519 spicere.
2327 449 2492 504 Erant
2529 465 2743 520 quoque
2772 449 2826 504 in
2863 462 2924 504 ea
2952 447 3083 505 urbe
3111 449 3164 504 in
3191 449 3455 520 praesidiis
3482 452 3633 506 mili-

381 537 534 600 λίοις,
562 533 612 588 οἳ
659 535 754 588 καὶ
807 533 1122 602 ἀμύνασθαι
1152 534 1373 588 ἐπιόντα
1415 537 1553 608 πρός
1577 553 1640 604 γε
1682 537 1742 589 τὸ
1775 553 1958 608 παρα-

381 626 572 698 χρῆμα
608 623 807 696 ῥᾳδίως
832 623 1115 693 ἠδύναντο,
1145 625 1362 679 ἔπεισεν
1409 625 1546 696 ὁμοῦ
1580 627 1786 692 πάντας
1817 629 1961 682 ἐκλι-
1987 698 1991 700 γ

384 721 509 773 πεῖν
567 717 894 787 Ἐπίδαμνον
924 758 939 780 ,
993 717 1088 770 καὶ
1133 716 1309 784 λέγων
1364 719 1458 770 καὶ
1509 719 1815 789 ταράττων,
1863 724 1961 772 καὶ

383 813 578 880 φήμην
617 809 702 862 ἀεὶ
746 807 938 877 καινὴν
982 805 1322 877 πειρώμενος
1376 808 1700 877 ἐμϐάλλειν,
1736 810 1830 862 καὶ
1877 809 1960 862 ὅτι

386 902 598 974 βασιλεῖ
637 899 1039 969 ἀπεχθήσονται
1081 899 1281 968 μᾶλλον
1332 900 1646 968 ἀντιστῆναι
1692 899 1958 964 θέλοντες,

384 993 482 1047 καὶ
511 993 647 1060 πρὸς
679 989 770 1042 τὸν
801 990 1130 1060 Βαλαμήρου
1158 988 1359 1054 εὐθέως
1387 990 1732 1056 ἐπέστελλεν,
1766 991 1842 1054 ὡς
1863 990 1962 1044 τά-

382 1101 481 1154 χος
515 1082 851 1150 ἐπείγεσθαι.
895 1081 953 1134 ’0
989 1080 1045 1134 δέ
1093 1079 1156 1133 τὸ
1199 1081 1292 1134 τοῦ
1343 1081 1686 1152 Σιδιμούνδου
1727 1083 1962 1157 ἐπέμενε

380 1175 636 1244 δήλωμα,
669 1172 762 1226 καὶ
787 1172 885 1242 τὴν
905 1171 1074 1225 αὑτοῦ
1105 1171 1341 1244 ἀδελφὴν
1381 1172 1524 1244 νόσῳ
1564 1173 1959 1243 κατεχομένην,

381 1264 448 1329 ἐξ
475 1261 545 1335 ἦς
569 1263 906 1334 ἐτελεύτησε.
935 1265 1183 1332 Φανερᾶιν
1208 1265 1389 1333 μέντοι
1419 1265 1518 1332 τῆς
1545 1265 1810 1332 καθέδρας
1832 1264 1965 1334 πρό-

382 1371 555 1423 φασιν
586 1353 822 1404 ἐποιεῖτο
869 1350 968 1416 τὴν
1015 1351 1110 1403 τοῦ
1163 1351 1498 1420 πρεσϐευτοῦ
1529 1351 1682 1421 παρὰ
1714 1352 1964 1419 Ζήνωνος

383 1444 570 1516 ἄφιξιν
603 1444 699 1498 καὶ
743 1443 806 1495 τὸ
851 1442 1138 1512 βούλεσθαι
1192 1442 1384 1512 μαθεῖν
1415 1443 1563 1504 ὅπως
1614 1441 1752 1511 πρὸς
1801 1442 1963 1494 αὑτὸν

385 1538 501 1608 ἔχει
531 1537 600 1590 τὰ
627 1539 690 1589 ἐκ
720 1534 814 1588 τοῦ
848 1534 1134 1605 βασιλέως.
1179 1535 1335 1587 Ἐπεὶ
1369 1534 1426 1588 δέ
1457 1535 1556 1605 τὴν
1597 1533 1833 1604 ἀδελφὴν
1866 1535 1963 1604 μὲν

387 1627 764 1683 ἀποθανοῦσαν
793 1625 1011 1696 ἔθαψεν,
1038 1626 1108 1679 τὰ
1128 1625 1183 1678 δὲ
1217 1627 1367 1696 παρὰ
1400 1625 1746 1697 Σιδιμούνδου
1786 1627 1963 1696 ἀπήν-

390 1737 516 1790 τησε
544 1717 835 1790 καλοῦντα,
865 1718 1001 1789 πρὸς
1031 1716 1157 1781 τοὺς
1201 1715 1608 1786 Ἡρακλειώτας
1633 1717 1964 1780 ἐκλιπόντας

393 1781 491 1882 μέν
514 1812 610 1882 τὴν
630 1786 807 1875 πόλιν,
823 1781 886 1872 ἐς
910 1781 1174 1880 φρούριον
1197 1809 1253 1863 δέ
1270 1781 1498 1880 -ῑσχυρδν
1514 1809 1962 1879 ἀναηευασαμὲ-
1995 1781 2040 1838 Β

385 1918 533 1966 νους,
551 1902 774 1972 πέμψας
797 1899 999 1970 ἀπῄτει
1031 1902 1178 1954 σϊτον
1198 1901 1368 1954 πολύν
1384 1901 1610 1954 τινακαὶ
1633 1897 1798 1966 οἶνον,
1813 1901 1962 1964 ὅπως

384 1995 466 2065 τῷ
482 1994 698 2074 στρατῷ
714 1995 827 2066 ἔχοι
845 1992 1021 2046 ἀπιὼν
1044 1993 1251 2064 ἐφόδια.
1273 1993 1337 2046 Oi
1353 1992 1408 2046 δὲ
1421 1993 1572 2046 οὐδὲν
1589 1991 1798 2061 ἔφασαν
1811 1991 1962 2064 αὐτῷ

383 2086 744 2141 δύνασθαι....
780 2087 838 2139 ἐν
889 2085 1185 2149 τοσαύταις
1235 2084 1472 2156 ἡμέραις
1519 2083 1806 2152 λέγοντες,
1837 2084 1962 2137 ὅσον

382 2176 536 2250 εἶχον
571 2178 660 2231 ἐπὶ
689 2163 931 2249 φρουρίῳ
979 2194 1041 2246 γε
1103 2177 1285 2248 μικρῷ
1326 2176 1750 2247 δεδαπανῆσθαι.
1792 2176 1851 2229 '0
1904 2175 1963 2229 δὲ

381 2271 524 2340 πρὸς
556 2270 726 2340 ὀργὴν
752 2269 822 2322 τὰ
850 2268 1080 2322 πλεῖστα.
1113 2269 1214 2339 τῆς
1264 2268 1474 2332 πόλεως
1519 2269 1833 2338 ἐμπρήσας,
1867 2269 1962 2321 ἀν-

379 2361 530 2432 δρῶν
577 2359 743 2432 οὔσης
772 2354 1007 2430 ἐρήμου,
1037 2359 1199 2422 εὐθὺς
1243 2359 1633 2412 ἀπανίσταται.
1667 2359 1776 2411 Καὶ
1821 2357 1964 2412 κατὰ

379 2451 486 2522 τὴν
544 2450 762 2504 δύσοδον
823 2450 919 2504 καὶ
974 2439 1172 2519 στενὴν
1224 2449 1342 2502 ὁδὸν
1371 2450 1469 2519 τὴν
1507 2449 1670 2502 snt"
1694 2448 1792 2518 τὴν
1835 2447 1962 2501 νέαν

378 2541 690 2612 λεγομένην
719 2542 988 2612 Ἤπειρον
1027 2541 1350 2609 ἀπάγουσαν
1397 2540 1707 2610 ἀναστήσας
1737 2538 1962 2610 ἧλαυνε,

380 2637 480 2687 καὶ
528 2633 846 2701 προπέμπει
891 2633 1018 2695 τοὺς
1068 2633 1254 2694 ἱππεῖς
1310 2632 1380 2685 τὰ
1434 2631 1580 2701 ἄκρα
1623 2633 1692 2702 τῇ
1731 2631 1965 2701 στρατιᾷ

379 2727 1009 2799 προκαταληψομένους,
1057 2726 1151 2779 καὶ
1201 2726 1307 2788 ἐως
1357 2725 1669 2779 ἀνέλπιστοι
1702 2726 1808 2778 εἱσι
1840 2723 1963 2777 κατ’

381 2826 570 2877 ἐκεῖνα
586 2823 631 2855 ³⁸
668 2824 961 2893 χωρήσειν,
997 2821 1058 2886 ἐξ
1088 2820 1278 2890 ἐφόδου
1308 2821 1512 2891 ἁθρόας
1560 2818 1964 2891 ἐκκρούσοντας

380 2917 486 2986 τὴν
517 2915 786 2984 φυλακὴν,
814 2915 935 2984 ἥτις
961 2909 1030 2984 ἦν
1054 2913 1265 2967 αὐτόθι.
1298 2915 1362 2966 Οἱ
1391 2913 1446 2966 δὲ
1486 2911 1563 2976 ὡς
1590 2911 1885 2981 ἀνέϐησαν,
1913 2911 1962 2963 οἱ

381 3009 480 3061 ἐπὶ
535 3007 616 3078 τῷ
680 2989 964 3076 τειχίῳ’³’
1023 3003 1387 3076 φρουροῦντες
1420 3003 1750 3074 στρατιῶται
1807 3002 1962 3056 τότε

382 3098 593 3170 πλῆθος
643 3098 840 3160 ίδὸντες
889 3098 983 3150 καὶ
1016 3096 1150 3168 πρὸς
1182 3095 1241 3150 τὸ
1280 3094 1544 3164 αἰφνίδιον
1578 3094 1758 3149 αὐτῶν
1787 3111 1962 3148 κατα·
1992 3127 2038 3188 c

381 3191 692 3259 πλαγέντες
709 3188 832 3242 οὔτε
857 3189 914 3252 ἐς
934 3187 1106 3259 ἀλκὴν
1124 3188 1192 3220 ³ν
1211 3187 1290 3240 ἔτι
1305 3187 1613 3258 τραπέσθαι
1635 3187 1962 3257 ὑπέμειναν,

379 3282 508 3337 οὔτε
555 3269 816 3352 λογισμὸν
863 3280 1022 3351 ἔσχον
1082 3278 1383 3345 ἁποζεῦξαι
1428 3278 1490 3332 τὸ
1539 3278 1816 3348 τείχισμα,
1849 3276 1965 3331 ἀλλ’

381 3374 656 3446 ὥρμησαν
690 3372 941 3442 φεύγειν,
976 3369 1084 3424 ὑπὸ
1133 3371 1231 3438 τῆς
1284 3369 1600 3440 ἐκπλήξεως
1644 3358 1965 3438 ἀπερίοπτοι

380 3467 607 3521 πάντων
660 3463 770 3518 τῶν
827 3466 906 3527 εἰς
955 3463 1047 3518 τὸν
1093 3463 1216 3516 τότε
1255 3463 1448 3530 καιρὸν
1485 3461 1764 3531 ὠφελῆσαι
1801 3460 1964 3514 δυνα-

387 3559 586 3629 μένων.
620 3557 684 3610 υἰ
724 3555 780 3610 δέ
828 3556 969 3610 κατὰ
1026 3553 1227 3624 πολλὴν
1251 3553 1298 3586 ’⁵⁸
1351 3551 1589 3623 ἐρημίαν
1650 3551 1967 3623 προσιόντες

384 3645 649 3718 ἐχώρουν,
705 3646 796 3699 ἐπὶ¹
845 3643 938 3698 τοῦ
997 3644 1270 3713 στόματος
1324 3643 1486 3706 αὐτὸς
1537 3643 1565 3695 ὁ
1619 3641 1963 3711 Θευδέριχος,

385 3741 519 3802 Σάας
544 3739 601 3791 δέ
621 3741 650 3792 ὁ
676 3738 932 3807 μέγιστος
960 3735 1070 3790 τῶν
1119 3735 1212 3789 ὑπ’
1244 3734 1408 3789 αὐτὸν
1458 3732 1781 3805 στρατηγῶν
1824 3725 1964 3785 κατὰ

389 3832 449 3884 τὸ
477 3831 638 3901 μέσον
671 3827 808 3899 εἶχε,
843 3827 1234 3898 Θευδιμοῦνδος
1263 3826 1318 3879 δέ
1360 3828 1388 3879 ὁ
1430 3825 1617 3896 ἔτερος
1644 3824 1754 3876 τῶν
1785 3823 1964 3876 Βαλα-

397 3924 565 3993 μήρου
616 3921 824 3976 παίδων
875 3922 968 3974 ἐπὶ
1026 3921 1125 3990 τῆς
1175 3917 1462 3990 οὐραγίας.
1499 3915 1819 3987 Θευδέριχος
1865 3915 1966 3986 μὲν

387 4015 478 4071 οὖν
509 4012 865 4086 προκαταϐὰς
891 4013 987 4068 καὶ
1028 4012 1267 4082 θαρσῶν,
1315 4012 1390 4073 ὡς
1444 4010 1618 4074 οὐδεὶς
1664 4006 1732 4081 ἦν
1778 4011 1965 4073 αὐτοῖς

384 4111 746 4179 ἐφεπόμενος,
808 4109 922 4171 τοῖς
979 4106 1075 4160 ἐπὶ
1129 4103 1238 4158 τῶν
1270 4103 1498 4172 ἁμαξῶν
1523 4105 1619 4156 καί
1646 4103 1759 4167 τοῖς
1785 4101 1964 4166 ἄλλοις

386 4199 740 4267 σκευοφόροις
788 4191 1326 4266 εἷπενηπροχωρεῖν·
1378 4194 1542 4256 αὐτὸς
1590 4193 1646 4246 δέ
1705 4192 1964 4260 ἠπείγετο

385 4292 592 4363 φθάσαι
617 4287 1050 4362 προκαταλαϐὼν
1071 4290 1138 4360 ἢν
1165 4287 1231 4341 ἂν
1251 4286 1465 4340 δύναιτο
1491 4286 1667 4340 πόλιν.
1694 4284 1807 4337 Καὶ
1826 4283 1963 4354 πρὸς

387 4386 488 4458 μὲν
518 4385 618 4456 τὴν
651 4381 926 4452 Δυχνηδὸν
955 4380 1200 4434 ἐπελθὼν
1225 4376 1600 4450 ἀπεκρούσθη,
1637 4376 1729 4430 ἐπὶ
1761 4375 1960 4448 ὀχυροῦ

2067 551 2177 596 tum
2205 543 2310 598 duo
2338 542 2526 608 millia,
2555 543 2645 612 qui
2675 541 2897 628 Barbari
2921 541 3152 612 primum
3179 541 3438 610 impetum
3465 542 3639 612 repel.

2063 633 2172 688 lere
2201 633 2517 703 potuissent.
2549 633 2656 704 ει
2697 631 2791 687 llis
2822 646 3041 702 quoque
3078 630 3302 685 multum
3328 632 3555 688 dicendo
3580 641 3637 688 et

2047 713 2328 781 terrorem
2363 727 2654 795 injicienda
2672 734 2725 780 et
2745 724 2986 794 quOtidie
3011 739 3181 780 novos
3212 738 3459 778 rumores
3487 739 3637 792 Spar-

2063 819 2237 888 geudo
2272 819 2578 888 persuasit,
2627 825 2686 871 ut
2728 817 2915 870 urbem
2961 815 3315 885 Epidamnum
3367 815 3636 869 desertam

2063 909 2450 979 relinquerent.
2479 909 2670 963 Aiebat
2717 907 2884 972 enim,
2923 922 3042 972 eos,
3088 905 3132 961 si
3176 905 3427 959 resistere
3475 904 3638 959 aude-

2062 1011 2203 1067 rent,
2229 1003 2402 1071 magis
2427 1000 2771 1070 imperatoris
2795 997 3059 1054 voluntati
3088 997 3490 1051 adversatttros.
3513 995 3637 1051 Mox

2048 1082 2172 1165 quo
2195 1093 2427 1148 celerius
2448 1090 2854 1146 Theuderichus
2881 1090 3186 1152 accederet,
3217 1087 3282 1140 ad
3308 1100 3429 1140 eum
3458 1087 3636 1143 misit:

2066 1183 2112 1237 is
2143 1183 2286 1237 circa
2337 1180 2653 1236 Heracleam
2695 1180 3036 1242 consederat,
3070 1188 3122 1232 et
3153 1176 3282 1242 quid
3319 1177 3419 1230 sibi
3465 1176 3640 1231 nuntii

2065 1287 2095 1327 a
2138 1271 2456 1327 Sitlimundo
2493 1271 2734 1335 veniret,
2767 1281 2821 1326 et
2864 1281 3084 1341 propter
3115 1269 3364 1323 morbum
3411 1269 3636 1330 sororis,

2065 1378 2184 1433 ῳιιε
2227 1361 2384 1433 paulo
2428 1373 2545 1432 post
2582 1362 2839 1424 decessit,
2885 1361 3255 1430 exspectabat.
3289 1358 3413 1414 Suae
3459 1367 3637 1412 autem

2067 1469 2229 1508 morae
2261 1469 2478 1508 causam
2514 1454 2685 1521 palam
2714 1453 2950 1521 legatum
2993 1465 3114 1506 esse
3159 1450 3451 1515 simulavit,
3478 1463 3639 1518 quem

2067 1541 2133 1593 ad
2164 1555 2284 1594 eum
2313 1539 2460 1594 Zeno
2484 1542 2728 1602 miserat,
2764 1541 2887 1610 quia
2923 1556 2989 1596 ex
3017 1554 3102 1602 eo,
3139 1553 3247 1608 quo
3279 1539 3459 1593 animo
3494 1540 3546 1592 in
3581 1553 3643 1595 se

2066 1640 2211 1685 esset
2245 1631 2559 1700 imperator,
2583 1631 2880 1699 intelligere
2904 1637 3146 1700 cuperet.
3174 1625 3284 1683 Nec
3303 1629 3470 1683 multo
3496 1637 3638 1698 post,

2068 1737 2188 1776 cum
2226 1736 2466 1777 sororem
2502 1737 2654 1775 suam
2689 1731 2956 1775 mortuam
2989 1720 3227 1783 etl'erret,
3260 1736 3287 1772 a
3321 1719 3643 1774 Sidimundo

2071 1815 2290 1870 nuntius
2316 1802 2572 1880 Occurrit,
2596 1813 2688 1883 qui
2717 1829 2838 1868 eum
2869 1821 3192 1867 arcesseret.
3215 1811 3348 1865 Tum
3377 1812 3443 1864 ad
3472 1811 3645 1865 Hera-

2071 1906 2292 1971 cleotas,
2328 1906 2417 1976 qui
2455 1906 2639 1961 urbem
2673 1904 3005 1974 reliquerant
3032 1914 3086 1959 et
3127 1919 3186 1959 se
3224 1902 3277 1957 in
3315 1916 3493 1957 arcem
3526 1917 3644 1955 mtt-

2069 1999 2396 2055 nitissimam
2426 2005 2764 2068 receperant,
2795 1997 2941 2050 misit
2978 1997 3067 2066 qui
3100 2004 3344 2064 peterent
3390 2008 3640 2064 magnam

2070 2091 2326 2146 frumenti
2361 2090 2468 2143 vim
2507 2099 2560 2144 et
2587 2089 2720 2153 vini,
2753 2099 2810 2140 ιιι
2855 2089 3142 2142 discedens
3173 2087 3458 2152 viaticum,
3499 2073 3653 2155 quod

2070 2182 2264 2237 alendo
2295 2179 2554 2235 exercitui
2603 2177 2905 2242 subiceret,
2951 2179 3197 2232 haberet.
3231 2176 3306 2230 Illi
3344 2186 3521 2231 autem
3559 2191 3645 2231 re-

2070 2273 2424 2342 sponderunt,
2469 2270 2600 2325 nihil
2646 2271 2748 2324 sibi
2793 2280 2999 2324 restare
3047 2279 3464 2333 commeatuum,
3507 2283 3644 2338 quos

2070 2363 2252 2433 largiri
2283 2349 2530 2432 possent,
2550 2361 2748 2415 etenim
2773 2376 2908 2430 quos
2935 2360 3253 2414 habuissent
3278 2369 3356 2414 tot
3385 2361 3571 2415 diebus
3589 2360 3642 2414 iu

2074 2470 2243 2526 parvo
2271 2453 2496 2508 castello
2529 2453 2955 2521 consumpsisse.
2988 2449 3080 2505 Ille
3113 2451 3192 2504 ira
3218 2451 3445 2517 exarsit,
3471 2461 3523 2505 et
3552 2467 3646 2505 ur-

2070 2547 2153 2602 bis
2175 2588 2188 2611 ,
2220 2561 2339 2616 qua:
2370 2547 2437 2600 ab
2470 2545 2778 2600 hominibus
2833 2559 2998 2597 vacua
3047 2551 3202 2606 erat,
3245 2543 3644 2614 quamplurima

2071 2640 2184 2693 loca
2215 2637 2474 2703 incendit,
2502 2647 2556 2691 et
2586 2637 2868 2691 confestim
2917 2635 3078 2691 motis
3117 2635 3330 2701 castris,
3359 2634 3441 2687 via
3477 2635 3642 2688 ardua

2070 2740 2122 2784 et
2146 2740 2531 2800 angusta,qua
2563 2730 2627 2784 ad
2653 2745 2843 2782 novatn
2866 2727 3084 2797 Epirum
3115 2727 3364 2792 ducebat,
3383 2728 3642 2794 perrexit.

2071 2822 2208 2878 Tum
2243 2823 2452 2892 equites
2482 2821 2778 2890 praemittit,
2813 2823 2900 2890 qui
2932 2821 3059 2890 iuga
3089 2823 3349 2876 montium
3381 2821 3529 2888 prius
3551 2835 3646 2874 oc-

2070 2903 2356 2982 cuparent,
2398 2921 2476 2975 ut,
2521 2925 2643 2965 cum
2677 2925 2834 2965 nemo
2873 2911 3136 2980 suspicari
3182 2920 3397 2980 posset,
3427 2926 3521 2966 eos
3551 2925 3648 2980 per

2070 3017 2132 3058 ea
2156 3004 2270 3059 loca
2293 3014 2697 3072 progressuros,
2721 3002 2993 3071 praesidia,
3019 3003 3062 3056 si
3089 3018 3191 3072 qua
3215 3010 3420 3068 essent,
3446 3002 3649 3070 impetu

2071 3095 2363 3163 derepente
2388 3093 2528 3149 facto
2562 3094 2913 3164 depellerent.
2940 3093 3040 3161 Qui
3074 3109 3171 3163 pro
3201 3095 3471 3150 mtenibus
3496 3093 3648 3150 urbis

2070 3186 2319 3257 praesidia
2367 3187 2618 3255 agebant,
2669 3196 2728 3239 ut
2786 3185 3188 3240 multitudinem
3239 3185 3473 3240 hostium
3518 3200 3650 3241 con-

2069 3287 2404 3348 spexerunt,
2445 3279 2623 3333 subito
2653 3293 2782 3332 casu
2817 3268 3112 3349 perterriti,
3163 3293 3338 3345 neque
3388 3278 3648 3333 resistere

2069 3371 2186 3425 ausi
2233 3380 2382 3434 sunt,
2427 3383 2603 3439 neque
2642 3368 2749 3424 illis
2785 3377 2990 3423 tantum
3039 3369 3206 3423 animi
3253 3377 3308 3422 et
3351 3369 3649 3436 prudentiae

2069 3461 2195 3529 fuit,
2231 3471 2288 3514 ut
2322 3461 2788 3530 propugnaculum
2833 3460 3204 3524 occluderent,
3241 3461 3335 3514 sed
3385 3460 3436 3514 in
3469 3459 3645 3528 fugam

2067 3553 2316 3609 conversi
2349 3567 2460 3622 pra:
2485 3565 2682 3621 pavore
2711 3551 2865 3618 nihil,
2896 3551 3038 3621 quod
3073 3550 3177 3604 illis
3205 3551 3337 3605 utile
3365 3559 3529 3614 esset,
3561 3559 3648 3606 at-

2071 3638 2380 3700 tenderunt.
2414 3642 2610 3697 Hostes
2655 3652 2834 3696 autem
2862 3657 2958 3710 per
2992 3643 3107 3696 loca
3139 3641 3448 3697 hominibus
3480 3657 3647 3696 vacua

2055 3739 2120 3788 ‘et
2151 3737 2363 3787 deserta
2386 3733 2885 3802 progrediebantur.
2911 3731 3320 3788 Theutlerichus
3345 3743 3464 3787 erat
3500 3735 3646 3788 inter

2067 3828 2292 3898 primos,
2326 3824 2462 3880 Soas
2498 3840 2527 3878 a
2570 3821 2950 3880 Tlteudericho
2978 3822 3270 3879 secundum
3317 3823 3366 3877 in
3403 3823 3648 3878 exercitu

2066 3919 2289 3989 gradum
2327 3919 2566 3983 tenebat,
2595 3925 2651 3971 et
2687 3915 2928 3970 medium
2967 3929 3157 3986 agmen
3186 3916 3437 3982 ducebat,
3468 3914 3650 3971 Theu-

2066 4009 2412 4076 demundus,
2463 4009 2602 4063 alter
2656 4024 2721 4064 ex
2782 4005 3042 4063 Valamiri
3104 4008 3265 4074 ﬁliis,
3321 4019 3644 4064 extremum.

2065 4103 2473 4159 Tlrettdericlms
2491 4102 2644 4158 valde
2664 4103 2835 4156 audax
2864 4113 2918 4157 et
2940 4101 3237 4167 conlidens,
3265 4111 3322 4157 ut
3353 4102 3646 4164 neminem,

2067 4195 2156 4264 qui
2188 4194 2292 4250 sibi
2323 4195 2626 4255 resisteret,
2659 4193 2875 4249 obviam
2907 4193 3021 4248 ﬁeri
3058 4194 3210 4260 vidit,
3237 4207 3350 4260 eos,
3379 4193 3470 4260 qui
3505 4193 3646 4262 apud

2065 4301 2256 4342 Currus
2285 4297 2334 4343 et
2364 4299 2559 4342 caetera
2588 4284 2970 4353 impedimenta
3001 4267 3176 4348 erant,
3209 4270 3502 4353 procedere
3533 4284 3649 4352 jus-

2065 4379 2158 4434 sit.
2178 4378 2294 4445 ipse
2324 4379 2573 4448 prteibat,
2602 4385 2660 4429 ut
2686 4390 3062 4445 quamcunque
3089 4385 3270 4445 posset
3293 4377 3478 4431 urbem
3505 4392 3646 4446 prae-

383 4479 645 4547 κειμένην
689 4476 785 4530 καὶ
835 4473 1029 4544 πηγῶν
1057 4472 1203 4526 ἔνδον
1231 4471 1437 4542 πλήρη,
1472 4472 1568 4524 καὶ
1611 4470 1760 4523 σίτου
1826 4485 1966 4539 προ-

2077 4471 2339 4527 veniendo
2373 4481 2610 4540 caperet.
2650 4469 2728 4524 Ad
2763 4467 3101 4538 Lychnidum
3150 4469 3414 4523 accedens
3442 4480 3526 4524 est
3561 4485 3648 4524 re-

382 4570 595 4632 ενόντος
614 4568 680 4623 ⁸³.
729 4568 995 4635 Ἀναξτὰς
1027 4566 1084 4620 δέ
1122 4563 1331 4619 ἐκεῖθεν
1359 4566 1458 4635 τήν
1510 4579 1569 4616 τε
1604 4559 1898 4632 Σκαμπίαν
1917 4559 1962 4594 δ’

905 4676 1013 4730 ρων
1035 4656 1206 4728 αὐτὴν
1231 4655 1401 4710 πάλαι
1437 4653 1849 4720 ἐκλελοιπότων,
1868 4650 1966 4705 καὶ

381 4753 443 4820 ἐξ
473 4753 642 4826 αὐτῆς
676 4753 922 4824 ὁρμήσας
948 4748 1276 4819 Ἐπίδαμνον
1301 4745 1589 4816 λαμϐάνει.

449 5016 808 5088 Ἀδαμάντιος
842 5016 898 5070 δέ
933 5013 1108 5070 ταῦτα
1141 5011 1450 5083 πυθόμενος
1499 5011 1959 5083 προπέμπειτῶν

379 5111 595 5166 ιππέων
635 5109 743 5162 τῶν
793 5109 1082 5180 βασιλείων
1114 5107 1256 5171 τινὰ,
1285 5105 1378 5168 οὒς
1409 5103 1834 5177 μαγιστριανοῦς
1861 5121 1961 5155 κα-

2069 4563 2276 4632 pulsus.
2313 4561 2440 4616 Erat
2466 4561 2608 4616 enim
2647 4559 2848 4616 diﬁlcili
2896 4559 3014 4614 loco
3041 4559 3145 4613 sita
3179 4566 3232 4613 et
3261 4559 3488 4615 fontium
3525 4576 3649 4617 sea-

2071 4652 2303 4720 turigine
2327 4649 2503 4718 plena,
2532 4659 2586 4703 et
2623 4657 2884 4702 convecto
2910 4647 3063 4716 prius
3095 4647 3367 4703 frumento
3397 4650 3645 4705 abunda-

2071 4741 2183 4796 bat.
2221 4740 2358 4795 Hinc
2381 4754 2626 4804 movens,
2659 4739 2989 4808 Scampiam,
3024 4753 3184 4806 quam
3209 4739 3526 4808 jamdudum
3566 4741 3649 4795 in-

2056 4833 2187 4887 colae
2219 4833 2580 4902 reliquerant,
2607 4831 2797 4894 diruit,
2829 4840 2884 4885 et
2909 4831 3033 4886 inde
3079 4846 3402 4902 progressus
3443 4831 3646 4901 impetu

2058 4924 2203 4979 facto
2231 4923 2584 5001 Epidamnum
2620 4933 2871 4992 occupat.

2131 5017 2243 5088 82
2269 5015 2424 5082 QUOd
2455 5015 2544 5070 ubi
2577 5016 2826 5086 cognovit
2870 5014 3248 5080 Adamantius,
3282 5016 3446 5071 mittit
3477 5031 3641 5069 unum

2065 5123 2131 5162 ex
2172 5108 2446 5177 equitibus
2501 5107 2871 5178 imperatoris,
2897 5108 2987 5178 qui
3017 5124 3140 5164 cum
3175 5123 3238 5164 eo
3257 5107 3644 5179 expostularet,

372 5201 552 5268 λοῦσι,
589 5200 940 5272 μεμφόμενός
991 5217 1050 5253 τε
1107 5197 1258 5269 αὐτῷ
1315 5195 1466 5266 παρὰ
1508 5195 1606 5266 τὴν
1663 5195 1958 5264 ὑπόσχεσιν

2066 5199 2205 5266 (ιιιοά
2239 5209 2425 5254 contra
2463 5199 2536 5262 id,
2577 5198 2719 5268 quod
2753 5199 2917 5253 missa
2971 5197 3237 5268 legatione
3293 5198 3645 5267 promiserat,

375 5295 478 5362 τῆς
526 5293 820 5364 πρεσϐείας
870 5291 1131 5357 ποιοῦντι,
1181 5289 1276 5344 καὶ
1326 5286 1563 5342 κελεύων
1601 5288 1827 5356 ἠρεμεῖν
1859 5285 1954 5339 καὶ

2066 5290 2289 5353 laceret.
2318 5301 2373 5345 et
2395 5291 2612 5362 juberet
2639 5291 2706 5345 ab
2734 5291 2952 5362 incepto
2979 5292 3238 5348 desistere
3274 5304 3447 5360 neque
3482 5303 3647 5345 naves

369 5387 520 5457 μήτε
544 5385 704 5439 πλοῖα
738 5383 946 5450 λαϐεῖν,
972 5382 1098 5455 μήτ’
1114 5381 1243 5438 ἄλλο
1262 5397 1314 5434 τι
1339 5379 1450 5433 τῶν
1478 5378 1765 5432 παρόντων
1792 5379 1954 5432 πλέον

2066 5396 2297 5448 Sumere,
2325 5391 2417 5436 aut
2439 5382 2731 5454 quidquam
2754 5384 2897 5440 aliud
2923 5398 3183 5439 novarum
3215 5397 3392 5436 rerum
3411 5387 3646 5444 tentare,

1687 5494 1922 5552 VARIA'J
1958 5498 2359 5556 LECTIONES.

449 5596 495 5627 "
521 5612 712 5666 στρατ.
747 5593 924 5662 λέγων
945 5595 1054 5656 τοῖς
1094 5592 1237 5662 conj.
1276 5591 1342 5647 Ν.
1420 5593 1463 5626 ⁸⁷
1501 5592 1594 5645 ἐπὶ
1629 5590 1716 5655 Ν.,
1765 5591 1870 5644 ὑπὸ
1904 5593 2050 5664 vulg.
2132 5594 2176 5627 ³⁸
2205 5595 2387 5647 ἐκεῖνα
2411 5594 2514 5649 vel.
2550 5594 2775 5648 ἐκείνων
2809 5594 2898 5656 Ν..
2932 5592 3127 5665 ἐκείνῳ
3167 5591 3316 5661 vulg.
3388 5589 3432 5623 ³⁹
3458 5589 3646 5714 conﬁt.)

453 5664 526 5714 In.
647 5665 715 5696 δ”
743 5665 918 5714 ἀλκὴν
969 5663 1061 5714 Ν..
1098 5665 1266 5714 αλλτλν
1318 5665 1463 5714 ulla.
1573 5664 1615 5694 ³ο
1648 5661 1848 5714 πολλὴν
1887 5662 2025 5714 Vn|..
2061 5663 2196 5714 πολὺ
2226 5665 2368 5714 vulg.
2444 5665 2487 5697 "
2523 5668 2790 5714 παρήντοε
2829 5665 2972 5714 coni.
3005 5663 3069 5714 ll.
3163 5660 3210 5694 “
3233 5657 3520 5714 Σκαμπξαν
3581 5657 3640 5714 ’..

379 5664 526 5737 vulg.
548 5734 559 5749 '
590 5657 602 5666 ’
647 5657 918 5786 ³⁹⁶Ιὰλκὴν
969 5663 1062 5732 Ν.,
1098 5657 1266 5735 ἄλλην
1318 5665 1463 5734 vulg.
1573 5664 1615 5694 ³ο
1648 5661 1848 5733 πολλὴν
1887 5657 2026 5728 νιιιᾷ
2061 5663 2196 5718 πολὺ
2226 5665 2368 5734 vulg.
2444 5665 2487 5697 "
2523 5668 2790 5736 παρόντος
2829 5665 2972 5719 coni.
3005 5663 3069 5718 ll.
3099 5657 3110 5665 ’
3163 5660 3210 5694 ⁵³
3233 5657 3520 5731 Σκαμπίαν
3549 5657 3640 5728 NI,

387 5751 626 5786 καοπιαν
653 5750 722 5786 vu
747 5751 799 5786 az.

387 5751 626 5808 καρπιαν
653 5750 799 5805 vulg.
