4076 6422
316 293 426 356 765

1086 293 1185 352 DE
1226 293 1800 356 LEGATIONIBUS
1845 296 2476 360 ROMANORUMAD
2517 300 2836 362 GENTES.

3474 304 3581 368 78-6

315 371 684 475 ,Ἀδαμῶιτιος
735 402 795 456 δὲ
850 400 1036 470 κύκλῳ
1087 403 1221 473 περὶ
1275 404 1317 436 ⁵¹
1357 403 1448 456 τὸν
1501 403 1664 473 λόφον
1731 406 1898 471 τάξας

2006 421 2032 461 a
2067 420 2216 478 tergo
2246 419 2443 463 cmtero
2474 407 2776 472 excercitu,
2831 421 2952 462 cum
2993 411 3180 477 paucis
3205 412 3476 481 equitibus
3510 419 3577 470 ad

245 489 267 518 ’
313 491 682 566 στρατιώτας,
731 493 882 555 ὅπως
919 492 994 563 μὴ
1020 492 1296 556 κύκλωσις
1325 496 1457 564 παρ’
1493 496 1703 549 ἐκείνου
1729 497 1892 567 γένη-

312 604 428 649 ται,
482 583 838 646 ὑποκαταϐὰς
875 585 956 646 είς
985 583 1213 652 πέτραν,
1265 584 1362 654 ἀφ’
1392 579 1462 656 ἧς
1488 581 1558 656 ἦν
1600 587 1886 654 ἀκουστὸν,

313 678 412 732 καὶ
453 676 719 738 κελεύσας
748 674 986 744 κάκείνῳ
1037 674 1163 739 τοὺς
1195 675 1390 740 ἄλλους
1419 677 1766 748 ἀποπέμψαι,
1796 679 1895 749 μόο

312 787 404 832 νος
465 766 740 835 διελέγετο
782 767 950 838 μόνῳ.
1007 765 1119 820 Καὶ
1167 767 1445 831 καταστὰς
1489 770 1518 822 ὁ
1579 770 1898 840 Θευδέριχος

313 858 615 929 κατηγόρει
657 857 963 926 Ῥωμαίων,
995 858 1070 920 ὡς
1098 857 1294 924 ἐδόκει,
1326 857 1534 923 δίκαια,
1567 857 1764 928 λέγων,
1810 861 1893 914 ὅτι

320 970 338 1003 ι
381 948 525 1018 Ἐγὼ
565 948 663 1020 μὲν
693 948 800 1014 ἔξω
829 950 930 1020 τῆς
963 948 1092 1019 ὅλης
1139 949 1363 1022 Θρᾴκης
1402 949 1701 1021 διατρίϐειν
1735 949 1902 1022 ᾑρού-

313 1057 451 1110 μην,
514 1039 704 1109 πόρρω
743 1037 881 1111 πρὸς
931 1037 1030 1109 τὴν
1062 1037 1321 1103 Σκυθίαν,
1356 1040 1491 1094 ὅπου
1541 1040 1722 1112 μένων
1761 1039 1888 1095 οὔτε

311 1130 555 1200 ἐνοχλεῖν
603 1129 854 1200 ἐνόμιζον
890 1129 1102 1196 οὐδένα,
1153 1131 1387 1200 ἑτοίμως
1430 1131 1486 1185 δέ
1535 1132 1746 1201 βασιλεῖ
1798 1133 1902 1186 fm-

311 1221 646 1280 ακούσεσθαι
668 1220 920 1276 ἐντεῦθεν
944 1223 1002 1286 ἐς
1045 1221 1076 1276 ὅ
1107 1239 1160 1274 τι
1189 1224 1562 1293 προστάξειεν.
1617 1224 1804 1292 Ὑμεῖς
1841 1225 1900 1279 δέ

312 1315 647 1378 καλέσαντες
669 1315 746 1378 ὡς
780 1315 877 1370 ἐπὶ
904 1314 996 1368 τὸν
1014 1315 1250 1387 πόλεμον
1269 1315 1362 1370 τὸν
1391 1316 1526 1387 πρὸς
1553 1317 1898 1388 Θευδέριχον,

313 1409 532 1481 πρῶτον
555 1407 656 1478 μὲν
685 1404 989 1477 ὑπέσχεσθε
1021 1405 1114 1460 τὸν
1173 1407 1276 1476 τῆς
1325 1406 1550 1478 Θρᾴκης
1589 1407 1897 1478 στρατηγδν

317 1501 462 1572 μετὰ
503 1501 605 1568 τῆς
627 1499 913 1571 δυνάμεως
942 1498 1106 1563 εύθύς
1147 1516 1237 1570 μοι
1264 1500 1622 1572 παρέσεσθαι,
1651 1499 1710 1563 ὃς
1747 1500 1904 1556 οὐδα-

317 1594 426 1661 μοῦ
468 1592 666 1662 ἐφάνη,
696 1590 892 1647 ἔπειτα
944 1592 1039 1646 καὶ
1072 1590 1340 1646 Κλαύδιον
1375 1592 1468 1646 τὸν
1517 1591 1614 1645 τοῦ
1643 1591 1902 1646 Γοτθικοῦ

319 1682 519 1754 ταμίαν
558 1681 660 1736 σὺν
709 1681 788 1752 τῷ
830 1681 1028 1754 ξενικῷ
1085 1683 1262 1753 ἥξειν,
1289 1683 1348 1737 ὃν
1397 1683 1521 1738 οὐδὲ
1548 1683 1709 1737 αὐτὸν
1738 1678 1900 1748 εἶδον,

325 1769 499 1838 τρίτον
539 1768 636 1826 καὶ
666 1769 942 1840 ἡγεμόνας
975 1770 1111 1826 ὁδῶν
1151 1789 1242 1844 μοι
1267 1771 1560 1840 δεδώκατε,
1588 1773 1638 1826 οἳ
1672 1773 1774 1838 τὰς
1799 1774 1893 1828 εὐ·
1925 1756 1974 1818 Β

323 1861 642 1934 πορωτέρας
678 1860 789 1922 τῶν
815 1860 953 1917 ὁδῶν
974 1862 1234 1928 ἐάσαντες
1263 1863 1364 1927 τὰς
1395 1865 1475 1926 είς
1502 1864 1629 1928 τοὺς
1677 1863 1903 1936 πολεμί-

317 1967 413 2016 ους
465 1950 740 2021 φερούσας
785 1952 1077 2022 ἀπήγαγον
1127 1952 1194 2007 δι’
1244 1953 1434 2024 ὀρθίας
1487 1955 1738 2026 ἀφαποῦ
1803 1957 1902 2011 καὶ⁸

318 2044 586 2112 κρημνῶν
640 2043 1031 2115 ἀμφιῤῥόπων,
1065 2045 1123 2098 ἐν
1152 2040 1234 2108 οἷς
1287 2045 1444 2116 παρὰ
1471 2048 1672 2118 μικρὸν
1712 2043 1900 2120 ἦλθον,

321 2134 424 2188 σὺν
458 2132 684 2188 ἱππεῦσί
722 2151 782 2188 τε
843 2133 938 2189 ίὼν
981 2135 1052 2201 ⁵⁸,
1079 2136 1156 2200 ὡς
1207 2137 1373 2205 είκδς,
1403 2139 1496 2192 καὶ
1534 2138 1774 2211 ἁμάξαις
1811 2141 1904 2194 καὶ

319 2225 697 2298 στρατοπέδων
727 2230 1070 2298 κατασκευῇ,
1100 2217 1445 2299 ἐπιθεμένων
1470 2232 1600 2302 ἡμῖν
1614 2231 1770 2300 ἄφνω
1794 2231 1904 2286 τῶν

317 2318 602 2388 πολεμίων
654 2318 772 2389 ἅμα
829 2318 906 2390 τῷ
964 2319 1087 2392 ἐμῷ
1135 2320 1330 2393 πλήθει
1393 2324 1560 2377 παντὶ
1608 2323 1904 2378 ἀπολέσθαι

317 2407 598 2476 καθάπαξ.
649 2409 916 2466 Ἐνταῦθα
961 2411 1269 2482 ἀναγκαίαν
1309 2413 1570 2486 ἐϐιάσθην
1628 2414 1904 2486 σύμϐασιν

319 2499 458 2573 πρὸς
482 2501 680 2572 αὐτοὺς
701 2503 1059 2574 ποιήσασθαι·
1087 2499 1169 2568 οἷς
1186 2505 1294 2576 χρὴ
1324 2505 1524 2577 πολλὴν
1543 2506 1707 2578 χάριν
1736 2507 1902 2578 ἔχειν,

317 2593 402 2646 ὃτι
428 2591 520 2660 ὑφ’
559 2592 715 2664 ὑμῶν
750 2593 1084 2666 προδοθέντα
1135 2595 1424 2668 δυνάμενοὶ
1452 2598 1547 2652 καὶ
1590 2598 1905 2670 διαφθεῖραι

315 2679 582 2735 διέσωσαν
607 2697 672 2750 γε
692 2682 864 2752 ὅμως.
903 2701 922 2735 ι
971 2684 1328 2753 Ἀδαμάντιος
1348 2686 1405 2739 δὲ
1430 2687 1538 2740 τῶν
1571 2703 1631 2741 τε
1671 2687 1765 2741 τοῦ
1799 2688 1899 2758 βα-

319 2771 511 2836 σιλέως
540 2773 716 2844 τιμῶν
741 2773 904 2830 αὐτὸν
935 2776 1312 2848 ἀνεμίμνησκε
1337 2817 1353 2844 ,
1392 2779 1488 2833 καὶ
1515 2780 1596 2833 ὅτι
1622 2779 1906 2852 πατρίκιον

318 2865 413 2919 καὶ
481 2868 788 2938 στρατηγὸν
838 2870 1093 2942 ποιήσας,
1127 2870 1164 2925 ἃ
1193 2873 1302 2935 τοῖς
1365 2873 1594 2926 πλεῖστα
1664 2873 1904 2944 καμοῦσι

317 2955 473 3029 παρὰ
523 2958 818 3029 Ῥωμαίοις
846 2959 984 3030 γέρα
1025 2961 1164 3026 ἐστὶ,
1196 2963 1292 3015 καὶ
1328 2963 1436 3016 τῶν
1471 2963 1646 3020 ἄλλων
1686 2964 1921 3036 δωρεῶν,

319 3049 414 3102 καὶ
452 3047 687 3104 πλούτου
727 3049 1048 3124 ἐνέπλησεν,
1074 3052 1190 3107 ἀνθ’
1223 3046 1298 3107 ὧν
1326 3053 1433 3107 ἔδει
1468 3055 1741 3127 μηδέποτε
1767 3057 1903 3129 πρὸς
1931 3101 1976 3160 c

323 3139 491 3193 αὐτὸν
553 3138 726 3204 ἄλλως
775 3141 823 3174 ⁸³
875 3160 993 3206 πως
1038 3144 1070 3215 ἢ
1126 3143 1265 3215 πρὸς
1309 3146 1524 3218 πατέρα
1569 3151 1790 3218 φρονεῖν
1839 3167 1903 3204 τε

319 3233 416 3287 καὶ
441 3232 799 3290 διατίθεσθαι.
843 3235 953 3289 Καὶ
980 3236 1050 3291 τὰ
1080 3237 1189 3291 τῶν
1214 3239 1346 3309 παρ’
1384 3240 1550 3294 αὐτοῦ
1593 3242 1910 3313 ἐγκλήσεων

317 3319 414 3396 (ἦν
466 3324 577 3395 γὰρ
606 3320 764 3396 οἶμαι
817 3327 1018 3398 ἀληθῆ)
1045 3328 1431 3400 διακρούεσθαι
1468 3333 1752 3403 ἐπειρᾶτο.
1797 3335 1909 3388 Καὶ

317 3415 404 3468 ὅτι
429 3415 530 3471 οὐκ
555 3416 765 3471 ἀνεκτὰ
792 3419 1068 3490 ποιήσειεν
1099 3421 1157 3473 ἐν
1205 3423 1504 3494 πρεσϐείας
1532 3423 1709 3480 ἐλπίδι
1739 3443 1910 3480 κατα·

318 3506 503 3561 λαϐὼν
571 3507 618 3540 ³⁵
668 3508 738 3562 τὰ
786 3509 1102 3580 Ῥωμαίων,
1157 3513 1207 3567 οἳ
1260 3513 1358 3570 καὶ
1400 3515 1910 3587 ἀποκεκλεισμένον

319 3597 380 3650 ἐν
415 3597 606 3672 Θρᾴκῃ
632 3597 850 3672 ἔχοντες
895 3600 1047 3670 ὄρεσι
1075 3602 1170 3656 καὶ⁹
1204 3607 1468 3673 ποταμοῖς
1499 3606 1594 3659 καὶ
1629 3607 1903 3680 περιϐολῇ

322 3692 720 3762 στρατοπέδων,
739 3693 892 3762 ὅμως
921 3693 1307 3766 συνεχώρησαν
1335 3696 1552 3761 ἑκόντες
1589 3697 1904 3770 διεξελθεῖν·

322 3783 386 3834 οὐ
416 3785 523 3853 γὰρ
549 3783 618 3838 ἂν
649 3784 728 3855 μὴ
757 3783 1098 3855 βουλομένων
1135 3788 1299 3842 αὑτὸν
1330 3789 1546 3843 ἐκεῖθεν
1592 3791 1906 3864 κινηθῆναι,

328 3874 448 3928 οὐδὲ
464 3876 512 3928 εί
536 3876 908 3933 δεκαπλασίαν
926 3872 1040 3949 εἷχε
1063 3877 1293 3950 δύναμιν
1323 3880 1423 3951 τῆς
1464 3881 1768 3954 παρούσης.
1796 3883 1916 3938 Νῦν

328 3982 389 4019 τε
446 3968 834 4040 συμϐουλεύειν
871 3971 1021 4042 αὐτῷ
1074 3972 1440 4045 μετριώτερον
1475 3975 1670 4029 ἑαυτὸν
1695 3976 1774 4046 τῷ
1817 3975 1914 4046 βα·

325 4060 464 4114 σιλεῖ
486 4061 770 4132 παρέχειν·
802 4063 864 4118 ού
888 4063 997 4136 γὰρ
1023 4062 1088 4120 ἃν
1132 4064 1430 4136 δυνηθῆναι
1463 4067 1566 4137 τὴν
1619 4067 1913 4138 Ῥωμαίων

323 4154 404 4216 εἰς
435 4153 587 4216 τέλος
622 4153 986 4225 ὑπερϐάλλειν
1024 4157 1181 4227 χεῖρα
1216 4158 1555 4229 πανταχόθεν
1611 4158 1914 4230 ἐφεστηκό-

321 4258 451 4296 των.
486 4245 606 4297 Δείν
635 4238 751 4309 οὖν,
804 4243 854 4298 εί
886 4245 1038 4316 αὐτῷ
1095 4245 1360 4312 πείθοιτο,
1401 4247 1648 4302 ἐκλιπεῖν
1681 4247 1782 4317 μὶν
1805 4248 1908 4317 τὴν

324 4336 598 4406 Ἤπειρον
656 4338 751 4392 καὶ
794 4337 895 4402 τὰς
945 4339 1136 4396 ,αὐτόθι
1166 4340 1353 4403 πόλεις
1401 4339 1602 4412 (οὐδενὶ
1627 4340 1737 4412 γὰρ
1758 4336 1902 4396 εἷναι

2005 499 2224 554 ﬂuvium
2255 499 2502 554 accessit.
2541 499 2897 554 Adamantius
2930 509 3132 566 autem,
3165 517 3231 558 ne
3279 505 3400 560 ullae
3445 508 3580 563 iusi-

1997 592 2100 647 ὀίω
2130 599 2486 655 teutarentur,
2519 591 2760 659 undique
2788 591 2842 645 in
2873 592 3059 646 orbem
3083 594 3226 648 circa
3259 595 3452 651 collem
3478 601 3580 653 mi-

1997 685 2120 739 lites
2152 682 2453 746 collocavit,
2483 690 2537 738 et
2555 682 2889 738 descendens
2917 685 2968 738 in
3004 699 3216 750 saxum,
3243 689 3386 748 unde
3409 703 3583 743 exau—

1997 775 2101 831 diri
2135 785 2338 845 posset,
2377 785 2430 832 et
2454 774 2653 843 iubens
2679 775 2976 831 Barbarum
3017 778 3361 833 omnesalios
3396 780 3583 836 dimit-

1999 875 2134 934 tere,
2175 869 2319 923 solus
2345 883 2467 924 cum
2504 870 2618 923 solo
2640 879 2723 924 est
2757 870 3076 925 collocutus.
3105 868 3202 925 ilic
3241 888 3367 927 cum
3389 871 3540 928 Theu
3560 903 3573 913 -

1997 961 2250 1016 derichus
2299 961 2658 1026 constitisset,
2691 961 2966 1017 Romanos
3010 962 3157 1029 jure,
3182 972 3242 1016 ut
3267 963 3580 1030 videbatur,

2000 1061 2238 1107 accusat.
2279 1070 2298 1103 ι
2345 1052 2462 1123 Ego
2506 1052 2747 1122 quidem,
2797 1071 2816 1104 ν
2863 1051 3058 1120 inquit,
3099 1069 3119 1103 ι
3152 1045 3585 1111 extra'Tltraciae

2000 1141 2136 1196 ﬁnes
2165 1139 2441 1211 Scythiam
2476 1155 2666 1196 versus
2709 1142 2873 1195 vitam
2922 1151 3224 1209 transigere
3278 1143 3584 1198 constitue-

2001 1246 2139 1286 ram.
2196 1230 2296 1287 llic
2347 1233 2479 1288 mihi
2537 1233 2774 1287 manenti
2805 1241 2858 1288 et
2895 1234 3210 1302 imperatori
3241 1234 3294 1289 in
3331 1235 3587 1291 omnibus

2001 1324 2379 1396 obtemperare
2412 1333 2605 1394 parato
2657 1326 2930 1381 neminem
2991 1341 3192 1382 vexare
3240 1325 3296 1381 in
3342 1338 3579 1382 mentem

2000 1417 2273 1472 veniebat.
2332 1416 2441 1473 Vos
2474 1431 2563 1472 me
2589 1419 2656 1472 ad
2686 1417 2884 1473 bellum
2935 1426 3123 1473 contra
3154 1417 3581 1486 Theudericum,

2003 1507 2200 1564 Triarii
2224 1507 2414 1572 ﬁlium,
2442 1509 2739 1577 evocastis,
2762 1519 2817 1565 et
2840 1510 3073 1580 primum
3097 1511 3315 1581 quidem
3337 1511 3585 1570 Thracia:

2003 1601 2193 1655 ducem
2221 1615 2343 1655 eum
2367 1599 2612 1656 exercitu
2638 1600 2770 1656 mihi
2806 1609 3008 1672 praesto
3035 1603 3272 1657 futurum
3329 1604 3586 1672 promisi-

2004 1692 2103 1748 stis
2134 1691 2219 1748 :is
2256 1691 2442 1748 nullibi
2464 1693 2702 1762 gentium
2727 1693 2977 1762 apparuit
3005 1711 3018 1747 :
3052 1694 3244 1750 deinde
3275 1695 3584 1762 Claudium,

2001 1792 2406 1856 procuratorem
2459 1783 2716 1854 stipendii
2766 1783 3007 1851 Gothici,
3043 1799 3166 1840 cum
3199 1795 3384 1841 extero
3415 1786 3586 1841 milite

2005 1877 2383 1942 adventorum,
2437 1889 2599 1947 quem
2649 1889 2862 1946 quoque
2908 1891 3173 1945 nusquam
3228 1877 3360 1932 vidi.
3401 1877 3589 1932 Tertio

2003 1967 2136 2024 mihi
2171 1967 2380 2023 viarum
2417 1966 2584 2023 duces
2625 1967 2871 2034 dedistis,
2904 1968 3022 2037 qui,
3053 1954 3182 2023 tutis
3216 1977 3271 2023 et
3309 1969 3583 2036 expeditis

2003 2059 2243 2125 omissis,
2275 2073 2374 2128 per
2396 2072 2511 2124 eas,
2535 2073 2657 2128 quae
2688 2059 2755 2113 ad
2777 2057 2988 2114 hostem
3022 2057 3288 2127 ferebant,
3319 2074 3419 2130 per
3448 2075 3589 2126 prat-

2005 2156 2166 2218 rupta
2192 2158 2250 2204 et
2283 2147 2580 2218 pmcipitia
2611 2146 2732 2202 loca
2763 2160 2850 2202 me
2881 2144 3246 2212 deduxerunt,
3291 2149 3347 2202 in
3390 2149 3588 2217 quibus

2004 2255 2192 2311 parum
2221 2239 2415 2304 abfuit,
2441 2255 2562 2294 cum
2594 2238 2868 2308 equitibus
2907 2248 2960 2293 et
2990 2239 3243 2296 curribus
3271 2247 3326 2294 et
3347 2239 3452 2294 alio
3471 2255 3591 2295 cas~

2006 2339 2217 2387 trorum
2255 2339 2517 2401 apparatu
2541 2331 2832 2399 impeditus
2860 2329 2961 2386 iter
2993 2331 3223 2385 facerem
3247 2339 3302 2386 et
3327 2331 3510 2387 hostes
3532 2331 3605 2387 in

2008 2435 2094 2476 me
2117 2420 2410 2489 derepente
2434 2419 2730 2485 irruerent,
2755 2418 2886 2488 quin
2922 2432 3044 2472 cum
3079 2427 3191 2473 toto
3205 2420 3450 2474 exercitu
3471 2433 3591 2473 meo

2007 2510 2251 2565 funditus
2295 2508 2600 2564 interirem.
2646 2508 2726 2563 Ex
2759 2521 2866 2578 quo
2904 2508 3275 2563 necessariam
3309 2523 3432 2563 eum
3481 2509 3590 2564 illis

2004 2598 2517 2672 pactionem‘facere
2533 2613 2652 2654 sum
2672 2609 2916 2666 coactus,
2953 2599 3151 2668 quibus
3186 2614 3434 2670 magnam
3466 2615 3592 2670 gra-

2010 2697 2137 2750 tiam
2191 2691 2398 2748 habere
2442 2699 2677 2762 oportet,
2703 2691 2850 2761 quod
2891 2705 2998 2757 me,
3029 2707 3058 2745 a
3095 2691 3246 2747 vobis
3294 2690 3604 2762 proditum,

2007 2801 2130 2841 cum
2169 2784 2422 2841 occidere
2456 2793 2699 2852 possent,
2739 2792 2919 2838 tamen
2965 2792 3277 2838 servarunt.
3309 2802 3328 2835 ι
3359 2784 3440 2838 Ad
3472 2784 3592 2838 hac

2005 2877 2364 2934 Adamantius
2389 2877 2465 2934 illi
2493 2877 2546 2932 in
2570 2876 2908 2945 {memoriam
2949 2876 3245 2942 revocavit,
3299 2877 3496 2946 quibus
3525 2877 3592 2930 il-

2006 2971 2117 3026 lum
2159 2971 2455 3040 imperator
2478 2969 2778 3026 honoribus
2809 2967 3104 3034 aﬁecisset,
3126 2977 3185 3024 ut
3219 2969 3508 3040 patricium
3539 2977 3595 3024 et

2011 3064 2200 3120 ducem
2233 3072 2494 3127 creasset,
2524 3076 2644 3132 qum
2674 3070 2856 3118 essent
2876 3062 3017 3131 apud
3053 3061 3330 3118 Romanos
3363 3061 3589 3132 praemia

2011 3155 2117 3220 his,
2172 3154 2266 3224 qui
2309 3163 2590 3210 strenuam
2648 3151 2962 3222 reipublicae
2995 3152 3314 3206 navaverint
3344 3163 3589 3219 operam,

2009 3245 2306 3302 constituta
2331 3244 2684 3314 amplissima,
2711 3253 2774 3297 ut
2794 3257 2920 3298 eum
2949 3242 3132 3297 multis
3161 3241 3316 3298 donis
3338 3249 3390 3297 et
3412 3255 3595 3296 mune‘

2010 3338 2160 3392 ribus
2183 3339 2537 3398 cumulasset,
2570 3349 2671 3403 pro
2696 3334 2896 3404 quibus
2913 3335 3173 3389 decuerat
3207 3333 3604 3402 imperatorem-

2009 3429 2154 3482 haud
2184 3441 2364 3492 secus,
2399 3440 2564 3496 quam
2615 3435 2848 3495 patrem,
2881 3413 3064 3481 colere
3095 3439 3146 3481 et
3173 3424 3430 3496 revereri.
3471 3423 3592 3480 Ca2-

2010 3523 2186 3571 terum
2211 3529 2276 3568 ea
2307 3517 2375 3571 de
2406 3516 2605 3586 quibus
2655 3515 3038 3584 imperatorem
3089 3513 3460 3579 insimulabat,
3488 3512 3518 3585 ,(
3539 3523 3594 3568 et

2010 3612 2167 3659 erant
2193 3603 2390 3672 opinor
2421 3602 2593 3672 vera,)
2627 3602 2836 3658 diluere
2865 3611 2922 3656 et
2959 3601 3198 3657 refutare
3221 3611 3448 3658 conatus
3476 3612 3585 3658 est.

2011 3694 2157 3750 Sane
2187 3694 2411 3750 minime
2443 3693 2723 3749 toleranda
2771 3695 3132 3760 commisisse,
3171 3694 3262 3766 qui
3313 3709 3411 3764 per
3461 3710 3590 3766 spc-

2011 3789 2150 3844 eiem
2178 3787 2471 3856 legationis
2501 3787 2732 3842 Romani
2766 3787 2977 3865 imperii
3010 3797 3222 3858 partem
3254 3787 3515 3844 invaserit
3539 3797 3594 3843 et

2011 3877 2381 3948 occupaverit,
2439 3877 2739 3948 praesertim
2810 3891 2932 3932 cum
2985 3876 3099 3940 illi,
3157 3875 3372 3931 tametsi
3420 3877 3591 3945 copiae

2009 3969 2259 4042 eius“
2292 3968 2348 4025 lu
2383 3967 2619 4026 Thracia
2651 3967 2930 4024 montibus
2963 3975 3017 4023 et
3059 3966 3238 4023 ﬂuviis
3275 3967 3496 4023 inclusa:
3539 3977 3597 4022 et

2011 4062 2241 4118 militum
2277 4075 2440 4120 manu
2463 4067 2630 4131 septa.-
2657 4067 2997 4126 tenerentur,
3029 4067 3209 4114 tamen
3241 4057 3414 4115 libere
3442 4059 3593 4114 exire

2011 4150 2404 4208 concesserint.
2435 4149 2650 4206 Etenim
2679 4149 2726 4204 si
2775 4147 3077 4204 noluissent
3127 4157 3182 4204 et
3240 4147 3592 4212 restitissent,

2011 4244 2225 4302 etiamsi
2257 4242 2378 4311 ejus
2411 4241 2582 4311 copia:
2623 4240 2806 4297 decies
2843 4253 3074 4296 numero
3099 4245 3451 4308 superassent
3477 4252 3595 4300 eas,

2011 4352 2148 4408 quas
2181 4350 2329 4392 nunc
2364 4335 2613 4402 haberet;
2677 4347 2954 4402 nunquam
3007 4341 3186 4386 tamen
3229 4331 3357 4385 inde
3401 4331 3592 4398 pedem

325 4429 566 4499 φορητὸν
609 4428 795 4494 πόλεις
843 4429 988 4484 οὕτω
1029 4431 1296 4502 μεγάλας,
1326 4433 1436 4486 τῶν
1469 4433 1772 4503 οἰκητόρων
1807 4435 1906 4488 ἐκ·-

2011 4431 2216 4488 referre
2233 4428 2569 4500 patuissent.
2601 4426 2761 4483 Nunc
2783 4426 2948 4499 igitur
2969 4423 3123 4482 seilli
3152 4424 3407 4490 suadere,
3439 4431 3500 4478 ut
3533 4438 3602 4478 se

321 4517 627 4589 ϐληθέντων
643 4520 712 4585 ⁸³,
756 4519 849 4574 ὑπ’
909 4521 1074 4576 αὐτοῦ
1120 4523 1491 4600 κατέχεσθαι),
1531 4524 1710 4579 ἐλθεῖν
1734 4525 1795 4579 δὲ
1821 4528 1904 4592 είς

321 4610 422 4681 τὴν
474 4611 800 4684 Δαρδανίαν,
831 4613 890 4667 ἐν
921 4608 955 4687 ᾖ
981 4613 1168 4686 χώραν
1229 4612 1371 4671 εἶναι
1425 4618 1628 4688 πολλὴν
1658 4618 1813 4690 παρὰ
1832 4619 1904 4673 τὰ

321 4703 640 4772 οἰκούμενα,
701 4705 872 4776 καλὴν
909 4708 1009 4776 μὲν
1042 4709 1134 4760 καὶ
1159 4706 1392 4775 εὔγειον,
1419 4709 1576 4764 ἐνδεᾶ
1594 4710 1652 4763 δὲ
1672 4712 1898 4781 οἰκητὸ-

325 4811 459 4865 ρων,
490 4797 558 4866 ἠν
599 4797 826 4854 δύναται
872 4799 1141 4870 γεωργῶν
1171 4801 1231 4858 ἐν
1259 4802 1426 4855 πᾶσιν
1454 4799 1708 4871 ἀφθόνοις
1733 4804 1902 4858 αὑτοῦ

321 4891 426 4960 τὴν
471 4889 767 4960 στρατείαν
800 4891 1032 4961 διάγειν.
1081 4891 1140 4946 '0
1169 4891 1228 4946 δὲ
1257 4892 1422 4946 Θευδὲ
1433 4910 1582 4965 ριχος
1607 4895 1770 4958 αὐτὸς
1803 4894 1920 4965 μένο

320 4980 582 5052 ἐπώμνυε
635 4981 813 5038 ταῦτα
885 4982 1173 5053 βούλεσθαι
1203 5024 1218 5049 ,
1271 4983 1334 5037 οὐ
1389 4984 1575 5054 μέντοι
1617 4985 1926 5051 ἀνέξεσθαι

322 5070 492 5126 αὑτοῦ
518 5071 582 5126 τὸ
618 5071 845 5143 πλῆθος,
905 5073 1082 5128 πολλὰ
1136 5074 1237 5146 μὲν
1286 5076 1899 5150 προτεταλαιπωρηκδς,

323 5162 480 5232 μόλις
521 5163 581 5217 δὲ
625 5164 998 5230 ἀναπαύσεως
1043 5165 1137 5219 νῦν
1191 5165 1584 5237 ἐπιλαϐόμενον
1612 5185 1625 5200 ο
1673 5167 1772 5231 οὓς
1832 5168 1894 5221 ού

213 5321 218 5323 _
322 5255 588 5311 δύνασθαι
615 5258 782 5328 μήπω
835 5259 1282 5324 ἀναπνεύσαντας
1313 5262 1470 5330 ἄγειν
1510 5263 1728 5334 μακρὰν
1760 5261 1922 5317 οὕτωι

325 5348 579 5415 πορείαν.
626 5349 789 5404 Ἀλλὰ
820 5350 915 5407 νῦν
936 5351 1037 5423 μὲν
1067 5353 1267 5417 αὐτοὺς
1285 5353 1381 5425 ὶᾷν
1408 5354 1573 5407 αὐτοῦ
1601 5354 1899 5426 ἐπιχειμά-

2012 4521 2356 4579 summissius
2413 4533 2542 4590 erga
2607 4519 2993 4588 imperatorem
3051 4524 3226 4585 gerat.
3284 4513 3396 4570 Nec
3445 4513 3612 4570 enim.

2008 4615 2230 4670 tandem
2265 4614 2318 4668 in
2350 4615 2469 4681 ejus
2501 4619 2771 4682 potestate
2800 4611 2917 4666 fore
2947 4609 3343 4672 Romanorum,
3375 4606 3468 4677 qui
3518 4605 3614 4660 illi

2014 4705 2254 4775 undique
2282 4705 2649 4767 imminerent,
2683 4716 2876 4758 manus
2901 4700 3156 4771 eﬂ‘ugere.
3185 4698 3448 4769 Oportere
3480 4698 3582 4768 igi-

2017 4808 2125 4863 tur,
2163 4797 2293 4855 sise
2317 4796 2523 4861 audiat,
2545 4796 2713 4867 Epiro
2741 4803 2796 4851 et
2825 4795 2943 4864 ejus
2975 4793 3213 4866 regionis
3244 4792 3475 4848 urbibus
3503 4804 3608 4846 eet

2015 4891 2169 4947 dere.
2227 4889 2338 4945 Nec
2369 4889 2514 4943 enim
2537 4888 2649 4944 ullo
2683 4887 2842 4944 modo
2870 4887 3176 4951 ferendum,
3207 4894 3318 4941 tam
3373 4900 3600 4956 magnas

2014 4984 2196 5047 urbes,
2227 4981 2468 5052 expulsis
2501 4981 2724 5046 incolis,
2747 4995 2870 5036 eum
2909 4988 3116 5035 tenere.
3148 4979 3321 5034 Abeat
3348 4977 3512 5047 igitur
3540 4977 3610 5030 irr

2012 5073 2363 5138 Dardaniam,
2391 5073 2483 5129 ubi
2511 5071 2661 5143 regio
2685 5071 2776 5137 sit,
2825 5079 3024 5140 praeter
3051 5084 3171 5124 eam
3204 5083 3326 5138 quae
3383 5065 3610 5121 habita:

2006 5176 2114 5234 tur,
2141 5167 2342 5238 ampla,
2373 5173 2676 5222 amoma-et
2704 5164 2920 5231 fertilis,
2947 5177 3066 5234 quae
3098 5161 3287 5217 incolis
3318 5160 3552 5228 indigeat
3577 5169 3608 5220 ;.

2005 5275 2168 5331 quam
2195 5260 2242 5315 si
2271 5258 2434 5326 colat,
2454 5259 2695 5314 omnium
2728 5269 2906 5312 rerum
2933 5255 3264 5312 abundantia
3289 5251 3604 5308 exercitum-

2005 5369 2161 5424 suum
2185 5352 2330 5408 alere
2353 5360 2407 5407 et
2444 5359 2752 5407 sustentare
2783 5348 2972 5420 possit.
3002 5343 3414 5402 Theuderichus
3434 5340 3602 5410 jure--

1647 5461 1880 5517 VARUE
1919 5459 2325 5519 LECTIONES.

399 5573 442 5604 "
472 5572 628 5648 cap}
647 5575 791 5646 vulg.
828 5645 840 5648 Α
866 5577 913 5608 ⁸³
934 5573 1042 5648 “idm
1068 5573 1420 5648 Ῡεὶτηίὼνων
1444 5578 1588 5648 vulg.

1667 5578 1714 5611 "
1739 5578 1918 5641 ἄλλως
1947 5595 2064 5642 πως
2093 5578 2237 5646 ναι..
2279 5576 2396 5633 ἀλλ’
2425 5577 2498 5644 ὡς
2530 5576 2642 5642 πῶς
2677 5576 2822 5647 vulg.

2919 5571 2964 5604 "
2998 5567 3322 5626 καταλαϐὼν
3364 5566 3432 5622 τὰ
3473 5564 3597 5620 Val;

351 5643 730 5698 καταλαϐόντα
747 5643 899 5716 Vulg.
931 5644 976 5678 "‘
1000 5645 1377 5717 ἐκϐληθέντων
1409 5649 1494 5716 B.,
1532 5643 1867 5704 ἓκλυθέντων
1895 5649 2043 5720 vulg.
