4076 6460
468 304 571 366 767

1413 300 1810 360 EXCEBPTA
1849 300 1951 359 EX
1992 299 2297 360 MALCHO
2336 297 2696 358 RHETORE

3616 290 3724 352 768

465 414 695 482 iurando
725 409 1034 476 aﬂirmavit,
1070 407 1120 461 id
1175 406 1391 478 quidem
1415 409 1518 463 sibi
1558 409 1708 462 cordi
1743 421 1866 462 esse
1901 426 1914 460 :
1949 405 2040 460 sed

2153 423 2264 471 σαι,
2303 408 2439 476 μήτε
2505 404 2692 474 πρόσω
2738 402 3054 473 χωροῦντας
3104 395 3179 456 ὧν
3199 403 3246 434 ⁵⁸
3275 401 3460 470 ἔχουσι
3490 399 3724 470 πόλεων,

471 502 770 556 exercitum
822 515 979 555 suum
1019 497 1409 552 reluctaturum
1459 512 1602 561 esse,
1657 497 1748 566 qui
1786 506 1865 550 tot
1902 495 2043 550 mala

470 606 778 662 perpessus,
825 589 911 644 vix
947 604 1088 642 nunc
1131 589 1312 657 quiete
1377 585 1670 641 frueretur.
1728 588 1868 641 Fieri
1896 586 2042 642 enim

474 699 578 738 non
616 699 794 752 posse,
823 692 881 736 ut
912 681 1128 744 milites,
1156 681 1388 734 nondum
1420 694 1450 732 a
1475 679 1744 734 laboribus
1775 682 2045 749 respiran-

368 780 376 788 '
475 786 579 840 tes,
613 785 819 827 tantum
853 774 1059 826 itineris
1086 773 1436 824 ducerentur.
1467 772 1572 825 Sed
1607 781 1862 840 oportere
1897 773 2042 842 ipsos

476 868 654 919 sinere
709 867 760 918 in
812 865 892 916 bis
930 863 1059 917 locis
1090 863 1332 917 hiemare
1391 878 1451 915 ea
1485 863 1814 920 conditione.
1851 875 1906 917 ut
1941 880 2043 918 non

479 958 616 1010 ultra
647 958 698 1009 in
732 956 1003 1008 tentandis
1059 957 1282 1009 urbibus
1311 956 1452 1018 aliis,
1490 970 1652 1023 quam
1696 970 1833 1024 quas
1878 957 2045 1010 babe-

476 1061 614 1111 l't‘lil,
653 1060 741 1101 atri
777 1048 1210 1114 populationibus
1259 1048 1518 1102 faciendis
1567 1051 2043 1120 progrederemur.

475 1141 680 1205 Quibus
733 1141 803 1193 ita
838 1140 1177 1205 compositis,
1203 1141 1272 1194 ab
1310 1142 1634 1206 imperatore
1667 1141 1842 1206 petiit,
1873 1150 1930 1192 ut
1966 1141 2050 1192 iu-

471 1242 634 1284 eunte
664 1245 786 1284 vere
805 1230 1002 1293 virum,
1044 1232 1136 1296 qui
1169 1247 1264 1284 eos
1285 1232 1336 1284 iu
1371 1231 1691 1285 Dardaniam
1721 1233 2037 1294 deduceret,

473 1323 740 1381 mitteret;
784 1319 930 1383 ipsos
961 1318 1104 1372 cnim
1146 1332 1270 1373 eum
1308 1318 1533 1372 libenter
1571 1329 1857 1373 secuturos
1901 1334 2042 1374 esse.

473 1412 711 1474 Addidit,
733 1427 792 1466 se
811 1427 1027 1465 onmem
1054 1426 1211 1465 suum
1237 1421 1550 1480 apparatum
1574 1412 1823 1466 bellicum
1850 1418 1903 1465 et
1931 1427 2050 1466 om-

472 1516 598 1556 nem
652 1503 919 1557 imbellem
981 1506 1194 1556 turbam
1250 1513 1497 1568 paratum
1525 1517 1645 1558 esse
1676 1503 1730 1556 in
1776 1518 1841 1557 ea
1889 1505 2044 1569 urbe,

466 1608 633 1668 quam
680 1593 976 1659 imperator
1026 1594 1446 1663 praescripserit,
1493 1595 1822 1660 relinquere.
1885 1594 2044 1659 Quin,

2149 499 2285 568 μήτε
2314 495 2730 564 ὲπιςρθείροντας
2749 496 2817 526 ⁸⁷·
2847 493 3172 564 συνθέμενον
3189 493 3234 527 ⁵⁸
3265 493 3321 546 δὲ
3352 492 3481 565 περὶ
3507 492 3726 547 πάντων

2147 590 2239 644 ἐπὶ
2270 588 2482 648 τούτοις
2543 587 2658 655 ἅμα
2691 585 2768 656 τῷ
2794 582 2888 657 ἦρι
2920 586 3135 656 πέμψαι
3167 585 3258 638 τὸν
3289 583 3485 648 ἄξοντα
3510 585 3602 637 ἐπὶ
3622 585 3727 655 τὴν

2146 681 2468 751 Δαρδανίαν,
2491 678 2672 746 ἐμϐως
2696 680 2742 711 ³³
2765 677 3304 745 ἐπακολουθήσοντας
3316 675 3379 726 ⁸ο.
3420 674 3612 740 Ἔλεγε
3642 674 3726 738 δὲ,

2145 773 2218 834 ὼς
2251 773 2465 841 ἕτοιμος
2485 771 2667 838 ⁶⁰⁹εῐη
2730 772 2828 838 τὴν
2894 769 3058 822 αὑτοῦ
3118 766 3461 836 κατασκευὴν
3526 769 3621 820 καὶ
3665 766 3730 820 τὺ

2146 866 2358 933 ἄμαχον
2413 862 2617 931 πλῆθος
2664 862 3031 928 καταθέμενος
3060 861 3116 912 ὲν
3173 859 3347 918 πόλει,
3481 857 3727 928 βούλοιτο

2150 955 2420 1022 βασιλεὺς.
2456 956 2550 1007 καὶ
2595 956 2833 1023 ὁμήρους
2881 950 3178 1021 παρασχὼν
3215 951 3316 1018 τῆς
3342 949 3561 1018 ἁπάσης
3623 949 3723 1001 πί-

2150 1064 2315 1111 στεως
2336 1050 2434 1118 τήν
2460 1065 2516 1100 τε
2546 1047 2756 1118 μητέρα
2775 1046 2868 1098 καὶ
2896 1046 3150 1114 ἀδελφὴν,
3183 1047 3317 1113 μετά
3351 1043 3732 1110 ἑξακισχιλίων

2146 1143 2255 1195 τῶν
2289 1141 2524 1208 μάλιστα
2551 1140 2803 1208 μαχίμων
2829 1139 3000 1190 ἐλθεῖν
3026 1138 3099 1199 ὡς
3128 1138 3357 1204 τάχιστα
3386 1138 3440 1196 ἐς
3469 1135 3724 1205 Θρᾴκηνο

2150 1233 2246 1287 καὶ
2267 1231 2644 1300 ὑπισχνεῖσθαι
2669 1231 2765 1283 σὺν
2792 1229 3003 1286 τούτοις
3023 1228 3116 1281 καὶ
3139 1230 3249 1287 τοῖς
3267 1227 3537 1295 Ἰλλυριοῖς
3567 1243 3737 1292 στρα-

2149 1323 2370 1384 τιώταις
2409 1321 2503 1374 καλ⁵
2553 1322 2752 1382 ἄλλοις,
2780 1321 3009 1381 ὁπόσους
3033 1318 3100 1370 ἂν
3126 1317 3379 1384 βασιλεὺς
3409 1316 3732 1384 ἀποστείλῃ,

2153 1415 2281 1476 τοὺς
2315 1415 2372 1464 ἐν
2424 1416 2489 1482 τῇ
2521 1413 2711 1482 Θρᾴκῃ
2749 1410 2978 1472 Γότθους
3007 1408 3307 1462 ἀναλώσειν
3350 1407 3621 1468 ἅπαντας.
3646 1407 3735 1472 ἐφ’

2148 1492 2275 1567 ᾧτε,
2326 1501 2374 1552 εἰ
2429 1498 2588 1554 τοῦτο
2644 1499 2882 1568 ποιήσοι,
2940 1497 3100 1550 αὐτόν
3131 1513 3190 1549 τε
3245 1493 3364 1552 ἀντὶ
3409 1495 3736 1566 Θευδερίχου

2153 1591 2454 1662 στρατηγὸν
2484 1589 2760 1657 γενέσθαι,
2813 1590 2907 1642 καὶ
2938 1589 3278 1659 εἰσδεχθῆναι
3309 1589 3388 1650 είς
3438 1587 3535 1656 τὴν
3580 1587 3738 1640 πόλιν

473 1694 648 1738 matre
680 1699 894 1754 quoque
941 1695 996 1738 et
1039 1699 1225 1738 sorore
1269 1685 1335 1739 ad
1395 1685 1552 1739 [idem
1618 1686 2046 1740 conﬁrmandam

2153 1682 2245 1735 τὸν
2285 1681 2590 1750 Ῥωμαϊκὸν
2623 1681 3010 1734 πολιτεύσοντα
3059 1681 3280 1749 τρόπον’
3313 1679 3532 1746 ἕτοιμος
3574 1679 3655 1742 δὲ,
3687 1680 3737 1731 εί

475 1747 753 1825 obsidibus
787 1773 1032 1836 datis,se
1072 1774 1246 1842 ipsum
1289 1771 1578 1828 Thraciam
1602 1788 1724 1826 cum
1747 1788 1842 1828 sex
1873 1773 2048 1826 homi-

2157 1747 2481 1842 προστάξειε
2517 1770 2788 1841 βασιλεὺς,
2828 1772 2923 1824 καὶ
2970 1772 3049 1832 είς
3092 1747 3406 1838 Δαλματίαν
3455 1769 3737 1830 ἀπελθεῖν,

475 1879 603 1915 num
643 1861 1063 1917 fortissimorum
1120 1864 1357 1917 millibus
1401 1879 1566 1931 quam
1599 1863 1879 1917 celerrime
1909 1864 2048 1932 peti-

475 1965 677 2006 turum.
741 1955 873 2008 Cum
895 1955 979 2009 bis
1005 1964 1058 2009 et
1087 1953 1316 2025 Illyricis
1353 1955 1610 2010 militibus
1657 1965 1710 2009 et
1746 1957 1884 2019 aliis,
1914 1971 2052 2026 quos

474 2043 789 2110 imperatori
818 2045 1035 2101 mittere
1067 2047 1356 2115 placuerit,
1382 2063 1439 2102 se
1459 2057 1568 2103 tota
1595 2047 1823 2103 Thracia
1849 2047 2053 2103 Gothos

470 2135 954 2190 exterminaturum
987 2138 1250 2206 polliceri.
1283 2138 1414 2204 Quae
1453 2139 1499 2192 si
1528 2147 1820 2193 exsecutus
1859 2137 2045 2204 fuerit,

473 2235 672 2293 petere,
706 2234 762 2280 ut
789 2230 896 2280 dux
929 2226 1045 2290 loco
1075 2229 1438 2284 Tbeudericbi
1479 2240 1715 2293 creetur,
1737 2239 1792 2283 et
1823 2228 2046 2282 civitate

473 2318 706 2370 donetur
743 2325 797 2370 et
825 2316 1188 2372 Romanorum
1224 2334 1372 2374 more
1405 2321 1789 2389 rempublicam
1814 2319 1914 2373 sibi
1944 2319 2044 2372 ad-

2155 1862 2234 1925 ὼς
2259 1862 2494 1916 Νέπωτα
2523 1861 2794 1924 κατάξων.
2825 1861 3180 1930 Ἀδαμάντιος
3209 1861 3264 1914 δὲ
3294 1861 3394 1913 οὐκ
3415 1859 3518 1929 ἔφη
3546 1859 3740 1928 κύριος

2159 1953 2300 2008 εἶναι
2325 1954 2477 2007 οὐδὲν
2497 1954 2649 2024 αὐτῷ
2678 1952 2965 2006 συνθέσθαι
2989 1953 3204 2023 μένοντι
3234 1955 3294 2006 ὲν
3317 1955 3382 2023 τῇ
3405 1952 3579 2023 χώρᾳ,
3602 1951 3742 2005 ἀλλά

2159 2047 2269 2100 δεῖν
2303 2046 2524 2116 βασιλέα
2558 2046 2772 2108 πρῶτον
2804 2048 2932 2117 περὶ
2961 2048 3165 2099 τούτων
3191 2044 3472 2098 πείθεσθαι
3502 2046 3567 2096 “.
3617 2046 3742 2097 Ἀν-

2154 2138 2323 2191 οίσειν
2374 2134 2470 2190 οὖν
2523 2138 2751 2206 ἐκείνῳ,
2786 2138 2882 2191 καὶ
2931 2138 3091 2199 αὐτὸς
3128 2138 3442 2203 ἀπομενεῖν,
3483 2135 3610 2198 ,ἕως
3641 2135 3740 2204 τὴν

2155 2229 2250 2284 τοῦ
2309 2230 2644 2300 κρατοῦντος
2693 2230 3020 2302 διαπὺθηται
3059 2228 3307 2300 γνώμην.
3361 2228 3486 2282 Ἐπὶ
3529 2228 3743 2292 τούτοις

2152 2322 2478 2392 διελύθησαν
2512 2325 2607 2376 ἀπ’
2643 2323 2926 2394 ἀλλήλων.

471 2411 780 2465 ministrare
805 2412 984 2470 liccat.
1016 2413 1128 2466 imo
1163 2414 1206 2467 si
1233 2415 1526 2482 imperator
1546 2415 1791 2483 jusserit,
1825 2425 2071 2484 paratum
2111 2432 2232 2472 esse
2261 2425 2316 2472 et
2354 2420 2405 2476 iu
2443 2418 2762 2472 Dalmatiam
2804 2419 2904 2484 ire,
2942 2426 3000 2472 ιιι
3039 2417 3166 2472 inde
3197 2415 3454 2487 NepOtem
3483 2417 3740 2485 expellat.

470 2503 825 2557 Adamantius
869 2506 1165 2572 respondit,
1224 2521 1330 2560 non
1381 2507 1484 2561 sibi
1526 2509 1839 2562 mandatum
1885 2508 2175 2578 quidquam
2204 2526 2325 2564 cum
2367 2511 2458 2564 illo
2506 2511 2733 2580 pacisci,
2775 2511 3014 2581 quandiu
3045 2512 3101 2565 in
3147 2525 3208 2564 ea
3272 2513 3489 2581 regione
3551 2524 3746 2564 mane-

472 2609 599 2659 ret;
641 2598 955 2666 imperatori
1006 2600 1120 2655 haec
1151 2602 1332 2654 omnia
1364 2617 1486 2658 esse
1537 2605 1840 2674 probanda.
1882 2605 2062 2670 Quare
2104 2621 2166 2661 se
2191 2606 2265 2661 illi
2322 2606 2436 2662 haec
2483 2607 2778 2662 relaturum
2819 2615 2874 2662 et
2929 2614 3369 2676 exspectaturum
3425 2620 3567 2672 esse,
3613 2607 3744 2662 dum

470 2689 590 2758 ejus
643 2691 964 2745 sententiam
1019 2695 1364 2761 compererit.
1423 2695 1544 2752 Post
1607 2698 1721 2754 haec
1767 2700 2155 2756 discesserunt.
3268 2769 3272 2774 _

547 2781 756 2836 Interea
782 2783 905 2835 dum
935 2784 1055 2837 haec
1095 2787 1323 2854 gerebat
1350 2787 1725 2857 Adamantius,
1753 2794 2048 2862 complures

2249 2787 2338 2850 Ἐν
2370 2796 2480 2864 ὅσῳ
2515 2794 2571 2847 δὲ
2627 2774 2975 2865 ’Δδαμάντιος
3001 2794 3144 2865 ἀμφὶ
3194 2793 3365 2848 ταῦτα
3397 2789 3484 2865 ἦν,
3519 2793 3748 2864 συνελη-

477 2871 678 2926 milites
711 2873 1048 2942 Lychnidum
1079 2876 1145 2928 ad
1177 2879 1411 2932 edictum
1460 2879 1613 2935 ducis
1658 2894 2048 2950 convenerant,

2164 2887 2314 2940 λύθει
2345 2886 2447 2957 μὲν
2486 2886 2656 2940 πολλὰ
2697 2887 2807 2940 τῶν
2841 2888 3135 2956 ταγμάτων
3186 2889 3265 2951 εἰς
3319 2886 3416 2956 τὴν
3467 2886 3747 2956 Λυχνηδδν

474 2972 529 3016 et
566 2965 630 3016 ad
679 2964 912 3019 ollicium
970 2967 1266 3022 redierant.
1309 2969 1425 3034 Quo
1453 2979 1696 3035 tempore
1723 2975 1904 3027 nescio
1931 2975 2048 3044 qui

2162 2981 2304 3032 κατά
2341 2979 2441 3048 τὴν
2499 2979 2594 3031 τοῦ
2631 2979 2934 3050 στρατηγοῦ
2974 2980 3254 3046 ἀγγελίαν,
3288 2978 3434 3045 λέγει
3465 2977 3519 3030 δέ
3552 2976 3749 3047 τιςδῷ

477 3049 772 3109 Sabiniano
796 3055 1079 3120 nuntiavit,
1109 3058 1378 3112 Barbaros
1397 3074 1620 3114 securos
1637 3062 1818 3115 soluto
1840 3065 2048 3134 agmine

2158 3069 2482 3140 Σαϐινιανῷ,
2523 3069 2598 3130 ὡς
2635 3049 2709 3121 oi,
2739 3049 3014 3138 Βάρϐαροι
3053 3069 3564 3137 καταφρονήσαντες
3613 3084 3748 3135 σχο-

479 3145 809 3200 aCandavia
855 3149 1202 3216 desvendere,
1251 3151 1360 3219 85
1394 3166 1514 3205 cum
1559 3153 1641 3221 bis
1670 3155 2048 3222 impedimenta

2153 3159 2398 3228 λαίτερον
2415 3161 2668 3214 κατίασιν
2691 3159 2797 3214 ἀπὸ
2825 3159 2924 3228 τῆς
2950 3160 3282 3222 Κανδαϐείας
3305 3162 3371 3221 ⁸⁸,
3398 3160 3523 3212 οἵτε
3549 3176 3746 3214 σκευο-

475 3247 530 3304 et
554 3238 837 3315 plerosque
868 3255 1080 3305 currus,
1109 3251 1158 3294 et
1185 3251 1485 3296 extremum
1513 3246 1786 3299 exercitus
1833 3263 2046 3316 agmen,

477 3331 529 3382 in
557 3330 1170 3407 quonTliendemundus,
1195 3333 1554 3390 Tlieudericbi
1581 3336 1765 3402 frater,
1789 3348 1846 3392 et
1879 3351 2052 3394 mater

475 3436 663 3474 eorum
689 3410 1020 3477 Vt-rSaretur.
1070 3422 1231 3490 δρέπῃ
1258 3440 1376 3479 esse
1409 3426 1598 3480 borum
1632 3429 1864 3483 maxima
1900 3441 2053 3497 parte

477 3510 742 3577 potiundi.
801 3510 1130 3568 Sabinianus
1165 3516 1394 3582 equites.
1445 3530 1582 3583 quos
1619 3517 1868 3585 habebat,
1903 3531 2052 3575 certo

479 3603 597 3655 loco
630 3605 911 3670 disposuit,
965 3615 1016 3658 et
1049 3607 1259 3675 pedites
1299 3625 1403 3662 non
1447 3625 1646 3677 paucos
1679 3627 1774 3675 per
1813 3623 2051 3668 montem

476 3706 633 3759 quem
651 3693 1038 3746 circumeundo
1067 3705 1406 3763 superarent,
1433 3698 1677 3763 immisit,
1703 3707 1839 3763 tum,
1882 3715 2054 3767 quan-

475 3783 545 3836 do
567 3796 620 3836 et
648 3785 735 3839 ubi
776 3799 1037 3853 apparere
1060 3797 1361 3855 oporteret,
1397 3791 1743 3856 praemonuit.
1776 3790 1843 3846 Ut
1871 3806 2054 3865 cama-

475 3887 650 3938 verat,
694 3893 814 3931 cum
855 3878 1098 3932 exercitu
1146 3895 1245 3932 suo
1294 3881 1396 3936 sub
1447 3897 1727 3948 vesperam
1761 3893 1960 3948 movet,
1998 3893 2054 3938 et

475 3966 649 4032 prima
683 3964 799 4019 luce
849 3966 1082 4020 hostium
1125 3983 1315 4036 agmen
1349 3969 1573 4023 invadit.
1601 3970 2054 4028 Tbeudemundus

474 4063 656 4106 autem
679 4062 732 4105 et
761 4054 877 4120 ejus
896 4065 1088 4118 mater,
1110 4067 1168 4109 ut
1185 4056 1238 4109 in
1273 4072 1332 4110 se
1368 4059 1624 4124 impetum
1649 4059 1762 4114 ﬂeri
1785 4062 2052 4129 viderunt,

476 4143 727 4196 celeriter
765 4143 818 4196 in
861 4146 1139 4211 planitiem
1182 4148 1348 4216 elapsi
1416 4159 1468 4202 et
1514 4159 1751 4217 pontem,
1799 4155 1886 4207 cui
1927 4154 2056 4209 sub-

474 4241 594 4283 erat
626 4231 763 4284 fossa
793 4233 993 4300 ingenti
1028 4233 1412 4300 profunditate,
1435 4239 1753 4308 transgressi
1784 4251 2055 4313 sunt,quo

477 4321 737 4382 dissoluto
786 4327 1217 4392 persecutionem
1269 4342 1480 4395 eorum,
1513 4331 1603 4399 qui
1634 4332 1685 4384 in
1719 4331 1948 4388 alteram
1981 4334 2053 4388 ri-

2154 3251 2310 3320 φόροι
2363 3249 2542 3303 αὐτῶν
2589 3251 2683 3302 καὶ
2743 3249 2851 3302 τῶν
2909 3248 3133 3318 ἁμαξῶν
3172 3249 3227 3302 αἱ
3260 3247 3476 3310 πλείους
3536 3249 3634 3300 καὶ
3688 3249 3738 3300 οῖ

2153 3338 2245 3390 ἐπὶ
2274 3339 2371 3406 τῆς
2413 3337 2701 3407 οὐραγίας,
2722 3339 2780 3392 ἐν
2828 3332 2910 3402 οἷς
2956 3338 3046 3391 καὶ
3070 3337 3460 3408 Θευδιμοῦνδος
3480 3334 3550 3409 ἦν
3581 3341 3611 3390 ὁ
3650 3336 3744 3390 τοῦ

2161 3427 2483 3498 Θευδερίχου
2519 3428 2768 3498 ἀδελφὸς,
2797 3428 2891 3481 xei.
2921 3430 2954 3498 ή
2990 3431 3173 3499 μήτηρ
3196 3430 3229 3498 ἠ
3262 3428 3487 3487 τούτων,
3533 3430 3630 3482 καὶ
3664 3429 3751 3481 ὅτι

2154 3520 2304 3572 ἔστιν
2328 3521 2484 3583 ὲλπὶς
2538 3520 2645 3574 τῶν
2675 3520 2936 3574 πλειόνων
2967 3521 3283 3591 κρατήσειν.
3314 3519 3371 3574 Ὀ
3398 3519 3453 3572 δὲ
3473 3520 3534 3573 τό
3561 3538 3620 3572 τε
3655 3522 3753 3572 in:-

2153 3607 2312 3662 πικδν
2348 3608 2467 3677 μεθ’
2499 3609 2709 3662 ’ἑαυτοῦ
2745 3607 3012 3670 συντάξας
3049 3607 3143 3659 καὶ
3176 3608 3370 3671 πεζοὺς
3394 3607 3493 3660 οὐκ
3523 3606 3748 3674 ὀλίγους

2153 3699 2339 3767 κύκλῳ
2360 3699 2447 3752 διὰ
2469 3700 2578 3753 τῶν
2604 3699 2747 3769 ὀρῶν
2769 3697 3121 3768 περιπέμψας
3151 3699 3245 3750 καὶ
3275 3695 3556 3768 προειπὼν
3578 3699 3747 3750 ὁπότε

2153 3791 2234 3856 δεῖ
2260 3795 2355 3845 καὶ
2383 3791 2545 3845 πόθεν
2566 3791 2890 3860 ἐκφανῆναι,
2916 3789 3209 3860 δειπνήσας
3253 3792 3344 3843 καὶ
3367 3789 3659 3843 ἀναλαϐὼν
3687 3790 3754 3844 τὸ

2156 3882 2469 3952 στράτευμα
2511 3882 2600 3951 ἐφ’
2631 3882 2871 3952 ἑσπέρας
2905 3880 3122 3951 ἐχώρει.
3171 3881 3280 3936 Καὶ
3297 3882 3415 3951 ἅμα
3453 3883 3520 3952 τῇ
3560 3881 3752 3952 ἡμέρᾳ

2152 3975 2334 4036 αὐτοῖς
2381 3974 2679 4027 ἐπιτίθεται
2734 3974 2859 4043 ἤδη,
2891 3973 3306 4042 πορευομένοις.
3393 3973 3512 4027 Kal.
3578 3974 3606 4024 ὁ
3643 3973 3745 4040 μὲν

2154 4062 2544 4133 Θευδιμοῦνδος
2573 4064 2667 4116 καὶ
2693 4065 2725 4133 ή
2745 4063 2924 4135 μήτηρ
2941 4065 3131 4126 αὑτοῦ,
3156 4059 3236 4127 ὡς
3249 4061 3386 4117 εἶδον
3410 4065 3511 4136 τὴν
3533 4063 3740 4131 ἔφοδον,

2154 4154 2290 4222 ταχὺ
2320 4152 2695 4216 διεκπεσόντες
2749 4153 3038 4220 ὑπέφυγον
3071 4155 3151 4217 είς
3176 4154 3236 4207 τὸ
3273 4154 3477 4221 πεδίον,
3517 4153 3611 4208 καὶ
3642 4153 3746 4224 τὴν

2155 4244 2419 4315 γέφυραν,
2439 4243 2561 4297 καθ’
2589 4244 2657 4316 ἢν
2684 4245 3055 4316 ὑπερέϐησαν,
3077 4245 3277 4310 εὐθέως
3295 4245 3574 4310 ἀνελόντες
3605 4247 3675 4310 ⁶³ι
3710 4245 3750 4317 ἦ

2155 4334 2400 4402 φάραγγι
2420 4333 2608 4406 βαθείᾳ
2632 4335 2927 4399 ὲπέζευκτο
2957 4337 3024 4402 ⁸⁸,
3056 4333 3432 4408 μέσηςόῦσης
3462 4336 3563 4405 τῆς
3597 4336 3748 4403 ὁδοῦ,

477 4429 595 4479 pain
629 4426 1005 4482 pervenerant,
1036 4418 1282 4472 hostibus
1332 4421 1757 4478 intercluserunt
1789 4443 1804 4493 ;
1836 4427 2048 4495 reliquis

2160 4427 2259 4498 τὴν
2292 4427 2474 4490 δίωξιν
2531 4424 2761 4490 ἐκείνοις
2783 4427 2876 4480 ἐπὶ
2919 4429 3047 4491 τοὺς
3081 4428 3429 4493 καταϐάντας
3482 4429 3754 4500 ἐποίησαν

475 4512 654 4556 autem
711 4520 931 4559 suorum
965 4521 993 4560 a
1026 4519 1187 4576 ponte
1218 4509 1456 4566 exclusis
1505 4513 1686 4583 fugam
1743 4516 2053 4583 impeditam

477 4593 849 4646 reddiderunt.
880 4597 950 4650 At
985 4597 1060 4649 illi
1116 4614 1226 4666 pra:
1277 4599 1679 4669 desperatione,
1723 4620 1846 4660 cum
1900 4609 2053 4676 pauci

478 4695 683 4745 essent,
710 4685 758 4738 in
801 4685 1072 4743 Romanos
1101 4691 1314 4758 equites
1348 4691 1642 4759 irruerunt,
1688 4697 1782 4749 sed
1815 4697 1903 4752 ubi
1943 4697 2052 4752 Ro-

477 4789 765 4828 manorum
829 4779 1036 4845 pedites
1083 4783 1483 4856 ex'composito
1537 4798 1925 4855 proruperunt,
1980 4789 2050 4842 ita

481 4865 662 4918 hostes
695 4875 842 4936 terga
877 4881 1174 4935 verterunt,
1198 4881 1256 4926 ut
1289 4874 1484 4941 partim
1513 4876 1563 4929 in
1595 4878 1830 4944 equites,
1851 4879 2051 4947 partim

2163 4518 2387 4590 ἄπορον,
2421 4519 2514 4571 καὶ
2540 4519 2721 4590 μέντοι
2743 4519 2968 4582 καὶτοῖς
2996 4520 3204 4572 ἑαυτῶν
3235 4519 3496 4574 ἀδύνατον
3513 4520 3612 4590 τὴν
3651 4538 3756 4589 φυ-

2167 4609 2294 4680 γὴν,
2321 4610 2462 4664 ὥστε
2484 4611 2620 4682 πρὸς
2648 4611 2913 4665 ἀπόνοιαν
2948 4613 3120 4681 ὀλίγοι
3143 4613 3297 4677 ὄντες
3319 4613 3484 4682 ὁμόσε
3512 4615 3622 4675 τοῖς
3658 4615 3749 4666 ἱπ-

2165 4699 2362 4753 πεῦσιν
2396 4700 2656 4770 ἐχώρουν.
2678 4701 2764 4764 Ὠς
2786 4703 2843 4755 δὲ
2862 4703 3002 4774 ὑπὲρ
3025 4703 3267 4772 κεφαλῆς
3289 4705 3338 4758 oi
3362 4702 3518 4766 πεζοὶ
3545 4704 3750 4774 ἐφάνη-

2159 4808 2257 4845 σαν
2271 4792 2410 4845 κατὰ
2428 4792 2490 4845 τὸ
2515 4793 2892 4864 συγκείμενον,
2905 4794 3047 4848 οὓτω
3063 4795 3441 4865 διετράποντο,
3465 4797 3557 4849 καὶ
3577 4796 3627 4848 οἱ
3648 4795 3752 4864 μὲν

2159 4883 2241 4946 εἰς
2277 4883 2402 4946 τοὺς
2441 4884 2652 4949 ἱππεῖς,
2691 4885 2742 4937 oi
2775 4885 2834 4938 δὲ
2882 4887 2964 4949 είς
3018 4888 3144 4948 τοὺς
3180 4886 3408 4949 ὁπλίτας
3440 4887 3753 4956 ἐμπίπτον-

477 4955 532 5007 ἱιι
564 4958 771 5024 pedites
811 4960 1109 5015 inciderent
1155 4972 1210 5016 et
1245 4965 1662 5020 trucidarentur.
1730 4967 2048 5026 Sabinianus

2159 4989 2252 5035 τες
2282 4973 2568 5044 ἔθνησκον.
2622 4975 2734 5029 Kal.
2763 4975 2865 5039 τὰς
2895 4976 3111 5046 ἀμάξας
3141 4977 3324 5031 αὐτῶν
3373 4976 3556 5031 λαϐὼν
3585 4977 3754 5030 Σαϐι-

479 5062 735 5100 corruum
758 5054 885 5115 duo,
913 5055 1246 5118 captivorum
1281 5056 1398 5122 plus
1433 5072 1592 5125 quam
1621 5061 1858 5128 quinque
1891 5059 2048 5114 n‘iillia

2155 5065 2378 5129 νιανὸς,
2437 5064 2603 5129 οὕσας
2647 5066 2725 5130 ὡς
2792 5060 3102 5137 δισχιλίας,
3145 5067 3529 5139 αἰχμαλώτους
3594 5085 3656 5122 τε
3704 5070 3751 5104 ⁸⁸

480 5137 644 5207 cepit,
683 5149 735 5191 et
762 5155 866 5192 non
895 5157 1083 5210 parum
1111 5144 1324 5212 praedae.
1351 5145 1612 5200 Curribus
1643 5157 1822 5201 tamen
1854 5147 2048 5218 aliquol

2157 5154 2376 5217 πλείους
2415 5155 2447 5226 ἢ
2502 5156 2978 5226 πεντακισχιλίους
3016 5157 3113 5211 καὶ
3155 5137 3309 5212 λείαν
3375 5159 3477 5213 οὐκ
3535 5157 3750 5229 ὀλίγην,

481 5246 618 5298 quos
651 5231 865 5288 ditlicile
899 5232 1091 5289 fuisset
1116 5248 1212 5304 per
1244 5245 1322 5292 tot
1345 5248 1609 5308 praerupta
1639 5238 1756 5294 loca
1787 5255 1968 5310 agere,
2003 5241 2048 5297 in

2154 5241 2307 5306 τινὰς
2351 5244 2410 5298 δὲ
2441 5244 2550 5298 τῶν
2605 5243 2832 5316 ἁμαξῶν
2868 5245 2964 5300 καὶ
3001 5246 3358 5312 κατακαύσας
3396 5249 3456 5302 ὲν
3500 5246 3581 5318 τῷ
3604 5247 3748 5319 ὁρει,

1764 5413 1997 5470 ἾΑΒΙίΕ
2031 5414 2435 5474 LECTIONES.

559 5559 604 5635 ξ’
634 5550 709 5611 ὧν
732 5560 857 5616 add.
886 5559 977 5635 Ν.-
1018 5561 1077 5635 ᾲ⁸⁷
1120 5561 1260 5635 μήτε
1293 5579 1346 5635 τι
1382 5561 1561 5632 φθείρ.
1599 5561 1698 5635 Νη
1743 5562 1785 5595 ³⁸
1819 5561 2144 5635 συνθέμενος
2168 5563 2313 5635 vulg.
2374 5564 2569 5635 7”Apro
2592 5564 2777 5634 ἔμϐως
2803 5563 3077 5635 ἐπιεικῶς
3099 5560 3204 5635 Ni;
3227 5561 3310 5635 τί.
3343 5561 3468 5635 241,
3493 5561 3559 5635 ἐκ
3583 5561 3747 5635 ποδὸς

496 5629 842 5705 _S_t-l_iop_enu§.
937 5632 982 5705 f"
1014 5629 1562 5705 ἐπακολουθήσαντας
1612 5634 1757 5705 vulg.
1825 5629 2406 5705 i‘°_‘_é'coip.tu;‘_éonj.
2604 5629 2643 5666 “
2677 5635 2940 5705 πυθέσθαι
2961 5632 3268 5705 εοηῙηἾυΙ.
3316 5632 3387 5705 δ’
3407 5631 3747 5705 Κανδαϐείας

498 5695 1022 5770 γαμίιίανδαμείας
1057 5703 1199 5771 vulg.
1280 5704 1324 5734 ⁶³
1344 5695 1667 5765 ἀναλύοντες
1708 5695 1857 5772 ἷυιιῇ.
1903 5702 1965 5757 Ν.
2044 5695 2090 5736 ⁶’δ
2120 5695 2416 5767 ἐπέζευκτο
2450 5703 2542 5772 N.,
2589 5703 2893 5768 ὑπέζευκτο
2922 5695 3143 5777 \‘ulg."'
3170 5720 3226 5757 τε
3260 5702 3384 5760 add.
3426 5701 3489 5757 N.
