4076 6422
399 379 507 444 769

1163 336 1862 438 DEOLEGATIONIBUS
1901 365 2394 432 ROMANORUM
2440 370 2538 432 AD
2576 370 2890 434 GENTES.

3551 379 3656 443 7ῗο

395 492 464 554 ις
503 485 574 560 ἦν
600 484 765 559 ἔργον
791 481 1022 539 ἑλκύσαι
1045 482 1136 538 διὰ
1184 481 1446 556 κρημνῶν
1479 481 1775 551 τοσούτων,
1801 481 1857 544 ἐς
1881 478 1980 551 τὴν

2084 492 2270 537 monte
2321 480 2584 550 incensis,
2630 481 2971 554 Lychnidum
3012 483 3303 540 revertitur
3335 507 3350 544 ;
3380 487 3470 546 hic
3511 495 3657 547 Ada-

392 579 670 652 Λυχνηδδν
725 577 1061 648 ἀφικνεῖται.
1151 574 1264 630 Καὶ
1317 571 1566 644 εὑρίσκει
1618 571 1976 644 ’Δδαμάντιον

393 674 460 727 lx
507 673 606 741 τῆς
635 669 771 740 πρὸς
809 667 1134 738 Θευδέριχον
1175 663 1467 728 συνουσίας
1499 663 1884 719 ἐπανελθόνταο
1913 661 1976 716 ού

393 765 502 836 γάρ
549 779 637 816 πω
666 762 712 796 ⁸⁸
736 759 1057 830 Θευδέριχος
1104 757 1384 811 ἐπέπυστο
1427 755 1582 812 οὐδὲν
1631 756 1675 788 ⁸⁷
1715 754 1824 809 τῶν
1873 753 1980 807 ὑπὸ

396 852 718 912 Σαδινιανοῦ
755 853 814 905 ἐν
844 851 922 921 τῷ
959 850 1077 921 ὄρει
1129 848 1503 919 πραχθέντων.
1554 847 1694 911 Τοὺς
1754 847 1854 918 μὲν
1885 843 1980 902 οὖν

405 941 786 1016 αἰχμαλώτους
813 943 942 1005 τοὺς
965 939 1026 994 εὖ
1053 938 1348 1008 γεγονότας
1377 941 1436 994 ὲν
1471 939 1686 1010 φυλακῇ
1719 941 1976 1006 ποιεῖται,

392 1037 524 1100 τοὺς
566 1036 624 1090 δὲ
669 1034 864 1096 ἄλλους
907 1035 1046 1103 μετὰ
1091 1032 1191 1102 τῆς
1223 1031 1374 1095 λείας
1407 1031 1629 1086 διέδωκε
1662 1033 1775 1096 τοῖς
1810 1048 1979 1098 στρα-

393 1129 618 1192 τιώταις
647 1165 662 1182 .
725 1124 969 1196 ’Δμάξας
1033 1123 1216 1194 μέντοι
1273 1122 1477 1188 πολλὰς
1540 1123 1808 1186 κελεύσας
1859 1124 1982 1186 ταῖς

402 1220 603 1274 πόλεσι
649 1218 784 1290 πρὸς
837 1217 937 1280 τὰς
989 1215 1084 1269 τοῦ
1141 1215 1508 1288 στρατοπέδου
1570 1215 1981 1269 κατασκευάσαι

395 1311 612 1384 χρείας,
672 1309 746 1372 ὡς
800 1307 1116 1378 ἐλήφθησαν
1159 1301 1341 1373 αὗται,
1385 1307 1587 1360 ἀπεῖπε
1635 1308 1755 1370 ταῖς
1795 1304 1982 1358 πόλεσι

402 1403 572 1475 μηδὲν
599 1399 960 1472 ἐνοχλεῖσθαι,
991 1397 1068 1463 ὡς
1099 1399 1198 1461 τὰς
1224 1399 1501 1470 ἀρκούσας
1533 1398 1695 1469 ἔχων.

469 1496 626 1551 Μετὰ
646 1493 705 1548 δὲ
741 1491 914 1548 ταῦτα
937 1492 1143 1564 γράφει
1173 1495 1274 1562 μὲν
1316 1492 1673 1560 Ἀδαμάντιος
1713 1489 1790 1560 τῷ
1823 1491 1979 1560 βασι-

395 1587 499 1650 λεῖ,
532 1585 610 1649 ὼς
642 1583 930 1653 ὑπέσχετο,
963 1583 1032 1636 τὰ
1055 1581 1190 1651 πρὸς
1219 1582 1542 1651 Θευδέριχον
1576 1579 1727 1652 αὐτῷ
1750 1581 1983 1648 διειλεγ-

403 1675 553 1746 μένα·
586 1671 785 1743 γράφει
807 1672 865 1724 δὲ
899 1674 995 1724 καὶ
1040 1669 1356 1734 Σαὸινιανδς
1385 1669 1479 1723 καὶ
1522 1667 1779 1740 Ἰωάννης
1814 1671 1842 1722 ὁ
1871 1666 1983 1721 ὕπ-

401 1783 566 1836 αρχος
593 1764 662 1818 τὰ
685 1765 1028 1833 γεγενημένα
1047 1764 1137 1815 ἐπὶ
1153 1762 1336 1832 μεῖζον
1365 1760 1653 1828 ὀγκοῦντες
1678 1760 1771 1813 καὶ
1801 1759 1986 1826 λέγον-

399 1874 509 1923 τες,
557 1857 632 1928 μὴ
663 1855 861 1928 χρῆναί
903 1872 956 1908 τι
1000 1854 1078 1924 τῷ
1106 1852 1377 1924 Βαρϐάρῳ
1428 1850 1738 1913 συνθέσθαι,
1784 1851 1858 1914 ὼς
1886 1851 1977 1904 ελ-

396 1947 548 2008 πίδος
586 1946 752 2018 οῠσης
776 1947 810 2018 ἢ
844 1945 986 2001 κατὰ
1019 1943 1222 2016 κράτος
1251 1943 1416 1997 αὐτὸν
1437 1943 1712 2009 ἑξελάσειν
1742 1942 1840 2011 τῆς
1867 1940 1978 2012 χώ-

401 2039 557 2111 ραςῆ
587 2037 753 2093 αὑτοῦ
786 2036 1020 2107 μένοντα
1053 2035 1430 2105 κατατρίψειν.
1468 2033 1657 2088 Ταῦτα
1684 2033 1990 2102 δεξάμενος

400 2128 654 2201 βασιλεὺς
714 2127 811 2182 καὶ
875 2125 1124 2194 νομίσας,
1183 2123 1422 2195 πόλεμον
1473 2125 1693 2194 εἰρήνης
1746 2123 1980 2192 αἰσχρᾶς

397 2218 539 2275 εἶναι
599 2220 816 2291 βελτίω,
868 2220 1092 2291 πέμψας
1145 2217 1442 2273 ἁνεκάλεσε
1470 2215 1562 2269 τὸν
1616 2213 1976 2287 πρεσὸευτήν,

397 2311 663 2376 κελεύσας
729 2311 895 2382 μηδὲν
943 2311 1022 2364 ἔτι
1073 2310 1210 2381 πρὸς
1276 2311 1482 2362 ἐκεῖνον
1513 2305 1825 2369 συνθέσθαι,
1861 2304 1978 2357 ἀλλ’

396 2405 576 2457 εἰπεῖν
596 2402 898 2472 Σαϐινιανῷ
922 2403 1018 2456 καὶ
1043 2401 1279 2468 Γέντονι,
1316 2399 1502 2469 Γότθῳ
1533 2397 1634 2468 μὲν
1655 2397 1769 2450 ὄντι
1796 2396 1976 2466 ἀνδρὶ,

397 2497 637 2566 γυναῖκα
668 2493 724 2547 δὲ
759 2493 1046 2564 Ῥωμαίων
1083 2493 1191 2546 τῶν
1228 2492 1357 2563 περὶ
1385 2490 1484 2562 τὴν
1521 2492 1788 2560 Ἤπειρον
1813 2505 1980 2556 γεγα-

398 2587 602 2661 μηκότι
663 2588 759 2641 καὶ
809 2585 1038 2657 δύναμιν
1089 2585 1289 2656 ἔχοντι,
1339 2583 1559 2654 ἔχεσθαι
1610 2581 1706 2635 τοῦ
1737 2580 1977 2650 πολέμου

398 2682 547 2752 πάσῃ
601 2681 766 2750 χειρὶ,
802 2677 876 2742 ὡς
905 2679 1060 2731 οὐδὲν
1089 2675 1352 2748 βασιλέως
1391 2679 1525 2745 πρὸς
1569 2673 1816 2735 ἐκείνους
1845 2689 1968 2726 συν-

397 2770 726 2843 θησομένου.
783 2769 893 2822 Καὶ
946 2768 1288 2837 συγκαλέσας
1333 2767 1460 2828 τοὺς
1531 2762 1873 2836 στρατιώτας
1940 2761 1969 2813 ό

409 2863 771 2932 ’Δδαμάντιος
827 2858 1060 2931 ἐπῄνεσε
1117 2859 1318 2921 αὐτοὺς
1371 2855 1472 2926 τῆς
1513 2853 1847 2926 προθυμίας,
1879 2852 1978 2906 καὶ

397 2955 652 3010 ἐκέλευσε
701 2952 988 3021 γενναίως,
1016 2949 1208 3021 ὥσπερ
1257 2949 1488 3020 πάτριον
1521 2947 1728 3009 αὐτοῖς,
1762 2943 1980 3016 ἔχεσθαι

394 3045 509 3099 τῶν
555 3043 898 3116 πραγμάτων
927 3082 942 3107 ,
1000 3044 1093 3094 καὶ
1141 3039 1204 3094 τὸ
1248 3039 1314 3093 ἐκ
1369 3038 1632 3109 βασιλέως
1697 3035 1981 3103 ὲπανέγνω

395 3137 748 3210 πρόσταγμα.
783 3134 915 3199 Ταῖς
939 3133 987 3187 τ’
1016 3132 1228 3186 ἐλπίσιν
1257 3131 1454 3196 αὐτοὺς
1488 3128 1791 3201 μετεώρους
1820 3128 1979 3198 ποιή-

399 3246 520 3294 σας,
537 3229 614 3290 ὡς
643 3227 910 3298 βασιλέως
936 3225 1024 3278 ἀεὶ
1053 3227 1186 3277 πᾶσι
1211 3223 1309 3294 τὴν
1339 3221 1650 3294 προθυμίαν
1678 3222 1779 3273 οὐκ
1807 3219 1981 3289 ἀκαρ-

361 3317 370 3324 ’
397 3338 500 3375 πον
531 3321 750 3384 ἐῶντος,
778 3317 1050 3388 εὐφημίας
1077 3315 1235 3386 έτυχε
1297 3316 1391 3369 καὶ
1439 3314 1577 3383 μετὰ
1612 3312 1781 3382 τιμῆς
1832 3326 1980 3380 παρ·

394 3412 676 3484 επέμφθη.
705 3412 815 3466 Καὶ
846 3413 873 3464 ό
895 3409 991 3481 μὲν
1010 3409 1300 3478 ἀπηλλάγη
1349 3405 1514 3477 μηδὲν
1533 3406 1693 3484 πλέον
1724 3404 1977 3474 ποιήσας.

465 3477 706 3575 BL-"th
765 3501 858 3556 ἐπὶ
896 3477 1176 3571 *Ζήνωνος
1233 3496 1330 3552 τοῦ
1397 3477 1662 3568 βασιλέως
1740 3495 1981 3558 στάσεως

399 3594 704 3665 γενομένης
741 3593 894 3663 παρὰ
939 3586 1262 3661 Μαρκανοῦ
1301 3587 1396 3643 καὶ
1426 3587 1600 3640 ἄλλων
1629 3583 1812 3650 τινῶν,
1843 3584 1983 3636 Gsu-

395 3686 610 3757 δέριχος
635 3687 664 3738 ό
705 3683 964 3755 Τριαρίου
1004 3679 1188 3752 μαθὼν
1233 3678 1301 3732 τὰ
1335 3677 1616 3747 γεγονότα,
1653 3674 1746 3728 καὶ
1775 3673 1979 3727 ύπολασ-

402 3774 512 3831 ὁὼν
541 3777 733 3849 καιρδν
756 3775 851 3829 νῦν
872 3773 1020 3844 αὐτῷ
1048 3770 1386 3842 παρεστάναι
1421 3772 1485 3842 τῇ
1517 3769 1668 3822 πόλει
1698 3764 1980 3819 ἐπιθέσθαι

409 3871 502 3924 καὶ
554 3869 631 3940 τῷ
690 3867 900 3939 βασιλεί
945 3866 1115 3933 αὐτῷ,
1169 3866 1275 3918 πᾶν
1329 3863 1492 3926 εὐθὺς
1551 3861 1865 3930 ἀναστήσας
1921 3857 1981 3910 τὸ

407 3959 740 4032 βαρϐαρικὸν
778 3955 902 4032 ἧκε,
932 3956 1093 4027 δῆθεν
1129 3957 1234 4030 μὲν.
1273 3955 1348 4019 ὡς
1383 3953 1700 4025 βουλόμενος
1734 3951 1879 4021 αύτῴ
1920 3966 1980 4002 τε

401 4049 478 4120 τῷ
513 4049 725 4120 βασιλεῖ
770 4049 865 4101 καὶ
918 4049 984 4118 τῇ
1037 4045 1193 4100 πόλει
1245 4044 1472 4116 ἀμῦναι,
1512 4043 1773 4114 πρόδηλος
1817 4041 1874 4094 δὲ
1905 4040 1982 4096 ὢν

402 4145 568 4196 πᾶσιν
595 4139 678 4209 ἐφ’
711 4140 819 4210 ὅτῳ
849 4137 1128 4209 ἠπείγετο.
1163 4135 1427 4198 Βασιλεὺς
1450 4133 1508 4189 δὲ
1541 4133 1779 4196 ἀκούσας
1808 4132 1982 4189 ἱππέα

401 4232 677 4303 ἐξέπεμψε
729 4231 824 4285 καὶ
878 4230 1125 4301 βασίλεια
1151 4229 1475 4298 γράμματα,
1507 4227 1604 4296 τῆς
1637 4225 1742 4296 ¹μὲν
1774 4225 1980 4296 προθυ-

403 4325 538 4398 μίας
560 4324 723 4378 αύτὸν
750 4322 1007 4387 ἐπαινῶν,
1034 4319 1271 4374 κελεύων
1301 4319 1358 4374 δὲ
1391 4316 1665 4383 ἀπελθεῖν,
1698 4317 1773 4379 ὡς
1800 4315 1982 4368 οὐκέτι

401 4416 572 4488 οὔσης
630 4417 845 4488 χρείας,
901 4413 976 4484 μὴ
1036 4412 1191 4483 μόλις
1251 4411 1596 4465 καταστᾶσαν
1645 4410 1708 4461 ὲκ
1740 4406 1980 4460 τοιούτου

2078 575 2349 629 mantium
2378 575 2603 644 reperit,
2655 575 2750 646 qui
2779 589 2808 629 a
2834 575 3106 646 colloquio
3155 592 3275 632 cum
3317 578 3659 640 Theuderico

2080 667 2339 722 redierat.
2369 665 2621 724 Nondum
2644 668 2788 722 enim
2812 665 3203 736 Theodericus,
3237 685 3358 740 quae
3393 673 3443 727 in
3475 686 3659 731 monte

2079 771 2110 811 a
2149 755 2442 813 Sabiniano
2484 766 2632 826 gesta
2675 766 2856 822 erant,
2910 768 3258 828 cognoverat.
3309 759 3656 831 Captivorum

2080 858 2261 904 autem
2297 848 2589 904 nobiliores
2614 847 2873 903 custodiae
2929 851 3170 916 tradidit,
3210 851 3451 922 reliquus
3474 855 3662 910 militi-

2079 942 2185 997 bus
2205 956 2328 996 cum
2381 941 2564 1012 prada
2588 940 2886 996 distribuit.
2915 941 2982 996 Et
3015 957 3138 998 cum
3171 959 3277 998 non
3325 947 3497 1003 multo
3534 958 3662 1004 ante

2080 1049 2178 1104 per
2202 1034 2449 1090 civitates
2474 1033 2541 1088 ad
2571 1047 2724 1087 usum
2752 1034 3026 1090 exercitus
3054 1049 3244 1092 currus
3275 1039 3660 1108 praeparandos

2082 1126 2430 1196 imperasset,
2459 1133 2518 1178 ut
2549 1123 2668 1178 istis
2698 1131 2779 1177 est
2804 1124 3026 1192 potitus,
3060 1127 3226 1180 vetuit
3255 1128 3503 1184 civitates
3545 1145 3664 1184 am-

2082 1216 2222 1285 plius
2242 1217 2308 1270 de
2346 1215 2599 1270 curribus
2625 1213 2894 1280 laborare,
2917 1215 3044 1284 quia
3069 1217 3214 1286 quod
3243 1220 3380 1274 satis
3413 1229 3531 1276 erat
3561 1221 3661 1276 ba-

2081 1307 2265 1363 behat.
2321 1357 2326 1363 .

2154 1486 2249 1542 llis
2280 1487 2354 1542 ita
2382 1490 2573 1558 gestis,
2606 1488 2798 1544 scribit
2835 1487 3193 1544 Adamantius
3222 1487 3563 1557 imperatori,
3599 1497 3660 1543 ιιι

2086 1575 2460 1633 Theudericho
2481 1581 2826 1649 promiserat,
2845 1593 3145 1642 sermones,
3169 1595 3305 1650 quos
3325 1594 3444 1633 cum
3469 1594 3534 1633 eo
3562 1579 3664 1633 ha-

2083 1669 2294 1724 buerat.
2322 1669 2580 1725 Scribunt
2613 1680 2666 1726 et
2683 1672 3012 1726 Sabinianus
3033 1681 3088 1726 et
3109 1672 3349 1727 Joannes
3373 1671 3660 1740 praefectus

2087 1779 2172 1818 res
2201 1777 2232 1817 a
2261 1779 2320 1820 se
2339 1773 2545 1834 gestas,
2579 1775 2634 1818 et
2655 1764 2839 1818 omnia
2877 1765 2929 1819 in
2962 1765 3135 1834 majus
3167 1764 3508 1826 extollentes,
3539 1778 3664 1817 sua-

2086 1854 2288 1908 debant
2327 1867 2384 1909 ut
2413 1870 2601 1924 pacem
2634 1871 2759 1910 cum
2805 1854 3045 1910 Barbaro
3086 1869 3190 1909 non
3223 1854 3447 1910 faceret.
3496 1853 3660 1922 Spem

2079 1947 2223 2001 enim
2269 1962 2392 2003 esse
2423 1947 2473 2001 vi
2505 1962 2628 2002 eum
2679 1948 2898 2018 regione
2927 1946 3140 2017 depelli,
3166 1955 3259 2000 aut
3291 1946 3339 2001 si
3381 1946 3661 2012 manserit,

2088 2040 2320 2109 opprimi
2370 2055 2556 2110 posse.
2590 2039 2718 2096 Haec
2749 2040 2838 2094 ubi
2881 2041 3179 2109 imperator
3204 2037 3662 2103 rescivit,bellum

2082 2134 2222 2200 turpi
2247 2146 2379 2200 pace
2403 2133 2584 2200 potius
2603 2133 2832 2196 ducens.
2865 2135 3016 2188 misit
3041 2134 3131 2202 qui
3180 2133 3420 2199 legatum
3456 2131 3657 2192 redire.

2081 2235 2255 2290 neque
2278 2222 2573 2292 quidquam
2593 2225 2669 2277 rei
2687 2224 2918 2293 amplius
2937 2240 3056 2278 cum
3080 2223 3318 2277 Barbaro
3340 2225 3663 2277 contrahere

2075 2310 2310 2380 juberet,
2331 2313 2424 2367 sed
2448 2313 2628 2367 verbis
2649 2315 2762 2368 suis
2786 2313 3080 2368 Sabiniano
3105 2315 3307 2368 diceret
3323 2322 3376 2368 et
3400 2312 3657 2378 Gentoni,

2077 2403 2192 2474 86
2214 2404 2284 2473 (is
2309 2415 2430 2457 erat
2461 2405 2544 2458 vir
2573 2404 2809 2469 Gothus,
2837 2415 2889 2460 et
2913 2405 3129 2459 mulieri
3161 2404 3418 2459 Romanae
3443 2404 3495 2458 in
3530 2403 3662 2474 Epi-

2087 2509 2146 2547 ro
2179 2503 2456 2562 nupserat,
2505 2503 2560 2548 et
2587 2495 2772 2564 c0pias
2821 2493 3096 2560 ducebat,)
3153 2503 3212 2548 ut
3245 2508 3368 2548 cum
3403 2493 3660 2548 omnibus

2079 2588 2270 2656 copiis,
2291 2602 2410 2654 qua:
2443 2585 2573 2654 ipsis
2603 2587 2876 2647 adessent,
2921 2586 3119 2642 bellum
3169 2595 3441 2656 gererent,
3477 2601 3575 2640 nec
3603 2601 3664 2640 e-

2080 2680 2190 2734 nim
2220 2679 2321 2732 sibi
2353 2679 2458 2732 ulla
2492 2678 2548 2732 in
2586 2692 2642 2732 re
2669 2693 2792 2732 cum
2820 2677 3056 2730 Barbaro
3083 2678 3394 2730 convenire.
3431 2676 3661 2730 AtAda-

2086 2770 2344 2833 mantius,
2399 2767 2711 2822 convocatis
2753 2766 3036 2830 militibus,
3069 2780 3254 2820 eorum
3288 2764 3660 2821 fortitudinem

2081 2861 2346 2928 laudavit,
2370 2868 2425 2916 et
2449 2871 2505 2912 ut
2537 2857 2708 2914 fortes
2727 2873 2847 2913 esse
2875 2868 3184 2928 pergerent,
3219 2867 3276 2911 ιιι
3307 2873 3422 2910 tuos
3452 2859 3662 2927 patrius

2082 2953 2270 3018 ferret,
2294 2953 2539 3008 hortatus
2555 2961 2660 3006 est.
2690 2949 2827 3004 Tum
2855 2951 3198 3019 imperatoris
3228 2951 3537 3004 mandatum
3557 2950 3663 3006 illis

2084 3048 2351 3112 recitavit,
2379 3056 2433 3100 et
2462 3046 2514 3099 in
2540 3059 2768 3115 magnas
2795 3057 2920 3114 spes
2945 3058 3040 3099 eos
3061 3043 3256 3106 erexit,
3281 3045 3660 3111 imperatorem

2085 3138 2454 3194 fortitudinem
2485 3147 2538 3194 et
2583 3139 2876 3192 navitatem
2908 3150 3095 3190 eorum
3129 3151 3234 3189 non
3275 3136 3395 3190 sine
3453 3135 3664 3201 magnis

2085 3231 2319 3301 praamiis
2331 3245 2450 3284 esse
2469 3207 2986 3300 p'mtermissurum.
3006 3225 3128 3281 llzec
3148 3226 3297 3279 illum
3321 3241 3515 3296 magno
3537 3241 3660 3280 cum

2081 3323 2274 3392 plausu
2304 3321 2539 3375 locutum
2571 3319 2870 3376 honoriﬁce
2892 3318 3095 3372 milites
3123 3317 3397 3386 prosecuti
3427 3325 3570 3370 sunt.
3598 3318 3664 3371 Et

2081 3414 2161 3468 sic
2174 3413 2411 3484 quidem,
2435 3410 2702 3478 legatione
2715 3409 2852 3462 haud
2870 3405 3104 3463 feliciter
3127 3417 3368 3474 peracta,
3387 3404 3658 3459 discessit.

2151 3503 2205 3558 2.
2236 3503 2346 3574 (Δ.
2382 3502 2442 3556 C.
2479 3499 2605 3567 481,
2633 3499 2748 3553 lnd.
2796 3500 2850 3565 4,
2882 3497 3087 3554 Zenon.
3115 3494 3167 3549 8.
3193 3496 3210 3564 )
3233 3494 3451 3550 Zenone
3488 3497 3662 3563 impe-

2081 3603 2238 3647 rante
2269 3591 2574 3645 Marcianus
2617 3598 2670 3642 et
2691 3587 2782 3644 alii
2816 3584 3060 3641 nonnulli
3101 3584 3426 3636 seditionem
3475 3599 3661 3638 move.

2083 3693 2224 3738 runt.
2249 3683 2346 3738 Ubi
2373 3697 2433 3736 ea
2457 3695 2545 3735 res
2561 3679 2628 3736 ad
2649 3676 3076 3733 Theuderit'hutn
3097 3672 3294 3728 Triarii
3317 3673 3389 3729 (il.
3409 3684 3492 3728 est
3515 3674 3662 3728 dela-

2085 3784 2157 3840 ta,
2184 3773 2285 3828 sibi
2308 3771 2543 3826 oblatam
2569 3769 2913 3822 occasionem
2956 3766 3148 3819 urbem
3191 3773 3244 3817 et
3277 3763 3658 3833 imperatorem

2082 3867 2258 3936 ipsum
2301 3859 2580 3916 adoriendi
2626 3859 2968 3921 existimans,
3017 3871 3260 3925 magnam
3297 3853 3658 3908 Barbaros-nm

2084 3969 2302 4010 manum
2335 3951 2528 4021 coegit,
2567 3948 2828 4003 simulans
2851 3962 2910 4001 se
2951 3947 3017 3999 ad
3055 3945 3436 4015 imperatorem
3471 3957 3524 4000 et
3572 3962 3664 3999 nr-

2081 4044 2202 4100 betn
2241 4058 2270 4096 a
2298 4041 2536 4114 periculo
2563 4038 2895 4094 liberandum
2935 4037 3191 4090 accedere
3223 4051 3239 4101 ;
3291 4035 3384 4090 sed
3439 4035 3666 4090 manife-

2084 4147 2226 4193 stum
2250 4145 2367 4191 erat
2389 4134 2662 4199 omnibus,
2685 4146 2790 4202 qua
2829 4130 2892 4184 de
2914 4144 3077 4186 causa
3109 4137 3438 4183 accurreret.
3476 4127 3664 4196 itaque

2083 4228 2400 4296 imperator,
2433 4225 2521 4279 ubi
2554 4225 2655 4278 hoc
2675 4221 2900 4285 audivit,
2926 4220 2992 4275 ad
3025 4231 3146 4274 eum
3184 4235 3308 4273 cum
3343 4220 3535 4272 litteris
3578 4231 3663 4272 re-

2083 4319 2186 4389 giis
2240 4317 2474 4385 equitem
2518 4315 2708 4380 mittit,
2735 4313 2974 4367 animum
3015 4320 3070 4365 et
3093 4311 3419 4365 voluntatem
3445 4323 3571 4376 erga
3604 4323 3662 4362 se

2085 4407 2292 4471 laudat,
2326 4403 2421 4460 sed
2447 4402 2602 4472 jubet
2650 4417 2772 4457 eum
2805 4403 3080 4464 recedere,
3119 4399 3242 4468 quia
3291 4399 3382 4453 illo
3413 4413 3515 4452 non
3546 4412 3664 4450 ain-

406 4509 568 4562 σάλου
597 4510 697 4577 τὴν
728 4507 882 4561 πόλιν
913 4504 1069 4567 αὖθις
1093 4506 1173 4568 εἰς
1205 4504 1460 4557 ὑπόνοιαν
1487 4499 1814 4572 ἐμϐαλόντες
1863 4497 1981 4584 ἑτέ-

2092 4501 2232 4571 plius
2257 4500 2361 4555 sibi
2389 4513 2526 4568 opus
2561 4505 2727 4562 esset,
2754 4510 2821 4550 ne
2851 4496 3124 4550 civitatein
3159 4493 3245 4546 vix
3278 4510 3304 4546 ιι
3340 4503 3487 4551 tanto
3527 4501 3661 4548 aestu

408 4617 511 4673 ραν
541 4599 604 4651 τδ
651 4596 1004 4674 θορυϐεῖσθαι
1063 4595 1253 4665 φιλοῦν
1290 4597 1370 4657 εἰς
1424 4593 1590 4664 χείρω
1623 4593 1715 4647 καὶ
1767 4590 1985 4662 μείζονα

409 4694 752 4766 ἑκταράξωσι
784 4693 974 4747 στάσιν
1001 4693 1069 4748 ⁸³.
1117 4691 1177 4745 '0
1224 4690 1280 4744 δὲ
1311 4689 1472 4754 αὐτὸς
1507 4690 1603 4760 μὲν
1646 4687 1750 4759 ἔφη
1781 4686 1857 4757 τῷ
1891 4685 1988 4760 βα-

410 4789 548 4842 σιλεῖ
580 4785 882 4848 πείθεσθαι,
919 4785 980 4838 τὸ
1018 4783 1074 4836 δὲ
1114 4781 1318 4852 πλῆθος
1350 4780 1534 4834 οὐκέτι
1563 4778 1820 4833 δύνασθαι
1859 4778 1990 4831 ἀνα-

410 4877 708 4950 στρέφειν,
769 4875 1021 4928 τοσοῦτόν
1076 4889 1137 4928 τε
1200 4871 1452 4940 συλλεγὲν
1489 4870 1580 4923 καὶ
1616 4868 1780 4939 μέρος
1827 4883 1878 4919 τι
1926 4866 1988 4919 ού

408 4969 589 5041 βραχὺ
618 4965 971 5020 διαναπαύων
995 4966 1064 5020 ⁸⁸.
1118 4963 1292 5041 Ύπέρ
1315 4979 1376 5015 τε
1404 4961 1512 5032 γὰρ
1554 4960 1749 5029 τειχῶν
1797 4957 1992 5010 οὐδένα

412 5039 660 5132 ἐνόμιζεν
693 5059 842 5133 αύτῷ
871 5039 1307 5130 ἀντιστήσεσθαι,
1350 5057 1486 5125 μήτε
1525 5054 1799 5117 ὲπὰλξεως
1828 5049 1992 5121 μηδε-

418 5149 546 5221 μιᾶς
583 5149 721 5219 μήτε
776 5148 988 5217 πύργου
1028 5145 1286 5208 ἑστῶτος,
1348 5142 1442 5196 καὶ
1496 5140 1789 5194 εἰσελθόντι
1819 5139 1992 5194 πάντα

412 5241 506 5294 τὸν
533 5240 708 5310 δῆμον
740 5236 1107 5309 προσέσεσθαι
1164 5238 1230 5306 τῇ
1262 5234 1371 5288 τῶν
1411 5231 1670 5302 Ίσαύρων
1700 5232 1988 5302 ἀπεχθείᾳ.

415 5329 488 5382 Ἃ
540 5329 606 5398 δὴ
637 5327 733 5380 καὶ
787 5326 1123 5396 φοϐούμενος
1175 5325 1362 5396 Ζήνων
1415 5321 1690 5390 ἐκπέμπει
1726 5323 1991 5390 Πελὰγιον

412 5423 678 5495 χρήματα
708 5420 900 5491 ἔχοντα
926 5417 1118 5473 πολλάο
1179 5418 1251 5471 τὰ
1284 5417 1381 5488 μὲν
1409 5417 1457 5448 ⁷⁸
1487 5415 1634 5486 αὑτῷ
1663 5415 1992 5486 Θευδερίχῳ,

2093 4593 2372 4647 liberatam
2403 4591 2652 4644 homines
2683 4602 2941 4642 novarum
2974 4602 3152 4641 rerum
3174 4584 3351 4654 cupidi
3388 4584 3441 4638 in
3495 4583 3660 4639 aliain

2092 4684 2552 4759 perturbationem
2577 4690 2630 4735 et
2670 4680 3035 4750 suspicionem
3070 4678 3403 4745 conjicerent
3423 4685 3478 4730 et
3506 4675 3664 4744 longe

2093 4777 2541 4852 perniciosiorem
2575 4783 2630 4828 et
2654 4773 2916 4841 majorem
2946 4772 3126 4842 priore
3175 4771 3480 4825 excitarent
3521 4767 3664 4824 sedi-

2097 4876 2318 4928 tionem.
2346 4869 2436 4923 llle
2461 4883 2591 4923 vero
2612 4866 2910 4938 respondit,
2945 4879 3004 4918 se
3030 4863 3339 4932 imperatori
3369 4863 3659 4916 obsecutu-

2092 4980 2209 5020 rum
2243 4975 2416 5032 neque
2450 4970 2628 5018 tamen
2661 4972 2820 5029 posse
2854 4956 3151 5012 exercitum
3177 4957 3433 5011 reducere
3459 4964 3663 5007 tantum

2093 5064 2149 5111 et
2201 5053 2492 5108 maximam
2525 5057 2730 5121 partem
2764 5047 2925 5102 .dicto
2967 5061 3066 5102 suo
3095 5062 3282 5116 parum
3326 5046 3661 5104 audientem.

2094 5147 2360 5216 Sperabat
2387 5144 2552 5208 enim,
2600 5139 2890 5206 neminem,
2919 5139 3010 5212 qui
3041 5139 3319 5195 resisteret
3351 5153 3449 5209 pro
3476 5133 3670 5189 maeni-

2093 5241 2217 5303 bus,
2246 5253 2363 5306 qnze
2388 5234 2532 5290 nullo
2553 5232 2955 5306 propugnaculo
2979 5242 3072 5289 aut
3089 5245 3237 5288 turre
3265 5229 3467 5289 munita
3486 5233 3666 5290 erant,

2095 5331 2196 5386 sibi
2250 5339 2627 5386 occursurum,
2677 5333 2732 5377 et
2758 5327 2822 5376 ad
2855 5338 2913 5377 se
2953 5322 3004 5377 in
3052 5325 3238 5376 urbem
3277 5313 3666 5386 ingredientem

2095 5435 2308 5477 omnem
2335 5415 2643 5488 popularem
2663 5415 2874 5468 turbam
2895 5411 3104 5467 delectu
3115 5424 3223 5464 rain
3245 5414 3463 5479 propter
3483 5400 3665 5454 odium

513 5491 591 5567 δὲ
621 5513 718 5566 καὶ
765 5512 844 5584 τῷ
918 5509 1159 5580 Γοτθικῷ
1213 5508 1290 5581 τῷ
1324 5507 1488 5562 παντὶ
1543 5506 1748 5560 διδόασι
1774 5508 1841 5574 ⁷¹,
1900 5507 1981 5565 καί

2099 5521 2204 5576 quo
2229 5505 2442 5560 Isauros
2474 5503 2923 5574 prosequebatur.
2973 5501 3120 5556 ldem
3146 5497 3291 5553 Zeno
3319 5494 3521 5548 veritus
3539 5491 3669 5546 mit-

1708 5619 1941 5675 VARUE
1975 5619 2272 5680 LECTION
2282 5619 2386 5674 ES.

491 5719 540 5750 “
571 5733 676 5772 που
702 5715 848 5788 vulg.
923 5715 976 5788 ⁸1
1010 5713 1382 5788 ούδενὶυνιιιε.

1485 5713 1529 5747 ⁸³
1554 5712 2142 5792 ἑκταὲράξωσιηστά-σιν
2171 5711 2287 5792 Αῌη
2330 5710 2620 5792 ἐκταράςω
2666 5709 2928 5767 σύστασιν
2967 5704 3114 5777 vulg.

3219 5705 3266 5738 "
3293 5698 3668 5778 διαναπαύων]

421 5787 544 5844 λίαν
576 5780 826 5850 ὰπειθέξ
857 5785 1001 5857 conj.
1039 5786 1104 5840 Ν.
1181 5785 1227 5817 ⁷⁸
1249 5780 1494 5840 καὶάπιιε
1545 5787 1612 5838 τὰ
1643 5780 1741 5854 μὲν
1766 5784 1872 5838 ins.
1902 5782 1967 5840 H.
2045 5785 2091 5818 τι
2117 5783 2315 5838 διδόναι
2363 5780 2506 5849 conj.
2549 5780 2614 5835 Ν.
