4076 6416
348 391 457 451 773

1122 385 1218 446 DE
1257 380 1823 446 LEGATIONl-BUS
1863 379 2352 441 ROMANORUM
2391 381 2492 441 AD
2525 379 2843 440 GENTES.
3497 377 3603 441 774

358 498 625 554 Ἐνταῦθα
655 497 682 550 ό
718 495 959 568 Σευῆρος
1003 495 1243 550 ἀπέλυσε
1279 497 1379 567 μὲν
1408 497 1612 567 προῖκα
1636 493 1732 557 οὒς
1759 493 1921 554 αύτὺς

2045 494 2204 555 lebat.
2236 495 2354 550 sine
2385 495 2558 565 pretio
2583 495 2634 549 in
2663 494 2970 549 libertatem
2998 493 3255 559 restituit,
3287 506 3341 549 et
3374 501 3606 565 pecunia

345 592 491 664 εἶχεν
546 594 575 646 ό
628 589 932 657 Βάνδηλοςο
974 586 1009 642 ἃ
1033 587 1090 642 δέ
1122 585 1235 658 εἶχε
1276 586 1555 658 χρήματα,
1595 586 1688 638 καὶ
1721 583 1927 655 ἐσθῆτα

346 689 441 741 καὶ
494 683 667 753 σκεύη
727 682 906 735 πάντα
959 679 1063 732 ὑπὸ
1117 679 1320 750 κήρυκι
1355 677 1592 748 δημοσίᾳ
1642 677 1924 747 πωλήσας,

345 779 556 840 τούτοις
577 777 736 838 ὅσους
767 775 955 844 ἴσχυσε
985 771 1093 825 τῶν
1126 769 1486 841 αἰχμαλώτων
1508 767 1757 838 ἐπρίατο.

417 867 481 924 δ’.
517 867 641 921 Ὀτι
674 865 859 936 Ζήνων
885 864 914 916 ό
949 861 1203 932 βασιλεὺς
1233 861 1368 930 πρὸς
1401 860 1493 913 τὸν
1524 859 1769 930 ἀρχηγὸν
1816 858 1927 912 τῶν

347 959 560 1014 Γότθων
593 955 1074 1029 πρεσϐευσάμενος
1103 953 1234 1024 περὶ
1260 952 1586 1023 Ἡρακλείου
1608 952 1703 1005 τοῦ
1729 967 1929 1022 στρατ-

346 1049 481 1120 ηγοῦ
515 1047 608 1101 τού
643 1044 1008 1118 κρατηθέντος
1049 1044 1199 1114 παρά
1244 1042 1353 1096 τῶν
1388 1041 1621 1108 Γότθων,
1659 1039 1930 1110 ὑπέσχετο

345 1137 441 1189 ἐπὶ
467 1135 683 1206 λύτροις
716 1133 968 1202 ἀφήσειν,
991 1133 1085 1185 καὶ
1109 1131 1174 1184 τὰ
1207 1129 1380 1201 λύτρα
1428 1131 1628 1185 ἑκατὸν
1683 1147 1931 1201 συνωμο-

344 1229 546 1298 λόγησε
560 1225 815 1281 τάλαντα.
839 1223 1025 1278 Ταῦτα
1051 1223 1176 1287 τοὺς
1205 1221 1580 1294 προσήκοντας
1624 1221 1930 1294 Ἡρακλείῳ

346 1319 532 1390 Ζήνων
560 1315 812 1368 ἐκέλευσε
845 1315 1168 1385 παρασχεῖν,
1201 1315 1285 1367 ἵνα
1321 1314 1396 1386 μὴ
1426 1314 1608 1384 δοκοίη
1638 1313 1930 1383 λελυμένος

348 1409 443 1460 ὑπ’
469 1406 643 1460 ἄλλων
667 1406 726 1460 ἐν
757 1403 944 1460 δούλου
973 1403 1227 1472 γενέσθαι
1259 1403 1524 1473 σχήματι.
1556 1403 1846 1472 Πέμπεται
1872 1403 1928 1456 δὲ

347 1501 428 1560 εἰς
448 1496 674 1567 θρᾴκην
698 1495 810 1558 τοῖς
858 1492 1079 1556 Γότθοις
1105 1493 1174 1546 τά
1192 1494 1485 1564 χρήματα.
1519 1493 1582 1546 Οί
1605 1493 1661 1546 δὲ
1682 1493 1934 1560 ἐδέξαντο

353 1589 473 1658 μὲν,
508 1587 602 1641 καὶ
635 1585 794 1657 δῆθεν
819 1586 883 1639 ἐκ
912 1584 1012 1654 τῆς
1040 1586 1284 1655 φρουρᾶς
1316 1584 1532 1638 ἀνιᾶσιν
1564 1584 1888 1656 Ἡράκλειον
1913 1602 1927 1617 ·

349 1680 591 1751 προῖόντι
624 1677 680 1731 δὲ
708 1676 855 1749 αύτῷ
883 1679 941 1730 ἐν
973 1676 1258 1748 Ἀρκαδίου
1283 1675 1436 1728 πόλει
1466 1675 1865 1748 προστρέχουσί
1884 1675 1930 1708 ⁸⁸

2029 577 2196 650 omni,
2233 598 2394 654 quam
2430 583 2661 637 habebat
2690 594 2961 651 quamque
2985 595 3050 634 ex
3077 579 3318 634 vestibus
3347 591 3399 636 et
3423 582 3606 649 supel-

2031 675 2207 730 lectile
2237 674 2447 745 publice
2474 690 2500 727 a
2528 687 2774 744 praecone
2815 672 3045 727 venditis
3069 671 3336 738 solvebat,
3367 672 3610 742 captivos

2029 781 2382 837 quoscunque
2410 766 2580 836 potuit
2608 765 2853 820 redemit.

2099 857 2154 910 4.
2195 857 2342 911 Zeno
2382 857 2679 926 imperator
2729 870 2822 925 per
2858 853 3066 924 legatos
3097 867 3367 908 summum
3404 851 3612 908 Gotho-

2030 960 2148 1000 rum
2196 943 2387 1001 ducem
2437 945 2662 1016 rogavit,
2720 954 2777 998 ut
2818 942 3124 998 Heraclium
3160 945 3375 1008 ducem,
3411 943 3504 1012 qui
3555 942 3612 998 in

2031 1035 2264 1091 hostium
2299 1045 2417 1090 erat
2447 1044 2732 1105 potestate,
2773 1035 2950 1089 soluto
2996 1033 3378 1103 redemptionis
3412 1035 3608 1104 pretio,

2037 1127 2317 1194 liberaret,
2351 1135 2406 1181 et
2445 1141 2543 1197 pro
2573 1127 2943 1196 redemptione
2972 1125 3237 1194 pollicitus
3265 1134 3348 1180 est
3370 1137 3429 1178 se
3457 1124 3614 1178 datu-

2033 1235 2152 1273 rutn
2178 1227 2395 1273 centum
2442 1217 2666 1274 talenta.
2710 1217 2781 1270 Ea
2812 1217 2965 1270 Zeno
3017 1215 3266 1271 Heraclio
3295 1215 3614 1286 propinqui-

2035 1321 2145 1366 tate
2198 1307 2515 1378 conjunctos
2561 1307 2871 1378 persolvere
2903 1307 3088 1376 jussit,
3140 1307 3254 1378 88
3286 1322 3352 1363 ne
3387 1307 3454 1361 ab
3492 1307 3613 1361 aliis

2034 1404 2366 1471 redemptus,
2408 1401 2550 1456 servi
2583 1401 2700 1456 loco
2731 1401 3038 1455 haberetur.
3075 1398 3254 1456 Missae
3287 1410 3414 1454 sunt
3450 1399 3614 1469 igitur

2032 1503 2276 1569 pecunia!
2309 1499 2500 1555 Gothis
2543 1500 2598 1554 in
2642 1499 2951 1566 Thraciam,
2987 1513 3123 1569 quas
3171 1509 3519 1570 receperunt,
3557 1507 3614 1554 et

2035 1592 2340 1647 lleraclium
2398 1608 2429 1648 e
2469 1592 2711 1647 custodia
2757 1591 2984 1647 liberum
3030 1591 3180 1646 abire
3231 1591 3495 1647 siverunt.
3553 1591 3613 1646 ln

2034 1683 2200 1748 hunc,
2251 1698 2374 1739 cum
2419 1683 2524 1737 iter
2569 1682 2954 1752 Arcadiopolin
3010 1681 3279 1746 tenderet,
3328 1684 3614 1738 incurrunt

354 1787 492 1834 τινες
547 1768 756 1835 Γότθοι,
805 1769 900 1824 καὶ
925 1767 1196 1839 βαδίζοντι
1225 1766 1304 1837 τῷ
1331 1767 1642 1839 Ἡρακλείῳ
1709 1785 1795 1832 τις
1864 1769 1930 1821 ἐκ

2038 1777 2274 1832 nonnulli
2325 1775 2508 1841 Gothi,
2552 1790 2782 1845 quorum
2828 1791 2967 1830 unus
3014 1773 3320 1829 Heraclium
3386 1776 3614 1830 humero

353 1862 460 1916 τῶν
507 1861 728 1916 Γότθων
763 1860 856 1933 βίᾳ⁴
899 1837 990 1914 τὸν
1016 1853 1166 1932 ὦμον
1199 1859 1244 1892 ⁸⁸
1285 1837 1500 1916 ἔπαισε.
1542 1837 1664 1914 Τῶν
1685 1860 1743 1914 δέ
1797 1862 1926 1932 περὶ

2038 1869 2356 1924 vulneravit.
2407 1867 2770 1935 Quamobrem
2826 1865 3022 1936 aliquis
3077 1880 3144 1922 ex
3197 1866 3431 1946 bis,.qui
3487 1881 3612 1921 cum

349 1950 442 2004 τὸν
479 1951 794 2022 Ἡράκλειόν
826 1967 912 2014 τις
933 1948 1206 2020 ἐπέπληξε
1238 1947 1286 1982 ⁸⁸
1327 1949 1404 2020 τῷ
1429 1949 1633 2022 Γότθῳ,
1663 1951 1756 2004 καί
1785 1969 1924 2019 πως,

351 2038 528 2097 εἶπενο
565 2060 584 2094 ι
609 2041 746 2096 Ούτε
770 2041 968 2096 σαυτὸν
988 2037 1157 2107 οἶδας,
1182 2040 1458 2110 ἄνθρωπε,
1485 2040 1610 2094 οὔτε
1635 2042 1927 2110 γινώσκεις

352 2134 413 2188 δν
457 2133 709 2205 ἐπληξας.
751 2152 770 2186 ι
821 2133 880 2186 '0
936 2132 993 2186 δέ
1053 2134 1195 2188 πάνυ
1234 2132 1525 2203 γινώσκειν
1580 2131 1684 2204 ἔφη
1715 2132 1806 2186 τὸν
1833 2135 1927 2188 ὑπ’

354 2224 517 2279 αὑτοῦ
545 2226 778 2279 κάκιστα
810 2222 1178 2294 ἀπολούμενον
1208 2239 1223 2255 ⁶
1281 2223 1377 2277 καὶ
1417 2225 1533 2295 ἅμα
1587 2225 1929 2295 σπασάμενοι

352 2317 381 2369 ὁ
409 2316 512 2393 μέν
535 2333 618 2380 τις
652 2314 753 2387 τὴν
811 2314 1056 2387 κεφαλὴν
1114 2313 1205 2368 τοῦ
1253 2314 1598 2386 Ἡρακλείου,
1661 2317 1690 2370 ὀ
1729 2315 1786 2383 δέ
1832 2318 1930 2381 τὰς

353 2411 541 2478 χεῖρας
568 2407 832 2478 ἀπέτεμε.
884 2405 994 2460 Καί
1044 2423 1228 2476 φασιν,
1253 2407 1332 2460 ὅτι
1389 2406 1531 2462 κατὰ
1575 2409 1930 2462 ἀνταπόδοσιν

355 2498 556 2552 ἔπαθεν
604 2498 927 2572 Ἡράκλειος
957 2516 970 2531 ·
1054 2499 1271 2567 ἐλέγετο
1318 2500 1426 2571 γάρ
1480 2517 1632 2564 τινας
1687 2501 1796 2556 τῶν
1841 2503 1929 2572 ὑφ’

358 2591 508 2661 αύτῷ
539 2591 842 2645 τελούντων
876 2593 1245 2662 στρατιωτῶν,
1271 2593 1531 2660 δόξαντάς
1584 2611 1637 2647 τι
1679 2594 1933 2666 πλημμε-

354 2684 468 2739 λεῖν
500 2685 595 2738 οὐκ
620 2685 770 2750 ἄξιον
800 2683 1056 2750 θανάτου,
1087 2687 1169 2750 είς
1197 2683 1388 2756 βόθρον
1445 2685 1769 2741 καταὸαλὼν
1823 2689 1934 2741 πᾶν

353 2776 414 2830 τὺ
442 2777 756 2848 στράτευμα
790 2777 1102 2845 ἀναγκάσαι
1152 2777 1352 2841 αὐτοὺς
1413 2779 1769 2833 καταλεῦσαι.
1805 2780 1937 2833 Ἔκ-

353 2885 475 2922 τοτε
531 2864 626 2924 οὖν
666 2871 702 2940 ἡ
769 2868 862 2923 τοῦ
895 2869 1031 2923 Θεοῦ
1084 2869 1460 2942 ἀγανάκτησις
1511 2874 1592 2937 είς
1622 2872 1784 2928 αὑτὸν
1808 2874 1935 2946 ἐτη-

358 2962 524 3030 ρεῖτο.
1830 2955 1835 2963 ’

427 3058 489 3105 ε’.
520 3050 644 3104 Ὀτι
688 3049 737 3083 ⁸⁸
764 3050 984 3120 φεύγειν
1010 3067 1070 3105 τε
1099 3051 1193 3104 καὶ
1217 3051 1525 3108 πλανᾶσθαι
1549 3055 1644 3107 καὶ
1668 3053 1935 3126 μηδαμῶς

2031 1957 2285 2014 Heraclio
2309 1967 2488 2022 erant,
2520 1957 2573 2012 in
2613 1955 2850 2013 Gothum
2883 1957 3128 2012 invectus
3162 1974 3176 2011 :
3209 1974 3228 2008 ι
3262 1956 3328 2011 Ει
3359 1957 3486 2027 quid
3517 1957 3614 2012 tibi

2030 2053 2151 2109 vis?
2179 2053 2282 2119 ait;
2309 2052 2470 2107 satin'
2508 2062 2560 2106 tu
2595 2061 2648 2107 te
2681 2052 2855 2123 ipsum
2886 2051 3028 2106 nosti
3055 2059 3109 2106 et
3138 2067 3259 2108 eum
3307 2065 3465 2122 quem
3494 2052 3614 2105 vul—

2031 2144 2276 2201 nerasti?
2316 2163 2336 2197 ι
2374 2144 2440 2198 At
2492 2142 2720 2211 Gothus,
2764 2145 2930 2212 probe
2982 2158 3042 2199 se
3088 2158 3251 2200 nosse
3292 2156 3414 2196 enm
3454 2143 3615 2207 dixit,

2031 2251 2191 2306 quem
2222 2237 2362 2292 male
2403 2237 2714 2306 perditurus
2745 2244 2906 2291 esset.
2938 2235 3006 2290 Et
3052 2235 3210 2290 simul
3256 2233 3417 2290 G0thi
3457 2249 3616 2289 enses

2031 2330 2382 2400 stringentes,
2407 2342 2546 2382 unus
2575 2335 2756 2396 caput,
2785 2326 2922 2382 alter
2950 2339 3139 2380 manus
3169 2325 3418 2380 Heraclio
3437 2327 3617 2380 absci-
3705 2385 3712 2396 ι

2033 2422 2130 2478 dit.
2181 2420 2248 2475 Et
2296 2421 2369 2474 illi
2406 2420 2621 2491 quidem
2667 2420 2840 2485 aiunt,
2876 2435 2963 2486 ea,
3003 2435 3123 2490 quae
3181 2422 3490 2485 meruisset,
3531 2435 3617 2474 re-

2033 2527 2222 2584 pensa.
2263 2511 2459 2568 Fertnr
2491 2512 2636 2568 enim
2683 2513 2972 2582 quosdam,
3003 2512 3096 2582 qui
3126 2511 3225 2567 sub
3255 2526 3321 2566 eo
3348 2511 3616 2579 stipendia

2035 2605 2333 2668 faciebant,
2381 2605 2679 2676 judicatos,
2727 2604 2944 2675 aliquod
2987 2603 3220 2671 facinus,
3275 2617 3381 2658 non
3435 2611 3617 2656 tamen

2036 2708 2212 2754 morte
2254 2698 2508 2768 dignum,
2541 2697 2916 2761 commisisse,
2965 2696 3021 2751 in
3073 2696 3287 2751 foveam
3344 2693 3616 2762 coniectos

2037 2791 2307 2860 lapidibus
2335 2790 2404 2844 ab
2432 2790 2580 2844 omni
2609 2790 2847 2844 exercitu
2876 2789 3032 2844 obrui
3052 2788 3281 2858 iussisse
3302 2805 3318 2854 ;
3337 2803 3403 2846 ex
3431 2802 3497 2842 eo
3522 2787 3616 2841 Dei

2037 2879 2170 2936 iram
2200 2881 2253 2936 in
2292 2895 2415 2936 eum
2449 2888 2777 2935 commotam
2802 2878 2990 2946 fuisse,
3015 2878 3362 2934 observatum
3387 2887 3490 2934 est.

2115 3051 2169 3108 5.
2200 3051 2255 3107 ln
2289 3047 2549 3124 perpetua
2578 3050 2700 3122 luga
2735 3049 2809 3107 fni
2845 3060 2900 3106 et
2931 3051 3132 3116 erravi,
3170 3066 3346 3121 neque
3378 3066 3615 3122 unquam

354 3141 616 3196 δύνασθαι
667 3142 776 3196 τῶν
831 3143 1017 3196 κακῶν
1064 3143 1422 3211 ἀναπνεῦσαι,
1455 3147 1581 3217 παρ’
1606 3141 1687 3211 οἷς
1721 3165 1812 3219 μοι
1838 3145 1932 3202 τοῦ

2049 3157 2080 3197 a
2118 3142 2276 3198 malis
2308 3142 2578 3211 respirare
2607 3142 2736 3196 mihi
2767 3142 2951 3198 datum
2984 3149 3089 3204 est,
3124 3155 3191 3196 ne
3229 3142 3443 3212 quidem
3473 3141 3616 3212 apud

356 3233 696 3304 πταίσματος
727 3232 952 3304 ήλπιζον
997 3230 1140 3288 εῖναι
1188 3234 1542 3308 παραψυχήν.

429 3419 505 3481 ς’.
542 3413 668 3466 Ὀτι
699 3412 796 3467 τοι
822 3411 1059 3483 ἄρχοντα
1086 3413 1364 3481 Αίγύπτου
1390 3413 1484 3466 ἐπὶ
1515 3413 1672 3483 μόλις
1712 3417 1934 3486 χρυσίου

357 3508 574 3580 λίτραις
617 3511 662 3560 ν’
709 3504 1149 3576 ἐκπεμπόμενον,
1207 3503 1397 3575 ὥσπερ
1440 3504 1932 3578 εὐδαιμονεστέρας

356 3601 656 3670 γενομένης
677 3597 712 3669 ἢ
735 3596 991 3669 πρόσθεν,
1022 3595 1116 3649 ἐπὶ
1146 3594 1532 3660 πεντακοσίαις
1557 3595 1694 3666 ὁμοῦ
1725 3595 1938 3669 λίτραις

361 3687 704 3743 ἀπέστειλεν.

433 3780 500 3847 ξι
530 3781 654 3834 Ὅτι
684 3781 742 3833 ἐν
761 3777 839 3848 τῷ
875 3773 1027 3846 αὐτῷ
1059 3775 1240 3848 χρόνῳ
1265 3776 1294 3829 δ
1355 3777 1541 3848 Ζήνων
1597 3775 1938 3849 αίσθόμενος,

366 3875 442 3938 ὡς
470 3874 536 3927 τὰ
570 3873 669 3943 μέν
706 3870 1035 3942 Θευδερίχου
1074 3869 1168 3922 τοῦ
1214 3868 1402 3933 παιδὸς
1467 3869 1794 3942 Βαλαμήρου
1854 3871 1941 3925 ἀεὶ

371 3962 734 4031 ἀσθενέστερα
754 3958 850 4011 καὶ
875 3958 1133 4010 ἐλάττονα
1167 3957 1460 4024 γίγνοιντο,
1489 3959 1517 4010 ὁ
1541 3957 1597 4011 δέ
1629 3957 1723 4011 τού
1766 3959 1942 4029 Τρια-

367 4055 483 4128 ρίου
529 4053 658 4123 ἔθνη
685 4068 744 4104 τε
799 4046 1140 4119 συναθροίζει
1180 4050 1273 4101 καὶ
1319 4049 1610 4119 συστρέφει
1659 4051 1939 4121 δυνάμεις,

366 4147 586 4216 ἐνόμισε
647 4143 855 4214 βέλτιον
917 4141 1011 4194 ἐπὶ⁷
1051 4140 1294 4211 μετρίοις
1356 4140 1530 4211 αὐτῷ,
1584 4142 1634 4194 εί
1666 4142 1942 4212 συμόῆναι

366 4237 632 4309 βούλοιτο,
703 4231 1007 4288 καταλῦσαι
1055 4231 1154 4303 τὴν
1204 4230 1425 4303 ἐχθραν.
1498 4231 1610 4285 Καὶ
1685 4234 1943 4304 πρέσϐεις

363 4325 694 4390 ἀποστείλας
728 4324 880 4395 ἠξίου
904 4323 996 4377 τόν
1047 4339 1108 4376 τε
1156 4323 1272 4376 υἱὸν
1318 4322 1653 4394 παραδοῦναι
1712 4324 1939 4396 ὅμηρον,

359 4419 439 4485 ὡς
491 4418 664 4474 πάλαι
694 4413 1073 4488 προύκαλεῖτο,
1128 4415 1224 4468 καὶ
1277 4413 1495 4485 ἰδιώτην
1551 4415 1679 4468 ὅντα
1723 4417 1780 4470 ἐν
1830 4419 1943 4480 τοῖς

2035 3249 2151 3299 eos,
2175 3234 2318 3304 apud
2357 3248 2491 3304 quos
2522 3233 2783 3287 malorum
2825 3248 2911 3290 me
2953 3231 3377 3289 consolationem
3414 3249 3608 3305 reper-

2040 3333 2218 3378 turum
2245 3325 2553 3394 sperabam.

2109 3415 2161 3471 6.
2191 3415 2454 3470 Praefecto
2480 3413 2720 3485 Egypti,
2753 3413 2845 3483 qui
2876 3413 2962 3467 vix
2985 3415 3378 3486 quinquaginta
3408 3415 3522 3468 auri
3551 3414 3618 3468 li-

2037 3510 2164 3566 bras
2217 3507 2488 3562 conficere
2541 3505 2784 3568 solebat,
2840 3514 3097 3576 tanquam
3167 3507 3417 3562 uberiore
3471 3507 3614 3564 facta

2038 3597 2340 3668 provincia,
2371 3595 2696 3666 quingentas
2719 3594 2930 3650 tribuit.

2114 3778 2160 3832 7.
2205 3777 2287 3850 (C.
2320 3775 2389 3831 Α.
2418 3774 2480 3830 C.
2504 3774 2628 3840 477,
2649 3773 2764 3829 lttd.
2791 3772 2876 3838 15,
2911 3773 3117 3829 Zenon.
3140 3773 3218 3847 4.)
3249 3773 3447 3830 Eodem
3482 3784 3617 3829 tem-

2044 3886 2172 3942 pore
2218 3885 2341 3925 cum
2407 3866 2554 3922 Zeno
2598 3867 2893 3935 imperator
2937 3866 3277 3936 prmsentiret
3320 3866 3616 3922 Tlteuderi-

2042 3966 2224 4028 cltum,
2276 3959 2533 4015 Valamiri
2584 3959 2778 4024 lilium,
2817 3958 3008 4028 opibus
3057 3966 3110 4012 et
3152 3959 3387 4028 potentia
3420 3959 3525 4013 labi
3561 3969 3616 4012 ct

2044 4053 2236 4116 minui,
2265 4061 2458 4106 contra
2496 4049 2932 4105 Tlteudericbum
2979 4047 3172 4104 Triarii
3215 4051 3392 4105 varias
3426 4061 3614 4120 gentes

2044 4145 2148 4201 sibi
2188 4144 2482 4200 conciliare
2517 4151 2573 4199 et
2620 4143 2805 4212 copias
2831 4157 2958 4198 suas
2986 4141 3261 4212 colligere,
3302 4143 3618 4199 inimicitias

2042 4237 2210 4307 requis
2257 4235 2680 4299 conditionibus,
2729 4235 2773 4290 si
2811 4235 3104 4290 convenire
3140 4234 3316 4300 vellet,
3346 4237 3617 4305 deponere

2044 4329 2240 4385 melius
2277 4343 2420 4397 esse,
2468 4328 2821 4383 existimavit.
2863 4327 3048 4397 Itaque
3092 4341 3189 4397 per
3218 4327 3616 4396 legatos,quos

2045 4404 2422 4490 misit,'petiit,
2445 4427 2499 4472 ιιι
2535 4417 2726 4484 lilium,
2747 4417 2886 4487 quod
2905 4417 3015 4484 jam
3038 4416 3246 4486 pridem
3275 4423 3612 4486 poposcerat,

364 4509 564 4565 ἐαυτοῦ
613 4505 819 4580 μένειν,
851 4505 1019 4577 μηδέν
1050 4503 1465 4576 ἐνοχλούμενον,
1520 4503 1711 4576 ὥσπερ
1767 4505 1935 4578 ῇτησε

2043 4511 2286 4566 obsidem
2324 4510 2500 4574 daret,
2547 4519 2604 4563 ut
2645 4511 2909 4579 privatam
2954 4509 3118 4563 vitam
3166 4517 3372 4579 ageret,
3409 4518 3460 4564 et
3492 4509 3616 4564 sine

363 4604 511 4667 τότε,
543 4601 731 4656 λαϐεῖν
757 4615 818 4653 τε
879 4597 977 4668 τὴν
1029 4596 1218 4651 οὐσίαν
1281 4597 1485 4667 ὁπόσης
1541 4596 1814 4669 ἀφῄρητο,
1848 4600 1942 4652 καὶ

363 4692 539 4749 τᾶλλα
565 4689 882 4764 ἡσυχάζειν,
937 4688 1092 4742 οὐδὲν
1120 4686 1314 4759 ἔχοντα
1359 4688 1530 4742 κακὸν
1571 4689 1692 4744 οὐδὲ
1768 4691 1942 4761 ἑτέρῳ

364 4786 700 4857 παρέχοντα.
754 4781 813 4835 '0
849 4780 908 4834 δέ
957 4780 1316 4851 ἀπεκρίνατο,
1343 4780 1425 4833 ὅτι
1452 4780 1578 4834 οὔτε
1611 4781 1659 4814 ⁸⁸
1702 4781 1794 4835 τὸν
1827 4784 1942 4836 υἱὸν

366 4877 450 4931 ἔτι
477 4879 684 4947 ὅμηρον
701 4869 888 4938 δώσοι,
915 4869 1040 4925 οὔτε
1068 4870 1332 4926 δύνασθαι
1371 4872 1450 4925 ἔτι
1496 4873 1562 4926 ἐκ
1625 4872 1794 4944 μόνης
1843 4875 1944 4946 τῆς

364 4968 557 5032 οὐσίας
589 4965 803 5038 ἰδιώτης
836 4964 1064 5034 διάγειν.
1121 4963 1269 5028 Ἕως·
1333 4965 1432 5036 μὲν
1474 4966 1583 5038 γὰρ
1635 4962 1706 5038 ἦν
1759 4968 1938 5039 μόνος,

369 5062 540 5132 μήπω
567 5057 695 5128 ἔθνη
759 5053 996 5110 τοσαῦτα
1035 5056 1166 5126 περὶ
1212 5053 1378 5109 αὑτὸν
1435 5055 1595 5126 ἔχων,
1649 5059 1820 5130 μόνην
1874 5059 1941 5113 ἂν

365 5156 468 5225 τὴν
496 5151 687 5205 οὐσίαν
712 5148 917 5220 σφόδρα
942 5149 1354 5219 συστελλομένῳ
1387 5147 1435 5181 ⁸⁸
1484 5150 1615 5213 ῐσως
1646 5150 1713 5204 ἂν
1769 5153 1943 5221 ἐπαρ-

366 5248 532 5301 κέσαι
564 5261 580 5276 ·
640 5243 736 5296 νῦν
767 5242 842 5306 δὲ,
873 5241 1102 5312 ἐπείπερ
1129 5240 1290 5294 αὐτὸν
1321 5242 1379 5304 ἐς
1417 5239 1667 5311 ἀνάγκην
1693 5243 1787 5296 τοῦ
1813 5241 1940 5315 ἔθνη

369 5338 624 5403 συλλέξαι
670 5333 1032 5404 κατέστησαν,
1061 5334 1126 5388 ἐκ
1153 5333 1253 5404 τῆς
1283 5334 1530 5405 ἀνάγκης
1575 5330 1714 5387 εῖναι
1743 5333 1776 5405 ἧ
1811 5336 1939 5406 cpe-

369 5447 496 5500 φειν
525 5430 652 5491 τοὺς
686 5425 938 5488 ἐλθόντας
993 5423 1028 5496 ἦ
1081 5425 1179 5478 σὺν
1236 5425 1418 5487 αὐτοῖς
1483 5423 1761 5495 πολεμεῖν,
1837 5425 1942 5492 ἕως

368 5521 562 5578 παθὼν
585 5520 619 5591 ἢ
640 5518 845 5589 δράσας
872 5516 932 5570 ἐν
958 5514 1442 5588 ἀναμφισϐήτητον
1459 5517 1539 5588 τῷ
1571 5516 1737 5571 παντὶ
1767 5517 1943 5589 πέρας

2046 4609 2150 4664 ulla
2189 4605 2436 4662 molestia
2476 4605 2529 4660 in
2562 4620 2660 4659 sua
2698 4614 2962 4675 potestate
3004 4613 3285 4672 maneret;
3319 4615 3377 4658 ut
3410 4605 3612 4668 omnia,

2045 4715 2164 4772 quae
2199 4704 2472 4768 rapuerat,
2520 4696 2622 4751 sibi
2661 4695 2903 4758 haberet,
2943 4706 3195 4751 caeterum
3222 4695 3547 4765 quiesceret,
3585 4713 3615 4749 a

2046 4789 2262 4847 nemine
2292 4787 2429 4843 mala
2456 4802 2738 4857 passurus,
2777 4789 2975 4843 nemini
3010 4802 3224 4857 quoque
3265 4786 3517 4842 inferret.
3543 4789 3616 4841 At

2046 4880 2158 4946 ille,
2190 4894 2248 4935 se
2293 4891 2470 4948 neque
2511 4876 2678 4931 lilium
2709 4877 2952 4933 obsidem
2992 4879 3271 4944 daturum,
3313 4876 3614 4946 respondit,

2048 4985 2222 5041 neque
2260 4969 2523 5040 privatam
2572 4969 2737 5023 vitam
2784 4976 3058 5036 agentem,
3092 4967 3224 5023 solis
3261 4967 3375 5022 suis
3419 4967 3613 5037 apibus

2049 5076 2206 5119 casus
2231 5077 2358 5118 suos
2386 5072 2711 5118 sustentare.
2739 5058 2873 5115 Cum
2912 5060 3056 5113 enim
3091 5059 3238 5114 solus
3272 5074 3442 5130 neque
3470 5067 3616 5114 tanta

2049 5154 2393 5211 multitudine
2423 5154 2814 5222 circumseptus
2845 5152 3027 5218 fuerit,
3057 5152 3196 5208 bona
3223 5151 3464 5222 quidem,
3493 5164 3618 5221 qua:

2051 5256 2178 5301 tunc
2209 5243 2540 5315 possidebat,
2567 5243 2610 5298 si
2640 5257 2700 5297 ea
2725 5242 2968 5314 diligenti
3001 5243 3211 5298 ratione
3238 5240 3618 5295 administras-

2049 5343 2152 5403 set,
2185 5335 2394 5405 privato
2429 5333 2660 5390 fortasse
2689 5333 3048 5390 suffecissent.
3083 5333 3238 5388 Nunc
3276 5315 3529 5402 quoniam
3561 5329 3616 5382 in

2051 5442 2115 5484 ea
2145 5442 2203 5490 se
2237 5410 2562 5482 necessitate
2588 5425 2989 5492 constituerint,
3014 5433 3070 5478 ut
3103 5423 3299 5477 milites
3315 5418 3616 5488 colligeret,

2051 5533 2276 5576 necesse
2304 5530 2449 5584 esse,
2477 5526 2538 5573 ut
2559 5526 2654 5574 aut
2684 5531 2895 5583 omnes,
2923 5516 3015 5588 qui
3042 5514 3108 5570 ad
3131 5529 3192 5569 se
3213 5511 3480 5576 venerint,
3507 5510 3620 5564 ale-

1629 5630 1869 5688 νΑιιιΔε
1893 5631 2299 5691 LECTIONES.

447 5727 494 5761 η
514 5729 606 5798 τήν
651 5719 805 5798 ὦμον
826 5724 1020 5798 ἔπαισε
1165 5721 1470 5798 τῶνᾼῶμων
1498 5721 1696 5798 ἔπεισε
1719 5725 1864 5798 vulg.

1976 5727 2022 5760 ⁸³
2052 5727 2327 5802 ἐπέπληξε
2359 5725 2453 5796 IL,
2481 5725 2683 5802 ἔπληξε
2710 5729 2858 5800 vulg.

2968 5725 3014 5759 “
3045 5722 3152 5798 ὅτι]
3181 5721 3468 5792 συμΰαίνει
3523 5738 3616 5792 μοι

373 5799 504 5855 add.
528 5797 595 5854 Ν.
671 5793 717 5831 ⁸⁸
750 5795 872 5851 οὕτε
895 5795 1019 5852 add.
1051 5793 1171 5850 Val.
1251 5795 1298 5826 "
1329 5793 1742 5866 συστελλομένῳ
1773 5793 1918 5865 νξιιη
1980 5793 2402 5871 συστελλόμενον
2433 5793 2577 5869 vulg.
