4076 6422
313 358 422 420 777

1091 358 1189 418 DE
1224 354 1788 418 LEGATIONIBUS
1823 352 2312 413 ROMANORUM
2346 351 2451 412 AD
2481 350 2802 411 GENTES.

3464 351 3569 415 779

324 474 477 543 δίκην
504 469 719 525 ἀκονιτὶ⁵
747 468 982 539 ἔχουσιν,
1006 469 1258 541 ὁπότεροι
1304 470 1568 540 πέσοιμεν
1592 486 1607 501 ο
1660 467 1816 539 ήμῶν
1843 466 1889 500 ⁸⁸

1999 481 2286 521 manorum
2322 476 2558 521 mentem
2590 480 2693 519 non
2727 473 2933 528 nosset,
2963 478 3135 533 neque
3162 480 3269 532 quo
3300 467 3563 522 tenderen

317 565 376 618 δέ
402 565 655 633 ὁπότεροι
686 560 811 625 τοὺς
836 560 1059 630 ἑτέρους
1100 560 1404 631 φθείρουσι,
1436 560 1533 632 τὴν
1586 559 1683 614 τοῦ
1729 559 1889 628 λόγου

318 653 600 724 Καδμείαν
628 654 671 685 ’⁷
704 652 1075 722 ἀποφέρονται
1098 653 1278 722 νίκην,
1333 651 1588 714 ἐλάττους
1638 649 1895 719 λειπόμε-

317 761 402 801 νοι
435 744 574 815 πρὸς
622 742 721 816 τὴν
784 743 1068 812 Ῥωμαίων
1131 742 1441 813 ἐπιϐουλήν.
1490 740 1605 795 Νῦν
1662 738 1792 808 γοῦν
1832 738 1893 792 σὲ

318 838 655 899 καλέσαντες
712 835 806 890 καὶ
876 834 1340 905 ἐπαγγειλάμενοι
1416 832 1752 904 παρέσεσθαι
1799 832 1895 885 καὶ

315 929 475 983 αὐτοὶ
495 928 543 961 ⁸⁸
578 927 671 981 καὶ
700 930 851 998 κοινῇ
892 926 1300 995 συστρατεύειν,
1333 925 1457 979 οὔτε
1486 924 1723 979 ἐνταῦθα
1750 923 1894 993 πάρ-

328 1038 490 1085 εισιν,
551 1019 675 1073 οὗτε
704 1020 799 1072 ἐπὶ
828 1019 925 1082 τὰς
955 1019 1139 1083 πόλεις
1188 1020 1528 1089 ἀπήντησαν,
1580 1018 1656 1080 ὠς
1720 1012 1893 1082 εἷπον,

320 1113 485 1183 μόνον
518 1111 577 1165 δέ
601 1113 646 1144 ⁸³
676 1111 943 1164 ἀπέλιπον
969 1109 1265 1164 ἀπολέσθαι
1299 1110 1534 1163 κάκιστα
1567 1108 1665 1162 καὶ
1694 1107 1794 1177 τῆς
1830 1124 1895 1175 γε

314 1202 658 1273 θρασύτητος
682 1199 867 1253 δοῦναι
891 1200 1049 1270 δίκην
1075 1198 1230 1263 ἀξίαν
1276 1192 1320 1267 ᾧ
1365 1199 1679 1268 προέδωκας
1714 1198 1728 1229 ¹
1804 1196 1897 1263 γέο

315 1309 420 1347 νει.
461 1310 481 1343 ι
536 1290 723 1345 Ταῦτα
776 1290 1183 1354 ἐπακούσαντες
1264 1290 1453 1344 πολλοὶ
1513 1288 1605 1343 τοῦ
1651 1293 1672 1321 ³
1728 1287 1895 1342 αὐτοῦ

315 1383 564 1452 πλήθους
592 1382 824 1453 ’συνῇδον
873 1383 985 1444 τοῖς
1014 1381 1217 1449 λόγοις,
1246 1382 1342 1435 καὶ
1381 1381 1459 1452 τῷ
1489 1381 1736 1453 σφετέρῳ
1794 1380 1894 1434 αύ-

314 1474 427 1530 τῶν
456 1474 751 1546 στρατηγῷ
776 1474 1094 1545 προσιόντες
1152 1474 1360 1542 ἔλεγον,
1385 1473 1461 1537 ὡς
1513 1473 1699 1527 εἰκότα
1753 1472 1897 1525 ὀνει-

320 1565 459 1628 δίζοι
506 1566 736 1633 ἐκεῖνος,
778 1566 871 1618 καὶ
900 1566 982 1618 ὅτι
1012 1565 1074 1618 ού
1096 1568 1363 1635 προσήκει
1416 1562 1734 1635 φθείρεσθαι
1799 1581 1899 1616 πε-

323 1654 580 1727 ραιτέρω,
608 1655 733 1708 οὐδὲ
773 1654 873 1724 τῆς
900 1656 1221 1724 συγγενείας
1248 1657 1347 1725 τῆς
1381 1657 1563 1727 κοινῆς
1592 1654 1898 1725 ἀμελοῦντα

324 1749 432 1809 τοῖς
482 1745 742 1815 προδοῦσι
775 1746 1084 1816 προσέχειν.
1132 1746 1212 1817 Τῇ
1287 1745 1345 1800 δὲ
1401 1746 1666 1816 ὑστεραίᾳ
1734 1744 1898 1799 πάλιν

1993 570 2180 612 eorum
2208 559 2455 624 consilia,
2502 558 2730 613 videret.
2784 576 2801 611 ι
2852 556 3064 612 Etenim
3114 558 3321 622 volunt,
3371 561 3564 628 inquit,

1995 649 2096 720 ipsi
2128 650 2288 705 otiosi
2317 649 2552 717 edicere,
2579 660 2636 704 ut
2656 646 2818 704 Gothi
2854 664 2948 719 per
2970 647 3178 704 Gothos
3199 648 3481 704 deleantur
3514 667 3571 710 et

1994 740 2371 805 conﬁciantur,
2404 754 2514 810 quo
2534 739 2654 795 sine
2693 738 2800 793 ullo
2840 737 3045 801 labore,
3088 736 3283 793 utrivis
3326 749 3573 792 nostrum

1994 832 2313 895 ceciderint,
2354 832 2588 887 victores
2619 830 2905 887 exsistant.
2945 829 3284 900 Quicumque
3332 840 3577 886 nostrum

1995 923 2337 979 adversarios
2379 922 2770 993 oppresserint,
2817 920 3129 989 Cadmeam,
3171 935 3332 991 quam
3363 921 3575 983 dicunt,

1996 1015 2281 1070 victoriam
2330 1015 2706 1085 reportabunt,
2726 1014 2825 1085 ipsi
2859 1015 3091 1079 scilicet,
3114 1014 3323 1068 viribus
3349 1015 3575 1080 attritis,

1997 1106 2365 1160 Romanorum
2400 1106 2617 1161 insidiis
2645 1106 2815 1177 magis
2837 1105 3078 1162 obnoxii.
3106 1104 3259 1160 Nunc
3285 1115 3576 1175 postquam

1999 1204 2050 1249 te
2079 1197 2435 1258 advocarunt.
2481 1205 2537 1251 et
2570 1212 2630 1252 se
2670 1197 2817 1267 ipsos
2866 1212 3082 1268 quoque
3113 1206 3374 1253 venturos
3415 1204 3492 1263 et,
3519 1205 3581 1252 ut

2000 1300 2123 1341 cum
2168 1295 2260 1343 tuo
2284 1288 2527 1344 exercitu
2560 1289 2903 1357 coniunctos,
2932 1288 3130 1344 bellum
3168 1297 3416 1360 gesturos
3458 1302 3581 1344 esse

1998 1378 2394 1457 promiserunt,
2432 1393 2609 1448 neque
2637 1378 2926 1449 quisquam
2957 1380 3044 1434 hic
3075 1380 3267 1443 adfuit,
3302 1394 3479 1449 neque
3508 1379 3577 1433 ad

1999 1468 2185 1534 urbes,
2232 1470 2392 1525 sicuti
2425 1470 2697 1538 dixerant,
2743 1480 3116 1535 occurrerunt,
3174 1482 3331 1541 teque
3378 1471 3576 1536 solum,

2000 1572 2058 1614 ut
2087 1561 2229 1616 male
2271 1563 2480 1633 perires
2507 1570 2562 1618 et
2601 1577 2792 1632 poenas
2827 1565 3146 1620 temeritatis
3175 1576 3277 1619 tuas
3306 1565 3411 1629 his,
3440 1579 3579 1636 quos

1999 1653 2306 1721 prodidisti,
2337 1654 2515 1720 dares,
2549 1656 2906 1724 reliquerunt.
2935 1675 2954 1709 ι
2986 1657 3110 1712 Haec
3139 1658 3231 1714 ubi
3265 1659 3576 1725 audierunt,

2001 1743 2184 1810 plures
2221 1761 2284 1802 ex
2323 1746 2688 1815 multitudine,
2718 1762 2839 1818 qua:
2867 1763 2990 1803 cum
3024 1749 3399 1806 Theudericho
3433 1760 3574 1815 erat,

324 1839 527 1902 ἀναϐάς
553 1839 875 1909 Θευδέριχος
915 1839 1007 1891 ἐπί
1028 1856 1149 1892 τινα
1170 1838 1407 1907 γήλοφον
1436 1837 1576 1907 ὑπὲρ
1609 1835 1704 1889 τοῦ
1727 1853 1895 1906 στρα-

2000 1850 2085 1899 ea,
2118 1850 2240 1906 quae
2271 1837 2415 1892 dicta
2454 1848 2631 1905 erant,
2677 1841 2995 1909 probarunt,
3025 1848 3079 1894 et
3114 1842 3378 1897 adversus
3418 1856 3576 1896 suum

320 1930 546 1985 τοπέδου
576 1929 670 1983 τοῦ
696 1929 924 1983 ἐκείνων
953 1929 1083 1983 ἐϐόα
1113 1945 1129 1962 ·
1175 1948 1195 1982 ε
1241 1928 1307 1983 Τί
1330 1929 1457 1992 τοὺς
1485 1928 1651 1998 ἐμούς
1686 1944 1887 1997 συγγε-

315 2024 452 2086 νεῖς,
514 2016 560 2075 ὧ
616 2020 866 2086 κάκιστε,
928 2020 1199 2087 ἀπόλλυς;
1230 2019 1602 2084 τί.τοσαύτας
1631 2022 1897 2088 γυναῖκας

317 2112 585 2182 ἐποίησας
614 2111 920 2182 χηρεύειν;
974 2110 1076 2164 ποῦ
1118 2110 1174 2163 δέ
1216 2110 1267 2162 oi
1314 2110 1523 2164 τούτων
1580 2109 1813 2181 ἀνδρεςς
1861 2110 1894 2180 ἢ

319 2203 441 2267 πῶς
476 2202 781 2267 ἐξαπόλωλε
817 2202 1034 2257 πάντων
1063 2202 1097 2272 ή
1130 2200 1385 2271 εὐπορία,
1429 2201 1497 2271 ἦν
1553 2200 1768 2272 ἔχοντες
1814 2199 1895 2254 ol-

316 2296 479 2351 κοθεν
508 2294 973 2366 συνεστράτευσαν
1012 2311 1134 2360 σοις
1170 2293 1267 2347 καὶ
1303 2293 1492 2347 σύνδυο
1526 2293 1619 2347 καὶ
1648 2292 1897 2363 σύντρεις

315 2387 551 2449 ἕκαστος
595 2387 797 2449 ἵππους
849 2384 1011 2456 έχων,
1060 2383 1158 2439 νῦν
1233 2384 1461 2439 ἄνιπποι
1516 2383 1756 2455 χωροῦσι
1803 2384 1898 2437 καὶ

318 2476 499 2543 πεζοὶ,
533 2478 632 2529 καὶ
670 2476 756 2530 διὰ
780 2475 1006 2547 Θρᾴκης
1036 2476 1226 2545 ὥσπερ
1269 2476 1327 2529 ἐν
1372 2474 1720 2544 ἀνδραπόδων
1769 2474 1897 2527 ἐπό-

321 2585 478 2639 μενοι
550 2568 764 2639 μερίδι·
823 2566 960 2621 ἀλλά
989 2568 1042 2621 κ’
1087 2566 1361 2637 ἐλεύθεροί
1390 2582 1449 2619 τε
1485 2567 1581 2620 καὶ
1614 2568 1808 2635 γένους
1833 2568 1896 2620 ού

317 2660 583 2730 χείρονος,
618 2661 652 2731 ἡ
685 2659 927 2731 μεδίμνῳ
974 2658 1200 2730 χρυσίου
1262 2657 1512 2723 ἐλθόντες
1569 2660 1895 2731 ἀπομετρή-

320 2768 507 2806 σονται
559 2751 627 2817 ';
668 2768 686 2802 ι
764 2749 949 2803 Ταῦτα
997 2749 1073 2812 ὡς
1124 2749 1399 2820 ἐπήκουσε
1449 2748 1512 2801 τὸ
1536 2748 1899 2820 στρατόπεδον

320 2844 494 2905 ἀπαν,
524 2843 718 2914 ἄνδρες
755 2859 815 2895 τε
849 2841 959 2897 καὶ
976 2840 1235 2910 γυναῖκες
1267 2842 1401 2912 ὁμοῦ
1455 2841 1659 2905 πάντες
1683 2841 1851 2914 ᾔεσαν
1877 2842 1900 2873 ⁸

318 2934 418 2987 ἐπὶ
463 2933 556 2986 τὸν
609 2930 933 3001 Θευδέριχον
968 2931 1059 2984 τὸν
1119 2931 1303 2983 αὐτῶν
1336 2931 1602 3001 ἡγεμόνα,
1683 2932 1897 3001 κραυγῇ

320 3042 383 3080 τε
410 3026 506 3079 καὶ
538 3023 755 3095 θορύϐῳ
783 3021 1062 3089 ἀξιοῦντες
1092 3018 1443 3090 συμϐαίνειψ
1475 3023 1525 3075 εί
1558 3021 1615 3075 δέ
1648 3021 1744 3093 μή,
1772 3021 1902 3075 ἀπο-

321 3117 529 3187 λείψειν
555 3115 718 3171 αὐτὸν
739 3115 948 3184 ἔφασαν
993 3113 1213 3181 πάντες,
1247 3117 1305 3179 ἐς
1332 3112 1393 3168 τὸ
1419 3113 1696 3185 συμφέρον
1726 3114 1903 3185 χωρή·
1928 3141 1975 3204 c

322 3225 538 3273 σαντες.
631 3206 895 3261 Ἐνταῦθα
955 3205 1277 3260 ἀποστέλλει
1355 3205 1494 3277 πρὸς
1575 3205 1911 3277 Θευδέριχονν

319 3299 605 3374 πρέσϐεις,
661 3298 757 3353 καὶ
829 3297 1179 3368 συνέρχονται
1228 3296 1397 3368 ἄμφω
1445 3295 1599 3368 παρά
1656 3298 1899 3367 ποταμόν

318 3412 443 3447 τινα
466 3391 552 3462 ἐφ’
583 3390 852 3462 ἑκατέρας
878 3388 1062 3459 ὄχθης.
1103 3388 1284 3442 Μέσον
1314 3387 1375 3441 δὲ
1423 3386 1781 3458 ποιησάμενοι
1807 3387 1899 3440 τὸν

320 3484 569 3554 ποταμὸν
590 3483 913 3551 διελέγοντο,
964 3480 1058 3533 καὶ
1129 3478 1413 3534 ποιοῦνται
1472 3478 1770 3549 συνθήκας,
1822 3479 1897 3550 μὴ

321 3576 584 3646 πολεμεῖν
611 3574 865 3644 ἀλλήλοις
893 3570 990 3627 καὶ
1017 3572 1040 3604 ⁸
1093 3571 1195 3624 ὅσα
1247 3571 1455 3642 ἥγηντο
1527 3569 1894 3642 συμφέροντα.

322 3668 434 3721 Καὶ
470 3668 642 3721 ταῦτα
684 3665 982 3737 ὀμόσαντες
1053 3662 1364 3734 πέμπουσιν
1418 3662 1586 3732 ἄμφω
1638 3660 1898 3733 πρέσϐεις

325 3762 419 3813 ἐπὶ
446 3762 507 3815 τὸ
535 3759 851 3824 Βυζάντιον.

1996 1928 2188 1983 ducem
2227 1928 2572 1999 insurgentes
2602 1930 2880 1998 dixerunt,
2922 1933 3117 1988 merito
3149 1934 3292 1989 hunc
3331 1934 3409 1988 illi
3440 1948 3574 1989 con-

1996 2019 2135 2074 vicia
2165 2020 2367 2087 dicere,
2396 2036 2497 2078 nec
2527 2033 2779 2093 oportere
2814 2024 3017 2079 diutius
3050 2025 3101 2077 in
3124 2033 3366 2080 mutuam
3391 2026 3575 2095 perni-

1996 2113 2133 2168 ciem
2174 2123 2414 2171 armatos
2449 2130 2697 2186 pergere,
2731 2125 2786 2171 et
2831 2115 2975 2171 nulla
3004 2116 3187 2172 habita
3226 2118 3572 2187 cognationis

1997 2206 2228 2272 ratione,
2258 2221 2318 2263 se
2349 2207 2417 2262 ad
2447 2189 2635 2263 eorum
2668 2223 2914 2275 causam,
2952 2209 3044 2279 qui
3074 2210 3219 2277 ipsos
3257 2209 3571 2278 proderent,

1994 2297 2310 2368 adiungere.
2355 2297 2625 2355 Postridie
2670 2299 2867 2353 iterum
2915 2299 3218 2355 ascendens
3272 2300 3575 2355 Theuderi-

1998 2389 2131 2443 chus
2148 2388 2339 2444 collem
2367 2388 2605 2444 hosﬁum
2630 2389 2824 2444 castris
2841 2389 3235 2457 imminentem,
3261 2392 3527 2447 clamabat
3554 2412 3571 2447 :

2002 2496 2022 2529 ε
2061 2479 2189 2546 Cur,
2227 2480 2480 2548 pessime,
2514 2493 2665 2535 meos
2705 2488 2964 2548 cognatos
3003 2481 3269 2550 perditum
3312 2482 3443 2536 isti?
3477 2496 3574 2536 cur

2001 2579 2081 2626 tot
2122 2570 2378 2627 mulieres
2406 2569 2597 2626 viduas
2620 2568 2886 2627 effecisti?
2913 2571 3129 2627 ubinam
3166 2574 3404 2628 locorum
3442 2585 3564 2629 sunt

1974 2677 2189 2718 eorum
2241 2662 2385 2718 viri?
2432 2662 2705 2732 quomodo
2734 2672 3070 2734 consumptae
3103 2672 3230 2719 sunt
3264 2663 3566 2730 facultates,

2000 2768 2136 2824 quas
2176 2753 2503 2819 habuerunt,
2535 2768 2657 2810 cum
2688 2755 2847 2810 domo
2892 2755 2960 2810 ad
3001 2755 3336 2811 militandum
3373 2758 3474 2812 sub
3516 2767 3571 2814 te

2000 2843 2228 2915 profecti
2271 2844 2437 2900 sunt?
2486 2842 2873 2916 Unusquisque
2921 2860 3111 2903 eorum
3167 2846 3303 2903 duos
3331 2856 3426 2903 aut
3460 2857 3573 2905 tres

2001 2950 2171 3007 equos
2209 2936 2464 3002 habebat,
2504 2952 2652 2993 nunc
2685 2938 2842 3007 equis
2890 2938 3140 2995 destituti
3184 2940 3388 3007 pedites
3426 2942 3576 2998 ince-

2002 3029 2158 3095 dunt,
2192 3037 2249 3085 et
2282 3038 2334 3085 te
2369 3044 2468 3101 per
2498 3028 2789 3085 Thraciam
2837 3031 3231 3101 mancipiorum
3278 3034 3455 3089 instar
3492 3049 3579 3091 se-

2004 3129 2267 3190 quuntur,
2284 3120 2533 3190 quamvis
2550 3118 2709 3176 liberi
2736 3120 2846 3177 sint
2868 3136 3047 3192 neque
3072 3123 3339 3180 deteriore
3358 3139 3576 3195 genere,

2000 3229 2162 3286 quam
2194 3223 2286 3281 tu;
2328 3226 2384 3269 et
2414 3214 2681 3277 venerint,
2726 3222 2785 3269 ut
2828 3229 3021 3269 aurum
3058 3216 3239 3270 modio
3273 3217 3579 3272 admetian-

2002 3319 2111 3362 tur.
2149 3325 2168 3359 ι
2210 3306 2339 3361 Haec
2388 3305 2479 3361 ubi
2523 3312 2674 3361 totus
2714 3306 2992 3361 exercitus
3036 3305 3265 3372 audivit,
3302 3316 3411 3363 tam
3452 3309 3578 3375 viri,

2000 3412 2163 3468 quam
2196 3396 2471 3459 mulieres,
2506 3392 2972 3462 Theuderichum,
3000 3396 3193 3452 ducem
3223 3412 3402 3465 suum,
3430 3400 3580 3454 adie-

2002 3496 2149 3552 runt,
2184 3493 2237 3541 et
2267 3500 2390 3541 cum
2423 3484 2657 3540 tumultu
2688 3493 2743 3539 et
2769 3484 3156 3543 vociferatione
3180 3498 3493 3555 oraverunt,
3518 3503 3581 3546 ut

2003 3577 2121 3647 paci
2161 3576 2435 3643 studeret;
2486 3576 2571 3631 sin
2622 3576 2821 3644 minus,
2866 3591 2925 3631 se
2974 3580 3115 3647 quod
3152 3578 3255 3634 sibi
3295 3582 3427 3636 utile
3471 3583 3582 3636 erit

2003 3670 2349 3739 amplexuros
2393 3677 2449 3723 et
2501 3682 2626 3724 eum
2679 3670 3005 3725 deserturos.
3063 3669 3145 3727 Ob
3198 3685 3321 3726 eam
3357 3686 3581 3729 causam

2006 3756 2175 3812 mittit
2213 3756 2280 3810 ad
2312 3753 2745 3810 Theuderichum
2780 3756 3007 3826 legatos,
3033 3768 3089 3814 et
3118 3759 3278 3816 ambo
3308 3774 3583 3818 convene-

329 3860 457 3923 runt
483 3852 546 3906 ad
579 3850 798 3907 ﬂuvium
832 3846 1146 3918 quemdam,
1179 3847 1249 3902 ab
1291 3853 1523 3914 utraque
1562 3843 1701 3915 ripa.
1769 3842 1973 3902 Deinde
2010 3845 2188 3900 medio
2233 3843 2516 3913 interiecto
2558 3843 2804 3913 ﬂumine,
2853 3845 3102 3903 collocuti
3156 3857 3419 3917 statuunt,
3470 3868 3576 3909 non

331 3942 555 4011 amplius
603 3942 803 3997 bellum
832 3955 893 3996 se
925 3948 1198 4010 gesturos,
1230 3944 1284 3994 et
1314 3936 1576 4007 quidquid
1616 3935 1748 3990 utile
1789 3936 1893 3991 sibi
1934 3937 2241 3993 videbatur.
2269 3933 2397 3992 Haec
2420 3934 2510 3991 ubi
2545 3946 2774 4007 uterque
2829 3936 3053 4009 iuravit,
3089 3940 3312 3996 mittunt
3374 3942 3595 4016 legatos.

323 4034 659 4104 Byzantium.

394 4126 461 4184 θ’.
489 4128 613 4183 Ὀτι
646 4130 853 4199 Ζήνων,
901 4126 1022 4181 ἐπεὶ
1044 4126 1255 4180 διέλυσε
1299 4125 1396 4196 τὴν
1436 4123 1715 4194 στρατιὰν,
1758 4124 1898 4195 πέμ.-

2070 4122 2125 4179 0.
2168 4121 2255 4192 (Α.
2280 4120 2343 4179 C.
2380 4121 2502 4187 479,
2542 4120 2660 4178 Ind.
2689 4122 2745 4186 2,
2787 4122 2990 4180 Zenon.
3025 4125 3104 4196 6.)
3130 4126 3296 4200 Zeno,
3335 4136 3575 4193 exercitu

322 4237 416 4275 πει
462 4221 598 4291 πρὸς
624 4220 966 4291 Θευδέριχον,
1014 4218 1113 4289 τὴν
1160 4218 1383 4289 εἰρήνην
1440 4217 1727 4270 συνθέσθαι
1762 4216 1898 4286 πρὸς

2003 4214 2168 4269 misso
2204 4214 2368 4282 iacto,
2403 4216 2571 4270 mittit
2602 4216 2671 4270 ad
2697 4214 3157 4283 Theuderichum,
3195 4232 3253 4275 ut
3282 4237 3468 4291 pacem
3495 4227 3577 4280 in-

323 4310 508 4375 αὑτὸν,
538 4311 686 4373 ὅπως
709 4310 805 4362 καὶ
832 4309 1101 4364 δύναιντο.
1137 4308 1225 4361 Ἐν
1278 4308 1335 4361 δὲ
1377 4306 1552 4377 τούτῳ
1593 4305 1898 4375 συστρέψας

2004 4314 2088 4362 ter
2120 4320 2196 4371 se,
2226 4307 2498 4378 quomodo
2536 4316 2779 4378 possent,
2805 4308 3064 4366 facerent.
3100 4311 3245 4368 Inter
3268 4314 3383 4370 haec
3418 4316 3576 4373 Vala-

322 4404 424 4473 τὴν
453 4401 651 4456 ἐαυτοῦ
679 4401 910 4471 δύναμιν
965 4402 994 4455 ό
1037 4400 1168 4464 παῖς
1198 4400 1228 4453 ό
1290 4398 1618 4468 Βαλαμήρου
1682 4396 1778 4451 ἐπὶ
1836 4396 1898 4449 τά

2008 4396 2137 4450 miri
2193 4396 2371 4466 ﬁlius,
2432 4399 2724 4453 contractis
2783 4399 2951 4468 copiis
3004 4401 3119 4456 suis
3146 4403 3211 4457 ad
3260 4402 3570 4474 Rhodopen:

325 4493 464 4564 πρὸς
504 4492 762 4560 Ῥοδόπην
792 4491 1152 4561 παραγίνεται
1186 4490 1348 4561 μέρη,
1388 4489 1484 4543 καὶ
1514 4488 1898 4559 κατατεινάμε-

2006 4496 2243 4542 montem
2285 4488 2570 4556 processit,
2618 4496 2674 4543 et
2705 4487 3038 4545 fertilissima
3063 4505 3292 4562 quasque
3329 4492 3575 4552 Thracia:

327 4557 416 4650 νός
441 4586 465 4618 ⁸
492 4585 563 4639 τά
591 4557 852 4639 κάλλιστα
1010 4557 1199 4653 χώρας*
1232 4557 1343 4637 τῶν
1402 4581 1636 4652 Θρᾳκῶν
1658 4557 1898 4646 ᾶπαντα,

2007 4577 2125 4633 loca
2162 4585 2398 4645 vastans,
2442 4577 2625 4633 omnia
2656 4593 2851 4648 pecora
2887 4580 3100 4649 rapuit;
3134 4557 3402 4651 agricolas
3432 4588 3601 4658 agris”

325 4677 422 4732 καὶ
461 4677 515 4731 εί
536 4694 591 4730 τι
624 4671 695 4748 ἦν
716 4674 969 4747 κτηνικὸν
993 4674 1327 4743 ἀφαρπάζει.
1372 4672 1649 4742 Ἐξέτριψε
1675 4671 1734 4726 δὲ
1755 4672 1904 4727 ἀπαν

322 4769 386 4824 τδ
410 4768 598 4824 αὐτόθι
625 4767 923 4839 γεωργοῦν,
956 4767 1183 4819 κτείνων
1234 4781 1291 4818 τε
1336 4764 1432 4818 καὶ
1479 4764 1823 4835 είσπράττων
1854 4765 1898 4828 ⁷,

324 4862 423 4916 ὅσα
514 4858 590 4932 μὴ
670 4859 855 4928 φέρειν
902 4856 1184 4927 ἠδύναντο.
1237 4852 1559 4924 Θευδέριχος
1621 4852 1680 4906 δέ
1725 4852 1899 4907 ταῦτα

325 4950 567 5013 ἀκούσας
591 4949 873 5019 γινόμενα,
927 4946 1150 5016 ἣδεσθαι
1199 4944 1298 5015 μὲν
1350 4943 1556 5011 ἔλεγεν,
1606 4944 1687 4996 ὅτι
1748 4942 1901 5011 φίλος

325 5043 507 5099 αὐτῶν
576 5041 672 5097 καὶ⁸
733 5041 845 5104 υἱὸς
909 5038 1198 5110 λεγόμενος
1258 5036 1430 5093 ταῦτα
1477 5036 1674 5100 αὐτοὺς
1725 5035 1897 5108 δρῴη,

325 5133 587 5205 ἄχθεσθαι
653 5132 857 5203 μέντοι,
897 5132 980 5184 ὃτι
1034 5131 1134 5200 τῆς
1172 5128 1394 5183 ἐκείνων
1443 5127 1631 5190 ἀνοίας
1679 5127 1738 5181 ἐν
1788 5128 1902 5188 τοῖς

325 5228 591 5299 γεωργοῖς
641 5225 826 5295 βλέπει
869 5224 1165 5293 γινομένην
1217 5222 1319 5289 τὴν
1368 5219 1548 5289 δίκην,
1595 5211 1671 5274 ὧν
1731 5218 1897 5273 obes“

325 5318 694 5389 φθειρομένων
752 5315 973 5387 Ζήνωνά
1033 5332 1096 5383 γε
1142 5314 1177 5385 ἢ
1234 5312 1471 5383 Βηρίναν
1501 5310 1609 5365 οὐδ’
1651 5310 1899 5365 ὁπωσοῦν

2004 4667 2121 4723 suis
2151 4667 2381 4737 expulit,
2412 4668 2667 4724 occidens
2690 4678 2739 4724 et
2764 4668 3005 4740 exigens,
3041 4687 3161 4741 qua:
3183 4684 3441 4743 praestare
3471 4693 3578 4733 non

2004 4768 2276 4829 poterant.
2301 4759 2428 4816 Htec
2464 4761 2554 4815 ubi
2588 4761 2731 4817 facta
2766 4761 2872 4833 91
2909 4762 3316 4824 Theuderichus
3342 4772 3573 4839 audivit,

2002 4868 2064 4906 se
2086 4853 2301 4921 quidem
2324 4852 2492 4907 laetari
2526 4852 2681 4920 dixit,
2718 4869 2863 4920 eum,
2893 4856 2984 4925 qui
3020 4857 3231 4915 amicus
3253 4869 3307 4915 et
3338 4844 3611 4934 lilius’ab,

2004 4943 2073 4998 iis
2120 4944 2502 5014 appellaretur,
2553 4944 2678 5000 talia
2728 4947 2780 5000 in
2831 4946 2975 5018 ipsos
3004 4960 3350 5021 perpetrare;
3398 4964 3577 5013 tamen

2004 5034 2235 5092 moleste
2262 5034 2428 5102 ferre,
2460 5037 2599 5106 quod
2626 5037 2829 5093 videret
2854 5040 3117 5110 agricolas
3145 5043 3214 5099 ob
3243 5044 3453 5101 illorum
3481 5047 3580 5102 de-

2006 5128 2264 5183 mentiam
2314 5129 2472 5197 plecti
2518 5138 2573 5184 et
2610 5144 2802 5199 pinnas
2845 5132 2996 5198 dare,
3035 5149 3171 5202 quos
3210 5136 3266 5191 in
3308 5152 3576 5191 summam

2003 5217 2367 5274 calamitatem
2400 5220 2568 5291 redigi
2606 5221 2739 5276 nihil
2769 5224 2967 5277 morari
2995 5222 3268 5282 Zenonem
3296 5235 3391 5281 aut
3427 5224 3580 5283 Veri-

2005 5325 2151 5366 nam.
2196 5308 2265 5365 Ut
2295 5325 2423 5366 vero
2458 5310 2620 5381 legati
2660 5324 2943 5381 venerunt,
2973 5329 3158 5384 pacem
3191 5316 3479 5375 fecerunt:
3516 5329 3577 5379 ut

1600 5453 1835 5511 VARIIE
1874 5452 2277 5510 LECTIONES.

394 5585 443 5620 '°
465 5583 629 5654 ήμῖν-
649 5579 795 5654 vulg.

875 5577 920 5610 ’⁷
953 5574 1233 5645 Καδμείαν
1280 5572 1461 5645 νειμ
1486 5574 1578 5627 καὶ
1595 5574 1704 5645 *είς
1760 5572 1889 5645 μίαν
1927 5571 2073 5645 vulg.

2157 5571 2203 5657 ξ’
2234 5571 2389 5625 αὐτοὶ
2413 5570 2556 5636 ναι..
2584 5572 2734 5645 αύτῷ
2769 5574 2912 5644 vulg.
2989 5574 3034 5607 ⁹⁹
3074 5574 3131 5627 δὲ
3174 5572 3264 5637 Β.ο
3316 5592 3375 5629 τε
3428 5548 3573 5705 vulg.

2157 5642 2324 5705 οίμνῳ
2376 5642 2599 5705 χρυσίον
2647 5644 2757 5697 ἐλθ.
2825 5645 3275 5705 άπεμετρήσαντο
3328 5647 3472 5705 coni.
3508 5649 3573 5705 1.

328 5662 347 5695 ι
379 5641 1166 5733 «5902's,Yalqﬁcpocéonvnlg;
1242 5643 1518 5733 "toﬁna;
1550 5643 1860 5733 τωνῌνυέβ.
1929 5645 1954 5733 ς
2005 5641 2324 5733 οἲᾳμεδίμνῳ
2376 5642 2599 5733 χρυςίον
2647 5641 2757 5733 ἐλθ..
2825 5641 3275 5733 άπεμετρήσαντο
3328 5647 3472 5733 φρ).

328 5732 351 5765 ι
380 5708 546 5794 ῇέσαν
605 5721 694 5782 Ν..
717 5708 885 5794 ’.ἴε-σαν
925 5717 1068 5794 vulg.
1118 5708 1171 5794 ’ξ
1188 5716 1290 5794 καὶ
1312 5723 1439 5794 ante
1483 5715 1583 5794 ὅσα
1606 5713 1745 5794 εὰρι
1781 5708 1851 5768 Ν.

1929 5715 1950 5745 ⁸
1974 5712 2423 5787 κατασινάμενος
2451 5712 2596 5785 ἀπή.
2623 5712 2769 5787 ῪεΙ.
2845 5715 2864 5747 ⁷
2895 5712 3220 5783 σπαράττων
3245 5745 3315 5755 —
3345 5712 3579 5787 ἠδύνατο

326 5778 475 5866 edn].
501 5794 560 5848 Β,
636 5793 657 5825 ο
684 5778 803 5842 ωδε
834 5816 906 5830 -
934 5803 995 5855 γε
1020 5778 1091 5845 'e.
1120 5784 1269 5839 οὐδὲν
1292 5815 1362 5825 -
1387 5785 1443 5836 δὲ
1473 5784 1643 5856 vulg.,
1673 5778 1773 5838 ea;
1813 5813 1869 5826 ο.
1890 5800 1946 5837 τε
1986 5783 2098 5839 \‘at.

653 5884 923 5946 Ρηειοι..
968 5884 1082 5944 Gn.
1130 5879 1347 5945 CXIII.

3184 5878 3262 5939 25
