4076 6414
367 387 388 397 ~
468 360 572 422 779

1476 361 1870 420 EXCERPTA
1909 359 2011 418 EX
2051 359 2362 418 MALCHO
2404 360 2769 419 RHETORE

3621 361 3730 423 ’ἵε-θ

466 471 727 527 tredecim
788 469 1066 525 hominum
1122 470 1379 534 millibus,
1435 485 1571 540 quos
1633 469 2042 524 'l‘heuden‘ehus

2151 468 2590 538 ἐπιστρέφεσθαι.
2649 467 2737 530 Ὦς
2765 468 2819 520 δὲ
2872 462 3034 538 ἦλθον
3068 467 3115 519 oi
3149 467 3430 537 πρέσϐεις,
3487 469 3729 525 τίθενται

465 563 643 627 vellet,
673 562 967 631 imperator
997 562 1266 630 stipendia
1292 571 1345 616 et
1365 571 1700 616 commeatus
1729 562 1996 626 praeberet
2025 577 2041 627 ;

465 653 673 706 duabus
728 651 927 705 scholis
967 651 1082 720 ipse
1129 652 1235 705 dux
1284 651 1655 720 praeficeretur
1699 665 1714 702 :
1767 658 1824 703 ut
1857 665 2045 704 omnes

467 743 775 808 facultates,
806 757 940 811 quas
966 742 1116 812 prius
1149 741 1438 802 habuerat.
1474 740 1547 796 illi
1589 741 2042 807 restituerentur;

467 843 520 887 et
552 843 609 887 ut
637 833 866 888 alterum
911 845 979 888 ex
1014 833 1221 888 duobus
1248 833 1603 898 exercitibus,
1645 833 1915 901 quicirca
1945 833 2046 884 im.-

471 935 777 996 peratorem
817 935 965 1006 sunt,
995 928 1304 997 acciperet,
1358 938 1414 983 et
1463 928 1679 983 easdem
1734 927 2046 999 dignitates,

478 1033 614 1088 quas
645 1019 745 1073 sub
768 1017 1034 1074 Basilisco
1057 1019 1389 1085 obtinuerat,
1415 1028 1782 1090 recuperaret.
1824 1019 1897 1074 De
1935 1018 2048 1073 alli-

470 1111 654 1176 nibus,
687 1112 731 1167 si
770 1112 1211 1178 mortui-essent,
1243 1121 1298 1166 ut
1321 1111 1467 1166 Zeno
1503 1115 1723 1178 diceret,
1767 1112 1900 1167 nihil
1929 1127 2048 1165 am-

472 1200 617 1268 plius
652 1201 850 1270 negotii
897 1215 1045 1265 eSSe;
1076 1202 1120 1255 si
1154 1201 1488 1271 superstites,
1527 1201 1705 1254 omnia
1736 1201 1894 1262 bona,
1935 1215 2052 1268 qua:

471 1304 658 1342 eorum
705 1290 958 1355 fuissent,
1005 1305 1100 1346 eos
1135 1299 1573 1360 recuperaturos,
1618 1297 1671 1342 et
1709 1304 1828 1343 eam
1858 1289 2050 1343 civita-

475 1391 604 1447 tem,
630 1397 790 1452 quam
822 1383 972 1439 Zeno
999 1385 1296 1439 arbitratus
1326 1385 1510 1450 fuerit,
1543 1384 1881 1453 habitatnros
1906 1397 2047 1438 esse.

475 1473 601 1528 Haec
625 1475 715 1529 ubi
747 1485 1012 1531 conventa
1045 1487 1190 1541 sunt,
1226 1477 1543 1548 imperator,
1576 1479 1838 1546 abrogato
1869 1475 2052 1531 Theu-

473 1561 719 1626 dericho,
760 1562 869 1618 ﬁlio
905 1564 1190 1630 Valamiri,
1233 1568 1570 1635 magistratu,
1623 1566 1675 1618 in
1723 1566 1839 1634 ejus
1875 1565 2051 1619 locum

477 1652 1199 1735 sudecitmTheuderiehum,
1229 1656 1428 1710 Triarii
1468 1656 1657 1710 lilium.
1695 1654 1761 1708 Et
1797 1658 2054 1724 pecunias

475 1742 646 1808 misit,
670 1757 795 1814 qua:
823 1744 1108 1802 confestim
1137 1745 1404 1802 debebant
1435 1747 1681 1803 distribui
1710 1746 1929 1802 Gothis.

555 1997 577 2029 ⁹
603 1997 889 2066 προσῆκτο
924 1998 1068 2068 vulg.

2147 563 2247 631 τὴν
2294 563 2517 631 εἰρήνην
2549 561 2636 629 ἐφ’
2685 554 2790 628 ᾧτε
2843 559 3063 629 μυρίοις
3127 558 3227 628 μὲν
3280 561 3372 612 καὶ
3410 561 3735 631 τρισχιλίοις

2149 651 2429 722 ἀνδράσιν,
2460 646 2539 715 οἷς
2589 651 2732 704 θέλοι
2773 651 3118 721 Θευδέριχος,
3175 651 3455 716 συντάξεις
3511 671 3570 706 τε
3634 654 3732 707 καὶ

2149 743 2357 813 τροφὴν
2380 744 2635 812 χορηγεῖν
2668 741 2909 811 βασιλέα,
2981 743 3127 796 δυοῖν
3184 743 3241 795 δὲ
3290 743 3452 796 αὑτὸν
3513 743 3732 814 σχολαῖν

2150 833 2552 905 προϐάλλεσθαι
2621 834 2878 904 ἄρχοντα,
2938 833 3234 888 ἀπολαϐεῖν
3287 833 3346 886 δὲ
3405 832 3573 886 αὐτοῦ
3631 835 3733 904 τὴν

2151 925 2362 989 οὐσίαν,
2405 925 2536 995 ὅσην
2562 926 2826 996 πρότερον
2853 920 3016 994 εἶχεν,
3041 924 3226 976 λαϐεῖν
3272 923 3330 976 δὲ
3388 923 3487 995 τὴν
3539 923 3735 995 ἑτέραν

2149 1018 2258 1071 τῶν
2287 1016 2378 1070 δύο
2402 1017 2741 1088 στρατηγιῶν
2771 1017 2880 1070 τῶν
2910 1018 3039 1088 περὶ
3063 1015 3310 1086 βασιλέα,
3345 1017 3439 1068 καὶ
3461 1016 3606 1086 ἔχειν
3627 1017 3731 1080 τὰς

2151 1109 2328 1175 ἀξίας,
2387 1110 2465 1170 είς
2493 1106 2557 1170 ἃς
2602 1106 2704 1177 ἤδη
2745 1107 2988 1177 προῆκτο
3013 1109 3033 1139 ⁹
3066 1107 3171 1159 ὑπὸ
3223 1105 3318 1159 τοῦ
3379 1107 3730 1160 Βασιλίσκου,

2152 1200 2290 1271 Περὶ
2347 1200 2403 1251 δὲ
2450 1199 2558 1251 τῶν
2616 1198 2914 1268 κηδεστῶν,
2960 1199 3008 1250 εί
3060 1197 3161 1266 μὲν
3215 1197 3598 1264 ἐτελεύτησαν,
3657 1197 3736 1259 ὡς

2152 1293 2340 1360 ἔλεγεν
2363 1295 2389 1344 ὁ
2423 1293 2629 1361 Ζήνων,
2661 1290 2836 1360 μηδὲν
2865 1286 3004 1342 εἷναί
3043 1293 3089 1342 οί
3111 1291 3340 1360 πρᾶγμα
3363 1305 3378 1319 ⁸
3414 1291 3462 1342 εί
3488 1289 3542 1341 δὲ
3573 1288 3734 1352 ζῶσι,

2151 1383 2416 1446 λαϐόντας
2444 1384 2622 1453 ἦνπερ
2674 1376 2819 1452 εἶχον
2849 1383 3058 1446 οὐσίαν,
3104 1383 3272 1433 οἰκεῖν
3317 1380 3491 1444 πόλιν,
3525 1381 3592 1449 ἢν
3637 1379 3739 1432 αὑ·-

2153 1477 2245 1538 τδς
2270 1477 2586 1545 δοκιμάσειε
2639 1477 2846 1544 Ζήνων.
2877 1473 3062 1527 Ταῦτα
3085 1473 3160 1535 ὡς
3207 1472 3478 1538 συνέδοξε,
3515 1471 3736 1532 παύσας

2164 1565 2256 1618 τὸν
2295 1565 2627 1636 Παλαμήρου
2681 1567 2780 1636 τῆς
2815 1565 2989 1636 ἀρχῆς
3040 1567 3068 1618 ὁ
3112 1564 3365 1634 βασιλεὺς
3427 1563 3737 1634 στρατηγὸν

2154 1655 2491 1710 ἀντ’ὲκείνου
2522 1656 2840 1726 Θευδέριχον
2869 1659 3127 1719 ποιεῖται,
3148 1657 3243 1709 καὶ
3266 1656 3524 1726 χρήματα
3561 1654 3738 1724 Enati.-

2153 1747 2274 1815 ψεν,
2303 1748 2401 1800 ὅσα
2437 1748 2543 1802 ἔδει
2572 1748 2770 1802 αὐτίκα
2812 1748 3087 1820 διανεῖμαι
3119 1749 3233 1812 τοῖς
3265 1747 3508 1810 Γότθοις.

1758 1905 1994 1961 VARLE
2041 1905 2449 1962 LECTIONES.

517 2166 3731 2208 Μ

1603 2323 1758 2407 ΕΚ
1830 2321 2040 2407 ΤΗΣ
2111 2318 2606 2410 ΙΣΤΟΡΙΑΣ

1300 2497 2026 2637 ΜΑΛΧΟΥ
2106 2497 2921 2641 ,ΡΗΤΟΡΟΣ

1729 2716 2516 2811 ΦΙΛΑΔΕΛΦΕΩΣ

1211 2894 1510 2958 EKAOI‘AI
1553 2893 1713 2948 IIEPI
1747 2889 2109 2947 ΠΡΕΣΒΕΩΝ
2149 2889 2376 2944 ΕθΝαΝ
2417 2894 2598 2948 ΠΡΟΣ
2634 2892 3003 2949 ΡΩΜΑΙΟΥΣ.
3112 2857 3120 2862 ’

1839 3186 1955 3246 EX
2000 3164 2418 3244 HISTORIA.

1236 3361 1962 3520 MALCHI
2059 3358 3033 3516 RHETORIS

1673 3620 2644 3709 PHILADELPHENSIS

1021 3767 1452 3864 EXCERPTA
1496 3797 1605 3858 DE
1659 3787 2249 3856 LEGATIONIBUS
2292 3787 2658 3850 GENTIUM
2700 3787 2804 3849 AD
2845 3775 3258 3850 ROMANOS.

570 4086 924 4134 (inconexum.
944 4103 1008 4114 —
1027 4079 1326 4128 Amorcesus
1362 4075 1648 4136 Byzantium
1676 4075 1879 4136 vocatus
1926 4085 1952 4120 a
1993 4069 2163 4119 Leone
2207 4065 2427 4136 arripias“
2440 4068 2562 4136 parti
2603 4066 2866 4136 praeﬁcitur
2891 4064 2982 4136 (l)_.
3009 4065 3420 4136 Theuderichus,_
3445 4063 3751 4136 Arcadiopoli

505 4150 556 4198 in
570 4126 922 4193 ﬁed—itionem
941 4126 1161 4200 οοοέρῑο,
1201 4150 1369 4200 pacem
1401 4126 1633 4200 etfmdus
1663 4145 1774 4200 cum
1793 4133 1987 4200 Leone
2001 4128 2252 4200 componit
2275 4130 2364 4200 (2).
2393 4126 2619 4200 Odoace'r—
2647 4131 2701 4200 et
2730 4126 2910 4200 Nepos,
2948 4126 3293 4200 legationibus
3326 4128 3504 4176 eodem
3530 4133 3755 4200 tempore

509 4187 1017 4269 ἱϊγιὶῐιῡᾱιίιῖὦίεείέέ
1040 4187 1254 4269 ἱερὸπὶἓε
1292 4196 1553 4269 meum:
1584 4194 1808 4269 ambiunt
1847 4187 3360 4269 (5)»Leseiiifhssdsl'eleﬂatum.Liemisyetiefss
3393 4188 3759 4269 22912651593:

509 4249 1015 4318 ﬁbﬁé’ié‘rfm’thmar’
1042 4249 1147 4324 (ι).
1184 4259 1495 4324 ﬂonorichus
1533 4259 1729 4321 legatos
1769 4257 1833 4304 de
1853 4249 1992 4318 'pace
2028 4249 2184 4324 mittit
2212 4253 2287 4324 _ad
2328 4253 2582 4324 Zenonem
2767 4249 2986 4310 Utroque
3017 4249 3365 4299 Theudoricho
3404 4249 3595 4298 foedere
3622 4249 3760 4298 inter
3809 4289 3821 4297 .

510 4309 1082 4392 Eé"'€odjiﬁ'éii§f2énb
1112 4309 1307 4373 bellum
1350 4321 1535 4372 acriter
1571 4309 1740 4369 contra
1778 4309 2183 4377 eos‘susceptum
2212 4312 2353 4364 brevi
2391 4310 2577 4362 omittit
2617 4309 2707 4372 ('6).

580 4589 640 4641 ιι.
680 4582 865 4655 (Δία,
901 4581 1026 4646 475,
1061 4579 1175 4634 I-nd.
1211 4579 1301 4645 tt,
1343 4577 1517 4633 Leon.
1554 4575 1664 4644 t7.)
1713 4571 1955 4642 Septimo
1989 4571 2083 4627 de-
2118 4572 2161 4631 Β
2263 4565 2333 4623 α’.
2382 4568 2503 4622 Ὀτι
2551 4568 2610 4620 ὲν
2659 4565 3242 4655 ’τῷ-ἑπτακαιδεκάτῳ
3302 4565 3412 4619 ἔτει
3465 4566 3567 4636 τῆς
3602 4567 3766 4637 βασι-

507 4681 658 4734 -cimo
686 4673 898 4744 imperii
935 4672 1131 4727 Leonis
1167 4669 1373 4726 Macelli
1406 4684 1569 4734 anno,
1602 4683 1726 4720 cum
1769 4667 1956 4736 ingens
1987 4679 2090 4718 un-

516 4767 680 4836 dique
727 4777 906 4819 rerum
957 4759 1290 4830 perturbatio
1349 4773 1468 4815 esse
1520 4757 1814 4820 videretur,
1871 4753 2089 4808 advenit

512 4857 738 4927 quidam
767 4854 1004 4907 Arabum
1049 4851 1402 4913 scenitarnm,
1449 4861 1584 4918 quos
1627 4854 1821 4901 vocant
1854 4845 2086 4900 Sarace-

517 4962 642 5012 nos,
675 4943 926 5000 sacerdos
955 4957 1164 5007 eorum,
1194 4942 1285 5009 qui
1311 4948 1436 4995 sunt
1468 4939 1607 5008 apud
1637 4953 1731 4992 eos
1756 4937 2086 5002 Christiani;

519 5041 636 5110 ejus
667 5037 931 5092 adventus
967 5035 1086 5088 hac
1125 5032 1226 5086 fuit
1255 5046 1436 5085 causa.
1471 5029 1606 5085 Cum
1643 5040 1882 5099 tempore
1909 5027 2089 5082 Theo-

519 5127 656 5183 dosii
687 5133 937 5182 exortum
971 5130 1116 5177 esset
1144 5122 1283 5175 inter
1314 5119 1508 5175 Persas
1537 5128 1589 5174 et
1618 5118 1888 5173 Romanos
1918 5117 2091 5171 maxi-

504 5234 665 5275 mum
700 5215 922 5282 bellum,
953 5211 1159 5270 {cedere
1200 5226 1311 5266 rem
1349 5219 1749 5280 transegerunt.
1781 5209 1860 5264 Eo
1885 5208 2094 5264 foedere

507 5310 834 5373 cavebatur,
867 5321 935 5360 ne
980 5303 1223 5359 alterutri
1261 5302 1612 5358 admitterent
1643 5300 1962 5367 Saracenos,
2001 5300 2090 5369 qui

489 5455 493 5459 .
523 5404 577 5458 in
610 5414 799 5456 eorum
840 5397 945 5452 lide
981 5404 1036 5452 et
1078 5395 1284 5450 ditione
1313 5402 1517 5460 essent,
1557 5392 1600 5448 si
1632 5393 1770 5446 forte
1802 5392 1923 5460 quis
1961 5390 2092 5446 deli—

521 5491 674 5547 ciens
707 5503 794 5544 res
821 5502 987 5544 novas
1029 5485 1209 5541 moliri
1257 5493 1509 5539 tentaret.
1551 5483 1705 5551 Apud
1745 5481 1942 5536 Persas
1981 5490 2097 5536 erat

526 5585 856 5637 Amoreesus
897 5592 1096 5649 genere
1143 5574 1434 5630 Nocaliusz
1485 5574 1552 5641 is,
1606 5573 1722 5628 sive
1764 5573 1907 5643 quod
1953 5572 2098 5627 nullo

530 5677 732 5728 honore
758 5671 897 5742 apud
922 5687 1014 5727 eos
1043 5671 1352 5734 haberetur,
1388 5668 1501 5725 sive
1528 5667 1892 5723 Romanorum
1925 5668 2097 5738 regio-

526 5777 653 5814 nem
681 5760 927 5818 incolere
959 5761 1134 5831 potius
1173 5761 1415 5824 duceret,
1449 5758 1724 5816 Persidem
1750 5757 2096 5832 relinquens,

2205 4659 2357 4722 λείας
2390 4659 2633 4719 Λέοντος
2671 4654 2765 4708 τοῦ
2822 4655 3102 4726 Μακέλλη,
3154 4655 3370 4708 πάντων
3429 4658 3770 4725 πανταχόθεν

2189 4747 2518 4820 τεταράχθαι
2547 4746 2868 4811 δοκούντων,
2910 4745 3218 4813 ἀφικνεῖταί
3241 4762 3322 4808 τις
3350 4745 3461 4799 τῶν
3495 4748 3770 4816 σκηνιτῶν

2203 4840 2471 4913 Ἀράϐων,
2526 4838 2620 4902 οὓς
2697 4837 2923 4892 καλοῦσι
2988 4837 3360 4908 Σαρακηνοὺς,
3425 4838 3605 4908 ἱερεὺς
3655 4840 3770 4894 τῶν

2193 4937 2324 5006 παρ’
2345 4934 2577 4997 ἐκείνοις
2599 4932 2962 5004 Χριστιανῶν,
2989 4932 3049 5000 ἐξ
3081 4934 3261 4995 αίτίας
3316 4932 3602 5002 τοιαύτηςο
3628 4934 3776 5002 Πέρ-

2167 5043 2287 5088 ,σαι
2327 5027 2424 5079 καὶ
2461 5027 2728 5096 Ῥωμαῖοι
2767 5025 2996 5089 σπονδὰς
3021 5025 3369 5095 ἐποιήσαντο,
3422 5026 3512 5077 ὅτε
3544 5027 3573 5078 ό
3610 5024 3778 5094 μέγι·

2199 5133 2323 5180 στος
2353 5116 2489 5188 πρὸς
2512 5117 2710 5180 αὐτοὺς
2735 5116 2827 5169 ἐπὶ
2854 5116 3134 5169 Θεοδοσίου
3166 5117 3471 5186 συνερῥάγη
3509 5115 3773 5185 πόλεμος,

2199 5210 2274 5281 μὴ
2314 5209 2706 5280 προσδέχεσθαι
2735 5209 2865 5270 τοὺς
2901 5206 3270 5270 ὑποσπόνδους
3318 5208 3692 5277 Σαρακηνοὺς,
3725 5207 3782 5258 εἴ

2195 5319 2280 5365 τις
2307 5303 2364 5365 ἐς
2397 5301 2695 5355 ἀπόστασιν
2727 5299 3046 5369 νεωτερίσαι
3080 5297 3386 5367 προέλοιτο.
3443 5299 3532 5350 Ἐν
3579 5298 3638 5350 δὲ
3663 5299 3780 5361 τοῖς

2200 5392 2440 5464 Πέρσαις
2467 5386 2535 5462 ἦν
2559 5394 2586 5445 ὁ
2634 5384 2967 5460 Ἀμόρκεσοέ
2995 5389 3088 5442 τοῦ
3121 5388 3381 5442 Νοκαλίου
3412 5387 3602 5457 γένους
3635 5405 3650 5420 ο
3682 5390 3782 5441 καὶ

2199 5484 2310 5536 εἴτε
2342 5484 2511 5553 τιμῆς
2537 5483 2600 5536 οὐ
2633 5481 2919 5552 τυγχάνων
2947 5482 3006 5534 ὲν
3031 5483 3097 5552 τῇ
3133 5480 3354 5551 Περσίδι
3389 5483 3484 5552 γῇ,
3517 5480 3550 5550 ἢ
3599 5480 3778 5542 ἄλλως

2201 5577 2300 5646 τὴν
2342 5576 2626 5646 Ῥωμαίων
2664 5576 2847 5646 χώραν
2913 5573 3105 5644 βελτίω
3158 5575 3476 5648 νενομικὼς,
3539 5575 3782 5629 ἐκλιπὼν

2201 5672 2300 5739 τὴν
2333 5667 2567 5738 Περσίδα
2592 5669 2670 5730 είς
2697 5667 2798 5737 τὴν
2827 5666 3041 5738 γείτονα
3066 5666 3304 5744 Πέρσαις
3337 5665 3592 5737 Ἀραϐίαν
3616 5666 3782 5718 έλαύ-

2205 5777 2307 5815 νει.
2352 5760 2664 5815 Κὰντεῦθεν
2691 5759 3013 5830 ὁρμώμενος
3045 5758 3325 5829 προνομὰς
3382 5758 3616 5811 ἐποιεῖτο
3684 5758 3780 5813 καὶ
