  <div class='ocr_page' id='page_1' title='image "/cluster/home/n/w/nwhite01/storage/ocr_20150623/113:no.2/coo.31924054870179/402.png"; bbox 0 0 4076 6426; ppageno 0'>
   <div class='ocr_carea' id='block_1_1' title="bbox 289 355 398 424">
    <p class='ocr_par' dir='ltr' id='par_1_1' title="bbox 289 355 398 424">
     <span class='ocr_line' id='line_1_1' title="bbox 289 355 398 424; baseline 0 -1"><span class='ocrx_word' id='word_1_1' title='bbox 289 355 398 424; x_wconf 74' lang='lat'><strong>781</strong></span> 
     </span>
    </p>
   </div>
   <div class='ocr_carea' id='block_1_2' title="bbox 1094 357 2744 423">
    <p class='ocr_par' dir='ltr' id='par_1_2' title="bbox 1094 357 2744 423">
     <span class='ocr_line' id='line_1_2' title="bbox 1094 357 2744 423; baseline 0.001 -4"><span class='ocrx_word' id='word_1_2' title='bbox 1094 359 1193 419; x_wconf 92' lang='lat' dir='ltr'><strong>DE</strong></span> <span class='ocrx_word' id='word_1_3' title='bbox 1229 357 1804 421; x_wconf 85' lang='lat' dir='ltr'><strong>LEGATIONIBUS</strong></span> <span class='ocrx_word' id='word_1_4' title='bbox 1843 360 2200 422; x_wconf 83' lang='lat' dir='ltr'><strong>GENTIUM</strong></span> <span class='ocrx_word' id='word_1_5' title='bbox 2241 364 2343 422; x_wconf 84' lang='lat' dir='ltr'><strong>AD</strong></span> <span class='ocrx_word' id='word_1_6' title='bbox 2382 361 2744 423; x_wconf 76' lang='lat' dir='ltr'><strong>ROMANOS</strong></span> 
     </span>
    </p>
   </div>
   <div class='ocr_carea' id='block_1_3' title="bbox 3457 360 3566 424">
    <p class='ocr_par' dir='ltr' id='par_1_3' title="bbox 3457 360 3566 424">
     <span class='ocr_line' id='line_1_3' title="bbox 3457 360 3566 424; baseline 0 -1"><span class='ocrx_word' id='word_1_7' title='bbox 3457 360 3566 424; x_wconf 74' lang='lat'><strong>783</strong></span> 
     </span>
    </p>
   </div>
   <div class='ocr_carea' id='block_1_4' title="bbox 287 471 1905 544">
    <p class='ocr_par' dir='ltr' id='par_1_4' title="bbox 287 471 1905 544">
     <span class='ocr_line' id='line_1_4' title="bbox 287 471 1905 544; baseline -0.001 -15"><span class='ocrx_word' id='word_1_8' title='bbox 287 473 565 543; x_wconf 74' lang='grc' dir='ltr'><strong>πολέμους</strong></span> <span class='ocrx_word' id='word_1_9' title='bbox 611 471 899 543; x_wconf 83' lang='grc' dir='ltr'><strong>Ῥωμαίων</strong></span> <span class='ocrx_word' id='word_1_10' title='bbox 941 473 1040 544; x_wconf 83' lang='grc' dir='ltr'><strong>μὲν</strong></span> <span class='ocrx_word' id='word_1_11' title='bbox 1074 474 1275 539; x_wconf 80' lang='grc' dir='ltr'><strong>οὐδενὶ,</strong></span> <span class='ocrx_word' id='word_1_12' title='bbox 1313 477 1420 537; x_wconf 88' lang='grc' dir='ltr'><strong>τοῖς</strong></span> <span class='ocrx_word' id='word_1_13' title='bbox 1459 475 1516 527; x_wconf 79' lang='grc' dir='ltr'><strong>δὲ</strong></span> <span class='ocrx_word' id='word_1_14' title='bbox 1554 476 1642 530; x_wconf 76' lang='grc' dir='ltr'><strong>ἀεὶ</strong></span> <span class='ocrx_word' id='word_1_15' title='bbox 1674 475 1732 528; x_wconf 82' lang='grc' dir='ltr'><strong>ὲν</strong></span> <span class='ocrx_word' id='word_1_16' title='bbox 1773 491 1905 534; x_wconf 73' lang='grc' dir='ltr'><strong>που,</strong></span> 
     </span>
    </p>
   </div>
   <div class='ocr_carea' id='block_1_5' title="bbox 1992 471 3562 544">
    <p class='ocr_par' dir='ltr' id='par_1_5' title="bbox 1999 473 3562 543">
     <span class='ocr_line' id='line_1_5' title="bbox 1999 473 3562 543; baseline 0.002 -15"><span class='ocrx_word' id='word_1_17' title='bbox 1999 492 2029 528; x_wconf 89' lang='lat' dir='ltr'><strong>n</strong></span> <span class='ocrx_word' id='word_1_18' title='bbox 2065 473 2300 528; x_wconf 77' lang='lat' dir='ltr'><strong>vicinam</strong></span> <span class='ocrx_word' id='word_1_19' title='bbox 2343 475 2526 528; x_wconf 83' lang='lat' dir='ltr'><strong>Persis</strong></span> <span class='ocrx_word' id='word_1_20' title='bbox 2561 474 2818 528; x_wconf 83' lang='lat' dir='ltr'><strong>Arabiam</strong></span> <span class='ocrx_word' id='word_1_21' title='bbox 2856 473 3126 543; x_wconf 73' lang='lat' dir='ltr'><strong>migravit.</strong></span> <span class='ocrx_word' id='word_1_22' title='bbox 3187 473 3322 530; x_wconf 86' lang='lat' dir='ltr'><strong>Hinc</strong></span> <span class='ocrx_word' id='word_1_23' title='bbox 3364 491 3562 532; x_wconf 80' lang='lat' dir='ltr'><strong>excur-</strong></span> 
     </span>
    </p>
   </div>
   <div class='ocr_carea' id='block_1_6' title="bbox 288 560 1870 636">
    <p class='ocr_par' dir='ltr' id='par_1_6' title="bbox 288 560 1870 636">
     <span class='ocr_line' id='line_1_6' title="bbox 288 560 1870 636; baseline -0.001 -15"><span class='ocrx_word' id='word_1_24' title='bbox 288 565 376 621; x_wconf 78' lang='grc' dir='ltr'><strong>σὶν</strong></span> <span class='ocrx_word' id='word_1_25' title='bbox 405 563 822 636; x_wconf 79' lang='grc' dir='ltr'><strong>εὑρισκομένοις</strong></span> <span class='ocrx_word' id='word_1_26' title='bbox 858 565 1217 636; x_wconf 82' lang='grc' dir='ltr'><strong>Σαρακηνοῖς.</strong></span> <span class='ocrx_word' id='word_1_27' title='bbox 1277 565 1398 635; x_wconf 79' lang='grc' dir='ltr'><strong>’Δφ’</strong></span> <span class='ocrx_word' id='word_1_28' title='bbox 1432 567 1474 598; x_wconf 69' lang='grc' dir='ltr'><strong><em>ιο</em></strong></span> <span class='ocrx_word' id='word_1_29' title='bbox 1518 560 1597 620; x_wconf 86' lang='grc' dir='ltr'><strong>ὦν</strong></span> <span class='ocrx_word' id='word_1_30' title='bbox 1628 566 1723 621; x_wconf 67' lang='grc' dir='ltr'><strong>κα)⁸</strong></span> <span class='ocrx_word' id='word_1_31' title='bbox 1770 567 1870 635; x_wconf 79' lang='grc' dir='ltr'><strong>τὴν</strong></span> 
     </span>
    </p>
   </div>
   <div class='ocr_carea' id='block_1_7' title="bbox 285 655 1872 730">
    <p class='ocr_par' dir='ltr' id='par_1_7' title="bbox 285 655 1872 730">
     <span class='ocr_line' id='line_1_7' title="bbox 285 655 1872 730; baseline 0.001 -19"><span class='ocrx_word' id='word_1_32' title='bbox 285 657 524 727; x_wconf 88' lang='grc' dir='ltr'><strong>δύναμιν</strong></span> <span class='ocrx_word' id='word_1_33' title='bbox 549 655 730 723; x_wconf 77' lang='grc' dir='ltr'><strong>αὔξων</strong></span> <span class='ocrx_word' id='word_1_34' title='bbox 767 657 960 728; x_wconf 76' lang='grc' dir='ltr'><strong>προῄει</strong></span> <span class='ocrx_word' id='word_1_35' title='bbox 986 656 1129 710; x_wconf 85' lang='grc' dir='ltr'><strong>κατά</strong></span> <span class='ocrx_word' id='word_1_36' title='bbox 1175 659 1392 730; x_wconf 79' lang='grc' dir='ltr'><strong>μικρόν.</strong></span> <span class='ocrx_word' id='word_1_37' title='bbox 1452 659 1598 712; x_wconf 84' lang='grc' dir='ltr'><strong>Μίαν</strong></span> <span class='ocrx_word' id='word_1_38' title='bbox 1645 659 1706 712; x_wconf 80' lang='grc' dir='ltr'><strong>δὲ</strong></span> <span class='ocrx_word' id='word_1_39' title='bbox 1762 660 1872 712; x_wconf 84' lang='grc' dir='ltr'><strong>τῶν</strong></span> 
     </span>
    </p>
   </div>
   <div class='ocr_carea' id='block_1_8' title="bbox 299 749 1872 821">
    <p class='ocr_par' dir='ltr' id='par_1_8' title="bbox 299 749 1872 821">
     <span class='ocr_line' id='line_1_8' title="bbox 299 749 1872 821; baseline -0.001 -17"><span class='ocrx_word' id='word_1_40' title='bbox 299 749 594 820; x_wconf 84' lang='grc' dir='ltr'><strong>Ῥωμαίων</strong></span> <span class='ocrx_word' id='word_1_41' title='bbox 627 750 1026 820; x_wconf 86' lang='grc' dir='ltr'><strong>παρεσπάσατο</strong></span> <span class='ocrx_word' id='word_1_42' title='bbox 1058 749 1224 818; x_wconf 85' lang='grc' dir='ltr'><strong>νῆσον</strong></span> <span class='ocrx_word' id='word_1_43' title='bbox 1253 749 1519 821; x_wconf 76' lang='grc' dir='ltr'><strong>ἰωτάεην</strong></span> <span class='ocrx_word' id='word_1_44' title='bbox 1539 750 1732 820; x_wconf 77' lang='grc' dir='ltr'><strong>ὄνομα,</strong></span> <span class='ocrx_word' id='word_1_45' title='bbox 1776 751 1872 804; x_wconf 74' lang='grc' dir='ltr'><strong>καὶ</strong></span> 
     </span>
    </p>
   </div>
   <div class='ocr_carea' id='block_1_9' title="bbox 287 839 1872 912">
    <p class='ocr_par' dir='ltr' id='par_1_9' title="bbox 287 839 1872 912">
     <span class='ocr_line' id='line_1_9' title="bbox 287 839 1872 912; baseline 0 -18"><span class='ocrx_word' id='word_1_46' title='bbox 287 841 418 904; x_wconf 82' lang='grc' dir='ltr'><strong>τοὺς</strong></span> <span class='ocrx_word' id='word_1_47' title='bbox 450 839 850 909; x_wconf 82' lang='grc' dir='ltr'><strong>δεκατηλόγους</strong></span> <span class='ocrx_word' id='word_1_48' title='bbox 903 839 1150 894; x_wconf 80' lang='grc' dir='ltr'><strong>ἐκϐαλὼν</strong></span> <span class='ocrx_word' id='word_1_49' title='bbox 1195 841 1303 894; x_wconf 82' lang='grc' dir='ltr'><strong>τῶν</strong></span> <span class='ocrx_word' id='word_1_50' title='bbox 1361 841 1650 912; x_wconf 88' lang='grc' dir='ltr'><strong>Ῥωμαίων</strong></span> <span class='ocrx_word' id='word_1_51' title='bbox 1709 841 1872 904; x_wconf 76' lang='grc' dir='ltr'><strong>αὐτὸς</strong></span> 
     </span>
    </p>
   </div>
   <div class='ocr_carea' id='block_1_10' title="bbox 287 930 1873 1002">
    <p class='ocr_par' dir='ltr' id='par_1_10' title="bbox 287 930 1873 1002">
     <span class='ocr_line' id='line_1_10' title="bbox 287 930 1873 1002; baseline 0.001 -20"><span class='ocrx_word' id='word_1_52' title='bbox 287 930 415 1000; x_wconf 80' lang='grc' dir='ltr'><strong>ἔσχε</strong></span> <span class='ocrx_word' id='word_1_53' title='bbox 451 930 550 1001; x_wconf 80' lang='grc' dir='ltr'><strong>τὴν</strong></span> <span class='ocrx_word' id='word_1_54' title='bbox 581 930 764 1000; x_wconf 88' lang='grc' dir='ltr'><strong>νῆσον,</strong></span> <span class='ocrx_word' id='word_1_55' title='bbox 797 932 892 982; x_wconf 78' lang='grc' dir='ltr'><strong>καὶ</strong></span> <span class='ocrx_word' id='word_1_56' title='bbox 914 930 982 984; x_wconf 84' lang='grc' dir='ltr'><strong>τά</strong></span> <span class='ocrx_word' id='word_1_57' title='bbox 1007 931 1137 1000; x_wconf 87' lang='grc' dir='ltr'><strong>τέλη</strong></span> <span class='ocrx_word' id='word_1_58' title='bbox 1167 931 1372 1002; x_wconf 80' lang='grc' dir='ltr'><strong>ταύτης</strong></span> <span class='ocrx_word' id='word_1_59' title='bbox 1418 931 1712 1001; x_wconf 80' lang='grc' dir='ltr'><strong>λαμϐάνων</strong></span> <span class='ocrx_word' id='word_1_60' title='bbox 1739 949 1873 1002; x_wconf 79' lang='grc' dir='ltr'><strong>χρη-</strong></span> 
     </span>
    </p>
   </div>
   <div class='ocr_carea' id='block_1_11' title="bbox 293 1021 1874 1092">
    <p class='ocr_par' dir='ltr' id='par_1_11' title="bbox 293 1021 1874 1092">
     <span class='ocr_line' id='line_1_11' title="bbox 293 1021 1874 1092; baseline 0 -17"><span class='ocrx_word' id='word_1_61' title='bbox 293 1021 483 1092; x_wconf 84' lang='grc' dir='ltr'>μάτων</span> <span class='ocrx_word' id='word_1_62' title='bbox 513 1021 946 1092; x_wconf 79' lang='grc' dir='ltr'><strong>εύπόρησεν-ούκ</strong></span> <span class='ocrx_word' id='word_1_63' title='bbox 995 1021 1194 1089; x_wconf 81' lang='grc' dir='ltr'>ὀλίγων</span> <span class='ocrx_word' id='word_1_64' title='bbox 1243 1022 1517 1080; x_wconf 74' lang='grc' dir='ltr'><strong>ἐντεῦθεν.</strong></span> <span class='ocrx_word' id='word_1_65' title='bbox 1563 1023 1672 1076; x_wconf 76' lang='grc' dir='ltr'><strong>Καὶ</strong></span> <span class='ocrx_word' id='word_1_66' title='bbox 1709 1023 1874 1086; x_wconf 82' lang='grc' dir='ltr'><strong>ἄλλας</strong></span> 
     </span>
    </p>
   </div>
   <div class='ocr_carea' id='block_1_12' title="bbox 289 1112 1873 1185">
    <p class='ocr_par' dir='ltr' id='par_1_12' title="bbox 289 1112 1873 1185">
     <span class='ocr_line' id='line_1_12' title="bbox 289 1112 1873 1185; baseline 0.001 -21"><span class='ocrx_word' id='word_1_67' title='bbox 289 1113 402 1165; x_wconf 79' lang='grc' dir='ltr'><strong>δὲό</strong></span> <span class='ocrx_word' id='word_1_68' title='bbox 471 1112 634 1175; x_wconf 75' lang='grc' dir='ltr'><strong>αὐτὸς</strong></span> <span class='ocrx_word' id='word_1_69' title='bbox 697 1112 1031 1184; x_wconf 73' lang='grc' dir='ltr'><strong>Ἀμόρκεσος</strong></span> <span class='ocrx_word' id='word_1_70' title='bbox 1083 1114 1193 1166; x_wconf 87' lang='grc' dir='ltr'><strong>τῶν</strong></span> <span class='ocrx_word' id='word_1_71' title='bbox 1241 1113 1472 1185; x_wconf 75' lang='grc' dir='ltr'>πλησίον</span> <span class='ocrx_word' id='word_1_72' title='bbox 1535 1113 1873 1183; x_wconf 78' lang='grc' dir='ltr'><strong>ἀφελόμενος</strong></span> 
     </span>
    </p>
   </div>
   <div class='ocr_carea' id='block_1_13' title="bbox 289 1203 1873 1274">
    <p class='ocr_par' dir='ltr' id='par_1_13' title="bbox 289 1203 1873 1274">
     <span class='ocr_line' id='line_1_13' title="bbox 289 1203 1873 1274; baseline 0 -18"><span class='ocrx_word' id='word_1_73' title='bbox 289 1203 518 1273; x_wconf 79' lang='grc' dir='ltr'><strong>κωμῶν,</strong></span> <span class='ocrx_word' id='word_1_74' title='bbox 546 1203 814 1274; x_wconf 78' lang='grc' dir='ltr'><strong>ἐπεθύμει</strong></span> <span class='ocrx_word' id='word_1_75' title='bbox 884 1204 1179 1274; x_wconf 83' lang='grc' dir='ltr'><strong>Ῥωμαίοις</strong></span> <span class='ocrx_word' id='word_1_76' title='bbox 1230 1204 1566 1266; x_wconf 81' lang='grc' dir='ltr'><strong>ὑπόσπονδος</strong></span> <span class='ocrx_word' id='word_1_77' title='bbox 1618 1203 1873 1270; x_wconf 81' lang='grc' dir='ltr'><strong>γενέσθαι</strong></span> 
     </span>
    </p>
   </div>
   <div class='ocr_carea' id='block_1_14' title="bbox 290 1294 1874 1366">
    <p class='ocr_par' dir='ltr' id='par_1_14' title="bbox 290 1294 1874 1366">
     <span class='ocr_line' id='line_1_14' title="bbox 290 1294 1874 1366; baseline 0.001 -20"><span class='ocrx_word' id='word_1_78' title='bbox 290 1296 388 1349; x_wconf 73' lang='grc' dir='ltr'><strong>καὶ</strong></span> <span class='ocrx_word' id='word_1_79' title='bbox 431 1294 706 1365; x_wconf 81' lang='grc' dir='ltr'><strong>φύλαρχος</strong></span> <span class='ocrx_word' id='word_1_80' title='bbox 723 1299 831 1348; x_wconf 74' lang='grc' dir='ltr'><strong>τῶν</strong></span> <span class='ocrx_word' id='word_1_81' title='bbox 859 1295 1003 1350; x_wconf 86' lang='grc' dir='ltr'><strong>κατά</strong></span> <span class='ocrx_word' id='word_1_82' title='bbox 1034 1296 1074 1326; x_wconf 81' lang='grc'>¹¹</span> <span class='ocrx_word' id='word_1_83' title='bbox 1128 1295 1400 1366; x_wconf 87' lang='grc' dir='ltr'><strong>Πετραίαν</strong></span> <span class='ocrx_word' id='word_1_84' title='bbox 1431 1296 1537 1349; x_wconf 81' lang='grc' dir='ltr'><strong>ὑπὸ</strong></span> <span class='ocrx_word' id='word_1_85' title='bbox 1582 1295 1874 1365; x_wconf 86' lang='grc' dir='ltr'><strong>Ῥωμαίοις</strong></span> 
     </span>
    </p>
   </div>
   <div class='ocr_carea' id='block_1_15' title="bbox 290 1385 1874 1461">
    <p class='ocr_par' dir='ltr' id='par_1_15' title="bbox 290 1385 1874 1461">
     <span class='ocr_line' id='line_1_15' title="bbox 290 1385 1874 1461; baseline 0 -21"><span class='ocrx_word' id='word_1_86' title='bbox 290 1387 462 1441; x_wconf 73' lang='grc' dir='ltr'><strong>ὄντων</strong></span> <span class='ocrx_word' id='word_1_87' title='bbox 485 1388 841 1458; x_wconf 86' lang='grc' dir='ltr'><strong>Σαρακηνῶν.</strong></span> <span class='ocrx_word' id='word_1_88' title='bbox 887 1388 1104 1458; x_wconf 87' lang='grc' dir='ltr'><strong>Πέμπει</strong></span> <span class='ocrx_word' id='word_1_89' title='bbox 1133 1385 1226 1444; x_wconf 77' lang='grc' dir='ltr'><strong>οὖν</strong></span> <span class='ocrx_word' id='word_1_90' title='bbox 1264 1389 1401 1461; x_wconf 79' lang='grc' dir='ltr'><strong>πρὸς</strong></span> <span class='ocrx_word' id='word_1_91' title='bbox 1425 1390 1630 1442; x_wconf 83' lang='grc' dir='ltr'><strong>Λέοντα</strong></span> <span class='ocrx_word' id='word_1_92' title='bbox 1655 1389 1745 1442; x_wconf 85' lang='grc' dir='ltr'><strong>τὸν</strong></span> <span class='ocrx_word' id='word_1_93' title='bbox 1774 1388 1874 1457; x_wconf 84' lang='grc' dir='ltr'><strong>βα-</strong></span> 
     </span>
    </p>
   </div>
   <div class='ocr_carea' id='block_1_16' title="bbox 291 1477 1875 1551">
    <p class='ocr_par' dir='ltr' id='par_1_16' title="bbox 291 1477 1875 1551">
     <span class='ocr_line' id='line_1_16' title="bbox 291 1477 1875 1551; baseline 0.001 -20"><span class='ocrx_word' id='word_1_94' title='bbox 291 1477 447 1531; x_wconf 88' lang='grc' dir='ltr'><strong>σιλέα</strong></span> <span class='ocrx_word' id='word_1_95' title='bbox 489 1479 774 1548; x_wconf 83' lang='grc' dir='ltr'><strong>Ῥωμαίων</strong></span> <span class='ocrx_word' id='word_1_96' title='bbox 802 1479 1010 1550; x_wconf 81' lang='grc' dir='ltr'><strong>Πέτρον</strong></span> <span class='ocrx_word' id='word_1_97' title='bbox 1050 1480 1354 1534; x_wconf 78' lang='grc' dir='ltr'><strong>ἐπίσκοπον</strong></span> <span class='ocrx_word' id='word_1_98' title='bbox 1407 1483 1505 1551; x_wconf 86' lang='grc' dir='ltr'><strong>τῆς</strong></span> <span class='ocrx_word' id='word_1_99' title='bbox 1565 1482 1738 1550; x_wconf 78' lang='grc' dir='ltr'><strong>φυλῆς</strong></span> <span class='ocrx_word' id='word_1_100' title='bbox 1774 1481 1875 1545; x_wconf 85' lang='grc' dir='ltr'><strong>τῆς</strong></span> 
     </span>
    </p>
   </div>
   <div class='ocr_carea' id='block_1_17' title="bbox 293 1568 1876 1641">
    <p class='ocr_par' dir='ltr' id='par_1_17' title="bbox 293 1568 1876 1641">
     <span class='ocr_line' id='line_1_17' title="bbox 293 1568 1876 1641; baseline 0.002 -20"><span class='ocrx_word' id='word_1_101' title='bbox 293 1568 510 1634; x_wconf 75' lang='grc' dir='ltr'><strong>ἑαυτοῦ,</strong></span> <span class='ocrx_word' id='word_1_102' title='bbox 545 1569 598 1622; x_wconf 82' lang='grc' dir='ltr'><strong>εί</strong></span> <span class='ocrx_word' id='word_1_103' title='bbox 621 1589 736 1635; x_wconf 89' lang='grc' dir='ltr'><strong>πως</strong></span> <span class='ocrx_word' id='word_1_104' title='bbox 767 1571 983 1625; x_wconf 83' lang='grc' dir='ltr'><strong>δύναιτο</strong></span> <span class='ocrx_word' id='word_1_105' title='bbox 1009 1571 1185 1626; x_wconf 74' lang='grc' dir='ltr'><strong>ταῦτα</strong></span> <span class='ocrx_word' id='word_1_106' title='bbox 1234 1573 1430 1636; x_wconf 81' lang='grc' dir='ltr'><strong>πείσας</strong></span> <span class='ocrx_word' id='word_1_107' title='bbox 1468 1572 1596 1626; x_wconf 80' lang='grc' dir='ltr'><strong>ποτὲ</strong></span> <span class='ocrx_word' id='word_1_108' title='bbox 1636 1572 1876 1641; x_wconf 81' lang='grc' dir='ltr'><strong>διαπρά-</strong></span> 
     </span>
    </p>
   </div>
   <div class='ocr_carea' id='block_1_18' title="bbox 260 1657 1872 1734">
    <p class='ocr_par' dir='ltr' id='par_1_18' title="bbox 260 1657 1872 1734">
     <span class='ocr_line' id='line_1_18' title="bbox 260 1657 1872 1734; baseline 0.001 -22"><span class='ocrx_word' id='word_1_109' title='bbox 260 1658 271 1672; x_wconf 84' lang='grc'><em>’</em></span> <span class='ocrx_word' id='word_1_110' title='bbox 298 1657 510 1723; x_wconf 78' lang='grc' dir='ltr'><strong>ξασθαι.</strong></span> <span class='ocrx_word' id='word_1_111' title='bbox 577 1660 666 1725; x_wconf 80' lang='grc' dir='ltr'><strong>Ὠς</strong></span> <span class='ocrx_word' id='word_1_112' title='bbox 704 1662 748 1714; x_wconf 82' lang='grc' dir='ltr'><strong>δ’</strong></span> <span class='ocrx_word' id='word_1_113' title='bbox 788 1663 1018 1730; x_wconf 83' lang='grc' dir='ltr'><strong>ἀφίκετο</strong></span> <span class='ocrx_word' id='word_1_114' title='bbox 1056 1664 1149 1718; x_wconf 74' lang='grc' dir='ltr'><strong>καὶ</strong></span> <span class='ocrx_word' id='word_1_115' title='bbox 1205 1663 1451 1734; x_wconf 81' lang='grc' dir='ltr'><strong>διελέχθη</strong></span> <span class='ocrx_word' id='word_1_116' title='bbox 1497 1663 1576 1734; x_wconf 80' lang='grc' dir='ltr'><strong>τῷ</strong></span> <span class='ocrx_word' id='word_1_117' title='bbox 1637 1662 1872 1733; x_wconf 85' lang='grc' dir='ltr'><strong>βασιλεῖ,</strong></span> 
     </span>
    </p>
   </div>
   <div class='ocr_carea' id='block_1_19' title="bbox 1974 564 3563 633">
    <p class='ocr_par' dir='ltr' id='par_1_19' title="bbox 1974 564 3563 633">
     <span class='ocr_line' id='line_1_19' title="bbox 1974 564 3563 633; baseline 0.001 -14"><span class='ocrx_word' id='word_1_118' title='bbox 1974 579 2120 630; x_wconf 89' lang='lat' dir='ltr'><strong>rens,</strong></span> <span class='ocrx_word' id='word_1_119' title='bbox 2155 565 2371 633; x_wconf 85' lang='lat' dir='ltr'><strong>rapinas</strong></span> <span class='ocrx_word' id='word_1_120' title='bbox 2399 575 2453 620; x_wconf 88' lang='lat' dir='ltr'><strong>et</strong></span> <span class='ocrx_word' id='word_1_121' title='bbox 2478 579 2672 620; x_wconf 67' lang='lat' dir='ltr'><strong>cmteru</strong></span> <span class='ocrx_word' id='word_1_122' title='bbox 2705 564 2922 621; x_wconf 88' lang='lat' dir='ltr'><strong>hostilia</strong></span> <span class='ocrx_word' id='word_1_123' title='bbox 2953 567 3243 619; x_wconf 72' lang='lat' dir='ltr'><strong>exercebat</strong></span> <span class='ocrx_word' id='word_1_124' title='bbox 3273 566 3325 619; x_wconf 91' lang='lat' dir='ltr'><strong>in</strong></span> <span class='ocrx_word' id='word_1_125' title='bbox 3359 565 3563 622; x_wconf 77' lang='lat' dir='ltr'><strong>Roma-</strong></span> 
     </span>
    </p>
   </div>
   <div class='ocr_carea' id='block_1_20' title="bbox 1976 656 3564 728">
    <p class='ocr_par' dir='ltr' id='par_1_20' title="bbox 1976 656 3564 728">
     <span class='ocr_line' id='line_1_20' title="bbox 1976 656 3564 728; baseline 0.003 -19"><span class='ocrx_word' id='word_1_126' title='bbox 1976 671 2168 711; x_wconf 90' lang='lat' dir='ltr'><strong>norum</strong></span> <span class='ocrx_word' id='word_1_127' title='bbox 2215 657 2326 728; x_wconf 75' lang='lat'><strong>92</strong></span> <span class='ocrx_word' id='word_1_128' title='bbox 2373 659 2590 726; x_wconf 86' lang='lat' dir='ltr'><strong>quidem</strong></span> <span class='ocrx_word' id='word_1_129' title='bbox 2648 660 2944 722; x_wconf 86' lang='lat' dir='ltr'><strong>neminem,</strong></span> <span class='ocrx_word' id='word_1_130' title='bbox 2995 657 3090 712; x_wconf 86' lang='lat' dir='ltr'><strong>sed</strong></span> <span class='ocrx_word' id='word_1_131' title='bbox 3140 656 3193 710; x_wconf 89' lang='lat' dir='ltr'><strong>in</strong></span> <span class='ocrx_word' id='word_1_132' title='bbox 3241 657 3564 721; x_wconf 75' lang='lat' dir='ltr'><strong>Saracenos,</strong></span> 
     </span>
    </p>
   </div>
   <div class='ocr_carea' id='block_1_21' title="bbox 1977 747 3568 819">
    <p class='ocr_par' dir='ltr' id='par_1_21' title="bbox 1977 747 3568 819">
     <span class='ocr_line' id='line_1_21' title="bbox 1977 747 3568 819; baseline 0.002 -18"><span class='ocrx_word' id='word_1_133' title='bbox 1977 764 2115 817; x_wconf 89' lang='lat' dir='ltr'><strong>quos</strong></span> <span class='ocrx_word' id='word_1_134' title='bbox 2148 751 2354 819; x_wconf 77' lang='lat' dir='ltr'><strong>passim</strong></span> <span class='ocrx_word' id='word_1_135' title='bbox 2390 759 2518 804; x_wconf 86' lang='lat' dir='ltr'><strong>ante</strong></span> <span class='ocrx_word' id='word_1_136' title='bbox 2542 751 2706 817; x_wconf 84' lang='lat' dir='ltr'><strong>pedes</strong></span> <span class='ocrx_word' id='word_1_137' title='bbox 2731 765 2858 804; x_wconf 89' lang='lat' dir='ltr'><strong>suos</strong></span> <span class='ocrx_word' id='word_1_138' title='bbox 2879 748 3209 804; x_wconf 74' lang='lat' dir='ltr'><strong>oll‘endebat.</strong></span> <span class='ocrx_word' id='word_1_139' title='bbox 3247 747 3340 804; x_wconf 88' lang='lat' dir='ltr'><strong>Sic</strong></span> <span class='ocrx_word' id='word_1_140' title='bbox 3369 757 3568 817; x_wconf 85' lang='lat' dir='ltr'><strong>poten-</strong></span> 
     </span>
    </p>
   </div>
   <div class='ocr_carea' id='block_1_22' title="bbox 1979 839 3571 909">
    <p class='ocr_par' dir='ltr' id='par_1_22' title="bbox 1979 839 3571 909">
     <span class='ocr_line' id='line_1_22' title="bbox 1979 839 3571 909; baseline 0.003 -18"><span class='ocrx_word' id='word_1_141' title='bbox 1979 839 2108 892; x_wconf 88' lang='lat' dir='ltr'><strong>tiam</strong></span> <span class='ocrx_word' id='word_1_142' title='bbox 2157 855 2310 894; x_wconf 88' lang='lat' dir='ltr'><strong>suam</strong></span> <span class='ocrx_word' id='word_1_143' title='bbox 2360 855 2584 909; x_wconf 86' lang='lat' dir='ltr'><strong>augens,</strong></span> <span class='ocrx_word' id='word_1_144' title='bbox 2637 839 2894 908; x_wconf 88' lang='lat' dir='ltr'><strong>paulatim</strong></span> <span class='ocrx_word' id='word_1_145' title='bbox 2943 840 3137 907; x_wconf 86' lang='lat' dir='ltr'><strong>crevit,</strong></span> <span class='ocrx_word' id='word_1_146' title='bbox 3181 850 3237 896; x_wconf 90' lang='lat' dir='ltr'><strong>et</strong></span> <span class='ocrx_word' id='word_1_147' title='bbox 3285 855 3449 895; x_wconf 88' lang='lat' dir='ltr'><strong>unam</strong></span> <span class='ocrx_word' id='word_1_148' title='bbox 3501 856 3571 896; x_wconf 73' lang='lat' dir='ltr'><strong>ex</strong></span> 
     </span>
    </p>
   </div>
   <div class='ocr_carea' id='block_1_23' title="bbox 1978 927 3568 1000">
    <p class='ocr_par' dir='ltr' id='par_1_23' title="bbox 1978 927 3568 1000">
     <span class='ocr_line' id='line_1_23' title="bbox 1978 927 3568 1000; baseline 0.004 -19"><span class='ocrx_word' id='word_1_149' title='bbox 1978 927 2190 995; x_wconf 84' lang='lat' dir='ltr'><strong>insulis,</strong></span> <span class='ocrx_word' id='word_1_150' title='bbox 2223 947 2342 1000; x_wconf 73' lang='lat' dir='ltr'><strong>qua:</strong></span> <span class='ocrx_word' id='word_1_151' title='bbox 2371 929 2635 988; x_wconf 79' lang='lat' dir='ltr'><strong>Romanis</strong></span> <span class='ocrx_word' id='word_1_152' title='bbox 2668 933 2953 1000; x_wconf 83' lang='lat' dir='ltr'><strong>parebant,</strong></span> <span class='ocrx_word' id='word_1_153' title='bbox 2993 929 3102 986; x_wconf 86' lang='lat' dir='ltr'><strong>sibi</strong></span> <span class='ocrx_word' id='word_1_154' title='bbox 3149 931 3381 999; x_wconf 86' lang='lat' dir='ltr'><strong>subjecit</strong></span> <span class='ocrx_word' id='word_1_155' title='bbox 3409 930 3568 987; x_wconf 77' lang='lat' dir='ltr'><strong>Jota-</strong></span> 
     </span>
    </p>
   </div>
   <div class='ocr_carea' id='block_1_24' title="bbox 1977 1020 3566 1090">
    <p class='ocr_par' dir='ltr' id='par_1_24' title="bbox 1977 1020 3566 1090">
     <span class='ocr_line' id='line_1_24' title="bbox 1977 1020 3566 1090; baseline 0.004 -18"><span class='ocrx_word' id='word_1_156' title='bbox 1977 1020 2095 1072; x_wconf 89' lang='lat' dir='ltr'><strong>bem</strong></span> <span class='ocrx_word' id='word_1_157' title='bbox 2129 1021 2367 1084; x_wconf 89' lang='lat' dir='ltr'><strong>nomine,</strong></span> <span class='ocrx_word' id='word_1_158' title='bbox 2399 1037 2524 1090; x_wconf 86' lang='lat' dir='ltr'><strong>qua,</strong></span> <span class='ocrx_word' id='word_1_159' title='bbox 2556 1022 2798 1090; x_wconf 82' lang='lat' dir='ltr'><strong>expulsis</strong></span> <span class='ocrx_word' id='word_1_160' title='bbox 2829 1023 3160 1078; x_wconf 87' lang='lat' dir='ltr'><strong>decimarttm</strong></span> <span class='ocrx_word' id='word_1_161' title='bbox 3193 1023 3566 1090; x_wconf 73' lang='lat' dir='ltr'><strong>exactoribus,</strong></span> 
     </span>
    </p>
   </div>
   <div class='ocr_carea' id='block_1_25' title="bbox 1977 1111 3568 1183">
    <p class='ocr_par' dir='ltr' id='par_1_25' title="bbox 1977 1111 3568 1183">
     <span class='ocr_line' id='line_1_25' title="bbox 1977 1111 3568 1183; baseline 0.003 -19"><span class='ocrx_word' id='word_1_162' title='bbox 1977 1112 2181 1179; x_wconf 87' lang='lat' dir='ltr'><strong>potitus</strong></span> <span class='ocrx_word' id='word_1_163' title='bbox 2214 1121 2318 1168; x_wconf 86' lang='lat' dir='ltr'><strong>est.</strong></span> <span class='ocrx_word' id='word_1_164' title='bbox 2362 1111 2548 1182; x_wconf 85' lang='lat' dir='ltr'><strong>Itaque</strong></span> <span class='ocrx_word' id='word_1_165' title='bbox 2584 1115 2784 1167; x_wconf 79' lang='lat' dir='ltr'><strong>tributa</strong></span> <span class='ocrx_word' id='word_1_166' title='bbox 2821 1113 3099 1183; x_wconf 79' lang='lat' dir='ltr'><strong>colligens,</strong></span> <span class='ocrx_word' id='word_1_167' title='bbox 3138 1128 3262 1169; x_wconf 89' lang='lat' dir='ltr'><strong>cum</strong></span> <span class='ocrx_word' id='word_1_168' title='bbox 3295 1116 3465 1183; x_wconf 75' lang='lat' dir='ltr'><strong>etiam</strong></span> <span class='ocrx_word' id='word_1_169' title='bbox 3497 1129 3568 1170; x_wconf 83' lang='lat' dir='ltr'><strong>ex</strong></span> 
     </span>
    </p>
   </div>
   <div class='ocr_carea' id='block_1_26' title="bbox 1976 1201 3567 1274">
    <p class='ocr_par' dir='ltr' id='par_1_26' title="bbox 1976 1201 3567 1274">
     <span class='ocr_line' id='line_1_26' title="bbox 1976 1201 3567 1274; baseline 0.003 -21"><span class='ocrx_word' id='word_1_170' title='bbox 1976 1201 2240 1270; x_wconf 64' lang='lat' dir='ltr'><strong>proximis</strong></span> <span class='ocrx_word' id='word_1_171' title='bbox 2274 1205 2407 1258; x_wconf 81' lang='lat' dir='ltr'><strong>vicis</strong></span> <span class='ocrx_word' id='word_1_172' title='bbox 2456 1205 2657 1258; x_wconf 88' lang='lat' dir='ltr'><strong>multas</strong></span> <span class='ocrx_word' id='word_1_173' title='bbox 2709 1205 2918 1274; x_wconf 67' lang='lat' dir='ltr'><strong>praedas</strong></span> <span class='ocrx_word' id='word_1_174' title='bbox 2947 1206 3168 1273; x_wconf 86' lang='lat' dir='ltr'><strong>egisset,</strong></span> <span class='ocrx_word' id='word_1_175' title='bbox 3199 1219 3304 1259; x_wconf 90' lang='lat' dir='ltr'><strong>non</strong></span> <span class='ocrx_word' id='word_1_176' title='bbox 3344 1221 3567 1273; x_wconf 88' lang='lat' dir='ltr'><strong>parvam</strong></span> 
     </span>
    </p>
   </div>
   <div class='ocr_carea' id='block_1_27' title="bbox 1977 1292 3569 1363">
    <p class='ocr_par' dir='ltr' id='par_1_27' title="bbox 1977 1292 3569 1363">
     <span class='ocr_line' id='line_1_27' title="bbox 1977 1292 3569 1363; baseline 0.003 -17"><span class='ocrx_word' id='word_1_177' title='bbox 1977 1292 2330 1361; x_wconf 89' lang='lat' dir='ltr'><strong>pecuniarum</strong></span> <span class='ocrx_word' id='word_1_178' title='bbox 2360 1309 2629 1349; x_wconf 89' lang='lat' dir='ltr'><strong>summam</strong></span> <span class='ocrx_word' id='word_1_179' title='bbox 2660 1294 2762 1349; x_wconf 86' lang='lat' dir='ltr'><strong>sibi</strong></span> <span class='ocrx_word' id='word_1_180' title='bbox 2791 1295 3023 1363; x_wconf 86' lang='lat' dir='ltr'><strong>paravit.</strong></span> <span class='ocrx_word' id='word_1_181' title='bbox 3055 1293 3261 1350; x_wconf 85' lang='lat' dir='ltr'><strong>Deinde</strong></span> <span class='ocrx_word' id='word_1_182' title='bbox 3293 1296 3569 1350; x_wconf 75' lang='lat' dir='ltr'><strong>Romano-</strong></span> 
     </span>
    </p>
   </div>
   <div class='ocr_carea' id='block_1_28' title="bbox 1979 1386 3569 1454">
    <p class='ocr_par' dir='ltr' id='par_1_28' title="bbox 1979 1386 3569 1454">
     <span class='ocr_line' id='line_1_28' title="bbox 1979 1386 3569 1454; baseline 0.004 -18"><span class='ocrx_word' id='word_1_183' title='bbox 1979 1400 2096 1438; x_wconf 91' lang='lat' dir='ltr'><strong>rum</strong></span> <span class='ocrx_word' id='word_1_184' title='bbox 2137 1386 2545 1440; x_wconf 81' lang='lat' dir='ltr'><strong>confoederams</strong></span> <span class='ocrx_word' id='word_1_185' title='bbox 2577 1396 2631 1440; x_wconf 88' lang='lat' dir='ltr'><strong>et</strong></span> <span class='ocrx_word' id='word_1_186' title='bbox 2670 1386 3094 1452; x_wconf 85' lang='lat' dir='ltr'><strong>Saracenorum,</strong></span> <span class='ocrx_word' id='word_1_187' title='bbox 3142 1389 3245 1454; x_wconf 40' lang='lat' dir='ltr'><strong>qui.</strong></span> <span class='ocrx_word' id='word_1_188' title='bbox 3272 1388 3324 1442; x_wconf 91' lang='lat' dir='ltr'><strong>in</strong></span> <span class='ocrx_word' id='word_1_189' title='bbox 3365 1388 3569 1443; x_wconf 85' lang='lat' dir='ltr'><strong>Arabia</strong></span> 
     </span>
    </p>
   </div>
   <div class='ocr_carea' id='block_1_29' title="bbox 1979 1475 3567 1550">
    <p class='ocr_par' dir='ltr' id='par_1_29' title="bbox 1979 1475 3567 1550">
     <span class='ocr_line' id='line_1_29' title="bbox 1979 1475 3567 1550; baseline 0.004 -20"><span class='ocrx_word' id='word_1_190' title='bbox 1979 1475 2186 1531; x_wconf 49' lang='lat' dir='ltr'><strong>Petra‘a</strong></span> <span class='ocrx_word' id='word_1_191' title='bbox 2217 1479 2320 1532; x_wconf 86' lang='lat' dir='ltr'><strong>sub</strong></span> <span class='ocrx_word' id='word_1_192' title='bbox 2353 1477 2612 1533; x_wconf 77' lang='lat' dir='ltr'><strong>Romanis</strong></span> <span class='ocrx_word' id='word_1_193' title='bbox 2639 1481 2864 1550; x_wconf 85' lang='lat' dir='ltr'><strong>degunt,</strong></span> <span class='ocrx_word' id='word_1_194' title='bbox 2894 1481 3150 1549; x_wconf 85' lang='lat' dir='ltr'><strong>princeps</strong></span> <span class='ocrx_word' id='word_1_195' title='bbox 3179 1495 3300 1534; x_wconf 88' lang='lat' dir='ltr'><strong>esse</strong></span> <span class='ocrx_word' id='word_1_196' title='bbox 3339 1495 3567 1546; x_wconf 82' lang='lat' dir='ltr'><strong>magno-</strong></span> 
     </span>
    </p>
   </div>
   <div class='ocr_carea' id='block_1_30' title="bbox 1978 1571 3573 1644">
    <p class='ocr_par' dir='ltr' id='par_1_30' title="bbox 1978 1571 3573 1644">
     <span class='ocr_line' id='line_1_30' title="bbox 1978 1571 3573 1644; baseline 0.003 -20"><span class='ocrx_word' id='word_1_197' title='bbox 1978 1583 2106 1638; x_wconf 90' lang='lat' dir='ltr'><strong>pere</strong></span> <span class='ocrx_word' id='word_1_198' title='bbox 2147 1571 2424 1639; x_wconf 88' lang='lat' dir='ltr'><strong>cupiebat.</strong></span> <span class='ocrx_word' id='word_1_199' title='bbox 2473 1571 2838 1636; x_wconf 84' lang='lat' dir='ltr'><strong>Quamobrem</strong></span> <span class='ocrx_word' id='word_1_200' title='bbox 2886 1575 2954 1627; x_wconf 91' lang='lat' dir='ltr'><strong>ad</strong></span> <span class='ocrx_word' id='word_1_201' title='bbox 3006 1573 3240 1628; x_wconf 79' lang='lat' dir='ltr'><strong>Leonem</strong></span> <span class='ocrx_word' id='word_1_202' title='bbox 3278 1575 3573 1644; x_wconf 78' lang='lat' dir='ltr'><strong>imperato-</strong></span> 
     </span>
    </p>
   </div>
   <div class='ocr_carea' id='block_1_31' title="bbox 1981 1662 3566 1736">
    <p class='ocr_par' dir='ltr' id='par_1_31' title="bbox 1981 1662 3566 1736">
     <span class='ocr_line' id='line_1_31' title="bbox 1981 1662 3566 1736; baseline 0.004 -22"><span class='ocrx_word' id='word_1_203' title='bbox 1981 1677 2093 1716; x_wconf 87' lang='lat' dir='ltr'><strong>rem</strong></span> <span class='ocrx_word' id='word_1_204' title='bbox 2132 1664 2298 1716; x_wconf 89' lang='lat' dir='ltr'><strong>mittit</strong></span> <span class='ocrx_word' id='word_1_205' title='bbox 2333 1662 2575 1729; x_wconf 85' lang='lat' dir='ltr'><strong>Petrum,</strong></span> <span class='ocrx_word' id='word_1_206' title='bbox 2611 1665 2728 1732; x_wconf 86' lang='lat' dir='ltr'><strong>ejus</strong></span> <span class='ocrx_word' id='word_1_207' title='bbox 2774 1666 2952 1732; x_wconf 81' lang='lat' dir='ltr'><strong>gentis</strong></span> <span class='ocrx_word' id='word_1_208' title='bbox 2990 1667 3328 1736; x_wconf 81' lang='lat' dir='ltr'><strong>episcopum,</strong></span> <span class='ocrx_word' id='word_1_209' title='bbox 3362 1669 3475 1736; x_wconf 91' lang='lat' dir='ltr'><strong>qui,</strong></span> <span class='ocrx_word' id='word_1_210' title='bbox 3522 1668 3566 1721; x_wconf 89' lang='lat' dir='ltr'><strong>si</strong></span> 
     </span>
    </p>
   </div>
   <div class='ocr_carea' id='block_1_32' title="bbox 301 1753 1905 1827">
    <p class='ocr_par' dir='ltr' id='par_1_32' title="bbox 301 1753 1877 1827">
     <span class='ocr_line' id='line_1_32' title="bbox 301 1753 1877 1827; baseline 0.002 -22"><span class='ocrx_word' id='word_1_211' title='bbox 301 1753 511 1822; x_wconf 84' lang='grc' dir='ltr'><strong>δέχεται</strong></span> <span class='ocrx_word' id='word_1_212' title='bbox 535 1755 662 1817; x_wconf 82' lang='grc' dir='ltr'><strong>τοὺς</strong></span> <span class='ocrx_word' id='word_1_213' title='bbox 686 1755 877 1824; x_wconf 79' lang='grc' dir='ltr'><strong>λόγους</strong></span> <span class='ocrx_word' id='word_1_214' title='bbox 910 1759 938 1809; x_wconf 97' lang='lat'><strong>6</strong></span> <span class='ocrx_word' id='word_1_215' title='bbox 999 1756 1272 1826; x_wconf 74' lang='grc' dir='ltr'><strong>βασιλεὺς,</strong></span> <span class='ocrx_word' id='word_1_216' title='bbox 1333 1758 1428 1809; x_wconf 75' lang='grc' dir='ltr'><strong>καὶ</strong></span> <span class='ocrx_word' id='word_1_217' title='bbox 1483 1756 1877 1827; x_wconf 84' lang='grc' dir='ltr'><strong>μετάπεμπτον</strong></span> 
     </span>
    </p>
   </div>
   <div class='ocr_carea' id='block_1_33' title="bbox 1992 1753 3570 1827">
    <p class='ocr_par' dir='ltr' id='par_1_33' title="bbox 1992 1753 3570 1827">
     <span class='ocr_line' id='line_1_33' title="bbox 1992 1753 3570 1827; baseline 0.003 -22"><span class='ocrx_word' id='word_1_218' title='bbox 1992 1768 2084 1821; x_wconf 65' lang='lat' dir='ltr'><strong>qua</strong></span> <span class='ocrx_word' id='word_1_219' title='bbox 2121 1753 2335 1808; x_wconf 80' lang='lat' dir='ltr'><strong>ratione</strong></span> <span class='ocrx_word' id='word_1_220' title='bbox 2371 1763 2576 1824; x_wconf 82' lang='lat' dir='ltr'><strong>posset,</strong></span> <span class='ocrx_word' id='word_1_221' title='bbox 2614 1756 2682 1809; x_wconf 88' lang='lat' dir='ltr'><strong>ab</strong></span> <span class='ocrx_word' id='word_1_222' title='bbox 2714 1756 3043 1824; x_wconf 84' lang='lat' dir='ltr'><strong>imperatore</strong></span> <span class='ocrx_word' id='word_1_223' title='bbox 3076 1759 3190 1811; x_wconf 60' lang='lat' dir='ltr'><strong>haec</strong></span> <span class='ocrx_word' id='word_1_224' title='bbox 3231 1758 3570 1827; x_wconf 85' lang='lat' dir='ltr'><strong>impetraret.</strong></span> 
     </span>
    </p>
   </div>
   <div class='ocr_carea' id='block_1_34' title="bbox 300 1825 1905 1920">
    <p class='ocr_par' dir='ltr' id='par_1_34' title="bbox 300 1825 1873 1920">
     <span class='ocr_line' id='line_1_34' title="bbox 300 1825 1873 1920; baseline 0.002 -23"><span class='ocrx_word' id='word_1_225' title='bbox 300 1846 456 1910; x_wconf 80' lang='grc' dir='ltr'><strong>εὐθὺς</strong></span> <span class='ocrx_word' id='word_1_226' title='bbox 503 1850 737 1901; x_wconf 87' lang='grc' dir='ltr'><strong>ποιεῖται</strong></span> <span class='ocrx_word' id='word_1_227' title='bbox 760 1849 852 1902; x_wconf 86' lang='grc' dir='ltr'><strong>τὺν</strong></span> <span class='ocrx_word' id='word_1_228' title='bbox 893 1825 1224 1920; x_wconf 81' lang='grc' dir='ltr'><strong>Ἀμόρκεσον</strong></span> <span class='ocrx_word' id='word_1_229' title='bbox 1275 1850 1452 1904; x_wconf 81' lang='grc' dir='ltr'><strong>ἐλθεῖν</strong></span> <span class='ocrx_word' id='word_1_230' title='bbox 1488 1825 1636 1920; x_wconf 75' lang='grc' dir='ltr'><strong>πρὸς</strong></span> <span class='ocrx_word' id='word_1_231' title='bbox 1687 1825 1873 1913; x_wconf 71' lang='grc' dir='ltr'><strong>αὐτὸν,</strong></span> 
     </span>
    </p>
   </div>
   <div class='ocr_carea' id='block_1_35' title="bbox 1992 1825 3571 1920">
    <p class='ocr_par' dir='ltr' id='par_1_35' title="bbox 1992 1844 3571 1914">
     <span class='ocr_line' id='line_1_35' title="bbox 1992 1844 3571 1914; baseline 0.003 -14"><span class='ocrx_word' id='word_1_232' title='bbox 1992 1844 2054 1900; x_wconf 89' lang='lat' dir='ltr'><strong>Ut</strong></span> <span class='ocrx_word' id='word_1_233' title='bbox 2078 1847 2242 1908; x_wconf 84' lang='lat' dir='ltr'><strong>venit,</strong></span> <span class='ocrx_word' id='word_1_234' title='bbox 2281 1853 2336 1899; x_wconf 92' lang='lat' dir='ltr'><strong>et</strong></span> <span class='ocrx_word' id='word_1_235' title='bbox 2365 1862 2487 1900; x_wconf 91' lang='lat' dir='ltr'><strong>cum</strong></span> <span class='ocrx_word' id='word_1_236' title='bbox 2523 1847 2851 1914; x_wconf 90' lang='lat' dir='ltr'><strong>imperatore</strong></span> <span class='ocrx_word' id='word_1_237' title='bbox 2888 1849 3050 1903; x_wconf 85' lang='lat' dir='ltr'><strong>verba</strong></span> <span class='ocrx_word' id='word_1_238' title='bbox 3099 1849 3246 1913; x_wconf 82' lang='lat' dir='ltr'><strong>fecit,</strong></span> <span class='ocrx_word' id='word_1_239' title='bbox 3287 1863 3571 1904; x_wconf 89' lang='lat' dir='ltr'><strong>sermones</strong></span> 
     </span>
    </p>
   </div>
   <div class='ocr_carea' id='block_1_36' title="bbox 297 1937 1877 2012">
    <p class='ocr_par' dir='ltr' id='par_1_36' title="bbox 297 1937 1877 2012">
     <span class='ocr_line' id='line_1_36' title="bbox 297 1937 1877 2012; baseline 0.003 -22"><span class='ocrx_word' id='word_1_240' title='bbox 297 1937 631 1992; x_wconf 75' lang='grc' dir='ltr'><strong>ἀϐουλότατα</strong></span> <span class='ocrx_word' id='word_1_241' title='bbox 664 1939 824 1994; x_wconf 81' lang='grc' dir='ltr'><strong>τοῦτο</strong></span> <span class='ocrx_word' id='word_1_242' title='bbox 882 1942 1310 2012; x_wconf 81' lang='grc' dir='ltr'><strong>διανοησάμενος</strong></span> <span class='ocrx_word' id='word_1_243' title='bbox 1345 1942 1440 1994; x_wconf 68' lang='grc' dir='ltr'><strong>καὶ</strong></span> <span class='ocrx_word' id='word_1_244' title='bbox 1494 1943 1751 2010; x_wconf 83' lang='grc' dir='ltr'><strong>ποιήσας.</strong></span> <span class='ocrx_word' id='word_1_245' title='bbox 1814 1941 1877 1994; x_wconf 78' lang='lat' dir='ltr'><strong>Et</strong></span> 
     </span>
    </p>
   </div>
   <div class='ocr_carea' id='block_1_37' title="bbox 295 2029 1879 2106">
    <p class='ocr_par' dir='ltr' id='par_1_37' title="bbox 295 2029 1879 2106">
     <span class='ocr_line' id='line_1_37' title="bbox 295 2029 1879 2106; baseline 0.001 -21"><span class='ocrx_word' id='word_1_246' title='bbox 295 2029 404 2100; x_wconf 75' lang='grc' dir='ltr'><strong>γὰρ</strong></span> <span class='ocrx_word' id='word_1_247' title='bbox 433 2031 496 2102; x_wconf 83' lang='grc' dir='ltr'><strong>δὴ</strong></span> <span class='ocrx_word' id='word_1_248' title='bbox 535 2033 629 2086; x_wconf 75' lang='grc' dir='ltr'><strong>καὶ</strong></span> <span class='ocrx_word' id='word_1_249' title='bbox 659 2033 934 2104; x_wconf 80' lang='grc' dir='ltr'><strong>φύλαρχον</strong></span> <span class='ocrx_word' id='word_1_250' title='bbox 991 2035 1372 2106; x_wconf 85' lang='grc' dir='ltr'><strong>χειροτονῆσαι</strong></span> <span class='ocrx_word' id='word_1_251' title='bbox 1421 2034 1722 2106; x_wconf 83' lang='grc' dir='ltr'><strong>προῄρητο,</strong></span> <span class='ocrx_word' id='word_1_252' title='bbox 1769 2033 1879 2088; x_wconf 81' lang='grc' dir='ltr'><strong>ἔδει</strong></span> 
     </span>
    </p>
   </div>
   <div class='ocr_carea' id='block_1_38' title="bbox 295 2124 1880 2198">
    <p class='ocr_par' dir='ltr' id='par_1_38' title="bbox 295 2124 1880 2198">
     <span class='ocr_line' id='line_1_38' title="bbox 295 2124 1880 2198; baseline -0.003 -18"><span class='ocrx_word' id='word_1_253' title='bbox 295 2127 581 2198; x_wconf 77' lang='grc' dir='ltr'><strong>πόρρωθεν</strong></span> <span class='ocrx_word' id='word_1_254' title='bbox 607 2125 718 2179; x_wconf 78' lang='grc' dir='ltr'><strong>ὄντι</strong></span> <span class='ocrx_word' id='word_1_255' title='bbox 752 2127 830 2196; x_wconf 75' lang='grc' dir='ltr'><strong>τῷ</strong></span> <span class='ocrx_word' id='word_1_256' title='bbox 883 2127 1203 2198; x_wconf 81' lang='grc' dir='ltr'><strong>Ἀμορκέσῳ</strong></span> <span class='ocrx_word' id='word_1_257' title='bbox 1231 2126 1387 2180; x_wconf 82' lang='grc' dir='ltr'><strong>τοῦτο</strong></span> <span class='ocrx_word' id='word_1_258' title='bbox 1420 2125 1744 2196; x_wconf 79' lang='grc' dir='ltr'><strong>προστάξαι,</strong></span> <span class='ocrx_word' id='word_1_259' title='bbox 1776 2124 1880 2190; x_wconf 75' lang='grc' dir='ltr'><strong>ἕως</strong></span> 
     </span>
    </p>
   </div>
   <div class='ocr_carea' id='block_1_39' title="bbox 299 2218 1879 2290">
    <p class='ocr_par' dir='ltr' id='par_1_39' title="bbox 299 2218 1879 2290">
     <span class='ocr_line' id='line_1_39' title="bbox 299 2218 1879 2290; baseline -0.002 -17"><span class='ocrx_word' id='word_1_260' title='bbox 299 2223 396 2273; x_wconf 72' lang='grc' dir='ltr'><strong>καὶ</strong></span> <span class='ocrx_word' id='word_1_261' title='bbox 428 2219 495 2272; x_wconf 78' lang='grc' dir='ltr'><strong>τὰ</strong></span> <span class='ocrx_word' id='word_1_262' title='bbox 528 2219 819 2289; x_wconf 86' lang='grc' dir='ltr'><strong>Ῥωμαίων</strong></span> <span class='ocrx_word' id='word_1_263' title='bbox 841 2218 1061 2288; x_wconf 73' lang='grc' dir='ltr'><strong>ἐνόμιζε</strong></span> <span class='ocrx_word' id='word_1_264' title='bbox 1085 2218 1316 2290; x_wconf 79' lang='grc' dir='ltr'><strong>φοϐέρά,</strong></span> <span class='ocrx_word' id='word_1_265' title='bbox 1347 2219 1438 2272; x_wconf 80' lang='grc' dir='ltr'><strong>καὶ</strong></span> <span class='ocrx_word' id='word_1_266' title='bbox 1483 2221 1594 2282; x_wconf 88' lang='grc' dir='ltr'><strong>τοῖς</strong></span> <span class='ocrx_word' id='word_1_267' title='bbox 1619 2219 1879 2290; x_wconf 83' lang='grc' dir='ltr'><strong>ἄρχουσιν</strong></span> 
     </span>
    </p>
   </div>
   <div class='ocr_carea' id='block_1_40' title="bbox 295 2310 1882 2382">
    <p class='ocr_par' dir='ltr' id='par_1_40' title="bbox 295 2310 1882 2382">
     <span class='ocr_line' id='line_1_40' title="bbox 295 2310 1882 2382; baseline -0.001 -18"><span class='ocrx_word' id='word_1_268' title='bbox 295 2311 386 2364; x_wconf 77' lang='grc' dir='ltr'><strong>ἀεὶ</strong></span> <span class='ocrx_word' id='word_1_269' title='bbox 429 2314 541 2374; x_wconf 88' lang='grc' dir='ltr'><strong>τοῖς</strong></span> <span class='ocrx_word' id='word_1_270' title='bbox 584 2310 808 2380; x_wconf 85' lang='grc' dir='ltr'><strong>τυχοῦσι</strong></span> <span class='ocrx_word' id='word_1_271' title='bbox 867 2311 1155 2382; x_wconf 88' lang='grc' dir='ltr'><strong>Ῥωμαίων</strong></span> <span class='ocrx_word' id='word_1_272' title='bbox 1210 2311 1436 2381; x_wconf 74' lang='grc' dir='ltr'><strong>ἔμελλεν</strong></span> <span class='ocrx_word' id='word_1_273' title='bbox 1475 2313 1629 2382; x_wconf 82' lang='grc' dir='ltr'><strong>ἥκειν</strong></span> <span class='ocrx_word' id='word_1_274' title='bbox 1677 2313 1882 2366; x_wconf 81' lang='grc' dir='ltr'><strong>ύποπε·</strong></span> 
     </span>
    </p>
   </div>
   <div class='ocr_carea' id='block_1_41' title="bbox 299 2401 1883 2474">
    <p class='ocr_par' dir='ltr' id='par_1_41' title="bbox 299 2401 1883 2474">
     <span class='ocr_line' id='line_1_41' title="bbox 299 2401 1883 2474; baseline 0 -18"><span class='ocrx_word' id='word_1_275' title='bbox 299 2401 564 2473; x_wconf 85' lang='grc' dir='ltr'><strong>πτηχὼς,</strong></span> <span class='ocrx_word' id='word_1_276' title='bbox 607 2403 701 2456; x_wconf 79' lang='grc' dir='ltr'><strong>καὶ</strong></span> <span class='ocrx_word' id='word_1_277' title='bbox 718 2403 826 2474; x_wconf 74' lang='grc' dir='ltr'><strong>’τήν</strong></span> <span class='ocrx_word' id='word_1_278' title='bbox 865 2419 929 2471; x_wconf 85' lang='grc' dir='ltr'><strong>γε</strong></span> <span class='ocrx_word' id='word_1_279' title='bbox 957 2403 1330 2474; x_wconf 78' lang='grc' dir='ltr'><strong>προσηγορίαν</strong></span> <span class='ocrx_word' id='word_1_280' title='bbox 1378 2403 1638 2473; x_wconf 87' lang='grc' dir='ltr'><strong>βασιλέως</strong></span> <span class='ocrx_word' id='word_1_281' title='bbox 1669 2403 1883 2456; x_wconf 83' lang='grc' dir='ltr'><strong>ἀκούων</strong></span> 
     </span>
    </p>
   </div>
   <div class='ocr_carea' id='block_1_42' title="bbox 302 2495 1883 2567">
    <p class='ocr_par' dir='ltr' id='par_1_42' title="bbox 302 2495 1883 2567">
     <span class='ocr_line' id='line_1_42' title="bbox 302 2495 1883 2567; baseline 0.003 -21"><span class='ocrx_word' id='word_1_282' title='bbox 302 2496 494 2565; x_wconf 80' lang='grc' dir='ltr'><strong>αὐτήν.</strong></span> <span class='ocrx_word' id='word_1_283' title='bbox 533 2495 646 2549; x_wconf 76' lang='grc' dir='ltr'><strong>Καὶ</strong></span> <span class='ocrx_word' id='word_1_284' title='bbox 666 2495 776 2564; x_wconf 83' lang='grc' dir='ltr'><strong>γὰρ</strong></span> <span class='ocrx_word' id='word_1_285' title='bbox 807 2495 898 2548; x_wconf 77' lang='grc' dir='ltr'><strong>διὰ</strong></span> <span class='ocrx_word' id='word_1_286' title='bbox 929 2497 970 2528; x_wconf 72' lang='grc' dir='ltr'><strong>ι’</strong></span> <span class='ocrx_word' id='word_1_287' title='bbox 1019 2495 1215 2549; x_wconf 84' lang='grc' dir='ltr'><strong>πολλοῦ</strong></span> <span class='ocrx_word' id='word_1_288' title='bbox 1247 2497 1496 2567; x_wconf 84' lang='grc' dir='ltr'><strong>κρεῖττόν</strong></span> <span class='ocrx_word' id='word_1_289' title='bbox 1527 2513 1580 2550; x_wconf 93' lang='grc' dir='ltr'><strong>τι</strong></span> <span class='ocrx_word' id='word_1_290' title='bbox 1619 2496 1728 2550; x_wconf 82' lang='grc' dir='ltr'><strong>τῶν</strong></span> <span class='ocrx_word' id='word_1_291' title='bbox 1787 2499 1883 2550; x_wconf 85' lang='grc' dir='ltr'><strong>ἀν-</strong></span> 
     </span>
    </p>
   </div>
   <div class='ocr_carea' id='block_1_43' title="bbox 299 2584 1882 2660">
    <p class='ocr_par' dir='ltr' id='par_1_43' title="bbox 299 2584 1882 2660">
     <span class='ocr_line' id='line_1_43' title="bbox 299 2584 1882 2660; baseline 0.001 -19"><span class='ocrx_word' id='word_1_292' title='bbox 299 2587 532 2659; x_wconf 82' lang='grc' dir='ltr'><strong>θρώπων</strong></span> <span class='ocrx_word' id='word_1_293' title='bbox 559 2584 700 2643; x_wconf 81' lang='grc' dir='ltr'><strong>εἶναι</strong></span> <span class='ocrx_word' id='word_1_294' title='bbox 743 2589 854 2642; x_wconf 85' lang='grc' dir='ltr'><strong>τῶν</strong></span> <span class='ocrx_word' id='word_1_295' title='bbox 887 2588 1064 2643; x_wconf 80' lang='grc' dir='ltr'><strong>ἄλλων</strong></span> <span class='ocrx_word' id='word_1_296' title='bbox 1094 2589 1333 2660; x_wconf 71' lang='grc' dir='ltr'><strong>ἐνόμιζε.</strong></span> <span class='ocrx_word' id='word_1_297' title='bbox 1367 2589 1482 2642; x_wconf 81' lang='grc' dir='ltr'><strong>Νῦν</strong></span> <span class='ocrx_word' id='word_1_298' title='bbox 1548 2589 1605 2642; x_wconf 84' lang='grc' dir='ltr'><strong>δὲ</strong></span> <span class='ocrx_word' id='word_1_299' title='bbox 1663 2589 1882 2660; x_wconf 85' lang='grc' dir='ltr'><strong>πρῶτον</strong></span> 
     </span>
    </p>
   </div>
   <div class='ocr_carea' id='block_1_44' title="bbox 305 2676 1883 2751">
    <p class='ocr_par' dir='ltr' id='par_1_44' title="bbox 305 2676 1883 2751">
     <span class='ocr_line' id='line_1_44' title="bbox 305 2676 1883 2751; baseline 0.002 -19"><span class='ocrx_word' id='word_1_300' title='bbox 305 2679 404 2750; x_wconf 86' lang='grc' dir='ltr'><strong>μὲν</strong></span> <span class='ocrx_word' id='word_1_301' title='bbox 433 2681 596 2733; x_wconf 84' lang='grc' dir='ltr'><strong>αὑτὸν</strong></span> <span class='ocrx_word' id='word_1_302' title='bbox 619 2681 709 2734; x_wconf 72' lang='grc' dir='ltr'><strong>διὰ</strong></span> <span class='ocrx_word' id='word_1_303' title='bbox 763 2681 970 2734; x_wconf 87' lang='grc' dir='ltr'><strong>πόλεων</strong></span> <span class='ocrx_word' id='word_1_304' title='bbox 1019 2676 1176 2751; x_wconf 77' lang='grc' dir='ltr'><strong>ἦγεν,</strong></span> <span class='ocrx_word' id='word_1_305' title='bbox 1237 2680 1306 2744; x_wconf 80' lang='grc' dir='ltr'><strong>ἀς</strong></span> <span class='ocrx_word' id='word_1_306' title='bbox 1367 2680 1594 2750; x_wconf 76' lang='grc' dir='ltr'><strong>ἔμελλεν</strong></span> <span class='ocrx_word' id='word_1_307' title='bbox 1655 2681 1883 2750; x_wconf 65' lang='grc' dir='ltr'><strong>δψεσθαι</strong></span> 
     </span>
    </p>
   </div>
   <div class='ocr_carea' id='block_1_45' title="bbox 302 2773 1882 2846">
    <p class='ocr_par' dir='ltr' id='par_1_45' title="bbox 302 2773 1882 2846">
     <span class='ocr_line' id='line_1_45' title="bbox 302 2773 1882 2846; baseline 0.002 -22"><span class='ocrx_word' id='word_1_308' title='bbox 302 2773 516 2844; x_wconf 73' lang='grc' dir='ltr'><strong>τρυφῆς</strong></span> <span class='ocrx_word' id='word_1_309' title='bbox 552 2775 713 2844; x_wconf 85' lang='grc' dir='ltr'><strong>μόνον</strong></span> <span class='ocrx_word' id='word_1_310' title='bbox 740 2775 1045 2844; x_wconf 84' lang='grc' dir='ltr'><strong>γεμούσας,</strong></span> <span class='ocrx_word' id='word_1_311' title='bbox 1095 2773 1280 2836; x_wconf 79' lang='grc' dir='ltr'><strong>ὅπλοις</strong></span> <span class='ocrx_word' id='word_1_312' title='bbox 1316 2774 1375 2828; x_wconf 84' lang='grc' dir='ltr'><strong>δὲ</strong></span> <span class='ocrx_word' id='word_1_313' title='bbox 1429 2774 1490 2827; x_wconf 80' lang='grc' dir='ltr'><strong>οὐ</strong></span> <span class='ocrx_word' id='word_1_314' title='bbox 1547 2774 1833 2846; x_wconf 81' lang='grc' dir='ltr'><strong>χρωμένας</strong></span> <span class='ocrx_word' id='word_1_315' title='bbox 1866 2791 1882 2808; x_wconf 77' lang='lat'><strong><em>°</em></strong></span> 
     </span>
    </p>
   </div>
   <div class='ocr_carea' id='block_1_46' title="bbox 304 2863 1885 2936">
    <p class='ocr_par' dir='ltr' id='par_1_46' title="bbox 304 2863 1885 2936">
     <span class='ocr_line' id='line_1_46' title="bbox 304 2863 1885 2936; baseline 0.003 -22"><span class='ocrx_word' id='word_1_316' title='bbox 304 2863 494 2917; x_wconf 78' lang='grc' dir='ltr'><strong>ἔπειτα</strong></span> <span class='ocrx_word' id='word_1_317' title='bbox 519 2863 598 2928; x_wconf 83' lang='grc' dir='ltr'><strong>δὲ,</strong></span> <span class='ocrx_word' id='word_1_318' title='bbox 646 2865 722 2927; x_wconf 86' lang='grc' dir='ltr'><strong>ὡς</strong></span> <span class='ocrx_word' id='word_1_319' title='bbox 758 2865 993 2936; x_wconf 80' lang='grc' dir='ltr'><strong>ἀνῆλθεν</strong></span> <span class='ocrx_word' id='word_1_320' title='bbox 1017 2867 1070 2928; x_wconf 83' lang='grc' dir='ltr'><strong>ές</strong></span> <span class='ocrx_word' id='word_1_321' title='bbox 1103 2864 1418 2930; x_wconf 80' lang='grc' dir='ltr'><strong>Βυζάντιον,</strong></span> <span class='ocrx_word' id='word_1_322' title='bbox 1473 2865 1686 2934; x_wconf 86' lang='grc' dir='ltr'><strong>δέχεται</strong></span> <span class='ocrx_word' id='word_1_323' title='bbox 1735 2866 1885 2936; x_wconf 86' lang='grc' dir='ltr'><strong>παρὰ</strong></span> 
     </span>
    </p>
   </div>
   <div class='ocr_carea' id='block_1_47' title="bbox 305 2954 1884 3028">
    <p class='ocr_par' dir='ltr' id='par_1_47' title="bbox 305 2954 1884 3028">
     <span class='ocr_line' id='line_1_47' title="bbox 305 2954 1884 3028; baseline 0.004 -22"><span class='ocrx_word' id='word_1_324' title='bbox 305 2954 398 3007; x_wconf 85' lang='grc' dir='ltr'><strong>τοῦ</strong></span> <span class='ocrx_word' id='word_1_325' title='bbox 438 2954 703 3024; x_wconf 84' lang='grc' dir='ltr'><strong>βασιλέως</strong></span> <span class='ocrx_word' id='word_1_326' title='bbox 735 2958 1008 3026; x_wconf 86' lang='grc' dir='ltr'><strong>ἀσμένως,</strong></span> <span class='ocrx_word' id='word_1_327' title='bbox 1033 2957 1130 3011; x_wconf 78' lang='grc' dir='ltr'><strong>καὶ</strong></span> <span class='ocrx_word' id='word_1_328' title='bbox 1166 2958 1447 3027; x_wconf 79' lang='grc' dir='ltr'><strong>τραπέζης</strong></span> <span class='ocrx_word' id='word_1_329' title='bbox 1479 2958 1736 3012; x_wconf 80' lang='grc' dir='ltr'><strong>κοινωνὸν</strong></span> <span class='ocrx_word' id='word_1_330' title='bbox 1785 2960 1884 3028; x_wconf 84' lang='grc' dir='ltr'><strong>βα-</strong></span> 
     </span>
    </p>
   </div>
   <div class='ocr_carea' id='block_1_48' title="bbox 307 3047 1886 3122">
    <p class='ocr_par' dir='ltr' id='par_1_48' title="bbox 307 3047 1886 3122">
     <span class='ocr_line' id='line_1_48' title="bbox 307 3047 1886 3122; baseline 0.01 -24"><span class='ocrx_word' id='word_1_331' title='bbox 307 3047 519 3118; x_wconf 89' lang='grc' dir='ltr'><strong>σιλικῆς</strong></span> <span class='ocrx_word' id='word_1_332' title='bbox 598 3050 912 3119; x_wconf 74' lang='grc' dir='ltr'><strong>ἐποιήσατο,</strong></span> <span class='ocrx_word' id='word_1_333' title='bbox 967 3052 1062 3104; x_wconf 78' lang='grc' dir='ltr'><strong>καὶ</strong></span> <span class='ocrx_word' id='word_1_334' title='bbox 1125 3051 1168 3082; x_wconf 81' lang='grc'><em>³³</em></span> <span class='ocrx_word' id='word_1_335' title='bbox 1238 3050 1436 3121; x_wconf 86' lang='grc' dir='ltr'><strong>βουλῆς</strong></span> <span class='ocrx_word' id='word_1_336' title='bbox 1518 3051 1886 3122; x_wconf 81' lang='grc' dir='ltr'><strong>προκειμένης</strong></span> 
     </span>
    </p>
   </div>
   <div class='ocr_carea' id='block_1_49' title="bbox 1982 1939 3573 2008">
    <p class='ocr_par' dir='ltr' id='par_1_49' title="bbox 1982 1939 3573 2008">
     <span class='ocr_line' id='line_1_49' title="bbox 1982 1939 3573 2008; baseline 0.003 -17"><span class='ocrx_word' id='word_1_337' title='bbox 1982 1939 2100 2005; x_wconf 84' lang='lat' dir='ltr'><strong>ejus</strong></span> <span class='ocrx_word' id='word_1_338' title='bbox 2137 1939 2434 2008; x_wconf 86' lang='lat' dir='ltr'><strong>imperator</strong></span> <span class='ocrx_word' id='word_1_339' title='bbox 2461 1940 2684 2008; x_wconf 77' lang='lat' dir='ltr'><strong>excipit,</strong></span> <span class='ocrx_word' id='word_1_340' title='bbox 2726 1950 2781 1995; x_wconf 87' lang='lat' dir='ltr'><strong>et</strong></span> <span class='ocrx_word' id='word_1_341' title='bbox 2817 1941 3168 1996; x_wconf 82' lang='lat' dir='ltr'><strong>Amorcesum</strong></span> <span class='ocrx_word' id='word_1_342' title='bbox 3196 1941 3380 1996; x_wconf 87' lang='lat' dir='ltr'><strong>statim</strong></span> <span class='ocrx_word' id='word_1_343' title='bbox 3411 1941 3477 1994; x_wconf 90' lang='lat' dir='ltr'><strong>ad</strong></span> <span class='ocrx_word' id='word_1_344' title='bbox 3511 1955 3573 1995; x_wconf 89' lang='lat' dir='ltr'><strong>se</strong></span> 
     </span>
    </p>
   </div>
   <div class='ocr_carea' id='block_1_50' title="bbox 1981 2032 3571 2097">
    <p class='ocr_par' dir='ltr' id='par_1_50' title="bbox 1981 2032 3571 2097">
     <span class='ocr_line' id='line_1_50' title="bbox 1981 2032 3571 2097; baseline 0.003 -14"><span class='ocrx_word' id='word_1_345' title='bbox 1981 2039 2161 2084; x_wconf 89' lang='lat' dir='ltr'><strong>vocat.</strong></span> <span class='ocrx_word' id='word_1_346' title='bbox 2199 2032 2328 2097; x_wconf 62' lang='lat' dir='ltr'><strong>Quae</strong></span> <span class='ocrx_word' id='word_1_347' title='bbox 2358 2046 2490 2087; x_wconf 89' lang='lat' dir='ltr'><strong>sane</strong></span> <span class='ocrx_word' id='word_1_348' title='bbox 2531 2033 2996 2090; x_wconf 83' lang='lat' dir='ltr'><strong>inconsultissime</strong></span> <span class='ocrx_word' id='word_1_349' title='bbox 3036 2044 3089 2090; x_wconf 90' lang='lat' dir='ltr'><strong>et</strong></span> <span class='ocrx_word' id='word_1_350' title='bbox 3123 2037 3294 2090; x_wconf 89' lang='lat' dir='ltr'><strong>sensit</strong></span> <span class='ocrx_word' id='word_1_351' title='bbox 3325 2043 3382 2090; x_wconf 88' lang='lat' dir='ltr'><strong>et</strong></span> <span class='ocrx_word' id='word_1_352' title='bbox 3420 2034 3571 2090; x_wconf 83' lang='lat' dir='ltr'><strong>fecit.</strong></span> 
     </span>
    </p>
   </div>
   <div class='ocr_carea' id='block_1_51' title="bbox 1985 2115 3575 2193">
    <p class='ocr_par' dir='ltr' id='par_1_51' title="bbox 1985 2115 3575 2193">
     <span class='ocr_line' id='line_1_51' title="bbox 1985 2115 3575 2193; baseline 0.008 -25"><span class='ocrx_word' id='word_1_353' title='bbox 1985 2115 2220 2180; x_wconf 84' lang='lat' dir='ltr'><strong>Etenim,</strong></span> <span class='ocrx_word' id='word_1_354' title='bbox 2253 2118 2297 2172; x_wconf 88' lang='lat' dir='ltr'><strong>si</strong></span> <span class='ocrx_word' id='word_1_355' title='bbox 2335 2118 2511 2188; x_wconf 88' lang='lat' dir='ltr'><strong>ipsum</strong></span> <span class='ocrx_word' id='word_1_356' title='bbox 2541 2121 2657 2189; x_wconf 86' lang='lat' dir='ltr'><strong>ejus</strong></span> <span class='ocrx_word' id='word_1_357' title='bbox 2686 2123 2862 2191; x_wconf 89' lang='lat' dir='ltr'><strong>gentis</strong></span> <span class='ocrx_word' id='word_1_358' title='bbox 2889 2123 3190 2193; x_wconf 88' lang='lat' dir='ltr'><strong>principem</strong></span> <span class='ocrx_word' id='word_1_359' title='bbox 3224 2139 3413 2180; x_wconf 87' lang='lat' dir='ltr'><strong>creare</strong></span> <span class='ocrx_word' id='word_1_360' title='bbox 3441 2139 3575 2180; x_wconf 88' lang='lat' dir='ltr'><strong>con-</strong></span> 
     </span>
    </p>
   </div>
   <div class='ocr_carea' id='block_1_52' title="bbox 1983 2208 3568 2284">
    <p class='ocr_par' dir='ltr' id='par_1_52' title="bbox 1983 2208 3568 2284">
     <span class='ocr_line' id='line_1_52' title="bbox 1983 2208 3568 2284; baseline 0.008 -24"><span class='ocrx_word' id='word_1_361' title='bbox 1983 2208 2274 2272; x_wconf 78' lang='lat' dir='ltr'><strong>stituisset,</strong></span> <span class='ocrx_word' id='word_1_362' title='bbox 2305 2221 2622 2280; x_wconf 84' lang='lat' dir='ltr'><strong>oportuerat</strong></span> <span class='ocrx_word' id='word_1_363' title='bbox 2645 2227 2766 2267; x_wconf 91' lang='lat' dir='ltr'><strong>eum</strong></span> <span class='ocrx_word' id='word_1_364' title='bbox 2790 2229 2819 2266; x_wconf 89' lang='lat' dir='ltr'><strong>e</strong></span> <span class='ocrx_word' id='word_1_365' title='bbox 2842 2215 3138 2284; x_wconf 88' lang='lat' dir='ltr'><strong>longinquo</strong></span> <span class='ocrx_word' id='word_1_366' title='bbox 3163 2217 3264 2272; x_wconf 89' lang='lat' dir='ltr'><strong>hoc</strong></span> <span class='ocrx_word' id='word_1_367' title='bbox 3287 2218 3568 2282; x_wconf 85' lang='lat' dir='ltr'><strong>mandare,</strong></span> 
     </span>
    </p>
   </div>
   <div class='ocr_carea' id='block_1_53' title="bbox 1985 2295 3573 2376">
    <p class='ocr_par' dir='ltr' id='par_1_53' title="bbox 1985 2295 3573 2376">
     <span class='ocr_line' id='line_1_53' title="bbox 1985 2295 3573 2376; baseline 0.008 -24"><span class='ocrx_word' id='word_1_368' title='bbox 1985 2308 2045 2353; x_wconf 92' lang='lat' dir='ltr'><strong>ut</strong></span> <span class='ocrx_word' id='word_1_369' title='bbox 2082 2295 2452 2357; x_wconf 71' lang='lat' dir='ltr'><strong>Romanorum</strong></span> <span class='ocrx_word' id='word_1_370' title='bbox 2489 2304 2772 2372; x_wconf 88' lang='lat' dir='ltr'><strong>imperium</strong></span> <span class='ocrx_word' id='word_1_371' title='bbox 2811 2305 2885 2359; x_wconf 90' lang='lat' dir='ltr'><strong>illi</strong></span> <span class='ocrx_word' id='word_1_372' title='bbox 2925 2321 3144 2376; x_wconf 89' lang='lat' dir='ltr'><strong>semper</strong></span> <span class='ocrx_word' id='word_1_373' title='bbox 3173 2309 3446 2363; x_wconf 80' lang='lat' dir='ltr'><strong>formidini</strong></span> <span class='ocrx_word' id='word_1_374' title='bbox 3480 2325 3573 2365; x_wconf 83' lang='lat' dir='ltr'><strong>cs-</strong></span> 
     </span>
    </p>
   </div>
   <div class='ocr_carea' id='block_1_54' title="bbox 1985 2393 3576 2468">
    <p class='ocr_par' dir='ltr' id='par_1_54' title="bbox 1985 2393 3576 2468">
     <span class='ocr_line' id='line_1_54' title="bbox 1985 2393 3576 2468; baseline 0.006 -22"><span class='ocrx_word' id='word_1_375' title='bbox 1985 2399 2092 2454; x_wconf 86' lang='lat' dir='ltr'><strong>set,</strong></span> <span class='ocrx_word' id='word_1_376' title='bbox 2133 2403 2190 2446; x_wconf 89' lang='lat' dir='ltr'><strong>et</strong></span> <span class='ocrx_word' id='word_1_377' title='bbox 2233 2393 2302 2448; x_wconf 89' lang='lat' dir='ltr'><strong>ad</strong></span> <span class='ocrx_word' id='word_1_378' title='bbox 2343 2393 2517 2448; x_wconf 87' lang='lat' dir='ltr'><strong>solum</strong></span> <span class='ocrx_word' id='word_1_379' title='bbox 2568 2411 2764 2451; x_wconf 91' lang='lat' dir='ltr'><strong>nomen</strong></span> <span class='ocrx_word' id='word_1_380' title='bbox 2826 2398 3192 2466; x_wconf 84' lang='lat' dir='ltr'><strong>imperatoris,</strong></span> <span class='ocrx_word' id='word_1_381' title='bbox 3239 2401 3576 2468; x_wconf 87' lang='lat' dir='ltr'><strong>quibuslibet</strong></span> 
     </span>
    </p>
   </div>
   <div class='ocr_carea' id='block_1_55' title="bbox 1987 2482 3577 2556">
    <p class='ocr_par' dir='ltr' id='par_1_55' title="bbox 1987 2482 3577 2556">
     <span class='ocr_line' id='line_1_55' title="bbox 1987 2482 3577 2556; baseline 0.007 -21"><span class='ocrx_word' id='word_1_382' title='bbox 1987 2482 2360 2537; x_wconf 78' lang='lat' dir='ltr'><strong>Romanorum</strong></span> <span class='ocrx_word' id='word_1_383' title='bbox 2398 2484 2805 2556; x_wconf 78' lang='lat' dir='ltr'><strong>magistratibus</strong></span> <span class='ocrx_word' id='word_1_384' title='bbox 2832 2489 2898 2540; x_wconf 90' lang='lat' dir='ltr'><strong>ad</strong></span> <span class='ocrx_word' id='word_1_385' title='bbox 2929 2502 2990 2542; x_wconf 87' lang='lat' dir='ltr'><strong>se</strong></span> <span class='ocrx_word' id='word_1_386' title='bbox 3022 2489 3428 2555; x_wconf 85' lang='lat' dir='ltr'><strong>accedentibus,</strong></span> <span class='ocrx_word' id='word_1_387' title='bbox 3461 2502 3577 2546; x_wconf 83' lang='lat' dir='ltr'><strong>tre-</strong></span> 
     </span>
    </p>
   </div>
   <div class='ocr_carea' id='block_1_56' title="bbox 1987 2575 3576 2651">
    <p class='ocr_par' dir='ltr' id='par_1_56' title="bbox 1987 2575 3576 2651">
     <span class='ocr_line' id='line_1_56' title="bbox 1987 2575 3576 2651; baseline 0.008 -24"><span class='ocrx_word' id='word_1_388' title='bbox 1987 2583 2180 2630; x_wconf 90' lang='lat' dir='ltr'><strong>meret.</strong></span> <span class='ocrx_word' id='word_1_389' title='bbox 2215 2575 2346 2630; x_wconf 80' lang='lat' dir='ltr'><strong>Nam</strong></span> <span class='ocrx_word' id='word_1_390' title='bbox 2394 2577 2690 2632; x_wconf 88' lang='lat' dir='ltr'><strong>remotiora</strong></span> <span class='ocrx_word' id='word_1_391' title='bbox 2735 2578 2984 2638; x_wconf 83' lang='lat' dir='ltr'><strong>homines</strong></span> <span class='ocrx_word' id='word_1_392' title='bbox 3027 2590 3082 2635; x_wconf 89' lang='lat' dir='ltr'><strong>et</strong></span> <span class='ocrx_word' id='word_1_393' title='bbox 3128 2583 3433 2651; x_wconf 89' lang='lat' dir='ltr'><strong>potentiora</strong></span> <span class='ocrx_word' id='word_1_394' title='bbox 3476 2583 3576 2638; x_wconf 86' lang='lat' dir='ltr'><strong>ha-</strong></span> 
     </span>
    </p>
   </div>
   <div class='ocr_carea' id='block_1_57' title="bbox 1985 2665 3572 2742">
    <p class='ocr_par' dir='ltr' id='par_1_57' title="bbox 1985 2665 3572 2742">
     <span class='ocr_line' id='line_1_57' title="bbox 1985 2665 3572 2742; baseline 0.006 -22"><span class='ocrx_word' id='word_1_395' title='bbox 1985 2665 2116 2721; x_wconf 89' lang='lat' dir='ltr'><strong>bere</strong></span> <span class='ocrx_word' id='word_1_396' title='bbox 2140 2666 2334 2724; x_wconf 87' lang='lat' dir='ltr'><strong>solent.</strong></span> <span class='ocrx_word' id='word_1_397' title='bbox 2364 2669 2545 2725; x_wconf 85' lang='lat' dir='ltr'><strong>Atille</strong></span> <span class='ocrx_word' id='word_1_398' title='bbox 2563 2672 2836 2726; x_wconf 85' lang='lat' dir='ltr'><strong>hominem</strong></span> <span class='ocrx_word' id='word_1_399' title='bbox 2864 2688 2961 2742; x_wconf 90' lang='lat' dir='ltr'><strong>per</strong></span> <span class='ocrx_word' id='word_1_400' title='bbox 2992 2674 3152 2729; x_wconf 89' lang='lat' dir='ltr'><strong>urbes</strong></span> <span class='ocrx_word' id='word_1_401' title='bbox 3182 2675 3572 2742; x_wconf 81' lang='lat' dir='ltr'><strong>circumduxit,</strong></span> 
     </span>
    </p>
   </div>
   <div class='ocr_carea' id='block_1_58' title="bbox 1986 2761 3573 2836">
    <p class='ocr_par' dir='ltr' id='par_1_58' title="bbox 1986 2761 3573 2836">
     <span class='ocr_line' id='line_1_58' title="bbox 1986 2761 3573 2836; baseline 0.008 -25"><span class='ocrx_word' id='word_1_402' title='bbox 1986 2775 2124 2829; x_wconf 84' lang='lat' dir='ltr'><strong>quas</strong></span> <span class='ocrx_word' id='word_1_403' title='bbox 2168 2761 2387 2832; x_wconf 84' lang='lat' dir='ltr'><strong>visurus</strong></span> <span class='ocrx_word' id='word_1_404' title='bbox 2411 2773 2534 2818; x_wconf 87' lang='lat' dir='ltr'><strong>erat</strong></span> <span class='ocrx_word' id='word_1_405' title='bbox 2574 2765 2743 2818; x_wconf 87' lang='lat' dir='ltr'><strong>armis</strong></span> <span class='ocrx_word' id='word_1_406' title='bbox 2782 2779 2983 2819; x_wconf 88' lang='lat' dir='ltr'><strong>vacuas</strong></span> <span class='ocrx_word' id='word_1_407' title='bbox 3030 2773 3084 2820; x_wconf 91' lang='lat' dir='ltr'><strong>et</strong></span> <span class='ocrx_word' id='word_1_408' title='bbox 3124 2766 3335 2822; x_wconf 86' lang='lat' dir='ltr'><strong>deliciis</strong></span> <span class='ocrx_word' id='word_1_409' title='bbox 3367 2767 3573 2836; x_wconf 89' lang='lat' dir='ltr'><strong>plenas.</strong></span> 
     </span>
    </p>
   </div>
   <div class='ocr_carea' id='block_1_59' title="bbox 1987 2849 3579 2928">
    <p class='ocr_par' dir='ltr' id='par_1_59' title="bbox 1987 2849 3579 2928">
     <span class='ocr_line' id='line_1_59' title="bbox 1987 2849 3579 2928; baseline 0.006 -24"><span class='ocrx_word' id='word_1_410' title='bbox 1987 2849 2164 2918; x_wconf 86' lang='lat' dir='ltr'><strong>Hunc,</strong></span> <span class='ocrx_word' id='word_1_411' title='bbox 2206 2861 2265 2906; x_wconf 88' lang='lat' dir='ltr'><strong>ut</strong></span> <span class='ocrx_word' id='word_1_412' title='bbox 2306 2852 2629 2924; x_wconf 84' lang='lat' dir='ltr'><strong>Byzantium</strong></span> <span class='ocrx_word' id='word_1_413' title='bbox 2661 2855 2834 2920; x_wconf 83' lang='lat' dir='ltr'><strong>venit,</strong></span> <span class='ocrx_word' id='word_1_414' title='bbox 2881 2857 3177 2924; x_wconf 85' lang='lat' dir='ltr'><strong>imperator</strong></span> <span class='ocrx_word' id='word_1_415' title='bbox 3216 2859 3448 2928; x_wconf 87' lang='lat' dir='ltr'><strong>benigne</strong></span> <span class='ocrx_word' id='word_1_416' title='bbox 3477 2873 3579 2915; x_wconf 82' lang='lat' dir='ltr'><strong>ex-</strong></span> 
     </span>
    </p>
   </div>
   <div class='ocr_carea' id='block_1_60' title="bbox 1987 2943 3580 3020">
    <p class='ocr_par' dir='ltr' id='par_1_60' title="bbox 1987 2943 3580 3020">
     <span class='ocr_line' id='line_1_60' title="bbox 1987 2943 3580 3020; baseline 0.005 -22"><span class='ocrx_word' id='word_1_417' title='bbox 1987 2943 2141 3012; x_wconf 85' lang='lat' dir='ltr'><strong>cipit,</strong></span> <span class='ocrx_word' id='word_1_418' title='bbox 2165 2954 2221 2999; x_wconf 93' lang='lat' dir='ltr'><strong>et</strong></span> <span class='ocrx_word' id='word_1_419' title='bbox 2247 2945 2405 3014; x_wconf 69' lang='lat' dir='ltr'><strong>regite</strong></span> <span class='ocrx_word' id='word_1_420' title='bbox 2435 2959 2640 3002; x_wconf 63' lang='lat' dir='ltr'><strong>mensas</strong></span> <span class='ocrx_word' id='word_1_421' title='bbox 2662 2947 2983 3016; x_wconf 88' lang='lat' dir='ltr'><strong>participem</strong></span> <span class='ocrx_word' id='word_1_422' title='bbox 3012 2948 3161 3003; x_wconf 82' lang='lat' dir='ltr'><strong>iecit.</strong></span> <span class='ocrx_word' id='word_1_423' title='bbox 3191 2947 3412 3004; x_wconf 91' lang='lat' dir='ltr'><strong>Senatui</strong></span> <span class='ocrx_word' id='word_1_424' title='bbox 3443 2966 3580 3020; x_wconf 85' lang='lat' dir='ltr'><strong>quo-</strong></span> 
     </span>
    </p>
   </div>
   <div class='ocr_carea' id='block_1_61' title="bbox 1990 3035 3581 3107">
    <p class='ocr_par' dir='ltr' id='par_1_61' title="bbox 1990 3035 3581 3107">
     <span class='ocr_line' id='line_1_61' title="bbox 1990 3035 3581 3107; baseline 0.004 -19"><span class='ocrx_word' id='word_1_425' title='bbox 1990 3050 2114 3106; x_wconf 90' lang='lat' dir='ltr'><strong>que,</strong></span> <span class='ocrx_word' id='word_1_426' title='bbox 2149 3049 2313 3105; x_wconf 89' lang='lat' dir='ltr'><strong>quem</strong></span> <span class='ocrx_word' id='word_1_427' title='bbox 2343 3035 2560 3102; x_wconf 76' lang='lat' dir='ltr'><strong>indixit,</strong></span> <span class='ocrx_word' id='word_1_428' title='bbox 2603 3038 2890 3102; x_wconf 84' lang='lat' dir='ltr'><strong>interesse,</strong></span> <span class='ocrx_word' id='word_1_429' title='bbox 2923 3046 2978 3092; x_wconf 88' lang='lat' dir='ltr'><strong>et</strong></span> <span class='ocrx_word' id='word_1_430' title='bbox 3024 3038 3120 3105; x_wconf 89' lang='lat' dir='ltr'><strong>illi,</strong></span> <span class='ocrx_word' id='word_1_431' title='bbox 3151 3039 3295 3107; x_wconf 89' lang='lat' dir='ltr'><strong>quod</strong></span> <span class='ocrx_word' id='word_1_432' title='bbox 3343 3039 3581 3094; x_wconf 73' lang='lat' dir='ltr'><strong>fmdissi-</strong></span> 
     </span>
    </p>
   </div>
   <div class='ocr_carea' id='block_1_62' title="bbox 311 3123 1905 3222">
    <p class='ocr_par' dir='ltr' id='par_1_62' title="bbox 311 3139 1885 3214">
     <span class='ocr_line' id='line_1_62' title="bbox 311 3139 1885 3214; baseline 0.002 -23"><span class='ocrx_word' id='word_1_433' title='bbox 311 3140 451 3208; x_wconf 84' lang='grc' dir='ltr'><strong>μετά</strong></span> <span class='ocrx_word' id='word_1_434' title='bbox 502 3139 603 3209; x_wconf 85' lang='grc' dir='ltr'><strong>τῆς</strong></span> <span class='ocrx_word' id='word_1_435' title='bbox 644 3141 938 3211; x_wconf 74' lang='grc' dir='ltr'><strong>γερουσίας</strong></span> <span class='ocrx_word' id='word_1_436' title='bbox 967 3143 1340 3214; x_wconf 83' lang='grc' dir='ltr'><strong>συμπαρεῖναι</strong></span> <span class='ocrx_word' id='word_1_437' title='bbox 1369 3143 1564 3196; x_wconf 83' lang='grc' dir='ltr'><strong>ὲποίει.</strong></span> <span class='ocrx_word' id='word_1_438' title='bbox 1600 3143 1706 3194; x_wconf 74' lang='grc' dir='ltr'><strong>Καὶ</strong></span> <span class='ocrx_word' id='word_1_439' title='bbox 1741 3143 1801 3194; x_wconf 88' lang='grc' dir='ltr'><strong>τό</strong></span> <span class='ocrx_word' id='word_1_440' title='bbox 1823 3158 1885 3211; x_wconf 89' lang='grc' dir='ltr'><strong>γε</strong></span> 
     </span>
    </p>
   </div>
   <div class='ocr_carea' id='block_1_63' title="bbox 1992 3123 3582 3222">
    <p class='ocr_par' dir='ltr' id='par_1_63' title="bbox 1992 3123 3582 3199">
     <span class='ocr_line' id='line_1_63' title="bbox 1992 3123 3582 3199; baseline 0.003 -19"><span class='ocrx_word' id='word_1_441' title='bbox 1992 3142 2139 3180; x_wconf 87' lang='lat' dir='ltr'><strong>mum</strong></span> <span class='ocrx_word' id='word_1_442' title='bbox 2177 3123 2862 3197; x_wconf 77' lang='lat' dir='ltr'><strong>Romanorumprobrum</strong></span> <span class='ocrx_word' id='word_1_443' title='bbox 2911 3128 3033 3196; x_wconf 76' lang='lat' dir='ltr'><strong>fuit,</strong></span> <span class='ocrx_word' id='word_1_444' title='bbox 3082 3130 3268 3184; x_wconf 86' lang='lat' dir='ltr'><strong>sellam</strong></span> <span class='ocrx_word' id='word_1_445' title='bbox 3316 3128 3472 3199; x_wconf 76' lang='lat' dir='ltr'><strong>juxta</strong></span> <span class='ocrx_word' id='word_1_446' title='bbox 3521 3144 3582 3186; x_wconf 82' lang='lat' dir='ltr'><strong>se</strong></span> 
     </span>
    </p>
   </div>
   <div class='ocr_carea' id='block_1_64' title="bbox 306 3220 1905 3305">
    <p class='ocr_par' dir='ltr' id='par_1_64' title="bbox 306 3228 1886 3305">
     <span class='ocr_line' id='line_1_64' title="bbox 306 3228 1886 3305; baseline 0.004 -24"><span class='ocrx_word' id='word_1_447' title='bbox 306 3228 370 3299; x_wconf 78' lang='grc' dir='ltr'><strong>δὴ</strong></span> <span class='ocrx_word' id='word_1_448' title='bbox 395 3231 674 3300; x_wconf 77' lang='grc' dir='ltr'><strong>αἴσχιστον</strong></span> <span class='ocrx_word' id='word_1_449' title='bbox 701 3231 904 3295; x_wconf 72' lang='grc' dir='ltr'><strong>ὄνειδος</strong></span> <span class='ocrx_word' id='word_1_450' title='bbox 943 3231 1053 3286; x_wconf 86' lang='grc' dir='ltr'><strong>τῶν</strong></span> <span class='ocrx_word' id='word_1_451' title='bbox 1109 3233 1417 3303; x_wconf 85' lang='grc' dir='ltr'><strong>Ῥωμαίων,</strong></span> <span class='ocrx_word' id='word_1_452' title='bbox 1485 3236 1569 3289; x_wconf 83' lang='grc' dir='ltr'><strong>ὅτι</strong></span> <span class='ocrx_word' id='word_1_453' title='bbox 1615 3235 1886 3305; x_wconf 80' lang='grc' dir='ltr'><strong>καθέδραν</strong></span> 
     </span>
    </p>
   </div>
   <div class='ocr_carea' id='block_1_65' title="bbox 1992 3220 3583 3305">
    <p class='ocr_par' dir='ltr' id='par_1_65' title="bbox 1994 3220 3583 3294">
     <span class='ocr_line' id='line_1_65' title="bbox 1994 3220 3583 3294; baseline 0.004 -19"><span class='ocrx_word' id='word_1_454' title='bbox 1994 3220 2120 3288; x_wconf 89' lang='lat' dir='ltr'><strong>poni</strong></span> <span class='ocrx_word' id='word_1_455' title='bbox 2155 3229 2282 3276; x_wconf 86' lang='lat' dir='ltr'><strong>ante</strong></span> <span class='ocrx_word' id='word_1_456' title='bbox 2310 3235 2500 3276; x_wconf 88' lang='lat' dir='ltr'><strong>omnes</strong></span> <span class='ocrx_word' id='word_1_457' title='bbox 2531 3222 2790 3291; x_wconf 87' lang='lat' dir='ltr'><strong>patricios</strong></span> <span class='ocrx_word' id='word_1_458' title='bbox 2818 3220 3005 3290; x_wconf 81' lang='lat' dir='ltr'><strong>jussit,</strong></span> <span class='ocrx_word' id='word_1_459' title='bbox 3047 3222 3172 3278; x_wconf 80' lang='lat' dir='ltr'><strong>ﬂeta</strong></span> <span class='ocrx_word' id='word_1_460' title='bbox 3217 3239 3404 3290; x_wconf 87' lang='lat' dir='ltr'><strong>causa,</strong></span> <span class='ocrx_word' id='word_1_461' title='bbox 3437 3227 3583 3294; x_wconf 87' lang='lat' dir='ltr'><strong>quod</strong></span> 
     </span>
    </p>
   </div>
   <div class='ocr_carea' id='block_1_66' title="bbox 305 3321 1886 3396">
    <p class='ocr_par' dir='ltr' id='par_1_66' title="bbox 305 3321 1886 3396">
     <span class='ocr_line' id='line_1_66' title="bbox 305 3321 1886 3396; baseline 0.003 -22"><span class='ocrx_word' id='word_1_462' title='bbox 305 3321 454 3393; x_wconf 79' lang='grc' dir='ltr'><strong>αὐτῷ</strong></span> <span class='ocrx_word' id='word_1_463' title='bbox 509 3321 609 3392; x_wconf 82' lang='grc' dir='ltr'><strong>τὴν</strong></span> <span class='ocrx_word' id='word_1_464' title='bbox 669 3324 1170 3395; x_wconf 87' lang='grc' dir='ltr'><strong>πρωτοπατρικίων</strong></span> <span class='ocrx_word' id='word_1_465' title='bbox 1242 3325 1577 3396; x_wconf 81' lang='grc' dir='ltr'><strong>ἀποδοθῆναι</strong></span> <span class='ocrx_word' id='word_1_466' title='bbox 1627 3326 1886 3380; x_wconf 76' lang='grc' dir='ltr'><strong>ἐκέλευσε</strong></span> 
     </span>
    </p>
   </div>
   <div class='ocr_carea' id='block_1_67' title="bbox 308 3414 1891 3488">
    <p class='ocr_par' dir='ltr' id='par_1_67' title="bbox 308 3414 1891 3488">
     <span class='ocr_line' id='line_1_67' title="bbox 308 3414 1891 3488; baseline 0.004 -21"><span class='ocrx_word' id='word_1_467' title='bbox 308 3414 786 3484; x_wconf 84' lang='grc' dir='ltr'><strong>σχηματισάμενος</strong></span> <span class='ocrx_word' id='word_1_468' title='bbox 818 3417 846 3469; x_wconf 92' lang='lat'><strong>6</strong></span> <span class='ocrx_word' id='word_1_469' title='bbox 874 3415 1150 3484; x_wconf 82' lang='grc' dir='ltr'><strong>βασιλεὺς,</strong></span> <span class='ocrx_word' id='word_1_470' title='bbox 1185 3417 1268 3470; x_wconf 81' lang='grc' dir='ltr'><strong>ὅτι</strong></span> <span class='ocrx_word' id='word_1_471' title='bbox 1307 3417 1372 3488; x_wconf 83' lang='grc' dir='ltr'><strong>δὴ</strong></span> <span class='ocrx_word' id='word_1_472' title='bbox 1417 3416 1743 3488; x_wconf 82' lang='grc' dir='ltr'><strong>Χριστιανὸς</strong></span> <span class='ocrx_word' id='word_1_473' title='bbox 1789 3421 1891 3473; x_wconf 83' lang='grc' dir='ltr'><strong>ἀν·-</strong></span> 
     </span>
    </p>
   </div>
   <div class='ocr_carea' id='block_1_68' title="bbox 307 3506 1890 3582">
    <p class='ocr_par' dir='ltr' id='par_1_68' title="bbox 307 3506 1890 3582">
     <span class='ocr_line' id='line_1_68' title="bbox 307 3506 1890 3582; baseline 0.001 -24"><span class='ocrx_word' id='word_1_474' title='bbox 307 3507 538 3576; x_wconf 86' lang='grc' dir='ltr'><strong>επείσθη</strong></span> <span class='ocrx_word' id='word_1_475' title='bbox 568 3506 850 3574; x_wconf 85' lang='grc' dir='ltr'><strong>γενέσθαι·</strong></span> <span class='ocrx_word' id='word_1_476' title='bbox 881 3511 975 3561; x_wconf 74' lang='grc' dir='ltr'><strong>καὶ</strong></span> <span class='ocrx_word' id='word_1_477' title='bbox 991 3507 1142 3571; x_wconf 87' lang='grc' dir='ltr'><strong>τέλος</strong></span> <span class='ocrx_word' id='word_1_478' title='bbox 1160 3509 1488 3579; x_wconf 75' lang='grc' dir='ltr'><strong>ἀπέπεμψεν</strong></span> <span class='ocrx_word' id='word_1_479' title='bbox 1506 3509 1690 3573; x_wconf 72' lang='grc' dir='ltr'><strong>αὑτὸν,</strong></span> <span class='ocrx_word' id='word_1_480' title='bbox 1719 3509 1826 3582; x_wconf 74' lang='grc' dir='ltr'><strong>ἰδίᾳ,</strong></span> <span class='ocrx_word' id='word_1_481' title='bbox 1847 3509 1890 3542; x_wconf 73' lang='grc' dir='ltr'><strong>ν’</strong></span> 
     </span>
    </p>
   </div>
   <div class='ocr_carea' id='block_1_69' title="bbox 314 3599 1892 3671">
    <p class='ocr_par' dir='ltr' id='par_1_69' title="bbox 314 3599 1892 3671">
     <span class='ocr_line' id='line_1_69' title="bbox 314 3599 1892 3671; baseline 0.003 -19"><span class='ocrx_word' id='word_1_482' title='bbox 314 3599 418 3670; x_wconf 74' lang='grc' dir='ltr'><strong>μὲν</strong></span> <span class='ocrx_word' id='word_1_483' title='bbox 442 3600 575 3670; x_wconf 86' lang='grc' dir='ltr'><strong>παρ’</strong></span> <span class='ocrx_word' id='word_1_484' title='bbox 621 3599 788 3654; x_wconf 83' lang='grc' dir='ltr'><strong>αὐτοῦ</strong></span> <span class='ocrx_word' id='word_1_485' title='bbox 809 3601 997 3654; x_wconf 85' lang='grc' dir='ltr'><strong>είκόνα</strong></span> <span class='ocrx_word' id='word_1_486' title='bbox 1025 3602 1149 3654; x_wconf 84' lang='grc' dir='ltr'><strong>τινὰ</strong></span> <span class='ocrx_word' id='word_1_487' title='bbox 1202 3602 1408 3671; x_wconf 80' lang='grc' dir='ltr'><strong>χρυσῆν</strong></span> <span class='ocrx_word' id='word_1_488' title='bbox 1445 3602 1541 3655; x_wconf 76' lang='grc' dir='ltr'><strong>καὶ</strong></span> <span class='ocrx_word' id='word_1_489' title='bbox 1597 3602 1892 3656; x_wconf 89' lang='grc' dir='ltr'><strong>κατάλιθον</strong></span> 
     </span>
    </p>
   </div>
   <div class='ocr_carea' id='block_1_70' title="bbox 307 3688 1895 3763">
    <p class='ocr_par' dir='ltr' id='par_1_70' title="bbox 307 3688 1895 3763">
     <span class='ocr_line' id='line_1_70' title="bbox 307 3688 1895 3763; baseline 0.001 -19"><span class='ocrx_word' id='word_1_490' title='bbox 307 3690 492 3745; x_wconf 71' lang='grc' dir='ltr'><strong>λαϐὼν</strong></span> <span class='ocrx_word' id='word_1_491' title='bbox 515 3692 582 3753; x_wconf 77' lang='grc'><strong>⁸⁵,</strong></span> <span class='ocrx_word' id='word_1_492' title='bbox 619 3693 827 3763; x_wconf 72' lang='grc' dir='ltr'><strong>σφόδρα</strong></span> <span class='ocrx_word' id='word_1_493' title='bbox 853 3709 912 3745; x_wconf 90' lang='grc' dir='ltr'><strong>τε</strong></span> <span class='ocrx_word' id='word_1_494' title='bbox 950 3688 1116 3746; x_wconf 82' lang='grc' dir='ltr'><strong>οὖσαν</strong></span> <span class='ocrx_word' id='word_1_495' title='bbox 1140 3693 1428 3762; x_wconf 83' lang='grc' dir='ltr'><strong>πολυτελῆ,</strong></span> <span class='ocrx_word' id='word_1_496' title='bbox 1478 3693 1574 3746; x_wconf 63' lang='grc' dir='ltr'><strong>καὶ¹</strong></span> <span class='ocrx_word' id='word_1_497' title='bbox 1625 3693 1734 3746; x_wconf 84' lang='grc' dir='ltr'><strong>τῶν</strong></span> <span class='ocrx_word' id='word_1_498' title='bbox 1798 3694 1895 3748; x_wconf 76' lang='grc' dir='ltr'><strong>ἄλο</strong></span> 
     </span>
    </p>
   </div>
   <div class='ocr_carea' id='block_1_71' title="bbox 313 3781 1894 3852">
    <p class='ocr_par' dir='ltr' id='par_1_71' title="bbox 313 3781 1894 3852">
     <span class='ocr_line' id='line_1_71' title="bbox 313 3781 1894 3852; baseline 0.001 -16"><span class='ocrx_word' id='word_1_499' title='bbox 313 3781 426 3836; x_wconf 86' lang='grc' dir='ltr'><strong>λων</strong></span> <span class='ocrx_word' id='word_1_500' title='bbox 452 3781 714 3848; x_wconf 88' lang='grc' dir='ltr'><strong>κελεύσας</strong></span> <span class='ocrx_word' id='word_1_501' title='bbox 777 3783 1008 3839; x_wconf 72' lang='grc' dir='ltr'><strong>ἕκαστον</strong></span> <span class='ocrx_word' id='word_1_502' title='bbox 1039 3785 1390 3852; x_wconf 79' lang='grc' dir='ltr'><strong>εἰσενεγκεῖν,</strong></span> <span class='ocrx_word' id='word_1_503' title='bbox 1423 3786 1536 3839; x_wconf 83' lang='grc' dir='ltr'><strong>ὅσοι</strong></span> <span class='ocrx_word' id='word_1_504' title='bbox 1561 3783 1780 3837; x_wconf 68' lang='grc' dir='ltr'><strong>ἐτέλουν</strong></span> <span class='ocrx_word' id='word_1_505' title='bbox 1834 3787 1894 3848; x_wconf 77' lang='grc' dir='ltr'><strong>ὲς</strong></span> 
     </span>
    </p>
   </div>
   <div class='ocr_carea' id='block_1_72' title="bbox 316 3872 1892 3949">
    <p class='ocr_par' dir='ltr' id='par_1_72' title="bbox 316 3872 1892 3949">
     <span class='ocr_line' id='line_1_72' title="bbox 316 3872 1892 3949; baseline 0.002 -21"><span class='ocrx_word' id='word_1_506' title='bbox 316 3874 419 3945; x_wconf 77' lang='grc' dir='ltr'><strong>τὴν</strong></span> <span class='ocrx_word' id='word_1_507' title='bbox 447 3875 663 3946; x_wconf 81' lang='grc' dir='ltr'><strong>βουλήν.</strong></span> <span class='ocrx_word' id='word_1_508' title='bbox 717 3875 832 3947; x_wconf 82' lang='grc' dir='ltr'><strong>Τὴν</strong></span> <span class='ocrx_word' id='word_1_509' title='bbox 873 3876 932 3930; x_wconf 76' lang='grc' dir='ltr'><strong>δὲ</strong></span> <span class='ocrx_word' id='word_1_510' title='bbox 955 3877 1118 3947; x_wconf 86' lang='grc' dir='ltr'><strong>νῆσον</strong></span> <span class='ocrx_word' id='word_1_511' title='bbox 1153 3877 1392 3943; x_wconf 76' lang='grc' dir='ltr'><strong>εκείνην,</strong></span> <span class='ocrx_word' id='word_1_512' title='bbox 1419 3872 1488 3947; x_wconf 84' lang='grc' dir='ltr'><strong>ἦς</strong></span> <span class='ocrx_word' id='word_1_513' title='bbox 1534 3877 1892 3949; x_wconf 71' lang='grc' dir='ltr'><strong>ἐμνήσθημεν</strong></span> 
     </span>
    </p>
   </div>
   <div class='ocr_carea' id='block_1_73' title="bbox 319 3967 1895 4041">
    <p class='ocr_par' dir='ltr' id='par_1_73' title="bbox 319 3967 1895 4041">
     <span class='ocr_line' id='line_1_73' title="bbox 319 3967 1895 4041; baseline 0.003 -23"><span class='ocrx_word' id='word_1_514' title='bbox 319 3967 574 4040; x_wconf 76' lang='grc' dir='ltr'><strong>πρόσθεν,</strong></span> <span class='ocrx_word' id='word_1_515' title='bbox 607 3969 672 4022; x_wconf 81' lang='grc' dir='ltr'><strong>ού</strong></span> <span class='ocrx_word' id='word_1_516' title='bbox 705 3973 866 4040; x_wconf 86' lang='grc' dir='ltr'><strong>μόνον</strong></span> <span class='ocrx_word' id='word_1_517' title='bbox 890 3969 1185 4024; x_wconf 89' lang='grc' dir='ltr'><strong>κατέλιπεν</strong></span> <span class='ocrx_word' id='word_1_518' title='bbox 1217 3970 1370 4041; x_wconf 85' lang='grc' dir='ltr'><strong>αύτῷ</strong></span> <span class='ocrx_word' id='word_1_519' title='bbox 1425 3971 1573 4041; x_wconf 81' lang='grc' dir='ltr'><strong>ἐχειν</strong></span> <span class='ocrx_word' id='word_1_520' title='bbox 1639 3969 1895 4041; x_wconf 75' lang='grc' dir='ltr'><strong>βεϐαίως,</strong></span> 
     </span>
    </p>
   </div>
   <div class='ocr_carea' id='block_1_74' title="bbox 309 4061 1897 4135">
    <p class='ocr_par' dir='ltr' id='par_1_74' title="bbox 309 4061 1897 4135">
     <span class='ocr_line' id='line_1_74' title="bbox 309 4061 1897 4135; baseline 0.003 -21"><span class='ocrx_word' id='word_1_521' title='bbox 309 4061 451 4115; x_wconf 73' lang='grc' dir='ltr'><strong>ἀλλὰ</strong></span> <span class='ocrx_word' id='word_1_522' title='bbox 471 4063 567 4115; x_wconf 73' lang='grc' dir='ltr'><strong>καὶ</strong></span> <span class='ocrx_word' id='word_1_523' title='bbox 603 4062 769 4126; x_wconf 77' lang='grc' dir='ltr'><strong>ἄλλας</strong></span> <span class='ocrx_word' id='word_1_524' title='bbox 803 4061 952 4132; x_wconf 82' lang='grc' dir='ltr'><strong>αὐτῷ</strong></span> <span class='ocrx_word' id='word_1_525' title='bbox 980 4063 1199 4134; x_wconf 64' lang='grc' dir='ltr'><strong>(κώμας</strong></span> <span class='ocrx_word' id='word_1_526' title='bbox 1255 4063 1567 4135; x_wconf 88' lang='grc' dir='ltr'><strong>προσέθηκε</strong></span> <span class='ocrx_word' id='word_1_527' title='bbox 1624 4063 1897 4127; x_wconf 89' lang='grc' dir='ltr'><strong>πλείονας.</strong></span> 
     </span>
    </p>
   </div>
   <div class='ocr_carea' id='block_1_75' title="bbox 309 4152 1896 4226">
    <p class='ocr_par' dir='ltr' id='par_1_75' title="bbox 309 4152 1896 4226">
     <span class='ocr_line' id='line_1_75' title="bbox 309 4152 1896 4226; baseline -0.001 -17"><span class='ocrx_word' id='word_1_528' title='bbox 309 4152 503 4209; x_wconf 76' lang='grc' dir='ltr'><strong>’Ῑαῦτα</strong></span> <span class='ocrx_word' id='word_1_529' title='bbox 536 4153 836 4225; x_wconf 85' lang='grc' dir='ltr'><strong>παρασχὼν</strong></span> <span class='ocrx_word' id='word_1_530' title='bbox 876 4155 1196 4226; x_wconf 84' lang='grc' dir='ltr'><strong>Ἀμορκέσῳ</strong></span> <span class='ocrx_word' id='word_1_531' title='bbox 1224 4157 1252 4209; x_wconf 92' lang='lat'><strong>6</strong></span> <span class='ocrx_word' id='word_1_532' title='bbox 1281 4156 1436 4209; x_wconf 85' lang='grc' dir='ltr'><strong>Λέων</strong></span> <span class='ocrx_word' id='word_1_533' title='bbox 1471 4158 1568 4210; x_wconf 71' lang='grc' dir='ltr'><strong>καὶ</strong></span> <span class='ocrx_word' id='word_1_534' title='bbox 1619 4155 1730 4209; x_wconf 84' lang='grc' dir='ltr'><strong>τῶν</strong></span> <span class='ocrx_word' id='word_1_535' title='bbox 1790 4173 1896 4225; x_wconf 81' lang='grc' dir='ltr'><strong>φυ-</strong></span> 
     </span>
    </p>
   </div>
   <div class='ocr_carea' id='block_1_76' title="bbox 312 4241 1899 4320">
    <p class='ocr_par' dir='ltr' id='par_1_76' title="bbox 312 4241 1899 4320">
     <span class='ocr_line' id='line_1_76' title="bbox 312 4241 1899 4320; baseline 0 -20"><span class='ocrx_word' id='word_1_536' title='bbox 312 4247 425 4300; x_wconf 85' lang='grc' dir='ltr'><strong>λῶν</strong></span> <span class='ocrx_word' id='word_1_537' title='bbox 454 4247 714 4319; x_wconf 81' lang='grc' dir='ltr'><strong>ἆρχοντα,</strong></span> <span class='ocrx_word' id='word_1_538' title='bbox 766 4241 842 4302; x_wconf 81' lang='grc' dir='ltr'><strong>ὧν</strong></span> <span class='ocrx_word' id='word_1_539' title='bbox 867 4249 1050 4320; x_wconf 76' lang='grc' dir='ltr'><strong>ήθελε,</strong></span> <span class='ocrx_word' id='word_1_540' title='bbox 1091 4248 1348 4320; x_wconf 85' lang='grc' dir='ltr'><strong>ποιήσας,</strong></span> <span class='ocrx_word' id='word_1_541' title='bbox 1375 4249 1702 4318; x_wconf 79' lang='grc' dir='ltr'><strong>ἀπέπεμψεν</strong></span> <span class='ocrx_word' id='word_1_542' title='bbox 1757 4249 1899 4319; x_wconf 79' lang='grc' dir='ltr'><strong>ὑψη-</strong></span> 
     </span>
    </p>
   </div>
   <div class='ocr_carea' id='block_1_77' title="bbox 311 4338 1900 4411">
    <p class='ocr_par' dir='ltr' id='par_1_77' title="bbox 311 4338 1900 4411">
     <span class='ocr_line' id='line_1_77' title="bbox 311 4338 1900 4411; baseline 0.001 -19"><span class='ocrx_word' id='word_1_543' title='bbox 311 4338 428 4403; x_wconf 77' lang='grc' dir='ltr'><strong>λὸν,</strong></span> <span class='ocrx_word' id='word_1_544' title='bbox 466 4341 564 4394; x_wconf 74' lang='grc' dir='ltr'><strong>καὶ</strong></span> <span class='ocrx_word' id='word_1_545' title='bbox 596 4340 719 4403; x_wconf 82' lang='grc' dir='ltr'><strong>ὅσος</strong></span> <span class='ocrx_word' id='word_1_546' title='bbox 761 4341 862 4394; x_wconf 82' lang='grc' dir='ltr'><strong>οὐκ</strong></span> <span class='ocrx_word' id='word_1_547' title='bbox 894 4340 1083 4410; x_wconf 76' lang='grc' dir='ltr'><strong>ἔμελλε</strong></span> <span class='ocrx_word' id='word_1_548' title='bbox 1103 4343 1214 4404; x_wconf 90' lang='grc' dir='ltr'><strong>τοῖς</strong></span> <span class='ocrx_word' id='word_1_549' title='bbox 1237 4339 1551 4411; x_wconf 83' lang='grc' dir='ltr'><strong>δεξαμένοις</strong></span> <span class='ocrx_word' id='word_1_550' title='bbox 1579 4339 1900 4394; x_wconf 84' lang='grc' dir='ltr'><strong>λυσιτελεῖν.</strong></span> 
     </span>
    </p>
   </div>
   <div class='ocr_carea' id='block_1_78' title="bbox 387 4431 1902 4502">
    <p class='ocr_par' dir='ltr' id='par_1_78' title="bbox 387 4431 1902 4502">
     <span class='ocr_line' id='line_1_78' title="bbox 387 4431 1902 4502; baseline 0 -18"><span class='ocrx_word' id='word_1_551' title='bbox 387 4433 456 4502; x_wconf 83' lang='grc' dir='ltr'><strong>β’.</strong></span> <span class='ocrx_word' id='word_1_552' title='bbox 495 4433 621 4484; x_wconf 84' lang='grc' dir='ltr'><strong>Ὅτι</strong></span> <span class='ocrx_word' id='word_1_553' title='bbox 667 4433 696 4485; x_wconf 88' lang='lat'><strong>6</strong></span> <span class='ocrx_word' id='word_1_554' title='bbox 741 4433 905 4496; x_wconf 81' lang='grc' dir='ltr'><strong>αὐτὸς</strong></span> <span class='ocrx_word' id='word_1_555' title='bbox 949 4433 1101 4486; x_wconf 88' lang='grc' dir='ltr'><strong>Λέων</strong></span> <span class='ocrx_word' id='word_1_556' title='bbox 1140 4431 1393 4502; x_wconf 85' lang='grc' dir='ltr'><strong>βασιλεὺς</strong></span> <span class='ocrx_word' id='word_1_557' title='bbox 1437 4431 1726 4484; x_wconf 83' lang='grc' dir='ltr'><strong>ἀπέστειλε</strong></span> <span class='ocrx_word' id='word_1_558' title='bbox 1763 4432 1902 4502; x_wconf 83' lang='grc' dir='ltr'><strong>πρὸς</strong></span> 
     </span>
    </p>
   </div>
   <div class='ocr_carea' id='block_1_79' title="bbox 1993 3316 3585 3388">
    <p class='ocr_par' dir='ltr' id='par_1_79' title="bbox 1993 3316 3585 3388">
     <span class='ocr_line' id='line_1_79' title="bbox 1993 3316 3585 3388; baseline 0.003 -16"><span class='ocrx_word' id='word_1_559' title='bbox 1993 3316 2341 3372; x_wconf 88' lang='lat' dir='ltr'><strong>Christianus</strong></span> <span class='ocrx_word' id='word_1_560' title='bbox 2375 3318 2492 3373; x_wconf 73' lang='lat' dir='ltr'><strong>fieri</strong></span> <span class='ocrx_word' id='word_1_561' title='bbox 2523 3332 2818 3388; x_wconf 77' lang='lat' dir='ltr'><strong>persuasus</strong></span> <span class='ocrx_word' id='word_1_562' title='bbox 2852 3328 3016 3374; x_wconf 86' lang='lat' dir='ltr'><strong>esset.</strong></span> <span class='ocrx_word' id='word_1_563' title='bbox 3052 3319 3335 3376; x_wconf 84' lang='lat' dir='ltr'><strong>Postremo</strong></span> <span class='ocrx_word' id='word_1_564' title='bbox 3374 3321 3585 3377; x_wconf 83' lang='lat' dir='ltr'><strong>dimisit</strong></span> 
     </span>
    </p>
   </div>
   <div class='ocr_carea' id='block_1_80' title="bbox 1981 3411 3583 3484">
    <p class='ocr_par' dir='ltr' id='par_1_80' title="bbox 1981 3411 3583 3484">
     <span class='ocr_line' id='line_1_80' title="bbox 1981 3411 3583 3484; baseline 0.004 -22"><span class='ocrx_word' id='word_1_565' title='bbox 1981 3424 2136 3476; x_wconf 88' lang='lat' dir='ltr'><strong>.eum,</strong></span> <span class='ocrx_word' id='word_1_566' title='bbox 2187 3419 2470 3480; x_wconf 86' lang='lat' dir='ltr'><strong>postquam</strong></span> <span class='ocrx_word' id='word_1_567' title='bbox 2522 3411 2637 3481; x_wconf 83' lang='lat' dir='ltr'><strong>ipse</strong></span> <span class='ocrx_word' id='word_1_568' title='bbox 2667 3412 2955 3480; x_wconf 76' lang='lat' dir='ltr'><strong>imaginem</strong></span> <span class='ocrx_word' id='word_1_569' title='bbox 3001 3427 3242 3480; x_wconf 84' lang='lat' dir='ltr'><strong>auream,</strong></span> <span class='ocrx_word' id='word_1_570' title='bbox 3296 3415 3583 3484; x_wconf 84' lang='lat' dir='ltr'><strong>magniﬁce</strong></span> 
     </span>
    </p>
   </div>
   <div class='ocr_carea' id='block_1_81' title="bbox 1995 3502 3580 3572">
    <p class='ocr_par' dir='ltr' id='par_1_81' title="bbox 1995 3502 3580 3572">
     <span class='ocr_line' id='line_1_81' title="bbox 1995 3502 3580 3572; baseline 0.001 -15"><span class='ocrx_word' id='word_1_571' title='bbox 1995 3502 2227 3572; x_wconf 78' lang='lat' dir='ltr'><strong>gemmis</strong></span> <span class='ocrx_word' id='word_1_572' title='bbox 2252 3511 2594 3566; x_wconf 80' lang='lat' dir='ltr'><strong>exornatam,</strong></span> <span class='ocrx_word' id='word_1_573' title='bbox 2623 3502 2672 3556; x_wconf 91' lang='lat' dir='ltr'><strong>ei</strong></span> <span class='ocrx_word' id='word_1_574' title='bbox 2705 3502 3020 3568; x_wconf 83' lang='lat' dir='ltr'><strong>donaverat,</strong></span> <span class='ocrx_word' id='word_1_575' title='bbox 3060 3512 3113 3558; x_wconf 89' lang='lat' dir='ltr'><strong>et</strong></span> <span class='ocrx_word' id='word_1_576' title='bbox 3156 3504 3208 3558; x_wconf 91' lang='lat' dir='ltr'><strong>in</strong></span> <span class='ocrx_word' id='word_1_577' title='bbox 3259 3520 3382 3560; x_wconf 90' lang='lat' dir='ltr'><strong>eum</strong></span> <span class='ocrx_word' id='word_1_578' title='bbox 3415 3507 3580 3560; x_wconf 88' lang='lat' dir='ltr'><strong>etiam</strong></span> 
     </span>
    </p>
   </div>
   <div class='ocr_carea' id='block_1_82' title="bbox 1993 3595 3580 3664">
    <p class='ocr_par' dir='ltr' id='par_1_82' title="bbox 1993 3595 3580 3664">
     <span class='ocr_line' id='line_1_82' title="bbox 1993 3595 3580 3664; baseline 0.002 -15"><span class='ocrx_word' id='word_1_579' title='bbox 1993 3607 2207 3659; x_wconf 88' lang='lat' dir='ltr'><strong>omnes,</strong></span> <span class='ocrx_word' id='word_1_580' title='bbox 2232 3595 2324 3664; x_wconf 92' lang='lat' dir='ltr'><strong>qui</strong></span> <span class='ocrx_word' id='word_1_581' title='bbox 2348 3595 2403 3648; x_wconf 88' lang='lat' dir='ltr'><strong>in</strong></span> <span class='ocrx_word' id='word_1_582' title='bbox 2427 3603 2675 3649; x_wconf 86' lang='lat' dir='ltr'><strong>senatum</strong></span> <span class='ocrx_word' id='word_1_583' title='bbox 2725 3605 2883 3649; x_wconf 88' lang='lat' dir='ltr'><strong>erant</strong></span> <span class='ocrx_word' id='word_1_584' title='bbox 2934 3595 3179 3663; x_wconf 88' lang='lat' dir='ltr'><strong>ascripti,</strong></span> <span class='ocrx_word' id='word_1_585' title='bbox 3213 3596 3320 3651; x_wconf 89' lang='lat' dir='ltr'><strong>alia</strong></span> <span class='ocrx_word' id='word_1_586' title='bbox 3353 3612 3580 3653; x_wconf 90' lang='lat' dir='ltr'><strong>munera</strong></span> 
     </span>
    </p>
   </div>
   <div class='ocr_carea' id='block_1_83' title="bbox 1998 3683 3584 3756">
    <p class='ocr_par' dir='ltr' id='par_1_83' title="bbox 1998 3683 3584 3756">
     <span class='ocr_line' id='line_1_83' title="bbox 1998 3683 3584 3756; baseline 0 -15"><span class='ocrx_word' id='word_1_587' title='bbox 1998 3684 2251 3741; x_wconf 81' lang='lat' dir='ltr'><strong>conferre</strong></span> <span class='ocrx_word' id='word_1_588' title='bbox 2273 3685 2458 3756; x_wconf 87' lang='lat' dir='ltr'><strong>jussit.</strong></span> <span class='ocrx_word' id='word_1_589' title='bbox 2503 3684 2738 3740; x_wconf 87' lang='lat' dir='ltr'><strong>Insulam</strong></span> <span class='ocrx_word' id='word_1_590' title='bbox 2771 3699 2927 3748; x_wconf 87' lang='lat' dir='ltr'><strong>vero,</strong></span> <span class='ocrx_word' id='word_1_591' title='bbox 2962 3683 3118 3750; x_wconf 86' lang='lat' dir='ltr'><strong>cujus</strong></span> <span class='ocrx_word' id='word_1_592' title='bbox 3151 3701 3314 3754; x_wconf 85' lang='lat' dir='ltr'><strong>supra</strong></span> <span class='ocrx_word' id='word_1_593' title='bbox 3352 3688 3584 3742; x_wconf 87' lang='lat' dir='ltr'><strong>mentio-</strong></span> 
     </span>
    </p>
   </div>
   <div class='ocr_carea' id='block_1_84' title="bbox 1999 3777 3580 3848">
    <p class='ocr_par' dir='ltr' id='par_1_84' title="bbox 1999 3777 3580 3848">
     <span class='ocr_line' id='line_1_84' title="bbox 1999 3777 3580 3848; baseline -0.001 -16"><span class='ocrx_word' id='word_1_594' title='bbox 1999 3793 2124 3832; x_wconf 91' lang='lat' dir='ltr'><strong>nem</strong></span> <span class='ocrx_word' id='word_1_595' title='bbox 2170 3777 2421 3843; x_wconf 83' lang='lat' dir='ltr'><strong>l’ecimus,</strong></span> <span class='ocrx_word' id='word_1_596' title='bbox 2465 3792 2572 3831; x_wconf 88' lang='lat' dir='ltr'><strong>non</strong></span> <span class='ocrx_word' id='word_1_597' title='bbox 2603 3777 2776 3831; x_wconf 88' lang='lat' dir='ltr'><strong>solum</strong></span> <span class='ocrx_word' id='word_1_598' title='bbox 2823 3777 2941 3846; x_wconf 91' lang='lat' dir='ltr'><strong>ejus</strong></span> <span class='ocrx_word' id='word_1_599' title='bbox 2997 3777 3254 3846; x_wconf 88' lang='lat' dir='ltr'><strong>potestati</strong></span> <span class='ocrx_word' id='word_1_600' title='bbox 3311 3779 3580 3848; x_wconf 87' lang='lat' dir='ltr'><strong>permisit,</strong></span> 
     </span>
    </p>
   </div>
   <div class='ocr_carea' id='block_1_85' title="bbox 1998 3868 3584 3940">
    <p class='ocr_par' dir='ltr' id='par_1_85' title="bbox 1998 3868 3584 3940">
     <span class='ocr_line' id='line_1_85' title="bbox 1998 3868 3584 3940; baseline 0.003 -18"><span class='ocrx_word' id='word_1_601' title='bbox 1998 3879 2060 3922; x_wconf 82' lang='lat' dir='ltr'><strong>ut</strong></span> <span class='ocrx_word' id='word_1_602' title='bbox 2088 3882 2207 3923; x_wconf 90' lang='lat' dir='ltr'><strong>eam</strong></span> <span class='ocrx_word' id='word_1_603' title='bbox 2234 3868 2353 3924; x_wconf 90' lang='lat' dir='ltr'><strong>sine</strong></span> <span class='ocrx_word' id='word_1_604' title='bbox 2381 3868 2754 3924; x_wconf 86' lang='lat' dir='ltr'><strong>controversia</strong></span> <span class='ocrx_word' id='word_1_605' title='bbox 2785 3869 3087 3937; x_wconf 88' lang='lat' dir='ltr'><strong>possideret</strong></span> <span class='ocrx_word' id='word_1_606' title='bbox 3125 3886 3139 3924; x_wconf 91' lang='lat'><strong>:</strong></span> <span class='ocrx_word' id='word_1_607' title='bbox 3182 3870 3278 3924; x_wconf 87' lang='lat' dir='ltr'><strong>sed</strong></span> <span class='ocrx_word' id='word_1_608' title='bbox 3317 3878 3372 3925; x_wconf 91' lang='lat' dir='ltr'><strong>et</strong></span> <span class='ocrx_word' id='word_1_609' title='bbox 3403 3869 3584 3940; x_wconf 85' lang='lat' dir='ltr'><strong>plures</strong></span> 
     </span>
    </p>
   </div>
   <div class='ocr_carea' id='block_1_86' title="bbox 2002 3960 3583 4029">
    <p class='ocr_par' dir='ltr' id='par_1_86' title="bbox 2002 3960 3583 4029">
     <span class='ocr_line' id='line_1_86' title="bbox 2002 3960 3583 4029; baseline 0 -11"><span class='ocrx_word' id='word_1_610' title='bbox 2002 3963 2142 4018; x_wconf 87' lang='lat' dir='ltr'><strong>alios</strong></span> <span class='ocrx_word' id='word_1_611' title='bbox 2175 3963 2324 4016; x_wconf 86' lang='lat' dir='ltr'><strong>vicos</strong></span> <span class='ocrx_word' id='word_1_612' title='bbox 2353 3961 2572 4029; x_wconf 86' lang='lat' dir='ltr'><strong>adjecit.</strong></span> <span class='ocrx_word' id='word_1_613' title='bbox 2605 3960 2739 4016; x_wconf 88' lang='lat' dir='ltr'><strong>Cum</strong></span> <span class='ocrx_word' id='word_1_614' title='bbox 2769 3961 2856 4016; x_wconf 88' lang='lat' dir='ltr'><strong>his</strong></span> <span class='ocrx_word' id='word_1_615' title='bbox 2892 3961 3044 4016; x_wconf 89' lang='lat' dir='ltr'><strong>illum</strong></span> <span class='ocrx_word' id='word_1_616' title='bbox 3079 3962 3362 4018; x_wconf 80' lang='lat' dir='ltr'><strong>beneﬁciis</strong></span> <span class='ocrx_word' id='word_1_617' title='bbox 3390 3977 3583 4018; x_wconf 85' lang='lat' dir='ltr'><strong>ornas-</strong></span> 
     </span>
    </p>
   </div>
   <div class='ocr_carea' id='block_1_87' title="bbox 2001 4055 3588 4127">
    <p class='ocr_par' dir='ltr' id='par_1_87' title="bbox 2001 4055 3588 4127">
     <span class='ocr_line' id='line_1_87' title="bbox 2001 4055 3588 4127; baseline -0.001 -15"><span class='ocrx_word' id='word_1_618' title='bbox 2001 4066 2086 4112; x_wconf 89' lang='lat' dir='ltr'><strong>set</strong></span> <span class='ocrx_word' id='word_1_619' title='bbox 2111 4064 2167 4112; x_wconf 91' lang='lat' dir='ltr'><strong>et</strong></span> <span class='ocrx_word' id='word_1_620' title='bbox 2201 4055 2582 4127; x_wconf 86' lang='lat' dir='ltr'><strong>phylarchum,</strong></span> <span class='ocrx_word' id='word_1_621' title='bbox 2618 4063 2676 4108; x_wconf 89' lang='lat' dir='ltr'><strong>ut</strong></span> <span class='ocrx_word' id='word_1_622' title='bbox 2706 4063 3012 4126; x_wconf 87' lang='lat' dir='ltr'><strong>optaverat,</strong></span> <span class='ocrx_word' id='word_1_623' title='bbox 3048 4056 3446 4123; x_wconf 62' lang='lat' dir='ltr'><strong>consuluisset,</strong></span> <span class='ocrx_word' id='word_1_624' title='bbox 3476 4057 3588 4111; x_wconf 91' lang='lat' dir='ltr'><strong>ela-</strong></span> 
     </span>
    </p>
   </div>
   <div class='ocr_carea' id='block_1_88' title="bbox 2004 4147 3588 4218">
    <p class='ocr_par' dir='ltr' id='par_1_88' title="bbox 2004 4147 3588 4218">
     <span class='ocr_line' id='line_1_88' title="bbox 2004 4147 3588 4218; baseline 0.001 -14"><span class='ocrx_word' id='word_1_625' title='bbox 2004 4159 2116 4204; x_wconf 87' lang='lat' dir='ltr'><strong>tum</strong></span> <span class='ocrx_word' id='word_1_626' title='bbox 2157 4157 2212 4202; x_wconf 91' lang='lat' dir='ltr'><strong>et</strong></span> <span class='ocrx_word' id='word_1_627' title='bbox 2249 4147 2652 4218; x_wconf 87' lang='lat' dir='ltr'><strong>superbientem</strong></span> <span class='ocrx_word' id='word_1_628' title='bbox 2699 4157 2757 4202; x_wconf 82' lang='lat' dir='ltr'><strong>et</strong></span> <span class='ocrx_word' id='word_1_629' title='bbox 2793 4147 2979 4213; x_wconf 87' lang='lat' dir='ltr'><strong>talem,</strong></span> <span class='ocrx_word' id='word_1_630' title='bbox 3029 4148 3121 4218; x_wconf 86' lang='lat' dir='ltr'><strong>qui</strong></span> <span class='ocrx_word' id='word_1_631' title='bbox 3159 4163 3266 4204; x_wconf 90' lang='lat' dir='ltr'><strong>non</strong></span> <span class='ocrx_word' id='word_1_632' title='bbox 3312 4160 3458 4204; x_wconf 87' lang='lat' dir='ltr'><strong>esset</strong></span> <span class='ocrx_word' id='word_1_633' title='bbox 3499 4151 3588 4216; x_wconf 87' lang='lat' dir='ltr'><strong>iis,</strong></span> 
     </span>
    </p>
   </div>
   <div class='ocr_carea' id='block_1_89' title="bbox 2005 4240 3518 4311">
    <p class='ocr_par' dir='ltr' id='par_1_89' title="bbox 2005 4240 3518 4311">
     <span class='ocr_line' id='line_1_89' title="bbox 2005 4240 3518 4311; baseline 0.003 -19"><span class='ocrx_word' id='word_1_634' title='bbox 2005 4240 2360 4311; x_wconf 17' lang='lat' dir='ltr'><strong>quiibenigne</strong></span> <span class='ocrx_word' id='word_1_635' title='bbox 2384 4254 2507 4294; x_wconf 90' lang='lat' dir='ltr'><strong>eum</strong></span> <span class='ocrx_word' id='word_1_636' title='bbox 2538 4240 3256 4309; x_wconf 79' lang='lat' dir='ltr'><strong>exceperant,‘prol‘uturus,</strong></span> <span class='ocrx_word' id='word_1_637' title='bbox 3287 4241 3518 4296; x_wconf 87' lang='lat' dir='ltr'><strong>dimisit.</strong></span> 
     </span>
    </p>
   </div>
   <div class='ocr_carea' id='block_1_90' title="bbox 2078 4422 3592 4494">
    <p class='ocr_par' dir='ltr' id='par_1_90' title="bbox 2078 4422 3592 4494">
     <span class='ocr_line' id='line_1_90' title="bbox 2078 4422 3592 4494; baseline 0.001 -18"><span class='ocrx_word' id='word_1_638' title='bbox 2078 4423 2134 4476; x_wconf 77' lang='grc'><strong>2.</strong></span> <span class='ocrx_word' id='word_1_639' title='bbox 2199 4423 2313 4478; x_wconf 83' lang='lat' dir='ltr'><strong>Leo</strong></span> <span class='ocrx_word' id='word_1_640' title='bbox 2373 4423 2672 4494; x_wconf 86' lang='lat' dir='ltr'><strong>imperator</strong></span> <span class='ocrx_word' id='word_1_641' title='bbox 2717 4423 2864 4478; x_wconf 90' lang='lat' dir='ltr'><strong>misit</strong></span> <span class='ocrx_word' id='word_1_642' title='bbox 2911 4422 3186 4492; x_wconf 85' lang='lat' dir='ltr'><strong>Pelagium</strong></span> <span class='ocrx_word' id='word_1_643' title='bbox 3233 4422 3592 4479; x_wconf 87' lang='lat' dir='ltr'><strong>silentlarium</strong></span> 
     </span>
    </p>
   </div>
   <div class='ocr_carea' id='block_1_91' title="bbox 315 4505 1905 4597">
    <p class='ocr_par' dir='ltr' id='par_1_91' title="bbox 315 4523 1901 4597">
     <span class='ocr_line' id='line_1_91' title="bbox 315 4523 1901 4597; baseline -0.001 -20"><span class='ocrx_word' id='word_1_644' title='bbox 315 4525 446 4588; x_wconf 72' lang='grc' dir='ltr'><strong>τοὺς</strong></span> <span class='ocrx_word' id='word_1_645' title='bbox 495 4526 556 4576; x_wconf 84' lang='grc' dir='ltr'><strong>ὲν</strong></span> <span class='ocrx_word' id='word_1_646' title='bbox 591 4527 656 4595; x_wconf 81' lang='grc' dir='ltr'><strong>τῇ</strong></span> <span class='ocrx_word' id='word_1_647' title='bbox 726 4526 919 4597; x_wconf 83' lang='grc' dir='ltr'><strong>Θρᾴκῃ</strong></span> <span class='ocrx_word' id='word_1_648' title='bbox 985 4524 1306 4596; x_wconf 80' lang='grc' dir='ltr'><strong>Βαρόἀρους</strong></span> <span class='ocrx_word' id='word_1_649' title='bbox 1351 4523 1694 4596; x_wconf 76' lang='grc' dir='ltr'><strong>πρεσϐευτὴν</strong></span> <span class='ocrx_word' id='word_1_650' title='bbox 1738 4525 1901 4577; x_wconf 89' lang='grc' dir='ltr'><strong>Τελό-</strong></span> 
     </span>
    </p>
   </div>
   <div class='ocr_carea' id='block_1_92' title="bbox 1992 4505 3596 4597">
    <p class='ocr_par' dir='ltr' id='par_1_92' title="bbox 2005 4510 3596 4584">
     <span class='ocr_line' id='line_1_92' title="bbox 2005 4510 3596 4584; baseline -0.001 -16"><span class='ocrx_word' id='word_1_651' title='bbox 2005 4514 2239 4584; x_wconf 77' lang='lat' dir='ltr'><strong>legatum</strong></span> <span class='ocrx_word' id='word_1_652' title='bbox 2276 4516 2342 4568; x_wconf 86' lang='lat' dir='ltr'><strong>ad</strong></span> <span class='ocrx_word' id='word_1_653' title='bbox 2384 4513 2674 4578; x_wconf 88' lang='lat' dir='ltr'><strong>Barbaros,</strong></span> <span class='ocrx_word' id='word_1_654' title='bbox 2703 4513 2794 4581; x_wconf 88' lang='lat' dir='ltr'><strong>qui</strong></span> <span class='ocrx_word' id='word_1_655' title='bbox 2826 4513 2878 4567; x_wconf 93' lang='lat' dir='ltr'><strong>in</strong></span> <span class='ocrx_word' id='word_1_656' title='bbox 2907 4510 3137 4567; x_wconf 87' lang='lat' dir='ltr'><strong>Thracia</strong></span> <span class='ocrx_word' id='word_1_657' title='bbox 3165 4520 3339 4567; x_wconf 88' lang='lat' dir='ltr'><strong>erant.</strong></span> <span class='ocrx_word' id='word_1_658' title='bbox 3371 4514 3441 4567; x_wconf 84' lang='lat' dir='ltr'><strong>At</strong></span> <span class='ocrx_word' id='word_1_659' title='bbox 3465 4512 3596 4566; x_wconf 80' lang='lat' dir='ltr'><strong>Bar-</strong></span> 
     </span>
    </p>
   </div>
   <div class='ocr_carea' id='block_1_93' title="bbox 316 4616 1904 4690">
    <p class='ocr_par' dir='ltr' id='par_1_93' title="bbox 316 4616 1904 4690">
     <span class='ocr_line' id='line_1_93' title="bbox 316 4616 1904 4690; baseline 0.001 -21"><span class='ocrx_word' id='word_1_660' title='bbox 316 4633 440 4686; x_wconf 81' lang='grc' dir='ltr'><strong>τιον</strong></span> <span class='ocrx_word' id='word_1_661' title='bbox 497 4617 543 4648; x_wconf 77' lang='grc'><strong>³⁸</strong></span> <span class='ocrx_word' id='word_1_662' title='bbox 587 4621 680 4670; x_wconf 83' lang='grc' dir='ltr'><strong>τὸν</strong></span> <span class='ocrx_word' id='word_1_663' title='bbox 736 4617 1117 4688; x_wconf 80' lang='grc' dir='ltr'><strong>σιλεντιάριον.</strong></span> <span class='ocrx_word' id='word_1_664' title='bbox 1176 4619 1238 4670; x_wconf 80' lang='lat' dir='ltr'><strong>Oi</strong></span> <span class='ocrx_word' id='word_1_665' title='bbox 1287 4616 1344 4669; x_wconf 83' lang='grc' dir='ltr'><strong>δὲ</strong></span> <span class='ocrx_word' id='word_1_666' title='bbox 1383 4616 1660 4690; x_wconf 79' lang='grc' dir='ltr'><strong>Βάρὸαροι</strong></span> <span class='ocrx_word' id='word_1_667' title='bbox 1711 4616 1904 4670; x_wconf 80' lang='grc' dir='ltr'><strong>τοῦτον</strong></span> 
     </span>
    </p>
   </div>
   <div class='ocr_carea' id='block_1_94' title="bbox 319 4709 1908 4780">
    <p class='ocr_par' dir='ltr' id='par_1_94' title="bbox 319 4709 1908 4780">
     <span class='ocr_line' id='line_1_94' title="bbox 319 4709 1908 4780; baseline -0.001 -16"><span class='ocrx_word' id='word_1_668' title='bbox 319 4709 580 4780; x_wconf 79' lang='grc' dir='ltr'><strong>ἀσμένως</strong></span> <span class='ocrx_word' id='word_1_669' title='bbox 630 4709 914 4779; x_wconf 84' lang='grc' dir='ltr'><strong>δεξάμενοι</strong></span> <span class='ocrx_word' id='word_1_670' title='bbox 989 4712 1394 4780; x_wconf 82' lang='grc' dir='ltr'><strong>ἀντιπέμπουσι</strong></span> <span class='ocrx_word' id='word_1_671' title='bbox 1447 4710 1710 4780; x_wconf 68' lang='grc' dir='ltr'><strong>πρέσϐεις</strong></span> <span class='ocrx_word' id='word_1_672' title='bbox 1770 4712 1908 4780; x_wconf 85' lang='grc' dir='ltr'><strong>πρὸς</strong></span> 
     </span>
    </p>
   </div>
   <div class='ocr_carea' id='block_1_95' title="bbox 317 4798 1913 4874">
    <p class='ocr_par' dir='ltr' id='par_1_95' title="bbox 317 4798 1913 4874">
     <span class='ocr_line' id='line_1_95' title="bbox 317 4798 1913 4874; baseline 0 -21"><span class='ocrx_word' id='word_1_673' title='bbox 317 4802 413 4854; x_wconf 83' lang='grc' dir='ltr'><strong>τδν</strong></span> <span class='ocrx_word' id='word_1_674' title='bbox 441 4801 689 4872; x_wconf 82' lang='grc' dir='ltr'><strong>βασιλέα,</strong></span> <span class='ocrx_word' id='word_1_675' title='bbox 713 4802 857 4871; x_wconf 82' lang='grc' dir='ltr'><strong>φίλοι</strong></span> <span class='ocrx_word' id='word_1_676' title='bbox 893 4802 1180 4872; x_wconf 80' lang='grc' dir='ltr'><strong>Ῥωμαίων</strong></span> <span class='ocrx_word' id='word_1_677' title='bbox 1208 4798 1346 4856; x_wconf 80' lang='grc' dir='ltr'><strong>εἶναι</strong></span> <span class='ocrx_word' id='word_1_678' title='bbox 1369 4801 1704 4872; x_wconf 87' lang='grc' dir='ltr'><strong>βουλόμενοι.</strong></span> <span class='ocrx_word' id='word_1_679' title='bbox 1745 4802 1913 4874; x_wconf 84' lang='grc' dir='ltr'><strong>ᾚτή-</strong></span> 
     </span>
    </p>
   </div>
   <div class='ocr_carea' id='block_1_96' title="bbox 328 4887 1912 4967">
    <p class='ocr_par' dir='ltr' id='par_1_96' title="bbox 328 4887 1912 4967">
     <span class='ocr_line' id='line_1_96' title="bbox 328 4887 1912 4967; baseline 0.001 -20"><span class='ocrx_word' id='word_1_680' title='bbox 328 4911 498 4948; x_wconf 90' lang='grc' dir='ltr'><strong>σαντο</strong></span> <span class='ocrx_word' id='word_1_681' title='bbox 556 4895 614 4948; x_wconf 84' lang='grc' dir='ltr'><strong>δὲ</strong></span> <span class='ocrx_word' id='word_1_682' title='bbox 671 4897 800 4966; x_wconf 86' lang='grc' dir='ltr'><strong>τρία</strong></span> <span class='ocrx_word' id='word_1_683' title='bbox 827 4912 844 4928; x_wconf 77' lang='grc' dir='ltr'><strong>ο</strong></span> <span class='ocrx_word' id='word_1_684' title='bbox 879 4896 1097 4966; x_wconf 84' lang='grc' dir='ltr'><strong>πρῶτον</strong></span> <span class='ocrx_word' id='word_1_685' title='bbox 1141 4887 1465 4967; x_wconf 81' lang='grc' dir='ltr'><strong>Θευδέριχον</strong></span> <span class='ocrx_word' id='word_1_686' title='bbox 1502 4895 1546 4927; x_wconf 86' lang='grc'><strong>¹⁷</strong></span> <span class='ocrx_word' id='word_1_687' title='bbox 1575 4895 1669 4948; x_wconf 82' lang='grc' dir='ltr'><strong>τὸν</strong></span> <span class='ocrx_word' id='word_1_688' title='bbox 1700 4893 1912 4964; x_wconf 84' lang='grc' dir='ltr'><strong>κατάρ-</strong></span> 
     </span>
    </p>
   </div>
   <div class='ocr_carea' id='block_1_97' title="bbox 321 4986 1912 5058">
    <p class='ocr_par' dir='ltr' id='par_1_97' title="bbox 321 4986 1912 5058">
     <span class='ocr_line' id='line_1_97' title="bbox 321 4986 1912 5058; baseline 0.001 -19"><span class='ocrx_word' id='word_1_689' title='bbox 321 5003 492 5057; x_wconf 88' lang='grc' dir='ltr'><strong>χοντα</strong></span> <span class='ocrx_word' id='word_1_690' title='bbox 557 4986 738 5040; x_wconf 83' lang='grc' dir='ltr'><strong>αὐτῶν</strong></span> <span class='ocrx_word' id='word_1_691' title='bbox 776 4987 874 5058; x_wconf 81' lang='grc' dir='ltr'><strong>τὴν</strong></span> <span class='ocrx_word' id='word_1_692' title='bbox 907 4987 1270 5058; x_wconf 83' lang='grc' dir='ltr'><strong>κληρονομίαν</strong></span> <span class='ocrx_word' id='word_1_693' title='bbox 1326 4986 1641 5053; x_wconf 77' lang='grc' dir='ltr'><strong>ἀπολαϐεῖν,</strong></span> <span class='ocrx_word' id='word_1_694' title='bbox 1693 4989 1760 5058; x_wconf 79' lang='grc' dir='ltr'><strong>ἢν</strong></span> <span class='ocrx_word' id='word_1_695' title='bbox 1807 4988 1912 5055; x_wconf 73' lang='grc' dir='ltr'><strong>ἀφ-</strong></span> 
     </span>
    </p>
   </div>
   <div class='ocr_carea' id='block_1_98' title="bbox 327 5078 1910 5152">
    <p class='ocr_par' dir='ltr' id='par_1_98' title="bbox 327 5078 1910 5152">
     <span class='ocr_line' id='line_1_98' title="bbox 327 5078 1910 5152; baseline -0.002 -20"><span class='ocrx_word' id='word_1_696' title='bbox 327 5079 465 5149; x_wconf 81' lang='grc' dir='ltr'><strong>ῆκεν</strong></span> <span class='ocrx_word' id='word_1_697' title='bbox 496 5079 646 5150; x_wconf 84' lang='grc' dir='ltr'><strong>αὑτῷ</strong></span> <span class='ocrx_word' id='word_1_698' title='bbox 673 5080 917 5152; x_wconf 74' lang='grc' dir='ltr'><strong>¹’Δσπαρ,</strong></span> <span class='ocrx_word' id='word_1_699' title='bbox 953 5080 1212 5151; x_wconf 80' lang='grc' dir='ltr'><strong>δεύτερον</strong></span> <span class='ocrx_word' id='word_1_700' title='bbox 1243 5080 1504 5150; x_wconf 77' lang='grc' dir='ltr'><strong>νέμεσθαι</strong></span> <span class='ocrx_word' id='word_1_701' title='bbox 1537 5078 1636 5149; x_wconf 79' lang='grc' dir='ltr'><strong>τὴν</strong></span> <span class='ocrx_word' id='word_1_702' title='bbox 1687 5079 1910 5150; x_wconf 80' lang='grc' dir='ltr'><strong>Θρᾴκην</strong></span> 
     </span>
    </p>
   </div>
   <div class='ocr_carea' id='block_1_99' title="bbox 328 5170 1907 5246">
    <p class='ocr_par' dir='ltr' id='par_1_99' title="bbox 328 5170 1907 5246">
     <span class='ocr_line' id='line_1_99' title="bbox 328 5170 1907 5246; baseline -0.001 -22"><span class='ocrx_word' id='word_1_703' title='bbox 328 5173 756 5246; x_wconf 79' lang='grc' dir='ltr'><strong>συγχωρηθῆναι</strong></span> <span class='ocrx_word' id='word_1_704' title='bbox 781 5173 952 5242; x_wconf 85' lang='grc' dir='ltr'><strong>αὐτῷ,</strong></span> <span class='ocrx_word' id='word_1_705' title='bbox 983 5172 1167 5244; x_wconf 89' lang='grc' dir='ltr'><strong>τρίτον</strong></span> <span class='ocrx_word' id='word_1_706' title='bbox 1221 5174 1315 5225; x_wconf 78' lang='grc' dir='ltr'><strong>καὶ</strong></span> <span class='ocrx_word' id='word_1_707' title='bbox 1373 5170 1754 5242; x_wconf 78' lang='grc' dir='ltr'><strong>στρατηλάτην</strong></span> <span class='ocrx_word' id='word_1_708' title='bbox 1811 5187 1907 5238; x_wconf 87' lang='grc' dir='ltr'><strong>γε·</strong></span> 
     </span>
    </p>
   </div>
   <div class='ocr_carea' id='block_1_100' title="bbox 327 5260 1906 5337">
    <p class='ocr_par' dir='ltr' id='par_1_100' title="bbox 327 5260 1906 5337">
     <span class='ocr_line' id='line_1_100' title="bbox 327 5260 1906 5337; baseline 0.001 -21"><span class='ocrx_word' id='word_1_709' title='bbox 327 5264 516 5318; x_wconf 87' lang='grc' dir='ltr'><strong>νέσοαι</strong></span> <span class='ocrx_word' id='word_1_710' title='bbox 557 5266 666 5318; x_wconf 84' lang='grc' dir='ltr'><strong>τῶν</strong></span> <span class='ocrx_word' id='word_1_711' title='bbox 697 5266 1012 5337; x_wconf 88' lang='grc' dir='ltr'><strong>ταγμάτων,</strong></span> <span class='ocrx_word' id='word_1_712' title='bbox 1037 5260 1221 5336; x_wconf 82' lang='grc' dir='ltr'><strong>ὧνπερ</strong></span> <span class='ocrx_word' id='word_1_713' title='bbox 1243 5265 1338 5319; x_wconf 79' lang='grc' dir='ltr'><strong>καὶ</strong></span> <span class='ocrx_word' id='word_1_714' title='bbox 1383 5265 1602 5335; x_wconf 77' lang='grc' dir='ltr'><strong>’Λσπαρ</strong></span> <span class='ocrx_word' id='word_1_715' title='bbox 1644 5265 1906 5335; x_wconf 79' lang='grc' dir='ltr'><strong>ἡγήσατο.</strong></span> 
     </span>
    </p>
   </div>
   <div class='ocr_carea' id='block_1_101' title="bbox 331 5356 1911 5430">
    <p class='ocr_par' dir='ltr' id='par_1_101' title="bbox 331 5356 1911 5430">
     <span class='ocr_line' id='line_1_101' title="bbox 331 5356 1911 5430; baseline -0.001 -19"><span class='ocrx_word' id='word_1_716' title='bbox 331 5358 443 5411; x_wconf 77' lang='grc' dir='ltr'><strong>Καὶ</strong></span> <span class='ocrx_word' id='word_1_717' title='bbox 469 5361 498 5412; x_wconf 90' lang='lat'><strong>6</strong></span> <span class='ocrx_word' id='word_1_718' title='bbox 542 5359 644 5427; x_wconf 78' lang='grc' dir='ltr'><strong>μὲν</strong></span> <span class='ocrx_word' id='word_1_719' title='bbox 698 5358 948 5429; x_wconf 80' lang='grc' dir='ltr'><strong>βασιλεὺς</strong></span> <span class='ocrx_word' id='word_1_720' title='bbox 987 5359 1124 5430; x_wconf 80' lang='grc' dir='ltr'><strong>πρὸς</strong></span> <span class='ocrx_word' id='word_1_721' title='bbox 1151 5359 1220 5413; x_wconf 83' lang='grc' dir='ltr'><strong>τὰ</strong></span> <span class='ocrx_word' id='word_1_722' title='bbox 1266 5361 1358 5413; x_wconf 85' lang='grc' dir='ltr'><strong>δύο</strong></span> <span class='ocrx_word' id='word_1_723' title='bbox 1421 5356 1704 5420; x_wconf 86' lang='grc' dir='ltr'><strong>παντελῶς</strong></span> <span class='ocrx_word' id='word_1_724' title='bbox 1753 5356 1911 5410; x_wconf 83' lang='grc' dir='ltr'><strong>ἀπεί-</strong></span> 
     </span>
    </p>
   </div>
   <div class='ocr_carea' id='block_1_102' title="bbox 333 5451 1909 5524">
    <p class='ocr_par' dir='ltr' id='par_1_102' title="bbox 333 5451 1909 5524">
     <span class='ocr_line' id='line_1_102' title="bbox 333 5451 1909 5524; baseline -0.001 -21"><span class='ocrx_word' id='word_1_725' title='bbox 333 5467 496 5518; x_wconf 78' lang='grc' dir='ltr'><strong>πατο,</strong></span> <span class='ocrx_word' id='word_1_726' title='bbox 548 5452 709 5522; x_wconf 92' lang='grc' dir='ltr'><strong>μόνον</strong></span> <span class='ocrx_word' id='word_1_727' title='bbox 737 5452 796 5506; x_wconf 79' lang='grc' dir='ltr'><strong>δὲ</strong></span> <span class='ocrx_word' id='word_1_728' title='bbox 839 5453 970 5520; x_wconf 74' lang='grc' dir='ltr'><strong>περὶ</strong></span> <span class='ocrx_word' id='word_1_729' title='bbox 1034 5453 1132 5524; x_wconf 90' lang='grc' dir='ltr'><strong>τῆς</strong></span> <span class='ocrx_word' id='word_1_730' title='bbox 1171 5451 1506 5524; x_wconf 86' lang='grc' dir='ltr'><strong>στρατηγίας</strong></span> <span class='ocrx_word' id='word_1_731' title='bbox 1563 5451 1909 5515; x_wconf 83' lang='grc' dir='ltr'><strong>κατένευσεν,</strong></span> 
     </span>
    </p>
   </div>
   <div class='ocr_carea' id='block_1_103' title="bbox 2012 4604 3598 4675">
    <p class='ocr_par' dir='ltr' id='par_1_103' title="bbox 2012 4604 3598 4675">
     <span class='ocr_line' id='line_1_103' title="bbox 2012 4604 3598 4675; baseline -0.001 -14"><span class='ocrx_word' id='word_1_732' title='bbox 2012 4607 2128 4662; x_wconf 89' lang='lat' dir='ltr'><strong>bari</strong></span> <span class='ocrx_word' id='word_1_733' title='bbox 2171 4607 2376 4661; x_wconf 89' lang='lat' dir='ltr'><strong>lubenti</strong></span> <span class='ocrx_word' id='word_1_734' title='bbox 2416 4606 2596 4659; x_wconf 91' lang='lat' dir='ltr'><strong>animo</strong></span> <span class='ocrx_word' id='word_1_735' title='bbox 2641 4605 2876 4675; x_wconf 86' lang='lat' dir='ltr'><strong>legatum</strong></span> <span class='ocrx_word' id='word_1_736' title='bbox 2909 4613 3260 4674; x_wconf 81' lang='lat' dir='ltr'><strong>exceperunt,</strong></span> <span class='ocrx_word' id='word_1_737' title='bbox 3306 4615 3360 4660; x_wconf 91' lang='lat' dir='ltr'><strong>et</strong></span> <span class='ocrx_word' id='word_1_738' title='bbox 3393 4604 3598 4675; x_wconf 86' lang='lat' dir='ltr'><strong>legatos</strong></span> 
     </span>
    </p>
   </div>
   <div class='ocr_carea' id='block_1_104' title="bbox 2015 4695 3598 4770">
    <p class='ocr_par' dir='ltr' id='par_1_104' title="bbox 2015 4695 3598 4770">
     <span class='ocr_line' id='line_1_104' title="bbox 2015 4695 3598 4770; baseline 0 -15"><span class='ocrx_word' id='word_1_739' title='bbox 2015 4714 2231 4770; x_wconf 89' lang='lat' dir='ltr'><strong>quoque</strong></span> <span class='ocrx_word' id='word_1_740' title='bbox 2253 4701 2319 4754; x_wconf 83' lang='lat' dir='ltr'><strong>ad</strong></span> <span class='ocrx_word' id='word_1_741' title='bbox 2341 4701 2745 4768; x_wconf 89' lang='lat' dir='ltr'><strong>imperatorem,</strong></span> <span class='ocrx_word' id='word_1_742' title='bbox 2772 4695 3144 4752; x_wconf 81' lang='lat' dir='ltr'><strong>Romanorum</strong></span> <span class='ocrx_word' id='word_1_743' title='bbox 3171 4699 3333 4754; x_wconf 84' lang='lat' dir='ltr'><strong>amici</strong></span> <span class='ocrx_word' id='word_1_744' title='bbox 3355 4713 3479 4755; x_wconf 84' lang='lat' dir='ltr'><strong>esse</strong></span> <span class='ocrx_word' id='word_1_745' title='bbox 3500 4715 3598 4755; x_wconf 86' lang='lat' dir='ltr'><strong>cu—</strong></span> 
     </span>
    </p>
   </div>
   <div class='ocr_carea' id='block_1_105' title="bbox 2010 4789 3596 4866">
    <p class='ocr_par' dir='ltr' id='par_1_105' title="bbox 2010 4789 3596 4866">
     <span class='ocr_line' id='line_1_105' title="bbox 2010 4789 3596 4866; baseline -0.001 -18"><span class='ocrx_word' id='word_1_746' title='bbox 2010 4795 2252 4866; x_wconf 82' lang='lat' dir='ltr'><strong>pientes,</strong></span> <span class='ocrx_word' id='word_1_747' title='bbox 2291 4793 2576 4856; x_wconf 89' lang='lat' dir='ltr'><strong>miserunt,</strong></span> <span class='ocrx_word' id='word_1_748' title='bbox 2618 4805 2714 4860; x_wconf 85' lang='lat' dir='ltr'><strong>per</strong></span> <span class='ocrx_word' id='word_1_749' title='bbox 2747 4804 2886 4859; x_wconf 85' lang='lat' dir='ltr'><strong>quos</strong></span> <span class='ocrx_word' id='word_1_750' title='bbox 2920 4791 3025 4843; x_wconf 89' lang='lat' dir='ltr'><strong>tria</strong></span> <span class='ocrx_word' id='word_1_751' title='bbox 3069 4789 3139 4843; x_wconf 91' lang='lat' dir='ltr'><strong>ab</strong></span> <span class='ocrx_word' id='word_1_752' title='bbox 3179 4804 3246 4844; x_wconf 91' lang='lat' dir='ltr'><strong>eo</strong></span> <span class='ocrx_word' id='word_1_753' title='bbox 3282 4790 3596 4860; x_wconf 87' lang='lat' dir='ltr'><strong>petierunt:</strong></span> 
     </span>
    </p>
   </div>
   <div class='ocr_carea' id='block_1_106' title="bbox 2018 4882 3598 4955">
    <p class='ocr_par' dir='ltr' id='par_1_106' title="bbox 2018 4882 3598 4955">
     <span class='ocr_line' id='line_1_106' title="bbox 2018 4882 3598 4955; baseline -0.002 -16"><span class='ocrx_word' id='word_1_754' title='bbox 2018 4886 2250 4955; x_wconf 88' lang='lat' dir='ltr'><strong>primum</strong></span> <span class='ocrx_word' id='word_1_755' title='bbox 2280 4894 2338 4938; x_wconf 86' lang='lat' dir='ltr'><strong>nt</strong></span> <span class='ocrx_word' id='word_1_756' title='bbox 2361 4883 2795 4947; x_wconf 88' lang='lat' dir='ltr'><strong>Tbeuderichus,</strong></span> <span class='ocrx_word' id='word_1_757' title='bbox 2829 4896 3016 4936; x_wconf 91' lang='lat' dir='ltr'><strong>eorum</strong></span> <span class='ocrx_word' id='word_1_758' title='bbox 3053 4882 3183 4947; x_wconf 79' lang='lat' dir='ltr'><strong>dux,</strong></span> <span class='ocrx_word' id='word_1_759' title='bbox 3208 4883 3356 4936; x_wconf 89' lang='lat' dir='ltr'><strong>omni</strong></span> <span class='ocrx_word' id='word_1_760' title='bbox 3380 4882 3598 4938; x_wconf 86' lang='lat' dir='ltr'><strong>heredi-</strong></span> 
     </span>
    </p>
   </div>
   <div class='ocr_carea' id='block_1_107' title="bbox 2019 4973 3602 5047">
    <p class='ocr_par' dir='ltr' id='par_1_107' title="bbox 2019 4973 3602 5047">
     <span class='ocr_line' id='line_1_107' title="bbox 2019 4973 3602 5047; baseline -0.003 -15"><span class='ocrx_word' id='word_1_761' title='bbox 2019 4988 2148 5043; x_wconf 89' lang='lat' dir='ltr'><strong>tate,</strong></span> <span class='ocrx_word' id='word_1_762' title='bbox 2179 4982 2343 5047; x_wconf 86' lang='lat' dir='ltr'><strong>quam’</strong></span> <span class='ocrx_word' id='word_1_763' title='bbox 2380 4976 2466 5031; x_wconf 22' lang='lat' dir='ltr'><strong>illi.</strong></span> <span class='ocrx_word' id='word_1_764' title='bbox 2497 4975 2795 5044; x_wconf 85' lang='lat' dir='ltr'><strong>reliquerat</strong></span> <span class='ocrx_word' id='word_1_765' title='bbox 2821 4974 3018 5044; x_wconf 86' lang='lat' dir='ltr'><strong>Aspar,</strong></span> <span class='ocrx_word' id='word_1_766' title='bbox 3049 4973 3327 5029; x_wconf 78' lang='lat' dir='ltr'><strong>frueretur</strong></span> <span class='ocrx_word' id='word_1_767' title='bbox 3356 4991 3371 5028; x_wconf 90' lang='lat'><strong>:</strong></span> <span class='ocrx_word' id='word_1_768' title='bbox 3403 4988 3602 5030; x_wconf 88' lang='lat' dir='ltr'><strong>secun-</strong></span> 
     </span>
    </p>
   </div>
   <div class='ocr_carea' id='block_1_108' title="bbox 2017 5065 3599 5138">
    <p class='ocr_par' dir='ltr' id='par_1_108' title="bbox 2017 5065 3599 5138">
     <span class='ocr_line' id='line_1_108' title="bbox 2017 5065 3599 5138; baseline -0.006 -12"><span class='ocrx_word' id='word_1_769' title='bbox 2017 5073 2169 5135; x_wconf 90' lang='lat' dir='ltr'><strong>dum,</strong></span> <span class='ocrx_word' id='word_1_770' title='bbox 2187 5079 2246 5124; x_wconf 89' lang='lat' dir='ltr'><strong>ut</strong></span> <span class='ocrx_word' id='word_1_771' title='bbox 2265 5070 2453 5124; x_wconf 91' lang='lat' dir='ltr'><strong>liceret</strong></span> <span class='ocrx_word' id='word_1_772' title='bbox 2474 5067 2584 5138; x_wconf 78' lang='lat'><strong>93</strong></span> <span class='ocrx_word' id='word_1_773' title='bbox 2608 5067 2684 5120; x_wconf 88' lang='lat' dir='ltr'><strong>illi</strong></span> <span class='ocrx_word' id='word_1_774' title='bbox 2703 5067 2758 5120; x_wconf 92' lang='lat' dir='ltr'><strong>in</strong></span> <span class='ocrx_word' id='word_1_775' title='bbox 2788 5065 3023 5120; x_wconf 78' lang='lat' dir='ltr'><strong>Thracia</strong></span> <span class='ocrx_word' id='word_1_776' title='bbox 3053 5066 3336 5121; x_wconf 84' lang='lat' dir='ltr'><strong>habitare:</strong></span> <span class='ocrx_word' id='word_1_777' title='bbox 3356 5067 3599 5127; x_wconf 87' lang='lat' dir='ltr'><strong>tertium,</strong></span> 
     </span>
    </p>
   </div>
   <div class='ocr_carea' id='block_1_109' title="bbox 2015 5156 3602 5228">
    <p class='ocr_par' dir='ltr' id='par_1_109' title="bbox 2015 5156 3602 5228">
     <span class='ocr_line' id='line_1_109' title="bbox 2015 5156 3602 5228; baseline -0.006 -10"><span class='ocrx_word' id='word_1_778' title='bbox 2015 5171 2155 5218; x_wconf 89' lang='lat' dir='ltr'><strong>utet</strong></span> <span class='ocrx_word' id='word_1_779' title='bbox 2203 5176 2390 5216; x_wconf 87' lang='lat' dir='ltr'><strong>eorum</strong></span> <span class='ocrx_word' id='word_1_780' title='bbox 2431 5161 2703 5223; x_wconf 89' lang='lat' dir='ltr'><strong>ordinum,</strong></span> <span class='ocrx_word' id='word_1_781' title='bbox 2749 5173 2978 5227; x_wconf 88' lang='lat' dir='ltr'><strong>quorum</strong></span> <span class='ocrx_word' id='word_1_782' title='bbox 3023 5161 3198 5228; x_wconf 81' lang='lat' dir='ltr'><strong>Aspar</strong></span> <span class='ocrx_word' id='word_1_783' title='bbox 3248 5157 3444 5221; x_wconf 84' lang='lat' dir='ltr'><strong>fuerat,</strong></span> <span class='ocrx_word' id='word_1_784' title='bbox 3495 5156 3602 5209; x_wconf 78' lang='lat' dir='ltr'><strong>dux</strong></span> 
     </span>
    </p>
   </div>
   <div class='ocr_carea' id='block_1_110' title="bbox 2016 5242 3600 5321">
    <p class='ocr_par' dir='ltr' id='par_1_110' title="bbox 2016 5242 3600 5321">
     <span class='ocr_line' id='line_1_110' title="bbox 2016 5242 3600 5321; baseline -0.007 -9"><span class='ocrx_word' id='word_1_785' title='bbox 2016 5265 2181 5312; x_wconf 88' lang='lat' dir='ltr'><strong>esset.</strong></span> <span class='ocrx_word' id='word_1_786' title='bbox 2249 5254 2432 5308; x_wconf 91' lang='lat' dir='ltr'><strong>Prima</strong></span> <span class='ocrx_word' id='word_1_787' title='bbox 2490 5252 2598 5308; x_wconf 89' lang='lat' dir='ltr'><strong>duo</strong></span> <span class='ocrx_word' id='word_1_788' title='bbox 2651 5253 2886 5306; x_wconf 85' lang='lat' dir='ltr'><strong>omnino</strong></span> <span class='ocrx_word' id='word_1_789' title='bbox 2941 5242 3228 5321; x_wconf 82' lang='lat' dir='ltr'><strong>denegavit</strong></span> <span class='ocrx_word' id='word_1_790' title='bbox 3282 5253 3600 5319; x_wconf 86' lang='lat' dir='ltr'><strong>imperator.</strong></span> 
     </span>
    </p>
   </div>
   <div class='ocr_carea' id='block_1_111' title="bbox 2018 5341 3604 5409">
    <p class='ocr_par' dir='ltr' id='par_1_111' title="bbox 2018 5341 3604 5409">
     <span class='ocr_line' id='line_1_111' title="bbox 2018 5341 3604 5409; baseline -0.008 -4"><span class='ocrx_word' id='word_1_791' title='bbox 2018 5349 2206 5405; x_wconf 90' lang='lat' dir='ltr'><strong>Solum</strong></span> <span class='ocrx_word' id='word_1_792' title='bbox 2231 5348 2471 5409; x_wconf 90' lang='lat' dir='ltr'><strong>tertium,</strong></span> <span class='ocrx_word' id='word_1_793' title='bbox 2507 5354 2566 5399; x_wconf 90' lang='lat' dir='ltr'><strong>ut</strong></span> <span class='ocrx_word' id='word_1_794' title='bbox 2590 5345 2698 5399; x_wconf 86' lang='lat' dir='ltr'><strong>dux</strong></span> <span class='ocrx_word' id='word_1_795' title='bbox 2733 5345 2910 5408; x_wconf 79' lang='lat' dir='ltr'><strong>ﬁeret,</strong></span> <span class='ocrx_word' id='word_1_796' title='bbox 2945 5345 3238 5402; x_wconf 90' lang='lat' dir='ltr'><strong>dummodo</strong></span> <span class='ocrx_word' id='word_1_797' title='bbox 3264 5343 3380 5398; x_wconf 89' lang='lat' dir='ltr'><strong>sine</strong></span> <span class='ocrx_word' id='word_1_798' title='bbox 3411 5341 3604 5395; x_wconf 83' lang='lat' dir='ltr'><strong>fraude</strong></span> 
     </span>
    </p>
   </div>
   <div class='ocr_carea' id='block_1_112' title="bbox 2017 5431 3601 5514">
    <p class='ocr_par' dir='ltr' id='par_1_112' title="bbox 2017 5431 3601 5514">
     <span class='ocr_line' id='line_1_112' title="bbox 2017 5431 3601 5514; baseline -0.006 -16"><span class='ocrx_word' id='word_1_799' title='bbox 2017 5444 2137 5514; x_wconf 88' lang='lat' dir='ltr'><strong>ejus</strong></span> <span class='ocrx_word' id='word_1_800' title='bbox 2163 5443 2373 5496; x_wconf 89' lang='lat' dir='ltr'><strong>amicus</strong></span> <span class='ocrx_word' id='word_1_801' title='bbox 2403 5447 2570 5504; x_wconf 89' lang='lat' dir='ltr'><strong>esset,</strong></span> <span class='ocrx_word' id='word_1_802' title='bbox 2597 5440 2892 5504; x_wconf 86' lang='lat' dir='ltr'><strong>concessit,</strong></span> <span class='ocrx_word' id='word_1_803' title='bbox 2924 5448 2978 5494; x_wconf 90' lang='lat' dir='ltr'><strong>et</strong></span> <span class='ocrx_word' id='word_1_804' title='bbox 3021 5441 3094 5493; x_wconf 88' lang='lat' dir='ltr'><strong>Ita</strong></span> <span class='ocrx_word' id='word_1_805' title='bbox 3131 5437 3338 5506; x_wconf 86' lang='lat' dir='ltr'><strong>legatos</strong></span> <span class='ocrx_word' id='word_1_806' title='bbox 3371 5431 3601 5488; x_wconf 86' lang='lat' dir='ltr'><strong>dimisit.</strong></span> 
     </span>
    </p>
   </div>
   <div class='ocr_carea' id='block_1_113' title="bbox 1594 5559 2270 5624">
    <p class='ocr_par' dir='ltr' id='par_1_113' title="bbox 1594 5559 2270 5624">
     <span class='ocr_line' id='line_1_113' title="bbox 1594 5559 2270 5624; baseline -0.012 -3"><span class='ocrx_word' id='word_1_807' title='bbox 1594 5567 1828 5624; x_wconf 70' lang='lat' dir='ltr'><strong>VARIAS</strong></span> <span class='ocrx_word' id='word_1_808' title='bbox 1864 5559 2270 5622; x_wconf 78' lang='lat' dir='ltr'><strong>LECTIONES.</strong></span> 
     </span>
    </p>
   </div>
   <div class='ocr_carea' id='block_1_114' title="bbox 405 5663 953 5736">
    <p class='ocr_par' dir='ltr' id='par_1_114' title="bbox 405 5663 953 5736">
     <span class='ocr_line' id='line_1_114' title="bbox 405 5663 953 5736; baseline 0 0"><span class='ocrx_word' id='word_1_809' title='bbox 405 5665 450 5736; x_wconf 57' lang='grc' dir='ltr'><strong>τι</strong></span> <span class='ocrx_word' id='word_1_810' title='bbox 471 5663 657 5736; x_wconf 53' lang='lat' dir='ltr'><strong>acea.</strong></span> <span class='ocrx_word' id='word_1_811' title='bbox 687 5665 772 5736; x_wconf 65' lang='grc' dir='ltr'><strong>ἐφ’</strong></span> <span class='ocrx_word' id='word_1_812' title='bbox 804 5665 953 5736; x_wconf 71' lang='lat' dir='ltr'><strong>vulg.</strong></span> 
     </span>
    </p>
   </div>
   <div class='ocr_carea' id='block_1_115' title="bbox 1031 5659 2030 5729">
    <p class='ocr_par' dir='ltr' id='par_1_115' title="bbox 1031 5659 2030 5729">
     <span class='ocr_line' id='line_1_115' title="bbox 1031 5659 2030 5729; baseline -0.006 -11"><span class='ocrx_word' id='word_1_813' title='bbox 1031 5665 1072 5697; x_wconf 81' lang='grc'>¹¹</span> <span class='ocrx_word' id='word_1_814' title='bbox 1109 5664 1253 5718; x_wconf 83' lang='grc' dir='ltr'><strong>κατὰ</strong></span> <span class='ocrx_word' id='word_1_815' title='bbox 1285 5663 1370 5729; x_wconf 80' lang='lat'><strong>8.,</strong></span> <span class='ocrx_word' id='word_1_816' title='bbox 1403 5661 1498 5716; x_wconf 66' lang='grc' dir='ltr'><strong>ἐπὶ</strong></span> <span class='ocrx_word' id='word_1_817' title='bbox 1527 5661 1669 5727; x_wconf 79' lang='lat' dir='ltr'><strong>Val.,</strong></span> <span class='ocrx_word' id='word_1_818' title='bbox 1729 5661 1834 5713; x_wconf 82' lang='grc' dir='ltr'><strong>ὑπὸ</strong></span> <span class='ocrx_word' id='word_1_819' title='bbox 1885 5659 2030 5729; x_wconf 86' lang='lat' dir='ltr'><strong>vulg.</strong></span> 
     </span>
    </p>
   </div>
   <div class='ocr_carea' id='block_1_116' title="bbox 2109 5637 3606 5726">
    <p class='ocr_par' dir='ltr' id='par_1_116' title="bbox 2109 5637 3606 5726">
     <span class='ocr_line' id='line_1_116' title="bbox 2109 5637 3606 5726; baseline -0.011 -18"><span class='ocrx_word' id='word_1_820' title='bbox 2109 5657 2152 5688; x_wconf 75' lang='grc' dir='ltr'><strong><em>η</em></strong></span> <span class='ocrx_word' id='word_1_821' title='bbox 2201 5653 2311 5726; x_wconf 84' lang='grc' dir='ltr'><strong>διὰ]</strong></span> <span class='ocrx_word' id='word_1_822' title='bbox 2355 5652 2420 5723; x_wconf 83' lang='grc' dir='ltr'><strong>δὴ</strong></span> <span class='ocrx_word' id='word_1_823' title='bbox 2471 5651 2790 5726; x_wconf 68' lang='lat' dir='ltr'><strong>conj._Yal.</strong></span> <span class='ocrx_word' id='word_1_824' title='bbox 2867 5651 2910 5682; x_wconf 85' lang='grc'><strong>¹³</strong></span> <span class='ocrx_word' id='word_1_825' title='bbox 2939 5647 3080 5726; x_wconf 49' lang='lat' dir='ltr'><strong>ante</strong></span> <span class='ocrx_word' id='word_1_826' title='bbox 3109 5643 3220 5726; x_wconf 55' lang='grc' dir='ltr'><strong>κα).</strong></span> <span class='ocrx_word' id='word_1_827' title='bbox 3248 5641 3417 5722; x_wconf 65' lang='lat' dir='ltr'><strong>inser.</strong></span> <span class='ocrx_word' id='word_1_828' title='bbox 3447 5637 3606 5726; x_wconf 53' lang='grc' dir='ltr'><strong>δεμ,</strong></span> 
     </span>
    </p>
   </div>
   <div class='ocr_carea' id='block_1_117' title="bbox 336 5708 3610 5809">
    <p class='ocr_par' dir='ltr' id='par_1_117' title="bbox 336 5708 3610 5809">
     <span class='ocr_line' id='line_1_117' title="bbox 336 5708 3610 5809; baseline -0.008 -17"><span class='ocrx_word' id='word_1_829' title='bbox 336 5733 382 5809; x_wconf 69' lang='lat'><strong>‘_‘</strong></span> <span class='ocrx_word' id='word_1_830' title='bbox 412 5708 975 5809; x_wconf 38' lang='lat' dir='ltr'><strong>EQQTB;-i5iravvvuufg.</strong></span> <span class='ocrx_word' id='word_1_831' title='bbox 1053 5708 1370 5790; x_wconf 60' lang='grc' dir='ltr'><strong>η’λῐιὲὶνῖἕ</strong></span> <span class='ocrx_word' id='word_1_832' title='bbox 1734 5708 2087 5801; x_wconf 40' lang='grc' dir='ltr'><strong>ἶί-ῘΓ</strong></span> <span class='ocrx_word' id='word_1_833' title='bbox 2132 5708 2510 5796; x_wconf 54' lang='grc' dir='ltr'><strong>Πελάῇονίἐὶ</strong></span> <span class='ocrx_word' id='word_1_834' title='bbox 2560 5708 2818 5790; x_wconf 67' lang='grc' dir='ltr'><strong>Εὑλόγιον</strong></span> <span class='ocrx_word' id='word_1_835' title='bbox 2849 5717 2992 5788; x_wconf 82' lang='lat' dir='ltr'><strong>conj.</strong></span> <span class='ocrx_word' id='word_1_836' title='bbox 3035 5715 3100 5770; x_wconf 83' lang='grc' dir='ltr'><strong>Ν.</strong></span> <span class='ocrx_word' id='word_1_837' title='bbox 3178 5713 3220 5746; x_wconf 81' lang='grc'><strong>⁸⁷</strong></span> <span class='ocrx_word' id='word_1_838' title='bbox 3262 5711 3479 5782; x_wconf 82' lang='grc' dir='ltr'><strong>πρῶτον</strong></span> <span class='ocrx_word' id='word_1_839' title='bbox 3519 5708 3610 5764; x_wconf 67' lang='lat' dir='ltr'><strong>(va</strong></span> 
     </span>
    </p>
   </div>
   <div class='ocr_carea' id='block_1_118' title="bbox 337 5804 670 5877">
    <p class='ocr_par' dir='ltr' id='par_1_118' title="bbox 337 5804 670 5877">
     <span class='ocr_line' id='line_1_118' title="bbox 337 5804 670 5877; baseline 0 -19"><span class='ocrx_word' id='word_1_840' title='bbox 337 5804 504 5860; x_wconf 63' lang='grc' dir='ltr'><strong>Θευδζ</strong></span> <span class='ocrx_word' id='word_1_841' title='bbox 525 5805 670 5877; x_wconf 83' lang='lat' dir='ltr'><strong>vulg.</strong></span> 
     </span>
    </p>
   </div>
  </div>
