4076 6438
469 353 576 416 783

1400 357 1810 418 TEXCERPTA
1849 357 1952 418 EX
1988 354 2297 417 MALCHO
2335 352 2702 415 RHETORE

3625 350 3733 415 784
3771 348 3773 351 ’

473 474 583 529 Sed
609 471 1426 540 'l‘heuderiebus,’Barbarorum
1447 475 1720 544 princeps,
1741 477 1828 530 ubi
1854 476 2046 546 legatos

2161 476 2210 527 et
2261 475 2414 544 φίλος
2445 471 2614 528 αὑτοῦ
2653 470 2874 542 γένηται
2922 453 3134 534 ’ἀδόλως
3160 471 3226 524 ¹⁸.
3271 470 3385 525 Καὶ
3434 469 3578 524 οὕτω
3604 472 3734 537 τοὺς

406 637 410 640 i
468 577 598 618 suos
623 562 693 617 ab
717 562 1046 633 imperatore
1070 577 1132 619 re
1165 565 1362 618 inl'ecta
1385 579 1636 620 reversos
1664 567 1901 634 excepit,
1925 581 2049 620 sua-

469 670 592 710 rum
623 656 902 724 copiarum
932 665 1137 725 partem
1180 655 1457 726 Philippos
1486 656 1635 711 misit
1669 675 1684 712 :
1726 671 1850 712 cum
1879 657 2049 713 altera

467 755 626 815 parte
674 745 1080 814 Arcadiopolim
1133 747 1283 800 omni
1335 759 1598 815 apparatu
1633 757 2052 818 oppugnaturus

466 835 700 892 obsedit.
733 834 920 906 Neque
959 846 1141 891 tamen
1176 851 1298 892 eam
1331 838 1502 892 armis
1532 840 1711 908 cepit,
1753 838 1849 894 sed
1886 839 2047 905 fame,

465 941 588 996 quae
623 927 917 997 oppidanos
946 926 1082 983 adeo
1106 928 1408 998 premebat,
1435 937 1494 984 ut
1520 930 1688 1000 equis
1723 939 1779 986 et
1817 931 1937 987 aliis
1963 930 2052 1002 ju-

466 1019 666 1074 mentis
706 1027 759 1072 et
802 1027 1142 1072 mortuorum
1170 1019 1523 1088 corporibus,
1556 1030 1963 1090 exspectantes,
2001 1022 2048 1079 si

464 1123 568 1176 qua
599 1124 668 1163 ex
702 1119 858 1178 parte
887 1108 1149 1164 auxilium
1179 1110 1483 1177 adveniret,
1523 1120 1892 1166 vescerentur.
1932 1113 2048 1179 Quo

464 1215 573 1253 non
619 1201 964 1266 adveniente,
1017 1200 1070 1253 in
1117 1210 1419 1255 extremam
1469 1201 1902 1270 desperationem
1953 1203 2050 1258 ad-

458 1291 613 1346 ducti
654 1290 982 1345 deditionem
1029 1290 1296 1347 fecerunt.
1349 1289 1450 1358 Qui
1511 1306 1636 1347 vero
1684 1293 1837 1348 missi
1891 1301 2050 1349 erant

464 1383 742 1453 Philippos
774 1383 948 1439 solum
992 1397 1080 1450 ea,
1114 1399 1232 1452 qua:
1259 1385 1406 1438 circa
1446 1385 1638 1439 urbem
1673 1394 1850 1450 erant,
1899 1400 2047 1441 com-

462 1478 790 1539 busserunt,
845 1492 1020 1546 neque
1061 1476 1369 1547 quidquam
1418 1485 1678 1546 praeterea
1741 1487 1902 1533 atrox
1956 1487 2050 1532 aut

467 1581 631 1633 grave
653 1567 1062 1622 contruserunt.
1094 1567 1188 1622 llis
1222 1569 1294 1622 ita
1315 1569 1368 1622 in
1400 1568 1629 1623 Thracia
1657 1570 2046 1640 grassantibus,

369 1682 372 1684 τ
463 1657 638 1712 nihilo
681 1658 860 1712 secius
910 1659 1012 1727 ipsi
1059 1657 1286 1713 Barbari
1343 1659 1486 1713 l‘ame
1524 1659 1696 1714 coacti
1738 1661 1945 1731 legatos
1981 1662 2049 1717 ad

465 1749 850 1819 imperatorem
887 1750 1172 1814 miserunt.
1209 1751 1303 1820 qui
1355 1751 1424 1806 de
1462 1765 1598 1822 pace
1638 1761 1882 1821 agerent,
1929 1767 2050 1822 quae

2154 563 2414 636 πρέσϐεις
2470 562 2817 633 ἀπέπεμψεν.
2865 561 2924 615 '0
2951 561 3008 615 δὲ
3035 559 3360 632 Θευδέριχος
3392 563 3423 615 δ
3446 561 3559 616 τῶν
3586 562 3731 634 Βαρ-

2151 655 2335 726 ϐάρων
2359 654 2626 725 ἀρχηγὸς,
2661 653 2790 717 τοὺς
2828 651 3092 725 πρέσϐεις
3120 652 3292 706 αὐτοῦ
3338 652 3632 722 δεξάμενος
3663 654 3733 708 ἐκ
3813 647 3822 660 ’

2149 745 2245 800 τοῦ
2311 745 2577 814 βασιλέως
2625 745 2968 816 ἀπράκτους,
3026 742 3089 797 τὸ
3144 741 3245 813 μὲν
3308 742 3410 812 τῆς
3447 743 3736 814 δυνάμεως

2151 835 2316 890 αὐτοῦ
2350 837 2406 898 ἐς
2437 834 2735 899 Φιλίππους
2763 833 3060 904 ἐκπέμπει,
3092 832 3170 904 τῷ
3217 833 3275 886 δὲ
3345 833 3732 904 προσεκάθητο

2148 926 2250 997 τὴν
2295 924 2744 997 Ἀρκαδιούπολιν
2781 926 2998 996 μηχανῇ
3034 923 3183 996 πάσῃ
3241 924 3569 994 πολιορκῶν.
3616 926 3736 980 Καὶ

2152 1018 2360 1088 ταύτην
2387 1015 2807 1088 παραλαμϐάνει
2836 1017 2936 1086 οὐχ
2991 1014 3196 1081 ὅπλοις,
3239 1015 3376 1069 ἀλλά
3419 1015 3563 1087 λιμῷ
3605 1016 3736 1080 τοὺς

2149 1109 2298 1164 ἔνδον
2361 1107 2456 1162 τοῦ
2517 1107 2707 1170 ἄστεος
2778 1106 3013 1176 ίσχυρῶς
3061 1107 3553 1178 στενοχωρήσαντι.
3621 1107 3738 1163 Καὶ

2149 1199 2260 1272 γὰρ
2295 1199 2392 1254 καὶ
2423 1201 2608 1253 ἵππων
2640 1199 2734 1252 καὶ
2787 1198 3104 1267 ὑποζυγίων
3157 1200 3252 1252 καὶ
3285 1198 3500 1268 νεκρῶν
3539 1199 3735 1270 σωμά-

2150 1311 2259 1347 των
2310 1292 2541 1364 ἦψαντο,
2581 1292 2980 1363 καρτεροῦντες
3035 1293 3088 1345 εί
3127 1292 3298 1345 ποθεν
3354 1293 3539 1356 αὐτοῖς
3585 1292 3734 1346 ἔλθοι

2153 1385 2398 1457 βοήθεια.
2427 1387 2538 1456 Τῆς
2575 1385 2632 1438 δὲ
2675 1386 2751 1454 μὴ
2787 1383 3090 1455 παρούσης,
3133 1384 3454 1454 ἀπήλπισαν
3500 1385 3596 1438 καὶ
3643 1385 3733 1438 ὲν-

2151 1477 2361 1530 έδωκαν
2423 1477 2489 1533 ".
2543 1477 2605 1529 Ol
2657 1477 2715 1530 δὲ
2756 1475 3165 1546 ἐκπεμφθέντες
3195 1477 3289 1529 ἐπὶ
3319 1476 3621 1540 Φιλίππους
3659 1477 3733 1530 τὰ

2151 1571 2258 1638 πρδ
2314 1567 2408 1622 τοῦ
2463 1567 2676 1632 ἄστεως
2733 1567 3043 1639 ἐνέπρησαν
3094 1567 3279 1637 μόνον,
3327 1567 3484 1622 οὐδὲν
3513 1569 3570 1622 δὲ
3601 1569 3735 1622 ἀλλο

2147 1659 2323 1714 δεινὸν
2353 1660 2700 1731 εἰργάσαντο.
2732 1659 2841 1713 Καὶ
2878 1659 3083 1713 τούτων
3109 1659 3254 1714 οὕτω
3314 1659 3735 1731 λυμαινομένων

2149 1754 2248 1823 τὴν
2273 1751 2516 1824 Θρᾴκην,
2555 1752 2706 1822 ὅμως
2737 1753 2833 1805 καὶ
2864 1753 3020 1806 αὐτοὶ⁵
3038 1753 3089 1806 οί
3143 1751 3419 1823 Βάρϐαροι
3473 1753 3578 1806 ὑπὸ
3635 1753 3735 1807 τοῦ

464 1842 552 1896 bis
581 1842 980 1896 conditionibus
1009 1851 1094 1896 est
1122 1841 1260 1896 facta
1289 1882 1304 1907 ,
1339 1853 1397 1898 ut
1439 1844 1546 1899 duo
1586 1844 1752 1900 millia
1775 1844 2042 1899 librarum

2149 1843 2308 1915 λιμοῦ
2359 1843 2711 1914 συνεχόμενοι
2739 1843 3040 1912 πρεσϐείαν
3071 1847 3353 1915 πέμπουσι
3414 1845 3545 1917 περὶ
3572 1847 3734 1918 είρή-

470 1934 589 1987 auri
619 1932 810 1987 Gothis
841 1932 1071 2002 singulis
1103 1933 1261 1990 annis
1304 1935 1707 2005 penderentur:
1743 1936 2046 1993 Theuderi-

467 2024 603 2079 chus
627 2024 884 2094 magister
905 2025 1148 2094 equitum
1179 2034 1234 2080 et
1267 2027 1504 2096 peditum
1537 2030 1816 2097 prmsentis
1844 2028 2048 2084 militias

463 2117 908 2182 constitueretur,
941 2132 1061 2186 qua:
1085 2117 1317 2188 dignitas
1353 2118 1584 2174 maxima
1613 2119 1862 2187 habetur,
1902 2121 2046 2190 ipso-

466 2225 698 2280 rumque
764 2226 852 2265 τοι
929 2208 1228 2265 Gntliorum
1289 2219 1458 2278 esset,
1519 2226 1694 2282 neque
1755 2214 2042 2282 quisquam

463 2318 612 2358 θοι-ιν
717 2304 804 2373 qui
837 2303 903 2358 ab
933 2318 998 2358 eo
1033 2303 1265 2358 deﬁcere
1295 2303 1584 2370 voluerint,
1619 2303 1688 2359 ab
1719 2305 2045 2373 imperatore

466 2396 479 2426 τ
612 2397 824 2465 gionem
855 2410 1010 2451 suam
1049 2395 1464 2461 admitteretur;
1503 2395 1737 2466 denique
1769 2404 1826 2450 ut
1855 2405 2043 2450 contra

469 2502 842 2558 quemcunque
876 2486 1108 2542 voluerit
1151 2487 1458 2557 imperator,
1494 2489 1734 2559 exceptis
1769 2487 2042 2556 Vandalis,

468 2595 498 2634 a
533 2588 689 2650 parte
722 2578 1066 2649 imperatoris
1097 2590 1382 2652 pugnaret.

533 2760 588 2814 5.
631 2759 724 2830 (A.
767 2759 832 2813 C.
878 2757 1005 2823 476,
1050 2757 1169 2813 1nd.
1219 2757 1307 2822 M,
1354 2757 1561 2814 Zenon.
1617 2757 1698 2828 5.)
1746 2756 2044 2828 Augustus,

461 2848 674 2906 Orestis
709 2849 872 2913 ﬁlius,
909 2857 969 2903 ut
1006 2848 1236 2915 audivit,
1268 2848 1540 2903 Zenonem
1574 2851 1771 2904 iterum
1801 2848 2047 2906 Orientis

460 2939 776 3009 imperium,
807 2938 1033 3008 expulso
1060 2937 1342 3005 Basilisco,
1384 2953 1754 3007 recuperasse,
1795 2949 2043 2995 senatum

463 3029 665 3084 veteris
730 3026 916 3082 Romae
983 3027 1307 3098 legationem
1368 3027 1438 3082 ad
1503 3026 1776 3085 Zenonem
1831 3029 2048 3086 mittere

463 3119 663 3189 coegit,
697 3134 820 3185 quae
849 3119 924 3173 illi
967 3119 1326 3189 signiﬁcaret,
1359 3119 1578 3190 proprio
1613 3121 1942 3190 imperatore
1985 3136 2047 3178 se

463 3225 576 3268 non
643 3211 914 3283 indigere.
969 3210 1147 3268 Unum
1197 3211 1580 3282 imperatorem
1625 3213 1888 3278 sullicere,
1954 3214 2048 3284 qui

465 3306 754 3376 utriusque
811 3305 1025 3374 imperii
1075 3303 1214 3363 lines
1269 3315 1514 3362 tueretur
1562 3326 1578 3362 :
1633 3307 1937 3364 Odoacrum
1989 3323 2050 3364 se

464 3399 724 3470 elegisse,
771 3398 863 3469 qui
910 3399 1051 3453 hanc
1090 3406 1301 3468 partem
1340 3407 1504 3453 tutam
1551 3407 1856 3469 praestaret.
1896 3399 2050 3457 Hunc

455 3493 608 3548 enim
647 3499 702 3546 et
739 3491 977 3546 scientia
1024 3488 1336 3560 reipublicae
1378 3490 1824 3547 administrandae
1877 3499 1933 3547 et
1968 3491 2050 3548 rei

462 3585 721 3640 militaris
773 3583 968 3653 peritia
1016 3591 1296 3653 praestare.
1343 3580 1530 3654 Itaque
1560 3598 1743 3650 orare,
1794 3591 1855 3640 ut
1897 3585 2049 3640 illum

467 3677 615 3734 Zeno
639 3678 962 3748 patriciatus
987 3675 1258 3746 dignitate
1298 3685 1478 3744 ornet,
1513 3684 1570 3732 et
1603 3676 1815 3733 Italiam
1852 3691 2049 3749 regen-

463 3768 589 3822 dam
619 3767 670 3824 ei
701 3767 1031 3824 committat.
1075 3764 1316 3823 Profecti
1359 3775 1488 3823 sunt
1529 3766 1692 3837 igitur
1738 3781 1806 3823 ex
1854 3777 2048 3824 senatu

460 3853 713 3912 Romano
749 3858 877 3923 viri,
913 3857 1005 3927 qui
1054 3855 1153 3911 hos
1195 3870 1477 3913 sermones
1508 3855 1824 3928 Byzantium
1871 3857 2052 3914 deler-

468 3957 614 4003 rent.
636 3946 840 4001 iisdem
872 3947 1064 4002 diebus
1085 3953 1355 4003 venerunt
1375 3955 1432 4001 et
1455 3960 1484 4000 a
1506 3944 1713 4014 Nepote
1735 3949 1930 4015 nuntii,
1954 3950 2048 4020 qui

467 4035 676 4092 Zenoni
705 4034 1016 4090 restitutum
1041 4034 1326 4102 imperium
1345 4032 1774 4104 gratularentur,
1797 4046 1853 4092 et
1873 4038 2048 4106 ipsum

459 4127 901 4193 obtestarentur,
937 4135 1009 4180 ‘ut
1056 4125 1204 4179 omni
1241 4139 1409 4194 opera
1435 4135 1492 4181 et
1532 4127 1712 4182 studio
1741 4127 1914 4194 illum,
1953 4125 2048 4200 qui

460 4217 654 4274 eodem
689 4227 950 4288 tempore,
971 4216 1162 4272 eodem
1187 4231 1296 4286 quo
1321 4217 1459 4287 ipse,
1480 4215 1610 4274 casu
1631 4216 1862 4275 alliictus
1881 4230 2046 4289 esset,

463 4312 520 4366 in
544 4309 856 4380 recipiendo
880 4308 1107 4378 imperio
1131 4307 1428 4376 adiuvaret,
1455 4318 1510 4364 et
1531 4309 1791 4379 pecunias
1816 4319 1870 4367 et
1893 4326 2049 4380 exer-

455 4405 604 4460 citus
628 4372 685 4458 et
720 4401 849 4468 alia,
878 4372 999 4471 qua:
1025 4414 1161 4470 opus
1194 4372 1392 4469 lorent,
1415 4372 1806 4472 suppeditaret,
1831 4418 1940 4475 quo
1967 4372 2045 4461 illi
2078 4457 2080 4460 ,

2147 1953 2249 2008 νης
2303 1934 2442 2006 πρὸς
2493 1935 2586 1990 τὸν
2634 1933 2881 2006 βασιλέα.
2937 1935 3050 1989 Καὶ
3093 1935 3302 2005 γίνεται
3347 1938 3382 2009 ή
3451 1937 3735 2008 σύμϐασις

2146 2027 2256 2080 τῶν
2296 2027 2477 2098 ὅρκων
2513 2028 2606 2081 ἐπὶ
2635 2026 2869 2091 τούτοις,
2923 2028 3036 2090 τοίς
3080 2026 3180 2097 μὲν
3224 2027 3449 2093 Γότθοις
3483 2029 3736 2086 δίδοσθαι

2147 2119 2270 2174 κατ’
2305 2119 2425 2184 ἔτος
2460 2120 2686 2191 χρυσίου
2717 2119 2906 2190 λίτρας
2935 2117 3222 2189 δισχιλίας,
3253 2117 3348 2174 τὸν
3382 2120 3440 2174 δὲ
3471 2121 3737 2192 Θευδέρι-

2148 2230 2243 2284 χυν
2310 2211 2672 2266 καθίστασθαι
2706 2211 3014 2280 στρατηγὸν
3063 2209 3161 2263 δύο
3223 2211 3570 2284 στρατηγιῶν
3619 2211 3736 2267 τῶν

2147 2303 2291 2373 ἀμφὶ
2322 2301 2573 2372 βασιλέα,
2606 2302 2772 2371 αἴπερ
2819 2301 2931 2353 εισὶ
2964 2299 3222 2371 μέγισται
3271 2302 3356 2364 είς
3398 2303 3496 2372 τὴν
3537 2302 3738 2373 ἑτέραν

2147 2395 2252 2464 γῆν
2283 2395 2327 2432 ²⁰
2360 2409 2373 2425 ο
2411 2392 2591 2448 αὐτῶν
2624 2393 2668 2424 ³⁸
2702 2392 2761 2446 δὲ
2798 2392 2909 2446 τῶν
2927 2393 3143 2447 Γότθων
3167 2393 3547 2463 αὐτοκράτορα
3567 2388 3734 2462 εἶναι,

2146 2488 2242 2540 καὶ
2296 2486 2533 2556 μηδένας
2563 2485 2622 2552 ἐξ
2651 2483 2834 2539 αὐτῶν
2861 2484 3168 2554 ἀποστῆναι
3213 2484 3472 2548 θέλοντας
3495 2485 3590 2540 τὸν
3625 2485 3730 2556 βα-

2147 2580 2302 2635 σιλέα
2328 2579 2624 2651 δέχεσθαι,
2655 2580 2965 2649 συμμαχείν
2994 2577 3049 2634 δὲ
3100 2577 3180 2649 τῷ
3225 2577 3436 2648 βασιλεῖ
3471 2579 3553 2642 είς
3597 2580 3734 2646 πᾶν,

2147 2675 2176 2728 ὅ
2231 2691 2287 2727 τι
2317 2673 2550 2738 κελεύει,
2597 2671 2736 2742 πλὴν
2757 2671 2855 2724 ἐπὶ
2901 2671 3076 2740 μόνων
3115 2671 3227 2724 τῶν
3275 2670 3584 2740 Βανδήλων.

2217 2767 2286 2828 γ’.
2323 2759 2448 2813 Ὀτι
2471 2761 2498 2813 ὁ
2520 2757 2829 2826 Αὔγουστος
2847 2760 2892 2791 ³⁸
2921 2758 2951 2810 ὁ
2989 2757 3083 2812 τοῦ
3123 2759 3378 2830 Ὀρέστου
3403 2761 3519 2824 υίὸς
3547 2761 3726 2814 ἀκού-

2149 2865 2246 2912 σας
2279 2850 2504 2920 Ζήνωνα
2535 2848 2698 2903 πάλιν
2727 2849 2826 2919 τὴν
2857 2848 3140 2919 βασιλείαν
3169 2850 3579 2921 ἀνακεκτῆσθαι
3620 2852 3730 2922 τῆς

2148 2941 2284 3006 Ἕω,
2304 2942 2395 2994 τὸν
2423 2941 2750 2996 Βασιλίσκον
2769 2941 3061 3009 ἐλάσαντα,
3091 2942 3373 3012 ἠνάγκασε
3404 2944 3504 3014 τὴν
3533 2943 3737 3016 βουλὴν

2149 3031 2468 3088 ἀποστεῖλαι
2492 3033 2790 3104 πρεσϐείαν
2813 3034 3022 3104 Ζήνωνι
3059 3035 3456 3105 σημαίνουσαν,
3477 3036 3561 3100 ὡς
3595 3037 3738 3101 ίδίας

2155 3123 2253 3194 μὲν
2301 3123 2486 3187 αὐτοῖς
2517 3121 2794 3192 βασιλείας
2839 3123 2900 3177 οὐ
2935 3122 3066 3188 δέοι,
3114 3125 3296 3187 κοινὸς
3328 3124 3387 3178 δὲ
3422 3126 3733 3197 ἀποχρήσει

2155 3217 2316 3286 μόνος
2339 3214 2415 3271 ῶν
2448 3215 2806 3288 αὐτοκράτωρ
2838 3216 2925 3270 ἐπ’
2955 3215 3294 3287 ἀμφοτέροις
3339 3218 3455 3280 τοῖς
3501 3204 3728 3288 πέρασιί

2151 3308 2255 3362 Τὸν
2287 3308 2473 3378 μέντοι
2518 3307 2809 3380 Ὀδόακρον
2841 3306 2934 3362 ὑπ’
2960 3307 3144 3362 αὐτῶν
3169 3305 3575 3378 προϐεϐλῆσθαι
3607 3308 3728 3362 ικα-

2151 3399 2241 3454 νδν
2267 3401 2397 3454 ὄντα
2419 3399 2615 3464 σώζειν
2636 3399 2705 3452 τὰ
2731 3398 2864 3470 παρ’
2887 3397 3070 3463 αὐτοῖς
3096 3398 3422 3469 πράγματα,
3442 3398 3737 3471 πολιτικὴν

2150 3491 2345 3564 ἔχοντα
2373 3491 2588 3547 σύνεσιν
2616 3491 2754 3562 δμοῦ
2784 3491 2875 3546 καὶ¹
2898 3490 3139 3560 μάχιμον
3156 3491 3202 3522 ³³
3219 3503 3234 3518 ”
3264 3491 3360 3544 καὶ
3391 3490 3599 3544 δεῖσθαι
3633 3489 3736 3544 τοῦ

2151 3585 2400 3654 Ζήνωνος
2426 3583 2723 3654 πατρικίου
2748 3599 2809 3636 τε
2832 3581 2876 3614 ³⁸
2899 3580 3049 3652 αὐτῷ
3085 3580 3406 3635 ἀποστεῖλαι
3437 3580 3617 3648 ἀξίαν,
3636 3580 3741 3637 καὶ

2150 3675 2250 3749 τὴν
2273 3678 2381 3732 τῶν
2396 3676 2618 3732 Ἰταλῶν
2658 3675 2836 3748 τούτῳ
2864 3677 3077 3745 ἐφεῖναι
3103 3674 3390 3760 διοίκησιν.
3410 3673 3737 3743 Ἀφικνοῦν-

2150 3782 2241 3820 ται
2273 3765 2337 3837 δή
2367 3765 2560 3838 ἄνδρες
2591 3766 2689 3836 τῆς
2739 3764 2938 3835 βουλῆς
2967 3763 3067 3833 τῆς
3101 3764 3160 3817 έν
3199 3762 3385 3834 Ῥώμῃ
3417 3762 3642 3826 τούτους
3671 3763 3738 3827 ές

2151 3855 2448 3921 Βυζάντιον
2475 3854 2798 3924 κομίζοντες
2822 3853 2949 3916 τοὺς
2984 3853 3200 3922 λόγους,
3252 3852 3350 3906 καὶ⁷
3377 3853 3498 3915 ταῖς
3530 3853 3732 3916 αὐταῖς

2151 3945 2388 4017 ήμέραις
2417 3945 2483 3999 ὲκ
2506 3944 2601 3998 τοῦ
2626 3944 2892 4008 Νέπωτος
2921 3943 3166 4011 ἄγγελοι,
3195 3943 3305 3997 τῶν
3334 3959 3395 3996 τε
3420 3941 3731 4012 γεγενημέ-

2151 4055 2258 4092 νων
2295 4035 2828 4109 συνησθησόμενοι²⁸
2849 4033 2928 4107 τῷ
2959 4036 3171 4107 Ζήνωνι
3195 4033 3330 4106 ('56),
3368 4036 3464 4089 καὶ
3482 4033 3728 4102 δεόμενοι

2152 4129 2274 4202 ἅμα
2320 4130 2444 4192 ταῖς
2491 4129 2640 4192 ίσαις
2669 4127 2747 4199 τῷ
2781 4127 3004 4182 Νέπωτι
3055 4130 3368 4197 συμφοραῖς
3395 4122 3727 4196 χρησαμένῳ

2153 4218 2527 4274 συσπουδάσαι
2559 4217 2859 4290 προθύμως
2893 4215 3173 4289 βασιλείας
3217 4217 3538 4288 ἀνάκτησιν,
3589 4217 3733 4287 χρή-

2153 4311 2304 4382 ματά
2326 4327 2385 4366 τε
2432 4310 2528 4366 καὶ
2559 4309 2788 4382 στρατὸν
2831 4309 2926 4362 ἐπὶ
2976 4308 3155 4364 ταῦτα
3184 4307 3420 4375 διδόντα,
3477 4307 3571 4362 καὶ
3614 4310 3735 4373 τοῖς

2145 4401 2353 4469 ἀλλοις,
2385 4398 2468 4467 οἷς
2504 4401 2636 4468 δέοι,
2668 4399 3104 4456 συνεκπονοῦντα
3130 4401 3234 4471 τὴν
3263 4399 3512 4456 κάθοδον.
3539 4399 3735 4454 Ταῦτά

459 4497 698 4552 reditum
748 4495 816 4550 ad
857 4494 1145 4564 pristinam
1201 4491 1873 4565 fortunamaﬁpararet.
1918 4495 2045 4553 Hec

2149 4510 2208 4547 τε
2260 4491 2515 4560 λέξοντας
2561 4493 2591 4546 ὁ
2647 4492 2848 4555 Νέπως
2880 4490 3234 4547 ἀπέστελλεν.
3294 4492 3481 4562 Ζήνων
3518 4489 3576 4545 δὲ
3613 4491 3734 4553 τοῖς

457 4588 556 4657 qui
585 4587 866 4651 dicerent,
897 4584 1075 4655 Nepos
1111 4584 1282 4640 misit.
1304 4584 1375 4641 At
1413 4585 1564 4642 Zeno
1609 4585 1714 4654 bis,
1749 4588 1843 4658 qui
1876 4602 2042 4643 vene-

464 4686 610 4743 rant,
652 4677 766 4731 bmc
816 4689 1080 4744 responsa
1127 4675 1274 4731 dedit
1321 4693 1336 4731 :
1381 4676 1752 4743 senatoribus,
1804 4677 1925 4733 illos
1976 4691 2043 4734 ex

465 4768 674 4824 duobus
703 4782 850 4837 quos
873 4767 949 4821 ab
969 4763 1211 4823 Oriente
1229 4767 1590 4838 accepissent,
1623 4768 2044 4839 imperatoribus

462 4874 630 4914 unum
678 4857 973 4928 expulisse,
1021 4867 1077 4914 et
1126 4858 1474 4914 Anthemium
1529 4859 1817 4915 occidisse.
1887 4858 2043 4916 Nunc

459 4951 590 5020 quid
634 4950 738 5007 sibi
785 4948 932 5006 facto
970 4964 1107 5021 opus
1146 4959 1313 5017 esset,
1365 4950 1510 5022 ipsos
1535 4950 1677 5006 dixit
1710 4951 2040 5020 perspicere.

464 5043 796 5113 Imperatore
819 5042 962 5097 enim
991 5044 1284 5112 superstite
1309 5057 1414 5099 non
1445 5041 1608 5097 aliam
1627 5041 1830 5098 debere
1856 5041 2038 5100 valere

459 5136 806 5201 sententiam,
847 5149 1007 5204 quam
1048 5142 1107 5188 ut
1144 5133 1293 5189 illum
1336 5134 1646 5190 redeuntem
1693 5133 2026 5203 exciperent.

457 5230 630 5284 Adea
653 5243 802 5295 vero,
829 5242 950 5298 quae
981 5226 1255 5284 Barbarus
1282 5229 1588 5293 nuntiarat,
1621 5237 1770 5283 recte
1809 5239 1865 5283 et
1889 5227 2036 5298 juste

459 5320 750 5388 lat-turum,
795 5322 843 5378 si
890 5335 920 5375 a
964 5321 1166 5390 Nepote
1215 5321 1562 5391 imperatore}
1590 5317 1842 5377 Odoacer
1869 5319 2043 5390 patri-

2140 4586 2367 4656 ἥκουσι,
2399 4586 2510 4648 τοῖς
2543 4584 2643 4654 μὲν
2675 4583 2785 4637 ἀπὸ
2813 4583 2913 4654 τῆς
2937 4583 3134 4655 βουλῆς
3162 4583 3502 4653 ἀπεκρίνατο
3529 4580 3732 4648 ταῦτα,

2137 4677 2222 4740 .ώς
2244 4674 2337 4729 δύο
2355 4676 2421 4731 ὲκ
2444 4674 2546 4746 τῆς
2579 4673 2694 4730 Ἕω
2715 4674 2970 4745 βασιλέας
2998 4673 3256 4738 λαϐόντες
3275 4673 3371 4727 τὸν
3396 4674 3498 4743 μὲν
3529 4671 3731 4742 ιξηλά-

2146 4766 2631 4839 κασιν,’Δνθέμιον
2660 4767 2718 4822 δὲ
2751 4766 3082 4822 ἀπέκτειναν
3102 4782 3118 4798 ⁸
3139 4767 3235 4819 καὶ
3262 4765 3361 4820 νῦν
3379 4763 3441 4818 τὸ
3471 4763 3732 4834 ποιητέον

2147 4861 2346 4926 αὐτοὺς
2373 4859 2479 4930 ἔφη
2509 4859 2825 4929 γινώσκειν·
2845 4859 2909 4914 οὑ
2932 4859 3042 4929 γὰρ
3073 4858 3140 4913 ἂν
3169 4856 3442 4930 βασιλέως
3470 4855 3554 4909 ἔτι
3573 4854 3730 4918 ὄντος

2146 4952 2342 5022 ἑτέραν
2377 4951 2747 5022 mansuem"
2776 4950 3004 5022 γνώμην
3050 4949 3085 5021 ἢ
3135 4947 3394 5004 κατιόντα
3409 4948 3454 4978 ’τ
3491 4943 3731 5016 προσδέ-

2142 5043 2362 5116 χεσθαι.
2382 5042 2508 5107 Τοῖς
2529 5042 2587 5096 δὲ
2620 5044 2686 5096 ὲκ
2718 5041 2813 5096 τοῦ
2837 5041 3126 5114 Βαρϐἀρου
3147 5041 3228 5096 ὅτι
3250 5037 3432 5102 καλῶς
3464 5034 3662 5108 πράξοι
3682 5034 3729 5066 ⁸⁸

2149 5133 2305 5206 παρὰ
2338 5131 2431 5188 τοῦ
2466 5130 2733 5204 βασιλέως
2765 5133 3026 5193 Νέπωτος
3057 5131 3157 5203 τὴν
3195 5131 3358 5196 ἀξίαν
3397 5127 3494 5182 τοῦ
3529 5142 3732 5195 πατρι-

2148 5228 2270 5283 κίου
2293 5225 2588 5296 δεξάμενος
2610 5225 2922 5296 Ὀδόακρος.
2944 5223 3283 5294 Ἐκπέμψειν
3313 5221 3422 5292 γὰρ
3449 5219 3635 5282 αὐτὸν,
3677 5217 3731 5270 εί

2153 5321 2231 5392 μὴ
2262 5319 2464 5382 Νέπως
2501 5316 2822 5388 ὲπεφθάκει.
2860 5316 3137 5370 Ἐπαινεῖν
3185 5314 3262 5380 δὲ,
3292 5314 3366 5378 ώς
3395 5311 3570 5384 ἀρχὴν
3605 5310 3731 5362 ἐπι-

1765 5455 2000 5512 VAnuE
2036 5433 2446 5511 Lacrimis.

537 5573 816 5655 ⁸⁸-ᾲδόλως
848 5573 936 5638 Β.,
965 5573 1173 5655 ἀδολοὶ
1199 5572 1347 5641 vnlg.
1502 5573 1768 5655 ἐνέδωκαν
1824 5572 1925 5655 ΝἈ
1949 5574 2258 5655 συνέδωκαν
2285 5572 2430 5655 vulg.
2476 5573 2550 5655 ."
2574 5572 2656 5655 είς
2680 5573 2779 5642 τὴν
2808 5573 3014 5655 ’ἑτέραν
3049 5569 3292 5655 γῆν]ἐίς
3315 5566 3729 5655 την-σφετέραν

459 5643 564 5710 γῆν
594 5643 738 5714 Val.,
759 5645 921 5714 idque
947 5654 1066 5713 post
1095 5645 1369 5714 θέλοντας.
1417 5647 1459 5677 ἰ
1492 5646 1655 5714 αὑτὸν
1678 5645 1827 5712 vulg.
1881 5647 1925 5676 “
1952 5647 1979 5696 ὁ
2003 5649 2045 5699 Α

2173 5647 2200 5698 6
2237 5662 2288 5699 τ.
2335 5646 2412 5698 ’0.
2440 5643 2514 5696 υί.
2552 5643 2712 5714 male,
2735 5643 2893 5714 culpa
2923 5643 3202 5714 eclogarii,
3235 5657 3333 5714 pro

1946 5715 1991 5746 ’⁵
2040 5711 2501 5784 συνησθησόμενοι
2548 5711 2795 5784 Cantocl.
2830 5711 3250 5784 συνθησόμενοι
3287 5713 3432 5783 vulg.

459 5714 507 5745 ⁸³
550 5713 813 5784 μάχιμον]
837 5712 976 5768 em
1011 5715 1137 5770 add.
1181 5712 1245 5767 Ν.
1303 5715 1351 5746 ’⁵
1397 5733 1455 5767 τε
1490 5713 1576 5779 Β-ο
1621 5715 1678 5767 δὲ
1723 5716 1869 5784 νυιεο

3407 5639 3625 5696 doacro.
3652 5639 3722 5693 N.

3508 5711 3554 5742 “
3603 5709 3726 5763 είσ-

458 5781 762 5850 ηγήσεσθαι
794 5781 948 5853 του).
981 5784 1042 5838 Β.
1115 5787 1159 5817 ’⁷
1187 5785 1440 5839 κατιόντα
1470 5784 1588 5840 Val.
1617 5781 1855 5839 κατιόντι
1912 5786 2046 5856 ναις

2149 5781 2179 5817 εδ
2211 5781 2435 5855 πράξοιε
2471 5783 2618 5854 vulg.
