4076 6444
323 314 429 378 785

1113 311 1207 373 DE
1246 309 1818 374 LEGATIONIBUS
1851 307 2210 372 GENTIUM
2249 310 2350 370 AD
2390 308 2776 372 ROMANOS.

3480 314 3586 375 786

327 425 593 477 δέδεικται
615 420 823 492 ταύτην
853 406 962 475 ποῦ’
992 421 1089 476 τὸν
1105 423 1310 494 κόσμον
1342 423 1635 494 φυλάττειν
1664 424 1758 478 τὸν
1789 424 1903 485 τοῖς
1932 461 1941 486 Α

2026 423 2182 480 :iatus
2235 424 2553 494 dignitatem
2603 422 2921 491 susciperet.
2976 421 3106 475 Eam
3157 437 3215 478 se
3275 423 3349 478 illi
3390 427 3586 480 missu-

337 512 636 585 Ῥωμαίοις
665 513 1015 583 προσήκοντα
1037 527 1050 543 ’
1086 512 1182 568 καὶ⁹
1204 512 1484 567 πιστεύειν
1524 513 1798 578 ἐντεῦθεν,
1831 513 1906 577 ὡς

334 607 430 661 καὶ
459 605 555 660 τὸν
587 604 819 676 βασιλέα
864 603 958 658 τὸν
992 604 1172 660 ταῦτα
1211 607 1522 676 τιμήσαντα
1559 605 1910 670 καταδέξοιτο

329 701 550 764 θᾶττον,
601 697 653 751 εί
704 697 882 750 ποιεῖν
934 696 1076 752 θέλοι
1113 697 1182 751 τά
1209 697 1415 752 δίκαια.
1471 697 1582 752 Καὶ
1639 697 1911 768 βασίλειον

329 789 566 861 γράμμα
619 788 749 861 περὶ
796 781 873 843 ῶν
919 789 1180 858 ἠϐούλετο
1212 788 1449 855 πέμπων
1478 789 1556 858 τῷ
1603 789 1906 860 Ὀδοάκρῳ,

329 882 620 954 πατρίκιον
648 882 706 936 ὲν
724 880 902 953 τούτῳ
927 882 1004 952 τῷ
1028 882 1322 953 γράμματι
1353 883 1704 954 ἐπωνόμασε.
1723 882 1909 937 Ταῦτα

327 973 385 1026 δὲ
407 972 808 1037 συνεσπούδαζε
855 971 934 1042 τῷ
963 973 1190 1028 Νέπωτι
1213 973 1243 1026 ὁ
1276 973 1463 1044 Ζήνων
1485 977 1550 1030 ὲκ
1578 975 1690 1030 τῶν
1713 973 1909 1029 ἑαυτοῦ

330 1063 521 1118 κακῶν
545 1063 617 1117 τά
638 1061 849 1136 ἐκείνου
885 1063 1172 1134 οίκτείρων
1198 1066 1294 1118 καὶ
1322 1065 1384 1118 τό
1427 1083 1493 1135 γε
1508 1068 1553 1099 ⁸⁸
1594 1065 1774 1121 κοινδν
1810 1066 1911 1137 τῆς

327 1156 502 1229 τύχης
539 1157 620 1220 είς
671 1155 932 1210 ὑπόθεσιν
963 1155 1102 1226 ἔχων
1133 1154 1214 1228 τῷ
1241 1155 1595 1227 δυστυχοῦντι
1643 1157 1911 1228 συνάχθεο

333 1249 482 1304 σθαι.
523 1249 676 1320 ’Ᾱμα
714 1248 774 1302 δὲ
811 1249 908 1303 καὶ
951 1249 1158 1321 Βηρίνα
1192 1251 1575 1320 συνεπώτρυνε
1601 1251 1812 1320 τοῦτον,
1841 1253 1908 1323 τῇ

331 1343 598 1408 Νέπωτος
624 1343 849 1413 γυναικὶ
870 1343 1126 1412 συγγενεῖ
1149 1339 1287 1415 οὔσῃ
1319 1342 1719 1398 συσπεύδουσα.

403 1604 467 1661 δ’.
495 1607 624 1661 Ὅτι
674 1607 734 1659 ὲν
775 1604 856 1676 τῷ
897 1605 1027 1676 ἑξῆς
1069 1605 1181 1659 ἔτει
1221 1604 1316 1658 ἐπὶ
1361 1605 1603 1675 Ζήνωνος
1652 1577 1913 1676 πρέσϐεις

333 1692 498 1769 ἦλθον
530 1697 598 1749 ὲκ
638 1695 864 1768 Θρᾴκης
888 1696 1000 1750 τῶν
1035 1696 1388 1750 ὑποσπόνδων
1425 1695 1662 1760 Γότθων,
1715 1693 1810 1758 οὒς
1847 1692 1912 1764 δὴ

340 1789 429 1841 καὶ
460 1787 814 1859 φοιδεράτους
855 1790 908 1843 οί
961 1789 1226 1859 Ῥωμαῖοι
1285 1787 1567 1855 καλοῦσιν,
1627 1785 1910 1853 ἀξιοῦντες
1938 1775 1988 1836 Β

339 1879 560 1950 Ζήνωνα
580 1877 892 1949 Θευδερίχῳ
919 1877 1252 1932 σπείσασθαι
1273 1877 1354 1947 τῷ
1384 1876 1541 1932 παιδὶ
1559 1875 1822 1948 Τριαρίου
1838 1875 1905 1940 ³ο,

334 1970 538 2040 ἥσυχον
566 1969 805 2023 ἐθέλοντι
854 1968 1127 2040 διεξάγειν
1143 1971 1209 2002 ³⁰”
1250 1969 1343 2022 τδν
1398 1968 1514 2039 βίον
1561 1969 1662 2030 καὶ
1702 1967 1912 2039 μηδένα

331 2059 572 2131 πόλεμον
617 2062 731 2124 τοῖς
791 2062 995 2125 κοινοῖς
1031 2058 1288 2131 αἴρεσθαι
1319 2061 1666 2131 πράγμασιν.
1696 2059 1911 2125 Ἢξίουν

335 2152 395 2203 δὲ
424 2151 518 2206 καὶ
550 2154 798 2220 σκοπεῖν,
851 2152 955 2206 ὅσα
995 2151 1258 2222 πολέμιος
1303 2151 1381 2205 ὣν
1423 2150 1733 2222 κατέϐλαψε
1771 2151 1912 2206 Ῥω-

338 2241 560 2312 μαίους,
590 2243 686 2297 καὶ
723 2243 826 2297 ὅσα
866 2243 1190 2314 Θευδέριχος
1214 2245 1243 2297 ὁ
1272 2242 1369 2297 τοῦ
1409 2243 1741 2315 Βαλαμήρου
1785 2243 1914 2305 παῖς

336 2333 647 2404 στρατηγὸς
671 2332 748 2387 ὣν
775 2335 869 2388 καὶ
893 2333 1047 2404 φίλος
1069 2335 1191 2398 ταῖς
1217 2333 1438 2389 πόλεσιν
1461 2334 1794 2406 ἐλυμήνατο,
1817 2335 1914 2412 καὶ

339 2426 418 2497 μὴ
445 2425 543 2481 νῦν
569 2427 870 2499 ἀπεχθείας
913 2427 1154 2492 παλαιὰς
1181 2429 1314 2500 δρᾷν
1347 2427 1572 2499 μᾶλλον,
1605 2428 1640 2500 ἢ
1679 2429 1827 2492 ὅπως
1859 2446 1915 2484 τι

337 2519 418 2590 τῷ
447 2519 612 2590 κοινῷ
649 2521 860 2589 γένοιτο
885 2519 1166 2584 παντελῶς
1206 2520 1504 2592 ὠφέλιμον.
1552 2519 1732 2584 Εὐθὺς
1757 2515 1850 2574 οὖν
1887 2521 1917 2574 ὁ

269 2672 288 2694 ο
341 2613 596 2682 βασιλεὺς
639 2613 741 2684 τὴν
787 2613 983 2684 βουλὴν
1043 2612 1391 2682 συγκαλέσας
1441 2611 1665 2683 γνώμην
1720 2614 1911 2678 αὐτοῖς

341 2703 678 2777 προύθηκεν,
707 2707 737 2759 ὅ
761 2723 814 2759 τι
841 2705 952 2760 δέοι
983 2705 1231 2776 ποιῆσαι.
1263 2706 1328 2758 Oi
1360 2704 1418 2760 δὲ
1446 2705 1780 2776 ἀμφοτέροις
1815 2705 1917 2777 μὲν

339 2795 443 2848 οὐκ
463 2795 670 2864 ἔφασαν
696 2795 882 2849 ἱκανὸν
911 2795 971 2850 τὺ
996 2795 1257 2866 δημόσιον
1281 2791 1420 2849 εἶναι
1438 2795 1722 2862 συντάξεις
1740 2813 1801 2850 τε
1823 2797 1918 2851 καὶ

347 2887 544 2955 μισθδν
573 2887 884 2958 ἐπαρκέσαι
917 2887 1246 2958 προχείρως,
1267 2887 1433 2941 ὁπότε
1473 2903 1538 2956 γε
1571 2887 1706 2958 μηδὲ
1735 2887 1921 2950 αὐτοῖς

347 2977 531 3048 μόνοις
573 2980 690 3044 τοῖς
736 2978 1106 3051 στρατιώταις
1147 2977 1473 3050 ἀμέμπτους
1502 2978 1785 3034 ὑποτελεῖν
1821 2980 1922 3043 τὰς

345 3068 613 3140 χορηγίας
657 3068 957 3140 δυνάμεθα.
995 3067 1290 3141 Ὀπότερον
1334 3069 1394 3122 δὲ
1440 3069 1621 3124 αὐτῶν
1656 3069 1739 3123 δεῖ
1768 3070 1922 3140 φίλον

346 3136 700 3228 προελέσθαι,
743 3136 936 3213 τούτου
972 3158 1164 3232 κύριον
1195 3136 1374 3215 ⁷αὑτὸν
1401 3160 1629 3232 βασιλέα
1658 3136 1924 3218 καθίστα·
1947 3136 1991 3196 c

348 3249 473 3303 σθαι
493 3249 559 3302 ³⁸.
593 3250 651 3303 '0
678 3249 736 3303 δὲ
767 3250 864 3303 ἐπὶ
891 3252 993 3322 τὴν
1021 3251 1196 3323 αὐλὴν
1220 3252 1348 3318 τούς
1376 3270 1438 3308 τε
1474 3253 1620 3309 κατά
1641 3254 1741 3326 τὴν
1765 3255 1924 3310 πόλιν

346 3341 696 3412 στρατιώτας
745 3341 1010 3408 κελεύσας
1027 3345 1073 3376 ³³
1127 3343 1222 3398 καὶ
1266 3346 1367 3408 τὰς
1425 3345 1624 3416 σχολάς
1681 3346 1922 3416 ἁπάσας,

351 3433 560 3497 ἀναϐὰς
585 3434 678 3487 ἐπὶ
709 3433 863 3504 βῆμα
900 3435 1071 3488 πολλὰ
1109 3435 1206 3489 τοῦ
1237 3427 1566 3507 Θευδερίχου
1599 3438 1923 3509 κατηγόρει⁹

344 3521 404 3572 ὲν
459 3518 673 3585 τούτοις
711 3523 864 3586 ὅπως
893 3539 952 3578 τε
983 3525 1097 3590 τοῖς
1136 3523 1432 3596 Ῥωμαίοις
1493 3527 1687 3597 ἐχθρὸς
1717 3528 1926 3582 ἀνωθεν

345 3613 457 3684 εἴη,
501 3617 597 3669 καὶ
644 3615 721 3680 ῶς
764 3617 1072 3689 ἐλυμήνατο
1117 3619 1232 3684 τοῖς
1273 3619 1374 3691 τὴν
1424 3620 1649 3693 Θρᾴκην
1689 3620 1924 3689 οἰκοῦσι,

349 3707 540 3777 χεῖράς
586 3725 646 3761 τε
692 3707 1016 3778 ἀποτέμνων
1069 3706 1187 3779 ἄμα
1243 3708 1321 3780 τῷ
1376 3708 1660 3781 Ἀρματίῳ
1715 3711 1810 3765 καὶ
1863 3710 1926 3765 τὸ

351 3795 634 3868 γεωργοῦν
653 3798 698 3830 ⁸³
749 3797 896 3852 sm
933 3799 1168 3869 ποιήσας
1196 3799 1498 3853 ἀνάστατον
1519 3815 1533 3830 ο
1564 3800 1716 3864 ὅπως
1747 3817 1805 3856 τε
1832 3817 1929 3856 τν-

358 3886 574 3954 ραννίδα
610 3887 777 3941 πάλιν
815 3888 910 3942 επὶ
935 3890 1049 3952 τοῖς
1087 3889 1286 3952 κοινοῖς
1313 3889 1412 3960 τὴν
1439 3889 1768 3944 Βασιλίσκου
1805 3893 1908 3945 ἐπ·

361 3979 568 4050 ήγειρε,
612 3980 709 4033 καὶ
755 3979 832 4044 ὡς
871 3979 1002 4043 τοὺς
1037 3980 1376 4052 στρατιώτας
1403 3983 1610 4036 ἐκεῖνον
1642 3982 1929 4038 ἀνάπεισεν

355 4073 424 4123 ὲκ
474 4071 655 4125 ποδῶν
685 4071 1045 4142 ποιήσασθαι,
1087 4071 1165 4137 ὡς
1193 4072 1304 4128 τῶν
1331 4073 1547 4128 Γότθων
1585 4074 1926 4148 ἀρκούντων.

354 4161 466 4214 Καὶ
494 4160 592 4217 νῦν
623 4159 688 4232 δὴ
718 4160 1121 4235 πρεσῦεύεσθαι
1147 4162 1250 4217 οὐκ
1275 4163 1500 4234 είρηνης
1522 4179 1591 4231 γε
1634 4164 1858 4235 μᾶλλον,
1892 4165 1927 4236 ἢ

354 4253 692 4325 στρατηγίας
737 4253 1018 4324 δεόμενον.
1057 4272 1078 4308 ι
1113 4255 1218 4309 Ἢν
1249 4253 1343 4308 οὖν
1374 4254 1527 4325 ἔχετε
1569 4255 1798 4327 γνώμην
1834 4257 1930 4312 καὶ

354 4347 514 4416 ὑμεῖς
567 4347 696 4416 περὶ
759 4344 1007 4413 τούτων,
1064 4343 1304 4416 ταύτην,
1369 4345 1514 4414 ἔφη,
1586 4348 1721 4418 παρ’
1776 4347 1930 4418 ὑμῶν

2013 531 2155 581 rum,
2191 515 2295 570 nisi
2331 513 2508 584 Nepos
2531 514 2872 584 praevenerit.
2897 511 3141 569 Laudare
3176 531 3235 571 se
3272 531 3418 583 eum,
3439 522 3586 589 quod

2004 607 2114 677 jam
2144 620 2351 662 morem
2391 604 2652 660 Romanis
2673 606 3088 661 convenientem
3115 621 3334 662 servare
3369 609 3584 680 incepe-

2013 699 2084 751 rit
2129 697 2357 766 ideoque
2409 697 2704 760 conﬁdere,
2752 695 2890 763 fore,
2945 705 3004 750 ut
3048 695 3448 766 imperatorem,
3496 701 3593 768 qui

2013 787 2162 842 illum
2203 789 2306 842 hoc
2351 787 2557 843 honore
2607 785 2873 853 aﬂ‘ecerit,
2904 785 2950 841 si
2979 787 3195 855 quidem
3226 788 3370 855 justa
3406 788 3586 843 facere

2013 881 2194 947 vellet,
2225 895 2387 949 quam
2414 881 2647 950 primum
2676 879 2960 946 reciperet.
2999 878 3065 932 Et
3097 879 3149 931 in
3178 877 3372 933 litteris
3401 879 3586 948 regiis,

2011 972 2208 1043 quibus
2235 972 2485 1028 Odoacro
2515 971 2843 1026 voluntatem
2897 985 3050 1025 suam
3082 969 3436 1040 signiﬁcaret,
3464 987 3586 1026 eum

2013 1067 2302 1135 patricium
2336 1065 2660 1121 nominavit.
2708 1064 2839 1132 Quae
2868 1064 3015 1119 Zeno
3061 1063 3282 1134 Nepotis
3314 1080 3477 1120 causa
3507 1065 3589 1120 in-

2011 1157 2212 1224 stituit,
2241 1164 2464 1226 propter
2511 1170 2609 1210 sua
2661 1153 2880 1224 Nepotis
2912 1154 3177 1209 malorum
3222 1155 3494 1219 misertus,
3536 1165 3591 1210 et

2011 1262 2352 1303 communem
2399 1245 2678 1303 hominum
2713 1255 2919 1301 sortem
2953 1254 3215 1315 reputans
3245 1245 3314 1299 ad
3359 1244 3590 1299 aliorum

2013 1339 2540 1396 commiserationem
2573 1339 2858 1394 adductus.
2883 1337 2960 1392 Eo
2989 1352 3205 1408 quoque
3236 1337 3384 1391 illum
3412 1337 3592 1408 impu-

2014 1431 2076 1488 lit
2101 1429 2322 1499 Verina,
2348 1446 2470 1502 qua
2517 1429 2741 1503 Nepotis
2775 1430 2953 1497 uxori,
2999 1429 3155 1498 cujus
3201 1438 3320 1485 erat
3353 1443 3592 1485 consan-

2015 1523 2228 1590 guinea.
2258 1522 2493 1578 favebat.

2086 1616 2140 1670 ι.
2171 1616 2259 1683 (Α.
2289 1615 2497 1681 0.477,
2525 1617 2640 1669 iud.
2671 1613 2984 1680 15,Zenon.
3011 1612 3090 1684 4.)
3119 1611 3428 1682 Insequenti
3450 1626 3608 1665 anno

2015 1704 2288 1760 Zenonem
2324 1705 2483 1775 legati
2523 1720 2553 1758 a
2585 1704 2779 1760 Gothis
2827 1705 3102 1771 adierunt,
3129 1704 3223 1774 qui
3273 1703 3325 1756 in
3363 1701 3595 1756 Thracia

2015 1794 2378 1850 consederant
2437 1804 2492 1848 et
2549 1792 2757 1850 foedere
2821 1808 2942 1848 cum
3003 1791 3264 1847 Romanis
3323 1790 3617 1858 conjuncti-

2015 1893 2173 1940 erant
2203 1902 2218 1941 :
2251 1884 2351 1940 hos
2384 1883 2679 1940 fmderatos
2725 1881 2957 1939 Ποιηαηί
2993 1893 3208 1938 vocant.
3241 1881 3504 1942 Orabam,
3540 1888 3616 1932 ut:

2018 1976 2358 2033 reconciliari
2422 1976 2578 2031 vellet
2631 1958 3032 2040 Theuderichu,
3090 1973 3278 2028 l‘riarii
3325 1972 3458 2035 lilio,
3510 1971 3618 2025 cuiu

2019 2068 2154 2124 nihil
2189 2077 2334 2125 esset
2385 2068 2640 2140 Optatius,
2680 2081 2844 2137 quam
2889 2066 3235 2136 tranquillam
3275 2074 3330 2122 et
3355 2065 3611 2134 quietam.

2018 2161 2185 2216 vitam
2242 2163 2464 2227 ducere,
2493 2173 2670 2231 neque
2719 2159 2888 2214 armis
2943 2158 3329 2228 rempublicam
3375 2168 3620 2210 vexare..

2020 2251 2153 2307 Illud
2177 2252 2343 2307 etiam
2370 2266 2492 2307 eum
2523 2252 2872 2307 considerare
2898 2250 3202 2320 jusserunt,
3225 2256 3429 2319 quanta
3459 2244 3623 2300 mala-..

2021 2344 2158 2414 ipse,
2189 2357 2312 2397 cum
2354 2342 2528 2399 hostis
2564 2341 2883 2407 exstitisset,
2918 2339 3288 2395 Romanorum
3319 2339 3482 2393 rebus
3515 2344 3602 2390 at-

2022 2435 2258 2498 tulisset,
2288 2441 2344 2490 et
2372 2441 2505 2503 quot
2545 2433 2708 2489 urbes
2752 2431 3186 2497 Theudericbus,
3219 2428 3491 2484 Balameri
3537 2428 3604 2482 lio

2022 2527 2148 2594 lius,
2182 2526 2274 2597 qui
2305 2525 2414 2580 dux
2441 2532 2499 2581 et
2525 2525 2732 2580 amicus
2761 2523 3064 2594 appellatus
3085 2533 3250 2588 esset,
3283 2520 3607 2582 evertisset;

2023 2635 2202 2690 neque
2229 2627 2338 2674 tam
2360 2627 2598 2675 veterem
2647 2615 2988 2673 inimicitiam
3020 2613 3412 2684 respiciendam
3457 2623 3601 2673 esse,

2024 2726 2186 2784 quam
2245 2724 2588 2766 communem
2644 2710 2886 2766 omnium
2937 2707 3247 2764 utilitatem.
3301 2702 3605 2762 Coniestim

2025 2804 2190 2875 igitur
2225 2804 2520 2876 imperator
2549 2811 2799 2858 senatqu
2848 2799 3190 2865 convocavit,
3227 2807 3284 2854 et
3333 2798 3450 2852 haec
3494 2795 3602 2849 illis

2025 2895 2331 2967 proposuit,
2363 2905 2423 2950 ut
2446 2893 2550 2950 sibi
2576 2891 2864 2949 consilium
2894 2892 3113 2957 darent,
3136 2888 3267 2958 quid
3299 2887 3441 2942 facto
3468 2901 3609 2954 opus

2027 2993 2192 3042 esset.
2256 2983 2550 3042 Senatores
2603 2998 2734 3039 vero
2788 2981 3064 3047 dixerunt,
3111 2980 3319 3035 reditus
3362 2977 3610 3048 publicos

2032 3077 2256 3134 minime
2282 3076 2528 3133 sullicere
2551 3074 2617 3132 ad
2639 3074 2910 3145 stipendia
2935 3082 3184 3143 prompte
3206 3069 3454 3140 utrisque
3480 3083 3611 3136 sup-

2029 3169 2340 3239 peditanda,
2391 3183 2513 3225 cum
2559 3181 2628 3223 ne
2669 3177 2780 3222 tum
2824 3165 3041 3235 quidem
3091 3162 3357 3218 militibus
3422 3161 3597 3214 vir-tus

2028 3261 2312 3316 commode
2337 3259 2583 3332 praestari
2612 3265 2817 3328 posset.
2843 3257 2981 3312 Cum
3009 3269 3118 3325 quo
3144 3268 3279 3310 vero
3307 3261 3373 3308 ex
3399 3252 3611 3313 duobus

2029 3353 2328 3409 amicitiam
2361 3353 2647 3408 instituere
2688 3357 2992 3419 praestaret,
3040 3347 3094 3400 id
3136 3347 3188 3401 in
3237 3345 3404 3401 solius
3441 3345 3612 3412 impe—

2032 3446 2230 3500 ratoris
2265 3445 2496 3500 arbitrio
2527 3441 2848 3498 consistere.
2882 3439 2940 3494 In
2991 3439 3169 3493 aulam
3219 3451 3433 3506 quoque
3476 3450 3611 3490 con-

2032 3536 2243 3591 vocatis
2280 3534 2544 3590 militibus
2571 3542 2626 3588 et
2675 3530 2930 3586 erunibus
2973 3528 3196 3592 scholis,
3228 3541 3453 3582 ascenso
3482 3540 3610 3593 sug-

2031 3637 2206 3700 gestu,
2235 3626 2403 3681 multa
2435 3626 2502 3680 de
2557 3621 2936 3678 Theudericho
2978 3627 3203 3689 questus
3231 3626 3335 3683 est,
3375 3615 3613 3670 maxime

2030 3720 2174 3792 quod
2188 3719 2514 3789 jampridem
2534 3717 2902 3772 Romanorum
2938 3712 3110 3768 hostis
3133 3711 3450 3774 exstitisset,
3467 3709 3612 3778 quod

2030 3812 2278 3867 Thracia:
2307 3810 2515 3865 incolas
2543 3808 2880 3878 depraedatus
2906 3805 3120 3873 fuisset,
3151 3803 3311 3874 quod:
3332 3802 3636 3857 Harmatio.

2033 3919 2228 3960 manus
2275 3910 2645 3972 amputasset;
2689 3899 2833 3970 quod
2862 3913 3026 3954 omne
3055 3897 3416 3968 agricolarum
3447 3908 3635 3965 genus.

2032 3994 2252 4050 sedibus
2284 3993 2398 4048 suis
2447 3990 2763 4061 expulisset,
2789 3989 2935 4059 quod
2972 3987 3222 4044 Basilisci
3269 3986 3628 4058 tyrannidem.

2033 4085 2088 4140 in
2143 4083 2531 4154 rempublicam
2571 4081 2889 4149 invexisset,
2920 4079 3115 4135 deinde
3141 4079 3208 4135 ad
3240 4077 3480 4147 ejusdem
3511 4091 3618 4132 cae-

2035 4174 2158 4229 dem
2214 4173 2416 4228 milltes
2470 4171 2804 4242 instigasset,
2850 4168 2960 4241 95
3014 4176 3267 4238 tanquam
3315 4167 3415 4223 soli
3454 4165 3617 4221 Gothi

2036 4264 2370 4320 sufﬁcerent.
2406 4261 2473 4316 Et
2497 4257 2644 4316 nunc
2671 4261 2877 4330 legatos
2903 4260 2971 4313 ad
3000 4272 3062 4313 se
3096 4259 3334 4321 mittere,
3373 4271 3478 4309 non
3505 4263 3615 4307 tam

2036 4365 2096 4410 ut
2119 4369 2330 4424 pacem,
2360 4367 2524 4422 quam
2553 4362 2614 4405 ιιι
2651 4349 2925 4406 exercitus
2953 4347 3248 4418 imperium
3293 4344 3613 4414 postularet.

356 4436 589 4490 ἀκοῦσαι
640 4435 965 4506 βουλόμενος
1010 4439 1129 4492 νυνὶ
1185 4437 1560 4509 παρεκάλεσα,
1605 4438 1763 4502 εἰδὼς
1815 4440 1928 4492 τῶν

2039 4467 2059 4501 ι
2095 4447 2250 4503 Nune
2301 4446 2501 4515 igitur,
2556 4442 2772 4512 inquit,
2846 4455 3005 4511 quam
3069 4438 3391 4494 sententiam
3457 4447 3621 4502 super

359 4528 627 4599 βασιλέων
655 4525 881 4594 τούτους
903 4529 1165 4601 ἀσφαλῶς
1194 4532 1485 4600 πράττειν,
1527 4531 1579 4585 οῖ
1609 4531 1676 4586 ἂν
1703 4533 1771 4586 τὰ
1811 4533 1934 4602 βου-

358 4619 608 4689 λεύματα
633 4621 748 4684 τοῖς
775 4621 1140 4691 στρατιώταις
1169 4619 1542 4676 κοινώσουσιν.
1573 4640 1593 4674 ι
1645 4622 1714 4676 Oi
1763 4623 1822 4676 δὲ
1866 4619 1937 4695 ἧς

359 4709 642 4789 καῖέτεινε
695 4709 1035 4780 κατηγορίας
1078 4708 1412 4774 ἀκούσαντες
1463 4710 1562 4766 καὶ
1610 4713 1677 4766 ἐκ
1728 4712 1937 4785 ταύτης

236 4854 247 4866 ,
357 4801 698 4871 διδαχθέντες
719 4801 748 4853 ὃ
774 4801 914 4873 χρῆν
940 4801 1368 4873 ἀποκρίνασθαι,
1386 4803 1588 4866 πάντες
1605 4801 1936 4877 ἀνεϐόησαν,

360 4891 554 4962 ἐχθρὸν
581 4886 724 4946 εἶναι
737 4890 1032 4963 Ῥωμαίοις
1059 4892 1383 4964 Θευδέριχον
1407 4893 1504 4948 καὶ
1531 4895 1745 4959 πάντας
1772 4897 1827 4950 εῖ
1851 4914 1938 4962 τις

361 4984 559 5054 ἐκείνῳ
593 4984 948 5055 συνέστηκεν.
974 4983 1050 5038 Οὐ
1083 4985 1266 5054 μέντοι
1299 4986 1414 5048 τοῖς
1438 4984 1706 5055 πρέσσεσι
1738 4987 1943 5058 ταύτην

363 5075 526 5138 εὐθὺς
552 5073 754 5132 totuer
792 5074 1090 5147 ἀπόκρισιν
1115 5077 1146 5130 ὁ
1177 5076 1388 5148 Ζήνων,
1416 5077 1534 5132 ἀλλ’
1558 5080 1799 5150 ἐπεῖχεν,
1838 5081 1945 5146 ἓως

363 5166 426 5220 τὸ
448 5166 614 5221 πλέον
643 5166 870 5223 ἀκούσει
895 5168 1003 5222 τῶν
1025 5167 1244 5232 ἔξωθεν.
1262 5168 1351 5222 Ἐν
1365 5167 1543 5239 τούτῳ
1564 5170 1624 5224 δὲ
1639 5173 1945 5242 γράφοντες

362 5259 434 5312 τὰ
465 5259 616 5314 ἔνδον
647 5259 910 5330 γινόμενα
938 5259 1051 5313 τῶν
1095 5263 1154 5314 ὲν
1178 5263 1246 5331 τῇ
1292 5261 1447 5316 πόλει
1474 5261 1624 5326 τινὲς
1645 5263 1724 5332 τῷ
1751 5265 1946 5318 Θευδο-

368 5351 506 5421 ρίχῳ
531 5351 804 5414 ἑάλωσαν.
833 5351 1096 5422 ’Δνθιμός
1123 5370 1182 5406 τε
1215 5353 1403 5424 ἰατρὸς
1440 5356 1536 5407 καὶ
1565 5336 1943 5426 Μαρκελλῖνος

369 5445 464 5499 καὶ
516 5445 813 5514 Στέφανος.
873 5445 986 5498 Καὶ
1032 5445 1094 5499 οὐ
1161 5446 1322 5516 μόνον
1382 5447 1593 5502 ἑαυτῶν
1646 5448 1942 5515 ἐπιστολὰς

2045 4539 2130 4595 his
2153 4537 2348 4593 dicturi
2374 4537 2515 4601 sitis,
2545 4533 2732 4590 audire
2757 4533 3002 4603 cupiens,
3021 4546 3118 4586 vos
3144 4531 3247 4584 huc
3275 4526 3568 4584 convocavi
3602 4544 3616 4580 :

2045 4631 2162 4685 scio
2191 4629 2358 4694 enim,
2389 4643 2483 4683 eos
2508 4628 2868 4696 imperatores
2895 4634 3009 4679 tuto
3043 4637 3171 4677 suas
3202 4635 3290 4675 res
3322 4634 3500 4690 agere,
3524 4618 3618 4687 qui

2017 4733 2144 4778 'sua
2201 4719 2424 4776 consilia
2480 4733 2604 4773 cuin
2661 4716 2990 4772 exercitibus
3023 4713 3447 4770 communicant.
3481 4729 3500 4764 ι
3553 4711 3624 4763 At

2045 4811 2145 4878 illi,
2174 4809 2786 4877 accusationibus,quas
2833 4807 2886 4860 in
2917 4803 3355 4860 Theuderichum
3385 4802 3622 4870 impera-

2049 4912 2135 4957 tor
2180 4900 2513 4965 intenderat,
2547 4899 2766 4964 auditis,
2798 4899 2934 4953 satis
2979 4912 3046 4951 ex
3092 4896 3204 4965 ipsa
3253 4893 3622 4956 accusatione,

2047 4993 2177 5064 quid
2203 4993 2309 5050 sibi
2344 4992 2782 5063 respondendum
2830 5000 2996 5058 esset,
3031 4987 3416 5058 percipientes,
3444 4985 3624 5039 accla-

2047 5092 2330 5139 maverunt
2380 5096 2596 5149 omnes,
2624 5081 2993 5137 Romanorum
3035 5081 3245 5134 hostem
3292 5091 3414 5132 esse
3443 5075 3626 5129 Theu-

2044 5176 2326 5232 dericbum
2351 5185 2407 5232 et
2441 5189 2653 5238 omnes,
2679 5175 2770 5243 qui
2803 5173 2878 5228 illi
2905 5173 3149 5228 faverent
3175 5181 3230 5226 et
3257 5171 3326 5224 ad
3353 5170 3471 5238 ejus
3497 5183 3621 5222 cau-

2042 5280 2160 5322 sam
2185 5282 2244 5322 se
2271 5265 2648 5336 adiungerent.
2669 5264 2738 5320 Et
2760 5265 2863 5320 hoc
2882 5265 3100 5334 quidem
3134 5273 3448 5330 responsum
3476 5255 3638 5310 Zeno-

2051 5373 2158 5412 non
2189 5373 2222 5414 e
2251 5359 2480 5427 vestigio
2508 5359 2699 5431 legatis
2727 5355 2895 5424 dedit,
2921 5356 3016 5412 sed
3045 5353 3412 5425 exspectabat,
3457 5350 3628 5403 donec

2050 5451 2406 5520 exploratius,
2459 5449 2730 5520 quomodo
2775 5463 2836 5504 se
2890 5448 3152 5505 haberent
3187 5458 3274 5510 ea,
3327 5455 3450 5512 quae
3493 5439 3627 5494 l'oris

1658 5563 1893 5619 VARle
1934 5563 2339 5622 LECTIONES.

444 5658 492 5689 "
531 5656 600 5728 τά
624 5671 692 5728 γε
712 5655 803 5728 N.,
835 5656 930 5709 καὶ
955 5655 1018 5728 τὸ
1045 5653 1190 5728 γει,
1214 5657 1308 5728 τόν
1331 5673 1390 5708 τε
1419 5655 1564 5728 vnlg.
1642 5655 1689 5728 ῨΫ
1715 5655 1978 5728 Τριϐρίου
2002 5658 2147 5728 vulg.
2193 5657 2258 5689 ’°‘
2283 5656 2558 5724 διεξάγειν
2587 5653 2972 5725 Β.,διεπάγειν
3002 5651 3151 5724 vulg.
3186 5647 3228 5682 “
3263 5643 3625 5702 καθίστασθαι

373 5726 442 5779 Β.
455 5764 470 5789 ,
504 5725 866 5780 καθίστασθαι
890 5726 1034 5797 vulg.

1113 5727 1156 5759 ³⁸
1179 5726 1417 5790 καλέσας
1447 5725 1565 5781 Val.
1645 5725 1690 5759 ³⁸
1724 5725 2007 5797 γεωργοῦν
2035 5725 2124 5795 HC,
2160 5728 2405 5802 γεωργὸν
2429 5728 2576 5800 vulg.
