4076 6412
495 270 596 334 73⁸1

1444 277 1842 343 EXCERPTA
1895 281 1998 342 EX
2037 282 2345 345 MALCHO
2379 285 2744 350 RIIETOBE

3634 268 3746 364 i788

496 379 848 450 gerebantur,
867 381 1049 439 sciret.
1073 383 1283 440 Interea
1309 391 1687 459 comprehensi
1715 399 1840 446 sunt
1867 391 1961 460 qui
1985 405 2070 457 ea,

2185 394 2446 466 ἔπεμπον,
2481 400 2616 453 ἀλλὰ
2647 403 2738 454 καὶ
2768 402 2875 455 τῶν
2910 404 2967 457 ἐν
2999 406 3142 458 τέλει
3177 406 3536 477 πλαττόμενοι
3563 411 3747 482 γράμ-

497 485 616 538 quae
650 472 704 525 in
735 473 868 527 urbe
902 472 1039 528 facta
1075 485 1250 540 erant,
1285 480 1351 531 ad
1375 478 1804 535 Tbeuderichum
1836 481 2066 556 scripsea

501 571 647 626 rant,
669 561 961 618 Anthimus
991 564 1256 632 medicus,
1282 566 1624 623 Marcellinus
1653 579 1706 624 et
1736 569 2066 638 Stephanus,

498 660 553 704 et
583 665 688 705 non
719 653 892 706 solum
929 667 1056 710 suas
1091 656 1328 725 ipsorum
1355 657 1587 723 litteras,
1622 659 1716 713 sed
1750 661 1916 714 etiam
1950 676 2067 714 ma-

497 741 822 813 gistratuum
853 748 1206 814 quorumdam
1238 750 1610 817 supposititias
1646 751 1712 804 ad
1743 766 1863 805 eum
1901 752 2068 806 mise-

500 843 648 899 runt,
674 835 869 903 quibus
895 835 1158 904 jubebant
1185 839 1330 892 illum
1375 841 1518 896 bono
1547 843 1728 896 animo
1775 858 1917 908 esse,
1952 853 2071 897 tan-

2183 505 2327 556 ματα
2361 490 2556 561 ἐκείνῳ
2613 493 2931 550 ἐπέστελλον
2951 496 3018 562 ³⁵,
3071 497 3359 568 θαρσύνειν
3409 502 3750 573 βουλόμενοι,

2179 578 2254 640 ὡς
2299 580 2512 644 ἱκανοὺς
2542 583 2735 652 ἔχοντα
2776 588 2902 650 τοὺς
2945 589 3392 660 συμπράττοντας
3419 592 3586 645 ἔνδον.
3641 595 3752 648 Καὶ

2180 672 2328 739 τρεῖς
2377 673 2487 723 τῶν
2521 674 2628 725 ἀπὸ
2688 674 2899 744 βουλῆς,
2956 678 3048 731 τοῦ
3103 668 3425 751 μαγίστρου’
3459 685 3749 752 παρόντος,

2182 759 2542 828 ἐξετάσαντες
2569 764 2762 830 ταῦτα,
2781 769 2872 821 καὶ
2900 769 3116 840 πληγὰς
3136 772 3208 825 τὰ
3235 772 3463 843 σώματα
3485 775 3685 837 πολλὰς
3705 777 3752 808 ³⁸

2181 850 2514 920 ἐπιθέμενοι,
2565 856 2742 928 φυγὴν
2791 859 3024 926 εἰσάπαξ
3076 862 3376 933 ἐπέθηκαν.
3431 866 3602 927 Δῆθεν
3641 867 3751 936 γὰρ

499 937 662 992 quam
694 925 889 980 multos
914 943 1134 982 suarum
1167 931 1398 998 partium
1433 932 1670 988 fautores
1717 935 1856 988 intra
1888 936 2072 989 urbem

2185 941 2480 1012 ἀπέχεσθαι
2538 925 2774 1002 θανάτου
2821 952 2914 1004 καὶ
2967 955 3191 1021 σφαγῶν
3236 925 3427 1010 ’δοκεῖν
3561 925 3754 1028 Ζήνων

500 1025 645 1070 esset
670 1016 969 1074 habiturus.
1002 1020 1139 1075 Tres
1173 1037 1238 1076 ex
1286 1033 1474 1079 senatu
1523 1035 1787 1094 praesente
1818 1027 2077 1095 magistro
2177 1032 2452 1089 ἐϐούλετο.

500 1104 571 1214 de
598 1105 682 1158 bis
705 1107 1083 1214 nquastiouem
1136 1109 1458 1174 habuerunt,
1503 1127 1638 1180 quos
1691 1115 1873 1169 multis
1934 1116 2101 1172 illatis
2140 1120 2308 1189 plagis
2340 1138 2599 1196 perpetuo
2631 1132 2822 1186 exsilio
2847 1135 3290 1193 condemnarunt.
3341 1139 3551 1212 Quippe
3621 1157 3757 1214 ευρ-

501 1195 676 1263 pliciis
705 1196 851 1252 Zeno
877 1208 930 1253 et
961 1199 1197 1256 casdibus
1225 1203 1498 1258 abstinere
1527 1206 1696 1260 videri
1729 1207 1960 1264 volebat.

570 1284 624 1340 5.
660 1284 816 1356 (Eod.
848 1285 911 1342 A.
943 1287 1004 1343 C.
1037 1289 1121 1343 vel
1151 1290 1275 1354 478,
1303 1290 1418 1362 lnd.
1453 1308 1491 1358 ι,
1528 1293 1731 1349 Zenon.
1765 1293 1842 1366 5.)
1874 1295 2075 1352 Eodem

500 1392 716 1448 quoque
751 1393 907 1432 anno.
944 1379 1102 1450 legati
1136 1397 1163 1435 a
1195 1382 1527 1453 Carthagine
1555 1384 1876 1456 Byzantium
1916 1403 2076 1442 vene-

500 1477 647 1532 runt,
685 1485 821 1539 quos
867 1471 1196 1537 Alexander,
1246 1475 1431 1528 uxoris
1482 1473 2076 1546 Olybriiprocurator,

500 1562 754 1626 ducebat,
787 1563 876 1632 qui
910 1563 1022 1632 jam
1065 1564 1192 1618 olim
1241 1579 1272 1618 a
1309 1564 1543 1628 Zenone,
1581 1565 1815 1621 Placidia
1850 1582 2080 1622 consen-

504 1654 692 1718 tiente,
727 1654 922 1708 missus
954 1655 1148 1710 fuerat.
1186 1655 1447 1710 Dicebant
1476 1672 1604 1710 vero
1637 1657 1822 1726 legati,
1850 1657 2081 1714 llonori-

501 1743 664 1797 chum
701 1741 836 1796 velle
867 1756 985 1796 cum
1035 1744 1366 1812 imperatore
1403 1745 1524 1814 sine
1569 1745 1757 1799 fraude
1783 1747 2077 1803 amicitiam
2109 1740 2154 1797 B

504 1831 830 1888 contrahere
866 1839 921 1885 et
975 1832 1337 1888 Romanorum
1398 1842 1578 1902 partes
1631 1835 1902 1903 amplecti.
1949 1835 2081 1902 Quae

506 1933 663 1976 antea
722 1923 1028 1992 repetiisset
1081 1925 1146 1979 de
1197 1926 1458 1979 reditibus
1502 1933 1557 1980 et
1596 1917 1844 1995 pecuniis
1895 1930 2080 1984 uxoris

505 2030 638 2080 suaé,
669 2032 786 2084 quae
819 2014 928 2073 Leo
961 2016 1059 2085 ipsi
1117 2017 1501 2088 praeripuisset,
1533 2034 1759 2088 quasque
1813 2032 2081 2075 mercato-

507 2109 658 2164 ribus
707 2108 1245 2178 Carthaginiensibus
1298 2126 1391 2179 per
1441 2111 1660 2179 bellum,
1712 2114 1853 2180 quod
1913 2129 2082 2181 nuper

509 2199 703 2263 fuerat,
733 2207 883 2268 rapta
917 2210 970 2254 et
1019 2201 1196 2255 ablata
1234 2212 1434 2269 essent,
1466 2213 1519 2256 et
1565 2203 1617 2256 in
1651 2205 1960 2258 universum
1993 2220 2077 2270 ea,

508 2291 574 2342 de
603 2291 801 2358 quibus
827 2300 981 2359 pater
1003 2290 1117 2360 ejus
1147 2306 1266 2346 cum
1299 2291 1558 2348 Romanis
1587 2293 1867 2362 litigasset,
1897 2299 2081 2351 remit-

505 2392 622 2438 tere
653 2392 707 2438 et
737 2388 1067 2440 condonare.
1119 2386 1352 2441 Firmani
1387 2398 1440 2440 et
1470 2389 1714 2444 stabilem
1752 2403 1936 2456 pacem
1989 2405 2082 2458 pe-

506 2484 639 2540 tere,
688 2490 865 2544 neqne
911 2478 1206 2546 quidquam
1250 2479 1570 2547 suSpicionis
1623 2481 1878 2535 Romanis
1918 2482 2081 2536 relin-

504 2581 672 2635 quere
697 2568 974 2632 statuisse,
1014 2570 1303 2638 quominus
1340 2585 1442 2640 pax
1466 2581 1518 2626 et
1539 2570 1715 2626 ftedus
1747 2572 1866 2627 sine
1894 2574 2082 2627 fraude

507 2670 919 2726 componeretur
981 2679 996 2715 :
1062 2663 1280 2717 multam
1339 2678 1552 2732 quoque
1609 2666 1835 2733 gratiam
1885 2667 2085 2720 habere

505 2749 841 2820 imperatori,
870 2754 1012 2822 quod
1054 2752 1261 2824 Olybrii
1294 2769 1519 2809 uxorem
1569 2756 1775 2810 honore
1818 2756 2083 2821 aﬂ‘ecerit,

505 2842 648 2908 quod
678 2840 802 2909 quia
835 2842 1184 2909 intellexerit,
1212 2844 1428 2907 adduci,
1453 2854 1511 2899 ut
1541 2847 1744 2910 omnia,
1767 2862 1885 2915 qua:
1912 2847 2086 2915 impe-

510 2939 657 2986 rator
696 2932 944 2999 voluerit,
980 2934 1159 2989 facere
1189 2945 1409 3003 paratus
1435 2937 1524 2990 sit.
1565 2938 1670 2991 Ista
1703 2954 1832 2994 vero
1872 2940 1938 2993 ad
1964 2953 2083 3007 spe-

506 3025 645 3078 ciem
674 3033 880 3078 tantum
911 3027 1139 3081 conficta
1183 3039 1341 3081 erant
1374 3046 1387 3082 :
1428 3043 1613 3082 revera
1645 3030 1788 3086 enim
1836 3031 2085 3098 quamvis

508 3114 634 3169 belli
682 3114 1027 3170 occasionem
1081 3117 1362 3172 timebant.
1411 3118 1624 3175 Etenim
1678 3128 1797 3188 post
1853 3129 2081 3174 mortem

506 3204 786 3261 Genserici
822 3206 874 3260 in
905 3222 1116 3262 onmem
1164 3208 1444 3264 mollitiem
1491 3211 1850 3275 devenerant;
1907 3225 2082 3280 neque

505 3297 732 3366 pristina
762 3294 1080 3352 fortitudine
1131 3299 1198 3353 ad
1238 3300 1376 3354 bella
1414 3289 1647 3369 gerenda
1675 3303 1952 3373 vigebant,
1991 3318 2083 3358 ne-

506 3400 614 3455 que
641 3386 859 3442 eosdem
896 3389 1164 3445 exercitus
1205 3389 1440 3456 alebant,
1474 3407 1610 3462 quos
1659 3392 1988 3448 Gensericus
2015 3397 2083 3449 ad

506 3492 698 3534 omnes
757 3480 1072 3535 occasiones
1128 3482 1422 3536 instructos
1475 3484 1730 3552 habebat,
1763 3493 1820 3538 ut
1871 3496 2085 3556 semper

504 3568 784 3624 celeritate
832 3572 1161 3641 exsequendi
1197 3572 1308 3643 96
1345 3573 1570 3626 aliorum
1620 3575 1848 3629 consilia
1879 3592 2083 3646 praeve-

505 3659 648 3714 niret
683 3670 738 3713 et
769 3669 1148 3716 anteverteret.
1184 3661 1412 3732 Legatos
1448 3662 1596 3719 Zeno
1635 3664 1938 3720 liberaliter
1989 3681 2086 3722 ex-

504 3753 651 3820 cepit
680 3761 734 3807 et
760 3753 962 3809 honore
989 3755 1171 3810 debito
1193 3765 1276 3809 est
1307 3766 1650 3824 prosecutus,
1683 3768 1739 3810 et
1768 3759 2084 3812 muneribus

507 3858 605 3911 pro
635 3845 828 3900 merito
848 3855 1072 3902 ornatos
1104 3846 1327 3910 dimisit,
1355 3857 1412 3902 et
1431 3848 1795 3903 Alexandrum
1820 3849 2078 3906 comitem

506 3937 840 4002 privatarum
869 3951 1048 3992 rerum
1080 3937 1231 3994 fecit.

576 4026 632 4081 6.
667 4028 756 4097 (A.
793 4029 856 4083 C.
896 4031 1022 4094 479,
1057 4030 1172 4086 lnd.
1217 4032 1272 4098 2,
1306 4032 1606 4104 Zenon.6.)
1650 4036 2083 4102 Theuderichus,

513 4118 734 4184 Triarii,
783 4127 838 4173 et
886 4119 1312 4187 Theuderichus,
1343 4125 1632 4189 LBalameri
1686 4127 1846 4194 ﬁlius,
1897 4129 2082 4194 Gothi,

507 4207 714 4264 findere
739 4220 1021 4277 caverunt,
1067 4227 1134 4267 ne
1180 4213 1322 4268 inter
1367 4229 1427 4270 se
1478 4215 1676 4270 bellum
1725 4228 1996 4285 gererent,
2032 4228 2088 4273 et

507 4298 714 4368 legatos
744 4297 1059 4369 Byzantium
1095 4301 1340 4357 mittunt.
1369 4301 1635 4359 Balamcri
1666 4304 1808 4360 filius
1850 4305 2084 4374 impera-

507 4394 678 4444 torem
709 4392 1019 4467 accusabat,
1053 4394 1195 4462 quod
1221 4408 1280 4448 se
1319 4394 1661 4462 prodidisset,
1693 4406 1747 4451 et
1789 4397 1916 4465 quia
1946 4397 2083 4452 nihil
2116 4430 2161 4485 υ

510 4479 632 4533 fidei
681 4479 864 4536 inesse
919 4481 1027 4548 his,
1085 4496 1204 4550 quae
1260 4486 1609 4552 promiserat,
1667 4486 1982 4555 reperisset,
2030 4487 2084 4542 id

509 4584 689 4623 causa:
720 4570 904 4637 fuisse,
941 4582 998 4626 ut
1025 4587 1148 4628 cum
1180 4575 1558 4632 Theudericho
1594 4577 1927 4635 conveniret.
1979 4579 2084 4635 Pe-

511 4673 624 4714 tere
649 4670 826 4716 autem
857 4664 1128 4733 regionem
1159 4667 1284 4732 sibi,
1312 4668 1498 4738 in4qua
1527 4680 1918 4736 commoretur,
1940 4671 2082 4739 dari,

508 4761 564 4805 et
613 4750 946 4808 frumentum
993 4758 1350 4826 suppeditari,
1397 4761 1538 4828 quod
1591 4761 1784 4815 alendo
1821 4764 2084 4818 exercitui

508 4857 681 4913 usque
733 4847 800 4901 ad
833 4862 1061 4903 messem
1109 4851 1245 4904 satis
1288 4861 1454 4906 esset.
1492 4851 1560 4907 Ut
1603 4855 1764 4907 etiam
1817 4856 2082 4909 redituunt

513 4937 727 5004 imperii
753 4950 1056 5004 coactores,
1084 4956 1218 5009 quos
1253 4943 1578 4998 domesticos
1603 4942 1830 4998 Romani
1862 4955 2076 5010 vocant,

509 5043 671 5096 quam
712 5029 943 5097 primum
977 5031 1176 5096 mittat,
1209 5035 1298 5101 qui
1336 5036 1601 5088 rationem
1653 5036 1943 5091 redderent
1987 5053 2080 5092 eo-

511 5135 652 5188 rum,
683 5136 803 5190 quae
831 5123 1149 5191 receperint.
1189 5123 1253 5178 Ni
1281 5140 1342 5179 ea
1373 5125 1598 5179 Romani
1633 5125 1881 5191 fecerint,
1903 5130 1953 5181 in
1983 5145 2076 5181 sua

507 5221 774 5281 potestate
799 5227 906 5267 non
935 5229 1055 5267 esse
1089 5223 1194 5268 tam
1230 5231 1474 5286 magnam
1524 5218 1736 5272 turbam
1771 5220 2077 5285 continere,

507 5303 638 5372 quin
675 5305 892 5376 rapinas
922 5315 977 5361 et
1005 5308 1216 5375 praedas
1243 5317 1428 5378 agant,
1455 5324 1522 5364 ex
1551 5309 1750 5378 quibus
1778 5327 1932 5364 suam
1965 5312 2080 5364 ino-

2250 1313 2310 1359 ε’.
2341 1307 2465 1361 ’Ότι
2492 1310 2571 1380 τῷ
2600 1311 2747 1384 αὑτῷ
2776 1314 2885 1368 ἔτει
2915 1319 3178 1386 πρέσϐεις
3207 1322 3270 1374 ἐκ
3311 1320 3658 1393 Καρχηδόνος
3692 1326 3754 1390 ἐς

2180 1398 2476 1462 Βυζάντιον
2508 1398 2693 1474 ἦλθον,
2732 1406 2825 1470 οὒς
2863 1409 3209 1480 Ἀλέξανδρος
3240 1409 3375 1483 ἦγεν
3401 1417 3429 1468 ὁ
3457 1416 3558 1484 τῆς
3598 1419 3758 1471 Ὀλυ-

2181 1487 2336 1559 6ρίου
2364 1491 2409 1523 ³⁸
2433 1494 2692 1560 γυναικὸς
2722 1497 3054 1569 ἐπίτροπος·
3085 1501 3143 1563 ὃς
3179 1502 3443 1572 ἐτύγχανε
3477 1509 3756 1576 πεμφθεὶς

2181 1582 2285 1635 ὑπὸ
2318 1586 2567 1654 Ζήνωνος
2603 1589 2792 1656 πάλαι,
2843 1591 3208 1661 συνθελούσης
3259 1594 3354 1646 καὶ
3394 1595 3565 1665 αὐτῆς
3591 1598 3758 1652 τοῦτο

2180 1677 2280 1746 τῆς
2308 1677 2858 1749 Πλακιδίας.Ἐλεγον
2891 1683 2946 1736 δὲ
2975 1685 3022 1736 οἱ
3051 1683 3335 1753 πρέσϐεις,
3360 1687 3755 1759 ὅτιὉνὼριχος

2184 1769 2337 1838 φίλος
2371 1787 2428 1822 τε
2454 1769 2530 1839 τῷ
2563 1771 2776 1842 βασιλεῖ
2807 1773 3138 1845 καθεστήκοι
3168 1776 3393 1841 ἀδόλως,
3412 1778 3507 1830 καὶ
3533 1780 3754 1850 στέργοι

2181 1865 2249 1918 τὰ
2281 1864 2590 1936 Ῥωμαίων,
2619 1867 2715 1921 καὶ
2749 1867 2943 1937 ἀφίησι
2975 1870 3227 1932 πάντα,ἃ
3248 1871 3483 1941 πρόσθεν
3503 1873 3757 1926 ἐνεκάλει

2182 1958 2310 2029 περί
2339 1975 2396 2011 τε
2428 1958 2535 2011 τῶν
2559 1959 2856 2029 ’προσόδων
2891 1960 2985 2013 καὶ
3022 1961 3130 2014 τῶν
3157 1962 3332 2015 ἄλλων
3359 1966 3682 2034 χρημάτων,
3721 1963 3759 2020 ἃ

2181 2050 2280 2119 τῆς
2308 2048 2474 2102 αὐτοῦ
2505 2051 2764 2120 γυναικὸς
2794 2052 3113 2123 προειλήφει
3139 2054 3167 2106 ὁ
3197 2053 3370 2118 Λέων,
3402 2055 3496 2108 καὶ
3517 2057 3617 2108 ὅσα
3647 2055 3759 2125 τῶν

2182 2142 2440 2214 ἐμπόρων
2464 2143 2572 2196 τῶν
2596 2145 2658 2196 ἐκ
2695 2145 2793 2212 τῆς
2822 2145 3170 2214 Καρχηδόνος
3195 2147 3317 2216 ἄρτι
3349 2145 3758 2216 καθισταμένου

2182 2235 2275 2288 τοῦ
2312 2235 2550 2306 πολέμου
2602 2235 2834 2307 ἐλήφθη,
2868 2238 2962 2290 καὶ
2993 2237 3047 2290 ετ
3072 2254 3121 2290 τι
3152 2237 3280 2290 ἄλλο
3304 2237 3469 2292 πάλαι
3509 2239 3537 2307 δ
3573 2236 3759 2307 πατὴρ

2183 2328 2321 2398 πρὸς
2359 2327 2666 2397 Ῥωμαίους
2700 2326 2948 2381 ὁπωσοῦν
2993 2328 3151 2398 ἔσχεν
3193 2327 3407 2381 αἰτίαν⁸
3440 2329 3540 2400 τήν
3579 2346 3639 2381 τε
3681 2328 3761 2380 εἰ·

2187 2421 2355 2491 ρήνην
2385 2418 2528 2489 ἐχειν
2577 2418 2754 2490 ἀξιοίη
2793 2417 3038 2489 βεϐαίαν,
3073 2420 3166 2472 καὶ
3199 2421 3366 2488 μηδὲν
3400 2412 3538 2472 εἶναι
3569 2417 3761 2471 λοιπὸν

2183 2513 2295 2573 τοῖς
2335 2509 2628 2580 Ῥωμαίοις
2679 2508 2919 2573 ὕποπτος
2964 2509 3043 2580 τῷ
3092 2501 3331 2580 μὴόὐχὶ
3381 2509 3621 2580 γνησίως
3657 2509 3763 2572 τὰς

2187 2601 2420 2666 σπονδὰς
2445 2601 2783 2672 ἐμπεδώσειν
2802 2603 2866 2666 ³⁷,
2916 2603 3010 2655 καὶ
3041 2604 3141 2655 ὅσα
3182 2602 3282 2672 ἤδη
3315 2603 3615 2655 συνέκειτο.
3666 2601 3762 2653 Εί-
3807 2618 3818 2630 ·

2183 2695 2333 2748 δέναι
2381 2696 2490 2764 γὰρ
2533 2696 2715 2765 χάριν,
2758 2696 2838 2748 ὅτι
2885 2695 2984 2765 τὴν
3026 2694 3308 2765 Ὀλυϐρίου
3339 2695 3630 2764 τετιμήκοι
3660 2709 3765 2761 γυο

2185 2789 2350 2842 ναῖκα
2370 2803 2384 2818 °
2419 2790 2514 2841 καὶ
2549 2787 2724 2841 ταῦτα
2756 2786 3061 2858 πυθόμενος
3092 2787 3269 2840 πάντα
3308 2787 3527 2854 ἕτοιμος
3559 2781 3629 2856 ἦν
3658 2784 3764 2855 βα-

2188 2877 2326 2932 σιλεῖ
2360 2879 2639 2948 πράττειν,
2693 2878 2789 2932 ﬁ”
2850 2879 3112 2949 βούλοιτο.
3155 2873 3265 2930 1Ἠν
3309 2877 3365 2930 δέ
3411 2877 3571 2930 τοῦτο
3621 2877 3765 2947 πρό-

2189 2987 2375 3040 σχημα
2405 2971 2680 3041 εὐπρεπὲς
2697 2971 2742 3002 ”
2763 2970 2838 3040 τῷ
2867 2971 3030 3040 λόγῳ,
3051 2971 3170 3023 ἐπεὶ
3195 2971 3255 3023 τό
3277 2989 3338 3039 γε
3358 2969 3556 3037 ἀληθὲς
3578 2971 3766 3022 πᾶσαν

2113 3074 2157 3131 C
2190 3063 2522 3116 ἐδεδοίκεσαν
2549 3062 2784 3132 ὑποψίαν
2813 3061 3072 3130 πολέμου,
3110 3063 3205 3115 καί¹
3233 3062 3370 3131 μετὰ
3401 3061 3492 3113 τὸν
3529 3060 3766 3114 θάνατον
3861 3073 3868 3076 ”

2187 3153 2494 3224 Γινζιρίχου
2548 3154 2808 3218 πεσόντες
2859 3155 2916 3216 ἐς
2956 3154 3139 3206 πᾶσαν
3192 3153 3464 3224 μαλακίαν
3494 3151 3620 3205 οὗτε
3664 3152 3763 3220 τὴν

2187 3245 2359 3314 αὐτὴν
2409 3245 2600 3316 ῥώμην
2650 3245 2708 3306 ἐς
2737 3245 3036 3315 πράγματα
3066 3243 3243 3312 ἔσχον,
3292 3243 3418 3296 οὔτε
3461 3245 3558 3307 τὰς
3590 3243 3760 3307 αὑτὰς

2185 3335 2265 3390 ἔτι
2316 3339 2556 3406 συνεῖχον
2595 3337 2976 3405 παρασκευὰς,
3021 3335 3089 3398 ἃς
3129 3336 3334 3398 ἐκεῖνος
3379 3335 3516 3404 πρὸς
3579 3337 3762 3386 πᾶσαν

2187 3428 2388 3499 πρᾶξιν
2431 3424 2576 3498 εἶχεν
2608 3428 2908 3498 ἐφόρμους,
2939 3427 3014 3491 ὡς
3057 3427 3251 3481 θᾶττον
3285 3426 3374 3479 ἀεὶ
3403 3426 3689 3496 πράττειν,
3727 3426 3763 3496 ἦ

2186 3523 2262 3585 ὡς
2308 3523 2374 3575 ἂν
2415 3521 2571 3584 ἄλλος
2627 3520 3064 3591 βουλεύσαιτοδθ.
3119 3519 3418 3589 Δεξάμενος
3460 3518 3514 3570 δὲ
3561 3515 3769 3580 αὐτοὺς

2189 3613 2527 3684 φιλοφρόνως
2559 3612 2996 3684 ὁΖήνων,τιμῆς
3022 3611 3120 3679 μὲν
3150 3611 3348 3679 ἠξίωσε
3378 3608 3604 3678 δεούσης
3636 3609 3770 3671 τοὺς

2187 3702 2480 3773 πρέσϐεις,
2537 3703 2631 3755 καὶ
2703 3700 2897 3771 δώροις
2954 3699 3247 3770 ἀπέπεμψε
3311 3701 3424 3763 τοῖς
3485 3700 3767 3771 πρέπουσι

2186 3795 2510 3864 κοσμήσας,
2579 3792 2927 3863 Ἀλέξανδρον
2985 3791 3045 3846 δέ
3109 3794 3258 3846 ποιεῖ
3313 3791 3438 3868 τῶν⁵
3479 3790 3767 3862 πριϐἀτων

2186 3886 2426 3955 κόμητα.

2258 4134 2336 4192 ς’.
2381 4125 2507 4180 Ὅτι
2557 4127 2832 4196 συνθήκας
2877 4127 3013 4199 πρὸς
3071 4127 3338 4198 ἀλλήλους
3398 4126 3762 4197 ποιησάμενοι

2187 4217 2512 4288 Θευδέριχος
2538 4219 2634 4272 καὶ
2667 4221 2695 4273 ὁ
2718 4219 2980 4290 Τριαρίου
2999 4221 3041 4253 ⁶¹
3076 4223 3125 4273 οί
3166 4221 3206 4273 Γ
3207 4221 3352 4274 ότθοι
3387 4219 3460 4290 μὴ
3502 4219 3767 4289 πολεμεῖν

2185 4309 2458 4381 ἀλλήλοις,
2500 4310 2812 4380 πέμπουσιν
2853 4311 3022 4380 ἄμφω
3051 4311 3311 4382 πρέσϐεις
3343 4312 3436 4364 ἐπὶ
3461 4311 3520 4363 τὸ
3554 4310 3768 4374 Βυζάν-

2187 4417 2324 4466 τιον,
2355 4403 2382 4454 ὁ
2410 4401 2508 4472 μὲν
2535 4400 2628 4453 τοῦ
2654 4400 2985 4472 Βαλαμήρου
3025 4403 3105 4472 τῷ
3132 4402 3343 4469 βασιλεῖ
3373 4400 3646 4470 ἐγκαλῶν,
3680 4401 3767 4453 ὅτι

2188 4492 2581 4564 προδεδομένος
2610 4491 2699 4545 ὑπ’
2733 4493 2944 4546 ἐκείνου
2971 4495 3254 4564 τυγχάνει,
3277 4495 3372 4547 καὶ
3400 4493 3476 4554 ὡς
3504 4492 3615 4545 τῶν
3640 4509 3770 4545 συν-

2186 4579 2452 4634 τεθέντων
2481 4580 2635 4634 οὐδέν
2667 4581 2844 4653 εὑρὼν
2884 4581 3082 4650 ἀληθὲς
3129 4583 3434 4653 Θευδερίχῳ
3487 4582 3762 4652 συμϐαίη,

2188 4671 2359 4726 αἰτῶν
2384 4671 2442 4725 δὲ
2475 4669 2659 4742 χώραν
2691 4673 2862 4743 αὐτῷ,
2886 4673 2944 4726 ἐν
3032 4673 3204 4744 μένοι,
3225 4673 3579 4741 δοθῆναι,καὶ
3597 4676 3767 4739 σῖτον,

2185 4762 2336 4824 ὅστις
2362 4760 2511 4831 αὐτῷ
2549 4763 2646 4814 καὶ
2676 4763 2840 4833 μέχρι
2885 4761 3101 4832 καρποῦ
3132 4763 3226 4816 τὸν
3261 4763 3492 4833 στρατὸν
3537 4760 3767 4832 ἐξαρκέο

2190 4873 2274 4908 σει
2299 4855 2530 4922 διάγειν,
2554 4856 2649 4908 καὶ
2674 4855 2798 4917 τοὺς
2825 4854 3188 4924 προαγωγέας
3207 4854 3315 4906 τῶν
3339 4854 3645 4922 λημμάτων
3667 4852 3768 4920 τῆς

2188 4947 2405 5016 ἀρχῆς,
2457 4944 2553 5008 οὒς
2611 4945 2965 5016 δομεστίκους
3011 4944 3239 4998 καλοῦσι
3311 4944 3611 5012 Ῥωμαῖοι,
3671 4945 3768 4994 ὲκ·-

2189 5039 2432 5108 πέμπειν
2461 5039 2534 5100 ὡς
2559 5038 2810 5104 τάχιστα,
2846 5037 3004 5106 λόγον
3033 5036 3274 5100 διδόντας
3299 5029 3374 5089 ὧν
3409 5034 3603 5088 ἔλαϐον
3625 5049 3640 5064 ⁶
3670 5034 3768 5103 ἠδ’

2193 5128 2267 5197 μὴ
2291 5127 2464 5182 ταῦτα
2490 5127 2835 5197 ποιουμένων
2864 5128 3001 5196 πρὸς
3031 5128 3192 5179 αὑτὸν
3219 5126 3329 5178 τῶν
3364 5124 3677 5194 Ῥωμαίων,
3701 5124 3768 5174 οὐ
3843 5164 3849 5169 .

2188 5220 2517 5290 δυνήσεσθαι
2557 5221 2720 5281 αὐτὸς
2764 5221 2930 5273 πολὺν
2969 5218 3126 5288 ὄχλον
3175 5218 3427 5288 κατέχειν
3483 5216 3640 5269 τοῦ⁸³
3691 5215 3771 5285 μὴ

2188 5311 2312 5364 ὅθεν
2358 5310 2605 5363 δύναιντο
2651 5311 2717 5363 δι’
2765 5310 3022 5381 ἁρπαγῆς
3064 5311 3279 5372 ἐαυτοῖς
3331 5306 3768 5378 ἐπανορθοῦσθαι

1770 5403 1998 5460 γΑιιικΕ
2030 5405 2432 5460 LECTIONES.

574 5519 620 5551 ³⁵
649 5517 977 5591 ἀπέστελλον
1027 5518 1168 5587 conj.
1193 5517 1254 5591 Β,
1289 5519 1377 5591 “3'
1403 5518 1600 5591 πολλὰς
1635 5519 1730 5591 8.,
1777 5519 1987 5591 πολλοῖς
2016 5519 2162 5591 vulg.
2232 5521 2279 5586 υ
2323 5519 2602 5589 Ὀλυϐρίου
2649 5519 2786 5585 Val.,
2827 5520 3086 5590 ἁλυαρὶου
3115 5521 3260 5591 vulg.

505 5599 561 5660 et
587 5589 914 5660 ,πειθόμενος
939 5591 1083 5660 vulg.
1127 5583 1142 5587 ⁷
1161 5591 1204 5621 ³⁸
1222 5589 1265 5660 pa
1406 5583 1449 5654 ᾧ
1475 5591 1616 5657 vulg.

506 5658 789 5712 λεύσαιντο
825 5659 967 5724 Val,
1000 5657 1177 5722 ἄλλοις
1213 5657 1591 5728 βουλεύσαιντο
1619 5661 1759 5728 vulg.

3339 5521 3381 5552 ³⁷
3426 5521 3767 5576 ἐκπεδώσειν

1695 5590 1739 5620 ³⁸
1771 5589 2039 5658 εὐπρεπὲς
2065 5589 2202 5647 νει..
2229 5591 2667 5662 εὐπρεπεῖ-ναις.
2709 5592 2753 5637 βο
2776 5591 2931 5652 ἄλλος
2966 5589 3320 5662 βουλεύσαιτο
3431 5632 3445 5654 ,
3471 5591 3620 5643 ἁλλοι
3645 5592 3773 5661 βου-
3823 5609 3843 5627 τ

1839 5659 1878 5688 ⁸⁸
1911 5658 2164 5730 Τριάριος
2194 5661 2339 5730 vulg.

2421 5661 2463 5691 ⁸³
2487 5659 2518 5729 ἦ
2545 5659 2681 5725 Va|.,
2712 5662 2760 5713 εἰ
2789 5663 2930 5730 vulg.
2966 5659 2975 5662 ⁷
3008 5661 3054 5693 ⁸³
3086 5661 3180 5714 τοῦ
3203 5661 3292 5726 Ν.,
3321 5661 3399 5730 τῷ
3431 5665 3574 5731 vulg.
