4076 6418
344 277 452 345 789

1132 281 1228 342 DE
1268 283 1844 344 LEGATIONIBUS
1880 283 2240 345 GENTIUM
2276 284 2375 344 AD
2416 284 2798 346 ROMANOS.

3491 283 3598 346 790

343 388 445 456 τὴν
473 385 706 440 ἔνδειαν.
737 386 923 441 Ταῦτα
957 387 1054 458 μὲν
1083 392 1111 442 ὁ
1141 392 1324 462 ἕτερος
1359 392 1685 464 Θευδέριχος
1711 394 1917 462 ἔλεγεν,
1949 417 1962 455 λ

2048 395 2163 448 viam
2187 396 2713 464 possintsublevnre.
2733 393 2858 448 Haec
2875 393 3093 464 quidem
3119 393 3557 463 alterproposuit
3586 416 3598 448 :

340 482 370 533 ό
402 479 586 550 μέντοι
633 479 896 550 Τριαρίου
947 481 1016 536 τά
1062 500 1121 535 τε
1155 483 1262 536 ’ἐπὶ
1307 485 1543 548 Λέοντος
1593 486 1920 540 συντεθέντα

339 569 493 640 ἠξίου
548 570 700 642 αὐτῷ
731 572 946 636 πάντως
976 574 1272 641 γενέσθαι,
1322 577 1416 628 καὶ⁹
1472 580 1580 630 τῶν
1637 579 1922 649 προτέρων

341 663 551 734 χρόνων
576 663 679 727 τὰς
716 665 1000 728 συντάξεις
1028 665 1352 734 λαμϐάνειν,
1394 668 1521 733 τούς
1567 687 1628 723 τε
1652 670 1923 741 κηδεστὰς

341 753 494 822 αύτῷ
521 752 737 817 ζῶντας
767 753 1099 822 ἀποδοθῆναι
1118 768 1132 784 °
1178 756 1227 807 εί
1251 754 1307 808 δὲ
1337 757 1433 810 καὶ
1465 757 1574 827 ἄρα
1604 758 1922 827 τεθνήκασι,

341 843 435 896 τὸν
474 843 676 897 Ἰλλοῦν
727 843 858 914 περὶ
887 844 1092 896 τούτων
1124 845 1393 916 ἐπομόσαι
1435 847 1530 901 καὶ
1573 847 1798 914 ἀλλους,
1841 845 1926 914 οἷς

343 933 510 996 αὐτὸς
537 933 633 986 ἐπὶ
662 933 871 987 τούτων
906 934 1016 987 τῶν
1058 934 1320 1006 ’ῐσαύρων
1355 937 1624 994 πιστεύει.
1653 941 1838 1010 Ζήνων
1868 939 1926 994 δὲ

344 1023 676 1094 πυθόμενος,
707 1024 844 1093 πρὸς
873 1025 970 1094 μὲν
991 1025 1083 1078 τὸν
1111 1024 1335 1097 Βαλαμή
1347 1044 1439 1097 ρου
1466 1027 1823 1100 ἀπεκρίνατο,
1842 1031 1924 1084 ὄτι

345 1114 510 1178 αὐτὸς
537 1115 622 1184 εἴη
654 1115 926 1187 προδότης
959 1117 1056 1170 καὶ
1091 1117 1270 1172 πάντα
1298 1118 1521 1174 ἐναντία
1552 1114 1636 1183 οἷς
1658 1120 1926 1193 ὑπέσχετο

345 1206 575 1276 δράσας,
630 1207 779 1272 ὅστις
811 1206 1163 1279 διαπολεμεῖν
1197 1210 1571 1282 ὑποσχόμενος
1608 1212 1769 1282 μόνος
1803 1211 1926 1269 εἶτα

347 1297 442 1348 καὶ
483 1295 736 1366 βοήθειαν
794 1297 1243 1370 προσκαλέσηται
1292 1300 1481 1371 ἄλλην,
1519 1302 1681 1356 πάλιν
1737 1305 1796 1357 δέ
1825 1305 1926 1375 τὴν

349 1386 582 1456 δύναμιν
609 1387 718 1440 τῶν
765 1387 1054 1459 Ῥωμαίων
1082 1391 1321 1456 καλέσας
1350 1391 1536 1462 κρύφα
1565 1395 1702 1464 πρὸς
1731 1394 1927 1450 Θευδέ-

356 1495 506 1547 ριχον
544 1476 776 1547 πράττει
825 1479 955 1549 περὶ
993 1480 1211 1550 φιλίας·
1257 1475 1320 1535 οὗ
1353 1481 1416 1554 δὴ
1465 1485 1560 1538 καὶ
1608 1483 1928 1556 αἰσθόμενον

353 1569 446 1620 τὸν
473 1568 783 1638 στρατηγὸν
811 1568 912 1638 τῆς
943 1570 1167 1641 θρᾴκης
1209 1571 1307 1624 καὶ
1329 1574 1455 1638 τοὺς
1486 1574 1710 1644 ἄλλους,
1743 1578 1928 1632 ὀπόσοι

353 1657 422 1711 τὰ
454 1657 747 1726 Ῥωμαίων
804 1658 1094 1726 φρονοῦσι,
1151 1663 1736 1734 μήτεάπηντηκέναι,
1791 1669 1929 1738 μήτε

2026 487 2164 540 alter
2188 486 2618 554 Theuderichus,
2672 486 2894 551 Triarii,
2943 486 3268 556 postulabat,
3320 494 3379 538 ut
3417 487 3599 539 omnia

2026 580 2128 633 sibi
2159 596 2186 632 a
2219 579 2398 634 Leone
2439 581 2703 650 promissa
2755 587 3144 650 praestarentur
3165 618 3180 643 ,
3213 587 3268 632 et
3302 576 3602 645 praeterito-

2030 685 2144 722 rum
2175 686 2439 725 annorum
2475 672 2742 740 stipendia
2772 670 3132 733 solverentur,
3180 679 3234 723 et
3278 664 3471 720 afﬁnes
3519 667 3601 719 sui

2027 763 2346 830 superstites
2367 762 2467 816 sibi
2500 762 2886 828 redderentur;
2915 763 2980 817 de
3005 760 3093 816 his
3113 769 3318 823 autem,
3338 758 3426 827 qui
3453 772 3600 812 mor—
3640 812 3652 847 ι

2027 852 2104 906 ιιιὶ
2133 862 2335 920 essent,
2376 853 2530 908 Illum
2560 863 2615 910 et
2640 868 2705 909 ex
2758 854 2959 909 lsauris
2987 853 3146 918 alios,
3178 866 3410 922 quorum
3460 863 3604 904 curae

2026 953 2080 999 et
2116 946 2376 1000 custodiae
2426 945 2703 1000 commissi
2752 945 2987 1009 fuerant,
3013 944 3198 1014 jnrare
3237 942 3421 1013 jussit.
3480 939 3604 994 llzrc

2028 1033 2118 1087 ubi
2145 1032 2291 1088 Zeno
2324 1033 2546 1098 audivit,
2577 1031 2956 1089 Theudericho
2987 1031 3242 1086 Balamiri
3283 1042 3614 1099 responsum

2028 1125 2196 1192 dedit,
2226 1139 2350 1179 eum
2377 1139 2499 1180 esse
2519 1125 2869 1195 proditorem,
2890 1123 2979 1193 qui
3003 1122 3184 1177 omnia
3210 1129 3422 1185 contra,
3441 1132 3603 1188 quam

2027 1217 2374 1287 promiserat,
2401 1217 2649 1284 fecisset;
2697 1218 2790 1286 qui
2822 1231 2944 1271 cum
2975 1231 3034 1270 se
3068 1215 3240 1270 solum
3281 1212 3479 1267 bellum
3511 1224 3608 1280 ge-

2029 1319 2240 1364 sturum
2272 1308 2432 1363 [idem
2472 1309 2732 1373 dedisset,
2763 1307 2979 1362 aliunde
3013 1305 3216 1361 auxilia
3268 1303 3369 1358 sibi
3417 1317 3607 1356 accero

2029 1400 2191 1455 sisset
2221 1417 2234 1453 :
2269 1408 2474 1456 etcum
2508 1398 2877 1456 Romanorum
2934 1397 3139 1466 copias,
3168 1410 3287 1464 qua:
3332 1391 3608 1463 suppetias

2031 1491 2259 1555 ferrent,
2287 1491 2596 1554 accivisset,
2630 1490 2791 1554 clam,
2820 1498 2875 1544 et
2907 1488 3013 1543 illis
3043 1488 3249 1550 insciis,
3282 1499 3404 1540 cum
3431 1482 3612 1537 Then-

2033 1582 2254 1637 dericho
2283 1581 2577 1635 amicitiam
2596 1579 2995 1644 contraxisset;
3020 1591 3138 1646 quae
3165 1590 3286 1631 cum
3311 1576 3418 1636 dux
3436 1570 3610 1625 Thra~

2037 1673 2136 1728 cite
2164 1681 2217 1728 et
2247 1673 2360 1740 alii,
2389 1673 2700 1742 quicunque
2747 1685 2776 1724 a
2808 1669 3174 1724 Romanorum
3211 1666 3455 1736 partibus
3503 1671 3613 1716 sta-

362 1749 690 1820 συμϐάλλειν
717 1725 867 1820 αὐτῷ
894 1751 994 1814 τὰς
1018 1725 1278 1822 δυνάμεις
1306 1725 1600 1826 θαρσῆσαι,
1656 1725 1930 1831 (poscente-

2048 1769 2180 1823 rent,
2215 1760 2498 1835 vidissent,
2532 1759 2735 1814 veritos
2771 1757 2997 1813 insidias
3046 1756 3112 1811 ad
3164 1756 3312 1810 illum
3353 1751 3616 1808 accedere

359 1853 480 1900 νους
513 1836 756 1910 ἐνέδραν.
783 1839 899 1891 Νῦν
921 1856 980 1892 τε
1005 1842 1052 1893 εί
1084 1843 1309 1913 θελήσαι
1345 1845 1480 1916 πρὸς
1502 1847 1666 1903 αὑτὸν
1695 1849 1936 1922 πολεμῆ-

359 1945 481 1992 σαι,
525 1929 961 1997 ἐπαγγέλλεσθαι
1020 1933 1170 2004 αύτῷ
1214 1935 1387 1989 ταῦτα
1432 1936 1626 1991 δώσειν
1662 1940 1930 1995 νικῶντι·

355 2020 584 2090 χρυσίου
608 2020 798 2092 λίτρας
821 2023 1016 2092 χιλίας,
1038 2026 1305 2099 μυριάδας
1325 2025 1430 2081 6'“
1455 2029 1743 2102 ἀργυρίου,
1764 2034 1934 2105 πρόσ-

357 2111 477 2164 οδόν
506 2129 566 2165 τε
600 2113 736 2184 πρὸς
785 2115 999 2180 τούτοις
1032 2119 1386 2188 νομισμάτων
1419 2123 1658 2194 μυρίων·
1706 2125 1801 2178 καὶ
1833 2126 1936 2194 γά·-

363 2221 464 2274 μον
490 2203 643 2275 αὑτῷ
676 2204 871 2259 δώσειν
902 2196 1004 2276 τῆς
1045 2208 1330 2282 Ὀλυΰρίου
1358 2213 1545 2278 παιδὸς
1573 2215 1607 2286 ἢ
1635 2217 1800 2288 ἄλλης
1828 2219 1937 2281 τῶν

360 2292 594 2357 ἐνδόξων
617 2294 898 2363 γυναικῶν
931 2297 988 2350 ἐν
1017 2301 1082 2370 τῇ
1115 2299 1293 2354 πόλει.
1323 2301 1510 2356 Ταῦτά
1529 2320 1590 2356 τε
1625 2307 1740 2378 ἃμα
1764 2307 1938 2376 λέγων

359 2385 468 2438 τῶν
512 2403 573 2439 τε
621 2387 1040 2444 ἀποσταλέντων
1093 2394 1223 2462 παρ’
1276 2395 1444 2446 αὑτοῦ
1491 2397 1620 2461 τοὺς
1681 2399 1938 2464 πλείονας

361 2474 543 2541 ἀξίαις
576 2477 807 2549 ἐτίμησε
825 2479 892 2547 ",
939 2484 1035 2535 καὶ
1085 2484 1345 2554 πρέσϐεις
1389 2487 1679 2542 ἀπέστειλε
1721 2492 1940 2560 πρῶτον

367 2575 467 2643 μὲν
499 2574 803 2644 Φιλόξενον,
836 2572 953 2631 εἶτα
997 2578 1303 2648 Ἰουλιανόν,
1336 2583 1389 2636 εί
1406 2599 1523 2647 πως
1557 2583 1664 2656 ἄρα
1690 2587 1942 2642 δύναιντο
2022 2576 2025 2580 ’

367 2670 695 2733 μεταπεῖσαι
723 2668 1067 2742 ξυρῤαγῆναι
1098 2673 1315 2744 ἐκείνῳ.
1347 2673 1433 2738 Ὦς
1465 2675 1521 2728 δέ
1546 2677 1698 2729 οὐδὲν
1725 2678 1935 2742 ἔπειθε,

365 2757 588 2829 πέμψας
619 2760 745 2824 τοὺς
773 2761 1113 2832 στρατιώτας
1147 2765 1206 2827 ἐς
1234 2766 1325 2818 τὸν
1356 2765 1594 2837 πόλεμον
1628 2765 1810 2838 ὥρμα,
1844 2770 1942 2824 καὶ

370 2851 673 2922 παρεκάλει
705 2851 926 2924 θαρσεῖν
955 2855 1031 2917 ὡς
1050 2857 1212 2922 αὐτὸς
1232 2859 1647 2929 ὲκστρατεύσων
1678 2863 1942 2934 καὶκοινῇ

370 2942 469 2994 σὺν
503 2944 736 3007 ἐκείνοις
759 2944 788 2998 ὃ
816 2960 869 2998 τι
895 2946 960 3000 ἂν
989 2946 1098 3001 δέοι
1133 2949 1475 3018 πεισόμενος.
1518 2949 1583 3005 Οἱ
1613 2951 1669 3003 δὲ
1720 2952 1796 3016 ὡς
1843 2954 1943 3006 ἐπ-

2037 1862 2130 1908 ant
2165 1866 2293 1908 suas
2331 1852 2516 1922 copias
2542 1851 2658 1919 ejus
2703 1850 2874 1919 cupiis
2919 1848 3250 1918 conjungere
3297 1861 3460 1902 ausos
3508 1859 3615 1900 non

2038 1960 2178 2000 esse.
2213 1944 2364 1999 Nunc
2393 1943 2582 2008 etiam,
2605 1942 2652 1998 si
2684 1942 2813 1997 velit
2844 1957 2967 1996 cum
3000 1939 3377 1996 Theudericho
3418 1936 3616 1992 bellum

2039 2034 2242 2100 facere,
2290 2047 2350 2091 se
2401 2034 2641 2100 polliceri
2694 2033 2828 2098 haec,
2875 2032 2920 2088 si
2973 2031 3252 2087 victoriam
3304 2027 3623 2098 reportarit,

2040 2126 2114 2180 illi
2147 2127 2396 2182 daturum
2445 2127 2563 2180 auri
2593 2125 2760 2189 mille,
2805 2123 3012 2194 argenti
3066 2121 3423 2193 quadraginta
3447 2119 3625 2175 millia

2038 2218 2320 2283 librarum,
2356 2227 2412 2273 et
2448 2218 2680 2273 reditum
2726 2217 2913 2272 decem
2961 2215 3188 2270 millium
3228 2226 3517 2268 aureorum
3564 2219 3622 2265 et

2040 2319 2263 2379 nuptum
2295 2308 2370 2362 illi
2401 2307 2791 2363 collocaturum
2847 2306 3051 2377 Olybrii
3105 2305 3295 2370 tiliam,
3326 2313 3423 2358 aut
3452 2303 3617 2358 aliam

2040 2416 2107 2454 ex
2164 2399 2552 2454 illustrioribus
2609 2397 2926 2453 mulieribus
2971 2397 3228 2452 civitatis.
3298 2395 3428 2462 Qua:
3493 2408 3619 2448 cum

2042 2492 2293 2559 dixisset,
2326 2491 2617 2562 plerosque
2665 2505 2876 2558 eorum,
2905 2491 2999 2561 qui
3042 2489 3192 2544 missi
3235 2496 3416 2554 erant,
3442 2487 3622 2554 digni-

2045 2583 2245 2638 tatibus
2268 2583 2503 2646 ornavit,
2523 2594 2578 2638 et
2603 2584 2717 2652 ipse
2741 2583 2946 2650 legatos
2970 2581 3117 2638 misit
3141 2581 3378 2651 primum
3399 2580 3621 2648 quidem

2045 2675 2428 2742 Philoxenum,
2461 2676 2657 2731 deinde
2687 2677 2850 2731 etiam
2881 2673 3176 2738 lulianum,
3203 2671 3248 2729 si
3275 2686 3378 2741 qua
3412 2670 3624 2724 ratione

2043 2777 2271 2839 possent
2311 2783 2433 2824 eum
2465 2768 2754 2835 adducere,
2785 2777 2846 2822 ut
2875 2765 3052 2823 foedus
3080 2781 3202 2823 cum
3242 2763 3623 2820 Theudericho

2046 2860 2301 2915 solveret.
2344 2861 2492 2915 Cum.
2528 2860 2661 2916 nihil
2695 2875 2817 2915 eum
2855 2867 3118 2922 moveret,
3147 2857 3388 2914 evocatis
3433 2851 3624 2908 militi-

2047 2949 2151 3006 bus
2202 2951 2403 3006 bellum
2459 2952 2722 3022 suscepit,
2763 2965 2902 3021 quos
2943 2949 3190 3005 hortatus
3241 2956 3342 3013 est,
3383 2954 3443 3000 ut
3485 2945 3628 2998 bono
3665 2979 3668 2981 λ

371 3035 634 3102 ήκουσαν,
665 3037 748 3089 ὄτι
779 3037 942 3101 αὐτὸς
976 3038 1231 3108 βασιλεὺς
1278 3041 1496 3109 ἐξάγειν
1529 3043 1725 3109 ἐθέλοι,
1769 3045 1942 3111 οὕτως

2048 3043 2231 3098 animo
2259 3051 2461 3099 essent.
2496 3042 2567 3099 Se
2613 3043 2756 3098 enim
2796 3043 3156 3098 communiter
3199 3055 3321 3096 cum
3357 3037 3462 3093 illis
3491 3036 3630 3091 (belli

370 3123 600 3189 ἕκαστος
647 3128 828 3183 αὐτῶν
857 3131 1121 3201 ἠπείγετο
1173 3133 1362 3187 ἐαυτὸν
1416 3134 1682 3200 ἐπιδεῖξαι
1740 3136 1949 3207 βασιλεῖ

2051 3137 2316 3206 pericula,
2350 3136 2443 3192 ubi
2473 3152 2608 3207 opus
2643 3137 2828 3200 fuerit,
2861 3135 3158 3190 aditurum.
3213 3131 3339 3187 Haec
3371 3145 3492 3186 eum
3529 3128 3630 3182 mi-

373 3215 570 3272 πολλοῦ
602 3219 753 3283 ἀξιον
779 3221 931 3304 ὄνταθ
990 3222 1133 3277 ὥστε
1171 3226 1264 3277 καὶ
1303 3225 1352 3278 οἱ
1384 3226 1652 3298 πρότερον
1680 3233 1794 3294 τοῖς
1828 3233 1953 3302 ήγεσ

374 3307 531 3377 μόσιν
575 3310 777 3376 αὐτῶν,
826 3313 914 3382 ἐφ’
956 3308 1000 3383 ᾧ
1041 3317 1115 3385 μὴ
1165 3315 1566 3390 στρατεύοιντο,
1622 3318 1886 3390 ἀργύριον
1904 3323 1950 3355 ⁸⁸

370 3397 603 3463 διδόντες
628 3401 790 3455 πάλιν
821 3404 902 3467 είς
938 3405 998 3456 τὸ
1032 3404 1284 3474 μετέχειν
1317 3407 1415 3476 τῆς
1449 3405 1630 3472 ἐξόδου
1663 3414 1948 3482 παρεῖχον.

374 3487 484 3540 Καὶ
513 3489 716 3555 πάντες
763 3491 1102 3564 ἀνθήπτοντο
1150 3494 1244 3547 τοῦ
1264 3494 1308 3531 ⁵⁷
1357 3497 1594 3568 πολέμου
1643 3499 1949 3570 ὀργῶντες’

377 3578 474 3632 καὶ
517 3580 645 3644 τούς
693 3599 754 3635 τε
805 3586 1183 3648 κατασκόπους
1228 3587 1355 3650 τοὺς
1415 3589 1570 3660 παρά
1627 3589 1952 3663 Θευδερίχου

379 3670 735 3739 πεμφθέντας
780 3674 1126 3746 ἐζώγρησαν,
1173 3677 1268 3730 καὶ
1318 3677 1420 3749 τῆς
1475 3679 1569 3732 τοῦ
1620 3681 1952 3756 Βαλαμήρου

379 3761 626 3832 φυλακῆς
667 3768 862 3834 μοῖραν
892 3765 1292 3822 ἐλθοῦσαν-ὲπὶ
1328 3769 1389 3822 τό
1439 3771 1654 3841 μακρὸν
1687 3776 1866 3845 τεῖχος
1904 3777 1954 3829 oi

382 3853 494 3905 itst
523 3854 886 3922 φυλάττοντες
937 3857 1258 3931 διαπρεπῶς
1320 3861 1756 3933 ἀπεκρούσαντο.
1801 3866 1956 3922 Ἐπεὶ

385 3943 440 3995 δὲ
463 3947 540 4008 είς
570 3947 671 4020 τὴν
701 3949 867 4003 αὑτοῦ
914 3951 1218 4023 φερόμενος
1245 3957 1273 4008 ὁ
1295 3957 1484 4024 Ζήνων
1507 3957 1828 4031 ἀνεχώρησε
1852 3961 1956 4030 φύ-

382 4052 487 4103 σιν,
519 4043 616 4094 καὶ
647 4043 752 4096 ὑπὸ
781 4045 880 4115 τῆς
928 4045 1211 4116 συμφύτου
1258 4049 1574 4123 ἀπεσϐέσθη
1611 4052 1836 4120 δειλίας,
1868 4057 1958 4110 ἐν-

377 4131 552 4186 ταῦθα
583 4133 896 4204 ὀργίζονται
925 4138 1020 4191 καὶ
1045 4140 1298 4209 χαλεπῶς
1321 4143 1542 4212 ἔφερον,
1574 4146 1718 4200 κατὰ
1753 4150 1958 4204 συστά-

381 4238 497 4286 σεις
554 4243 615 4278 τε
679 4227 953 4298 γινόμενοι
1008 4232 1321 4302 ἐμέμφοντο
1367 4234 1633 4307 ἀλλήλους
1685 4239 1788 4308 τῆς
1831 4241 1957 4311 ὅλης

376 4316 667 4387 ἀτολμίας,
701 4319 813 4373 ei“
868 4326 1062 4393 χεῖράς
1090 4342 1150 4378 τε
1183 4325 1400 4395 ἔχοντες
1449 4329 1544 4381 καὶ
1593 4329 1959 4400 βαστάζοντες

2053 3227 2177 3283 lites
2226 3227 2546 3293 audiissent,
2584 3227 2968 3297 imperatorem
3011 3224 3136 3279 huic
3181 3222 3322 3277 bello
3368 3218 3632 3276 interesse

2053 3319 2332 3383 statuisse,
2361 3317 2437 3372 ita
2470 3333 2529 3372 se
2559 3316 2625 3370 ad
2663 3317 2762 3372 hoc
2797 3321 3204 3384 compararunt,
3241 3321 3299 3366 ut
3327 3311 3436 3381 97
3466 3309 3628 3363 talem

2056 3426 2114 3466 se
2143 3408 2516 3480 unusquisque
2553 3409 2844 3462 ostendere
2889 3406 3348 3473 studeret,_quem
3395 3402 3633 3469 impera-

2059 3511 2142 3556 tor
2173 3501 2368 3556 merito
2402 3514 2502 3554 suo
2535 3498 2751 3568 plurimi
2797 3497 3026 3552 faceret.
3061 3495 3130 3549 Et
3175 3503 3283 3547 tam
3315 3490 3634 3546 ardentibus

2057 3594 2250 3647 animis
2289 3593 2355 3647 ad
2387 3592 2732 3660 pugnandum
2785 3587 3012 3659 profecti
3061 3595 3207 3650 sunt,
3240 3593 3300 3638 ut
3330 3583 3430 3652 qui
3475 3589 3631 3634 antea

2061 3684 2268 3739 militiae
2305 3684 2640 3738 vacationem
2675 3698 2705 3736 a
2745 3681 2972 3736 ducibus
3005 3677 3231 3747 pecunia
3266 3675 3630 3731 redemerant.

2059 3772 2333 3846 pecunias,
2373 3785 2430 3830 ut
2463 3775 2560 3830 sibi
2614 3775 2667 3828 in
2712 3773 2896 3828 hostes
2930 3767 3162 3826 exeundi
3199 3773 3520 3840 potestatem
3556 3763 3636 3816 l'a-

2060 3879 2270 3936 cerent,
2295 3874 2665 3922 numerarent.
2697 3867 2887 3933 Itaque
2911 3861 3381 3932 etexploratores,
3402 3871 3430 3910 ιι
3454 3855 3637 3910 Theu-
3705 3863 3730 3886 ε’

2062 3961 2286 4018 dericho
2343 3959 2669 4029 prmmissos,
2717 3956 2868 4010 vivos
2914 3961 3194 4024 ceperunt,
3228 3960 3282 4005 et
3331 3948 3634 4010 cohortem,

2062 4071 2182 4124 quae
2210 4052 2470 4108 Balamiri
2523 4050 2618 4106 ﬁlii
2662 4049 2966 4105 custodiant
3008 4047 3223 4117 agebat,
3267 4051 3323 4097 et
3369 4055 3540 4110 usque
3569 4041 3641 4093 ad

2062 4149 2253 4217 longos
2271 4160 2455 4200 muros
2479 4157 2768 4213 progressa
2791 4151 2929 4206 erat,
2954 4147 3257 4208 opportune
3293 4133 3638 4202 depulerunt.

2065 4240 2172 4295 Sed
2199 4255 2303 4297 nun
2334 4238 2502 4293 multo
2534 4247 2775 4306 tempore
2809 4248 2895 4289 res
2925 4237 3211 4296 steterunt,
3234 4229 3362 4298 quin
3397 4227 3544 4280 Zeno
3571 4225 3639 4278 ad

2066 4334 2349 4404 pristinam
2381 4339 2628 4385 naturam
2660 4326 2879 4391 rediret,
2910 4335 2964 4380 et
3001 4323 3063 4379 ad
3114 4323 3331 4376 insitam
3368 4319 3640 4389 ignaviam

375 4406 520 4460 ὅπλα
571 4408 846 4478 μαλακίας
890 4415 1149 4484 τοιαύτης
1179 4417 1401 4472 ἀκούειν
1440 4418 1744 4489 ἀνέχονται,
1787 4423 1854 4476 δι’
1891 4418 1960 4495 ἧς

2067 4425 2434 4479 delaberetur.
2485 4421 2561 4475 Ex
2592 4435 2700 4488 quo
2731 4417 2933 4472 milites
2985 4413 3270 4484 indignati,
3317 4427 3415 4481 per
3458 4411 3645 4464 turbas

378 4499 568 4563 πόλεις
602 4500 814 4557 ἅπασαι
846 4505 940 4557 καὶ
973 4505 1008 4575 ή
1044 4507 1195 4559 πᾶσα
1237 4507 1529 4579 Ῥωμαίων
1573 4511 1726 4581 ἰσχὺς
1753 4513 1957 4578 ἐξαπό-

380 4590 542 4656 λωλε,
574 4593 793 4648 πάντων
823 4595 911 4648 ἐπ’
945 4596 1196 4663 ἐξουσίας
1242 4602 1707 4671 περικοπτόντων,
1756 4604 1792 4658 ἃ
1829 4606 1960 4677 βού-

384 4685 582 4740 λοιντο.
619 4686 821 4742 Τοῦτον
853 4690 882 4741 ὁ
911 4690 1229 4762 Μαρτιανὸς
1269 4693 1624 4764 σιινελόμενος
1657 4696 1749 4750 τὸν
1776 4697 1962 4769 θροῦν,

383 4780 592 4849 πέμπει
624 4783 832 4854 Ζήνωνι
876 4784 1072 4854 λέγων,
1124 4787 1208 4840 ὅτι
1256 4788 1338 4841 δεῖ
1377 4789 1439 4841 τὸ
1484 4791 1846 4861 στρατόπεδον
1884 4793 1962 4857 ὡς

365 4873 610 4946 ,τάχιστα
641 4875 907 4942 διαλύειν,
945 4881 1018 4949 μή
1044 4897 1098 4933 τι
1126 4883 1224 4933 καὶ
1252 4881 1519 4954 νεώτερον
1565 4886 1985 4956 συνεστηκότες·

381 4954 746 5032 ἐργάσωνται.
773 4968 1005 5040 Πέμψας
1041 4969 1134 5024 οὖν
1171 4973 1421 5026 ἐκέλευεν
1446 4973 1668 5028 ἀπιέναι
1692 4954 1960 5040 ἑκάστους

378 5056 472 5108 ἐπὶ
498 5058 566 5110 τά
595 5059 878 5128 χειμάδια,
911 5061 986 5124 ὡς
1013 5063 1150 5131 πρὸς
1196 5064 1289 5117 τὸν
1321 5064 1646 5136 Θευδέριχον
1693 5069 1962 5139 ἐσομένης

379 5149 626 5220 εἰρήνης.
659 5154 722 5204 Οἱ
745 5152 802 5205 δὲ
819 5153 863 5186 "9
893 5153 985 5208 τὸν
1007 5155 1228 5224 χάρακα
1255 5156 1482 5211 ἔλυσανο
1513 5159 1608 5212 καὶ
1639 5158 1885 5230 ἀπῆλθον
1912 5162 1962 5212 ot

381 5241 604 5306 πλείους
627 5245 693 5314 τῇ
717 5243 960 5298 διαλύσει
990 5246 1308 5317 ἀχθόμενοι,
1337 5249 1432 5302 καὶ
1455 5249 1537 5301 ὅτι
1562 5248 1757 5303 θᾶττον
1777 5252 1962 5314 αὐτοῖς

381 5333 719 5405 χωρισθῆναι
773 5337 1000 5408 συνέϐη,
1036 5337 1169 5407 πρὶν
1211 5339 1382 5411 ἄνδρα
1433 5341 1810 5411 σκεψαμένους
1846 5344 1962 5406 τοῖς

2067 4527 2353 4582 coeuntes,
2383 4528 2502 4570 sese
2555 4512 2786 4567 invicem
2820 4510 3046 4581 ignavia:
3094 4505 3443 4568 accusabant,
3496 4501 3645 4574 quod

2070 4623 2260 4663 manus
2292 4607 2557 4662 habentes
2585 4614 2638 4659 et
2672 4619 2824 4658 arma
2852 4609 3128 4672 gestantes
3164 4607 3326 4652 tantm
3378 4594 3643 4658 mollitiei,

2068 4715 2188 4771 quae
2221 4713 2410 4754 omnes
2465 4697 2712 4753 civitates
2760 4705 2816 4750 et
2866 4708 3056 4748 omnes
3099 4691 3466 4746 [tertianorum
3502 4688 3647 4742 vires

2069 4790 2463 4863 pessumdaret,
2495 4788 2720 4858 obsequi
2761 4789 3121 4849 susunerent,
3153 4797 3330 4851 neque
3360 4781 3646 4850 quisquam

2067 4885 2246 4941 omnis
2277 4883 2493 4954 generis
2537 4881 2882 4936 contumeliis
2931 4875 3214 4933 abstinuit.
3250 4872 3405 4929 Hunc
3444 4880 3648 4926 motum

2069 4993 2190 5032 cum
2216 4975 2514 5031 Martianus
2544 4972 2920 5037 intellexisset,
2939 4973 3004 5024 ad
3028 4968 3298 5022 Zenonem
3335 4964 3498 5019 mittit
3523 4975 3649 5016 sua-

2072 5068 2229 5134 dens,
2260 5077 2316 5120 ut
2353 5081 2514 5135 quam
2548 5063 2807 5118 citissime
2851 5060 2968 5115 ﬁeri
3001 5067 3202 5128 posset,
3228 5055 3552 5116 exercitum,
3581 5066 3649 5105 ne

2072 5159 2200 5228 quid
2252 5171 2518 5213 novarum
2586 5169 2766 5208 rerum
2830 5151 3145 5215 moliretur,
3182 5147 3522 5203 dissolveret.
3566 5141 3647 5194 Ad

2069 5266 2229 5321 quem
2261 5249 2410 5304 Zeno
2444 5245 2676 5311 remisit,
2713 5253 2770 5300 et
2794 5245 2982 5314 jussit,
3012 5252 3073 5298 ut
3099 5241 3469 5310 unusquisque
3507 5233 3647 5286 mili-

2071 5351 2204 5406 tum,
2238 5349 2494 5409 tanquam
2543 5350 2668 5393 eum
2703 5333 3085 5390 Theudericho
3115 5346 3215 5402 pax
3263 5327 3445 5382 futura
3473 5327 3644 5383 esset.

1677 5475 1912 5533 VARMS
1949 5472 2352 5532 LECTIONES.

457 5612 502 5642 “
533 5610 702 5692 δίΝη
733 5611 790 5695 δέ
827 5613 987 5695 vulg._
1051 5612 1294 5695 *δ’ἀξίαις
1319 5611 1552 5695 ἐτίμησε
1599 5611 1641 5665 Ν
1674 5655 1692 5676 ,
1719 5611 1910 5695 vitae?“
1929 5611 2019 5695 ήτί

1865 5684 1910 5715 ιο
1930 5683 1985 5736 δὲ

386 5683 479 5749 Ν,
504 5681 663 5737 τοῦτο
694 5683 861 5754 vttlg.,
896 5681 1053 5741 τοῦτο
1096 5683 1163 5736 ll.
1240 5683 1282 5717 ⁵⁸
1310 5685 1358 5737 εἰ
1385 5682 1476 5749 N.,
1507 5683 1586 5746 εἰς
1643 5684 1788 5754 vulg.

2025 5629 2166 5738 μηῧε
2209 5611 2353 5734 :‘rJulg.
2448 5610 2495 5644 “
2517 5607 2779 5682 ἀργύριον
2830 5605 2920 5672 11.,
2955 5600 3216 5676 ἀργυρῖου
3250 5600 3396 5673 vulg.
3476 5599 3519 5629 θ’
3555 5599 3650 5656 τοῦ

2035 5699 2063 5737 a
2146 5720 2158 5734 .
2262 5721 2274 5734 .

2035 5699 2158 5737 auu.
2210 5699 2274 5734 Η.
