4076 6418
298 323 406 386 793

1108 320 1210 384 DE
1240 318 1809 398 LEGATIONIBUS
1837 318 2192 384 GENTIUM
2220 324 2320 384 AD
2354 322 2736 386 ROMANOS.

3440 325 3553 390 795

302 435 558 509 μέγιστόν
582 452 642 488 τε
681 434 774 490 καὶ
794 433 1181 505 ἀλκιμώτατον
1215 438 1327 494 τῶν
1358 438 1550 505 ἐθνῶν,
1586 439 1682 494 καὶ⁹
1715 439 1792 504 ὡς
1811 438 1872 493 τὸ
1900 492 1901 495 η

1976 446 2209 494 ratorem
2258 438 2533 502 venisset,
2587 437 2743 502 dixit,
2793 434 2990 492 adesse
3040 442 3257 509 gentem
3308 440 3555 494 omnium

298 524 467 597 φῦλον
495 527 546 578 oi
573 524 804 593 ’Δὸαροι
836 525 1256 598 ἀκαταμάχητοί
1285 528 1346 582 τέ
1378 531 1487 583 είσι
1516 530 1612 584 καὶ
1644 530 1706 584 τὸ
1724 532 1875 585 ἀντι-

299 618 532 674 στατοῦν
552 612 740 673 οἷοίτε
774 618 975 691 ῥᾳδίως
1004 617 1332 674 ἀπώσασθαί
1379 638 1440 675 τε
1493 624 1591 676 καὶ
1627 622 1871 692 διαφθεί-

298 729 440 783 ρειν,
470 710 567 764 καὶ
588 710 663 774 ὡς
690 712 972 783 προσῆκόν
999 712 1117 765 ἐστι
1135 713 1215 785 τῷ
1243 712 1457 785 βασιλεῖ
1481 714 1539 777 ἐς
1567 714 1876 785 ὁμαιχμίαν

299 806 443 874 σφᾶς
476 803 880 873 ἐταιρίσασθαι,
912 804 1253 876 ἀλεξηῆράς
1305 823 1365 859 τε
1414 806 1563 876 ἔχειν
1609 807 1871 875 ἀγαθοὺς,

298 899 393 950 καὶ
432 898 481 933 ⁸⁸
509 897 586 961 ὡς
618 898 719 950 οὐκ
752 896 929 961 ἄλλως
955 897 1302 952 εὐνούστατοι
1355 898 1571 953 ἔσονται
1620 901 1688 971 τῇ
1736 900 1874 953 Ῥω-

300 992 472 1060 μαῖκῇ
503 989 749 1059 πολιτείᾳ
769 990 838 1061 ,ἢ
870 988 1063 1060 δώροις
1085 992 1141 1053 ἐς
1167 990 1238 1044 τὰ
1262 990 1501 1061 μάλιστα
1523 992 1876 1062 τιμιωτάτοις

298 1082 395 1133 καὶ
424 1081 702 1168 χρήμασιν
724 1080 967 1152 ἐτησίοις
987 1083 1083 1136 καὶ
1100 1082 1206 1153 γῆς
1230 1084 1617 1156 εὐφορωτάτης
1640 1086 1870 1157 οἰκήσει.

297 1169 487 1223 Ταῦτα
533 1168 613 1240 τῷ
649 1171 1014 1242 αὐτοκράτορι
1050 1172 1237 1242 ἐπειδὴ
1286 1173 1542 1243 ήγγειλεν
1582 1176 1611 1228 6
1647 1174 1871 1247 Κανόὶχ,

297 1258 631 1313 αὐτίκα-οὐ
657 1259 700 1292 ³⁷
728 1258 837 1331 γὰρ
867 1261 1108 1330 ἐσφρίγα
1140 1262 1191 1315 oi
1219 1262 1281 1316 τὸ
1311 1261 1494 1334 σῶμα,
1528 1263 1651 1317 οὐδὲ
1685 1263 1875 1334 ήκμα·

299 1350 393 1415 ξεν
426 1351 459 1420 ή
503 1350 667 1422 ἀλκὴ,
702 1350 892 1423 ὥσπερ
921 1352 1141 1424 ἀμέλει,
1188 1354 1353 1425 ἡνίκα
1384 1355 1656 1427 Γελίμερά
1682 1372 1746 1409 τε
1781 1355 1875 1410 τδν

302 1441 571 1513 Βάνδηλον
589 1442 685 1496 καὶ
711 1443 991 1514 Οὐῖττιγιν
1017 1444 1109 1499 τὸν
1128 1445 1325 1500 Γότθον
1355 1445 1529 1517 ἄμφω
1555 1447 1636 1501 ἔτι
1665 1447 1874 1512 νεάζων

302 1533 453 1586 ἔθετο
488 1532 830 1603 δορυάλωτον
852 1550 868 1567 ·
915 1534 1033 1588 ἀλλ’
1077 1535 1180 1608 ήδη
1241 1537 1509 1608 γηραλέος
1540 1555 1601 1591 τε
1645 1534 1737 1609 ἦν,
1781 1540 1876 1593 καὶ

302 1626 364 1678 τδ
412 1625 659 1696 ἀνδρεῖον
696 1628 875 1682 ἐκεῖνο
917 1628 1171 1699 φρόνημα
1199 1633 1294 1685 καὶ
1341 1631 1703 1703 φιλοπόλεμον
1754 1650 1876 1704 μετ-

204 1768 218 1795 )
308 1714 561 1784 εϐἑϐλητο
590 1717 648 1779 ἐς
672 1716 736 1769 τὸ
769 1717 1144 1791 ῥᾳθυμότερον
1182 1720 1355 1776 ταῦτα
1381 1723 1527 1791 ἔγνω
1546 1724 1720 1796 ἑτέρῳ
1751 1725 1877 1796 τρό-

308 1820 392 1875 πῳ
422 1783 516 1858 καὶ
551 1805 678 1876 οὐχὶ
978 1783 1077 1879 τὴν
1121 1783 1470 1883 βαρϐαρικήν
1523 1783 1875 1883 ἀποκρούσα-
1903 1783 1954 1844 Ἠ

306 1895 429 1949 σθαι
484 1896 720 1967 δύναμιν
754 1912 769 1928 ·
814 1897 913 1951 καὶ
960 1900 1375 1971 κατηγωνίσατο
1430 1902 1498 1958 ἂν
1555 1903 1650 1956 καὶ
1704 1904 1876 1977 ἄρδην

300 1990 585 2059 ἠφάνισεν,
613 1991 661 2045 εί
688 1989 784 2043 καὶ
825 1990 901 2062 μὴ
945 1990 1191 2063 πολέμῳ,
1232 1992 1350 2047 ἀλλ’
1393 1993 1490 2050 οὖν
1517 1994 1792 2068 εὐϐουλίᾳ,
1826 1998 1885 2051 si

300 2098 365 2150 γε
407 2080 482 2153 μὴ
517 2080 594 2149 τῷ
619 2081 957 2154 ὀφειλομένῳ
982 2083 1124 2139 τέλει
1158 2086 1427 2157 πρότερον
1450 2088 1728 2160 ἠφανίσθη
1772 2090 1875 2144 αὐ-

300 2172 393 2234 τός
413 2188 428 2205 ·
453 2174 515 2226 οὐ
549 2174 659 2243 γὰρ
692 2173 877 2245 πολλῷ
906 2174 1132 2245 ὕστερον
1152 2177 1331 2248 ᾤχετο
1359 2179 1563 2236 ἐκεῖσε.
1601 2180 1755 2235 Ἐπεὶ
1782 2180 1876 2237 οὖν

297 2264 504 2335 ἥκιστα
534 2259 604 2335 ἦν
643 2261 757 2330 οἷός
789 2281 851 2320 τε
889 2270 1184 2338 περιεῖναι,
1214 2268 1318 2341 τὴν
1347 2268 1544 2342 ἑτέραν
1581 2271 1873 2342 ἐτράπετο.

374 2444 442 2517 β’.
466 2447 591 2501 Ὅτι
634 2446 1033 2520 δημηγορήσας
1080 2450 1111 2504 6
1149 2449 1423 2520 βασιλεὺς,
1477 2452 1572 2507 τοῦ
1616 2469 1677 2508 τε
1728 2455 1874 2527 ίεροῦ

300 2539 563 2619 συλλόγου
596 2538 658 2593 τὸ
681 2540 939 2611 ἀγχίνουν
960 2558 1021 2595 τε
1057 2543 1151 2596 καὶ
1184 2542 1530 2614 βουλευτικὸν
1572 2546 1669 2600 τοῦ
1718 2546 1877 2617 βασι-

296 2627 438 2694 λέως
471 2632 886 2700 ἐπαινέσαντος,
914 2635 1257 2707 παραχρῆμα
1281 2637 1352 2690 τά
1375 2654 1435 2690 τε
1458 2637 1607 2710 δῶρα
1632 2639 1872 2707 ἔστελλε,

299 2723 488 2788 σειράς
533 2738 595 2776 τε
658 2723 846 2794 χρυσῷ
908 2723 1427 2799 διαπεποικιλμένας
1487 2730 1585 2784 καὶ
1643 2731 1873 2798 κλίνας,

296 2814 618 2903 ἐσθῆτάςλτε
647 2817 881 2886 σηρικάς
896 2817 991 2873 καὶ
1012 2818 1178 2887 ἔτερα
1199 2819 1427 2875 πλεῖστα
1447 2823 1873 2893 ἐκμαλθακῶσαι

296 2897 387 2957 οἷά
414 2920 475 2957 τε
503 2897 634 2957 ὄντα
658 2904 983 2971 ἀλαζονείας
1006 2909 1250 2964 ἀνάπλεα
1278 2913 1603 2984 φρονήματα
1635 2914 1704 2977 ⁸⁸,
1734 2914 1874 2986 πρὸς

296 2997 411 3059 τοῖς
439 2998 534 3049 καὶ
574 2998 1048 3070 πρεσϐευσόμενον
1088 3000 1408 3058 Βαλεντῖνον
1468 3001 1572 3074 (εἷς
1621 3006 1685 3078 δὴ
1720 3003 1874 3071 οὗτος

1978 529 2273 583 maximam
2305 537 2362 583 et
2391 528 2769 591 fortissimam,
2807 528 3038 592 Avares,
3070 542 3241 598 genus
3269 528 3551 583 hominum

1976 619 2260 686 invictum,
2309 619 2403 689 qui
2445 618 2562 689 ejus
2595 632 2785 674 omnes
2816 617 3004 674 hostes
3037 617 3301 688 repellere
3336 627 3392 672 et
3425 616 3552 672 fun-

1977 710 2122 766 ditus
2174 708 2524 780 exstinguere
2573 719 2814 779 possent.
2868 707 3020 764 illius
3060 707 3359 762 rationibus
3401 706 3560 761 valde

1976 802 2280 857 conducere
2327 814 2447 855 cum
2480 800 2558 855 eis
2597 814 2874 854 armorum
2916 799 3237 854 societatem
3280 798 3461 853 facere
3500 807 3559 852 et

1977 891 2297 947 auxiliarios
2336 889 2570 961 optimos
2612 889 2714 945 sibi
2747 890 3058 955 asciscere;
3104 889 3197 958 qui
3231 896 3412 944 tamen
3448 902 3555 943 non

1976 982 2080 1038 alia
2109 982 2423 1037 conditione
2455 980 2704 1036 Romano
2736 971 2964 1049 iniperio
2998 979 3288 1043 servirent,
3323 992 3483 1047 quam
3509 978 3552 1031 si

1977 1075 2135 1131 donis
2182 1074 2460 1144 pretiosis,
2506 1072 2701 1128 annuis
2747 1073 2910 1128 etiam
2962 1070 3249 1143 stipendiis
3287 1080 3342 1125 et
3387 1068 3554 1124 fertili

1977 1167 2223 1237 regione,
2265 1180 2428 1235 quam
2471 1165 2801 1231 habitarent,
2851 1164 3209 1219 donarentur.
3254 1160 3380 1216 llaec
3412 1161 3555 1216 Can-

1975 1257 2101 1312 dich
2137 1256 2297 1326 ιοο
2325 1253 2672 1325 imperatori.
2704 1252 2835 1308 Erat
2875 1268 2937 1309 ea
2972 1259 3294 1321 tempestate
3326 1251 3555 1319 impera-

1975 1357 2062 1401 tor
2101 1344 2285 1401 effmto
2313 1357 2543 1412 corpore
2576 1361 2589 1397 :
2632 1357 2741 1398 non
2772 1341 2963 1397 eadem
2994 1339 3071 1395 illi
3107 1339 3188 1394 vis
3224 1338 3415 1403 animi,
3446 1351 3553 1406 qua

1974 1435 2223 1501 florebat,
2250 1450 2372 1492 cum
2410 1434 2628 1505 juvenis
2670 1433 2846 1489 adhuc
2887 1430 3215 1488 Gelimerem
3253 1427 3552 1484 Vandalum

1976 1538 2030 1585 et
2055 1527 2317 1596 Vittigem-
2340 1525 2574 1582 Gellium
2621 1525 2870 1595 captivos
2904 1524 3054 1579 fecit.
3088 1523 3277 1592 itaque
3318 1521 3428 1588 jam
3464 1536 3553 1575 se-

1977 1634 2083 1676 nex
2106 1628 2300 1675 exacta
2328 1627 2511 1685 aetate,
2544 1631 2669 1673 cum
2696 1615 2862 1671 animi
2908 1614 3076 1669 robur
3122 1620 3178 1669 et
3224 1611 3352 1667 belli
3401 1624 3554 1666 amo-

1978 1728 2094 1769 rem
2117 1711 2323 1768 desidia
2349 1719 2404 1766 et
2425 1710 2537 1765 0tio
2557 1714 2968 1772 commutasset,
2999 1703 3363 1759 Barbarorum
3394 1715 3554 1757 exer-

1979 1806 2148 1864 citum
2180 1819 2288 1861 non
2317 1804 2483 1870 bello,
2517 1802 2615 1858 sed
2645 1800 2750 1855 alia
2794 1799 3007 1854 ratione
3034 1812 3067 1852 a
3108 1795 3308 1851 finibus
3341 1793 3553 1863 imperii

1979 1898 2249 1970 depellere
2275 1895 2581 1953 constituit.
2606 1892 2675 1949 Et
2701 1904 2833 1949 sane
2858 1890 3084 1946 vicisset
3104 1903 3229 1944 eum
3264 1895 3319 1943 et
3338 1885 3556 1956 penitus

1978 1988 2364 2052 exstinxisset,
2387 1986 2436 2043 si
2468 1985 2648 2041 minus
2672 1982 2895 2050 praeliis,
2927 1990 2983 2037 at
3016 1976 3301 2051 prudentia
3333 1985 3391 2033 et
3421 1990 3557 2031 con-

1977 2081 2119 2146 silio,
2161 2079 2263 2135 nisi
2308 2079 2425 2149 ipse
2457 2076 2639 2133 debito
2692 2075 2799 2130 ﬁne
2850 2072 3000 2143 prius
3045 2070 3350 2127 exstinctus
3390 2075 3555 2123 esset.

1977 2169 2189 2225 Etenim
2252 2182 2359 2223 non
2408 2165 2578 2221 multo
2626 2172 2749 2235 post
2818 2177 2888 2217 ex
2933 2161 3042 2216 vita
3092 2157 3365 2230 migravit.
3420 2154 3557 2212 Cum

1977 2261 2143 2333 igitur
2208 2258 2261 2315 vi
2313 2257 2588 2314 Barbaros
2647 2267 2909 2326 superare
2957 2266 3065 2310 non
3115 2257 3337 2320 posset,
3393 2247 3555 2304 aliam

1976 2357 2120 2410 viam
2158 2353 2440 2424 ingressus
2465 2357 2572 2407 est.

2044 2447 2104 2503 2.
2143 2445 2221 2502 De
2254 2460 2319 2501 ea
2347 2458 2407 2499 re
2451 2443 2748 2513 imperator
2789 2452 3108 2496 concionem
3154 2434 3297 2507 apud
3337 2447 3556 2491 sacrum

1976 2542 2223 2594 senatum
2274 2534 2502 2597 habuit,
2548 2530 2644 2601 qui
2677 2530 2795 2600 ejus
2841 2525 3185 2599 prudentiam
3222 2533 3278 2579 et
3307 2522 3362 2578 in
3392 2520 3559 2577 rebus

1977 2630 2231 2699 gerendis
2259 2625 2474 2683 consilii
2510 2623 2619 2679 vim
2651 2620 3073 2677 et‘acerrimum
3108 2615 3372 2687 judicium
3402 2611 3558 2666 valde

1978 2725 2325 2783 collaudavit.
2376 2720 2492 2777 Hoc
2530 2716 2677 2774 facto
2724 2714 2909 2772 statim
2954 2712 3251 2782 imperator
3296 2707 3441 2764 dona
3488 2705 3557 2759 ad

1976 2819 2183 2889 legatos
2228 2815 2396 2879 misit,
2432 2823 2657 2869 catenas
2691 2822 2828 2863 auro
2861 2806 3169 2875 variegatas
3212 2811 3268 2856 et
3301 2800 3472 2855 lectos
3502 2804 3559 2851 et

1976 2914 2180 2969 sericas
2208 2918 2389 2965 vestes
2424 2916 2479 2962 et
2507 2907 2611 2962 alia
2642 2921 2805 2976 quam
2840 2900 3092 2974 plurima,
3127 2896 3325 2966 quibus
3354 2892 3552 2946 leniret

1977 3014 2032 3060 et
2065 3001 2402 3060 demulcerct
2448 3000 2661 3053 animos
2693 2993 2962 3064 superbiae
3013 2998 3067 3044 et
3100 2984 3401 3041 insolentiae
3438 2980 3556 3051 ple-

295 3088 407 3141 τῶν
435 3088 731 3159 βασιλικῶν
766 3092 1233 3164 μαχαιροφόρων),
1262 3096 1356 3149 καὶ
1390 3095 1434 3129 ⁵³
1480 3072 1901 3168 νπρούτ-ρὲπετοι

1976 3112 2100 3152 nos.
2152 3094 2296 3149 Misit
2346 3104 2561 3162 quoque
2608 3088 2844 3157 legatum
2900 3078 3249 3138 Valentinum
3309 3072 3383 3168 (is
3441 3076 3561 3126 erat

294 3178 357 3231 τὸ
396 3179 563 3248 φῦλον
616 3162 951 3251 ὁμαιχμίαν*
982 3162 1202 3252 ἐσάγειν
1246 3162 1555 3256 Ῥωμαίοις-
1582 3162 1692 3242 καὶ⁷
1733 3190 1877 3246 κατὰ

1980 3203 2118 3244 unus
2142 3201 2207 3240 ex
2246 3174 3003 3253 imperatoriissatellitibus),
3033 3169 3120 3225 cui
3150 3162 3415 3256 praecepit
3446 3201 3463 3228 ,
3499 3170 3561 3216 ut

295 3270 409 3324 τῶν
454 3272 769 3326 ἀντιπάλων
812 3271 1168 3340 ὁπλίζεσθαι,
1220 3277 1656 3347 ἐμφρονέστατα,
1698 3275 1875 3352 οἴμαι,

297 3360 824 3432 προμηθευσάμενος
852 3364 880 3415 6
910 3362 1186 3433 βασιλεὺς,
1218 3365 1345 3436 ὼςῆ
1386 3368 1646 3433 νικῶντες
1680 3373 1728 3424 οἱ
1776 3374 1876 3429 ’Δ-

297 3454 457 3525 6αροι
481 3453 516 3524 ἢ
554 3454 649 3508 καὶ
674 3454 985 3525 ἡσσώμενοι
1013 3456 1071 3520 ἐξ
1094 3457 1298 3526 ἀμφοῖν
1330 3460 1602 3530 περιθῶσι
1644 3463 1689 3496 ⁸ο
1739 3464 1877 3517 Ῥω·

300 3540 484 3609 μαίοις
515 3540 575 3593 τὺ
605 3544 870 3595 συνοῖσον.
895 3541 1003 3596 Τοῦ
1028 3542 1083 3597 δὲ
1112 3544 1435 3602 Βαλεντίνου
1473 3551 1655 3604 ἐκεῖσε
1685 3552 1878 3623 ἀφικο-

299 3632 462 3703 μένου
489 3634 587 3687 καὶ
617 3632 687 3687 τὰ
701 3633 850 3705 δῶρα
871 3636 1314 3707 παρασχομένου,
1350 3642 1444 3693 καὶ
1472 3641 1573 3696 ὅσα
1603 3646 1876 3716 ἐσήμηνεν

296 3725 328 3776 6
364 3722 618 3794 βασιλεὺς
646 3723 976 3793 ἐξειπόντος,
1015 3727 1234 3798 πρῶτον
1261 3730 1361 3798 μὲν
1394 3731 1877 3807 ἐξεπολεμήθησαν

299 3818 649 3889 Οὺτιγούροις
698 3820 764 3885 “,
801 3814 919 3871 εἶτα
965 3817 1177 3886 Ζάλοις,
1232 3821 1481 3894 Οὒννικῷ
1532 3825 1723 3897 φύλῳο
1780 3828 1876 3882 καὶ

302 3909 592 3981 Σαϐείρους
622 3912 683 3966 δέ
715 3910 985 3967 καθεῖλον.

362 4172 433 4235 γ’.
461 4168 589 4222 Ὅτι
621 4169 745 4223 ἐπεὶ
775 4171 825 4224 οἱ
855 4171 1115 4243 ἄρχοντες
1162 4174 1364 4229 ’Δντῶν
1401 4175 1446 4210 ⁸¹
1472 4176 1673 4243 ἀθλίως
1702 4179 1876 4234 διετέ-

295 4257 468 4329 θησαν
494 4258 591 4314 καὶ
609 4260 762 4331 παρὰ
795 4262 893 4333 τὴν
922 4250 1077 4333 σφῶν
1103 4264 1286 4319 αὐτῶν
1320 4266 1511 4321 ἐλπίδα
1549 4267 1872 4324 ἐπεπτώκε-

296 4366 416 4418 σαν,
448 4352 647 4406 αὐτίκα
681 4354 730 4405 ot
765 4353 993 4426 'A6ap0t
1017 4355 1232 4430 ἐκειρόν
1262 4375 1323 4411 τε
1346 4358 1446 4431 τὴν
1468 4360 1574 4429 γῆν
1605 4362 1700 4415 καὶ
1722 4361 1875 4433 ἐληΐ-

1977 3286 2193 3349 gentem
2218 3250 2484 3327 Romanis
2516 3267 2784 3325 societate
2818 3262 3186 3331 coniungeret
3213 3250 3558 3349 et_eﬂiceret,

1978 3340 2039 3422 ut
2090 3380 2219 3422 suos
2273 3362 2526 3417 inimicos
2571 3357 2712 3413 bello
2762 3353 3211 3425 aggrederentur.
3261 3342 3355 3398 Sic
3410 3340 3557 3395 enim

1977 3456 2134 3512 valde
2162 3454 2491 3525 prudenter,
2523 3448 2752 3518 Opinor,
2784 3446 3082 3513 imperator
3114 3433 3414 3495 sentiebat,
3443 3429 3561 3485 sive

1976 3551 2182 3605 Avares
2226 3546 2528 3608 vincerent,
2577 3542 2692 3594 sive
2729 3536 3115 3596 vincerentur,
3162 3530 3215 3583 in
3268 3535 3560 3590 utramque

1978 3652 2210 3714 partem,
2263 3647 2319 3693 et
2350 3646 2408 3691 ut
2442 3649 2530 3690 res
2575 3633 2891 3692 cecidisset,
2942 3641 3029 3691 ea,
3083 3636 3204 3692 qua:
3251 3618 3556 3682 evenirent,

1977 3707 2077 3790 suo
2114 3728 2400 3786 commodo
2441 3738 2684 3782 cessura.
2732 3719 2874 3776 Cum
2926 3718 3091 3788 igitur
3130 3711 3449 3769 Valentinus
3491 3707 3559 3761 ad

1976 3838 2071 3881 eos
2113 3820 2392 3892 profectus
2433 3827 2578 3873 esset
2604 3826 2660 3871 et
2690 3826 2915 3869 munera
2944 3806 3272 3880 praebuisset
3304 3811 3361 3857 et
3395 3813 3558 3854 man-

1977 3916 2102 3972 data
2132 3911 2475 3976 imperatoris
2510 3907 2873 3979 exposuisset,
2905 3903 3140 3973 primum
3182 3895 3401 3969 quidem
3426 3892 3554 3949 Uti.

1977 4018 2162 4075 guros,
2196 4013 2308 4058 tum
2346 3999 2523 4062 Salos,
2553 3988 2858 4053 Hunnica'm
2911 4001 3151 4063 gentem,
3197 3985 3560 4050 debellarunt,

1976 4107 2033 4154 et
2050 4097 2274 4153 Sabiros
2303 4100 2640 4149 everterunt.

2046 4188 2100 4242 5.
2130 4186 2267 4241 Cum
2294 4185 2459 4240 duces
2481 4187 2750 4237 Antarum
2793 4192 2986 4251 parum
3012 4187 3273 4247 prospere
3304 4184 3393 4226 res
3440 4182 3564 4240 ges-

1977 4282 2181 4335 sissent
2227 4288 2283 4333 et
2318 4278 2415 4346 Spe
2446 4290 2545 4332 sua
2590 4272 2958 4335 excidissent,
3015 4264 3301 4323 confestim
3359 4261 3565 4315 Avares

1977 4370 2214 4427 hostium
2245 4377 2444 4425 terram
2475 4371 2789 4426 vastarunt,
2836 4369 2893 4416 et
2928 4360 3200 4429 regionem
3233 4362 3361 4409 sunt
3399 4355 3563 4420 depo-

293 4440 448 4503 ζοντο
473 4440 572 4512 τὴν
610 4442 816 4513 χώραν.
851 4444 1172 4516 Πιεζόμενοι
1216 4449 1263 4502 δ’
1305 4449 1399 4503 οὖν
1431 4452 1551 4512 ταῖς
1576 4450 1685 4505 τῶν
1712 4453 1874 4506 πολε-

1976 4460 2165 4531 pulati.
2194 4457 2259 4513 ili
2281 4472 2408 4514 vero
2452 4455 2797 4511 inimicorum
2825 4446 3246 4505 excursionibus
3282 4440 3466 4497 vexati
3493 4439 3562 4493 ad

297 4532 436 4599 μίων
462 4533 788 4604 ἐπιδρομαῖς
824 4537 901 4600 ὡς
941 4532 1053 4591 οἷόν
1102 4556 1162 4593 τε
1208 4540 1275 4606 ⁸³,
1319 4542 1760 4613 ἐπρεσϐεύσαντο
1796 4544 1873 4609 ὡς

1976 4555 2174 4608 Avares
2221 4551 2539 4619 legationem
2590 4547 2890 4609 miserunt,
2940 4542 3008 4595 ad
3059 4553 3221 4609 quam
3266 4531 3563 4606 gerendam

294 4622 493 4728 αύτούς
514 4626 849 4728 μύεςάμηρον
881 4629 972 4685 τὸν
1003 4630 1308 4699 Ἰδαριζίου,
1333 4635 1684 4705 Κελαγαστοῦ
1718 4637 1872 4693 ἀδελ-

1976 4641 2346 4717 Meeaniirum,
2380 4637 2589 4693 ldarisii
2630 4636 2823 4701 lilium,
2856 4630 3122 4701 Celagasti
3154 4628 3380 4683 fratrem
3403 4664 3419 4690 ,
3448 4622 3563 4679 suf-

296 4714 417 4806 φὺν,
448 4715 542 4768 ἐπὶ
575 4717 674 4789 τὴν
698 4718 996 4788 πρεσϐείαν
1021 4726 1499 4794 χειροτονήσαντες
1529 4743 1545 4759 ο
1572 4728 1783 4783 ἐδέοντό
1812 4714 1901 4783 τε¹

1976 4714 2490 4806 fragioielegeruul,
2520 4737 2575 4784 et
2601 4727 2669 4782 ab
2703 4741 2768 4782 eo
2804 4726 3097 4796 petierunt,
3131 4730 3192 4777 ut
3218 4720 3559 4791 captivorum

295 4805 561 4872 πρίασθαι
595 4808 702 4861 τῶν
729 4827 882 4873 τινας
925 4811 1021 4865 τοῦ
1057 4814 1260 4869 οίκείου
1288 4816 1456 4883 φύλου
1495 4817 1869 4889 δορυαλώτων.

1976 4805 2182 4896 aliquos
2234 4822 2409 4895 gentis
2458 4835 2568 4876 sum
2624 4819 2937 4874 redimeret.
2993 4814 3318 4870 Mezamirus
3389 4810 3561 4880 igitur

294 4899 407 5003 {Cat
433 4898 615 5003 τοίνυν
653 4903 990 4975 Μεζάμηρος
1030 4907 1059 4959 6
1098 4907 1460 4979 πρεσϐευτὴς,
1503 4910 1786 4979 στωμύλος
1813 4927 1872 4963 τε

1980 4919 2213 4988 legatus,
2244 4915 2331 4971 vir
2375 4929 2547 4969 vanus
2584 4921 2641 4967 et
2678 4911 3079 4981 magniloquus,
3123 4907 3215 4961 ubi
3251 4904 3318 4960 ad
3354 4904 3569 4958 Avares

294 4992 371 5044 ὢν
399 4992 497 5045 καὶ
526 4992 828 5065 ὑψαγόρας,
864 4996 943 5059 ὡς
1000 4998 1264 5070 Ἀὁάρους
1317 5000 1651 5070 ἀφικόμενος
1697 5003 1872 5075 ἀπέρ-

1982 5009 2246 5081 pervenit,
2281 5008 2333 5062 in
2363 5005 2531 5063 verba
2571 5003 2888 5075 superbiora
2926 5010 2982 5056 et
3011 5000 3388 5069 arrogantiora
3417 4999 3562 5066 'pro-

296 5081 420 5187 ἑξψξ
743 5087 1071 5160 ὑπερήφανά
1106 5108 1167 5144 τε
1219 5092 1316 5145 καὶ
1373 5092 1686 5164 θρασύτερά
1734 5111 1871 5157 πως.

1980 5101 2143 5168 rupit.
2190 5098 2521 5167 Cotragegus
2551 5106 2733 5151 autem
2768 5094 2878 5159 ille,
2916 5094 3155 5147 Avarum
3186 5101 3448 5160 perquam
3476 5085 3561 5140 fa-

300 5172 486 5274 :I'aﬁ'ra't
509 5191 595 5228 τοι
614 5178 643 5230 6
667 5179 1029 5249 Κοτράγηγος
1063 5182 1109 5215 ⁸⁵
1143 5185 1374 5248 ἐκεῖνος,
1404 5187 1432 5239 6
1459 5188 1574 5249 τοῖς
1621 5186 1872 5257 Ἀὁάροις

1983 5187 2213 5242 miliaris
2246 5195 2301 5241 et
2323 5185 2686 5251 necessarius,
2712 5199 2832 5238 cum
2858 5182 3184 5238 Mezamirus
3218 5176 3566 5239 insolentius,

295 5267 599 5337 ἐπιτήδειος
625 5270 651 5322 6
678 5274 797 5326 κατ’
830 5276 1030 5335 Ἀντῶν
1054 5279 1101 5316 ⁸⁸
1129 5279 1199 5333 τὰ
1231 5278 1455 5349 ἔχθιστα
1504 5279 1872 5350 βουλευσάμε-

1982 5294 2146 5349 quam
2205 5278 2438 5348 legatum
2493 5276 2760 5340 decebat,
2809 5284 2953 5329 esset
3010 5273 3244 5335 locutus,
3301 5268 3566 5336 Chagano

294 5372 403 5419 νος.
423 5361 552 5415 ἐπεὶ
566 5363 946 5438 ὁΜεζάμηρος
968 5370 1300 5443 ὑψηλότερον
1319 5370 1351 5442 ἢ
1370 5371 1510 5426 κατὰ
1527 5371 1873 5444 πρεσϐευτὴν

1984 5370 2164 5424 dixit:
2211 5387 2230 5421 ι
2272 5366 2370 5423 Vir
2402 5367 2492 5423 ille
2549 5382 2758 5437 magna:
2787 5374 2872 5423 est
2917 5366 3058 5436 apud
3104 5365 3275 5418 Antas
3323 5354 3563 5414 auctori-

1562 5458 1797 5520 VAHIE
1850 5464 2253 5521 LECTIONES.

363 5556 412 5588 ⁸⁸
436 5556 533 5639 κα).
557 5557 687 5612 add.
716 5557 774 5612 Β.
860 5559 879 5589 τ
904 5558 963 5611 ού
993 5557 1135 5641 Ἒξδιη
1171 5561 1199 5613 6
1219 5560 1365 5631 vulg.
1442 5561 1487 5593 "
1510 5562 1830 5647 φρονήματα
1858 5559 1947 5622 Ν.,
1982 5560 2327 5651 φρονήματος⁹
2352 5558 2495 5682 vulg.
2559 5558 2604 5589 ⁸⁸
2633 5555 2729 5639 καὶ
2756 5556 2910 5611 deest
2932 5553 3078 5659 vulg.
3105 5552 3152 5592 σο
3174 5548 3439 5662 πετριθῶσι
3465 5548 3560 5616 Ν.,

363 5627 584 5682 ιοαδωσι
637 5627 728 5682 Η..
795 5630 923 5682 περὶ
979 5628 1108 5681 δωσι
1161 5632 1305 5682 vulg.
1383 5632 1425 5663 "
1476 5633 1793 5682 Οὑιγουοοις
1851 5630 1995 5682 vulg.
2074 5632 2118 5662 ⁶¹
2182 5629 2368 5681 Αντων
2468 5629 2563 5682 aL.
2618 5644 2729 5682 των
2775 5627 2919 5682 vuln.
2996 5626 3017 5657 ⁸
3084 5624 3159 5682 ὡς
3203 5622 3314 5676 ο-όν
3369 5637 3426 5673 τε
3471 5621 3560 5682 Β..

298 5626 584 5709 παραδῶσι
624 5627 728 5709 ,Ηη
773 5630 923 5709 ’περὶ
979 5628 1108 5709 ξῶσι
1161 5626 1356 5709 vulg.'_
1383 5626 1824 5709 ⁶¹ηοῦξγούροις⁸
1851 5626 2385 5709 νυίς.⁷““⁶¹’ἶᾼντῶν.
2423 5626 2563 5709 Yal”
2616 5629 2729 5709 τῶν
2775 5627 2919 5697 vulg.
2996 5626 3017 5657 ⁸

298 5697 500 5751 οἴονται
549 5698 692 5768 vulg.
771 5697 813 5731 “
843 5697 1207 5771 Κοτρίγουρος
1237 5697 1380 5772 cenj.
1418 5701 1481 5757 N.
1557 5697 1601 5735 ⁸⁸
1636 5697 1694 5756 et
1743 5701 1883 5756 infra
1924 5697 2122 5755 Ἀντῶν
2164 5698 2302 5767 Val.,
2328 5699 2506 5757 αὐτῶν
2542 5698 2685 5768 vulg.

3084 5624 3159 5687 ὡς
3203 5621 3314 5676 οἷόν
3369 5637 3426 5673 τε
3471 5621 3563 5687 Β..
3637 5633 3654 5646 ’
