4076 6422
500 321 610 383 795

1357 308 1751 372 EXCERPTA
1781 307 1888 370 EX
1922 304 2345 370 MENANDRU
2379 306 2883 369 PROTECTORE

3645 299 3759 363 796’

499 436 648 499 tatis,
678 437 735 486 et
764 430 819 485 in
844 438 1198 497 quoscunque
1216 426 1446 480 voluerit
1465 424 1713 478 inimicos
1736 424 1843 477 vim
1872 434 2067 492 parare

2187 419 2464 491 διελέγετρ,
2488 422 2642 476 εἶπεν
2669 422 2746 485 ὡς
2770 421 2861 474 τὸν
2890 421 3161 486 Χάγανον·
3195 435 3219 468 r
3241 408 3409 477 Οὗτος
3431 415 3459 467 6
3488 411 3628 481 ἀνὴρ
3654 428 3761 499 με·-

496 532 700 596 potest.
760 518 994 589 Oportet
1056 515 1221 585 igitur
1281 514 1458 585 ipsum
1506 514 1573 568 de
1630 513 1808 567 medio
1869 511 2082 575 tollere,

497 615 690 672 deinde
716 610 983 679 intrepide
1017 609 1071 663 in
1106 607 1380 675 regionem
1421 604 1700 658 inimicam
1731 602 2084 658 excursiones

500 705 702 760 facere.
744 719 764 753 ι
802 701 885 755 Ab
918 698 1010 753 illo
1063 696 1280 751 adducti
1313 695 1541 757 Avares,
1600 703 1780 760 Spreta
1826 706 1910 755 ea,
1966 705 2085 760 qua:

501 780 703 864 legatis
732 793 977 854 debetur,
1031 786 1356 849 reverentia,
1391 784 1537 839 nulla
1584 784 1771 838 habita
1809 782 1951 852 juris
2000 797 2087 837 ra-

505 886 674 951 tione,
705 882 857 953 101
887 879 1233 933 Mezamirum
1270 887 1489 931 necant.
1531 876 1595 930 Et
1636 875 1705 930 ab
1730 890 1796 930 eo
1842 886 2084 945 tempore

500 977 665 1033 latius
709 986 764 1028 et
802 970 1027 1027 liberius
1073 959 1669 1039 depoptilariAntarum
1718 977 1918 1021 terram
1967 980 2082 1022 cte-

502 1074 716 1135 perunt,
763 1077 939 1133 neque
983 1061 1228 1131 captivos
1268 1069 1360 1115 aut
1395 1059 1601 1131 praedas
1632 1073 1795 1130 agere
1835 1071 2087 1114 cessave-

504 1165 649 1213 runt.

576 1435 630 1489 4.
683 1434 769 1506 (Α.
804 1433 867 1490 C.
899 1432 1028 1498 εδει,
1057 1432 1172 1487 Iud.
1228 1432 1319 1499 I0,
1348 1429 1550 1489 Justiu.
1580 1428 1699 1501 56.)
1747 1428 2088 1486 Justinlanus

503 1530 709 1600 legatos
756 1528 824 1582 ab
862 1526 1130 1581 Avaribus
1173 1525 1423 1594 excepit,
1464 1523 1555 1591 qui
1608 1524 1994 1592 postulabant,
2031 1530 2090 1577 ut

459 1629 479 1685 \
504 1624 608 1676 illis
633 1621 825 1676 liceret
847 1618 1272 1687 circumspicere
1302 1618 1584 1680 terram,in
1604 1630 1713 1684 qua
1740 1629 1928 1671 eorum
1953 1628 2090 1684 gens

503 1714 659 1768 sedes
689 1722 743 1766 et
769 1710 1049 1787 domicilia
1099 1718 1345 1780 poneret.
1404 1709 1469 1763 Et
1518 1709 1813 1778 imperator
1843 1706 2086 1777 quidem,

503 1802 718 1858 .lnstiuo
744 1802 881 1855 duce
913 1801 1195 1864 suadente,
1232 1799 1286 1853 in
1319 1813 1382 1853 ea
1415 1809 1578 1862 terra,
1621 1798 1708 1851 ubi
1739 1799 1889 1868 prius
1919 1798 2085 1852 habi—

508 1894 696 1948 tabant
741 1890 961 1957 Heruli,
1013 1905 1134 1958 quae
1181 1890 1414 1945 secunda
1482 1888 1766 1943 Pannonia
1817 1899 2085 1956 vocatur,

506 1998 602 2039 eos
627 1982 891 2039 collocare
917 1983 1157 2036 animum
1184 1981 1417 2044 induxit,
1445 1988 1523 2046 et,
1559 1980 1606 2035 si
1634 1980 1742 2036 illis
1766 1980 2080 2050 placuisset,

510 2076 623 2144 ipse
654 2089 757 2129 non
789 2082 934 2129 esset
981 2074 1319 2127 adversatus.
1351 2070 1460 2127 Sed
1492 2072 1698 2127 Avares
1733 2070 1956 2142 Scythia
1984 2068 2087 2125 sibi

507 2164 810 2218 exeundum
866 2177 971 2217 non
1029 2170 1375 2226 censuerunt,
1418 2162 1574 2231 quasi
1622 2162 1783 2232 hujus
1818 2160 2087 2217 desiderio

509 2254 673 2309 valde
716 2261 1051 2308 tenerentur.
1107 2252 1221 2307 lloc
1278 2253 1438 2321 igitur
1472 2252 1572 2306 etsi
1609 2251 1824 2306 irritum
1868 2250 2085 2319 cecidit,

509 2356 691 2400 tamen
723 2342 966 2399 Justinus
997 2344 1200 2415 legatos
1240 2343 1387 2397 misit
1419 2342 1734 2412 Byzantium
1760 2352 1815 2397 et
1845 2343 2085 2410 impera-

510 2448 680 2490 torem
705 2449 799 2490 eos
826 2435 1137 2504 aliquandiu
1176 2435 1423 2489 custodia
1473 2435 1713 2490 retinere
1747 2433 1927 2503 jussit.
1961 2432 2086 2488 Jus-

507 2528 649 2580 tinus
672 2525 815 2579 euim
843 2525 947 2580 sibi
970 2526 1358 2580 conciliaverat
1381 2539 1545 2579 unum
1572 2538 1640 2579 ex
1667 2523 1883 2594 legatis,
1908 2521 2088 2578 (Ecu—

508 2615 782 2669 uimonem
822 2614 1057 2680 nomine,
1085 2613 1176 2683 qui
1211 2623 1424 2668 secreto
1457 2627 1580 2667 eum
1619 2611 1846 2677 monuit,
1880 2611 2086 2665 Avares

507 2706 651 2760 aliud
707 2705 882 2759 inore
926 2702 1129 2758 habere
1177 2711 1233 2757 et
1268 2698 1411 2755 aliud
1460 2700 1683 2756 sentire.
1736 2699 1843 2755 Eos
1892 2699 2087 2754 blanda

507 2810 668 2864 quam
699 2794 935 2849 maxime
967 2792 1216 2849 oratione
1247 2790 1325 2845 uti
1352 2799 1406 2846 et
1433 2806 1545 2846 sua:
1576 2788 1752 2845 fraudi
1792 2789 2088 2863 obtendere

508 2883 815 2939 simulatam
841 2898 970 2953 erga
1016 2881 1293 2935 Romanos
1343 2879 1796 2946 benevolentiam,
1825 2879 2090 2948 tantisper

509 2978 635 3030 dum
668 2971 865 3027 Istrum
903 2970 1196 3041 trajiciant,
1232 2969 1327 3024 sed
1365 2972 1520 3039 longe
1549 2969 1708 3024 aliter
1748 2969 1824 3034 id,
1858 2970 2000 3038 quod
2035 2970 2088 3023 in

509 3073 693 3120 mente
739 3072 971 3134 gerant,
1031 3076 1091 3117 se
1152 3062 1372 3116 habere.
1427 3061 1638 3116 Etenim
1701 3060 1864 3117 simul
1926 3072 2089 3131 atque

508 3156 709 3211 Istrum
748 3154 1174 3219 transmiserint,
1202 3153 1455 3208 omnibus
1483 3153 1655 3223 copiis
1677 3167 1772 3209 eos
1802 3155 1855 3207 in
1885 3152 2084 3207 bellum

508 3257 820 3316 erupturos.
856 3245 989 3312 Quae
1026 3260 1147 3299 cum
1196 3245 1541 3315 cognovisset
1579 3241 1842 3307 Justinus,
1892 3258 2083 3298 eorum

508 3335 752 3391 omnium
801 3335 1181 3404 imperatorem
1225 3335 1513 3388 certiorem
1576 3334 1721 3397 fecit,
1777 3344 1836 3387 ut
1877 3333 2084 3404 legatos

508 3432 746 3482 Avarum
803 3426 1067 3497 Byzantii,
1093 3425 1352 3496 quamdiu
1411 3433 1617 3493 posset,
1658 3425 2084 3480 retineretmec

508 3522 652 3579 enim
687 3520 891 3577 Avares
924 3520 1119 3575 Istrum
1150 3520 1299 3589 prius
1328 3518 1690 3587 trajecturos‘,
1727 3532 1886 3587 quam
1922 3517 2083 3588 legati

508 3613 718 3670 dimissi
745 3620 950 3668 essent.
976 3610 1052 3665 Ea
1079 3626 1201 3665 cum
1235 3607 1480 3665 Justinus
1505 3610 1805 3674 mandaret,
1844 3624 1947 3664 non
1979 3609 2083 3664 mi-

511 3721 614 3762 nus
645 3719 792 3760 curae
831 3712 887 3759 et
917 3716 1098 3772 operae
1128 3700 1473 3771 impendebat
1494 3740 1510 3767 ,
1542 3715 1651 3770 quo
1679 3701 1886 3756 Avares
1931 3699 2082 3754 ﬂuvii

510 3796 831 3867 trajectioue
859 3794 1189 3863 prohiberet.
1219 3792 1428 3847 Bonum
1456 3787 1636 3857 enim,
1659 3790 2081 3847 domesticarum

512 3887 789 3955 cupiarum
841 3885 1069 3948 dacem,
1114 3880 1353 3936 ﬂuminis
1402 3881 1664 3937 custodiae
1708 3881 1967 3951 praefecit.
2013 3884 2082 3937 At

514 3992 645 4033 vero
673 3978 909 4029 Avarum
943 3974 1146 4044 legati,
1180 3973 1269 4027 ubi
1314 3973 1446 4027 nihil
1486 3972 1827 4042 profecerunt
1867 3988 2079 4040 eorum,

513 4082 634 4137 quae
673 4068 743 4120 ab
769 4067 1097 4134 imperatore
1140 4063 1367 4132 petitum
1424 4071 1703 4126 venerant,
1737 4078 1979 4133 munera,
2025 4077 2083 4120 ut

510 4163 832 4212 consuetum
868 4162 1006 4218 erat,
1051 4161 1473 4222 acceperunt,,et
1509 4167 1594 4219 ea,
1638 4168 1757 4222 quae
1799 4154 1903 4210 sibi
1948 4171 2081 4225 opus

510 4255 689 4309 erant,
730 4251 1135 4312 compararunt,
1188 4256 1339 4296 arma
1380 4243 1551 4305 etiam,
1594 4255 1872 4311 emerunt,
1922 4256 1976 4301 et
2007 4250 2081 4302 ita

511 4336 721 4393 dimissi
777 4344 924 4390 sunt.
977 4332 1174 4389 Verum
1222 4333 1516 4402 imperator
1554 4344 1764 4390 secreto
1808 4340 2082 4393 mandavit

509 4426 745 4493 Iustine,
778 4435 838 4480 ut
878 4439 1201 4495 quacunque
1232 4426 1439 4481 ratione
1466 4434 1521 4480 et
1549 4426 1635 4480 via
1671 4438 1873 4497 posset,
1912 4430 1966 4484 in
1996 4445 2081 4484 re-

510 4521 626 4575 ditu
677 4533 827 4573 arma
872 4516 982 4573 illis
1023 4517 1281 4586 eriperet.
1328 4516 1517 4586 Itaque
1562 4518 1672 4572 dux
1710 4535 1833 4575 cum
1876 4520 2085 4592 legatos

510 4610 809 4679 exciperet,
843 4604 1188 4677 imperatoris
1213 4608 1467 4662 mandata
1501 4616 1585 4662 est
1613 4610 2084 4666 exsecutus.'Hinc

510 4707 793 4769 cceperunt
862 4698 1006 4752 inter
1064 4697 1340 4752 Romanos
1405 4707 1462 4752 et
1526 4701 1735 4754 Avares
1781 4700 2083 4756 inimicitiae

513 4789 697 4844 multis
745 4797 901 4842 antea
949 4803 1016 4842 ex
1061 4789 1241 4842 causis
1290 4802 1585 4845 accensae:
1631 4794 1886 4857 maxime,
1937 4795 2083 4863 quod

510 4897 620 4936 non
658 4879 841 4935 statim
871 4877 1031 4948 legati
1068 4893 1255 4934 eorum
1295 4880 1503 4936 dimissi
1551 4891 1755 4936 ensem.
1805 4882 2085 4953 Praecepe-

510 4979 598 5024 rat
631 4970 774 5024 enim
831 4969 1084 5037 Bajanus,
1130 4980 1190 5024 ut
1218 4972 1632 5039 quamprimum
1685 4974 1944 5029 redirent.
1980 4975 2089 5031 Sed

511 5061 802 5129 imperator
832 5076 953 5115 cum
990 5061 1177 5123 sciret,
1214 5061 1342 5129 quid
1385 5061 1711 5130 cogitarent,
1756 5065 1904 5117 varia
1940 5065 2090 5120 idcu-

509 5152 677 5209 tidem
711 5160 1041 5217 tentaverat,
1080 5161 1138 5206 ut
1172 5152 1502 5221 aliquamdiu
1536 5167 1637 5208 eos
1667 5153 1722 5207 in
1768 5156 1902 5211 urbe
1950 5158 2090 5212 deti-

510 5250 685 5296 ueret.

2186 514 2382 585 γίστην
2403 513 2549 565 ἐσότι
2581 511 2971 581 περιϐέϐληται
2997 509 3226 578 δύναμιν
3244 508 3302 559 ἐν
3328 507 3547 567 Ἀνταις
3565 503 3633 568 ⁸⁸,
3648 498 3762 566 οἷός

2184 620 2246 657 τε
2275 604 2483 671 πέφυκε
2516 601 2658 657 κατὰ
2685 600 2794 654 τῶν
2831 599 3081 654 ὁπωσοῦν
3124 594 3275 665 αὐτῷ
3314 591 3585 662 πολεμίων
3619 590 3764 643 ἀντι-

2185 693 2500 748 τάττεσθαι.
2534 696 2627 747 Δεῖ
2650 690 2942 763 τοιγαροῦν
2980 685 3388 755 ἀποκτανθῆναι
3415 681 3627 744 τοῦτον,
3664 678 3763 733 καὶ

2186 788 2248 842 τὸ
2301 786 2485 840 λοιπὸν
2540 784 2713 845 ἀδεῶς
2767 779 3187 852 ἐπιδραμεϊσθαι
3239 777 3338 847 τὴν
3387 774 3695 844 ἀλλοτρίαν.
3733 788 3761 822 ι

2189 878 2375 948 Τούτῳ
2407 878 2720 940 πεισθέντες
2751 876 2804 930 οἱ
2837 874 3066 945 Ἀϐαροι
3091 870 3483 941 παρωσάμενοι
3512 868 3611 937 τὴν
3647 865 3767 919 τῶν

2189 971 2472 1042 πρέσϐεων
2523 970 2676 1034 αξδὼ,
2744 970 2803 1022 ἐν
2858 966 3035 1020 οὐδενί
3075 982 3136 1018 τε
3184 963 3330 1033 λόγῳ
3388 960 3607 1031 θέμενοι
3661 958 3769 1025 τὴν

2186 1065 2365 1134 δίκην,
2397 1062 2680 1131 ἀναιροῦσι
2711 1060 2801 1114 τδν
2822 1059 3180 1130 Μεζάμηρον.
3225 1057 3314 1121 Ἐξ
3338 1055 3547 1109 ἐκείνου
3575 1051 3769 1115 πλέον,

2189 1154 2516 1226 ἢπρότερον
2561 1154 2624 1218 ⁸⁷,
2656 1149 3007 1222 ἐτεμνον”τὴν
3060 1149 3165 1218 γῆν
3216 1146 3326 1200 τῶν
3394 1142 3618 1209 Ἀντῶν,
3670 1141 3769 1196 καὶ

2187 1247 2289 1301 οὐκ
2318 1247 2539 1301 ἀνίεσαν
2575 1241 3089 1316 ἀνδραποδιζόμενοι
3124 1238 3218 1293 καὶ
3251 1238 3296 1270 ⁸⁸
3326 1234 3551 1304 ἄγοντές
3576 1252 3638 1288 τε
3668 1232 3774 1286 καὶ

2188 1341 2468 1412 φέροντες.

2258 1428 2326 1485 δ’.
2378 1430 2503 1483 Ὀτι
2575 1426 2797 1493 ἐδέξατο
2861 1422 3236 1487 ’Ῐουστινιανδς
3294 1421 3450 1492 παρὰ
3515 1417 3767 1486 Ἀϐάρων

2192 1521 2474 1593 πρέσϐεις.
2499 1518 2586 1586 ἔφ’
2618 1510 2665 1584 ᾧ
2688 1517 2830 1586 σφᾶς
2854 1515 3219 1588 περιαθρῆσαι
3254 1515 3379 1583 γῆν,
3412 1512 3535 1564 ὅποι
3566 1509 3626 1561 τὸ
3658 1508 3767 1577 φῦ-

2190 1610 2285 1665 λον
2313 1611 2570 1681 θήσονται
2620 1607 2722 1670 τὰς
2770 1607 3032 1678 οίκήσεις.
3085 1606 3195 1658 Καὶ
3248 1603 3278 1656 6
3332 1603 3434 1674 μὲν
3485 1600 3763 1672 βασιλεὺς,

2204 1701 2491 1757 Ἰουστίνου
2524 1698 2620 1753 τοῦ
2667 1695 2973 1770 στρατηγοῦ
3000 1694 3343 1766 σημήναντός
3371 1694 3443 1756 οἱ,
3492 1692 3550 1746 ὲν
3596 1690 3764 1761 βουλῇ

2192 1794 2486 1863 ἐποιήσατο
2514 1791 2570 1854 ἐς
2593 1788 2691 1861 τὴν
2734 1787 3000 1859 Ἐρούλων
3037 1787 3081 1819 ⁸³
3111 1784 3297 1856 χώραν
3348 1782 3655 1837 κατοικίσαι
3701 1781 3770 1835 τὸ

2190 1883 2363 1949 ἔθνος,
2405 1882 2532 1935 ἔνθα
2581 1879 2783 1953 προτοῦ
2821 1878 2999 1951 ᾧκουν
3029 1880 3079 1933 οἱ
3123 1876 3377 1948 Ἔρουλοι
3416 1892 3433 1909 ⁸
3458 1875 3685 1944 δευτέρα
3707 1874 3770 1927 δὲ

2190 1970 2659 2045 προσαγορεύεται
2680 1968 2908 2025 Παιονία
2929 1983 2945 2001 ο
2975 1967 3072 2022 καὶ⁵
3111 1966 3165 2020 εί
3201 1983 3265 2035 γε
3298 1963 3545 2034 θυμῆρες
3578 1962 3770 2025 αὐτοῖς

2190 2064 2429 2134 ἐγένετο,
2458 2062 2553 2116 καὶ
2583 2060 2907 2115 κατένευσεν
2932 2060 2998 2114 ἂν
3018 2058 3063 2092 ⁷ο
3092 2060 3122 2112 6
3148 2055 3420 2129 βασιλεύς.
3457 2053 3597 2108 Ἀλλ’
3617 2054 3770 2107 susi-

2191 2172 2272 2211 νοι
2307 2153 2540 2217 Σκυθίας
2581 2151 2643 2206 οὔ
2673 2170 2728 2206 τι
2756 2151 2924 2224 ᾤοντο
2950 2152 3072 2219 ,δεῖν
3101 2148 3323 2204 ἔσεσθαι
3352 2147 3508 2212 ἐκτός
3534 2164 3549 2179 ο
3591 2145 3770 2213 αὐτῆς

2189 2246 2299 2318 γὰρ
2322 2240 2591 2317 δήπουθεν
2620 2244 2766 2298 ἐσότι
2793 2245 3031 2313 ἐφίεντο.
3059 2242 3230 2297 Τοῦτο
3258 2243 3357 2314 μὲν
3379 2239 3474 2296 οῦν
3499 2243 3560 2295 οὐ
3588 2240 3771 2313 «pob.

2191 2339 2284 2410 ϐη,
2317 2339 2525 2392 ἔστειλε
2556 2338 2613 2392 δέ
2661 2338 2810 2408 ὅμως
2875 2337 3158 2399 Ἰουστῖνος
3213 2337 3243 2389 6
3282 2334 3588 2406 στρατηγὸς
3639 2335 3771 2397 τοὺς

2192 2431 2452 2504 πρέσϐεις
2482 2433 2540 2495 ἐς
2570 2430 2633 2484 τδ
2676 2429 2992 2496 Βυζάντιον,
3033 2428 3272 2499 ἐδήλωσέ
3309 2444 3373 2482 τε
3402 2426 3482 2497 τῷ
3536 2427 3770 2496 βασιλεῖ,

2190 2526 2266 2589 ὠς
2290 2526 2357 2579 ἂν
2379 2523 2546 2579 αὑτοῦ
2570 2525 2627 2578 ἐν
2648 2527 2852 2594 κατοχῇ
2877 2521 3088 2577 ἔσοιντο
3110 2522 3205 2575 ἐπὶ
3226 2519 3382 2575 πολύ.
3419 2520 3775 2589 Ἐφιλοποιή-

2195 2633 2326 2671 σατο
2350 2616 2395 2649 τί
2427 2614 2538 2685 γὰρ
2568 2615 2677 2668 τῶν
2707 2611 2988 2683 πρέσϐεων
3034 2612 3132 2666 ἕνα
3169 2612 3341 2681 ὄνομα
3370 2597 3720 2679 Οἰκουνίμων
3751 2624 3768 2641 ·

2190 2705 2249 2758 ἐν
2279 2704 2580 2776 ἀπορρήτῳ
2602 2704 2662 2757 τέ
2709 2704 2758 2756 oi
2802 2702 2988 2771 ἔλεγεν
3014 2703 3044 2756 6
3084 2701 3446 2770 Οἰκουνίμων,
3481 2701 3556 2763 ὡς
3601 2699 3775 2771 ἔτερα

2189 2793 2564 2864 διαλεγόμενοι
2619 2792 2783 2863 ἕτερα
2838 2788 3272 2860 γνωματεύουσι,
3318 2787 3411 2855 καὶ
3461 2785 3537 2849 ὡς
3585 2785 3775 2851 λόγοις

2196 2884 2295 2954 μὲν
2322 2884 2380 2948 ἐς
2407 2882 2477 2936 τὰ
2508 2881 2745 2952 μάλιστα
2801 2880 3045 2955 μετρίοις
3094 2879 3334 2950 χρῶνται
3377 2878 3467 2931 καὶ
3515 2875 3638 2949 [ὡς]
3668 2877 3773 2946 τὴν

2190 2974 2495 3030 ἐπιείκειαν
2526 2973 2938 3043 παραπέτασμα
2969 2970 3360 3043 προϐάλλονται
3390 2969 3485 3022 τοῦ
3511 2969 3668 3023 δόλου
3698 2971 3770 3034 ⁷³,

2114 3093 2157 3151 c
2193 3066 2270 3138 τῷ
2294 3066 2608 3138 ἐμπεδῶσαι
2645 3065 2805 3136 δῆθεν
2842 3064 2902 3117 τὸ
2946 3062 3135 3117 εὖνουν
3167 3062 3242 3126 ὼς
3267 3062 3395 3126 τοὺς
3435 3060 3769 3131 Ῥωμαίους,

2193 3158 2269 3223 ὡς
2298 3157 2364 3212 ἂν
2415 3157 2588 3229 ταύτῃ
2626 3156 3080 3227 διαπεραιωθεῖεν
3107 3156 3199 3211 τὸν
3229 3157 3466 3227 Ἵστρον,
3499 3156 3562 3209 τὸ
3599 3156 3656 3210 δέ
3701 3171 3767 3223 γε

2195 3250 2517 3322 βουλόμενον
2570 3249 2752 3311 αὐτοῖς
2808 3248 2910 3318 τῆς
2961 3247 3186 3318 γνώμης
3224 3248 3338 3318 ἔχει
3383 3247 3609 3319 ἐτέρως,
3670 3249 3763 3301 καὶ

2192 3342 2291 3403 ὡς,
2325 3341 2440 3408 εἴγε
2473 3338 2736 3394 διέλθοιεν
2764 3342 2855 3393 τὸν
2883 3340 3153 3410 ποταμὸν,
3179 3339 3460 3410 βούλονται
3489 3356 3769 3409 πανστρα-

2191 3435 2276 3488 τεὶ
2305 3433 2607 3487 ἐπιθέσθαι.
2648 3433 2868 3486 Τούτων
2922 3429 3017 3486 οὖν
3059 3433 3339 3495 Ἰουστῖνος
3383 3429 3768 3500 ἐγνωσμένων,

2190 3523 2340 3593 αὑτῷ
2369 3522 2448 3594 τῷ
2479 3522 2690 3593 βασιλεῖ
2717 3522 3013 3592 ἐσήμηνεν,
3045 3521 3121 3585 ὡς
3151 3520 3219 3575 ἂν
3265 3523 3314 3575 oi
3354 3520 3612 3591 πρέσϐεις
3655 3521 3772 3574 τῶν

2203 3615 2451 3687 ’Δϐόιρων
2480 3615 2936 3687 ἐγκαθειργμένοι
2965 3609 3098 3670 ὦσιν
3149 3616 3207 3669 ἐν
3243 3614 3520 3688 Βυζαντίῳ
3543 3632 3557 3646 ·
3587 3614 3770 3686 ταύτῃ

2193 3708 2302 3780 γὰρ
2327 3708 2429 3761 οὐκ
2458 3707 2735 3774 ἀνέξοιντο
2757 3706 2987 3761 διελθεῖν
3017 3706 3080 3760 τὸ
3118 3704 3334 3778 ῥεῖθρον
3353 3746 3368 3771 ,
3418 3705 3549 3775 πρὶν
3585 3705 3618 3775 ἢ
3659 3690 3771 3774 ἀφ..

2190 3801 2388 3855 εθῶσιν
2413 3803 2463 3855 οἱ
2482 3799 2740 3868 πρέσϐεις
2761 3838 2778 3854 .
2817 3798 2905 3853 Ἐν
2931 3791 2976 3866 ᾧ
3000 3798 3057 3853 δὲ
3071 3799 3247 3852 ταῦτα
3271 3799 3545 3869 ἔπρασσεν
3567 3799 3595 3850 6
3629 3798 3770 3850 ἰου-

2192 3894 2391 3958 στῖνος,
2416 3892 2511 3961 οὐχ
2537 3887 2701 3965 ἦττον
2734 3892 3178 3962 παρεσκευάζετο
3215 3890 3333 3961 ἅμα
3364 3889 3618 3958 φυλάξων
3665 3889 3769 3953 τὰς

2189 3980 2467 4044 διαϐάσεις
2512 3978 2608 4033 τοῦ
2636 3981 2879 4051 ποταμοῦ
2906 4020 2922 4035 .
2954 3979 3133 4033 Βῶνον
3171 3978 3277 4052 γὰρ
3315 3979 3405 4033 τὸν
3445 3980 3764 4050 πρωτοστά-

2188 4090 2288 4144 την
2315 4073 2410 4128 τοῦ
2459 4071 2680 4140 θητικοῦ
2721 4073 2817 4127 καὶ
2868 4071 3138 4126 οἰκετικοῦ
3160 4074 3225 4143 τῇ
3248 4071 3343 4125 τοῦ
3382 4071 3621 4143 ποταμοῦ
3648 4071 3759 4125 ὰπ-

2189 4163 2371 4233 ένειμε
2388 4161 2625 4234 φυλακῇ.
2643 4163 2705 4215 Oi
2718 4162 2776 4217 δέ
2792 4162 3050 4232 πρέσϐεις
3069 4162 3179 4215 τῶν
3206 4161 3451 4233 Ἀϐἀρων
3472 4161 3593 4214 ἐπεὶ
3606 4161 3763 4214 οὐδέν

2189 4271 2240 4306 τι
2271 4251 2488 4323 ὤνησαν
2512 4248 2698 4323 ὧνπερ
2729 4252 3007 4315 αἰτοῦντες
3035 4252 3172 4322 πρὸς
3202 4250 3429 4321 βασιλέα
3480 4250 3764 4320 ἀφίκοντο,

2189 4343 2356 4415 δῶρα,
2386 4344 2575 4414 ὥσπερ
2598 4344 2828 4414 σύνηθες
2853 4338 2922 4415 ἦν
2974 4344 3181 4411 αὐτοῖς,
3230 4344 3361 4415 παρ’
3409 4342 3575 4396 αὑτοῦ
3625 4340 3769 4411 εἰλη-

2190 4435 2372 4503 φότες,
2407 4436 2502 4488 καὶ
2533 4435 2634 4504 μὲν
2659 4434 2751 4488 οὖν
2783 4435 3126 4507 ὠνησάμενοι
3157 4436 3229 4490 τά
3257 4437 3357 4489 ὅσα
3376 4434 3575 4505 χρεὼν,
3606 4432 3771 4488 τοῦτο

2187 4526 2244 4578 δὲ
2283 4526 2378 4581 καὶ
2413 4526 2596 4579 ὃπλων
2616 4527 2684 4593 ⁷³,
2713 4526 2995 4598 ἀφέθησαν
3028 4528 3128 4598 μέν
3152 4543 3169 4560 ⁶
3202 4528 3355 4595 ὅμως
3380 4527 3443 4580 ’δὲ
3489 4526 3585 4580 οῦν
3629 4527 3768 4579 ‘lou-

2190 4617 2356 4685 στίνῳ
2377 4616 2553 4687 λάθρα
2580 4618 2968 4674 ἐνεκελεύσατο
3004 4622 3034 4674 6
3071 4620 3328 4690 βασιλεὺς
3352 4618 3541 4690 τρόπῳ
3570 4620 3671 4688 rip}
3697 4619 3771 4671 τὰ

2141 4683 2335 4761 ιὸπλα-
2360 4683 2661 4777 ἀφελέσθαι
2697 4710 2851 4781 παρὰ
2899 4683 3084 4780 σφῶν..
3106 4712 3216 4766 Καὶ
3261 4707 3356 4765 οὖν
3456 4683 3769 4782 στρατηγὸς

2184 4801 2308 4854 ἐπεὶ
2332 4800 2551 4865 ἐδέξατό
2591 4820 2656 4872 γε
2710 4802 2866 4866 αὖθις
2919 4804 3240 4867 ἐπανιόντας
3292 4805 3423 4868 τοὺς
3477 4803 3766 4874 πρέσϐεις,

2185 4890 2329 4944 κατὰ
2364 4888 2539 4944 ταῦτα
2593 4890 2789 4945 ἐποίει.
2837 4890 3119 4946 Ἐντεῦθεν
3150 4891 3354 4963 ἧρξατο
3385 4892 3419 4962 ἡ
3469 4891 3769 4961 δυσμένεια

2202 4979 2489 5050 Ῥωμαίων
2506 4997 2568 5034 τε
2606 4983 2702 5035 καὶ
2735 4982 3001 5055 Ἀϐἀρων,
3033 4984 3137 5053 ἤδη
3173 4984 3238 5036 ἐκ
3265 4981 3462 5037 πολλοῦ
3488 4982 3769 5052 ὑπότυφο-

2191 5070 2352 5141 μένη,
2392 5071 2486 5125 καὶ
2526 5059 2762 5149 μάλιστα
2798 5074 2874 5145 τῷ
2919 5074 2992 5144 μὴ
3018 5073 3094 5137 ὡς
3116 5074 3310 5128 θᾶττον
3338 5074 3611 5144 ἀφεθῆναι
3634 5074 3767 5137 τοὺς

2189 5160 2471 5233 πρέσϐεις.
2503 5164 2880 5235 Συνεχέστατα
2910 5166 3021 5237 γὰρ
3046 5167 3321 5239 ἐσήμηνεν
3344 5166 3373 5218 6
3403 5166 3657 5231 Βαῖανὸς,
3689 5166 3783 5241 ὡς.

2187 5248 2252 5302 ἂν
2283 5249 2632 5304 ἐπανέλθοιεν
2665 5269 2680 5285 ο
2719 5251 2782 5305 τὸ
2834 5253 3209 5323 μελετώμενον
3236 5252 3296 5307 δέ
3327 5253 3474 5322 σάφα
3528 5252 3768 5306 ἐπιστά-

511 5346 671 5401 ινενος
698 5330 726 5383 6
755 5329 1009 5399 βασιλεὺς
1051 5327 1240 5383 ἄλλοτε
1271 5327 1317 5361 ⁷⁵
1346 5329 1520 5395 ἄλλως
1560 5331 1780 5386 διετίθει
1809 5333 1868 5387 τὸ
1894 5336 2088 5406 παρὸν,
2130 5339 2281 5404 ὅπως
2306 5344 2364 5404 ἐς
2390 5341 2490 5415 τὴν
2519 5343 2765 5415 βασιλίδα
2796 5345 2953 5397 πόλιν
2973 5344 3427 5416 ἐγκαθειργμένοι
3474 5340 3585 5398 εἶεν
3619 5345 3692 5400 ⁷⁵.

1777 5424 2012 5482 νΑιιιΑε
2052 5429 2458 5491 LECTIONES.

576 5512 622 5547 “
648 5514 872 5574 ’Λνταις
901 5511 1037 5579 Val.,
1074 5530 1110 5568 α
1145 5514 1267 5576 ταῖς
1314 5513 1459 5582 vulg.
1534 5514 1577 5547 ⁶⁷

576 5518 622 5547 ⁵⁵
648 5518 872 5596 Ἀνταις
901 5518 1037 5579 Val.,
1074 5530 1110 5568 α
1145 5518 1267 5576 ταῖς
1314 5518 1459 5582 vulg.
1534 5518 1577 5547 ⁶⁷
1611 5518 1668 5637 ἢλ
1704 5518 1968 5586 πρότερον
2020 5520 2113 5589 Η.,
2164 5541 2224 5578 τε
2279 5544 2321 5578 π
2358 5528 2545 5601 ότερον
2597 5532 2743 5603 vulg.

417 5625 435 5640 ,
505 5584 550 5615 ον
591 5583 857 5668 Ἐρούλων
884 5592 974 5668 ﬁt.
995 5599 1118 5668 mox
1151 5582 1399 5668 Ἐρουλοι
1531 5583 1647 5668 ,"E‘
1670 5587 1849 5668 ούρων
1878 5598 1933 5668 et
1967 5591 2225 5668 "Elcopot
2255 5544 2395 5668 vufg.
2479 5600 2524 5632 7°
2549 5602 2614 5655 ἂν
2646 5618 2740 5668 pos

2822 5532 2866 5565 ⁸⁸
2895 5531 2991 5585 καὶ
3043 5540 3170 5587 ante
3202 5531 3425 5601 ἄγοντές
3459 5546 3571 5584 om.
3606 5532 3755 5603 vulg.

2479 5600 2614 5672 "div
2646 5600 2766 5671 post
2813 5604 3142 5657 κατένευσεν
3170 5619 3288 5672 pos.
3332 5604 3411 5664 8.,
3444 5605 3529 5669 ἐγ.
3583 5603 3652 5653 ἂν
3705 5600 3760 5660 κ,

509 5652 827 5745 almae.
884 5652 1586 5745 ’έηῑεξιὶεξῖξλιήῖσέτι-.βεινηε-
2142 5666 2284 5737 νυιε·
2365 5670 2408 5702 τ’
2457 5652 2826 5744 δούλουίνυιε.
2904 5674 2949 5706 τε
2990 5652 3198 5745 δπλωνῑ
3237 5673 3437 5743 πλῆθος
3485 5652 3626 5726 lum.
3693 5672 3761 5727 Ν.

508 5722 555 5752 ⁷³
578 5718 871 5788 morali"
897 5718 1024 5777 ἄλλο
1045 5723 1189 5795 vulg.
1224 5718 1236 5724 ⁷
1264 5724 1309 5756 ⁷⁵
1332 5718 1440 5778 εἷεν
1471 5722 1611 5791 νει,
1632 5718 1769 5781 εἶναι
1813 5718 1959 5800 vulg.
