  <div class='ocr_page' id='page_1' title='image "/cluster/home/n/w/nwhite01/storage/ocr_20150623/113:no.2/coo.31924054870179/410.png"; bbox 0 0 4076 6416; ppageno 0'>
   <div class='ocr_carea' id='block_1_1' title="bbox 341 309 446 374">
    <p class='ocr_par' dir='ltr' id='par_1_1' title="bbox 341 309 446 374">
     <span class='ocr_line' id='line_1_1' title="bbox 341 309 446 374; baseline 0 0"><span class='ocrx_word' id='word_1_1' title='bbox 341 309 446 374; x_wconf 80' lang='lat'><strong>797</strong></span> 
     </span>
    </p>
   </div>
   <div class='ocr_carea' id='block_1_2' title="bbox 1130 313 2790 390">
    <p class='ocr_par' dir='ltr' id='par_1_2' title="bbox 1130 313 2790 390">
     <span class='ocr_line' id='line_1_2' title="bbox 1130 313 2790 390; baseline 0.009 -15"><span class='ocrx_word' id='word_1_2' title='bbox 1130 313 1228 376; x_wconf 92' lang='lat' dir='ltr'><strong>DE</strong></span> <span class='ocrx_word' id='word_1_3' title='bbox 1265 313 1836 380; x_wconf 87' lang='lat' dir='ltr'><strong>LEGATIONIBUS</strong></span> <span class='ocrx_word' id='word_1_4' title='bbox 1868 317 2226 385; x_wconf 87' lang='lat' dir='ltr'><strong>GENTIUM</strong></span> <span class='ocrx_word' id='word_1_5' title='bbox 2264 324 2365 386; x_wconf 77' lang='lat' dir='ltr'><strong>AD</strong></span> <span class='ocrx_word' id='word_1_6' title='bbox 2406 324 2790 390; x_wconf 77' lang='lat' dir='ltr'><strong>ROMANOS.</strong></span> 
     </span>
    </p>
   </div>
   <div class='ocr_carea' id='block_1_3' title="bbox 3498 325 3612 392">
    <p class='ocr_par' dir='ltr' id='par_1_3' title="bbox 3498 325 3612 392">
     <span class='ocr_line' id='line_1_3' title="bbox 3498 325 3612 392; baseline 0 0"><span class='ocrx_word' id='word_1_7' title='bbox 3498 325 3612 392; x_wconf 78' lang='lat'><strong>798</strong></span> 
     </span>
    </p>
   </div>
   <div class='ocr_carea' id='block_1_4' title="bbox 407 423 1935 508">
    <p class='ocr_par' dir='ltr' id='par_1_4' title="bbox 407 423 1927 503">
     <span class='ocr_line' id='line_1_4' title="bbox 407 423 1927 503; baseline 0.006 -25"><span class='ocrx_word' id='word_1_8' title='bbox 407 431 471 479; x_wconf 86' lang='grc' dir='ltr'>ε’.</span> <span class='ocrx_word' id='word_1_9' title='bbox 501 424 626 480; x_wconf 84' lang='grc' dir='ltr'>Ὅτι</span> <span class='ocrx_word' id='word_1_10' title='bbox 657 423 751 479; x_wconf 70' lang='grc' dir='ltr'>ἐπὶ</span> <span class='ocrx_word' id='word_1_11' title='bbox 789 423 1079 480; x_wconf 83' lang='grc' dir='ltr'>Ἵουστίνου</span> <span class='ocrx_word' id='word_1_12' title='bbox 1131 429 1227 481; x_wconf 80' lang='grc' dir='ltr'><strong>τοῦ</strong></span> <span class='ocrx_word' id='word_1_13' title='bbox 1268 428 1410 483; x_wconf 85' lang='grc' dir='ltr'><strong>Νέου</strong></span> <span class='ocrx_word' id='word_1_14' title='bbox 1457 432 1506 484; x_wconf 87' lang='grc' dir='ltr'>οἱ</span> <span class='ocrx_word' id='word_1_15' title='bbox 1533 430 1644 484; x_wconf 90' lang='grc' dir='ltr'><strong>τῶν</strong></span> <span class='ocrx_word' id='word_1_16' title='bbox 1681 430 1927 503; x_wconf 80' lang='grc' dir='ltr'>Ἀϐάρων</span> 
     </span>
    </p>
   </div>
   <div class='ocr_carea' id='block_1_5' title="bbox 2021 423 3614 508">
    <p class='ocr_par' dir='ltr' id='par_1_5' title="bbox 2099 434 3614 508">
     <span class='ocr_line' id='line_1_5' title="bbox 2099 434 3614 508; baseline 0.001 -18"><span class='ocrx_word' id='word_1_17' title='bbox 2099 435 2154 490; x_wconf 84' lang='grc'><strong>5.</strong></span> <span class='ocrx_word' id='word_1_18' title='bbox 2195 435 2284 507; x_wconf 82' lang='grc' dir='ltr'><strong>(Α.</strong></span> <span class='ocrx_word' id='word_1_19' title='bbox 2315 437 2376 492; x_wconf 85' lang='lat' dir='ltr'><strong>C.</strong></span> <span class='ocrx_word' id='word_1_20' title='bbox 2412 437 2518 492; x_wconf 84' lang='lat'><strong>566</strong></span> <span class='ocrx_word' id='word_1_21' title='bbox 2551 438 2660 492; x_wconf 89' lang='lat' dir='ltr'><strong>ind.</strong></span> <span class='ocrx_word' id='word_1_22' title='bbox 2689 439 2779 504; x_wconf 78' lang='grc' dir='ltr'>Η,</span> <span class='ocrx_word' id='word_1_23' title='bbox 2810 434 3010 491; x_wconf 85' lang='lat' dir='ltr'><strong>Justini</strong></span> <span class='ocrx_word' id='word_1_24' title='bbox 3045 437 3124 508; x_wconf 73' lang='lat'><strong>2.)</strong></span> <span class='ocrx_word' id='word_1_25' title='bbox 3151 437 3365 493; x_wconf 70' lang='lat' dir='ltr'><strong>Iustino</strong></span> <span class='ocrx_word' id='word_1_26' title='bbox 3386 436 3614 493; x_wconf 77' lang='lat' dir='ltr'><strong>JuniOre</strong></span> 
     </span>
    </p>
   </div>
   <div class='ocr_carea' id='block_1_6' title="bbox 330 517 1914 597">
    <p class='ocr_par' dir='ltr' id='par_1_6' title="bbox 330 517 1914 597">
     <span class='ocr_line' id='line_1_6' title="bbox 330 517 1914 597; baseline 0.004 -25"><span class='ocrx_word' id='word_1_27' title='bbox 330 517 594 589; x_wconf 86' lang='grc' dir='ltr'>πρέσϐεις</span> <span class='ocrx_word' id='word_1_28' title='bbox 625 517 992 588; x_wconf 75' lang='grc' dir='ltr'><strong>παρεγένοντο</strong></span> <span class='ocrx_word' id='word_1_29' title='bbox 1015 519 1072 571; x_wconf 79' lang='grc' dir='ltr'><strong>ἐν</strong></span> <span class='ocrx_word' id='word_1_30' title='bbox 1102 518 1398 590; x_wconf 77' lang='grc' dir='ltr'>Βυζαντίῳ,</span> <span class='ocrx_word' id='word_1_31' title='bbox 1426 523 1496 577; x_wconf 82' lang='grc' dir='ltr'>τὰ</span> <span class='ocrx_word' id='word_1_32' title='bbox 1523 525 1732 596; x_wconf 82' lang='grc' dir='ltr'>συνήθη</span> <span class='ocrx_word' id='word_1_33' title='bbox 1763 524 1914 597; x_wconf 86' lang='grc' dir='ltr'>δῶρα</span> 
     </span>
    </p>
   </div>
   <div class='ocr_carea' id='block_1_7' title="bbox 328 609 1916 682">
    <p class='ocr_par' dir='ltr' id='par_1_7' title="bbox 328 609 1916 682">
     <span class='ocr_line' id='line_1_7' title="bbox 328 609 1916 682; baseline 0.006 -17"><span class='ocrx_word' id='word_1_34' title='bbox 328 611 650 682; x_wconf 75' lang='grc' dir='ltr'><strong>ληψόμενοι,</strong></span> <span class='ocrx_word' id='word_1_35' title='bbox 679 610 823 681; x_wconf 75' lang='grc' dir='ltr'>ἅπερ</span> <span class='ocrx_word' id='word_1_36' title='bbox 849 609 930 680; x_wconf 84' lang='grc' dir='ltr'>τῷ</span> <span class='ocrx_word' id='word_1_37' title='bbox 983 612 1103 667; x_wconf 87' lang='grc' dir='ltr'>κατ’</span> <span class='ocrx_word' id='word_1_38' title='bbox 1153 612 1352 678; x_wconf 83' lang='grc' dir='ltr'>αὐτοὺς</span> <span class='ocrx_word' id='word_1_39' title='bbox 1401 613 1544 670; x_wconf 74' lang='grc' dir='ltr'>ἔθνει</span> <span class='ocrx_word' id='word_1_40' title='bbox 1599 618 1916 674; x_wconf 83' lang='grc' dir='ltr'>Ἱουστινια-</span> 
     </span>
    </p>
   </div>
   <div class='ocr_carea' id='block_1_8' title="bbox 329 703 1913 780">
    <p class='ocr_par' dir='ltr' id='par_1_8' title="bbox 329 703 1913 780">
     <span class='ocr_line' id='line_1_8' title="bbox 329 703 1913 780; baseline 0.004 -21"><span class='ocrx_word' id='word_1_41' title='bbox 329 705 422 768; x_wconf 82' lang='grc' dir='ltr'><strong>νὸς</strong></span> <span class='ocrx_word' id='word_1_42' title='bbox 449 704 479 756; x_wconf 82' lang='grc' dir='ltr'>ὁ</span> <span class='ocrx_word' id='word_1_43' title='bbox 510 703 620 775; x_wconf 80' lang='grc' dir='ltr'>πρὸ</span> <span class='ocrx_word' id='word_1_44' title='bbox 655 703 750 758; x_wconf 83' lang='grc' dir='ltr'>τοῦ</span> <span class='ocrx_word' id='word_1_45' title='bbox 779 703 1034 774; x_wconf 81' lang='grc' dir='ltr'>βασιλεὺς</span> <span class='ocrx_word' id='word_1_46' title='bbox 1060 705 1232 761; x_wconf 84' lang='grc' dir='ltr'>ἐδίδου</span> <span class='ocrx_word' id='word_1_47' title='bbox 1259 723 1274 738; x_wconf 87' lang='grc'><strong>·</strong></span> <span class='ocrx_word' id='word_1_48' title='bbox 1315 703 1458 780; x_wconf 76' lang='grc' dir='ltr'>ἦσαν</span> <span class='ocrx_word' id='word_1_49' title='bbox 1496 710 1554 764; x_wconf 81' lang='grc' dir='ltr'>δὲ</span> <span class='ocrx_word' id='word_1_50' title='bbox 1587 711 1825 767; x_wconf 86' lang='grc' dir='ltr'>καλώδιά</span> <span class='ocrx_word' id='word_1_51' title='bbox 1853 729 1913 766; x_wconf 90' lang='grc' dir='ltr'><strong>τε</strong></span> 
     </span>
    </p>
   </div>
   <div class='ocr_carea' id='block_1_9' title="bbox 329 797 1915 874">
    <p class='ocr_par' dir='ltr' id='par_1_9' title="bbox 329 797 1915 874">
     <span class='ocr_line' id='line_1_9' title="bbox 329 797 1915 874; baseline 0.006 -23"><span class='ocrx_word' id='word_1_52' title='bbox 329 797 518 869; x_wconf 84' lang='grc' dir='ltr'>χρυσῷ</span> <span class='ocrx_word' id='word_1_53' title='bbox 544 798 1061 870; x_wconf 75' lang='grc' dir='ltr'><strong>διαπεποικιλμένα,</strong></span> <span class='ocrx_word' id='word_1_54' title='bbox 1089 802 1148 864; x_wconf 84' lang='grc' dir='ltr'><strong>ἐς</strong></span> <span class='ocrx_word' id='word_1_55' title='bbox 1176 800 1236 854; x_wconf 82' lang='grc' dir='ltr'>τὸ</span> <span class='ocrx_word' id='word_1_56' title='bbox 1267 803 1472 874; x_wconf 77' lang='grc' dir='ltr'>εἵργειν</span> <span class='ocrx_word' id='word_1_57' title='bbox 1501 820 1555 857; x_wconf 88' lang='grc' dir='ltr'><strong>τι</strong></span> <span class='ocrx_word' id='word_1_58' title='bbox 1583 803 1692 858; x_wconf 89' lang='grc' dir='ltr'><strong>τῶν</strong></span> <span class='ocrx_word' id='word_1_59' title='bbox 1721 807 1915 860; x_wconf 77' lang='grc' dir='ltr'>ἀποδιο</span> 
     </span>
    </p>
   </div>
   <div class='ocr_carea' id='block_1_10' title="bbox 327 885 1915 966">
    <p class='ocr_par' dir='ltr' id='par_1_10' title="bbox 327 885 1915 966">
     <span class='ocr_line' id='line_1_10' title="bbox 327 885 1915 966; baseline 0.005 -24"><span class='ocrx_word' id='word_1_60' title='bbox 327 887 678 959; x_wconf 87' lang='grc' dir='ltr'>δρασκόντων</span> <span class='ocrx_word' id='word_1_61' title='bbox 755 885 1170 962; x_wconf 68' lang='grc' dir='ltr'>ἐπινενοημένα,</span> <span class='ocrx_word' id='word_1_62' title='bbox 1232 893 1328 946; x_wconf 79' lang='grc' dir='ltr'>καὶ</span> <span class='ocrx_word' id='word_1_63' title='bbox 1391 894 1569 948; x_wconf 88' lang='grc' dir='ltr'>κλῖναι</span> <span class='ocrx_word' id='word_1_64' title='bbox 1617 896 1666 928; x_wconf 74' lang='grc'><strong>⁷⁸</strong></span> <span class='ocrx_word' id='word_1_65' title='bbox 1711 896 1915 966; x_wconf 86' lang='grc' dir='ltr'>ὁμοίως</span> 
     </span>
    </p>
   </div>
   <div class='ocr_carea' id='block_1_11' title="bbox 328 980 1914 1058">
    <p class='ocr_par' dir='ltr' id='par_1_11' title="bbox 328 980 1914 1058">
     <span class='ocr_line' id='line_1_11' title="bbox 328 980 1914 1058; baseline 0.001 -22"><span class='ocrx_word' id='word_1_66' title='bbox 328 981 426 1036; x_wconf 75' lang='grc' dir='ltr'>καὶ</span> <span class='ocrx_word' id='word_1_67' title='bbox 463 980 601 1036; x_wconf 77' lang='grc' dir='ltr'>ἄλλα</span> <span class='ocrx_word' id='word_1_68' title='bbox 627 980 752 1035; x_wconf 83' lang='grc' dir='ltr'>τινὰ</span> <span class='ocrx_word' id='word_1_69' title='bbox 787 981 845 1045; x_wconf 83' lang='grc' dir='ltr'><strong>ἐς</strong></span> <span class='ocrx_word' id='word_1_70' title='bbox 896 982 957 1035; x_wconf 80' lang='grc' dir='ltr'>τὸ</span> <span class='ocrx_word' id='word_1_71' title='bbox 994 983 1292 1055; x_wconf 78' lang='grc' dir='ltr'><strong>ἁδρότερον</strong></span> <span class='ocrx_word' id='word_1_72' title='bbox 1331 985 1613 1056; x_wconf 80' lang='grc' dir='ltr'>ἀνειμένα.</span> <span class='ocrx_word' id='word_1_73' title='bbox 1665 985 1801 1038; x_wconf 86' lang='grc' dir='ltr'><strong>Τότε</strong></span> <span class='ocrx_word' id='word_1_74' title='bbox 1848 985 1914 1058; x_wconf 85' lang='grc' dir='ltr'>δὴ</span> 
     </span>
    </p>
   </div>
   <div class='ocr_carea' id='block_1_12' title="bbox 328 1069 1914 1148">
    <p class='ocr_par' dir='ltr' id='par_1_12' title="bbox 328 1069 1914 1148">
     <span class='ocr_line' id='line_1_12' title="bbox 328 1069 1914 1148; baseline 0.003 -21"><span class='ocrx_word' id='word_1_75' title='bbox 328 1069 426 1127; x_wconf 81' lang='grc' dir='ltr'><strong>οὖν</strong></span> <span class='ocrx_word' id='word_1_76' title='bbox 451 1074 500 1126; x_wconf 84' lang='grc' dir='ltr'><strong>οί</strong></span> <span class='ocrx_word' id='word_1_77' title='bbox 537 1072 798 1144; x_wconf 88' lang='grc' dir='ltr'>πρέσϐεις</span> <span class='ocrx_word' id='word_1_78' title='bbox 833 1071 942 1128; x_wconf 91' lang='grc' dir='ltr'><strong>τῶν</strong></span> <span class='ocrx_word' id='word_1_79' title='bbox 990 1075 1238 1148; x_wconf 83' lang='grc' dir='ltr'>Ἀϐἀρων</span> <span class='ocrx_word' id='word_1_80' title='bbox 1289 1076 1348 1140; x_wconf 89' lang='grc' dir='ltr'><strong>ἐς</strong></span> <span class='ocrx_word' id='word_1_81' title='bbox 1386 1079 1583 1147; x_wconf 84' lang='grc' dir='ltr'>πεῖραν</span> <span class='ocrx_word' id='word_1_82' title='bbox 1638 1077 1774 1133; x_wconf 84' lang='grc' dir='ltr'>ίέναι</span> <span class='ocrx_word' id='word_1_83' title='bbox 1817 1077 1914 1132; x_wconf 80' lang='grc' dir='ltr'>τοῦ</span> 
     </span>
    </p>
   </div>
   <div class='ocr_carea' id='block_1_13' title="bbox 330 1164 1914 1243">
    <p class='ocr_par' dir='ltr' id='par_1_13' title="bbox 330 1164 1914 1243">
     <span class='ocr_line' id='line_1_13' title="bbox 330 1164 1914 1243; baseline 0.003 -24"><span class='ocrx_word' id='word_1_84' title='bbox 330 1164 597 1236; x_wconf 76' lang='grc' dir='ltr'>βασιλέως</span> <span class='ocrx_word' id='word_1_85' title='bbox 635 1164 941 1230; x_wconf 85' lang='grc' dir='ltr'>ἐϐούλοντο,</span> <span class='ocrx_word' id='word_1_86' title='bbox 975 1167 1089 1235; x_wconf 83' lang='grc' dir='ltr'>εῖγε</span> <span class='ocrx_word' id='word_1_87' title='bbox 1126 1167 1229 1223; x_wconf 80' lang='grc' dir='ltr'><strong>οὐκ</strong></span> <span class='ocrx_word' id='word_1_88' title='bbox 1258 1168 1436 1234; x_wconf 83' lang='grc' dir='ltr'>ἄλλως</span> <span class='ocrx_word' id='word_1_89' title='bbox 1487 1171 1532 1203; x_wconf 82' lang='grc'><strong>⁷⁷</strong></span> <span class='ocrx_word' id='word_1_90' title='bbox 1580 1170 1728 1243; x_wconf 88' lang='grc' dir='ltr'>δῶρα</span> <span class='ocrx_word' id='word_1_91' title='bbox 1774 1170 1914 1242; x_wconf 75' lang='grc' dir='ltr'>λαμρ</span> 
     </span>
    </p>
   </div>
   <div class='ocr_carea' id='block_1_14' title="bbox 329 1253 1915 1331">
    <p class='ocr_par' dir='ltr' id='par_1_14' title="bbox 329 1253 1915 1331">
     <span class='ocr_line' id='line_1_14' title="bbox 329 1253 1915 1331; baseline 0.004 -25"><span class='ocrx_word' id='word_1_92' title='bbox 329 1253 518 1310; x_wconf 82' lang='grc' dir='ltr'>ϐἀνειν</span> <span class='ocrx_word' id='word_1_93' title='bbox 548 1254 756 1320; x_wconf 82' lang='grc' dir='ltr'>αὐτοῖς,</span> <span class='ocrx_word' id='word_1_94' title='bbox 791 1257 886 1310; x_wconf 76' lang='grc' dir='ltr'><strong>καὶ</strong></span> <span class='ocrx_word' id='word_1_95' title='bbox 938 1259 1006 1328; x_wconf 81' lang='grc' dir='ltr'>τῇ</span> <span class='ocrx_word' id='word_1_96' title='bbox 1050 1255 1341 1328; x_wconf 89' lang='grc' dir='ltr'>Ῥωμαίων</span> <span class='ocrx_word' id='word_1_97' title='bbox 1382 1260 1624 1331; x_wconf 78' lang='grc' dir='ltr'><strong>ῥᾳθυμίᾳ</strong></span> <span class='ocrx_word' id='word_1_98' title='bbox 1656 1261 1915 1329; x_wconf 82' lang='grc' dir='ltr'>ἐπεντρυ-</span> 
     </span>
    </p>
   </div>
   <div class='ocr_carea' id='block_1_15' title="bbox 330 1347 1912 1422">
    <p class='ocr_par' dir='ltr' id='par_1_15' title="bbox 330 1347 1912 1422">
     <span class='ocr_line' id='line_1_15' title="bbox 330 1347 1912 1422; baseline -0.003 -18"><span class='ocrx_word' id='word_1_99' title='bbox 330 1349 460 1418; x_wconf 76' lang='grc' dir='ltr'>φᾷν,</span> <span class='ocrx_word' id='word_1_100' title='bbox 491 1347 585 1402; x_wconf 79' lang='grc' dir='ltr'><strong>καὶ</strong></span> <span class='ocrx_word' id='word_1_101' title='bbox 631 1348 694 1400; x_wconf 87' lang='grc' dir='ltr'><strong>τδ</strong></span> <span class='ocrx_word' id='word_1_102' title='bbox 729 1348 930 1418; x_wconf 77' lang='grc' dir='ltr'>ἀμελὲς</span> <span class='ocrx_word' id='word_1_103' title='bbox 967 1347 1146 1402; x_wconf 87' lang='grc' dir='ltr'>αὐτῶν</span> <span class='ocrx_word' id='word_1_104' title='bbox 1173 1351 1373 1404; x_wconf 84' lang='grc' dir='ltr'>οίκεῖον</span> <span class='ocrx_word' id='word_1_105' title='bbox 1407 1349 1654 1404; x_wconf 85' lang='grc' dir='ltr'>τίθεσθαι</span> <span class='ocrx_word' id='word_1_106' title='bbox 1703 1351 1912 1422; x_wconf 79' lang='grc' dir='ltr'>κέρδος.</span> 
     </span>
    </p>
   </div>
   <div class='ocr_carea' id='block_1_16' title="bbox 329 1439 1916 1512">
    <p class='ocr_par' dir='ltr' id='par_1_16' title="bbox 329 1439 1916 1512">
     <span class='ocr_line' id='line_1_16' title="bbox 329 1439 1916 1512; baseline 0.001 -18"><span class='ocrx_word' id='word_1_107' title='bbox 329 1440 443 1494; x_wconf 74' lang='grc' dir='ltr'>Καὶ</span> <span class='ocrx_word' id='word_1_108' title='bbox 477 1439 544 1511; x_wconf 83' lang='grc' dir='ltr'><strong>δὴ</strong></span> <span class='ocrx_word' id='word_1_109' title='bbox 582 1440 732 1511; x_wconf 87' lang='grc' dir='ltr'><strong>παρά</strong></span> <span class='ocrx_word' id='word_1_110' title='bbox 765 1439 992 1511; x_wconf 78' lang='grc' dir='ltr'>βασιλέα</span> <span class='ocrx_word' id='word_1_111' title='bbox 1024 1441 1218 1512; x_wconf 81' lang='grc' dir='ltr'>φοιτᾷν</span> <span class='ocrx_word' id='word_1_112' title='bbox 1246 1440 1455 1510; x_wconf 70' lang='grc' dir='ltr'>ἠξίουν.</span> <span class='ocrx_word' id='word_1_113' title='bbox 1492 1443 1602 1496; x_wconf 70' lang='grc' dir='ltr'><strong>Καὶ</strong></span> <span class='ocrx_word' id='word_1_114' title='bbox 1633 1441 1727 1495; x_wconf 74' lang='grc' dir='ltr'><strong>οὖν</strong></span> <span class='ocrx_word' id='word_1_115' title='bbox 1759 1443 1916 1496; x_wconf 76' lang='grc' dir='ltr'>τοῦτο</span> 
     </span>
    </p>
   </div>
   <div class='ocr_carea' id='block_1_17' title="bbox 329 1529 1915 1606">
    <p class='ocr_par' dir='ltr' id='par_1_17' title="bbox 329 1529 1915 1606">
     <span class='ocr_line' id='line_1_17' title="bbox 329 1529 1915 1606; baseline 0.003 -23"><span class='ocrx_word' id='word_1_116' title='bbox 329 1529 622 1600; x_wconf 73' lang='grc' dir='ltr'>ἐφειμένον</span> <span class='ocrx_word' id='word_1_117' title='bbox 654 1531 859 1596; x_wconf 80' lang='grc' dir='ltr'>αὐτοῖς,</span> <span class='ocrx_word' id='word_1_118' title='bbox 887 1530 969 1584; x_wconf 75' lang='grc' dir='ltr'>ἔτι</span> <span class='ocrx_word' id='word_1_119' title='bbox 993 1548 1057 1600; x_wconf 89' lang='grc' dir='ltr'><strong>γε</strong></span> <span class='ocrx_word' id='word_1_120' title='bbox 1093 1531 1204 1602; x_wconf 81' lang='grc' dir='ltr'><strong>μὴν</strong></span> <span class='ocrx_word' id='word_1_121' title='bbox 1231 1533 1329 1587; x_wconf 76' lang='grc' dir='ltr'><strong>καὶ</strong></span> <span class='ocrx_word' id='word_1_122' title='bbox 1375 1533 1465 1587; x_wconf 88' lang='grc' dir='ltr'><strong>διά</strong></span> <span class='ocrx_word' id='word_1_123' title='bbox 1485 1533 1596 1588; x_wconf 90' lang='grc' dir='ltr'><strong>τῶν</strong></span> <span class='ocrx_word' id='word_1_124' title='bbox 1629 1535 1915 1606; x_wconf 79' lang='grc' dir='ltr'>ἑρμηνέων</span> 
     </span>
    </p>
   </div>
   <div class='ocr_carea' id='block_1_18' title="bbox 328 1620 1914 1696">
    <p class='ocr_par' dir='ltr' id='par_1_18' title="bbox 328 1620 1914 1696">
     <span class='ocr_line' id='line_1_18' title="bbox 328 1620 1914 1696; baseline 0.003 -21"><span class='ocrx_word' id='word_1_125' title='bbox 328 1623 412 1676; x_wconf 84' lang='grc' dir='ltr'>ὃτι</span> <span class='ocrx_word' id='word_1_126' title='bbox 465 1620 746 1692; x_wconf 86' lang='grc' dir='ltr'>βούλονται</span> <span class='ocrx_word' id='word_1_127' title='bbox 796 1621 1000 1691; x_wconf 83' lang='grc' dir='ltr'>λέγειν,</span> <span class='ocrx_word' id='word_1_128' title='bbox 1057 1624 1286 1696; x_wconf 86' lang='grc' dir='ltr'>τοιοῖσδε</span> <span class='ocrx_word' id='word_1_129' title='bbox 1327 1626 1634 1696; x_wconf 86' lang='grc' dir='ltr'>ἐχρήσαντο</span> <span class='ocrx_word' id='word_1_130' title='bbox 1681 1626 1863 1694; x_wconf 86' lang='grc' dir='ltr'>λόγοις</span> <span class='ocrx_word' id='word_1_131' title='bbox 1895 1643 1914 1661; x_wconf 74' lang='grc' dir='ltr'>σ</span> 
     </span>
    </p>
   </div>
   <div class='ocr_carea' id='block_1_19' title="bbox 342 1695 1918 1794">
    <p class='ocr_par' dir='ltr' id='par_1_19' title="bbox 342 1695 1918 1794">
     <span class='ocr_line' id='line_1_19' title="bbox 342 1695 1918 1794; baseline 0.005 -26"><span class='ocrx_word' id='word_1_132' title='bbox 342 1735 360 1768; x_wconf 83' lang='grc' dir='ltr'><strong>ι</strong></span> <span class='ocrx_word' id='word_1_133' title='bbox 390 1715 602 1786; x_wconf 84' lang='grc' dir='ltr'>Χρεὼν,</span> <span class='ocrx_word' id='word_1_134' title='bbox 632 1709 678 1769; x_wconf 79' lang='grc' dir='ltr'><strong>ὦ</strong></span> <span class='ocrx_word' id='word_1_135' title='bbox 711 1715 954 1786; x_wconf 83' lang='grc' dir='ltr'>βασιλεῦ,</span> <span class='ocrx_word' id='word_1_136' title='bbox 977 1695 1425 1790; x_wconf 64' lang='grc' dir='ltr'>κληρονομοῦντά</span> <span class='ocrx_word' id='word_1_137' title='bbox 1451 1695 1510 1774; x_wconf 86' lang='grc' dir='ltr'><strong>σε</strong></span> <span class='ocrx_word' id='word_1_138' title='bbox 1530 1721 1632 1791; x_wconf 81' lang='grc' dir='ltr'>τῆς</span> <span class='ocrx_word' id='word_1_139' title='bbox 1657 1722 1918 1794; x_wconf 80' lang='grc' dir='ltr'>πατρῴας</span> 
     </span>
    </p>
   </div>
   <div class='ocr_carea' id='block_1_20' title="bbox 333 1789 1991 1884">
    <p class='ocr_par' dir='ltr' id='par_1_20' title="bbox 333 1789 1991 1884">
     <span class='ocr_line' id='line_1_20' title="bbox 333 1789 1991 1884; baseline 0.005 -26"><span class='ocrx_word' id='word_1_140' title='bbox 333 1805 527 1877; x_wconf 78' lang='grc' dir='ltr'>ἀρχῆς,</span> <span class='ocrx_word' id='word_1_141' title='bbox 558 1805 806 1869; x_wconf 77' lang='grc' dir='ltr'>καὶτοὺς</span> <span class='ocrx_word' id='word_1_142' title='bbox 838 1805 1132 1880; x_wconf 80' lang='grc' dir='ltr'>πατρῴους</span> <span class='ocrx_word' id='word_1_143' title='bbox 1176 1809 1367 1879; x_wconf 84' lang='grc' dir='ltr'>φίλους</span> <span class='ocrx_word' id='word_1_144' title='bbox 1408 1810 1508 1864; x_wconf 80' lang='grc' dir='ltr'><strong>οὐκ</strong></span> <span class='ocrx_word' id='word_1_145' title='bbox 1537 1789 1734 1878; x_wconf 74' lang='grc' dir='ltr'>ἄλλως,</span> <span class='ocrx_word' id='word_1_146' title='bbox 1770 1789 1916 1884; x_wconf 74' lang='grc' dir='ltr'>ἡπερ</span> <span class='ocrx_word' id='word_1_147' title='bbox 1947 1789 1991 1846; x_wconf 72' lang='grc' dir='ltr'><strong><em>Β</em></strong></span> 
     </span>
    </p>
   </div>
   <div class='ocr_carea' id='block_1_21' title="bbox 331 1891 1919 1972">
    <p class='ocr_par' dir='ltr' id='par_1_21' title="bbox 331 1891 1919 1972">
     <span class='ocr_line' id='line_1_21' title="bbox 331 1891 1919 1972; baseline 0.004 -24"><span class='ocrx_word' id='word_1_148' title='bbox 331 1897 360 1948; x_wconf 84' lang='grc' dir='ltr'><strong>ό</strong></span> <span class='ocrx_word' id='word_1_149' title='bbox 387 1895 569 1966; x_wconf 76' lang='grc' dir='ltr'>πατὴρ</span> <span class='ocrx_word' id='word_1_150' title='bbox 602 1896 631 1949; x_wconf 85' lang='grc' dir='ltr'><strong>ό</strong></span> <span class='ocrx_word' id='word_1_151' title='bbox 663 1895 776 1962; x_wconf 83' lang='grc' dir='ltr'>σὸς,</span> <span class='ocrx_word' id='word_1_152' title='bbox 806 1891 866 1950; x_wconf 77' lang='grc' dir='ltr'><strong>εὖ</strong></span> <span class='ocrx_word' id='word_1_153' title='bbox 901 1898 1098 1964; x_wconf 83' lang='grc' dir='ltr'>ποιεῖν,</span> <span class='ocrx_word' id='word_1_154' title='bbox 1123 1899 1220 1953; x_wconf 75' lang='grc' dir='ltr'>καὶ</span> <span class='ocrx_word' id='word_1_155' title='bbox 1252 1897 1425 1971; x_wconf 76' lang='grc' dir='ltr'>ταύτῃ</span> <span class='ocrx_word' id='word_1_156' title='bbox 1458 1900 1748 1968; x_wconf 83' lang='grc' dir='ltr'>φαίνεσθαι</span> <span class='ocrx_word' id='word_1_157' title='bbox 1780 1902 1919 1972; x_wconf 84' lang='grc' dir='ltr'><strong>μᾶλ-</strong></span> 
     </span>
    </p>
   </div>
   <div class='ocr_carea' id='block_1_22' title="bbox 328 1983 1918 2062">
    <p class='ocr_par' dir='ltr' id='par_1_22' title="bbox 328 1983 1918 2062">
     <span class='ocr_line' id='line_1_22' title="bbox 328 1983 1918 2062; baseline 0.004 -22"><span class='ocrx_word' id='word_1_158' title='bbox 328 1987 423 2040; x_wconf 87' lang='grc' dir='ltr'><strong>λον</strong></span> <span class='ocrx_word' id='word_1_159' title='bbox 449 1985 693 2059; x_wconf 82' lang='grc' dir='ltr'>διάδοχον</span> <span class='ocrx_word' id='word_1_160' title='bbox 712 1983 852 2042; x_wconf 75' lang='grc' dir='ltr'>εἶναι</span> <span class='ocrx_word' id='word_1_161' title='bbox 877 1989 1328 2060; x_wconf 82' lang='grc' dir='ltr'>τετελευτηκότος</span> <span class='ocrx_word' id='word_1_162' title='bbox 1356 1990 1433 2061; x_wconf 86' lang='grc' dir='ltr'>τῷ</span> <span class='ocrx_word' id='word_1_163' title='bbox 1459 1991 1628 2062; x_wconf 83' lang='grc' dir='ltr'>μηδὲν</span> <span class='ocrx_word' id='word_1_164' title='bbox 1659 1993 1918 2047; x_wconf 83' lang='grc' dir='ltr'>ἐναλλάτ-</span> 
     </span>
    </p>
   </div>
   <div class='ocr_carea' id='block_1_23' title="bbox 328 2070 1920 2156">
    <p class='ocr_par' dir='ltr' id='par_1_23' title="bbox 328 2070 1920 2156">
     <span class='ocr_line' id='line_1_23' title="bbox 328 2070 1920 2156; baseline 0.005 -24"><span class='ocrx_word' id='word_1_165' title='bbox 328 2094 448 2132; x_wconf 83' lang='grc' dir='ltr'>τειν</span> <span class='ocrx_word' id='word_1_166' title='bbox 492 2070 568 2133; x_wconf 82' lang='grc' dir='ltr'>ὧν</span> <span class='ocrx_word' id='word_1_167' title='bbox 616 2079 822 2142; x_wconf 85' lang='grc' dir='ltr'>ἐκεῖνος</span> <span class='ocrx_word' id='word_1_168' title='bbox 881 2078 1120 2149; x_wconf 73' lang='grc' dir='ltr'>ἔπραττε</span> <span class='ocrx_word' id='word_1_169' title='bbox 1168 2081 1398 2153; x_wconf 84' lang='grc' dir='ltr'>περιών.</span> <span class='ocrx_word' id='word_1_170' title='bbox 1459 2082 1619 2138; x_wconf 77' lang='grc' dir='ltr'>Οὕτω</span> <span class='ocrx_word' id='word_1_171' title='bbox 1663 2083 1771 2156; x_wconf 79' lang='grc' dir='ltr'>γὰρ</span> <span class='ocrx_word' id='word_1_172' title='bbox 1825 2086 1920 2140; x_wconf 83' lang='grc' dir='ltr'>καὶ</span> 
     </span>
    </p>
   </div>
   <div class='ocr_carea' id='block_1_24' title="bbox 332 2168 1916 2247">
    <p class='ocr_par' dir='ltr' id='par_1_24' title="bbox 332 2168 1916 2247">
     <span class='ocr_line' id='line_1_24' title="bbox 332 2168 1916 2247; baseline 0.006 -27"><span class='ocrx_word' id='word_1_173' title='bbox 332 2169 499 2239; x_wconf 71' lang='grc' dir='ltr'>’ἡμεῖς</span> <span class='ocrx_word' id='word_1_174' title='bbox 531 2171 628 2240; x_wconf 82' lang='grc' dir='ltr'><strong>τῆς</strong></span> <span class='ocrx_word' id='word_1_175' title='bbox 663 2168 835 2238; x_wconf 78' lang='grc' dir='ltr'>αὐτῆς</span> <span class='ocrx_word' id='word_1_176' title='bbox 881 2169 1222 2242; x_wconf 77' lang='grc' dir='ltr'>ἀνθεξόμεθα</span> <span class='ocrx_word' id='word_1_177' title='bbox 1263 2171 1512 2243; x_wconf 86' lang='grc' dir='ltr'>γνώμης,</span> <span class='ocrx_word' id='word_1_178' title='bbox 1564 2175 1659 2228; x_wconf 76' lang='grc' dir='ltr'><strong>καὶ</strong></span> <span class='ocrx_word' id='word_1_179' title='bbox 1689 2176 1789 2246; x_wconf 84' lang='grc' dir='ltr'><strong>οὑχ</strong></span> <span class='ocrx_word' id='word_1_180' title='bbox 1814 2170 1916 2247; x_wconf 82' lang='grc' dir='ltr'><strong>ἦτ-</strong></span> 
     </span>
    </p>
   </div>
   <div class='ocr_carea' id='block_1_25' title="bbox 328 2259 1920 2335">
    <p class='ocr_par' dir='ltr' id='par_1_25' title="bbox 328 2259 1920 2335">
     <span class='ocr_line' id='line_1_25' title="bbox 328 2259 1920 2335; baseline 0.004 -21"><span class='ocrx_word' id='word_1_181' title='bbox 328 2277 424 2314; x_wconf 83' lang='grc' dir='ltr'><strong>τον</strong></span> <span class='ocrx_word' id='word_1_182' title='bbox 451 2259 628 2331; x_wconf 80' lang='grc' dir='ltr'>τὸιτῆς</span> <span class='ocrx_word' id='word_1_183' title='bbox 658 2261 972 2330; x_wconf 71' lang='grc' dir='ltr'>εὐεργεσίας</span> <span class='ocrx_word' id='word_1_184' title='bbox 985 2261 1165 2332; x_wconf 77' lang='grc' dir='ltr'>Ιϐνομα</span> <span class='ocrx_word' id='word_1_185' title='bbox 1192 2264 1645 2335; x_wconf 82' lang='grc' dir='ltr'>μεταθήσομεν,εί</span> <span class='ocrx_word' id='word_1_186' title='bbox 1665 2265 1725 2318; x_wconf 79' lang='grc' dir='ltr'>σὲ</span> <span class='ocrx_word' id='word_1_187' title='bbox 1749 2267 1795 2298; x_wconf 86' lang='grc'><strong>⁷⁸</strong></span> <span class='ocrx_word' id='word_1_188' title='bbox 1825 2266 1920 2320; x_wconf 81' lang='grc' dir='ltr'>καὶ</span> 
     </span>
    </p>
   </div>
   <div class='ocr_carea' id='block_1_26' title="bbox 333 2349 1920 2428">
    <p class='ocr_par' dir='ltr' id='par_1_26' title="bbox 333 2349 1920 2428">
     <span class='ocr_line' id='line_1_26' title="bbox 333 2349 1920 2428; baseline 0.006 -26"><span class='ocrx_word' id='word_1_189' title='bbox 333 2349 456 2422; x_wconf 85' lang='grc' dir='ltr'>μετ’</span> <span class='ocrx_word' id='word_1_190' title='bbox 487 2351 695 2404; x_wconf 83' lang='grc' dir='ltr'>ἐκεῖνον</span> <span class='ocrx_word' id='word_1_191' title='bbox 715 2351 1012 2422; x_wconf 82' lang='grc' dir='ltr'>εὐεργέτην</span> <span class='ocrx_word' id='word_1_192' title='bbox 1045 2353 1483 2424; x_wconf 86' lang='grc' dir='ltr'>ἀποκαλέσοιμεν</span> <span class='ocrx_word' id='word_1_193' title='bbox 1510 2373 1525 2388; x_wconf 89' lang='grc'>·</span> <span class='ocrx_word' id='word_1_194' title='bbox 1561 2356 1699 2428; x_wconf 88' lang='grc' dir='ltr'>πρός</span> <span class='ocrx_word' id='word_1_195' title='bbox 1734 2373 1794 2426; x_wconf 84' lang='grc' dir='ltr'><strong>γε</strong></span> <span class='ocrx_word' id='word_1_196' title='bbox 1824 2359 1920 2413; x_wconf 72' lang='grc' dir='ltr'>καὶ</span> 
     </span>
    </p>
   </div>
   <div class='ocr_carea' id='block_1_27' title="bbox 329 2442 1919 2519">
    <p class='ocr_par' dir='ltr' id='par_1_27' title="bbox 329 2442 1919 2519">
     <span class='ocr_line' id='line_1_27' title="bbox 329 2442 1919 2519; baseline 0.004 -22"><span class='ocrx_word' id='word_1_197' title='bbox 329 2442 811 2514; x_wconf 84' lang='grc' dir='ltr'>αίσχυνθησόμεθα</span> <span class='ocrx_word' id='word_1_198' title='bbox 838 2444 916 2514; x_wconf 86' lang='grc' dir='ltr'>τῷ</span> <span class='ocrx_word' id='word_1_199' title='bbox 943 2445 1276 2500; x_wconf 82' lang='grc' dir='ltr'>πεπονθέναι</span> <span class='ocrx_word' id='word_1_200' title='bbox 1299 2447 1482 2510; x_wconf 86' lang='grc' dir='ltr'>καλῶς</span> <span class='ocrx_word' id='word_1_201' title='bbox 1515 2448 1591 2519; x_wconf 86' lang='grc' dir='ltr'>μὴ</span> <span class='ocrx_word' id='word_1_202' title='bbox 1621 2452 1734 2513; x_wconf 89' lang='grc' dir='ltr'>τοῖς</span> <span class='ocrx_word' id='word_1_203' title='bbox 1761 2450 1919 2519; x_wconf 86' lang='grc' dir='ltr'>ὁμοί-</span> 
     </span>
    </p>
   </div>
   <div class='ocr_carea' id='block_1_28' title="bbox 329 2532 1920 2608">
    <p class='ocr_par' dir='ltr' id='par_1_28' title="bbox 329 2532 1920 2608">
     <span class='ocr_line' id='line_1_28' title="bbox 329 2532 1920 2608; baseline 0.003 -22"><span class='ocrx_word' id='word_1_204' title='bbox 329 2551 414 2597; x_wconf 90' lang='grc' dir='ltr'><strong>οις</strong></span> <span class='ocrx_word' id='word_1_205' title='bbox 443 2532 770 2602; x_wconf 89' lang='grc' dir='ltr'>ἀμείϐεσθαι</span> <span class='ocrx_word' id='word_1_206' title='bbox 794 2533 886 2587; x_wconf 72' lang='grc' dir='ltr'><strong>τὸν</strong></span> <span class='ocrx_word' id='word_1_207' title='bbox 917 2533 1236 2604; x_wconf 83' lang='grc' dir='ltr'>δεδρακότα.</span> <span class='ocrx_word' id='word_1_208' title='bbox 1286 2535 1400 2589; x_wconf 65' lang='grc' dir='ltr'><strong>Καὶ⁸</strong></span> <span class='ocrx_word' id='word_1_209' title='bbox 1440 2535 1550 2608; x_wconf 84' lang='grc' dir='ltr'>γὰρ</span> <span class='ocrx_word' id='word_1_210' title='bbox 1584 2537 1798 2607; x_wconf 87' lang='grc' dir='ltr'>πατέρα</span> <span class='ocrx_word' id='word_1_211' title='bbox 1827 2539 1920 2591; x_wconf 86' lang='grc' dir='ltr'><strong>τὸν</strong></span> 
     </span>
    </p>
   </div>
   <div class='ocr_carea' id='block_1_29' title="bbox 330 2615 1918 2703">
    <p class='ocr_par' dir='ltr' id='par_1_29' title="bbox 330 2615 1918 2703">
     <span class='ocr_line' id='line_1_29' title="bbox 330 2615 1918 2703; baseline 0.004 -28"><span class='ocrx_word' id='word_1_212' title='bbox 330 2615 426 2676; x_wconf 72' lang='grc' dir='ltr'><strong>σδν</strong></span> <span class='ocrx_word' id='word_1_213' title='bbox 459 2623 651 2694; x_wconf 84' lang='grc' dir='ltr'>δώροις</span> <span class='ocrx_word' id='word_1_214' title='bbox 679 2624 724 2656; x_wconf 80' lang='grc'><strong>⁷⁸</strong></span> <span class='ocrx_word' id='word_1_215' title='bbox 752 2625 903 2693; x_wconf 82' lang='grc' dir='ltr'>ἡμᾶς</span> <span class='ocrx_word' id='word_1_216' title='bbox 940 2625 1436 2697; x_wconf 84' lang='grc' dir='ltr'>φιλοφρονούμενον</span> <span class='ocrx_word' id='word_1_217' title='bbox 1467 2628 1918 2703; x_wconf 79' lang='grc' dir='ltr'>ἀντεδωρούμεθα</span> 
     </span>
    </p>
   </div>
   <div class='ocr_carea' id='block_1_30' title="bbox 327 2715 1916 2793">
    <p class='ocr_par' dir='ltr' id='par_1_30' title="bbox 327 2715 1916 2793">
     <span class='ocr_line' id='line_1_30' title="bbox 327 2715 1916 2793; baseline 0.004 -23"><span class='ocrx_word' id='word_1_218' title='bbox 327 2717 433 2786; x_wconf 85' lang='grc' dir='ltr'><strong>τῷ,</strong></span> <span class='ocrx_word' id='word_1_219' title='bbox 457 2717 552 2772; x_wconf 79' lang='grc' dir='ltr'><strong>καὶ</strong></span> <span class='ocrx_word' id='word_1_220' title='bbox 592 2715 904 2787; x_wconf 85' lang='grc' dir='ltr'>δυνάμενοι,</span> <span class='ocrx_word' id='word_1_221' title='bbox 931 2719 1007 2788; x_wconf 84' lang='grc' dir='ltr'>μὴ</span> <span class='ocrx_word' id='word_1_222' title='bbox 1031 2719 1392 2790; x_wconf 79' lang='grc' dir='ltr'>κατατρέχειν</span> <span class='ocrx_word' id='word_1_223' title='bbox 1433 2722 1532 2790; x_wconf 79' lang='grc' dir='ltr'><strong>τὴν</strong></span> <span class='ocrx_word' id='word_1_224' title='bbox 1577 2721 1916 2793; x_wconf 75' lang='grc' dir='ltr'>Ῥωμαϊκὴν,</span> 
     </span>
    </p>
   </div>
   <div class='ocr_carea' id='block_1_31' title="bbox 303 2807 1920 2882">
    <p class='ocr_par' dir='ltr' id='par_1_31' title="bbox 303 2807 1920 2882">
     <span class='ocr_line' id='line_1_31' title="bbox 303 2807 1920 2882; baseline 0.004 -21"><span class='ocrx_word' id='word_1_225' title='bbox 303 2809 468 2862; x_wconf 75' lang='grc' dir='ltr'><strong>ιάλλά</strong></span> <span class='ocrx_word' id='word_1_226' title='bbox 501 2807 664 2862; x_wconf 86' lang='grc' dir='ltr'>πλέον</span> <span class='ocrx_word' id='word_1_227' title='bbox 690 2809 1063 2864; x_wconf 89' lang='grc' dir='ltr'>ἐνδείκνυσθαί</span> <span class='ocrx_word' id='word_1_228' title='bbox 1097 2827 1150 2863; x_wconf 84' lang='grc' dir='ltr'><strong>τι</strong></span> <span class='ocrx_word' id='word_1_229' title='bbox 1176 2826 1190 2840; x_wconf 81' lang='grc'><em>’</em></span> <span class='ocrx_word' id='word_1_230' title='bbox 1233 2812 1362 2875; x_wconf 83' lang='grc' dir='ltr'>τοὺς</span> <span class='ocrx_word' id='word_1_231' title='bbox 1410 2811 1520 2882; x_wconf 88' lang='grc' dir='ltr'><strong>γάρ</strong></span> <span class='ocrx_word' id='word_1_232' title='bbox 1567 2813 1632 2866; x_wconf 88' lang='grc' dir='ltr'><strong>ἐκ</strong></span> <span class='ocrx_word' id='word_1_233' title='bbox 1661 2814 1920 2881; x_wconf 88' lang='grc' dir='ltr'>γειτόνων</span> 
     </span>
    </p>
   </div>
   <div class='ocr_carea' id='block_1_32' title="bbox 329 2899 1916 2973">
    <p class='ocr_par' dir='ltr' id='par_1_32' title="bbox 329 2899 1916 2973">
     <span class='ocr_line' id='line_1_32' title="bbox 329 2899 1916 2973; baseline -0.008 -4"><span class='ocrx_word' id='word_1_234' title='bbox 329 2899 462 2968; x_wconf 75' lang='grc' dir='ltr'><strong>ὑμῖν</strong></span> <span class='ocrx_word' id='word_1_235' title='bbox 513 2899 855 2971; x_wconf 72' lang='grc' dir='ltr'>Βαρδάρους,</span> <span class='ocrx_word' id='word_1_236' title='bbox 902 2899 1001 2970; x_wconf 80' lang='grc' dir='ltr'><strong>τὴν</strong></span> <span class='ocrx_word' id='word_1_237' title='bbox 1045 2901 1273 2972; x_wconf 74' lang='grc' dir='ltr'>Θρᾴκην</span> <span class='ocrx_word' id='word_1_238' title='bbox 1325 2903 1415 2960; x_wconf 76' lang='grc' dir='ltr'><strong>ἀεὶ</strong></span> <span class='ocrx_word' id='word_1_239' title='bbox 1464 2904 1916 2973; x_wconf 83' lang='grc' dir='ltr'>περικόπτοντας,</span> 
     </span>
    </p>
   </div>
   <div class='ocr_carea' id='block_1_33' title="bbox 327 2991 1920 3068">
    <p class='ocr_par' dir='ltr' id='par_1_33' title="bbox 327 2991 1920 3068">
     <span class='ocr_line' id='line_1_33' title="bbox 327 2991 1920 3068; baseline 0.003 -22"><span class='ocrx_word' id='word_1_240' title='bbox 327 2991 680 3062; x_wconf 79' lang='grc' dir='ltr'>ἠφανίσαμεν</span> <span class='ocrx_word' id='word_1_241' title='bbox 711 2992 928 3060; x_wconf 85' lang='grc' dir='ltr'>ἀθρόον,</span> <span class='ocrx_word' id='word_1_242' title='bbox 961 2992 1052 3046; x_wconf 73' lang='grc' dir='ltr'><strong>καὶ</strong></span> <span class='ocrx_word' id='word_1_243' title='bbox 1071 2993 1247 3056; x_wconf 76' lang='grc' dir='ltr'>οὐδεὶς</span> <span class='ocrx_word' id='word_1_244' title='bbox 1265 2994 1516 3047; x_wconf 84' lang='grc' dir='ltr'>ὁστισοῦν</span> <span class='ocrx_word' id='word_1_245' title='bbox 1547 2995 1726 3049; x_wconf 82' lang='grc' dir='ltr'>αὐτῶν</span> <span class='ocrx_word' id='word_1_246' title='bbox 1763 3007 1920 3068; x_wconf 76' lang='grc' dir='ltr'>περιο</span> 
     </span>
    </p>
   </div>
   <div class='ocr_carea' id='block_1_34' title="bbox 2027 526 3612 599">
    <p class='ocr_par' dir='ltr' id='par_1_34' title="bbox 2027 526 3612 599">
     <span class='ocr_line' id='line_1_34' title="bbox 2027 526 3612 599; baseline -0.002 -17"><span class='ocrx_word' id='word_1_247' title='bbox 2027 526 2332 596; x_wconf 88' lang='lat' dir='ltr'><strong>imperante</strong></span> <span class='ocrx_word' id='word_1_248' title='bbox 2363 528 2601 583; x_wconf 82' lang='lat' dir='ltr'><strong>Avarum</strong></span> <span class='ocrx_word' id='word_1_249' title='bbox 2661 529 2820 598; x_wconf 78' lang='lat' dir='ltr'><strong>legali</strong></span> <span class='ocrx_word' id='word_1_250' title='bbox 2858 529 3177 599; x_wconf 73' lang='lat' dir='ltr'><strong>Byzantium</strong></span> <span class='ocrx_word' id='word_1_251' title='bbox 3222 537 3518 592; x_wconf 87' lang='lat' dir='ltr'><strong>venerunt,</strong></span> <span class='ocrx_word' id='word_1_252' title='bbox 3553 535 3612 580; x_wconf 91' lang='lat' dir='ltr'><strong>ut</strong></span> 
     </span>
    </p>
   </div>
   <div class='ocr_carea' id='block_1_35' title="bbox 2015 619 3607 690">
    <p class='ocr_par' dir='ltr' id='par_1_35' title="bbox 2015 619 3607 690">
     <span class='ocr_line' id='line_1_35' title="bbox 2015 619 3607 690; baseline -0.003 -14"><span class='ocrx_word' id='word_1_253' title='bbox 2015 630 2275 676; x_wconf 87' lang='lat' dir='ltr'><strong>consueta</strong></span> <span class='ocrx_word' id='word_1_254' title='bbox 2305 635 2532 675; x_wconf 90' lang='lat' dir='ltr'><strong>munera</strong></span> <span class='ocrx_word' id='word_1_255' title='bbox 2565 621 2913 690; x_wconf 88' lang='lat' dir='ltr'><strong>acciperent,</strong></span> <span class='ocrx_word' id='word_1_256' title='bbox 2943 635 3061 688; x_wconf 66' lang='lat' dir='ltr'><strong>qum</strong></span> <span class='ocrx_word' id='word_1_257' title='bbox 3105 619 3441 674; x_wconf 82' lang='lat' dir='ltr'><strong>Justinianus</strong></span> <span class='ocrx_word' id='word_1_258' title='bbox 3462 659 3478 682; x_wconf 90' lang='lat'><strong>,</strong></span> <span class='ocrx_word' id='word_1_259' title='bbox 3514 621 3607 688; x_wconf 83' lang='lat' dir='ltr'><strong>qui</strong></span> 
     </span>
    </p>
   </div>
   <div class='ocr_carea' id='block_1_36' title="bbox 2017 711 3608 782">
    <p class='ocr_par' dir='ltr' id='par_1_36' title="bbox 2017 711 3608 782">
     <span class='ocr_line' id='line_1_36' title="bbox 2017 711 3608 782; baseline 0.001 -17"><span class='ocrx_word' id='word_1_260' title='bbox 2017 719 2144 766; x_wconf 82' lang='lat' dir='ltr'><strong>ante</strong></span> <span class='ocrx_word' id='word_1_261' title='bbox 2181 727 2304 767; x_wconf 90' lang='lat' dir='ltr'><strong>eum</strong></span> <span class='ocrx_word' id='word_1_262' title='bbox 2356 713 2639 782; x_wconf 88' lang='lat' dir='ltr'><strong>imperium</strong></span> <span class='ocrx_word' id='word_1_263' title='bbox 2673 722 2950 778; x_wconf 91' lang='lat' dir='ltr'><strong>tenuerat,</strong></span> <span class='ocrx_word' id='word_1_264' title='bbox 2994 713 3151 782; x_wconf 78' lang='lat'><strong>102</strong></span> <span class='ocrx_word' id='word_1_265' title='bbox 3204 711 3455 766; x_wconf 88' lang='lat' dir='ltr'><strong>conferre</strong></span> <span class='ocrx_word' id='word_1_266' title='bbox 3487 723 3608 766; x_wconf 88' lang='lat' dir='ltr'><strong>erat</strong></span> 
     </span>
    </p>
   </div>
   <div class='ocr_carea' id='block_1_37' title="bbox 2017 797 3609 869">
    <p class='ocr_par' dir='ltr' id='par_1_37' title="bbox 2017 797 3609 869">
     <span class='ocr_line' id='line_1_37' title="bbox 2017 797 3609 869; baseline 0.001 -17"><span class='ocrx_word' id='word_1_267' title='bbox 2017 797 2244 866; x_wconf 83' lang='lat' dir='ltr'><strong>solitus;</strong></span> <span class='ocrx_word' id='word_1_268' title='bbox 2272 809 2429 854; x_wconf 91' lang='lat' dir='ltr'><strong>erant</strong></span> <span class='ocrx_word' id='word_1_269' title='bbox 2463 809 2648 855; x_wconf 87' lang='lat' dir='ltr'><strong>autem</strong></span> <span class='ocrx_word' id='word_1_270' title='bbox 2685 801 2895 856; x_wconf 69' lang='lat' dir='ltr'><strong>catellae</strong></span> <span class='ocrx_word' id='word_1_271' title='bbox 2930 815 3066 856; x_wconf 84' lang='lat' dir='ltr'><strong>auro</strong></span> <span class='ocrx_word' id='word_1_272' title='bbox 3092 801 3406 869; x_wconf 77' lang='lat' dir='ltr'><strong>variegatae,</strong></span> <span class='ocrx_word' id='word_1_273' title='bbox 3454 803 3609 869; x_wconf 84' lang='lat' dir='ltr'><strong>quasi</strong></span> 
     </span>
    </p>
   </div>
   <div class='ocr_carea' id='block_1_38' title="bbox 2017 891 3610 963">
    <p class='ocr_par' dir='ltr' id='par_1_38' title="bbox 2017 891 3610 963">
     <span class='ocr_line' id='line_1_38' title="bbox 2017 891 3610 963; baseline 0.001 -19"><span class='ocrx_word' id='word_1_274' title='bbox 2017 891 2085 946; x_wconf 89' lang='lat' dir='ltr'><strong>ad</strong></span> <span class='ocrx_word' id='word_1_275' title='bbox 2126 891 2440 947; x_wconf 77' lang='lat' dir='ltr'><strong>vinciendos</strong></span> <span class='ocrx_word' id='word_1_276' title='bbox 2494 893 2761 963; x_wconf 75' lang='lat' dir='ltr'><strong>fugientes</strong></span> <span class='ocrx_word' id='word_1_277' title='bbox 2811 901 3178 962; x_wconf 82' lang='lat' dir='ltr'><strong>comparatae,</strong></span> <span class='ocrx_word' id='word_1_278' title='bbox 3225 891 3454 956; x_wconf 85' lang='lat' dir='ltr'><strong>lecti,&#39;et</strong></span> <span class='ocrx_word' id='word_1_279' title='bbox 3503 891 3610 946; x_wconf 85' lang='lat' dir='ltr'><strong>alia</strong></span> 
     </span>
    </p>
   </div>
   <div class='ocr_carea' id='block_1_39' title="bbox 2018 982 3612 1052">
    <p class='ocr_par' dir='ltr' id='par_1_39' title="bbox 2018 982 3612 1052">
     <span class='ocr_line' id='line_1_39' title="bbox 2018 982 3612 1052; baseline 0 -16"><span class='ocrx_word' id='word_1_280' title='bbox 2018 983 2264 1050; x_wconf 56' lang='lat' dir='ltr'><strong>quaedam</strong></span> <span class='ocrx_word' id='word_1_281' title='bbox 2308 983 2374 1037; x_wconf 89' lang='lat' dir='ltr'><strong>ad</strong></span> <span class='ocrx_word' id='word_1_282' title='bbox 2420 984 2788 1038; x_wconf 79' lang='lat' dir='ltr'><strong>delicatiorem</strong></span> <span class='ocrx_word' id='word_1_283' title='bbox 2823 983 3026 1038; x_wconf 88' lang='lat' dir='ltr'><strong>cultum</strong></span> <span class='ocrx_word' id='word_1_284' title='bbox 3082 983 3417 1052; x_wconf 81' lang='lat' dir='ltr'><strong>spectantia.</strong></span> <span class='ocrx_word' id='word_1_285' title='bbox 3456 982 3612 1036; x_wconf 89' lang='lat' dir='ltr'><strong>Tunc</strong></span> 
     </span>
    </p>
   </div>
   <div class='ocr_carea' id='block_1_40' title="bbox 2016 1073 3614 1144">
    <p class='ocr_par' dir='ltr' id='par_1_40' title="bbox 2016 1073 3614 1144">
     <span class='ocr_line' id='line_1_40' title="bbox 2016 1073 3614 1144; baseline 0.002 -18"><span class='ocrx_word' id='word_1_286' title='bbox 2016 1073 2224 1129; x_wconf 78' lang='lat' dir='ltr'><strong>Avares</strong></span> <span class='ocrx_word' id='word_1_287' title='bbox 2273 1073 2573 1131; x_wconf 83' lang='lat' dir='ltr'><strong>voluntatis</strong></span> <span class='ocrx_word' id='word_1_288' title='bbox 2645 1075 2996 1144; x_wconf 76' lang='lat' dir='ltr'><strong>imperatoris</strong></span> <span class='ocrx_word' id='word_1_289' title='bbox 3058 1073 3361 1144; x_wconf 84' lang='lat' dir='ltr'><strong>periculum</strong></span> <span class='ocrx_word' id='word_1_290' title='bbox 3432 1073 3614 1129; x_wconf 89' lang='lat' dir='ltr'><strong>facere</strong></span> 
     </span>
    </p>
   </div>
   <div class='ocr_carea' id='block_1_41' title="bbox 2018 1166 3609 1236">
    <p class='ocr_par' dir='ltr' id='par_1_41' title="bbox 2018 1166 3609 1236">
     <span class='ocr_line' id='line_1_41' title="bbox 2018 1166 3609 1236; baseline -0.001 -17"><span class='ocrx_word' id='word_1_291' title='bbox 2018 1173 2348 1231; x_wconf 85' lang='lat' dir='ltr'><strong>statuerunt,</strong></span> <span class='ocrx_word' id='word_1_292' title='bbox 2389 1181 2455 1221; x_wconf 91' lang='lat' dir='ltr'><strong>an</strong></span> <span class='ocrx_word' id='word_1_293' title='bbox 2496 1167 2637 1222; x_wconf 89' lang='lat' dir='ltr'><strong>forte</strong></span> <span class='ocrx_word' id='word_1_294' title='bbox 2687 1166 2948 1235; x_wconf 87' lang='lat' dir='ltr'><strong>ampliora</strong></span> <span class='ocrx_word' id='word_1_295' title='bbox 3009 1180 3235 1236; x_wconf 74' lang='lat' dir='ltr'><strong>munera</strong></span> <span class='ocrx_word' id='word_1_296' title='bbox 3280 1179 3476 1232; x_wconf 83' lang='lat' dir='ltr'><strong>capere</strong></span> <span class='ocrx_word' id='word_1_297' title='bbox 3531 1173 3609 1226; x_wconf 89' lang='lat' dir='ltr'><strong>et.</strong></span> 
     </span>
    </p>
   </div>
   <div class='ocr_carea' id='block_1_42' title="bbox 2019 1255 3610 1327">
    <p class='ocr_par' dir='ltr' id='par_1_42' title="bbox 2019 1255 3610 1327">
     <span class='ocr_line' id='line_1_42' title="bbox 2019 1255 3610 1327; baseline -0.001 -17"><span class='ocrx_word' id='word_1_298' title='bbox 2019 1255 2212 1311; x_wconf 87' lang='lat' dir='ltr'><strong>inertia</strong></span> <span class='ocrx_word' id='word_1_299' title='bbox 2266 1256 2632 1312; x_wconf 76' lang='lat' dir='ltr'><strong>Romanorum</strong></span> <span class='ocrx_word' id='word_1_300' title='bbox 2692 1258 2956 1327; x_wconf 89' lang='lat' dir='ltr'><strong>decepta,</strong></span> <span class='ocrx_word' id='word_1_301' title='bbox 3014 1271 3112 1311; x_wconf 88' lang='lat' dir='ltr'><strong>sua</strong></span> <span class='ocrx_word' id='word_1_302' title='bbox 3171 1256 3277 1312; x_wconf 89' lang='lat' dir='ltr'><strong>sibi</strong></span> <span class='ocrx_word' id='word_1_303' title='bbox 3324 1255 3610 1311; x_wconf 86' lang='lat' dir='ltr'><strong>commoda</strong></span> 
     </span>
    </p>
   </div>
   <div class='ocr_carea' id='block_1_43' title="bbox 2018 1347 3611 1420">
    <p class='ocr_par' dir='ltr' id='par_1_43' title="bbox 2018 1347 3611 1420">
     <span class='ocr_line' id='line_1_43' title="bbox 2018 1347 3611 1420; baseline -0.001 -18"><span class='ocrx_word' id='word_1_304' title='bbox 2018 1347 2144 1404; x_wconf 87' lang='lat' dir='ltr'><strong>inde</strong></span> <span class='ocrx_word' id='word_1_305' title='bbox 2171 1363 2487 1418; x_wconf 88' lang='lat' dir='ltr'><strong>comparare</strong></span> <span class='ocrx_word' id='word_1_306' title='bbox 2515 1357 2758 1416; x_wconf 87' lang='lat' dir='ltr'><strong>possent.</strong></span> <span class='ocrx_word' id='word_1_307' title='bbox 2799 1348 2988 1420; x_wconf 87' lang='lat' dir='ltr'><strong>Itaque</strong></span> <span class='ocrx_word' id='word_1_308' title='bbox 3011 1349 3358 1420; x_wconf 87' lang='lat' dir='ltr'><strong>imperatoris</strong></span> <span class='ocrx_word' id='word_1_309' title='bbox 3378 1347 3611 1403; x_wconf 82' lang='lat' dir='ltr'><strong>adeundi</strong></span> 
     </span>
    </p>
   </div>
   <div class='ocr_carea' id='block_1_44' title="bbox 2018 1440 3613 1511">
    <p class='ocr_par' dir='ltr' id='par_1_44' title="bbox 2018 1440 3613 1511">
     <span class='ocr_line' id='line_1_44' title="bbox 2018 1440 3613 1511; baseline -0.002 -15"><span class='ocrx_word' id='word_1_310' title='bbox 2018 1441 2121 1496; x_wconf 84' lang='lat' dir='ltr'><strong>sibi</strong></span> <span class='ocrx_word' id='word_1_311' title='bbox 2169 1449 2490 1511; x_wconf 85' lang='lat' dir='ltr'><strong>potestatem</strong></span> <span class='ocrx_word' id='word_1_312' title='bbox 2530 1440 2647 1494; x_wconf 87' lang='lat' dir='ltr'><strong>ﬁeri</strong></span> <span class='ocrx_word' id='word_1_313' title='bbox 2693 1442 3000 1510; x_wconf 86' lang='lat' dir='ltr'><strong>petierunt,</strong></span> <span class='ocrx_word' id='word_1_314' title='bbox 3033 1441 3176 1510; x_wconf 89' lang='lat' dir='ltr'><strong>quod</strong></span> <span class='ocrx_word' id='word_1_315' title='bbox 3211 1441 3318 1494; x_wconf 82' lang='lat' dir='ltr'><strong>illis</strong></span> <span class='ocrx_word' id='word_1_316' title='bbox 3359 1450 3446 1495; x_wconf 86' lang='lat' dir='ltr'><strong>est</strong></span> <span class='ocrx_word' id='word_1_317' title='bbox 3485 1455 3613 1508; x_wconf 87' lang='lat' dir='ltr'><strong>per-</strong></span> 
     </span>
    </p>
   </div>
   <div class='ocr_carea' id='block_1_45' title="bbox 2019 1530 3598 1602">
    <p class='ocr_par' dir='ltr' id='par_1_45' title="bbox 2019 1530 3598 1602">
     <span class='ocr_line' id='line_1_45' title="bbox 2019 1530 3598 1602; baseline -0.001 -16"><span class='ocrx_word' id='word_1_318' title='bbox 2019 1532 2271 1595; x_wconf 89' lang='lat' dir='ltr'><strong>missum,</strong></span> <span class='ocrx_word' id='word_1_319' title='bbox 2305 1533 2436 1601; x_wconf 90' lang='lat' dir='ltr'><strong>quin</strong></span> <span class='ocrx_word' id='word_1_320' title='bbox 2463 1539 2515 1585; x_wconf 87' lang='lat' dir='ltr'><strong>et</strong></span> <span class='ocrx_word' id='word_1_321' title='bbox 2548 1545 2643 1600; x_wconf 89' lang='lat' dir='ltr'><strong>per</strong></span> <span class='ocrx_word' id='word_1_322' title='bbox 2677 1532 3051 1601; x_wconf 83' lang='lat' dir='ltr'><strong>interpretem,</strong></span> <span class='ocrx_word' id='word_1_323' title='bbox 3087 1531 3352 1602; x_wconf 82' lang='lat' dir='ltr'><strong>quidquid</strong></span> <span class='ocrx_word' id='word_1_324' title='bbox 3385 1530 3598 1585; x_wconf 87' lang='lat' dir='ltr'><strong>libitum</strong></span> 
     </span>
    </p>
   </div>
   <div class='ocr_carea' id='block_1_46' title="bbox 2019 1622 3612 1693">
    <p class='ocr_par' dir='ltr' id='par_1_46' title="bbox 2019 1622 3612 1693">
     <span class='ocr_line' id='line_1_46' title="bbox 2019 1622 3612 1693; baseline -0.001 -16"><span class='ocrx_word' id='word_1_325' title='bbox 2019 1633 2204 1689; x_wconf 88' lang='lat' dir='ltr'><strong>esset,</strong></span> <span class='ocrx_word' id='word_1_326' title='bbox 2250 1638 2575 1693; x_wconf 83' lang='lat' dir='ltr'><strong>proponere.</strong></span> <span class='ocrx_word' id='word_1_327' title='bbox 2633 1622 2744 1679; x_wconf 77' lang='lat' dir='ltr'><strong>[lae</strong></span> <span class='ocrx_word' id='word_1_328' title='bbox 2809 1639 2935 1678; x_wconf 90' lang='lat' dir='ltr'><strong>vero</strong></span> <span class='ocrx_word' id='word_1_329' title='bbox 2994 1624 3076 1678; x_wconf 89' lang='lat' dir='ltr'><strong>usi</strong></span> <span class='ocrx_word' id='word_1_330' title='bbox 3143 1632 3271 1678; x_wconf 91' lang='lat' dir='ltr'><strong>sunt</strong></span> <span class='ocrx_word' id='word_1_331' title='bbox 3320 1625 3612 1678; x_wconf 88' lang='lat' dir='ltr'><strong>oratione:</strong></span> 
     </span>
    </p>
   </div>
   <div class='ocr_carea' id='block_1_47' title="bbox 2025 1709 3612 1785">
    <p class='ocr_par' dir='ltr' id='par_1_47' title="bbox 2025 1709 3612 1785">
     <span class='ocr_line' id='line_1_47' title="bbox 2025 1709 3612 1785; baseline 0 -19"><span class='ocrx_word' id='word_1_332' title='bbox 2025 1732 2045 1766; x_wconf 74' lang='grc' dir='ltr'><strong>ι</strong></span> <span class='ocrx_word' id='word_1_333' title='bbox 2083 1713 2333 1785; x_wconf 88' lang='lat' dir='ltr'><strong>Oportet,</strong></span> <span class='ocrx_word' id='word_1_334' title='bbox 2362 1709 2396 1769; x_wconf 77' lang='grc' dir='ltr'><strong>ο</strong></span> <span class='ocrx_word' id='word_1_335' title='bbox 2428 1714 2744 1784; x_wconf 80' lang='lat' dir='ltr'><strong>imperator,</strong></span> <span class='ocrx_word' id='word_1_336' title='bbox 2778 1724 2851 1781; x_wconf 91' lang='lat' dir='ltr'><strong>te,</strong></span> <span class='ocrx_word' id='word_1_337' title='bbox 2883 1715 2975 1784; x_wconf 87' lang='lat' dir='ltr'><strong>qui</strong></span> <span class='ocrx_word' id='word_1_338' title='bbox 3015 1716 3302 1785; x_wconf 88' lang='lat' dir='ltr'><strong>imperium</strong></span> <span class='ocrx_word' id='word_1_339' title='bbox 3328 1721 3612 1784; x_wconf 89' lang='lat' dir='ltr'><strong>paternum</strong></span> 
     </span>
    </p>
   </div>
   <div class='ocr_carea' id='block_1_48' title="bbox 2023 1805 3612 1876">
    <p class='ocr_par' dir='ltr' id='par_1_48' title="bbox 2023 1805 3612 1876">
     <span class='ocr_line' id='line_1_48' title="bbox 2023 1805 3612 1876; baseline -0.003 -14"><span class='ocrx_word' id='word_1_340' title='bbox 2023 1807 2341 1862; x_wconf 66' lang='lat' dir='ltr'><strong>haereditate</strong></span> <span class='ocrx_word' id='word_1_341' title='bbox 2362 1805 2670 1876; x_wconf 86' lang='lat' dir='ltr'><strong>suscepisti,</strong></span> <span class='ocrx_word' id='word_1_342' title='bbox 2697 1815 2952 1875; x_wconf 85' lang='lat' dir='ltr'><strong>paternos</strong></span> <span class='ocrx_word' id='word_1_343' title='bbox 2973 1821 3188 1876; x_wconf 90' lang='lat' dir='ltr'><strong>quoque</strong></span> <span class='ocrx_word' id='word_1_344' title='bbox 3211 1807 3418 1862; x_wconf 84' lang='lat' dir='ltr'><strong>amicos</strong></span> <span class='ocrx_word' id='word_1_345' title='bbox 3435 1821 3612 1875; x_wconf 64' lang='lat' dir='ltr'><strong>aque,</strong></span> 
     </span>
    </p>
   </div>
   <div class='ocr_carea' id='block_1_49' title="bbox 2022 1899 3613 1970">
    <p class='ocr_par' dir='ltr' id='par_1_49' title="bbox 2022 1899 3613 1970">
     <span class='ocr_line' id='line_1_49' title="bbox 2022 1899 3613 1970; baseline -0.003 -14"><span class='ocrx_word' id='word_1_346' title='bbox 2022 1915 2088 1956; x_wconf 90' lang='lat' dir='ltr'><strong>ac</strong></span> <span class='ocrx_word' id='word_1_347' title='bbox 2117 1900 2228 1966; x_wconf 90' lang='lat' dir='ltr'><strong>ille,</strong></span> <span class='ocrx_word' id='word_1_348' title='bbox 2262 1899 2542 1956; x_wconf 85' lang='lat' dir='ltr'><strong>beneﬁciis</strong></span> <span class='ocrx_word' id='word_1_349' title='bbox 2587 1915 2808 1970; x_wconf 87' lang='lat' dir='ltr'><strong>augere,</strong></span> <span class='ocrx_word' id='word_1_350' title='bbox 2847 1908 3006 1969; x_wconf 86' lang='lat' dir='ltr'><strong>teque</strong></span> <span class='ocrx_word' id='word_1_351' title='bbox 3052 1900 3104 1954; x_wconf 90' lang='lat' dir='ltr'><strong>in</strong></span> <span class='ocrx_word' id='word_1_352' title='bbox 3151 1915 3217 1954; x_wconf 91' lang='lat' dir='ltr'><strong>eo</strong></span> <span class='ocrx_word' id='word_1_353' title='bbox 3255 1899 3487 1954; x_wconf 77' lang='lat' dir='ltr'><strong>maxime</strong></span> <span class='ocrx_word' id='word_1_354' title='bbox 3513 1913 3613 1966; x_wconf 85' lang='lat' dir='ltr'><strong>pa-</strong></span> 
     </span>
    </p>
   </div>
   <div class='ocr_carea' id='block_1_50' title="bbox 2025 1989 3617 2060">
    <p class='ocr_par' dir='ltr' id='par_1_50' title="bbox 2025 1989 3617 2060">
     <span class='ocr_line' id='line_1_50' title="bbox 2025 1989 3617 2060; baseline -0.002 -13"><span class='ocrx_word' id='word_1_355' title='bbox 2025 1992 2125 2047; x_wconf 88' lang='lat' dir='ltr'><strong>tris</strong></span> <span class='ocrx_word' id='word_1_356' title='bbox 2173 2005 2550 2047; x_wconf 82' lang='lat' dir='ltr'><strong>successorem</strong></span> <span class='ocrx_word' id='word_1_357' title='bbox 2612 1991 2889 2060; x_wconf 62' lang='lat' dir='ltr'><strong>prazbere,</strong></span> <span class='ocrx_word' id='word_1_358' title='bbox 2939 1991 2986 2046; x_wconf 82' lang='lat' dir='ltr'><strong>si</strong></span> <span class='ocrx_word' id='word_1_359' title='bbox 3031 1989 3167 2045; x_wconf 90' lang='lat' dir='ltr'><strong>nihil</strong></span> <span class='ocrx_word' id='word_1_360' title='bbox 3221 2005 3433 2056; x_wconf 89' lang='lat' dir='ltr'><strong>eorum,</strong></span> <span class='ocrx_word' id='word_1_361' title='bbox 3495 2004 3617 2060; x_wconf 79' lang='lat' dir='ltr'><strong>qua:</strong></span> 
     </span>
    </p>
   </div>
   <div class='ocr_carea' id='block_1_51' title="bbox 2021 2080 3616 2147">
    <p class='ocr_par' dir='ltr' id='par_1_51' title="bbox 2021 2080 3616 2147">
     <span class='ocr_line' id='line_1_51' title="bbox 2021 2080 3616 2147; baseline -0.002 -9"><span class='ocrx_word' id='word_1_362' title='bbox 2021 2085 2178 2138; x_wconf 86' lang='lat' dir='ltr'><strong>vivus</strong></span> <span class='ocrx_word' id='word_1_363' title='bbox 2221 2083 2432 2147; x_wconf 85' lang='lat' dir='ltr'><strong>statuit,</strong></span> <span class='ocrx_word' id='word_1_364' title='bbox 2469 2098 2535 2139; x_wconf 87' lang='lat' dir='ltr'><strong>eo</strong></span> <span class='ocrx_word' id='word_1_365' title='bbox 2581 2092 2801 2139; x_wconf 89' lang='lat' dir='ltr'><strong>mortuo</strong></span> <span class='ocrx_word' id='word_1_366' title='bbox 2832 2084 3108 2138; x_wconf 88' lang='lat' dir='ltr'><strong>immutes.</strong></span> <span class='ocrx_word' id='word_1_367' title='bbox 3145 2080 3224 2136; x_wconf 70' lang='grc' dir='ltr'><strong>ιω</strong></span> <span class='ocrx_word' id='word_1_368' title='bbox 3257 2084 3346 2136; x_wconf 80' lang='lat' dir='ltr'><strong>fiet</strong></span> <span class='ocrx_word' id='word_1_369' title='bbox 3369 2124 3387 2147; x_wconf 90' lang='lat'><strong>,</strong></span> <span class='ocrx_word' id='word_1_370' title='bbox 3417 2090 3474 2136; x_wconf 89' lang='lat' dir='ltr'><strong>ut</strong></span> <span class='ocrx_word' id='word_1_371' title='bbox 3512 2096 3616 2136; x_wconf 91' lang='lat' dir='ltr'><strong>nos</strong></span> 
     </span>
    </p>
   </div>
   <div class='ocr_carea' id='block_1_52' title="bbox 2021 2173 3619 2244">
    <p class='ocr_par' dir='ltr' id='par_1_52' title="bbox 2021 2173 3619 2244">
     <span class='ocr_line' id='line_1_52' title="bbox 2021 2173 3619 2244; baseline -0.001 -16"><span class='ocrx_word' id='word_1_372' title='bbox 2021 2175 2268 2230; x_wconf 88' lang='lat' dir='ltr'><strong>eamdem</strong></span> <span class='ocrx_word' id='word_1_373' title='bbox 2299 2188 2428 2244; x_wconf 82' lang='lat' dir='ltr'><strong>erga</strong></span> <span class='ocrx_word' id='word_1_374' title='bbox 2471 2183 2523 2228; x_wconf 90' lang='lat' dir='ltr'><strong>te</strong></span> <span class='ocrx_word' id='word_1_375' title='bbox 2574 2173 2907 2228; x_wconf 82' lang='lat' dir='ltr'><strong>voluntatem</strong></span> <span class='ocrx_word' id='word_1_376' title='bbox 2957 2186 3386 2237; x_wconf 78' lang='lat' dir='ltr'><strong>conservemus,</strong></span> <span class='ocrx_word' id='word_1_377' title='bbox 3442 2185 3619 2241; x_wconf 89' lang='lat' dir='ltr'><strong>neque</strong></span> 
     </span>
    </p>
   </div>
   <div class='ocr_carea' id='block_1_53' title="bbox 2020 2264 3616 2330">
    <p class='ocr_par' dir='ltr' id='par_1_53' title="bbox 2020 2264 3616 2330">
     <span class='ocr_line' id='line_1_53' title="bbox 2020 2264 3616 2330; baseline 0.001 -12"><span class='ocrx_word' id='word_1_378' title='bbox 2020 2265 2202 2319; x_wconf 87' lang='lat' dir='ltr'><strong>minus</strong></span> <span class='ocrx_word' id='word_1_379' title='bbox 2235 2265 2288 2318; x_wconf 90' lang='lat' dir='ltr'><strong>in</strong></span> <span class='ocrx_word' id='word_1_380' title='bbox 2337 2275 2389 2319; x_wconf 86' lang='lat' dir='ltr'><strong>te</strong></span> <span class='ocrx_word' id='word_1_381' title='bbox 2427 2264 2800 2320; x_wconf 64' lang='lat' dir='ltr'><strong>beneﬁcentiae</strong></span> <span class='ocrx_word' id='word_1_382' title='bbox 2846 2279 3050 2320; x_wconf 88' lang='lat' dir='ltr'><strong>nomen.</strong></span> <span class='ocrx_word' id='word_1_383' title='bbox 3094 2265 3486 2320; x_wconf 75' lang='lat' dir='ltr'><strong>transferamus</strong></span> <span class='ocrx_word' id='word_1_384' title='bbox 3510 2304 3526 2330; x_wconf 93' lang='lat'><strong>,</strong></span> <span class='ocrx_word' id='word_1_385' title='bbox 3561 2273 3616 2320; x_wconf 90' lang='lat' dir='ltr'><strong>te</strong></span> 
     </span>
    </p>
   </div>
   <div class='ocr_carea' id='block_1_54' title="bbox 2022 2357 3610 2426">
    <p class='ocr_par' dir='ltr' id='par_1_54' title="bbox 2022 2357 3610 2426">
     <span class='ocr_line' id='line_1_54' title="bbox 2022 2357 3610 2426; baseline 0 -16"><span class='ocrx_word' id='word_1_386' title='bbox 2022 2366 2142 2426; x_wconf 89' lang='lat' dir='ltr'><strong>post</strong></span> <span class='ocrx_word' id='word_1_387' title='bbox 2174 2357 2352 2426; x_wconf 88' lang='lat' dir='ltr'><strong>ipsum</strong></span> <span class='ocrx_word' id='word_1_388' title='bbox 2383 2364 2661 2412; x_wconf 86' lang='lat' dir='ltr'><strong>auctorem</strong></span> <span class='ocrx_word' id='word_1_389' title='bbox 2711 2365 3020 2412; x_wconf 87' lang='lat' dir='ltr'><strong>nostrarum</strong></span> <span class='ocrx_word' id='word_1_390' title='bbox 3070 2357 3418 2412; x_wconf 90' lang='lat' dir='ltr'><strong>fortunarum</strong></span> <span class='ocrx_word' id='word_1_391' title='bbox 3469 2372 3610 2411; x_wconf 88' lang='lat' dir='ltr'><strong>nun-</strong></span> 
     </span>
    </p>
   </div>
   <div class='ocr_carea' id='block_1_55' title="bbox 2021 2438 3616 2518">
    <p class='ocr_par' dir='ltr' id='par_1_55' title="bbox 2021 2438 3616 2518">
     <span class='ocr_line' id='line_1_55' title="bbox 2021 2438 3616 2518; baseline -0.001 -15"><span class='ocrx_word' id='word_1_392' title='bbox 2021 2457 2302 2518; x_wconf 86' lang='lat' dir='ltr'><strong>cupantes.</strong></span> <span class='ocrx_word' id='word_1_393' title='bbox 2354 2448 2423 2502; x_wconf 91' lang='lat' dir='ltr'><strong>Et</strong></span> <span class='ocrx_word' id='word_1_394' title='bbox 2456 2462 2590 2502; x_wconf 82' lang='lat' dir='ltr'><strong>sane</strong></span> <span class='ocrx_word' id='word_1_395' title='bbox 2617 2438 3088 2513; x_wconf 86' lang='lat' dir='ltr'><strong>erubesceremus,</strong></span> <span class='ocrx_word' id='word_1_396' title='bbox 3119 2448 3166 2502; x_wconf 88' lang='lat' dir='ltr'><strong>si</strong></span> <span class='ocrx_word' id='word_1_397' title='bbox 3200 2463 3229 2500; x_wconf 91' lang='lat' dir='ltr'><strong>a</strong></span> <span class='ocrx_word' id='word_1_398' title='bbox 3275 2457 3325 2502; x_wconf 93' lang='lat' dir='ltr'><strong>te</strong></span> <span class='ocrx_word' id='word_1_399' title='bbox 3365 2461 3616 2502; x_wconf 90' lang='lat' dir='ltr'><strong>commo-</strong></span> 
     </span>
    </p>
   </div>
   <div class='ocr_carea' id='block_1_56' title="bbox 2021 2537 3616 2595">
    <p class='ocr_par' dir='ltr' id='par_1_56' title="bbox 2021 2537 3616 2595">
     <span class='ocr_line' id='line_1_56' title="bbox 2021 2537 3616 2595; baseline -0.001 -2"><span class='ocrx_word' id='word_1_400' title='bbox 2021 2539 2105 2594; x_wconf 86' lang='lat' dir='ltr'><strong>dis</strong></span> <span class='ocrx_word' id='word_1_401' title='bbox 2127 2539 2302 2594; x_wconf 90' lang='lat' dir='ltr'><strong>ornati</strong></span> <span class='ocrx_word' id='word_1_402' title='bbox 2333 2555 2441 2594; x_wconf 88' lang='lat' dir='ltr'><strong>non</strong></span> <span class='ocrx_word' id='word_1_403' title='bbox 2476 2539 2667 2594; x_wconf 81' lang='lat' dir='ltr'><strong>eadem</strong></span> <span class='ocrx_word' id='word_1_404' title='bbox 2716 2539 2810 2593; x_wconf 87' lang='lat' dir='ltr'><strong>tibi</strong></span> <span class='ocrx_word' id='word_1_405' title='bbox 2842 2540 3290 2595; x_wconf 88' lang='lat' dir='ltr'><strong>retribueremus.</strong></span> <span class='ocrx_word' id='word_1_406' title='bbox 3329 2539 3423 2592; x_wconf 79' lang='lat' dir='ltr'><strong>Sic</strong></span> <span class='ocrx_word' id='word_1_407' title='bbox 3467 2537 3616 2592; x_wconf 84' lang='lat' dir='ltr'><strong>enim</strong></span> 
     </span>
    </p>
   </div>
   <div class='ocr_carea' id='block_1_57' title="bbox 2021 2627 3619 2701">
    <p class='ocr_par' dir='ltr' id='par_1_57' title="bbox 2021 2627 3619 2701">
     <span class='ocr_line' id='line_1_57' title="bbox 2021 2627 3619 2701; baseline 0 -19"><span class='ocrx_word' id='word_1_408' title='bbox 2021 2639 2232 2700; x_wconf 86' lang='lat' dir='ltr'><strong>patrem</strong></span> <span class='ocrx_word' id='word_1_409' title='bbox 2273 2641 2444 2695; x_wconf 92' lang='lat' dir='ltr'><strong>tuum,</strong></span> <span class='ocrx_word' id='word_1_410' title='bbox 2482 2631 2571 2701; x_wconf 92' lang='lat' dir='ltr'><strong>qui</strong></span> <span class='ocrx_word' id='word_1_411' title='bbox 2606 2629 2661 2683; x_wconf 89' lang='lat' dir='ltr'><strong>in</strong></span> <span class='ocrx_word' id='word_1_412' title='bbox 2697 2643 2796 2684; x_wconf 86' lang='lat' dir='ltr'><strong>nos</strong></span> <span class='ocrx_word' id='word_1_413' title='bbox 2827 2629 3070 2685; x_wconf 85' lang='lat' dir='ltr'><strong>liberalis</strong></span> <span class='ocrx_word' id='word_1_414' title='bbox 3092 2638 3145 2684; x_wconf 90' lang='lat' dir='ltr'><strong>et</strong></span> <span class='ocrx_word' id='word_1_415' title='bbox 3177 2628 3468 2684; x_wconf 89' lang='lat' dir='ltr'><strong>muniﬁcus</strong></span> <span class='ocrx_word' id='word_1_416' title='bbox 3499 2627 3619 2682; x_wconf 85' lang='lat' dir='ltr'><strong>fue-</strong></span> 
     </span>
    </p>
   </div>
   <div class='ocr_carea' id='block_1_58' title="bbox 2021 2720 3619 2790">
    <p class='ocr_par' dir='ltr' id='par_1_58' title="bbox 2021 2720 3619 2790">
     <span class='ocr_line' id='line_1_58' title="bbox 2021 2720 3619 2790; baseline -0.001 -13"><span class='ocrx_word' id='word_1_417' title='bbox 2021 2732 2128 2787; x_wconf 87' lang='lat' dir='ltr'><strong>rat,</strong></span> <span class='ocrx_word' id='word_1_418' title='bbox 2162 2721 2492 2776; x_wconf 90' lang='lat' dir='ltr'><strong>remunerati</strong></span> <span class='ocrx_word' id='word_1_419' title='bbox 2527 2737 2741 2776; x_wconf 89' lang='lat' dir='ltr'><strong>sumus.</strong></span> <span class='ocrx_word' id='word_1_420' title='bbox 2777 2720 2989 2774; x_wconf 83' lang='lat' dir='ltr'><strong>Etenim</strong></span> <span class='ocrx_word' id='word_1_421' title='bbox 3033 2737 3157 2776; x_wconf 90' lang='lat' dir='ltr'><strong>cum</strong></span> <span class='ocrx_word' id='word_1_422' title='bbox 3217 2721 3334 2788; x_wconf 86' lang='lat' dir='ltr'><strong>ejus</strong></span> <span class='ocrx_word' id='word_1_423' title='bbox 3368 2721 3619 2790; x_wconf 77' lang='lat' dir='ltr'><strong>regiones</strong></span> 
     </span>
    </p>
   </div>
   <div class='ocr_carea' id='block_1_59' title="bbox 2021 2811 3617 2881">
    <p class='ocr_par' dir='ltr' id='par_1_59' title="bbox 2021 2811 3617 2881">
     <span class='ocr_line' id='line_1_59' title="bbox 2021 2811 3617 2881; baseline 0 -16"><span class='ocrx_word' id='word_1_424' title='bbox 2021 2823 2236 2867; x_wconf 85' lang='lat' dir='ltr'><strong>vastare</strong></span> <span class='ocrx_word' id='word_1_425' title='bbox 2277 2827 2599 2881; x_wconf 87' lang='lat' dir='ltr'><strong>possemus,</strong></span> <span class='ocrx_word' id='word_1_426' title='bbox 2655 2827 2761 2866; x_wconf 91' lang='lat' dir='ltr'><strong>non</strong></span> <span class='ocrx_word' id='word_1_427' title='bbox 2808 2811 2971 2866; x_wconf 89' lang='lat' dir='ltr'><strong>modo</strong></span> <span class='ocrx_word' id='word_1_428' title='bbox 3003 2812 3386 2877; x_wconf 87' lang='lat' dir='ltr'><strong>abstinuimus,</strong></span> <span class='ocrx_word' id='word_1_429' title='bbox 3429 2825 3617 2865; x_wconf 87' lang='lat' dir='ltr'><strong>verum</strong></span> 
     </span>
    </p>
   </div>
   <div class='ocr_carea' id='block_1_60' title="bbox 2021 2902 3619 2974">
    <p class='ocr_par' dir='ltr' id='par_1_60' title="bbox 2021 2902 3619 2974">
     <span class='ocr_line' id='line_1_60' title="bbox 2021 2902 3619 2974; baseline -0.002 -15"><span class='ocrx_word' id='word_1_430' title='bbox 2021 2905 2210 2968; x_wconf 86' lang='lat' dir='ltr'><strong>etiam,</strong></span> <span class='ocrx_word' id='word_1_431' title='bbox 2237 2919 2344 2974; x_wconf 93' lang='lat' dir='ltr'><strong>quo</strong></span> <span class='ocrx_word' id='word_1_432' title='bbox 2388 2919 2488 2960; x_wconf 89' lang='lat' dir='ltr'><strong>nos</strong></span> <span class='ocrx_word' id='word_1_433' title='bbox 2533 2903 2917 2973; x_wconf 88' lang='lat' dir='ltr'><strong>propensiores</strong></span> <span class='ocrx_word' id='word_1_434' title='bbox 2963 2917 3090 2972; x_wconf 89' lang='lat' dir='ltr'><strong>erga</strong></span> <span class='ocrx_word' id='word_1_435' title='bbox 3127 2903 3307 2972; x_wconf 82' lang='lat' dir='ltr'><strong>ipsum</strong></span> <span class='ocrx_word' id='word_1_436' title='bbox 3361 2902 3619 2956; x_wconf 89' lang='lat' dir='ltr'><strong>ostende-</strong></span> 
     </span>
    </p>
   </div>
   <div class='ocr_carea' id='block_1_61' title="bbox 2020 2993 3621 3063">
    <p class='ocr_par' dir='ltr' id='par_1_61' title="bbox 2020 2993 3621 3063">
     <span class='ocr_line' id='line_1_61' title="bbox 2020 2993 3621 3063; baseline -0.002 -12"><span class='ocrx_word' id='word_1_437' title='bbox 2020 3012 2241 3063; x_wconf 89' lang='lat' dir='ltr'><strong>remus,</strong></span> <span class='ocrx_word' id='word_1_438' title='bbox 2287 2996 2494 3050; x_wconf 86' lang='lat' dir='ltr'><strong>vicinus</strong></span> <span class='ocrx_word' id='word_1_439' title='bbox 2522 2994 2794 3050; x_wconf 82' lang='lat' dir='ltr'><strong>Barbaros</strong></span> <span class='ocrx_word' id='word_1_440' title='bbox 2833 2993 3124 3048; x_wconf 83' lang='lat' dir='ltr'><strong>Thraciam</strong></span> <span class='ocrx_word' id='word_1_441' title='bbox 3147 2995 3468 3048; x_wconf 88' lang='lat' dir='ltr'><strong>invadentes</strong></span> <span class='ocrx_word' id='word_1_442' title='bbox 3511 3008 3621 3048; x_wconf 90' lang='lat' dir='ltr'><strong>uno</strong></span> 
     </span>
    </p>
   </div>
   <div class='ocr_carea' id='block_1_62' title="bbox 329 3083 1935 3180">
    <p class='ocr_par' dir='ltr' id='par_1_62' title="bbox 329 3083 1916 3158">
     <span class='ocr_line' id='line_1_62' title="bbox 329 3083 1916 3158; baseline 0.004 -21"><span class='ocrx_word' id='word_1_443' title='bbox 329 3083 704 3138; x_wconf 87' lang='grc' dir='ltr'>λέλειπταιτά</span> <span class='ocrx_word' id='word_1_444' title='bbox 741 3083 973 3154; x_wconf 77' lang='grc' dir='ltr'>Θρᾳκῶν</span> <span class='ocrx_word' id='word_1_445' title='bbox 1021 3084 1292 3155; x_wconf 83' lang='grc' dir='ltr'>ὁρίσματα</span> <span class='ocrx_word' id='word_1_446' title='bbox 1341 3087 1865 3158; x_wconf 85' lang='grc' dir='ltr'>καταδραμούμενος</span> <span class='ocrx_word' id='word_1_447' title='bbox 1901 3105 1916 3121; x_wconf 75' lang='grc' dir='ltr'><strong>ο</strong></span> 
     </span>
    </p>
   </div>
   <div class='ocr_carea' id='block_1_63' title="bbox 2021 3083 3620 3180">
    <p class='ocr_par' dir='ltr' id='par_1_63' title="bbox 2027 3088 3620 3158">
     <span class='ocr_line' id='line_1_63' title="bbox 2027 3088 3620 3158; baseline -0.003 -15"><span class='ocrx_word' id='word_1_448' title='bbox 2027 3090 2231 3158; x_wconf 88' lang='lat' dir='ltr'><strong>impetu</strong></span> <span class='ocrx_word' id='word_1_449' title='bbox 2277 3089 2598 3152; x_wconf 91' lang='lat' dir='ltr'><strong>delevimus,</strong></span> <span class='ocrx_word' id='word_1_450' title='bbox 2651 3103 2844 3158; x_wconf 31' lang='lat' dir='ltr'><strong>neque.</strong></span> <span class='ocrx_word' id='word_1_451' title='bbox 2875 3088 3164 3156; x_wconf 85' lang='lat' dir='ltr'><strong>quisquam</strong></span> <span class='ocrx_word' id='word_1_452' title='bbox 3199 3101 3387 3141; x_wconf 92' lang='lat' dir='ltr'><strong>eorum</strong></span> <span class='ocrx_word' id='word_1_453' title='bbox 3433 3094 3620 3153; x_wconf 86' lang='lat' dir='ltr'><strong>postea</strong></span> 
     </span>
    </p>
   </div>
   <div class='ocr_carea' id='block_1_64' title="bbox 329 3174 1919 3250">
    <p class='ocr_par' dir='ltr' id='par_1_64' title="bbox 329 3174 1919 3250">
     <span class='ocr_line' id='line_1_64' title="bbox 329 3174 1919 3250; baseline 0.003 -22"><span class='ocrx_word' id='word_1_454' title='bbox 329 3175 537 3230; x_wconf 83' lang='grc' dir='ltr'>δεδίασι</span> <span class='ocrx_word' id='word_1_455' title='bbox 563 3175 674 3246; x_wconf 88' lang='grc' dir='ltr'><strong>γάρ</strong></span> <span class='ocrx_word' id='word_1_456' title='bbox 702 3175 810 3227; x_wconf 88' lang='grc' dir='ltr'><strong>τῶν</strong></span> <span class='ocrx_word' id='word_1_457' title='bbox 861 3174 1108 3247; x_wconf 81' lang='grc' dir='ltr'>Ἀϐἀρων</span> <span class='ocrx_word' id='word_1_458' title='bbox 1152 3176 1251 3247; x_wconf 87' lang='grc' dir='ltr'><strong>τὴν</strong></span> <span class='ocrx_word' id='word_1_459' title='bbox 1282 3175 1514 3247; x_wconf 87' lang='grc' dir='ltr'>δύναμιν</span> <span class='ocrx_word' id='word_1_460' title='bbox 1543 3179 1736 3247; x_wconf 80' lang='grc' dir='ltr'>φιλίως</span> <span class='ocrx_word' id='word_1_461' title='bbox 1761 3181 1919 3250; x_wconf 79' lang='grc' dir='ltr'>έχου-</span> 
     </span>
    </p>
   </div>
   <div class='ocr_carea' id='block_1_65' title="bbox 331 3268 1917 3343">
    <p class='ocr_par' dir='ltr' id='par_1_65' title="bbox 331 3268 1917 3343">
     <span class='ocr_line' id='line_1_65' title="bbox 331 3268 1917 3343; baseline 0.004 -22"><span class='ocrx_word' id='word_1_462' title='bbox 331 3285 430 3321; x_wconf 89' lang='grc' dir='ltr'><strong>σαν</strong></span> <span class='ocrx_word' id='word_1_463' title='bbox 460 3268 599 3340; x_wconf 71' lang='grc' dir='ltr'>πρὸς</span> <span class='ocrx_word' id='word_1_464' title='bbox 621 3269 724 3338; x_wconf 80' lang='grc' dir='ltr'>τὴν</span> <span class='ocrx_word' id='word_1_465' title='bbox 765 3268 1052 3338; x_wconf 87' lang='grc' dir='ltr'>Ῥωμαίων</span> <span class='ocrx_word' id='word_1_466' title='bbox 1073 3269 1271 3340; x_wconf 91' lang='grc' dir='ltr'>ἀρχὴν.</span> <span class='ocrx_word' id='word_1_467' title='bbox 1308 3271 1662 3342; x_wconf 85' lang='grc' dir='ltr'>Πεπείσμεθα</span> <span class='ocrx_word' id='word_1_468' title='bbox 1689 3271 1752 3343; x_wconf 87' lang='grc' dir='ltr'><strong>δὴ</strong></span> <span class='ocrx_word' id='word_1_469' title='bbox 1800 3270 1917 3339; x_wconf 78' lang='grc' dir='ltr'>οὖν,</span> 
     </span>
    </p>
   </div>
   <div class='ocr_carea' id='block_1_66' title="bbox 329 3359 1920 3435">
    <p class='ocr_par' dir='ltr' id='par_1_66' title="bbox 329 3359 1920 3435">
     <span class='ocr_line' id='line_1_66' title="bbox 329 3359 1920 3435; baseline 0.005 -22"><span class='ocrx_word' id='word_1_470' title='bbox 329 3360 405 3424; x_wconf 84' lang='grc' dir='ltr'><strong>ὡς</strong></span> <span class='ocrx_word' id='word_1_471' title='bbox 439 3363 496 3414; x_wconf 91' lang='grc' dir='ltr'><strong>ἐν</strong></span> <span class='ocrx_word' id='word_1_472' title='bbox 542 3359 718 3428; x_wconf 89' lang='grc' dir='ltr'>τούτῳ</span> <span class='ocrx_word' id='word_1_473' title='bbox 765 3360 912 3430; x_wconf 83' lang='grc' dir='ltr'>μόνῳ</span> <span class='ocrx_word' id='word_1_474' title='bbox 966 3363 1386 3433; x_wconf 87' lang='grc' dir='ltr'>καινοτομὴσεις</span> <span class='ocrx_word' id='word_1_475' title='bbox 1436 3365 1708 3435; x_wconf 80' lang='grc' dir='ltr'>ἡμᾶς,τῷ</span> <span class='ocrx_word' id='word_1_476' title='bbox 1756 3366 1920 3421; x_wconf 89' lang='grc' dir='ltr'>πλέον</span> 
     </span>
    </p>
   </div>
   <div class='ocr_carea' id='block_1_67' title="bbox 329 3452 1920 3528">
    <p class='ocr_par' dir='ltr' id='par_1_67' title="bbox 329 3452 1920 3528">
     <span class='ocr_line' id='line_1_67' title="bbox 329 3452 1920 3528; baseline 0.005 -22"><span class='ocrx_word' id='word_1_477' title='bbox 329 3453 594 3524; x_wconf 82' lang='grc' dir='ltr'>παρέχειν</span> <span class='ocrx_word' id='word_1_478' title='bbox 627 3455 780 3524; x_wconf 87' lang='grc' dir='ltr'>ἡμῖν,</span> <span class='ocrx_word' id='word_1_479' title='bbox 812 3454 845 3522; x_wconf 78' lang='grc' dir='ltr'>ἦ</span> <span class='ocrx_word' id='word_1_480' title='bbox 877 3455 906 3506; x_wconf 84' lang='grc' dir='ltr'>ὁ</span> <span class='ocrx_word' id='word_1_481' title='bbox 939 3454 1029 3516; x_wconf 81' lang='grc' dir='ltr'><strong>σὸς</strong></span> <span class='ocrx_word' id='word_1_482' title='bbox 1071 3454 1246 3508; x_wconf 81' lang='grc' dir='ltr'>ἐδίδου</span> <span class='ocrx_word' id='word_1_483' title='bbox 1299 3458 1481 3528; x_wconf 88' lang='grc' dir='ltr'>πατήρ</span> <span class='ocrx_word' id='word_1_484' title='bbox 1507 3474 1521 3488; x_wconf 87' lang='grc'><strong>·</strong></span> <span class='ocrx_word' id='word_1_485' title='bbox 1572 3458 1690 3512; x_wconf 86' lang='grc' dir='ltr'>ἀνθ’</span> <span class='ocrx_word' id='word_1_486' title='bbox 1717 3452 1794 3514; x_wconf 85' lang='grc' dir='ltr'>ὧν</span> <span class='ocrx_word' id='word_1_487' title='bbox 1825 3461 1920 3514; x_wconf 75' lang='grc' dir='ltr'>καὶ</span> 
     </span>
    </p>
   </div>
   <div class='ocr_carea' id='block_1_68' title="bbox 329 3545 1920 3618">
    <p class='ocr_par' dir='ltr' id='par_1_68' title="bbox 329 3545 1920 3618">
     <span class='ocr_line' id='line_1_68' title="bbox 329 3545 1920 3618; baseline 0.008 -24"><span class='ocrx_word' id='word_1_488' title='bbox 329 3548 490 3617; x_wconf 74' lang='grc' dir='ltr'>ἡμεῖς</span> <span class='ocrx_word' id='word_1_489' title='bbox 522 3547 667 3617; x_wconf 83' lang='grc' dir='ltr'>ἡπερ</span> <span class='ocrx_word' id='word_1_490' title='bbox 701 3545 894 3612; x_wconf 83' lang='grc' dir='ltr'>ἐκείνῳ</span> <span class='ocrx_word' id='word_1_491' title='bbox 924 3546 1270 3618; x_wconf 83' lang='grc' dir='ltr'>γενησόμεθά</span> <span class='ocrx_word' id='word_1_492' title='bbox 1306 3565 1388 3601; x_wconf 92' lang='grc' dir='ltr'><strong>σοι</strong></span> <span class='ocrx_word' id='word_1_493' title='bbox 1445 3550 1590 3604; x_wconf 87' lang='grc' dir='ltr'><strong>κατά</strong></span> <span class='ocrx_word' id='word_1_494' title='bbox 1635 3552 1695 3605; x_wconf 86' lang='grc' dir='ltr'>τὸ</span> <span class='ocrx_word' id='word_1_495' title='bbox 1753 3552 1920 3606; x_wconf 87' lang='grc' dir='ltr'>πλέον</span> 
     </span>
    </p>
   </div>
   <div class='ocr_carea' id='block_1_69' title="bbox 329 3637 1919 3715">
    <p class='ocr_par' dir='ltr' id='par_1_69' title="bbox 329 3637 1919 3715">
     <span class='ocr_line' id='line_1_69' title="bbox 329 3637 1919 3715; baseline 0.004 -25"><span class='ocrx_word' id='word_1_496' title='bbox 329 3637 644 3702; x_wconf 84' lang='grc' dir='ltr'>ὑπεύθυνοι,</span> <span class='ocrx_word' id='word_1_497' title='bbox 678 3637 772 3690; x_wconf 76' lang='grc' dir='ltr'><strong>καὶ</strong></span> <span class='ocrx_word' id='word_1_498' title='bbox 803 3637 1056 3707; x_wconf 73' lang='grc' dir='ltr'>μείζονας</span> <span class='ocrx_word' id='word_1_499' title='bbox 1088 3639 1473 3710; x_wconf 86' lang='grc' dir='ltr'>ἐποφλὴσομέν</span> <span class='ocrx_word' id='word_1_500' title='bbox 1500 3657 1583 3694; x_wconf 89' lang='grc' dir='ltr'><strong>σοι</strong></span> <span class='ocrx_word' id='word_1_501' title='bbox 1613 3642 1712 3706; x_wconf 79' lang='grc' dir='ltr'>τὰς</span> <span class='ocrx_word' id='word_1_502' title='bbox 1757 3643 1919 3715; x_wconf 71' lang='grc' dir='ltr'>χάρι-</span> 
     </span>
    </p>
   </div>
   <div class='ocr_carea' id='block_1_70' title="bbox 329 3725 1914 3802">
    <p class='ocr_par' dir='ltr' id='par_1_70' title="bbox 329 3725 1914 3802">
     <span class='ocr_line' id='line_1_70' title="bbox 329 3725 1914 3802; baseline 0.006 -21"><span class='ocrx_word' id='word_1_503' title='bbox 329 3746 446 3794; x_wconf 83' lang='grc' dir='ltr'>τας.</span> <span class='ocrx_word' id='word_1_504' title='bbox 499 3731 789 3802; x_wconf 84' lang='grc' dir='ltr'>Πάρεσμεν</span> <span class='ocrx_word' id='word_1_505' title='bbox 825 3725 920 3783; x_wconf 82' lang='grc' dir='ltr'>οὖν</span> <span class='ocrx_word' id='word_1_506' title='bbox 965 3729 1264 3800; x_wconf 77' lang='grc' dir='ltr'>ληψόμενοι</span> <span class='ocrx_word' id='word_1_507' title='bbox 1303 3730 1370 3784; x_wconf 77' lang='grc' dir='ltr'>τὰ</span> <span class='ocrx_word' id='word_1_508' title='bbox 1398 3733 1543 3785; x_wconf 87' lang='grc' dir='ltr'><strong>κατὰ</strong></span> <span class='ocrx_word' id='word_1_509' title='bbox 1581 3732 1645 3785; x_wconf 83' lang='grc' dir='ltr'>τὸ</span> <span class='ocrx_word' id='word_1_510' title='bbox 1702 3735 1914 3798; x_wconf 73' lang='grc' dir='ltr'>εἰωθός.</span> 
     </span>
    </p>
   </div>
   <div class='ocr_carea' id='block_1_71' title="bbox 332 3819 1918 3890">
    <p class='ocr_par' dir='ltr' id='par_1_71' title="bbox 332 3819 1918 3890">
     <span class='ocr_line' id='line_1_71' title="bbox 332 3819 1918 3890; baseline 0.004 -18"><span class='ocrx_word' id='word_1_511' title='bbox 332 3821 500 3874; x_wconf 83' lang='grc' dir='ltr'>Γνῶθι</span> <span class='ocrx_word' id='word_1_512' title='bbox 557 3823 689 3890; x_wconf 72' lang='grc' dir='ltr'>γὰρ,</span> <span class='ocrx_word' id='word_1_513' title='bbox 743 3819 820 3879; x_wconf 75' lang='grc' dir='ltr'>ὡς</span> <span class='ocrx_word' id='word_1_514' title='bbox 869 3819 1045 3884; x_wconf 81' lang='grc' dir='ltr'>ἄλλως</span> <span class='ocrx_word' id='word_1_515' title='bbox 1100 3821 1146 3855; x_wconf 81' lang='grc' dir='ltr'><strong>⁸ο</strong></span> <span class='ocrx_word' id='word_1_516' title='bbox 1191 3820 1292 3874; x_wconf 84' lang='grc' dir='ltr'><strong>οὐκ</strong></span> <span class='ocrx_word' id='word_1_517' title='bbox 1363 3820 1480 3875; x_wconf 76' lang='grc' dir='ltr'>ἐστι</span> <span class='ocrx_word' id='word_1_518' title='bbox 1547 3823 1772 3878; x_wconf 74' lang='grc' dir='ltr'>δυνατὸν</span> <span class='ocrx_word' id='word_1_519' title='bbox 1827 3825 1918 3880; x_wconf 80' lang='grc' dir='ltr'><strong>τὸν</strong></span> 
     </span>
    </p>
   </div>
   <div class='ocr_carea' id='block_1_72' title="bbox 336 3912 1919 3985">
    <p class='ocr_par' dir='ltr' id='par_1_72' title="bbox 336 3912 1919 3985">
     <span class='ocr_line' id='line_1_72' title="bbox 336 3912 1919 3985; baseline 0.004 -20"><span class='ocrx_word' id='word_1_520' title='bbox 336 3913 452 3965; x_wconf 82' lang='grc' dir='ltr'>καθ’</span> <span class='ocrx_word' id='word_1_521' title='bbox 476 3913 622 3983; x_wconf 78' lang='grc' dir='ltr'>ἡμᾶς</span> <span class='ocrx_word' id='word_1_522' title='bbox 653 3912 898 3982; x_wconf 84' lang='grc' dir='ltr'>ἡγεμόνα</span> <span class='ocrx_word' id='word_1_523' title='bbox 927 3912 1008 3965; x_wconf 88' lang='grc' dir='ltr'><strong>σοί</strong></span> <span class='ocrx_word' id='word_1_524' title='bbox 1053 3929 1115 3965; x_wconf 85' lang='grc' dir='ltr'><strong>τε</strong></span> <span class='ocrx_word' id='word_1_525' title='bbox 1169 3914 1262 3968; x_wconf 78' lang='grc' dir='ltr'>καὶ</span> <span class='ocrx_word' id='word_1_526' title='bbox 1287 3916 1352 3985; x_wconf 78' lang='grc' dir='ltr'>τῇ</span> <span class='ocrx_word' id='word_1_527' title='bbox 1393 3914 1688 3985; x_wconf 86' lang='grc' dir='ltr'>Ῥωμαίων</span> <span class='ocrx_word' id='word_1_528' title='bbox 1725 3917 1919 3970; x_wconf 83' lang='grc' dir='ltr'>εὐνού-</span> 
     </span>
    </p>
   </div>
   <div class='ocr_carea' id='block_1_73' title="bbox 334 4004 1919 4081">
    <p class='ocr_par' dir='ltr' id='par_1_73' title="bbox 334 4004 1919 4081">
     <span class='ocr_line' id='line_1_73' title="bbox 334 4004 1919 4081; baseline 0.004 -25"><span class='ocrx_word' id='word_1_529' title='bbox 334 4021 525 4059; x_wconf 88' lang='grc' dir='ltr'>στατον</span> <span class='ocrx_word' id='word_1_530' title='bbox 559 4005 782 4059; x_wconf 79' lang='grc' dir='ltr'>ἔσεσθαι</span> <span class='ocrx_word' id='word_1_531' title='bbox 808 4004 1078 4076; x_wconf 78' lang='grc' dir='ltr'>πολιτείᾳ,</span> <span class='ocrx_word' id='word_1_532' title='bbox 1105 4005 1158 4059; x_wconf 86' lang='grc' dir='ltr'><strong>εῖ</strong></span> <span class='ocrx_word' id='word_1_533' title='bbox 1184 4023 1247 4074; x_wconf 92' lang='grc' dir='ltr'><strong>γε</strong></span> <span class='ocrx_word' id='word_1_534' title='bbox 1281 4006 1357 4078; x_wconf 83' lang='grc' dir='ltr'>μὴ</span> <span class='ocrx_word' id='word_1_535' title='bbox 1384 4009 1754 4081; x_wconf 83' lang='grc' dir='ltr'>ἐγχειρισθείη</span> <span class='ocrx_word' id='word_1_536' title='bbox 1780 4012 1919 4081; x_wconf 65' lang='grc' dir='ltr'>πρό-</span> 
     </span>
    </p>
   </div>
   <div class='ocr_carea' id='block_1_74' title="bbox 327 4092 1918 4172">
    <p class='ocr_par' dir='ltr' id='par_1_74' title="bbox 327 4092 1918 4172">
     <span class='ocr_line' id='line_1_74' title="bbox 327 4092 1918 4172; baseline 0.004 -23"><span class='ocrx_word' id='word_1_537' title='bbox 327 4113 485 4168; x_wconf 87' lang='grc' dir='ltr'>τερον</span> <span class='ocrx_word' id='word_1_538' title='bbox 512 4096 665 4163; x_wconf 83' lang='grc' dir='ltr'>αὐτῷ</span> <span class='ocrx_word' id='word_1_539' title='bbox 691 4095 758 4149; x_wconf 83' lang='grc' dir='ltr'>τὰ</span> <span class='ocrx_word' id='word_1_540' title='bbox 788 4095 875 4164; x_wconf 81' lang='grc' dir='ltr'>ἐφ’</span> <span class='ocrx_word' id='word_1_541' title='bbox 903 4092 986 4160; x_wconf 68' lang='grc' dir='ltr'>οἷς</span> <span class='ocrx_word' id='word_1_542' title='bbox 1010 4097 1071 4149; x_wconf 85' lang='grc' dir='ltr'><strong>οὐ</strong></span> <span class='ocrx_word' id='word_1_543' title='bbox 1103 4101 1272 4150; x_wconf 81' lang='grc' dir='ltr'>κινεῖν</span> <span class='ocrx_word' id='word_1_544' title='bbox 1297 4098 1438 4152; x_wconf 82' lang='grc' dir='ltr'>ὅπλα</span> <span class='ocrx_word' id='word_1_545' title='bbox 1461 4100 1603 4154; x_wconf 83' lang='grc' dir='ltr'>κατὰ</span> <span class='ocrx_word' id='word_1_546' title='bbox 1631 4101 1918 4172; x_wconf 83' lang='grc' dir='ltr'>Ῥωμαίων</span> 
     </span>
    </p>
   </div>
   <div class='ocr_carea' id='block_1_75' title="bbox 327 4187 1922 4260">
    <p class='ocr_par' dir='ltr' id='par_1_75' title="bbox 327 4187 1922 4260">
     <span class='ocr_line' id='line_1_75' title="bbox 327 4187 1922 4260; baseline 0.003 -19"><span class='ocrx_word' id='word_1_547' title='bbox 327 4191 488 4256; x_wconf 87' lang='grc' dir='ltr'>ἐγνω.</span> <span class='ocrx_word' id='word_1_548' title='bbox 531 4208 550 4242; x_wconf 72' lang='grc' dir='ltr'><strong>ι</strong></span> <span class='ocrx_word' id='word_1_549' title='bbox 580 4189 645 4241; x_wconf 87' lang='grc' dir='ltr'><strong>Οἱ</strong></span> <span class='ocrx_word' id='word_1_550' title='bbox 674 4187 773 4258; x_wconf 79' lang='grc' dir='ltr'><strong>μὲν</strong></span> <span class='ocrx_word' id='word_1_551' title='bbox 807 4187 916 4240; x_wconf 88' lang='grc' dir='ltr'><strong>τῶν</strong></span> <span class='ocrx_word' id='word_1_552' title='bbox 959 4187 1206 4258; x_wconf 86' lang='grc' dir='ltr'>Ἀϐἀρων</span> <span class='ocrx_word' id='word_1_553' title='bbox 1239 4189 1500 4260; x_wconf 87' lang='grc' dir='ltr'>πρέσϐεις</span> <span class='ocrx_word' id='word_1_554' title='bbox 1524 4190 1750 4245; x_wconf 81' lang='grc' dir='ltr'>τοιαῦτα</span> <span class='ocrx_word' id='word_1_555' title='bbox 1778 4192 1922 4258; x_wconf 78' lang='grc' dir='ltr'>διεξ-</span> 
     </span>
    </p>
   </div>
   <div class='ocr_carea' id='block_1_76' title="bbox 326 4279 1918 4354">
    <p class='ocr_par' dir='ltr' id='par_1_76' title="bbox 326 4279 1918 4354">
     <span class='ocr_line' id='line_1_76' title="bbox 326 4279 1918 4354; baseline 0.003 -21"><span class='ocrx_word' id='word_1_556' title='bbox 326 4281 488 4350; x_wconf 80' lang='grc' dir='ltr'>ῆλθον</span> <span class='ocrx_word' id='word_1_557' title='bbox 523 4281 1056 4351; x_wconf 78' lang='grc' dir='ltr'>ἐπαμφοτερίζοντες</span> <span class='ocrx_word' id='word_1_558' title='bbox 1101 4283 1169 4350; x_wconf 85' lang='grc' dir='ltr'>τῇ</span> <span class='ocrx_word' id='word_1_559' title='bbox 1202 4280 1396 4353; x_wconf 78' lang='grc' dir='ltr'>γνώμῃ</span> <span class='ocrx_word' id='word_1_560' title='bbox 1421 4298 1436 4311; x_wconf 87' lang='grc'><strong>·</strong></span> <span class='ocrx_word' id='word_1_561' title='bbox 1469 4279 1631 4335; x_wconf 80' lang='grc' dir='ltr'>τοῦτο</span> <span class='ocrx_word' id='word_1_562' title='bbox 1676 4283 1776 4352; x_wconf 89' lang='grc' dir='ltr'><strong>μέν</strong></span> <span class='ocrx_word' id='word_1_563' title='bbox 1810 4285 1918 4354; x_wconf 79' lang='grc' dir='ltr'>γὰρ</span> 
     </span>
    </p>
   </div>
   <div class='ocr_carea' id='block_1_77' title="bbox 327 4371 1914 4446">
    <p class='ocr_par' dir='ltr' id='par_1_77' title="bbox 327 4371 1914 4446">
     <span class='ocr_line' id='line_1_77' title="bbox 327 4371 1914 4446; baseline 0.003 -22"><span class='ocrx_word' id='word_1_564' title='bbox 327 4372 548 4426; x_wconf 84' lang='grc' dir='ltr'>ἐδόκουν</span> <span class='ocrx_word' id='word_1_565' title='bbox 605 4371 896 4435; x_wconf 78' lang='grc' dir='ltr'>ἱκετεύειν,</span> <span class='ocrx_word' id='word_1_566' title='bbox 951 4371 1110 4426; x_wconf 76' lang='grc' dir='ltr'>τοῦτο</span> <span class='ocrx_word' id='word_1_567' title='bbox 1149 4371 1207 4426; x_wconf 75' lang='grc' dir='ltr'><strong>δέ</strong></span> <span class='ocrx_word' id='word_1_568' title='bbox 1242 4372 1506 4426; x_wconf 86' lang='grc' dir='ltr'>ἀπειλεῖν.</span> <span class='ocrx_word' id='word_1_569' title='bbox 1550 4373 1741 4444; x_wconf 80' lang='grc' dir='ltr'>ᾯοντο</span> <span class='ocrx_word' id='word_1_570' title='bbox 1785 4376 1914 4446; x_wconf 84' lang='grc' dir='ltr'>γὰρ,</span> 
     </span>
    </p>
   </div>
   <div class='ocr_carea' id='block_1_78' title="bbox 2024 3179 3620 3250">
    <p class='ocr_par' dir='ltr' id='par_1_78' title="bbox 2024 3179 3620 3250">
     <span class='ocr_line' id='line_1_78' title="bbox 2024 3179 3620 3250; baseline -0.002 -15"><span class='ocrx_word' id='word_1_571' title='bbox 2024 3192 2108 3236; x_wconf 90' lang='lat' dir='ltr'><strong>est</strong></span> <span class='ocrx_word' id='word_1_572' title='bbox 2171 3182 2462 3247; x_wconf 89' lang='lat' dir='ltr'><strong>inventus,</strong></span> <span class='ocrx_word' id='word_1_573' title='bbox 2527 3181 2618 3250; x_wconf 89' lang='lat' dir='ltr'><strong>qui</strong></span> <span class='ocrx_word' id='word_1_574' title='bbox 2677 3180 2925 3236; x_wconf 78' lang='lat' dir='ltr'><strong>Thracia:</strong></span> <span class='ocrx_word' id='word_1_575' title='bbox 2975 3180 3111 3234; x_wconf 71' lang='lat' dir='ltr'><strong>ﬁnes</strong></span> <span class='ocrx_word' id='word_1_576' title='bbox 3174 3179 3620 3250; x_wconf 86' lang='lat' dir='ltr'><strong>populationibus</strong></span> 
     </span>
    </p>
   </div>
   <div class='ocr_carea' id='block_1_79' title="bbox 2023 3270 3612 3338">
    <p class='ocr_par' dir='ltr' id='par_1_79' title="bbox 2023 3270 3612 3338">
     <span class='ocr_line' id='line_1_79' title="bbox 2023 3270 3612 3338; baseline -0.003 -11"><span class='ocrx_word' id='word_1_577' title='bbox 2023 3279 2270 3328; x_wconf 83' lang='lat' dir='ltr'><strong>vexaret.</strong></span> <span class='ocrx_word' id='word_1_578' title='bbox 2303 3272 2615 3326; x_wconf 83' lang='lat' dir='ltr'><strong>Metuebant</strong></span> <span class='ocrx_word' id='word_1_579' title='bbox 2661 3273 2805 3327; x_wconf 85' lang='lat' dir='ltr'><strong>enim</strong></span> <span class='ocrx_word' id='word_1_580' title='bbox 2862 3273 3099 3326; x_wconf 88' lang='lat' dir='ltr'><strong>Avarum</strong></span> <span class='ocrx_word' id='word_1_581' title='bbox 3150 3271 3466 3338; x_wconf 87' lang='lat' dir='ltr'><strong>potentiam,</strong></span> <span class='ocrx_word' id='word_1_582' title='bbox 3521 3270 3612 3338; x_wconf 89' lang='lat' dir='ltr'><strong>qui</strong></span> 
     </span>
    </p>
   </div>
   <div class='ocr_carea' id='block_1_80' title="bbox 2025 3361 3616 3430">
    <p class='ocr_par' dir='ltr' id='par_1_80' title="bbox 2025 3361 3616 3430">
     <span class='ocr_line' id='line_1_80' title="bbox 2025 3361 3616 3430; baseline -0.004 -10"><span class='ocrx_word' id='word_1_583' title='bbox 2025 3365 2323 3420; x_wconf 86' lang='lat' dir='ltr'><strong>amicitiam</strong></span> <span class='ocrx_word' id='word_1_584' title='bbox 2344 3363 2738 3419; x_wconf 87' lang='lat' dir='ltr'><strong>colebantcum</strong></span> <span class='ocrx_word' id='word_1_585' title='bbox 2771 3362 3055 3418; x_wconf 80' lang='lat' dir='ltr'><strong>Romanis.</strong></span> <span class='ocrx_word' id='word_1_586' title='bbox 3093 3361 3422 3416; x_wconf 91' lang='lat' dir='ltr'><strong>Persuasum</strong></span> <span class='ocrx_word' id='word_1_587' title='bbox 3450 3361 3616 3430; x_wconf 79' lang='lat' dir='ltr'><strong>igitur</strong></span> 
     </span>
    </p>
   </div>
   <div class='ocr_carea' id='block_1_81' title="bbox 2023 3455 3622 3523">
    <p class='ocr_par' dir='ltr' id='par_1_81' title="bbox 2023 3455 3622 3523">
     <span class='ocr_line' id='line_1_81' title="bbox 2023 3455 3622 3523; baseline -0.003 -11"><span class='ocrx_word' id='word_1_588' title='bbox 2023 3458 2309 3522; x_wconf 86' lang='lat' dir='ltr'><strong>habemus,</strong></span> <span class='ocrx_word' id='word_1_589' title='bbox 2349 3467 2400 3511; x_wconf 91' lang='lat' dir='ltr'><strong>te</strong></span> <span class='ocrx_word' id='word_1_590' title='bbox 2433 3455 2576 3509; x_wconf 90' lang='lat' dir='ltr'><strong>nulla</strong></span> <span class='ocrx_word' id='word_1_591' title='bbox 2625 3455 2729 3508; x_wconf 89' lang='lat' dir='ltr'><strong>alia</strong></span> <span class='ocrx_word' id='word_1_592' title='bbox 2780 3455 2834 3509; x_wconf 89' lang='lat' dir='ltr'><strong>in</strong></span> <span class='ocrx_word' id='word_1_593' title='bbox 2872 3470 2930 3508; x_wconf 90' lang='lat' dir='ltr'><strong>re</strong></span> <span class='ocrx_word' id='word_1_594' title='bbox 2977 3455 3045 3508; x_wconf 88' lang='lat' dir='ltr'><strong>ab</strong></span> <span class='ocrx_word' id='word_1_595' title='bbox 3088 3455 3175 3518; x_wconf 87' lang='lat' dir='ltr'><strong>iis,</strong></span> <span class='ocrx_word' id='word_1_596' title='bbox 3225 3469 3344 3523; x_wconf 76' lang='lat' dir='ltr'><strong>quae</strong></span> <span class='ocrx_word' id='word_1_597' title='bbox 3385 3469 3413 3507; x_wconf 85' lang='lat' dir='ltr'><strong>a</strong></span> <span class='ocrx_word' id='word_1_598' title='bbox 3467 3463 3622 3522; x_wconf 90' lang='lat' dir='ltr'><strong>patre</strong></span> 
     </span>
    </p>
   </div>
   <div class='ocr_carea' id='block_1_82' title="bbox 2023 3547 3622 3614">
    <p class='ocr_par' dir='ltr' id='par_1_82' title="bbox 2023 3547 3622 3614">
     <span class='ocr_line' id='line_1_82' title="bbox 2023 3547 3622 3614; baseline -0.003 -9"><span class='ocrx_word' id='word_1_599' title='bbox 2023 3559 2224 3605; x_wconf 77' lang='lat' dir='ltr'><strong>Statuta</strong></span> <span class='ocrx_word' id='word_1_600' title='bbox 2261 3558 2412 3612; x_wconf 87' lang='lat' dir='ltr'><strong>sunt,</strong></span> <span class='ocrx_word' id='word_1_601' title='bbox 2450 3549 2842 3611; x_wconf 81' lang='lat' dir='ltr'><strong>discessurum,</strong></span> <span class='ocrx_word' id='word_1_602' title='bbox 2881 3547 2982 3602; x_wconf 87' lang='lat' dir='ltr'><strong>nisi</strong></span> <span class='ocrx_word' id='word_1_603' title='bbox 3035 3549 3086 3600; x_wconf 88' lang='lat' dir='ltr'><strong>in</strong></span> <span class='ocrx_word' id='word_1_604' title='bbox 3139 3562 3224 3610; x_wconf 87' lang='lat' dir='ltr'><strong>eu,</strong></span> <span class='ocrx_word' id='word_1_605' title='bbox 3272 3547 3414 3614; x_wconf 89' lang='lat' dir='ltr'><strong>quod</strong></span> <span class='ocrx_word' id='word_1_606' title='bbox 3466 3547 3622 3600; x_wconf 87' lang='lat' dir='ltr'><strong>nobis</strong></span> 
     </span>
    </p>
   </div>
   <div class='ocr_carea' id='block_1_83' title="bbox 2023 3638 3620 3710">
    <p class='ocr_par' dir='ltr' id='par_1_83' title="bbox 2023 3638 3620 3710">
     <span class='ocr_line' id='line_1_83' title="bbox 2023 3638 3620 3710; baseline -0.001 -15"><span class='ocrx_word' id='word_1_607' title='bbox 2023 3641 2228 3710; x_wconf 86' lang='lat' dir='ltr'><strong>majora</strong></span> <span class='ocrx_word' id='word_1_608' title='bbox 2263 3640 2557 3710; x_wconf 80' lang='lat' dir='ltr'><strong>largiturus</strong></span> <span class='ocrx_word' id='word_1_609' title='bbox 2589 3640 2688 3704; x_wconf 87' lang='lat' dir='ltr'><strong>sis,</strong></span> <span class='ocrx_word' id='word_1_610' title='bbox 2718 3655 2881 3708; x_wconf 88' lang='lat' dir='ltr'><strong>quam</strong></span> <span class='ocrx_word' id='word_1_611' title='bbox 2927 3650 3082 3707; x_wconf 87' lang='lat' dir='ltr'><strong>pater</strong></span> <span class='ocrx_word' id='word_1_612' title='bbox 3117 3639 3343 3708; x_wconf 85' lang='lat' dir='ltr'><strong>largitus</strong></span> <span class='ocrx_word' id='word_1_613' title='bbox 3377 3649 3482 3695; x_wconf 82' lang='lat' dir='ltr'><strong>est.</strong></span> <span class='ocrx_word' id='word_1_614' title='bbox 3514 3638 3620 3694; x_wconf 84' lang='lat' dir='ltr'><strong>Pro</strong></span> 
     </span>
    </p>
   </div>
   <div class='ocr_carea' id='block_1_84' title="bbox 2022 3731 3621 3802">
    <p class='ocr_par' dir='ltr' id='par_1_84' title="bbox 2022 3731 3621 3802">
     <span class='ocr_line' id='line_1_84' title="bbox 2022 3731 3621 3802; baseline 0.001 -19"><span class='ocrx_word' id='word_1_615' title='bbox 2022 3734 2219 3802; x_wconf 86' lang='lat' dir='ltr'><strong>quibus</strong></span> <span class='ocrx_word' id='word_1_616' title='bbox 2245 3741 2300 3786; x_wconf 86' lang='lat' dir='ltr'><strong>et</strong></span> <span class='ocrx_word' id='word_1_617' title='bbox 2332 3747 2429 3786; x_wconf 90' lang='lat' dir='ltr'><strong>nos</strong></span> <span class='ocrx_word' id='word_1_618' title='bbox 2459 3731 2630 3784; x_wconf 91' lang='lat' dir='ltr'><strong>multo</strong></span> <span class='ocrx_word' id='word_1_619' title='bbox 2670 3731 2763 3784; x_wconf 90' lang='lat' dir='ltr'><strong>tibi</strong></span> <span class='ocrx_word' id='word_1_620' title='bbox 2789 3771 2804 3795; x_wconf 91' lang='lat'><strong>,</strong></span> <span class='ocrx_word' id='word_1_621' title='bbox 2841 3746 3003 3800; x_wconf 90' lang='lat' dir='ltr'><strong>quam</strong></span> <span class='ocrx_word' id='word_1_622' title='bbox 3045 3731 3180 3798; x_wconf 87' lang='lat' dir='ltr'><strong>patri</strong></span> <span class='ocrx_word' id='word_1_623' title='bbox 3207 3771 3222 3794; x_wconf 91' lang='lat'><strong>,</strong></span> <span class='ocrx_word' id='word_1_624' title='bbox 3253 3731 3621 3785; x_wconf 85' lang='lat' dir='ltr'><strong>devinctiores</strong></span> 
     </span>
    </p>
   </div>
   <div class='ocr_carea' id='block_1_85' title="bbox 2021 3822 3623 3891">
    <p class='ocr_par' dir='ltr' id='par_1_85' title="bbox 2021 3822 3623 3891">
     <span class='ocr_line' id='line_1_85' title="bbox 2021 3822 3623 3891; baseline -0.003 -12"><span class='ocrx_word' id='word_1_625' title='bbox 2021 3825 2250 3888; x_wconf 90' lang='lat' dir='ltr'><strong>erimus,</strong></span> <span class='ocrx_word' id='word_1_626' title='bbox 2300 3832 2354 3876; x_wconf 91' lang='lat' dir='ltr'><strong>et</strong></span> <span class='ocrx_word' id='word_1_627' title='bbox 2382 3823 2475 3876; x_wconf 89' lang='lat' dir='ltr'><strong>tibi</strong></span> <span class='ocrx_word' id='word_1_628' title='bbox 2509 3822 2683 3876; x_wconf 87' lang='lat' dir='ltr'><strong>multo</strong></span> <span class='ocrx_word' id='word_1_629' title='bbox 2707 3837 2925 3891; x_wconf 90' lang='lat' dir='ltr'><strong>quoque</strong></span> <span class='ocrx_word' id='word_1_630' title='bbox 2957 3822 3191 3890; x_wconf 84' lang='lat' dir='ltr'><strong>majores</strong></span> <span class='ocrx_word' id='word_1_631' title='bbox 3221 3823 3432 3889; x_wconf 84' lang='lat' dir='ltr'><strong>gratias</strong></span> <span class='ocrx_word' id='word_1_632' title='bbox 3461 3823 3623 3875; x_wconf 88' lang='lat' dir='ltr'><strong>retri-</strong></span> 
     </span>
    </p>
   </div>
   <div class='ocr_carea' id='block_1_86' title="bbox 2021 3915 3620 3985">
    <p class='ocr_par' dir='ltr' id='par_1_86' title="bbox 2021 3915 3620 3985">
     <span class='ocr_line' id='line_1_86' title="bbox 2021 3915 3620 3985; baseline -0.003 -13"><span class='ocrx_word' id='word_1_633' title='bbox 2021 3917 2266 3972; x_wconf 86' lang='lat' dir='ltr'><strong>buemus.</strong></span> <span class='ocrx_word' id='word_1_634' title='bbox 2297 3915 2569 3970; x_wconf 81' lang='lat' dir='ltr'><strong>Adsumus</strong></span> <span class='ocrx_word' id='word_1_635' title='bbox 2597 3916 2780 3984; x_wconf 89' lang='lat' dir='ltr'><strong>igitur,</strong></span> <span class='ocrx_word' id='word_1_636' title='bbox 2807 3916 2896 3985; x_wconf 91' lang='lat' dir='ltr'><strong>qui</strong></span> <span class='ocrx_word' id='word_1_637' title='bbox 2935 3924 3193 3970; x_wconf 87' lang='lat' dir='ltr'><strong>consueta</strong></span> <span class='ocrx_word' id='word_1_638' title='bbox 3225 3929 3450 3968; x_wconf 86' lang='lat' dir='ltr'><strong>munera</strong></span> <span class='ocrx_word' id='word_1_639' title='bbox 3479 3915 3620 3969; x_wconf 85' lang='lat' dir='ltr'><strong>acci-</strong></span> 
     </span>
    </p>
   </div>
   <div class='ocr_carea' id='block_1_87' title="bbox 2022 3989 3622 4078">
    <p class='ocr_par' dir='ltr' id='par_1_87' title="bbox 2022 3989 3622 4078">
     <span class='ocr_line' id='line_1_87' title="bbox 2022 3989 3622 4078; baseline -0.002 -18"><span class='ocrx_word' id='word_1_640' title='bbox 2022 4010 2258 4078; x_wconf 88' lang='lat' dir='ltr'><strong>piamus.</strong></span> <span class='ocrx_word' id='word_1_641' title='bbox 2294 4005 2399 4061; x_wconf 93' lang='lat' dir='ltr'><strong>Sed</strong></span> <span class='ocrx_word' id='word_1_642' title='bbox 2431 4007 2591 4070; x_wconf 91' lang='lat' dir='ltr'><strong>scito,</strong></span> <span class='ocrx_word' id='word_1_643' title='bbox 2629 3989 2733 4059; x_wconf 83' lang='lat' dir='ltr'><strong>non</strong></span> <span class='ocrx_word' id='word_1_644' title='bbox 2762 4006 2920 4059; x_wconf 87' lang='lat' dir='ltr'><strong>aliter</strong></span> <span class='ocrx_word' id='word_1_645' title='bbox 2950 4006 3064 4059; x_wconf 86' lang='lat' dir='ltr'><strong>ﬁeri</strong></span> <span class='ocrx_word' id='word_1_646' title='bbox 3102 4018 3263 4074; x_wconf 88' lang='lat' dir='ltr'><strong>posse</strong></span> <span class='ocrx_word' id='word_1_647' title='bbox 3287 4045 3301 4066; x_wconf 85' lang='lat'><strong>,</strong></span> <span class='ocrx_word' id='word_1_648' title='bbox 3337 4013 3396 4056; x_wconf 88' lang='lat' dir='ltr'><strong>ut</strong></span> <span class='ocrx_word' id='word_1_649' title='bbox 3435 4013 3622 4058; x_wconf 84' lang='lat' dir='ltr'><strong>noster</strong></span> 
     </span>
    </p>
   </div>
   <div class='ocr_carea' id='block_1_88' title="bbox 2021 4094 3617 4166">
    <p class='ocr_par' dir='ltr' id='par_1_88' title="bbox 2021 4094 3617 4166">
     <span class='ocr_line' id='line_1_88' title="bbox 2021 4094 3617 4166; baseline -0.004 -13"><span class='ocrx_word' id='word_1_650' title='bbox 2021 4099 2132 4154; x_wconf 85' lang='lat' dir='ltr'><strong>dux</strong></span> <span class='ocrx_word' id='word_1_651' title='bbox 2190 4098 2286 4152; x_wconf 89' lang='lat' dir='ltr'><strong>tibi</strong></span> <span class='ocrx_word' id='word_1_652' title='bbox 2336 4105 2390 4152; x_wconf 91' lang='lat' dir='ltr'><strong>et</strong></span> <span class='ocrx_word' id='word_1_653' title='bbox 2437 4095 2807 4152; x_wconf 85' lang='lat' dir='ltr'><strong>Romanorum</strong></span> <span class='ocrx_word' id='word_1_654' title='bbox 2873 4095 3187 4166; x_wconf 64' lang='lat' dir='ltr'><strong>reipublicae</strong></span> <span class='ocrx_word' id='word_1_655' title='bbox 3248 4094 3321 4148; x_wconf 89' lang='lat' dir='ltr'><strong>sit</strong></span> <span class='ocrx_word' id='word_1_656' title='bbox 3372 4094 3617 4160; x_wconf 88' lang='lat' dir='ltr'><strong>amicus,</strong></span> 
     </span>
    </p>
   </div>
   <div class='ocr_carea' id='block_1_89' title="bbox 2021 4182 3617 4261">
    <p class='ocr_par' dir='ltr' id='par_1_89' title="bbox 2021 4182 3617 4261">
     <span class='ocr_line' id='line_1_89' title="bbox 2021 4182 3617 4261; baseline -0.004 -18"><span class='ocrx_word' id='word_1_657' title='bbox 2021 4205 2183 4261; x_wconf 88' lang='lat' dir='ltr'><strong>quam</strong></span> <span class='ocrx_word' id='word_1_658' title='bbox 2219 4189 2264 4245; x_wconf 90' lang='lat' dir='ltr'><strong>si</strong></span> <span class='ocrx_word' id='word_1_659' title='bbox 2291 4204 2352 4244; x_wconf 90' lang='lat' dir='ltr'><strong>ea</strong></span> <span class='ocrx_word' id='word_1_660' title='bbox 2379 4189 2672 4258; x_wconf 85' lang='lat' dir='ltr'><strong>acceperit,</strong></span> <span class='ocrx_word' id='word_1_661' title='bbox 2708 4189 2904 4256; x_wconf 90' lang='lat' dir='ltr'><strong>quibus</strong></span> <span class='ocrx_word' id='word_1_662' title='bbox 2939 4186 3172 4256; x_wconf 83' lang='lat' dir='ltr'><strong>receptis</strong></span> <span class='ocrx_word' id='word_1_663' title='bbox 3193 4195 3382 4239; x_wconf 90' lang='lat' dir='ltr'><strong>contra</strong></span> <span class='ocrx_word' id='word_1_664' title='bbox 3412 4182 3617 4237; x_wconf 83' lang='lat' dir='ltr'><strong>Roma-</strong></span> 
     </span>
    </p>
   </div>
   <div class='ocr_carea' id='block_1_90' title="bbox 2023 4277 3620 4339">
    <p class='ocr_par' dir='ltr' id='par_1_90' title="bbox 2023 4277 3620 4339">
     <span class='ocr_line' id='line_1_90' title="bbox 2023 4277 3620 4339; baseline -0.008 0"><span class='ocrx_word' id='word_1_665' title='bbox 2023 4299 2121 4339; x_wconf 92' lang='lat' dir='ltr'><strong>nos</strong></span> <span class='ocrx_word' id='word_1_666' title='bbox 2169 4299 2319 4337; x_wconf 87' lang='lat' dir='ltr'><strong>arma</strong></span> <span class='ocrx_word' id='word_1_667' title='bbox 2383 4296 2488 4335; x_wconf 91' lang='lat' dir='ltr'><strong>non</strong></span> <span class='ocrx_word' id='word_1_668' title='bbox 2536 4294 2755 4334; x_wconf 89' lang='lat' dir='ltr'><strong>movere</strong></span> <span class='ocrx_word' id='word_1_669' title='bbox 2801 4279 3104 4332; x_wconf 89' lang='lat' dir='ltr'><strong>constituit.</strong></span> <span class='ocrx_word' id='word_1_670' title='bbox 3148 4295 3166 4328; x_wconf 76' lang='grc'><strong>»</strong></span> <span class='ocrx_word' id='word_1_671' title='bbox 3207 4277 3331 4331; x_wconf 65' lang='lat' dir='ltr'><strong>Haec</strong></span> <span class='ocrx_word' id='word_1_672' title='bbox 3379 4278 3620 4329; x_wconf 87' lang='lat' dir='ltr'><strong>Avarum</strong></span> 
     </span>
    </p>
   </div>
   <div class='ocr_carea' id='block_1_91' title="bbox 2022 4368 3620 4447">
    <p class='ocr_par' dir='ltr' id='par_1_91' title="bbox 2022 4368 3620 4447">
     <span class='ocr_line' id='line_1_91' title="bbox 2022 4368 3620 4447; baseline -0.005 -17"><span class='ocrx_word' id='word_1_673' title='bbox 2022 4376 2184 4447; x_wconf 85' lang='lat' dir='ltr'><strong>legati</strong></span> <span class='ocrx_word' id='word_1_674' title='bbox 2224 4376 2629 4437; x_wconf 88' lang='lat' dir='ltr'><strong>disserueruut,</strong></span> <span class='ocrx_word' id='word_1_675' title='bbox 2662 4381 2718 4426; x_wconf 91' lang='lat' dir='ltr'><strong>et</strong></span> <span class='ocrx_word' id='word_1_676' title='bbox 2764 4372 2924 4425; x_wconf 85' lang='lat' dir='ltr'><strong>modo</strong></span> <span class='ocrx_word' id='word_1_677' title='bbox 2960 4385 3017 4424; x_wconf 89' lang='lat' dir='ltr'><strong>se</strong></span> <span class='ocrx_word' id='word_1_678' title='bbox 3056 4371 3108 4424; x_wconf 89' lang='lat' dir='ltr'><strong>in</strong></span> <span class='ocrx_word' id='word_1_679' title='bbox 3144 4371 3304 4434; x_wconf 87' lang='lat' dir='ltr'><strong>hanc,</strong></span> <span class='ocrx_word' id='word_1_680' title='bbox 3356 4369 3516 4421; x_wconf 84' lang='lat' dir='ltr'><strong>modo</strong></span> <span class='ocrx_word' id='word_1_681' title='bbox 3564 4368 3620 4422; x_wconf 91' lang='lat' dir='ltr'><strong>in</strong></span> 
     </span>
    </p>
   </div>
   <div class='ocr_carea' id='block_1_92' title="bbox 275 4451 1935 4538">
    <p class='ocr_par' dir='ltr' id='par_1_92' title="bbox 275 4460 1920 4535">
     <span class='ocr_line' id='line_1_92' title="bbox 275 4460 1920 4535; baseline 0.002 -22"><span class='ocrx_word' id='word_1_682' title='bbox 275 4464 283 4471; x_wconf 88' lang='grc'><strong>’</strong></span> <span class='ocrx_word' id='word_1_683' title='bbox 327 4462 400 4526; x_wconf 81' lang='grc' dir='ltr'>ὡς</span> <span class='ocrx_word' id='word_1_684' title='bbox 433 4463 610 4535; x_wconf 83' lang='grc' dir='ltr'>ταύτῃ</span> <span class='ocrx_word' id='word_1_685' title='bbox 629 4460 926 4527; x_wconf 82' lang='grc' dir='ltr'>δεδίξονταί</span> <span class='ocrx_word' id='word_1_686' title='bbox 959 4462 1002 4494; x_wconf 78' lang='grc'><strong>⁸⁸</strong></span> <span class='ocrx_word' id='word_1_687' title='bbox 1039 4478 1100 4515; x_wconf 87' lang='grc' dir='ltr'><strong>τε</strong></span> <span class='ocrx_word' id='word_1_688' title='bbox 1122 4464 1219 4515; x_wconf 77' lang='grc' dir='ltr'>καὶ</span> <span class='ocrx_word' id='word_1_689' title='bbox 1244 4462 1615 4534; x_wconf 79' lang='grc' dir='ltr'>ἐκφοϐήσουσι</span> <span class='ocrx_word' id='word_1_690' title='bbox 1644 4463 1736 4516; x_wconf 78' lang='grc' dir='ltr'>τὸν</span> <span class='ocrx_word' id='word_1_691' title='bbox 1766 4463 1920 4534; x_wconf 80' lang='grc' dir='ltr'>βασι-</span> 
     </span>
    </p>
   </div>
   <div class='ocr_carea' id='block_1_93' title="bbox 2021 4451 3619 4538">
    <p class='ocr_par' dir='ltr' id='par_1_93' title="bbox 2024 4451 3619 4537">
     <span class='ocr_line' id='line_1_93' title="bbox 2024 4451 3619 4537; baseline -0.006 -16"><span class='ocrx_word' id='word_1_692' title='bbox 2024 4468 2182 4522; x_wconf 91' lang='lat' dir='ltr'><strong>aliam</strong></span> <span class='ocrx_word' id='word_1_693' title='bbox 2226 4475 2439 4537; x_wconf 88' lang='lat' dir='ltr'><strong>partem</strong></span> <span class='ocrx_word' id='word_1_694' title='bbox 2492 4464 2781 4519; x_wconf 87' lang='lat' dir='ltr'><strong>vertebant</strong></span> <span class='ocrx_word' id='word_1_695' title='bbox 2817 4451 2832 4516; x_wconf 73' lang='grc' dir='ltr'><em>Ξ</em></span> <span class='ocrx_word' id='word_1_696' title='bbox 2869 4462 3029 4516; x_wconf 89' lang='lat' dir='ltr'><strong>modo</strong></span> <span class='ocrx_word' id='word_1_697' title='bbox 3063 4461 3315 4530; x_wconf 64' lang='lat' dir='ltr'><strong>pret-ibus</strong></span> <span class='ocrx_word' id='word_1_698' title='bbox 3361 4461 3619 4528; x_wconf 88' lang='lat' dir='ltr'><strong>agebant,</strong></span> 
     </span>
    </p>
   </div>
   <div class='ocr_carea' id='block_1_94' title="bbox 328 4550 1919 4624">
    <p class='ocr_par' dir='ltr' id='par_1_94' title="bbox 328 4550 1919 4624">
     <span class='ocr_line' id='line_1_94' title="bbox 328 4550 1919 4624; baseline 0.001 -20"><span class='ocrx_word' id='word_1_699' title='bbox 328 4550 445 4612; x_wconf 79' lang='grc' dir='ltr'>λέα,</span> <span class='ocrx_word' id='word_1_700' title='bbox 476 4552 573 4605; x_wconf 69' lang='grc' dir='ltr'><strong>καὶ</strong></span> <span class='ocrx_word' id='word_1_701' title='bbox 611 4551 688 4614; x_wconf 82' lang='grc' dir='ltr'>ὡς</span> <span class='ocrx_word' id='word_1_702' title='bbox 720 4553 784 4604; x_wconf 85' lang='grc' dir='ltr'><strong>ἐκ</strong></span> <span class='ocrx_word' id='word_1_703' title='bbox 833 4550 1026 4604; x_wconf 88' lang='grc' dir='ltr'>τούτου</span> <span class='ocrx_word' id='word_1_704' title='bbox 1078 4551 1589 4624; x_wconf 82' lang='grc' dir='ltr'>ἀναγκασθήσονται</span> <span class='ocrx_word' id='word_1_705' title='bbox 1652 4551 1919 4624; x_wconf 79' lang='grc' dir='ltr'>Ῥωμαῖοι</span> 
     </span>
    </p>
   </div>
   <div class='ocr_carea' id='block_1_95' title="bbox 331 4640 1916 4717">
    <p class='ocr_par' dir='ltr' id='par_1_95' title="bbox 331 4640 1916 4717">
     <span class='ocr_line' id='line_1_95' title="bbox 331 4640 1916 4717; baseline 0.003 -21"><span class='ocrx_word' id='word_1_706' title='bbox 331 4643 520 4717; x_wconf 88' lang='grc' dir='ltr'>ῶσπερ</span> <span class='ocrx_word' id='word_1_707' title='bbox 549 4645 814 4714; x_wconf 77' lang='grc' dir='ltr'>ὑπόφοροι</span> <span class='ocrx_word' id='word_1_708' title='bbox 844 4640 988 4697; x_wconf 76' lang='grc' dir='ltr'>εἶναι</span> <span class='ocrx_word' id='word_1_709' title='bbox 1036 4642 1304 4714; x_wconf 85' lang='grc' dir='ltr'>Ἀϐάρων.</span> <span class='ocrx_word' id='word_1_710' title='bbox 1349 4644 1408 4697; x_wconf 86' lang='grc'><strong>’0</strong></span> <span class='ocrx_word' id='word_1_711' title='bbox 1441 4644 1500 4696; x_wconf 84' lang='grc' dir='ltr'><strong>δέ</strong></span> <span class='ocrx_word' id='word_1_712' title='bbox 1539 4644 1792 4714; x_wconf 86' lang='grc' dir='ltr'>βασιλεὺς</span> <span class='ocrx_word' id='word_1_713' title='bbox 1819 4646 1916 4701; x_wconf 81' lang='grc' dir='ltr'><strong>οὐ·</strong></span> 
     </span>
    </p>
   </div>
   <div class='ocr_carea' id='block_1_96' title="bbox 328 4735 1919 4808">
    <p class='ocr_par' dir='ltr' id='par_1_96' title="bbox 328 4735 1919 4808">
     <span class='ocr_line' id='line_1_96' title="bbox 328 4735 1919 4808; baseline 0.002 -20"><span class='ocrx_word' id='word_1_714' title='bbox 328 4736 423 4790; x_wconf 82' lang='grc' dir='ltr'><strong>δὲν</strong></span> <span class='ocrx_word' id='word_1_715' title='bbox 476 4737 670 4808; x_wconf 73' lang='grc' dir='ltr'>ἕτερον</span> <span class='ocrx_word' id='word_1_716' title='bbox 721 4735 754 4806; x_wconf 79' lang='grc' dir='ltr'>ἢ</span> <span class='ocrx_word' id='word_1_717' title='bbox 813 4735 987 4805; x_wconf 80' lang='grc' dir='ltr'>ψόφον</span> <span class='ocrx_word' id='word_1_718' title='bbox 1032 4736 1077 4767; x_wconf 75' lang='grc'><strong>⁸²</strong></span> <span class='ocrx_word' id='word_1_719' title='bbox 1115 4737 1465 4806; x_wconf 75' lang='grc' dir='ltr'>ἡγησάμενος</span> <span class='ocrx_word' id='word_1_720' title='bbox 1503 4736 1615 4789; x_wconf 89' lang='grc' dir='ltr'><strong>τῶν</strong></span> <span class='ocrx_word' id='word_1_721' title='bbox 1671 4737 1919 4808; x_wconf 84' lang='grc' dir='ltr'>Ἀϐἀρων</span> 
     </span>
    </p>
   </div>
   <div class='ocr_carea' id='block_1_97' title="bbox 331 4825 1920 4898">
    <p class='ocr_par' dir='ltr' id='par_1_97' title="bbox 331 4825 1920 4898">
     <span class='ocr_line' id='line_1_97' title="bbox 331 4825 1920 4898; baseline -0.015 -13"><span class='ocrx_word' id='word_1_722' title='bbox 331 4829 580 4898; x_wconf 77' lang='grc' dir='ltr'>ῥήματα,</span> <span class='ocrx_word' id='word_1_723' title='bbox 611 4825 895 4890; x_wconf 83' lang='grc' dir='ltr'>ἀντέλεξεν</span> <span class='ocrx_word' id='word_1_724' title='bbox 921 4826 1086 4879; x_wconf 67' lang='grc' dir='ltr'>οὕτωσ</span> <span class='ocrx_word' id='word_1_725' title='bbox 1121 4844 1141 4878; x_wconf 76' lang='grc' dir='ltr'><strong>ι</strong></span> <span class='ocrx_word' id='word_1_726' title='bbox 1181 4826 1643 4897; x_wconf 83' lang='grc' dir='ltr'>Προϐαλλομένων</span> <span class='ocrx_word' id='word_1_727' title='bbox 1675 4828 1830 4898; x_wconf 79' lang='grc' dir='ltr'>ὑμῶν</span> <span class='ocrx_word' id='word_1_728' title='bbox 1870 4827 1920 4861; x_wconf 71' lang='grc' dir='ltr'><strong>ω</strong></span> 
     </span>
    </p>
   </div>
   <div class='ocr_carea' id='block_1_98' title="bbox 331 4917 1922 4990">
    <p class='ocr_par' dir='ltr' id='par_1_98' title="bbox 331 4917 1922 4990">
     <span class='ocr_line' id='line_1_98' title="bbox 331 4917 1922 4990; baseline 0.001 -19"><span class='ocrx_word' id='word_1_729' title='bbox 331 4921 429 4972; x_wconf 72' lang='grc' dir='ltr'><strong>σὺν</strong></span> <span class='ocrx_word' id='word_1_730' title='bbox 468 4917 682 4989; x_wconf 73' lang='grc' dir='ltr'>ἱκετείᾳ</span> <span class='ocrx_word' id='word_1_731' title='bbox 706 4917 806 4988; x_wconf 74' lang='grc' dir='ltr'>τὴν</span> <span class='ocrx_word' id='word_1_732' title='bbox 839 4917 1272 4988; x_wconf 86' lang='grc' dir='ltr'>μεγαληγορίαν,</span> <span class='ocrx_word' id='word_1_733' title='bbox 1303 4918 1570 4986; x_wconf 71' lang='grc' dir='ltr'>οἰομένων</span> <span class='ocrx_word' id='word_1_734' title='bbox 1602 4936 1660 4972; x_wconf 89' lang='grc' dir='ltr'><strong>τε</strong></span> <span class='ocrx_word' id='word_1_735' title='bbox 1689 4922 1753 4990; x_wconf 76' lang='grc' dir='ltr'>τῇ</span> <span class='ocrx_word' id='word_1_736' title='bbox 1792 4937 1922 4988; x_wconf 82' lang='grc' dir='ltr'>συγ-</span> 
     </span>
    </p>
   </div>
   <div class='ocr_carea' id='block_1_99' title="bbox 328 5007 1921 5081">
    <p class='ocr_par' dir='ltr' id='par_1_99' title="bbox 328 5007 1921 5081">
     <span class='ocr_line' id='line_1_99' title="bbox 328 5007 1921 5081; baseline 0.002 -21"><span class='ocrx_word' id='word_1_737' title='bbox 328 5010 526 5078; x_wconf 84' lang='grc' dir='ltr'>κράσει</span> <span class='ocrx_word' id='word_1_738' title='bbox 559 5007 732 5079; x_wconf 80' lang='grc' dir='ltr'>ταύτῃ</span> <span class='ocrx_word' id='word_1_739' title='bbox 785 5007 894 5062; x_wconf 86' lang='grc' dir='ltr'><strong>τῶν</strong></span> <span class='ocrx_word' id='word_1_740' title='bbox 948 5007 1124 5075; x_wconf 89' lang='grc' dir='ltr'>λόγων</span> <span class='ocrx_word' id='word_1_741' title='bbox 1178 5007 1240 5060; x_wconf 77' lang='grc' dir='ltr'><strong>τὸ</strong></span> <span class='ocrx_word' id='word_1_742' title='bbox 1302 5007 1742 5076; x_wconf 77' lang='grc' dir='ltr'>σπουδαζόμενον</span> <span class='ocrx_word' id='word_1_743' title='bbox 1766 5009 1921 5081; x_wconf 61' lang='grc' dir='ltr'>ίὺμῖν</span> 
     </span>
    </p>
   </div>
   <div class='ocr_carea' id='block_1_100' title="bbox 328 5096 1920 5170">
    <p class='ocr_par' dir='ltr' id='par_1_100' title="bbox 328 5096 1920 5170">
     <span class='ocr_line' id='line_1_100' title="bbox 328 5096 1920 5170; baseline 0.002 -20"><span class='ocrx_word' id='word_1_744' title='bbox 328 5098 576 5164; x_wconf 88' lang='grc' dir='ltr'>ἀνύσειν,</span> <span class='ocrx_word' id='word_1_745' title='bbox 621 5096 964 5168; x_wconf 83' lang='grc' dir='ltr'>ἀμφοτέρας,</span> <span class='ocrx_word' id='word_1_746' title='bbox 1017 5097 1093 5160; x_wconf 82' lang='grc' dir='ltr'>ὡς</span> <span class='ocrx_word' id='word_1_747' title='bbox 1137 5098 1332 5162; x_wconf 81' lang='grc' dir='ltr'>εἰπεῖν,</span> <span class='ocrx_word' id='word_1_748' title='bbox 1385 5097 1790 5153; x_wconf 85' lang='grc' dir='ltr'>ἐκπεπτώκατε</span> <span class='ocrx_word' id='word_1_749' title='bbox 1819 5101 1920 5170; x_wconf 82' lang='grc' dir='ltr'>τῆς</span> 
     </span>
    </p>
   </div>
   <div class='ocr_carea' id='block_1_101' title="bbox 329 5188 1920 5261">
    <p class='ocr_par' dir='ltr' id='par_1_101' title="bbox 329 5188 1920 5261">
     <span class='ocr_line' id='line_1_101' title="bbox 329 5188 1920 5261; baseline 0.001 -19"><span class='ocrx_word' id='word_1_750' title='bbox 329 5191 545 5252; x_wconf 79' lang='grc' dir='ltr'>ἐλπίδος</span> <span class='ocrx_word' id='word_1_751' title='bbox 571 5207 585 5220; x_wconf 72' lang='grc' dir='ltr'><strong>ο</strong></span> <span class='ocrx_word' id='word_1_752' title='bbox 610 5189 731 5242; x_wconf 82' lang='grc' dir='ltr'><strong>οὐδέ</strong></span> <span class='ocrx_word' id='word_1_753' title='bbox 762 5189 874 5260; x_wconf 85' lang='grc' dir='ltr'>γὰρ</span> <span class='ocrx_word' id='word_1_754' title='bbox 910 5188 1360 5252; x_wconf 87' lang='grc' dir='ltr'>ὑποθωπεύοντες</span> <span class='ocrx_word' id='word_1_755' title='bbox 1397 5190 1545 5259; x_wconf 80' lang='grc' dir='ltr'>ἡμᾶς</span> <span class='ocrx_word' id='word_1_756' title='bbox 1583 5190 1920 5261; x_wconf 87' lang='grc' dir='ltr'>ἀπατὴσετε,</span> 
     </span>
    </p>
   </div>
   <div class='ocr_carea' id='block_1_102' title="bbox 329 5280 1920 5354">
    <p class='ocr_par' dir='ltr' id='par_1_102' title="bbox 329 5280 1920 5354">
     <span class='ocr_line' id='line_1_102' title="bbox 329 5280 1920 5354; baseline 0.001 -18"><span class='ocrx_word' id='word_1_757' title='bbox 329 5283 452 5337; x_wconf 73' lang='grc' dir='ltr'>οὐδὲ</span> <span class='ocrx_word' id='word_1_758' title='bbox 486 5281 595 5351; x_wconf 81' lang='grc' dir='ltr'>μὴν</span> <span class='ocrx_word' id='word_1_759' title='bbox 639 5280 995 5344; x_wconf 76' lang='grc' dir='ltr'>ἀπειλοῦντες</span> <span class='ocrx_word' id='word_1_760' title='bbox 1030 5281 1384 5351; x_wconf 87' lang='grc' dir='ltr'>ἐκφοϐἡσετε.</span> <span class='ocrx_word' id='word_1_761' title='bbox 1431 5281 1660 5348; x_wconf 75' lang='grc' dir='ltr'>Πλείονα</span> <span class='ocrx_word' id='word_1_762' title='bbox 1699 5283 1756 5337; x_wconf 88' lang='grc' dir='ltr'><strong>δέ</strong></span> <span class='ocrx_word' id='word_1_763' title='bbox 1791 5285 1920 5354; x_wconf 83' lang='grc' dir='ltr'>ὑμῖν</span> 
     </span>
    </p>
   </div>
   <div class='ocr_carea' id='block_1_103' title="bbox 329 5357 1918 5446">
    <p class='ocr_par' dir='ltr' id='par_1_103' title="bbox 329 5357 1918 5446">
     <span class='ocr_line' id='line_1_103' title="bbox 329 5357 1918 5446; baseline 0.002 -19"><span class='ocrx_word' id='word_1_764' title='bbox 329 5372 441 5442; x_wconf 84' lang='grc' dir='ltr'>ἐγὼ</span> <span class='ocrx_word' id='word_1_765' title='bbox 501 5373 729 5442; x_wconf 83' lang='grc' dir='ltr'>παρέξω</span> <span class='ocrx_word' id='word_1_766' title='bbox 784 5372 880 5426; x_wconf 82' lang='grc' dir='ltr'>τοῦ</span> <span class='ocrx_word' id='word_1_767' title='bbox 933 5373 1209 5445; x_wconf 82' lang='grc' dir='ltr'>ἡμετέρου</span> <span class='ocrx_word' id='word_1_768' title='bbox 1247 5373 1458 5445; x_wconf 85' lang='grc' dir='ltr'>πατρὸς</span> <span class='ocrx_word' id='word_1_769' title='bbox 1515 5373 1576 5427; x_wconf 80' lang='grc' dir='ltr'><strong>τὸ</strong></span> <span class='ocrx_word' id='word_1_770' title='bbox 1626 5375 1768 5446; x_wconf 89' lang='grc' dir='ltr'>πέρα</span> <span class='ocrx_word' id='word_1_771' title='bbox 1823 5357 1918 5430; x_wconf 79' lang='grc' dir='ltr'><strong>τοῦ</strong></span> 
     </span>
    </p>
   </div>
   <div class='ocr_carea' id='block_1_104' title="bbox 329 5465 1915 5539">
    <p class='ocr_par' dir='ltr' id='par_1_104' title="bbox 329 5465 1915 5539">
     <span class='ocr_line' id='line_1_104' title="bbox 329 5465 1915 5539; baseline 0.001 -20"><span class='ocrx_word' id='word_1_772' title='bbox 329 5467 542 5531; x_wconf 82' lang='grc' dir='ltr'>δέοντος</span> <span class='ocrx_word' id='word_1_773' title='bbox 567 5466 915 5537; x_wconf 85' lang='grc' dir='ltr'>ἐπηρμένους</span> <span class='ocrx_word' id='word_1_774' title='bbox 943 5466 1088 5538; x_wconf 79' lang='grc' dir='ltr'>ὑμᾶς</span> <span class='ocrx_word' id='word_1_775' title='bbox 1122 5465 1200 5538; x_wconf 84' lang='grc' dir='ltr'>τῷ</span> <span class='ocrx_word' id='word_1_776' title='bbox 1233 5465 1500 5538; x_wconf 86' lang='grc' dir='ltr'>πρέποντι</span> <span class='ocrx_word' id='word_1_777' title='bbox 1526 5469 1882 5539; x_wconf 81' lang='grc' dir='ltr'>σωφρονίζειν</span> <span class='ocrx_word' id='word_1_778' title='bbox 1899 5485 1915 5500; x_wconf 80' lang='grc' dir='ltr'><strong><em>ο</em></strong></span> 
     </span>
    </p>
   </div>
   <div class='ocr_carea' id='block_1_105' title="bbox 2023 4551 3619 4627">
    <p class='ocr_par' dir='ltr' id='par_1_105' title="bbox 2023 4551 3619 4627">
     <span class='ocr_line' id='line_1_105' title="bbox 2023 4551 3619 4627; baseline -0.007 -12"><span class='ocrx_word' id='word_1_779' title='bbox 2023 4561 2184 4615; x_wconf 91' lang='lat' dir='ltr'><strong>modo</strong></span> <span class='ocrx_word' id='word_1_780' title='bbox 2211 4560 2390 4614; x_wconf 91' lang='lat' dir='ltr'><strong>minas</strong></span> <span class='ocrx_word' id='word_1_781' title='bbox 2422 4557 2756 4627; x_wconf 87' lang='lat' dir='ltr'><strong>ingerebant.</strong></span> <span class='ocrx_word' id='word_1_782' title='bbox 2795 4554 3192 4608; x_wconf 78' lang='lat' dir='ltr'><strong>Existimabam</strong></span> <span class='ocrx_word' id='word_1_783' title='bbox 3225 4552 3394 4617; x_wconf 84' lang='lat' dir='ltr'><strong>enim,</strong></span> <span class='ocrx_word' id='word_1_784' title='bbox 3422 4565 3481 4605; x_wconf 89' lang='lat' dir='ltr'><strong>se</strong></span> <span class='ocrx_word' id='word_1_785' title='bbox 3514 4551 3619 4604; x_wconf 88' lang='lat' dir='ltr'><strong>im-</strong></span> 
     </span>
    </p>
   </div>
   <div class='ocr_carea' id='block_1_106' title="bbox 2021 4643 3619 4723">
    <p class='ocr_par' dir='ltr' id='par_1_106' title="bbox 2021 4643 3619 4723">
     <span class='ocr_line' id='line_1_106' title="bbox 2021 4643 3619 4723; baseline -0.006 -16"><span class='ocrx_word' id='word_1_786' title='bbox 2021 4661 2330 4723; x_wconf 86' lang='lat' dir='ltr'><strong>peratorem</strong></span> <span class='ocrx_word' id='word_1_787' title='bbox 2375 4648 2896 4719; x_wconf 85' lang='lat' dir='ltr'><strong>perterrefacturos,</strong></span> <span class='ocrx_word' id='word_1_788' title='bbox 2935 4655 2987 4700; x_wconf 91' lang='lat' dir='ltr'><strong>et</strong></span> <span class='ocrx_word' id='word_1_789' title='bbox 3037 4660 3102 4699; x_wconf 80' lang='lat' dir='ltr'><strong>ex</strong></span> <span class='ocrx_word' id='word_1_790' title='bbox 3151 4660 3214 4699; x_wconf 91' lang='lat' dir='ltr'><strong>eo</strong></span> <span class='ocrx_word' id='word_1_791' title='bbox 3260 4653 3509 4698; x_wconf 89' lang='lat' dir='ltr'><strong>coactum</strong></span> <span class='ocrx_word' id='word_1_792' title='bbox 3543 4643 3619 4698; x_wconf 91' lang='lat' dir='ltr'><strong>iri</strong></span> 
     </span>
    </p>
   </div>
   <div class='ocr_carea' id='block_1_107' title="bbox 2023 4736 3621 4811">
    <p class='ocr_par' dir='ltr' id='par_1_107' title="bbox 2023 4736 3621 4811">
     <span class='ocr_line' id='line_1_107' title="bbox 2023 4736 3621 4811; baseline -0.006 -11"><span class='ocrx_word' id='word_1_793' title='bbox 2023 4746 2300 4800; x_wconf 82' lang='lat' dir='ltr'><strong>Romanos</strong></span> <span class='ocrx_word' id='word_1_794' title='bbox 2331 4743 2437 4798; x_wconf 91' lang='lat' dir='ltr'><strong>illis</strong></span> <span class='ocrx_word' id='word_1_795' title='bbox 2469 4741 2622 4811; x_wconf 87' lang='lat' dir='ltr'><strong>quasi</strong></span> <span class='ocrx_word' id='word_1_796' title='bbox 2675 4739 2994 4795; x_wconf 86' lang='lat' dir='ltr'><strong>tributarios</strong></span> <span class='ocrx_word' id='word_1_797' title='bbox 3029 4753 3168 4793; x_wconf 78' lang='lat' dir='ltr'><strong>esse.</strong></span> <span class='ocrx_word' id='word_1_798' title='bbox 3199 4736 3398 4792; x_wconf 83' lang='lat' dir='ltr'><strong>Verum</strong></span> <span class='ocrx_word' id='word_1_799' title='bbox 3448 4739 3621 4806; x_wconf 89' lang='lat' dir='ltr'><strong>impe-</strong></span> 
     </span>
    </p>
   </div>
   <div class='ocr_carea' id='block_1_108' title="bbox 2025 4819 3624 4899">
    <p class='ocr_par' dir='ltr' id='par_1_108' title="bbox 2025 4819 3624 4899">
     <span class='ocr_line' id='line_1_108' title="bbox 2025 4819 3624 4899; baseline -0.008 -6"><span class='ocrx_word' id='word_1_800' title='bbox 2025 4847 2175 4893; x_wconf 88' lang='lat' dir='ltr'><strong>rator</strong></span> <span class='ocrx_word' id='word_1_801' title='bbox 2231 4850 2356 4892; x_wconf 86' lang='lat' dir='ltr'><strong>cum</strong></span> <span class='ocrx_word' id='word_1_802' title='bbox 2406 4833 2539 4888; x_wconf 87' lang='lat' dir='ltr'><strong>nihil</strong></span> <span class='ocrx_word' id='word_1_803' title='bbox 2570 4829 2735 4894; x_wconf 91' lang='lat' dir='ltr'><strong>aliud,</strong></span> <span class='ocrx_word' id='word_1_804' title='bbox 2767 4845 2927 4899; x_wconf 89' lang='lat' dir='ltr'><strong>quam</strong></span> <span class='ocrx_word' id='word_1_805' title='bbox 2963 4819 3449 4891; x_wconf 54' lang='lat' dir='ltr'><strong>vanos°clamores,</strong></span> <span class='ocrx_word' id='word_1_806' title='bbox 3481 4827 3624 4880; x_wconf 83' lang='lat' dir='ltr'><strong>Ava-</strong></span> 
     </span>
    </p>
   </div>
   <div class='ocr_carea' id='block_1_109' title="bbox 2025 4921 3618 4990">
    <p class='ocr_par' dir='ltr' id='par_1_109' title="bbox 2025 4921 3618 4990">
     <span class='ocr_line' id='line_1_109' title="bbox 2025 4921 3618 4990; baseline -0.004 -8"><span class='ocrx_word' id='word_1_807' title='bbox 2025 4943 2147 4982; x_wconf 90' lang='lat' dir='ltr'><strong>rum</strong></span> <span class='ocrx_word' id='word_1_808' title='bbox 2204 4927 2508 4982; x_wconf 87' lang='lat' dir='ltr'><strong>orationcm</strong></span> <span class='ocrx_word' id='word_1_809' title='bbox 2553 4937 2675 4978; x_wconf 88' lang='lat' dir='ltr'><strong>esse</strong></span> <span class='ocrx_word' id='word_1_810' title='bbox 2725 4923 3100 4985; x_wconf 81' lang='lat' dir='ltr'><strong>existimaret,</strong></span> <span class='ocrx_word' id='word_1_811' title='bbox 3152 4922 3242 4984; x_wconf 87' lang='lat' dir='ltr'><strong>sic</strong></span> <span class='ocrx_word' id='word_1_812' title='bbox 3289 4921 3618 4990; x_wconf 85' lang='lat' dir='ltr'><strong>respondit:</strong></span> 
     </span>
    </p>
   </div>
   <div class='ocr_carea' id='block_1_110' title="bbox 2033 5012 3617 5084">
    <p class='ocr_par' dir='ltr' id='par_1_110' title="bbox 2033 5012 3617 5084">
     <span class='ocr_line' id='line_1_110' title="bbox 2033 5012 3617 5084; baseline -0.003 -16"><span class='ocrx_word' id='word_1_813' title='bbox 2033 5035 2053 5068; x_wconf 71' lang='grc' dir='ltr'><strong>ι</strong></span> <span class='ocrx_word' id='word_1_814' title='bbox 2108 5017 2219 5073; x_wconf 77' lang='lat' dir='ltr'><strong>Vos</strong></span> <span class='ocrx_word' id='word_1_815' title='bbox 2259 5014 2480 5084; x_wconf 87' lang='lat' dir='ltr'><strong>quidem</strong></span> <span class='ocrx_word' id='word_1_816' title='bbox 2543 5012 2776 5068; x_wconf 88' lang='lat' dir='ltr'><strong>lmmiles</strong></span> <span class='ocrx_word' id='word_1_817' title='bbox 2827 5025 3018 5081; x_wconf 90' lang='lat' dir='ltr'><strong>preces</strong></span> <span class='ocrx_word' id='word_1_818' title='bbox 3052 5025 3247 5080; x_wconf 84' lang='lat' dir='ltr'><strong>magna</strong></span> <span class='ocrx_word' id='word_1_819' title='bbox 3291 5025 3414 5064; x_wconf 92' lang='lat' dir='ltr'><strong>cum</strong></span> <span class='ocrx_word' id='word_1_820' title='bbox 3462 5023 3617 5064; x_wconf 86' lang='lat' dir='ltr'><strong>arro-</strong></span> 
     </span>
    </p>
   </div>
   <div class='ocr_carea' id='block_1_111' title="bbox 2027 5097 3621 5178">
    <p class='ocr_par' dir='ltr' id='par_1_111' title="bbox 2027 5097 3621 5178">
     <span class='ocr_line' id='line_1_111' title="bbox 2027 5097 3621 5178; baseline -0.006 -17"><span class='ocrx_word' id='word_1_821' title='bbox 2027 5108 2207 5178; x_wconf 88' lang='lat' dir='ltr'><strong>gantia</strong></span> <span class='ocrx_word' id='word_1_822' title='bbox 2235 5107 2288 5161; x_wconf 88' lang='lat' dir='ltr'><strong>in</strong></span> <span class='ocrx_word' id='word_1_823' title='bbox 2333 5104 2567 5160; x_wconf 87' lang='lat' dir='ltr'><strong>medium</strong></span> <span class='ocrx_word' id='word_1_824' title='bbox 2604 5101 2862 5172; x_wconf 83' lang='lat' dir='ltr'><strong>profertis</strong></span> <span class='ocrx_word' id='word_1_825' title='bbox 2893 5109 2947 5156; x_wconf 90' lang='lat' dir='ltr'><strong>et</strong></span> <span class='ocrx_word' id='word_1_826' title='bbox 2977 5102 3030 5156; x_wconf 92' lang='lat' dir='ltr'><strong>in</strong></span> <span class='ocrx_word' id='word_1_827' title='bbox 3078 5116 3230 5171; x_wconf 90' lang='lat' dir='ltr'><strong>spem</strong></span> <span class='ocrx_word' id='word_1_828' title='bbox 3261 5097 3621 5165; x_wconf 88' lang='lat' dir='ltr'><strong>adducimini,</strong></span> 
     </span>
    </p>
   </div>
   <div class='ocr_carea' id='block_1_112' title="bbox 2025 5190 3618 5265">
    <p class='ocr_par' dir='ltr' id='par_1_112' title="bbox 2025 5190 3618 5265">
     <span class='ocr_line' id='line_1_112' title="bbox 2025 5190 3618 5265; baseline -0.006 -13"><span class='ocrx_word' id='word_1_829' title='bbox 2025 5198 2128 5254; x_wconf 86' lang='lat' dir='ltr'><strong>hac</strong></span> <span class='ocrx_word' id='word_1_830' title='bbox 2164 5197 2433 5253; x_wconf 86' lang='lat' dir='ltr'><strong>sermonis</strong></span> <span class='ocrx_word' id='word_1_831' title='bbox 2466 5194 2624 5265; x_wconf 78' lang='lat'><strong>103</strong></span> <span class='ocrx_word' id='word_1_832' title='bbox 2654 5193 3035 5249; x_wconf 90' lang='lat' dir='ltr'><strong>commistione</strong></span> <span class='ocrx_word' id='word_1_833' title='bbox 3083 5192 3297 5246; x_wconf 81' lang='lat' dir='ltr'><strong>facilius</strong></span> <span class='ocrx_word' id='word_1_834' title='bbox 3332 5190 3476 5260; x_wconf 90' lang='lat' dir='ltr'><strong>quod</strong></span> <span class='ocrx_word' id='word_1_835' title='bbox 3519 5204 3618 5244; x_wconf 88' lang='lat' dir='ltr'><strong>cu-</strong></span> 
     </span>
    </p>
   </div>
   <div class='ocr_carea' id='block_1_113' title="bbox 2024 5285 3613 5356">
    <p class='ocr_par' dir='ltr' id='par_1_113' title="bbox 2024 5285 3613 5356">
     <span class='ocr_line' id='line_1_113' title="bbox 2024 5285 3613 5356; baseline -0.003 -18"><span class='ocrx_word' id='word_1_836' title='bbox 2024 5287 2154 5356; x_wconf 89' lang='lat' dir='ltr'><strong>pitis</strong></span> <span class='ocrx_word' id='word_1_837' title='bbox 2180 5285 2457 5354; x_wconf 87' lang='lat' dir='ltr'><strong>consequi.</strong></span> <span class='ocrx_word' id='word_1_838' title='bbox 2487 5285 2593 5340; x_wconf 90' lang='lat' dir='ltr'><strong>Sed</strong></span> <span class='ocrx_word' id='word_1_839' title='bbox 2631 5299 2697 5339; x_wconf 78' lang='lat' dir='ltr'><strong>ex</strong></span> <span class='ocrx_word' id='word_1_840' title='bbox 2723 5292 2955 5352; x_wconf 91' lang='lat' dir='ltr'><strong>utraque</strong></span> <span class='ocrx_word' id='word_1_841' title='bbox 2985 5298 3100 5351; x_wconf 90' lang='lat' dir='ltr'><strong>spe,</strong></span> <span class='ocrx_word' id='word_1_842' title='bbox 3128 5290 3186 5335; x_wconf 91' lang='lat' dir='ltr'><strong>ut</strong></span> <span class='ocrx_word' id='word_1_843' title='bbox 3215 5295 3400 5333; x_wconf 92' lang='lat' dir='ltr'><strong>verum</strong></span> <span class='ocrx_word' id='word_1_844' title='bbox 3425 5287 3613 5346; x_wconf 88' lang='lat' dir='ltr'><strong>aperte</strong></span> 
     </span>
    </p>
   </div>
   <div class='ocr_carea' id='block_1_114' title="bbox 2025 5369 3618 5444">
    <p class='ocr_par' dir='ltr' id='par_1_114' title="bbox 2025 5369 3618 5444">
     <span class='ocr_line' id='line_1_114' title="bbox 2025 5369 3618 5444; baseline -0.004 -13"><span class='ocrx_word' id='word_1_845' title='bbox 2025 5378 2223 5442; x_wconf 89' lang='lat' dir='ltr'><strong>dicam,</strong></span> <span class='ocrx_word' id='word_1_846' title='bbox 2260 5376 2562 5431; x_wconf 83' lang='lat' dir='ltr'><strong>excidistis.</strong></span> <span class='ocrx_word' id='word_1_847' title='bbox 2595 5372 2730 5427; x_wconf 83' lang='lat' dir='ltr'><strong>Nam</strong></span> <span class='ocrx_word' id='word_1_848' title='bbox 2777 5389 2958 5444; x_wconf 84' lang='lat' dir='ltr'><strong>neque</strong></span> <span class='ocrx_word' id='word_1_849' title='bbox 2989 5370 3373 5428; x_wconf 88' lang='lat' dir='ltr'><strong>blandimentis</strong></span> <span class='ocrx_word' id='word_1_850' title='bbox 3402 5384 3489 5424; x_wconf 92' lang='lat' dir='ltr'><strong>me</strong></span> <span class='ocrx_word' id='word_1_851' title='bbox 3517 5369 3618 5424; x_wconf 81' lang='lat' dir='ltr'><strong>de-</strong></span> 
     </span>
    </p>
   </div>
   <div class='ocr_carea' id='block_1_115' title="bbox 2024 5461 3618 5538">
    <p class='ocr_par' dir='ltr' id='par_1_115' title="bbox 2024 5461 3618 5538">
     <span class='ocr_line' id='line_1_115' title="bbox 2024 5461 3618 5538; baseline -0.003 -15"><span class='ocrx_word' id='word_1_852' title='bbox 2024 5469 2258 5538; x_wconf 86' lang='lat' dir='ltr'><strong>cipietis,</strong></span> <span class='ocrx_word' id='word_1_853' title='bbox 2313 5482 2489 5538; x_wconf 85' lang='lat' dir='ltr'><strong>neque</strong></span> <span class='ocrx_word' id='word_1_854' title='bbox 2535 5467 2700 5520; x_wconf 86' lang='lat' dir='ltr'><strong>minis</strong></span> <span class='ocrx_word' id='word_1_855' title='bbox 2741 5467 3036 5522; x_wconf 87' lang='lat' dir='ltr'><strong>terrebilis.</strong></span> <span class='ocrx_word' id='word_1_856' title='bbox 3095 5465 3272 5532; x_wconf 84' lang='lat' dir='ltr'><strong>Atque</strong></span> <span class='ocrx_word' id='word_1_857' title='bbox 3311 5475 3412 5531; x_wconf 83' lang='lat' dir='ltr'><strong>ego</strong></span> <span class='ocrx_word' id='word_1_858' title='bbox 3447 5461 3618 5519; x_wconf 91' lang='lat' dir='ltr'><strong>multo</strong></span> 
     </span>
    </p>
   </div>
   <div class='ocr_carea' id='block_1_116' title="bbox 1630 5581 2300 5639">
    <p class='ocr_par' dir='ltr' id='par_1_116' title="bbox 1630 5581 2300 5639">
     <span class='ocr_line' id='line_1_116' title="bbox 1630 5581 2300 5639; baseline -0.001 -2"><span class='ocrx_word' id='word_1_859' title='bbox 1630 5583 1862 5639; x_wconf 77' lang='lat' dir='ltr'><strong>VARle</strong></span> <span class='ocrx_word' id='word_1_860' title='bbox 1895 5581 2300 5639; x_wconf 77' lang='lat' dir='ltr'><strong>LECTIONES.</strong></span> 
     </span>
    </p>
   </div>
   <div class='ocr_carea' id='block_1_117' title="bbox 401 5677 835 5746">
    <p class='ocr_par' dir='ltr' id='par_1_117' title="bbox 401 5677 835 5746">
     <span class='ocr_line' id='line_1_117' title="bbox 401 5677 835 5746; baseline -0.007 -14"><span class='ocrx_word' id='word_1_861' title='bbox 401 5680 449 5711; x_wconf 84' lang='lat'>&quot;</span> <span class='ocrx_word' id='word_1_862' title='bbox 478 5678 665 5741; x_wconf 87' lang='grc' dir='ltr'>κλίνας</span> <span class='ocrx_word' id='word_1_863' title='bbox 692 5677 835 5746; x_wconf 82' lang='lat' dir='ltr'><strong>vulg.</strong></span> 
     </span>
    </p>
   </div>
   <div class='ocr_carea' id='block_1_118' title="bbox 915 5673 2912 5748">
    <p class='ocr_par' dir='ltr' id='par_1_118' title="bbox 915 5673 2912 5748">
     <span class='ocr_line' id='line_1_118' title="bbox 915 5673 2912 5748; baseline -0.003 -19"><span class='ocrx_word' id='word_1_864' title='bbox 915 5677 956 5709; x_wconf 86' lang='lat'>&#39;”</span> <span class='ocrx_word' id='word_1_865' title='bbox 984 5676 1084 5748; x_wconf 74' lang='grc' dir='ltr'><strong>οὐκ</strong></span> <span class='ocrx_word' id='word_1_866' title='bbox 1123 5675 1320 5748; x_wconf 74' lang='grc' dir='ltr'>ἄλλως]</span> <span class='ocrx_word' id='word_1_867' title='bbox 1366 5677 1618 5748; x_wconf 83' lang='grc' dir='ltr'>οὐδαμῶς</span> <span class='ocrx_word' id='word_1_868' title='bbox 1652 5677 1867 5744; x_wconf 80' lang='grc' dir='ltr'>ἐξέσται</span> <span class='ocrx_word' id='word_1_869' title='bbox 1898 5679 2044 5748; x_wconf 82' lang='lat' dir='ltr'><strong>conj.</strong></span> <span class='ocrx_word' id='word_1_870' title='bbox 2094 5675 2157 5730; x_wconf 87' lang='lat' dir='ltr'><strong>N.</strong></span> <span class='ocrx_word' id='word_1_871' title='bbox 2238 5677 2281 5709; x_wconf 83' lang='grc'><strong>⁷⁸</strong></span> <span class='ocrx_word' id='word_1_872' title='bbox 2314 5675 2370 5728; x_wconf 76' lang='grc' dir='ltr'><strong>σὲ</strong></span> <span class='ocrx_word' id='word_1_873' title='bbox 2385 5675 2658 5748; x_wconf 34' lang='grc' dir='ltr'>βιιηιοριλ.</span> <span class='ocrx_word' id='word_1_874' title='bbox 2689 5673 2912 5748; x_wconf 40' lang='grc' dir='ltr'>δέ-νιιίς.</span> 
     </span>
    </p>
   </div>
   <div class='ocr_carea' id='block_1_119' title="bbox 2992 5664 3618 5740">
    <p class='ocr_par' dir='ltr' id='par_1_119' title="bbox 2992 5664 3618 5740">
     <span class='ocr_line' id='line_1_119' title="bbox 2992 5664 3618 5740; baseline -0.003 -18"><span class='ocrx_word' id='word_1_875' title='bbox 2992 5671 3036 5704; x_wconf 81' lang='grc'><strong>⁷⁸</strong></span> <span class='ocrx_word' id='word_1_876' title='bbox 3078 5670 3222 5740; x_wconf 73' lang='grc' dir='ltr'>ὑμᾶς</span> <span class='ocrx_word' id='word_1_877' title='bbox 3285 5668 3430 5740; x_wconf 82' lang='lat' dir='ltr'><strong>vulg.</strong></span> <span class='ocrx_word' id='word_1_878' title='bbox 3463 5664 3510 5698; x_wconf 79' lang='grc' dir='ltr'><strong>⁸ο</strong></span> <span class='ocrx_word' id='word_1_879' title='bbox 3538 5668 3618 5740; x_wconf 72' lang='grc' dir='ltr'>ὡς</span> 
     </span>
    </p>
   </div>
   <div class='ocr_carea' id='block_1_120' title="bbox 329 5739 3610 5820">
    <p class='ocr_par' dir='ltr' id='par_1_120' title="bbox 329 5739 3610 5820">
     <span class='ocr_line' id='line_1_120' title="bbox 329 5739 3610 5820; baseline -0.004 -14"><span class='ocrx_word' id='word_1_880' title='bbox 329 5750 524 5813; x_wconf 61' lang='grc' dir='ltr'>ἄλλους</span> <span class='ocrx_word' id='word_1_881' title='bbox 554 5739 657 5815; x_wconf 41' lang='grc' dir='ltr'>Η.,⁷</span> <span class='ocrx_word' id='word_1_882' title='bbox 687 5750 744 5812; x_wconf 87' lang='grc' dir='ltr'><strong>ἐς</strong></span> <span class='ocrx_word' id='word_1_883' title='bbox 773 5739 951 5812; x_wconf 68' lang='grc' dir='ltr'>ἄλλως</span> <span class='ocrx_word' id='word_1_884' title='bbox 983 5747 1130 5816; x_wconf 80' lang='lat' dir='ltr'><strong>vulg.</strong></span> <span class='ocrx_word' id='word_1_885' title='bbox 1207 5747 1251 5780; x_wconf 85' lang='grc'><strong>⁸¹</strong></span> <span class='ocrx_word' id='word_1_886' title='bbox 1278 5739 1572 5812; x_wconf 69' lang='grc' dir='ltr'>δεδίξονται</span> <span class='ocrx_word' id='word_1_887' title='bbox 1601 5739 1707 5815; x_wconf 48' lang='lat' dir='ltr'><strong>ll.,&#39;</strong></span> <span class='ocrx_word' id='word_1_888' title='bbox 1730 5739 2054 5814; x_wconf 73' lang='grc' dir='ltr'>δεδείξοντᾶι</span> <span class='ocrx_word' id='word_1_889' title='bbox 2099 5749 2243 5820; x_wconf 84' lang='lat' dir='ltr'><strong>vulg.</strong></span> <span class='ocrx_word' id='word_1_890' title='bbox 2288 5747 2332 5778; x_wconf 73' lang='grc'><strong>⁸⁸</strong></span> <span class='ocrx_word' id='word_1_891' title='bbox 2368 5746 2540 5816; x_wconf 68' lang='grc' dir='ltr'>ῲὸφον</span> <span class='ocrx_word' id='word_1_892' title='bbox 2612 5744 2696 5808; x_wconf 70' lang='lat'><strong>8.,</strong></span> <span class='ocrx_word' id='word_1_893' title='bbox 2743 5739 2909 5812; x_wconf 73' lang='grc' dir='ltr'>ψόγόν</span> <span class='ocrx_word' id='word_1_894' title='bbox 2969 5739 3126 5812; x_wconf 79' lang='lat' dir='ltr'><strong>vulg.</strong></span> <span class='ocrx_word' id='word_1_895' title='bbox 3194 5741 3240 5773; x_wconf 82' lang='grc'><strong>⁸³</strong></span> <span class='ocrx_word' id='word_1_896' title='bbox 3266 5739 3425 5812; x_wconf 85' lang='grc' dir='ltr'>ἡμῶν</span> <span class='ocrx_word' id='word_1_897' title='bbox 3461 5739 3610 5810; x_wconf 75' lang='lat' dir='ltr'><strong>vulg.</strong></span> 
     </span>
    </p>
   </div>
  </div>
