  <div class='ocr_page' id='page_1' title='image "/cluster/home/n/w/nwhite01/storage/ocr_20150623/113:no.2/coo.31924054870179/411.png"; bbox 0 0 4076 6416; ppageno 0'>
   <div class='ocr_carea' id='block_1_1' title="bbox 463 315 570 380">
    <p class='ocr_par' dir='ltr' id='par_1_1' title="bbox 463 315 570 380">
     <span class='ocr_line' id='line_1_1' title="bbox 463 315 570 380; baseline -0.019 0"><span class='ocrx_word' id='word_1_1' title='bbox 463 315 570 380; x_wconf 75' lang='lat' dir='ltr'><strong>7J9</strong></span> 
     </span>
    </p>
   </div>
   <div class='ocr_carea' id='block_1_2' title="bbox 1310 286 2848 365">
    <p class='ocr_par' dir='ltr' id='par_1_2' title="bbox 1310 286 2848 365">
     <span class='ocr_line' id='line_1_2' title="bbox 1310 286 2848 365; baseline -0.01 -2"><span class='ocrx_word' id='word_1_2' title='bbox 1310 300 1704 365; x_wconf 81' lang='lat' dir='ltr'><strong>EXCERPTA</strong></span> <span class='ocrx_word' id='word_1_3' title='bbox 1742 301 1845 361; x_wconf 85' lang='lat' dir='ltr'><strong>EX</strong></span> <span class='ocrx_word' id='word_1_4' title='bbox 1883 291 2312 360; x_wconf 75' lang='lat' dir='ltr'><strong>MENANDRU</strong></span> <span class='ocrx_word' id='word_1_5' title='bbox 2349 286 2848 352; x_wconf 79' lang='lat' dir='ltr'><strong>PROTECTORE</strong></span> 
     </span>
    </p>
   </div>
   <div class='ocr_carea' id='block_1_3' title="bbox 3630 281 3750 343">
    <p class='ocr_par' dir='ltr' id='par_1_3' title="bbox 3630 281 3750 343">
     <span class='ocr_line' id='line_1_3' title="bbox 3630 281 3750 343; baseline 0 0"><span class='ocrx_word' id='word_1_6' title='bbox 3630 281 3750 343; x_wconf 65' lang='lat'><strong>800‘</strong></span> 
     </span>
    </p>
   </div>
   <div class='ocr_carea' id='block_1_4' title="bbox 467 395 2076 507">
    <p class='ocr_par' dir='ltr' id='par_1_4' title="bbox 467 417 2054 507">
     <span class='ocr_line' id='line_1_4' title="bbox 467 417 2054 507; baseline -0.013 -15"><span class='ocrx_word' id='word_1_7' title='bbox 467 436 623 507; x_wconf 86' lang='lat' dir='ltr'><strong>plura</strong></span> <span class='ocrx_word' id='word_1_8' title='bbox 647 429 801 488; x_wconf 82' lang='lat' dir='ltr'><strong>vobis</strong></span> <span class='ocrx_word' id='word_1_9' title='bbox 830 426 1088 491; x_wconf 86' lang='lat' dir='ltr'><strong>tribuam,</strong></span> <span class='ocrx_word' id='word_1_10' title='bbox 1113 439 1272 495; x_wconf 88' lang='lat' dir='ltr'><strong>quam</strong></span> <span class='ocrx_word' id='word_1_11' title='bbox 1301 432 1457 491; x_wconf 88' lang='lat' dir='ltr'><strong>pater</strong></span> <span class='ocrx_word' id='word_1_12' title='bbox 1488 435 1641 476; x_wconf 91' lang='lat' dir='ltr'><strong>meus</strong></span> <span class='ocrx_word' id='word_1_13' title='bbox 1673 437 1688 474; x_wconf 89' lang='lat'><strong>:</strong></span> <span class='ocrx_word' id='word_1_14' title='bbox 1720 417 1922 473; x_wconf 88' lang='lat' dir='ltr'><strong>etenim</strong></span> <span class='ocrx_word' id='word_1_15' title='bbox 1958 430 2054 472; x_wconf 87' lang='lat' dir='ltr'><strong>vos</strong></span> 
     </span>
    </p>
   </div>
   <div class='ocr_carea' id='block_1_5' title="bbox 2157 395 3744 507">
    <p class='ocr_par' dir='ltr' id='par_1_5' title="bbox 2157 395 3744 483">
     <span class='ocr_line' id='line_1_5' title="bbox 2157 395 3744 483; baseline -0.013 -14"><span class='ocrx_word' id='word_1_16' title='bbox 2157 417 2185 469; x_wconf 88' lang='grc' dir='ltr'><strong>ὁ</strong></span> <span class='ocrx_word' id='word_1_17' title='bbox 2216 412 2326 483; x_wconf 89' lang='grc' dir='ltr'><strong>γάρ</strong></span> <span class='ocrx_word' id='word_1_18' title='bbox 2354 405 2633 482; x_wconf 76' lang='grc' dir='ltr'><strong>μεταρῤυθ</strong></span> <span class='ocrx_word' id='word_1_19' title='bbox 2643 405 2818 477; x_wconf 79' lang='grc' dir='ltr'><strong>μίζων</strong></span> <span class='ocrx_word' id='word_1_20' title='bbox 2847 401 2974 466; x_wconf 75' lang='grc' dir='ltr'><strong>τοῦς</strong></span> <span class='ocrx_word' id='word_1_21' title='bbox 2997 396 3272 463; x_wconf 75' lang='grc' dir='ltr'><strong>ἀτάκτους</strong></span> <span class='ocrx_word' id='word_1_22' title='bbox 3300 395 3410 450; x_wconf 84' lang='grc' dir='ltr'>τῶν</span> <span class='ocrx_word' id='word_1_23' title='bbox 3439 395 3744 464; x_wconf 72' lang='grc' dir='ltr'><strong>λογισμῶν.</strong></span> 
     </span>
    </p>
   </div>
   <div class='ocr_carea' id='block_1_6' title="bbox 467 508 2056 593">
    <p class='ocr_par' dir='ltr' id='par_1_6' title="bbox 467 508 2056 593">
     <span class='ocr_line' id='line_1_6' title="bbox 467 508 2056 593; baseline -0.013 -11"><span class='ocrx_word' id='word_1_24' title='bbox 467 527 534 582; x_wconf 85' lang='lat' dir='ltr'><strong>ad</strong></span> <span class='ocrx_word' id='word_1_25' title='bbox 567 522 819 593; x_wconf 73' lang='lat' dir='ltr'><strong>majores,</strong></span> <span class='ocrx_word' id='word_1_26' title='bbox 869 533 1030 589; x_wconf 89' lang='lat' dir='ltr'><strong>quam</strong></span> <span class='ocrx_word' id='word_1_27' title='bbox 1057 531 1155 587; x_wconf 88' lang='lat' dir='ltr'><strong>par</strong></span> <span class='ocrx_word' id='word_1_28' title='bbox 1177 524 1281 581; x_wconf 88' lang='lat' dir='ltr'><strong>est,</strong></span> <span class='ocrx_word' id='word_1_29' title='bbox 1316 513 1540 582; x_wconf 72' lang='lat' dir='ltr'><strong>spiritus</strong></span> <span class='ocrx_word' id='word_1_30' title='bbox 1585 509 1828 566; x_wconf 88' lang='lat' dir='ltr'><strong>sublatos</strong></span> <span class='ocrx_word' id='word_1_31' title='bbox 1856 508 1924 563; x_wconf 89' lang='lat' dir='ltr'><strong>ad</strong></span> <span class='ocrx_word' id='word_1_32' title='bbox 1976 521 2056 562; x_wconf 69' lang='lat' dir='ltr'><strong>a-</strong></span> 
     </span>
    </p>
   </div>
   <div class='ocr_carea' id='block_1_7' title="bbox 471 598 2057 686">
    <p class='ocr_par' dir='ltr' id='par_1_7' title="bbox 471 598 2057 686">
     <span class='ocr_line' id='line_1_7' title="bbox 471 598 2057 686; baseline -0.013 -14"><span class='ocrx_word' id='word_1_33' title='bbox 471 615 741 686; x_wconf 85' lang='lat' dir='ltr'><strong>quitatem</strong></span> <span class='ocrx_word' id='word_1_34' title='bbox 788 621 845 667; x_wconf 82' lang='lat' dir='ltr'><strong>et</strong></span> <span class='ocrx_word' id='word_1_35' title='bbox 894 614 1110 667; x_wconf 90' lang='lat' dir='ltr'><strong>saulora</strong></span> <span class='ocrx_word' id='word_1_36' title='bbox 1161 605 1388 662; x_wconf 87' lang='lat' dir='ltr'><strong>consilia</strong></span> <span class='ocrx_word' id='word_1_37' title='bbox 1432 603 1712 658; x_wconf 82' lang='lat' dir='ltr'><strong>reducam.</strong></span> <span class='ocrx_word' id='word_1_38' title='bbox 1757 599 1860 666; x_wconf 83' lang='lat' dir='ltr'><strong>Qui</strong></span> <span class='ocrx_word' id='word_1_39' title='bbox 1909 598 2057 654; x_wconf 88' lang='lat' dir='ltr'><strong>enim</strong></span> 
     </span>
    </p>
   </div>
   <div class='ocr_carea' id='block_1_8' title="bbox 468 692 2051 763">
    <p class='ocr_par' dir='ltr' id='par_1_8' title="bbox 468 692 2051 763">
     <span class='ocr_line' id='line_1_8' title="bbox 468 692 2051 763; baseline -0.011 -1"><span class='ocrx_word' id='word_1_40' title='bbox 468 707 748 763; x_wconf 82' lang='lat' dir='ltr'><strong>hominum</strong></span> <span class='ocrx_word' id='word_1_41' title='bbox 795 705 851 759; x_wconf 92' lang='lat' dir='ltr'><strong>in</strong></span> <span class='ocrx_word' id='word_1_42' title='bbox 890 702 1116 758; x_wconf 79' lang='lat' dir='ltr'><strong>exitium</strong></span> <span class='ocrx_word' id='word_1_43' title='bbox 1152 695 1516 754; x_wconf 88' lang='lat' dir='ltr'><strong>voluntarium</strong></span> <span class='ocrx_word' id='word_1_44' title='bbox 1555 694 1829 749; x_wconf 86' lang='lat' dir='ltr'><strong>ruentium</strong></span> <span class='ocrx_word' id='word_1_45' title='bbox 1861 692 2051 748; x_wconf 86' lang='lat' dir='ltr'><strong>turba-</strong></span> 
     </span>
    </p>
   </div>
   <div class='ocr_carea' id='block_1_9' title="bbox 471 784 2059 855">
    <p class='ocr_par' dir='ltr' id='par_1_9' title="bbox 471 784 2059 855">
     <span class='ocr_line' id='line_1_9' title="bbox 471 784 2059 855; baseline -0.01 -1"><span class='ocrx_word' id='word_1_46' title='bbox 471 811 557 855; x_wconf 87' lang='lat' dir='ltr'><strong>tos</strong></span> <span class='ocrx_word' id='word_1_47' title='bbox 591 799 817 853; x_wconf 79' lang='lat' dir='ltr'><strong>aﬂ‘ectus</strong></span> <span class='ocrx_word' id='word_1_48' title='bbox 847 795 1066 850; x_wconf 91' lang='lat' dir='ltr'><strong>cohibet</strong></span> <span class='ocrx_word' id='word_1_49' title='bbox 1095 801 1151 847; x_wconf 90' lang='lat' dir='ltr'><strong>et</strong></span> <span class='ocrx_word' id='word_1_50' title='bbox 1181 790 1500 846; x_wconf 87' lang='lat' dir='ltr'><strong>obedientes</strong></span> <span class='ocrx_word' id='word_1_51' title='bbox 1548 787 1745 840; x_wconf 90' lang='lat' dir='ltr'><strong>rationi</strong></span> <span class='ocrx_word' id='word_1_52' title='bbox 1777 785 1930 851; x_wconf 86' lang='lat' dir='ltr'><strong>facit,</strong></span> <span class='ocrx_word' id='word_1_53' title='bbox 1961 784 2059 839; x_wconf 81' lang='lat' dir='ltr'><strong>be-</strong></span> 
     </span>
    </p>
   </div>
   <div class='ocr_carea' id='block_1_10' title="bbox 468 876 2056 953">
    <p class='ocr_par' dir='ltr' id='par_1_10' title="bbox 468 876 2056 953">
     <span class='ocr_line' id='line_1_10' title="bbox 468 876 2056 953; baseline -0.011 -7"><span class='ocrx_word' id='word_1_54' title='bbox 468 889 792 946; x_wconf 81' lang='lat' dir='ltr'><strong>neﬁcentior</strong></span> <span class='ocrx_word' id='word_1_55' title='bbox 821 896 906 941; x_wconf 93' lang='lat' dir='ltr'><strong>est</strong></span> <span class='ocrx_word' id='word_1_56' title='bbox 933 899 999 939; x_wconf 87' lang='lat' dir='ltr'><strong>eo</strong></span> <span class='ocrx_word' id='word_1_57' title='bbox 1021 923 1037 949; x_wconf 93' lang='lat'><strong>,</strong></span> <span class='ocrx_word' id='word_1_58' title='bbox 1073 883 1164 953; x_wconf 90' lang='lat' dir='ltr'><strong>qui</strong></span> <span class='ocrx_word' id='word_1_59' title='bbox 1196 888 1444 950; x_wconf 90' lang='lat' dir='ltr'><strong>sumptus</strong></span> <span class='ocrx_word' id='word_1_60' title='bbox 1477 879 1534 934; x_wconf 91' lang='lat' dir='ltr'><strong>in</strong></span> <span class='ocrx_word' id='word_1_61' title='bbox 1576 877 1804 932; x_wconf 85' lang='lat' dir='ltr'><strong>delicias</strong></span> <span class='ocrx_word' id='word_1_62' title='bbox 1831 876 2056 946; x_wconf 67' lang='lat' dir='ltr'><strong>praebet,</strong></span> 
     </span>
    </p>
   </div>
   <div class='ocr_carea' id='block_1_11' title="bbox 469 969 2057 1042">
    <p class='ocr_par' dir='ltr' id='par_1_11' title="bbox 469 969 2057 1042">
     <span class='ocr_line' id='line_1_11' title="bbox 469 969 2057 1042; baseline -0.009 -6"><span class='ocrx_word' id='word_1_63' title='bbox 469 990 525 1038; x_wconf 89' lang='lat' dir='ltr'><strong>et</strong></span> <span class='ocrx_word' id='word_1_64' title='bbox 565 994 750 1037; x_wconf 85' lang='lat' dir='ltr'><strong>amare</strong></span> <span class='ocrx_word' id='word_1_65' title='bbox 789 978 1023 1042; x_wconf 87' lang='lat' dir='ltr'><strong>videtur,</strong></span> <span class='ocrx_word' id='word_1_66' title='bbox 1083 975 1178 1031; x_wconf 90' lang='lat' dir='ltr'><strong>sed</strong></span> <span class='ocrx_word' id='word_1_67' title='bbox 1223 973 1445 1029; x_wconf 87' lang='lat' dir='ltr'><strong>minima</strong></span> <span class='ocrx_word' id='word_1_68' title='bbox 1489 978 1706 1041; x_wconf 88' lang='lat' dir='ltr'><strong>captata</strong></span> <span class='ocrx_word' id='word_1_69' title='bbox 1743 969 2057 1033; x_wconf 88' lang='lat' dir='ltr'><strong>occasione,</strong></span> 
     </span>
    </p>
   </div>
   <div class='ocr_carea' id='block_1_12' title="bbox 467 1060 2055 1142">
    <p class='ocr_par' dir='ltr' id='par_1_12' title="bbox 467 1060 2055 1142">
     <span class='ocr_line' id='line_1_12' title="bbox 467 1060 2055 1142; baseline -0.009 -12"><span class='ocrx_word' id='word_1_70' title='bbox 467 1089 612 1139; x_wconf 89' lang='lat' dir='ltr'><strong>eum,</strong></span> <span class='ocrx_word' id='word_1_71' title='bbox 643 1086 803 1142; x_wconf 86' lang='lat' dir='ltr'><strong>quem</strong></span> <span class='ocrx_word' id='word_1_72' title='bbox 830 1069 1096 1126; x_wconf 88' lang='lat' dir='ltr'><strong>beneﬁcio</strong></span> <span class='ocrx_word' id='word_1_73' title='bbox 1127 1066 1333 1134; x_wconf 80' lang='lat' dir='ltr'><strong>aﬂecit,</strong></span> <span class='ocrx_word' id='word_1_74' title='bbox 1357 1063 1544 1120; x_wconf 85' lang='lat' dir='ltr'><strong>statim</strong></span> <span class='ocrx_word' id='word_1_75' title='bbox 1594 1062 1776 1133; x_wconf 89' lang='lat' dir='ltr'><strong>perdit</strong></span> <span class='ocrx_word' id='word_1_76' title='bbox 1802 1069 1858 1117; x_wconf 92' lang='lat' dir='ltr'><strong>et</strong></span> <span class='ocrx_word' id='word_1_77' title='bbox 1895 1060 2055 1116; x_wconf 87' lang='lat' dir='ltr'><strong>tollit.</strong></span> 
     </span>
    </p>
   </div>
   <div class='ocr_carea' id='block_1_13' title="bbox 468 1151 2054 1234">
    <p class='ocr_par' dir='ltr' id='par_1_13' title="bbox 468 1151 2054 1234">
     <span class='ocr_line' id='line_1_13' title="bbox 468 1151 2054 1234; baseline -0.008 -14"><span class='ocrx_word' id='word_1_78' title='bbox 468 1166 627 1220; x_wconf 79' lang='lat' dir='ltr'><strong>Abite</strong></span> <span class='ocrx_word' id='word_1_79' title='bbox 650 1164 838 1234; x_wconf 78' lang='lat' dir='ltr'><strong>igitur,</strong></span> <span class='ocrx_word' id='word_1_80' title='bbox 865 1163 957 1232; x_wconf 79' lang='lat' dir='ltr'><strong>qui</strong></span> <span class='ocrx_word' id='word_1_81' title='bbox 993 1161 1174 1230; x_wconf 81' lang='lat' dir='ltr'><strong>magni</strong></span> <span class='ocrx_word' id='word_1_82' title='bbox 1198 1159 1357 1230; x_wconf 88' lang='lat' dir='ltr'><strong>pretii</strong></span> <span class='ocrx_word' id='word_1_83' title='bbox 1393 1170 1508 1212; x_wconf 90' lang='lat' dir='ltr'><strong>rem</strong></span> <span class='ocrx_word' id='word_1_84' title='bbox 1536 1171 1566 1210; x_wconf 91' lang='lat' dir='ltr'><strong>a</strong></span> <span class='ocrx_word' id='word_1_85' title='bbox 1591 1155 1748 1210; x_wconf 84' lang='lat' dir='ltr'><strong>nobis</strong></span> <span class='ocrx_word' id='word_1_86' title='bbox 1775 1151 2054 1218; x_wconf 88' lang='lat' dir='ltr'><strong>obtinetis,</strong></span> 
     </span>
    </p>
   </div>
   <div class='ocr_carea' id='block_1_14' title="bbox 467 1244 2058 1326">
    <p class='ocr_par' dir='ltr' id='par_1_14' title="bbox 467 1244 2058 1326">
     <span class='ocr_line' id='line_1_14' title="bbox 467 1244 2058 1326; baseline -0.008 -15"><span class='ocrx_word' id='word_1_87' title='bbox 467 1256 612 1326; x_wconf 87' lang='lat' dir='ltr'><strong>quod</strong></span> <span class='ocrx_word' id='word_1_88' title='bbox 642 1255 798 1310; x_wconf 82' lang='lat' dir='ltr'><strong>vobis</strong></span> <span class='ocrx_word' id='word_1_89' title='bbox 832 1254 998 1309; x_wconf 87' lang='lat' dir='ltr'><strong>salvis</strong></span> <span class='ocrx_word' id='word_1_90' title='bbox 1026 1253 1151 1308; x_wconf 89' lang='lat' dir='ltr'><strong>licet</strong></span> <span class='ocrx_word' id='word_1_91' title='bbox 1173 1254 1338 1306; x_wconf 87' lang='lat' dir='ltr'><strong>vitam</strong></span> <span class='ocrx_word' id='word_1_92' title='bbox 1369 1266 1660 1324; x_wconf 85' lang='lat' dir='ltr'><strong>peragere,</strong></span> <span class='ocrx_word' id='word_1_93' title='bbox 1706 1258 1760 1302; x_wconf 94' lang='lat' dir='ltr'><strong>et</strong></span> <span class='ocrx_word' id='word_1_94' title='bbox 1798 1244 2058 1317; x_wconf 80' lang='lat' dir='ltr'><strong>pecunia-</strong></span> 
     </span>
    </p>
   </div>
   <div class='ocr_carea' id='block_1_15' title="bbox 467 1334 2056 1416">
    <p class='ocr_par' dir='ltr' id='par_1_15' title="bbox 467 1334 2056 1416">
     <span class='ocr_line' id='line_1_15' title="bbox 467 1334 2056 1416; baseline -0.008 -14"><span class='ocrx_word' id='word_1_95' title='bbox 467 1362 591 1402; x_wconf 87' lang='lat' dir='ltr'><strong>rum</strong></span> <span class='ocrx_word' id='word_1_96' title='bbox 639 1346 779 1413; x_wconf 92' lang='lat' dir='ltr'><strong>loco,</strong></span> <span class='ocrx_word' id='word_1_97' title='bbox 816 1361 953 1416; x_wconf 89' lang='lat' dir='ltr'><strong>quas</strong></span> <span class='ocrx_word' id='word_1_98' title='bbox 979 1361 1010 1401; x_wconf 89' lang='lat' dir='ltr'><strong>a</strong></span> <span class='ocrx_word' id='word_1_99' title='bbox 1043 1345 1301 1401; x_wconf 79' lang='lat' dir='ltr'><strong>Romanis</strong></span> <span class='ocrx_word' id='word_1_100' title='bbox 1353 1345 1600 1415; x_wconf 84' lang='lat' dir='ltr'><strong>accipere</strong></span> <span class='ocrx_word' id='word_1_101' title='bbox 1647 1342 1810 1396; x_wconf 84' lang='lat' dir='ltr'><strong>vultis</strong></span> <span class='ocrx_word' id='word_1_102' title='bbox 1833 1379 1850 1404; x_wconf 93' lang='lat'><strong>,</strong></span> <span class='ocrx_word' id='word_1_103' title='bbox 1886 1334 2056 1393; x_wconf 85' lang='lat' dir='ltr'><strong>nostri</strong></span> 
     </span>
    </p>
   </div>
   <div class='ocr_carea' id='block_1_16' title="bbox 471 1428 2061 1506">
    <p class='ocr_par' dir='ltr' id='par_1_16' title="bbox 471 1428 2061 1506">
     <span class='ocr_line' id='line_1_16' title="bbox 471 1428 2061 1506; baseline -0.006 -14"><span class='ocrx_word' id='word_1_104' title='bbox 471 1440 723 1494; x_wconf 86' lang='lat' dir='ltr'><strong>timorem</strong></span> <span class='ocrx_word' id='word_1_105' title='bbox 779 1438 847 1492; x_wconf 89' lang='lat' dir='ltr'><strong>ad</strong></span> <span class='ocrx_word' id='word_1_106' title='bbox 913 1437 1141 1492; x_wconf 86' lang='lat' dir='ltr'><strong>salutem</strong></span> <span class='ocrx_word' id='word_1_107' title='bbox 1207 1447 1446 1492; x_wconf 71' lang='lat' dir='ltr'><strong>vestram</strong></span> <span class='ocrx_word' id='word_1_108' title='bbox 1521 1442 1814 1506; x_wconf 9' lang='lat' dir='ltr'><strong>reportatae.</strong></span> <span class='ocrx_word' id='word_1_109' title='bbox 1870 1428 2061 1495; x_wconf 80' lang='lat' dir='ltr'><strong>Neqne</strong></span> 
     </span>
    </p>
   </div>
   <div class='ocr_carea' id='block_1_17' title="bbox 467 1520 2056 1598">
    <p class='ocr_par' dir='ltr' id='par_1_17' title="bbox 467 1520 2056 1598">
     <span class='ocr_line' id='line_1_17' title="bbox 467 1520 2056 1598; baseline -0.008 -14"><span class='ocrx_word' id='word_1_110' title='bbox 467 1529 616 1584; x_wconf 88' lang='lat' dir='ltr'><strong>enim</strong></span> <span class='ocrx_word' id='word_1_111' title='bbox 649 1543 748 1585; x_wconf 89' lang='lat' dir='ltr'><strong>nos</strong></span> <span class='ocrx_word' id='word_1_112' title='bbox 773 1539 954 1583; x_wconf 89' lang='lat' dir='ltr'><strong>vestro</strong></span> <span class='ocrx_word' id='word_1_113' title='bbox 986 1529 1265 1598; x_wconf 75' lang='lat' dir='ltr'><strong>egebimus</strong></span> <span class='ocrx_word' id='word_1_114' title='bbox 1299 1527 1521 1592; x_wconf 75' lang='lat' dir='ltr'><strong>auxilio,</strong></span> <span class='ocrx_word' id='word_1_115' title='bbox 1555 1538 1732 1595; x_wconf 90' lang='lat' dir='ltr'><strong>neque</strong></span> <span class='ocrx_word' id='word_1_116' title='bbox 1761 1520 2056 1592; x_wconf 88' lang='lat' dir='ltr'><strong>quidquam</strong></span> 
     </span>
    </p>
   </div>
   <div class='ocr_carea' id='block_1_18' title="bbox 469 1612 2044 1691">
    <p class='ocr_par' dir='ltr' id='par_1_18' title="bbox 469 1612 2044 1691">
     <span class='ocr_line' id='line_1_18' title="bbox 469 1612 2044 1691; baseline -0.008 -16"><span class='ocrx_word' id='word_1_117' title='bbox 469 1636 502 1675; x_wconf 88' lang='lat' dir='ltr'><strong>a</strong></span> <span class='ocrx_word' id='word_1_118' title='bbox 526 1620 684 1676; x_wconf 87' lang='lat' dir='ltr'><strong>nobis</strong></span> <span class='ocrx_word' id='word_1_119' title='bbox 709 1619 1134 1691; x_wconf 83' lang='lat' dir='ltr'><strong>accipietis.|uisi</strong></span> <span class='ocrx_word' id='word_1_120' title='bbox 1167 1629 1428 1686; x_wconf 85' lang='lat' dir='ltr'><strong>quantum</strong></span> <span class='ocrx_word' id='word_1_121' title='bbox 1470 1617 1626 1671; x_wconf 89' lang='lat' dir='ltr'><strong>nobis</strong></span> <span class='ocrx_word' id='word_1_122' title='bbox 1658 1617 1833 1669; x_wconf 87' lang='lat' dir='ltr'><strong>visum</strong></span> <span class='ocrx_word' id='word_1_123' title='bbox 1861 1612 2044 1676; x_wconf 80' lang='lat' dir='ltr'><strong>luerit,</strong></span> 
     </span>
    </p>
   </div>
   <div class='ocr_carea' id='block_1_19' title="bbox 470 1703 2056 1780">
    <p class='ocr_par' dir='ltr' id='par_1_19' title="bbox 470 1703 2056 1780">
     <span class='ocr_line' id='line_1_19' title="bbox 470 1703 2056 1780; baseline -0.004 -18"><span class='ocrx_word' id='word_1_124' title='bbox 470 1709 635 1780; x_wconf 86' lang='lat' dir='ltr'><strong>idque</strong></span> <span class='ocrx_word' id='word_1_125' title='bbox 651 1717 911 1778; x_wconf 85' lang='lat' dir='ltr'><strong>tanquam</strong></span> <span class='ocrx_word' id='word_1_126' title='bbox 936 1709 1240 1764; x_wconf 88' lang='lat' dir='ltr'><strong>mercedem</strong></span> <span class='ocrx_word' id='word_1_127' title='bbox 1264 1708 1564 1772; x_wconf 81' lang='lat' dir='ltr'><strong>servitutis,</strong></span> <span class='ocrx_word' id='word_1_128' title='bbox 1590 1721 1698 1761; x_wconf 91' lang='lat' dir='ltr'><strong>non</strong></span> <span class='ocrx_word' id='word_1_129' title='bbox 1716 1719 1815 1775; x_wconf 95' lang='lat' dir='ltr'><strong>pro</strong></span> <span class='ocrx_word' id='word_1_130' title='bbox 1831 1703 2056 1768; x_wconf 88' lang='lat' dir='ltr'><strong>tributo,</strong></span> 
     </span>
    </p>
   </div>
   <div class='ocr_carea' id='block_1_20' title="bbox 2157 489 3751 572">
    <p class='ocr_par' dir='ltr' id='par_1_20' title="bbox 2157 489 3751 572">
     <span class='ocr_line' id='line_1_20' title="bbox 2157 489 3751 572; baseline -0.012 -12"><span class='ocrx_word' id='word_1_131' title='bbox 2157 506 2255 562; x_wconf 76' lang='grc' dir='ltr'><strong>καὶ</strong></span> <span class='ocrx_word' id='word_1_132' title='bbox 2277 504 2467 572; x_wconf 83' lang='grc' dir='ltr'><strong>ὥσπερ</strong></span> <span class='ocrx_word' id='word_1_133' title='bbox 2496 497 2774 554; x_wconf 79' lang='grc' dir='ltr'><strong>παιδεύων</strong></span> <span class='ocrx_word' id='word_1_134' title='bbox 2809 512 2868 549; x_wconf 91' lang='grc' dir='ltr'><strong>τε</strong></span> <span class='ocrx_word' id='word_1_135' title='bbox 2895 495 2991 550; x_wconf 74' lang='grc' dir='ltr'><strong>καὶ</strong></span> <span class='ocrx_word' id='word_1_136' title='bbox 3019 491 3348 548; x_wconf 82' lang='grc' dir='ltr'><strong>ἀνακόπτων</strong></span> <span class='ocrx_word' id='word_1_137' title='bbox 3391 492 3490 560; x_wconf 72' lang='grc' dir='ltr'><strong>τῆς</strong></span> <span class='ocrx_word' id='word_1_138' title='bbox 3520 489 3607 543; x_wconf 85' lang='grc' dir='ltr'><strong>ἐπ’</strong></span> <span class='ocrx_word' id='word_1_139' title='bbox 3631 490 3751 543; x_wconf 80' lang='grc' dir='ltr'><strong>ὁλέο</strong></span> 
     </span>
    </p>
   </div>
   <div class='ocr_carea' id='block_1_21' title="bbox 2156 581 3751 667">
    <p class='ocr_par' dir='ltr' id='par_1_21' title="bbox 2156 581 3751 667">
     <span class='ocr_line' id='line_1_21' title="bbox 2156 581 3751 667; baseline -0.012 -16"><span class='ocrx_word' id='word_1_140' title='bbox 2156 597 2273 667; x_wconf 89' lang='grc' dir='ltr'><strong>θρῳ</strong></span> <span class='ocrx_word' id='word_1_141' title='bbox 2295 595 2404 650; x_wconf 83' lang='grc' dir='ltr'>τῶν</span> <span class='ocrx_word' id='word_1_142' title='bbox 2435 588 2877 659; x_wconf 77' lang='grc' dir='ltr'>αὐθαδιζομένων</span> <span class='ocrx_word' id='word_1_143' title='bbox 2906 584 3104 656; x_wconf 83' lang='grc' dir='ltr'><strong>ὁρμῆς,</strong></span> <span class='ocrx_word' id='word_1_144' title='bbox 3161 582 3464 654; x_wconf 79' lang='grc' dir='ltr'><strong>ὀφθήσεται</strong></span> <span class='ocrx_word' id='word_1_145' title='bbox 3515 581 3656 635; x_wconf 83' lang='grc' dir='ltr'><strong>κατὰ</strong></span> <span class='ocrx_word' id='word_1_146' title='bbox 3687 582 3751 633; x_wconf 78' lang='grc' dir='ltr'><strong>τὸ</strong></span> 
     </span>
    </p>
   </div>
   <div class='ocr_carea' id='block_1_22' title="bbox 2161 673 3750 760">
    <p class='ocr_par' dir='ltr' id='par_1_22' title="bbox 2161 673 3750 760">
     <span class='ocr_line' id='line_1_22' title="bbox 2161 673 3750 760; baseline -0.004 -17"><span class='ocrx_word' id='word_1_147' title='bbox 2161 688 2366 760; x_wconf 82' lang='grc' dir='ltr'><strong>μᾶλλον</strong></span> <span class='ocrx_word' id='word_1_148' title='bbox 2396 684 2696 755; x_wconf 75' lang='grc' dir='ltr'><strong>εὐεργέτης</strong></span> <span class='ocrx_word' id='word_1_149' title='bbox 2729 682 2870 752; x_wconf 76' lang='grc' dir='ltr'><strong>ἧπερ</strong></span> <span class='ocrx_word' id='word_1_150' title='bbox 2901 679 2931 733; x_wconf 82' lang='grc' dir='ltr'><strong>ὁ</strong></span> <span class='ocrx_word' id='word_1_151' title='bbox 2969 676 3207 751; x_wconf 72' lang='grc' dir='ltr'><strong>χορηγὸς</strong></span> <span class='ocrx_word' id='word_1_152' title='bbox 3258 676 3361 745; x_wconf 87' lang='grc' dir='ltr'><strong>τῆς</strong></span> <span class='ocrx_word' id='word_1_153' title='bbox 3417 673 3654 746; x_wconf 77' lang='grc' dir='ltr'><strong>τρυφῆς.</strong></span> <span class='ocrx_word' id='word_1_154' title='bbox 3690 673 3750 736; x_wconf 78' lang='grc' dir='ltr'><strong>ὃς</strong></span> 
     </span>
    </p>
   </div>
   <div class='ocr_carea' id='block_1_23' title="bbox 2158 765 3749 850">
    <p class='ocr_par' dir='ltr' id='par_1_23' title="bbox 2158 765 3749 850">
     <span class='ocr_line' id='line_1_23' title="bbox 2158 765 3749 850; baseline -0.011 -16"><span class='ocrx_word' id='word_1_155' title='bbox 2158 780 2336 850; x_wconf 81' lang='grc' dir='ltr'><strong>φιλεῖν</strong></span> <span class='ocrx_word' id='word_1_156' title='bbox 2393 776 2493 848; x_wconf 87' lang='grc' dir='ltr'><strong>μέν</strong></span> <span class='ocrx_word' id='word_1_157' title='bbox 2536 775 2708 838; x_wconf 84' lang='grc' dir='ltr'><strong>δοκεῖ,</strong></span> <span class='ocrx_word' id='word_1_158' title='bbox 2749 773 3079 843; x_wconf 79' lang='grc' dir='ltr'><strong>προφάσεως</strong></span> <span class='ocrx_word' id='word_1_159' title='bbox 3132 768 3191 823; x_wconf 76' lang='grc' dir='ltr'><strong>δὲ</strong></span> <span class='ocrx_word' id='word_1_160' title='bbox 3245 768 3450 838; x_wconf 77' lang='grc' dir='ltr'><strong>μικρᾶς</strong></span> <span class='ocrx_word' id='word_1_161' title='bbox 3489 765 3749 819; x_wconf 84' lang='grc' dir='ltr'><strong>ἐπιλαϐό-</strong></span> 
     </span>
    </p>
   </div>
   <div class='ocr_carea' id='block_1_24' title="bbox 2160 856 3748 945">
    <p class='ocr_par' dir='ltr' id='par_1_24' title="bbox 2160 856 3748 945">
     <span class='ocr_line' id='line_1_24' title="bbox 2160 856 3748 945; baseline -0.01 -18"><span class='ocrx_word' id='word_1_162' title='bbox 2160 888 2322 945; x_wconf 82' lang='grc' dir='ltr'><strong>μενος</strong></span> <span class='ocrx_word' id='word_1_163' title='bbox 2352 869 2446 924; x_wconf 85' lang='grc' dir='ltr'>τὺν</span> <span class='ocrx_word' id='word_1_164' title='bbox 2482 866 2644 937; x_wconf 81' lang='grc' dir='ltr'>δῆθεν</span> <span class='ocrx_word' id='word_1_165' title='bbox 2697 861 3158 935; x_wconf 78' lang='grc' dir='ltr'>εὐεργετούμενον</span> <span class='ocrx_word' id='word_1_166' title='bbox 3206 857 3469 929; x_wconf 73' lang='grc' dir='ltr'>ἠφάνισεν</span> <span class='ocrx_word' id='word_1_167' title='bbox 3519 856 3748 918; x_wconf 80' lang='grc' dir='ltr'><strong>εὐθέως.</strong></span> 
     </span>
    </p>
   </div>
   <div class='ocr_carea' id='block_1_25' title="bbox 2161 950 3751 1032">
    <p class='ocr_par' dir='ltr' id='par_1_25' title="bbox 2161 950 3751 1032">
     <span class='ocr_line' id='line_1_25' title="bbox 2161 950 3751 1032; baseline -0.011 -12"><span class='ocrx_word' id='word_1_168' title='bbox 2161 967 2360 1019; x_wconf 78' lang='grc' dir='ltr'><strong>Ἀπιτε</strong></span> <span class='ocrx_word' id='word_1_169' title='bbox 2423 957 2714 1032; x_wconf 79' lang='grc' dir='ltr'><strong>τοιγαροῦν</strong></span> <span class='ocrx_word' id='word_1_170' title='bbox 2757 957 3013 1010; x_wconf 79' lang='grc' dir='ltr'><strong>πλεῖστον</strong></span> <span class='ocrx_word' id='word_1_171' title='bbox 3066 953 3364 1025; x_wconf 81' lang='grc' dir='ltr'><strong>πριάμενοι</strong></span> <span class='ocrx_word' id='word_1_172' title='bbox 3412 950 3542 1022; x_wconf 85' lang='grc' dir='ltr'><strong>παρ’</strong></span> <span class='ocrx_word' id='word_1_173' title='bbox 3588 951 3751 1021; x_wconf 79' lang='grc' dir='ltr'><strong>ἡμῶν</strong></span> 
     </span>
    </p>
   </div>
   <div class='ocr_carea' id='block_1_26' title="bbox 2157 1041 3752 1126">
    <p class='ocr_par' dir='ltr' id='par_1_26' title="bbox 2157 1041 3752 1126">
     <span class='ocr_line' id='line_1_26' title="bbox 2157 1041 3752 1126; baseline -0.011 -16"><span class='ocrx_word' id='word_1_174' title='bbox 2157 1056 2262 1110; x_wconf 81' lang='grc' dir='ltr'>κάν</span> <span class='ocrx_word' id='word_1_175' title='bbox 2288 1052 2422 1126; x_wconf 87' lang='grc' dir='ltr'>γοῦν</span> <span class='ocrx_word' id='word_1_176' title='bbox 2448 1052 2506 1106; x_wconf 85' lang='grc' dir='ltr'>ἐν</span> <span class='ocrx_word' id='word_1_177' title='bbox 2534 1049 2670 1115; x_wconf 83' lang='grc' dir='ltr'><strong>ζῶσι</strong></span> <span class='ocrx_word' id='word_1_178' title='bbox 2703 1046 2903 1110; x_wconf 74' lang='grc' dir='ltr'><strong>τελεῖν,</strong></span> <span class='ocrx_word' id='word_1_179' title='bbox 2943 1044 3038 1098; x_wconf 75' lang='grc' dir='ltr'><strong>καὶ</strong></span> <span class='ocrx_word' id='word_1_180' title='bbox 3087 1045 3208 1098; x_wconf 71' lang='grc' dir='ltr'><strong>ἀντὶ</strong></span> <span class='ocrx_word' id='word_1_181' title='bbox 3255 1043 3368 1096; x_wconf 87' lang='grc' dir='ltr'>τῶν</span> <span class='ocrx_word' id='word_1_182' title='bbox 3417 1041 3752 1112; x_wconf 81' lang='grc' dir='ltr'><strong>Ῥωμαϊκῶν</strong></span> 
     </span>
    </p>
   </div>
   <div class='ocr_carea' id='block_1_27' title="bbox 2157 1131 3752 1218">
    <p class='ocr_par' dir='ltr' id='par_1_27' title="bbox 2157 1131 3752 1218">
     <span class='ocr_line' id='line_1_27' title="bbox 2157 1131 3752 1218; baseline -0.024 0"><span class='ocrx_word' id='word_1_183' title='bbox 2157 1144 2460 1218; x_wconf 80' lang='grc' dir='ltr'><strong>χρημάτων</strong></span> <span class='ocrx_word' id='word_1_184' title='bbox 2485 1140 2579 1194; x_wconf 83' lang='grc' dir='ltr'><strong>τδν</strong></span> <span class='ocrx_word' id='word_1_185' title='bbox 2607 1137 2729 1194; x_wconf 81' lang='grc' dir='ltr'><strong>καθ’</strong></span> <span class='ocrx_word' id='word_1_186' title='bbox 2779 1137 2928 1207; x_wconf 76' lang='grc' dir='ltr'><strong>ἡμᾶς</strong></span> <span class='ocrx_word' id='word_1_187' title='bbox 2974 1134 3140 1205; x_wconf 74' lang='grc' dir='ltr'>φόϐον</span> <span class='ocrx_word' id='word_1_188' title='bbox 3178 1134 3257 1197; x_wconf 71' lang='grc' dir='ltr'><strong>εἰς</strong></span> <span class='ocrx_word' id='word_1_189' title='bbox 3291 1131 3568 1202; x_wconf 75' lang='grc' dir='ltr'><strong>σωτηρίαν</strong></span> <span class='ocrx_word' id='word_1_190' title='bbox 3597 1131 3752 1199; x_wconf 81' lang='grc' dir='ltr'><strong>εἰλη-</strong></span> 
     </span>
    </p>
   </div>
   <div class='ocr_carea' id='block_1_28' title="bbox 2159 1222 3765 1308">
    <p class='ocr_par' dir='ltr' id='par_1_28' title="bbox 2159 1222 3765 1308">
     <span class='ocr_line' id='line_1_28' title="bbox 2159 1222 3765 1308; baseline -0.011 -16"><span class='ocrx_word' id='word_1_191' title='bbox 2159 1238 2343 1308; x_wconf 83' lang='grc' dir='ltr'><strong>φότες.</strong></span> <span class='ocrx_word' id='word_1_192' title='bbox 2374 1233 2514 1289; x_wconf 75' lang='grc' dir='ltr'>Οῠτε</span> <span class='ocrx_word' id='word_1_193' title='bbox 2547 1231 2661 1302; x_wconf 79' lang='grc' dir='ltr'><strong>γὰρ</strong></span> <span class='ocrx_word' id='word_1_194' title='bbox 2703 1228 2958 1299; x_wconf 79' lang='grc' dir='ltr'><strong>δεηθείην</strong></span> <span class='ocrx_word' id='word_1_195' title='bbox 2991 1225 3127 1279; x_wconf 85' lang='grc' dir='ltr'><strong>ποτέ</strong></span> <span class='ocrx_word' id='word_1_196' title='bbox 3174 1228 3274 1296; x_wconf 82' lang='grc' dir='ltr'><strong>τῆς</strong></span> <span class='ocrx_word' id='word_1_197' title='bbox 3329 1223 3454 1277; x_wconf 77' lang='grc' dir='ltr'><strong>καθ’</strong></span> <span class='ocrx_word' id='word_1_198' title='bbox 3507 1223 3653 1292; x_wconf 73' lang='grc' dir='ltr'><strong>ὑμᾶς</strong></span> <span class='ocrx_word' id='word_1_199' title='bbox 3703 1222 3765 1253; x_wconf 68' lang='grc'><strong>⁸⁵</strong></span> 
     </span>
    </p>
   </div>
   <div class='ocr_carea' id='block_1_29' title="bbox 2161 1312 3753 1396">
    <p class='ocr_par' dir='ltr' id='par_1_29' title="bbox 2161 1312 3753 1396">
     <span class='ocr_line' id='line_1_29' title="bbox 2161 1312 3753 1396; baseline -0.009 -16"><span class='ocrx_word' id='word_1_200' title='bbox 2161 1322 2502 1396; x_wconf 80' lang='grc' dir='ltr'><strong>συμμαχίας,</strong></span> <span class='ocrx_word' id='word_1_201' title='bbox 2527 1319 2654 1373; x_wconf 74' lang='grc' dir='ltr'><strong>οὔτε</strong></span> <span class='ocrx_word' id='word_1_202' title='bbox 2687 1335 2740 1372; x_wconf 92' lang='grc' dir='ltr'><strong>τι</strong></span> <span class='ocrx_word' id='word_1_203' title='bbox 2785 1315 3023 1387; x_wconf 77' lang='grc' dir='ltr'>λήψεσθε</span> <span class='ocrx_word' id='word_1_204' title='bbox 3052 1314 3184 1385; x_wconf 89' lang='grc' dir='ltr'><strong>παρ’</strong></span> <span class='ocrx_word' id='word_1_205' title='bbox 3238 1312 3457 1384; x_wconf 79' lang='grc' dir='ltr'><strong>ήμῶνῆ</strong></span> <span class='ocrx_word' id='word_1_206' title='bbox 3507 1312 3753 1368; x_wconf 79' lang='grc' dir='ltr'><strong>καθόσον</strong></span> 
     </span>
    </p>
   </div>
   <div class='ocr_carea' id='block_1_30' title="bbox 2159 1400 3752 1485">
    <p class='ocr_par' dir='ltr' id='par_1_30' title="bbox 2159 1400 3752 1485">
     <span class='ocr_line' id='line_1_30' title="bbox 2159 1400 3752 1485; baseline -0.009 -18"><span class='ocrx_word' id='word_1_207' title='bbox 2159 1415 2291 1485; x_wconf 79' lang='grc' dir='ltr'><strong>ἡμῖν</strong></span> <span class='ocrx_word' id='word_1_208' title='bbox 2345 1412 2514 1476; x_wconf 83' lang='grc' dir='ltr'><strong>δοκεῖ,</strong></span> <span class='ocrx_word' id='word_1_209' title='bbox 2569 1406 2764 1475; x_wconf 82' lang='grc' dir='ltr'><strong>ὥσπερ</strong></span> <span class='ocrx_word' id='word_1_210' title='bbox 2812 1404 3061 1468; x_wconf 75' lang='grc' dir='ltr'><strong>δουλείας</strong></span> <span class='ocrx_word' id='word_1_211' title='bbox 3105 1403 3322 1475; x_wconf 69' lang='grc' dir='ltr'><strong>ἔρανον,</strong></span> <span class='ocrx_word' id='word_1_212' title='bbox 3379 1403 3478 1456; x_wconf 74' lang='grc' dir='ltr'><strong>καὶ</strong></span> <span class='ocrx_word' id='word_1_213' title='bbox 3523 1403 3620 1473; x_wconf 80' lang='grc' dir='ltr'><strong>οὐχ</strong></span> <span class='ocrx_word' id='word_1_214' title='bbox 3671 1400 3752 1466; x_wconf 81' lang='grc' dir='ltr'>ὡς</span> 
     </span>
    </p>
   </div>
   <div class='ocr_carea' id='block_1_31' title="bbox 2157 1493 3756 1571">
    <p class='ocr_par' dir='ltr' id='par_1_31' title="bbox 2157 1493 3756 1571">
     <span class='ocr_line' id='line_1_31' title="bbox 2157 1493 3756 1571; baseline -0.007 -14"><span class='ocrx_word' id='word_1_215' title='bbox 2157 1502 2360 1569; x_wconf 80' lang='grc' dir='ltr'><strong>οἴεσθε,</strong></span> <span class='ocrx_word' id='word_1_216' title='bbox 2417 1497 2746 1571; x_wconf 80' lang='grc' dir='ltr'><strong>φορολογίαν</strong></span> <span class='ocrx_word' id='word_1_217' title='bbox 2792 1495 2934 1551; x_wconf 89' lang='grc' dir='ltr'><strong>τινά.</strong></span> <span class='ocrx_word' id='word_1_218' title='bbox 2973 1514 2993 1548; x_wconf 73' lang='grc' dir='ltr'><strong>ι</strong></span> <span class='ocrx_word' id='word_1_219' title='bbox 3058 1493 3316 1566; x_wconf 85' lang='grc' dir='ltr'><strong>Τοιοῦτον</strong></span> <span class='ocrx_word' id='word_1_220' title='bbox 3371 1494 3756 1560; x_wconf 83' lang='grc' dir='ltr'><strong>ἐπισείσαντος</strong></span> 
     </span>
    </p>
   </div>
   <div class='ocr_carea' id='block_1_32' title="bbox 2161 1585 3750 1664">
    <p class='ocr_par' dir='ltr' id='par_1_32' title="bbox 2161 1585 3750 1664">
     <span class='ocr_line' id='line_1_32' title="bbox 2161 1585 3750 1664; baseline -0.006 -16"><span class='ocrx_word' id='word_1_221' title='bbox 2161 1594 2327 1664; x_wconf 83' lang='grc' dir='ltr'>φόϐον</span> <span class='ocrx_word' id='word_1_222' title='bbox 2373 1590 2470 1646; x_wconf 90' lang='grc' dir='ltr'><strong>τοῦ</strong></span> <span class='ocrx_word' id='word_1_223' title='bbox 2516 1589 2783 1661; x_wconf 84' lang='grc' dir='ltr'><strong>βασιλέως</strong></span> <span class='ocrx_word' id='word_1_224' title='bbox 2834 1589 2949 1652; x_wconf 77' lang='grc' dir='ltr'><strong>τοῖς</strong></span> <span class='ocrx_word' id='word_1_225' title='bbox 2977 1586 3243 1659; x_wconf 80' lang='grc' dir='ltr'><strong>πρέσϐεσι</strong></span> <span class='ocrx_word' id='word_1_226' title='bbox 3295 1585 3408 1639; x_wconf 81' lang='grc' dir='ltr'><strong>τῶν</strong></span> <span class='ocrx_word' id='word_1_227' title='bbox 3476 1585 3750 1654; x_wconf 83' lang='grc' dir='ltr'><strong>’Δϐάρων,</strong></span> 
     </span>
    </p>
   </div>
   <div class='ocr_carea' id='block_1_33' title="bbox 2160 1677 3754 1754">
    <p class='ocr_par' dir='ltr' id='par_1_33' title="bbox 2160 1677 3754 1754">
     <span class='ocr_line' id='line_1_33' title="bbox 2160 1677 3754 1754; baseline -0.007 -14"><span class='ocrx_word' id='word_1_228' title='bbox 2160 1683 2570 1754; x_wconf 80' lang='grc' dir='ltr'><strong>κατεγνωκότες</strong></span> <span class='ocrx_word' id='word_1_229' title='bbox 2593 1683 2660 1735; x_wconf 88' lang='grc' dir='ltr'><strong>ἐκ</strong></span> <span class='ocrx_word' id='word_1_230' title='bbox 2679 1679 2789 1735; x_wconf 82' lang='grc' dir='ltr'><strong>τῶν</strong></span> <span class='ocrx_word' id='word_1_231' title='bbox 2811 1678 3120 1752; x_wconf 73' lang='grc' dir='ltr'>εἰρημένων</span> <span class='ocrx_word' id='word_1_232' title='bbox 3141 1679 3191 1732; x_wconf 86' lang='grc' dir='ltr'><strong>οἱ</strong></span> <span class='ocrx_word' id='word_1_233' title='bbox 3219 1677 3519 1748; x_wconf 86' lang='grc' dir='ltr'><strong>Βάρϐαροι,</strong></span> <span class='ocrx_word' id='word_1_234' title='bbox 3551 1677 3627 1740; x_wconf 83' lang='grc' dir='ltr'><strong>ὡς</strong></span> <span class='ocrx_word' id='word_1_235' title='bbox 3648 1677 3754 1730; x_wconf 80' lang='grc' dir='ltr'><strong>οὐκ</strong></span> 
     </span>
    </p>
   </div>
   <div class='ocr_carea' id='block_1_34' title="bbox 469 1767 2076 1865">
    <p class='ocr_par' dir='ltr' id='par_1_34' title="bbox 469 1767 2058 1865">
     <span class='ocr_line' id='line_1_34' title="bbox 469 1767 2058 1865; baseline -0.004 -16"><span class='ocrx_word' id='word_1_236' title='bbox 469 1805 531 1850; x_wconf 91' lang='lat' dir='ltr'><strong>ut</strong></span> <span class='ocrx_word' id='word_1_237' title='bbox 544 1767 656 1851; x_wconf 76' lang='grc' dir='ltr'><strong>⁸νοε</strong></span> <span class='ocrx_word' id='word_1_238' title='bbox 684 1767 824 1850; x_wconf 76' lang='lat' dir='ltr'><strong>falso</strong></span> <span class='ocrx_word' id='word_1_239' title='bbox 857 1795 1203 1851; x_wconf 77' lang='lat' dir='ltr'><strong>existimatis.</strong></span> <span class='ocrx_word' id='word_1_240' title='bbox 1244 1814 1265 1848; x_wconf 71' lang='grc' dir='ltr'><strong>ι</strong></span> <span class='ocrx_word' id='word_1_241' title='bbox 1295 1767 1587 1865; x_wconf 81' lang='lat' dir='ltr'><strong>Postquam</strong></span> <span class='ocrx_word' id='word_1_242' title='bbox 1615 1767 1912 1863; x_wconf 76' lang='lat' dir='ltr'><strong>imperator</strong></span> <span class='ocrx_word' id='word_1_243' title='bbox 1937 1767 2058 1844; x_wconf 52' lang='lat' dir='ltr'><strong>tan;</strong></span> 
     </span>
    </p>
   </div>
   <div class='ocr_carea' id='block_1_35' title="bbox 2157 1767 3752 1865">
    <p class='ocr_par' dir='ltr' id='par_1_35' title="bbox 2162 1767 3752 1845">
     <span class='ocr_line' id='line_1_35' title="bbox 2162 1767 3752 1845; baseline -0.008 -11"><span class='ocrx_word' id='word_1_244' title='bbox 2162 1779 2412 1845; x_wconf 74' lang='grc' dir='ltr'><strong>ἀνέξεται</strong></span> <span class='ocrx_word' id='word_1_245' title='bbox 2447 1774 2600 1844; x_wconf 81' lang='grc' dir='ltr'>σφῶν</span> <span class='ocrx_word' id='word_1_246' title='bbox 2629 1774 2730 1843; x_wconf 85' lang='grc' dir='ltr'><strong>τῆς</strong></span> <span class='ocrx_word' id='word_1_247' title='bbox 2762 1769 3102 1837; x_wconf 78' lang='grc' dir='ltr'><strong>πλεονεξίας,</strong></span> <span class='ocrx_word' id='word_1_248' title='bbox 3135 1770 3231 1824; x_wconf 78' lang='grc' dir='ltr'><strong>καὶ</strong></span> <span class='ocrx_word' id='word_1_249' title='bbox 3263 1769 3339 1832; x_wconf 85' lang='grc' dir='ltr'>ὡς</span> <span class='ocrx_word' id='word_1_250' title='bbox 3368 1769 3524 1823; x_wconf 77' lang='grc' dir='ltr'><strong>οὐδὲν</strong></span> <span class='ocrx_word' id='word_1_251' title='bbox 3564 1767 3752 1833; x_wconf 81' lang='grc' dir='ltr'><strong>αὐτοῖς</strong></span> 
     </span>
    </p>
   </div>
   <div class='ocr_carea' id='block_1_36' title="bbox 469 1884 2059 1956">
    <p class='ocr_par' dir='ltr' id='par_1_36' title="bbox 469 1884 2059 1956">
     <span class='ocr_line' id='line_1_36' title="bbox 469 1884 2059 1956; baseline -0.003 -16"><span class='ocrx_word' id='word_1_252' title='bbox 469 1895 583 1940; x_wconf 90' lang='lat' dir='ltr'><strong>tum</strong></span> <span class='ocrx_word' id='word_1_253' title='bbox 616 1887 698 1941; x_wconf 89' lang='lat' dir='ltr'><strong>sui</strong></span> <span class='ocrx_word' id='word_1_254' title='bbox 728 1895 989 1941; x_wconf 88' lang='lat' dir='ltr'><strong>terrorem</strong></span> <span class='ocrx_word' id='word_1_255' title='bbox 1035 1886 1228 1956; x_wconf 87' lang='lat' dir='ltr'><strong>legatis</strong></span> <span class='ocrx_word' id='word_1_256' title='bbox 1267 1886 1506 1941; x_wconf 82' lang='lat' dir='ltr'><strong>Avarum</strong></span> <span class='ocrx_word' id='word_1_257' title='bbox 1558 1884 1786 1939; x_wconf 91' lang='lat' dir='ltr'><strong>incussit</strong></span> <span class='ocrx_word' id='word_1_258' title='bbox 1813 1921 1830 1947; x_wconf 90' lang='lat'><strong>,</strong></span> <span class='ocrx_word' id='word_1_259' title='bbox 1876 1891 1933 1936; x_wconf 92' lang='lat' dir='ltr'><strong>et</strong></span> <span class='ocrx_word' id='word_1_260' title='bbox 1965 1896 2059 1936; x_wconf 86' lang='lat' dir='ltr'><strong>co-</strong></span> 
     </span>
    </p>
   </div>
   <div class='ocr_carea' id='block_1_37' title="bbox 469 1975 2061 2046">
    <p class='ocr_par' dir='ltr' id='par_1_37' title="bbox 469 1975 2061 2046">
     <span class='ocr_line' id='line_1_37' title="bbox 469 1975 2061 2046; baseline -0.002 -17"><span class='ocrx_word' id='word_1_261' title='bbox 469 1985 774 2046; x_wconf 72' lang='lat' dir='ltr'><strong>gnoverunt</strong></span> <span class='ocrx_word' id='word_1_262' title='bbox 817 1991 884 2031; x_wconf 81' lang='lat' dir='ltr'><strong>ex</strong></span> <span class='ocrx_word' id='word_1_263' title='bbox 942 1976 1047 2039; x_wconf 85' lang='lat' dir='ltr'><strong>bis,</strong></span> <span class='ocrx_word' id='word_1_264' title='bbox 1099 1991 1222 2046; x_wconf 66' lang='lat' dir='ltr'><strong>qua:</strong></span> <span class='ocrx_word' id='word_1_265' title='bbox 1277 1977 1510 2041; x_wconf 79' lang='lat' dir='ltr'><strong>dixerat,</strong></span> <span class='ocrx_word' id='word_1_266' title='bbox 1557 1975 1776 2029; x_wconf 89' lang='lat' dir='ltr'><strong>minime</strong></span> <span class='ocrx_word' id='word_1_267' title='bbox 1823 1989 1948 2029; x_wconf 91' lang='lat' dir='ltr'><strong>eum</strong></span> <span class='ocrx_word' id='word_1_268' title='bbox 1972 1987 2061 2027; x_wconf 89' lang='lat' dir='ltr'><strong>su-</strong></span> 
     </span>
    </p>
   </div>
   <div class='ocr_carea' id='block_1_38' title="bbox 467 2049 2058 2139">
    <p class='ocr_par' dir='ltr' id='par_1_38' title="bbox 467 2049 2058 2139">
     <span class='ocr_line' id='line_1_38' title="bbox 467 2049 2058 2139; baseline -0.004 -15"><span class='ocrx_word' id='word_1_269' title='bbox 467 2068 715 2138; x_wconf 87' lang='lat' dir='ltr'><strong>perbiam</strong></span> <span class='ocrx_word' id='word_1_270' title='bbox 747 2067 990 2139; x_wconf 88' lang='lat' dir='ltr'><strong>ipsorum</strong></span> <span class='ocrx_word' id='word_1_271' title='bbox 1017 2067 1392 2134; x_wconf 87' lang='lat' dir='ltr'><strong>toleraturum,</strong></span> <span class='ocrx_word' id='word_1_272' title='bbox 1430 2080 1607 2136; x_wconf 89' lang='lat' dir='ltr'><strong>neque</strong></span> <span class='ocrx_word' id='word_1_273' title='bbox 1637 2049 1937 2135; x_wconf 81' lang='lat' dir='ltr'><strong>quidquam</strong></span> <span class='ocrx_word' id='word_1_274' title='bbox 1966 2077 2058 2119; x_wconf 93' lang='lat' dir='ltr'><strong>eo-</strong></span> 
     </span>
    </p>
   </div>
   <div class='ocr_carea' id='block_1_39' title="bbox 469 2157 2054 2228">
    <p class='ocr_par' dir='ltr' id='par_1_39' title="bbox 469 2157 2054 2228">
     <span class='ocr_line' id='line_1_39' title="bbox 469 2157 2054 2228; baseline -0.004 -16"><span class='ocrx_word' id='word_1_275' title='bbox 469 2173 614 2224; x_wconf 91' lang='lat' dir='ltr'><strong>rum,</strong></span> <span class='ocrx_word' id='word_1_276' title='bbox 641 2171 764 2228; x_wconf 69' lang='lat' dir='ltr'><strong>qute</strong></span> <span class='ocrx_word' id='word_1_277' title='bbox 812 2157 964 2226; x_wconf 89' lang='lat' dir='ltr'><strong>prius</strong></span> <span class='ocrx_word' id='word_1_278' title='bbox 1011 2158 1264 2228; x_wconf 89' lang='lat' dir='ltr'><strong>accipere</strong></span> <span class='ocrx_word' id='word_1_279' title='bbox 1294 2164 1731 2222; x_wconf 83' lang='lat' dir='ltr'><strong>consueverant,</strong></span> <span class='ocrx_word' id='word_1_280' title='bbox 1779 2157 2054 2218; x_wconf 86' lang='lat' dir='ltr'><strong>daturum,</strong></span> 
     </span>
    </p>
   </div>
   <div class='ocr_carea' id='block_1_40' title="bbox 468 2245 2060 2320">
    <p class='ocr_par' dir='ltr' id='par_1_40' title="bbox 468 2245 2060 2320">
     <span class='ocr_line' id='line_1_40' title="bbox 468 2245 2060 2320; baseline 0 -18"><span class='ocrx_word' id='word_1_281' title='bbox 468 2263 572 2304; x_wconf 83' lang='lat' dir='ltr'><strong>nec</strong></span> <span class='ocrx_word' id='word_1_282' title='bbox 593 2263 724 2304; x_wconf 87' lang='lat' dir='ltr'><strong>vero</strong></span> <span class='ocrx_word' id='word_1_283' title='bbox 751 2250 900 2319; x_wconf 86' lang='lat' dir='ltr'><strong>ipsos</strong></span> <span class='ocrx_word' id='word_1_284' title='bbox 954 2249 1174 2320; x_wconf 87' lang='lat' dir='ltr'><strong>impune</strong></span> <span class='ocrx_word' id='word_1_285' title='bbox 1207 2249 1793 2320; x_wconf 88' lang='lat' dir='ltr'><strong>posthacincursiones</strong></span> <span class='ocrx_word' id='word_1_286' title='bbox 1837 2246 1892 2301; x_wconf 91' lang='lat' dir='ltr'><strong>in</strong></span> <span class='ocrx_word' id='word_1_287' title='bbox 1920 2245 2060 2302; x_wconf 86' lang='lat' dir='ltr'><strong>ﬁnes</strong></span> 
     </span>
    </p>
   </div>
   <div class='ocr_carea' id='block_1_41' title="bbox 469 2337 2057 2413">
    <p class='ocr_par' dir='ltr' id='par_1_41' title="bbox 469 2337 2057 2413">
     <span class='ocr_line' id='line_1_41' title="bbox 469 2337 2057 2413; baseline -0.001 -21"><span class='ocrx_word' id='word_1_288' title='bbox 469 2338 744 2396; x_wconf 78' lang='lat' dir='ltr'><strong>Romanos</strong></span> <span class='ocrx_word' id='word_1_289' title='bbox 790 2340 1032 2397; x_wconf 77' lang='lat' dir='ltr'><strong>facturos</strong></span> <span class='ocrx_word' id='word_1_290' title='bbox 1056 2382 1074 2408; x_wconf 95' lang='lat'><strong>,</strong></span> <span class='ocrx_word' id='word_1_291' title='bbox 1126 2341 1183 2396; x_wconf 90' lang='lat' dir='ltr'><strong>in</strong></span> <span class='ocrx_word' id='word_1_292' title='bbox 1217 2357 1469 2413; x_wconf 82' lang='lat' dir='ltr'><strong>magnam</strong></span> <span class='ocrx_word' id='word_1_293' title='bbox 1505 2340 1671 2396; x_wconf 91' lang='lat' dir='ltr'><strong>animi</strong></span> <span class='ocrx_word' id='word_1_294' title='bbox 1721 2337 2057 2394; x_wconf 73' lang='lat' dir='ltr'><strong>anxietatem</strong></span> 
     </span>
    </p>
   </div>
   <div class='ocr_carea' id='block_1_42' title="bbox 468 2430 2058 2504">
    <p class='ocr_par' dir='ltr' id='par_1_42' title="bbox 468 2430 2058 2504">
     <span class='ocr_line' id='line_1_42' title="bbox 468 2430 2058 2504; baseline 0 -20"><span class='ocrx_word' id='word_1_295' title='bbox 468 2430 801 2497; x_wconf 90' lang='lat' dir='ltr'><strong>inciderunt,</strong></span> <span class='ocrx_word' id='word_1_296' title='bbox 842 2441 898 2489; x_wconf 90' lang='lat' dir='ltr'><strong>et</strong></span> <span class='ocrx_word' id='word_1_297' title='bbox 945 2448 1131 2490; x_wconf 87' lang='lat' dir='ltr'><strong>secum</strong></span> <span class='ocrx_word' id='word_1_298' title='bbox 1173 2433 1520 2504; x_wconf 76' lang='lat' dir='ltr'><strong>cogitarunt,</strong></span> <span class='ocrx_word' id='word_1_299' title='bbox 1561 2448 1669 2502; x_wconf 91' lang='lat' dir='ltr'><strong>quo</strong></span> <span class='ocrx_word' id='word_1_300' title='bbox 1704 2431 1922 2487; x_wconf 88' lang='lat' dir='ltr'><strong>tandem</strong></span> <span class='ocrx_word' id='word_1_301' title='bbox 1967 2444 2058 2485; x_wconf 86' lang='lat' dir='ltr'><strong>res</strong></span> 
     </span>
    </p>
   </div>
   <div class='ocr_carea' id='block_1_43' title="bbox 468 2520 2054 2593">
    <p class='ocr_par' dir='ltr' id='par_1_43' title="bbox 468 2520 2054 2593">
     <span class='ocr_line' id='line_1_43' title="bbox 468 2520 2054 2593; baseline 0.001 -19"><span class='ocrx_word' id='word_1_302' title='bbox 468 2535 678 2575; x_wconf 65' lang='lat' dir='ltr'><strong>casura</strong></span> <span class='ocrx_word' id='word_1_303' title='bbox 711 2531 920 2590; x_wconf 89' lang='lat' dir='ltr'><strong>essent,</strong></span> <span class='ocrx_word' id='word_1_304' title='bbox 946 2534 1003 2578; x_wconf 90' lang='lat' dir='ltr'><strong>et</strong></span> <span class='ocrx_word' id='word_1_305' title='bbox 1026 2525 1148 2593; x_wconf 85' lang='lat' dir='ltr'><strong>quis</strong></span> <span class='ocrx_word' id='word_1_306' title='bbox 1176 2524 1392 2579; x_wconf 80' lang='lat' dir='ltr'><strong>futurus</strong></span> <span class='ocrx_word' id='word_1_307' title='bbox 1436 2533 1584 2578; x_wconf 90' lang='lat' dir='ltr'><strong>esset</strong></span> <span class='ocrx_word' id='word_1_308' title='bbox 1629 2537 1820 2578; x_wconf 91' lang='lat' dir='ltr'><strong>earum</strong></span> <span class='ocrx_word' id='word_1_309' title='bbox 1851 2520 2054 2575; x_wconf 82' lang='lat' dir='ltr'><strong>exitus.</strong></span> 
     </span>
    </p>
   </div>
   <div class='ocr_carea' id='block_1_44' title="bbox 464 2608 2054 2686">
    <p class='ocr_par' dir='ltr' id='par_1_44' title="bbox 464 2608 2054 2686">
     <span class='ocr_line' id='line_1_44' title="bbox 464 2608 2054 2686; baseline -0.001 -20"><span class='ocrx_word' id='word_1_310' title='bbox 464 2608 580 2668; x_wconf 85' lang='lat' dir='ltr'><strong>Nec</strong></span> <span class='ocrx_word' id='word_1_311' title='bbox 621 2613 766 2669; x_wconf 86' lang='lat' dir='ltr'><strong>enim</strong></span> <span class='ocrx_word' id='word_1_312' title='bbox 808 2614 1095 2686; x_wconf 84' lang='lat' dir='ltr'><strong>Byzantii,</strong></span> <span class='ocrx_word' id='word_1_313' title='bbox 1123 2616 1562 2685; x_wconf 85' lang='lat' dir='ltr'><strong>quandoquidem</strong></span> <span class='ocrx_word' id='word_1_314' title='bbox 1609 2615 1744 2670; x_wconf 87' lang='lat' dir='ltr'><strong>nihil</strong></span> <span class='ocrx_word' id='word_1_315' title='bbox 1787 2612 2054 2684; x_wconf 84' lang='lat' dir='ltr'><strong>proﬁcere</strong></span> 
     </span>
    </p>
   </div>
   <div class='ocr_carea' id='block_1_45' title="bbox 465 2708 2052 2777">
    <p class='ocr_par' dir='ltr' id='par_1_45' title="bbox 465 2708 2052 2777">
     <span class='ocr_line' id='line_1_45' title="bbox 465 2708 2052 2777; baseline 0 -16"><span class='ocrx_word' id='word_1_316' title='bbox 465 2714 738 2774; x_wconf 86' lang='lat' dir='ltr'><strong>poterant,</strong></span> <span class='ocrx_word' id='word_1_317' title='bbox 781 2708 1110 2764; x_wconf 90' lang='lat' dir='ltr'><strong>manendum</strong></span> <span class='ocrx_word' id='word_1_318' title='bbox 1151 2710 1354 2765; x_wconf 87' lang='lat' dir='ltr'><strong>diutius</strong></span> <span class='ocrx_word' id='word_1_319' title='bbox 1385 2709 1728 2776; x_wconf 85' lang='lat' dir='ltr'><strong>statuebant,</strong></span> <span class='ocrx_word' id='word_1_320' title='bbox 1767 2722 1943 2777; x_wconf 88' lang='lat' dir='ltr'><strong>neque</strong></span> <span class='ocrx_word' id='word_1_321' title='bbox 1990 2719 2052 2761; x_wconf 87' lang='lat' dir='ltr'><strong>rc</strong></span> 
     </span>
    </p>
   </div>
   <div class='ocr_carea' id='block_1_46' title="bbox 2160 1858 3752 1938">
    <p class='ocr_par' dir='ltr' id='par_1_46' title="bbox 2160 1858 3752 1938">
     <span class='ocr_line' id='line_1_46' title="bbox 2160 1858 3752 1938; baseline -0.008 -14"><span class='ocrx_word' id='word_1_322' title='bbox 2160 1870 2241 1925; x_wconf 71' lang='grc' dir='ltr'><strong>ἔτι</strong></span> <span class='ocrx_word' id='word_1_323' title='bbox 2271 1869 2556 1938; x_wconf 82' lang='grc' dir='ltr'>δοθήσεται</span> <span class='ocrx_word' id='word_1_324' title='bbox 2583 1866 2630 1898; x_wconf 81' lang='grc'><strong>⁸⁸</strong></span> <span class='ocrx_word' id='word_1_325' title='bbox 2663 1858 2738 1919; x_wconf 81' lang='grc' dir='ltr'><strong>ὧν</strong></span> <span class='ocrx_word' id='word_1_326' title='bbox 2770 1862 3091 1934; x_wconf 72' lang='grc' dir='ltr'><strong>ἐκομίζοντο</strong></span> <span class='ocrx_word' id='word_1_327' title='bbox 3134 1859 3338 1932; x_wconf 80' lang='grc' dir='ltr'><strong>προτοῦ</strong></span> <span class='ocrx_word' id='word_1_328' title='bbox 3360 1898 3374 1925; x_wconf 85' lang='grc'><em>,</em></span> <span class='ocrx_word' id='word_1_329' title='bbox 3423 1861 3520 1914; x_wconf 74' lang='grc' dir='ltr'><strong>καὶ</strong></span> <span class='ocrx_word' id='word_1_330' title='bbox 3556 1859 3633 1924; x_wconf 86' lang='grc' dir='ltr'><strong>ὡς</strong></span> <span class='ocrx_word' id='word_1_331' title='bbox 3686 1859 3752 1913; x_wconf 77' lang='grc' dir='ltr'>τὸ</span> 
     </span>
    </p>
   </div>
   <div class='ocr_carea' id='block_1_47' title="bbox 2158 1950 3751 2026">
    <p class='ocr_par' dir='ltr' id='par_1_47' title="bbox 2158 1950 3751 2026">
     <span class='ocr_line' id='line_1_47' title="bbox 2158 1950 3751 2026; baseline -0.008 -11"><span class='ocrx_word' id='word_1_332' title='bbox 2158 1961 2346 2016; x_wconf 77' lang='grc' dir='ltr'><strong>λοιπὸν</strong></span> <span class='ocrx_word' id='word_1_333' title='bbox 2383 1959 2554 2022; x_wconf 82' lang='grc' dir='ltr'>ἀδεῶς</span> <span class='ocrx_word' id='word_1_334' title='bbox 2611 1958 2713 2011; x_wconf 78' lang='grc' dir='ltr'><strong>οὐκ</strong></span> <span class='ocrx_word' id='word_1_335' title='bbox 2761 1952 3194 2026; x_wconf 87' lang='grc' dir='ltr'><strong>ἐπιδραμοῦνται</strong></span> <span class='ocrx_word' id='word_1_336' title='bbox 3240 1953 3340 2022; x_wconf 83' lang='grc' dir='ltr'><strong>τὴν</strong></span> <span class='ocrx_word' id='word_1_337' title='bbox 3408 1950 3751 2023; x_wconf 64' lang='grc' dir='ltr'><strong>Ῥωμαῖκὴνι</strong></span> 
     </span>
    </p>
   </div>
   <div class='ocr_carea' id='block_1_48' title="bbox 2159 2041 3752 2122">
    <p class='ocr_par' dir='ltr' id='par_1_48' title="bbox 2159 2041 3752 2122">
     <span class='ocr_line' id='line_1_48' title="bbox 2159 2041 3752 2122; baseline -0.008 -15"><span class='ocrx_word' id='word_1_338' title='bbox 2159 2055 2218 2107; x_wconf 92' lang='grc' dir='ltr'><strong>ἐν</strong></span> <span class='ocrx_word' id='word_1_339' title='bbox 2242 2050 2519 2122; x_wconf 77' lang='grc' dir='ltr'><strong>δυσθυμία</strong></span> <span class='ocrx_word' id='word_1_340' title='bbox 2547 2057 2608 2103; x_wconf 82' lang='grc' dir='ltr'><strong>τε</strong></span> <span class='ocrx_word' id='word_1_341' title='bbox 2631 2045 2929 2118; x_wconf 82' lang='grc' dir='ltr'><strong>ἐτύγχανον</strong></span> <span class='ocrx_word' id='word_1_342' title='bbox 2960 2043 3155 2115; x_wconf 80' lang='grc' dir='ltr'><strong>πολλῇ,</strong></span> <span class='ocrx_word' id='word_1_343' title='bbox 3185 2044 3280 2096; x_wconf 75' lang='grc' dir='ltr'><strong>καὶ</strong></span> <span class='ocrx_word' id='word_1_344' title='bbox 3301 2041 3752 2113; x_wconf 79' lang='grc' dir='ltr'><strong>ἀναλογιζόμενοι</strong></span> 
     </span>
    </p>
   </div>
   <div class='ocr_carea' id='block_1_49' title="bbox 2164 2133 3758 2217">
    <p class='ocr_par' dir='ltr' id='par_1_49' title="bbox 2164 2133 3758 2217">
     <span class='ocr_line' id='line_1_49' title="bbox 2164 2133 3758 2217; baseline -0.007 -19"><span class='ocrx_word' id='word_1_345' title='bbox 2164 2140 2306 2217; x_wconf 77' lang='grc' dir='ltr'><strong>ἦσαν</strong></span> <span class='ocrx_word' id='word_1_346' title='bbox 2330 2144 2453 2198; x_wconf 82' lang='grc' dir='ltr'><strong>ὅποι</strong></span> <span class='ocrx_word' id='word_1_347' title='bbox 2483 2141 2553 2196; x_wconf 76' lang='grc' dir='ltr'>τά</span> <span class='ocrx_word' id='word_1_348' title='bbox 2575 2139 2825 2212; x_wconf 83' lang='grc' dir='ltr'><strong>παρόντα</strong></span> <span class='ocrx_word' id='word_1_349' title='bbox 2856 2136 3153 2206; x_wconf 82' lang='grc' dir='ltr'><strong>ἐκϐήσεται</strong></span> <span class='ocrx_word' id='word_1_350' title='bbox 3185 2135 3280 2188; x_wconf 75' lang='grc' dir='ltr'><strong>καὶ</strong></span> <span class='ocrx_word' id='word_1_351' title='bbox 3308 2135 3433 2188; x_wconf 83' lang='grc' dir='ltr'><strong>ὁποι</strong></span> <span class='ocrx_word' id='word_1_352' title='bbox 3455 2133 3629 2204; x_wconf 80' lang='grc' dir='ltr'>τύχης</span> <span class='ocrx_word' id='word_1_353' title='bbox 3651 2133 3758 2188; x_wconf 81' lang='grc' dir='ltr'><strong>αὑ-</strong></span> 
     </span>
    </p>
   </div>
   <div class='ocr_carea' id='block_1_50' title="bbox 2157 2226 3755 2308">
    <p class='ocr_par' dir='ltr' id='par_1_50' title="bbox 2157 2226 3755 2308">
     <span class='ocr_line' id='line_1_50' title="bbox 2157 2226 3755 2308; baseline -0.008 -15"><span class='ocrx_word' id='word_1_354' title='bbox 2157 2240 2276 2302; x_wconf 80' lang='grc' dir='ltr'>τοῖς</span> <span class='ocrx_word' id='word_1_355' title='bbox 2307 2236 2550 2308; x_wconf 80' lang='grc' dir='ltr'><strong>χωρήσοι</strong></span> <span class='ocrx_word' id='word_1_356' title='bbox 2589 2233 2660 2287; x_wconf 88' lang='grc' dir='ltr'><strong>τά</strong></span> <span class='ocrx_word' id='word_1_357' title='bbox 2683 2232 2992 2303; x_wconf 85' lang='grc' dir='ltr'><strong>πράγματα</strong></span> <span class='ocrx_word' id='word_1_358' title='bbox 3015 2248 3031 2264; x_wconf 78' lang='grc' dir='ltr'><strong>ο</strong></span> <span class='ocrx_word' id='word_1_359' title='bbox 3059 2228 3186 2284; x_wconf 83' lang='grc' dir='ltr'><strong>οὺδέ</strong></span> <span class='ocrx_word' id='word_1_360' title='bbox 3210 2226 3320 2299; x_wconf 87' lang='grc' dir='ltr'><strong>γὰρ</strong></span> <span class='ocrx_word' id='word_1_361' title='bbox 3347 2227 3531 2298; x_wconf 84' lang='grc' dir='ltr'><strong>μένειν</strong></span> <span class='ocrx_word' id='word_1_362' title='bbox 3555 2226 3616 2280; x_wconf 88' lang='grc' dir='ltr'>ἐν</span> <span class='ocrx_word' id='word_1_363' title='bbox 3648 2227 3755 2280; x_wconf 84' lang='grc' dir='ltr'><strong>Βυ-</strong></span> 
     </span>
    </p>
   </div>
   <div class='ocr_carea' id='block_1_51' title="bbox 2161 2318 3753 2400">
    <p class='ocr_par' dir='ltr' id='par_1_51' title="bbox 2161 2318 3753 2400">
     <span class='ocr_line' id='line_1_51' title="bbox 2161 2318 3753 2400; baseline -0.009 -15"><span class='ocrx_word' id='word_1_364' title='bbox 2161 2331 2362 2400; x_wconf 85' lang='grc' dir='ltr'><strong>ζαντίῳ</strong></span> <span class='ocrx_word' id='word_1_365' title='bbox 2390 2328 2628 2396; x_wconf 84' lang='grc' dir='ltr'><strong>ἀνόνητα</strong></span> <span class='ocrx_word' id='word_1_366' title='bbox 2654 2325 2868 2397; x_wconf 74' lang='grc' dir='ltr'><strong>ἦθελον,</strong></span> <span class='ocrx_word' id='word_1_367' title='bbox 2901 2322 3030 2377; x_wconf 77' lang='grc' dir='ltr'><strong>οὔτε</strong></span> <span class='ocrx_word' id='word_1_368' title='bbox 3059 2322 3166 2394; x_wconf 76' lang='grc' dir='ltr'><strong>μὴν</strong></span> <span class='ocrx_word' id='word_1_369' title='bbox 3199 2319 3476 2392; x_wconf 77' lang='grc' dir='ltr'><strong>ἄπρακτοι</strong></span> <span class='ocrx_word' id='word_1_370' title='bbox 3521 2318 3753 2373; x_wconf 81' lang='grc' dir='ltr'><strong>ἀπιέναι</strong></span> 
     </span>
    </p>
   </div>
   <div class='ocr_carea' id='block_1_52' title="bbox 2158 2407 3754 2488">
    <p class='ocr_par' dir='ltr' id='par_1_52' title="bbox 2158 2407 3754 2488">
     <span class='ocr_line' id='line_1_52' title="bbox 2158 2407 3754 2488; baseline -0.01 -11"><span class='ocrx_word' id='word_1_371' title='bbox 2158 2421 2466 2477; x_wconf 84' lang='grc' dir='ltr'><strong>ἐϐούλοντο.</strong></span> <span class='ocrx_word' id='word_1_372' title='bbox 2495 2419 2689 2488; x_wconf 88' lang='grc' dir='ltr'><strong>Ὅμως</strong></span> <span class='ocrx_word' id='word_1_373' title='bbox 2721 2415 2862 2470; x_wconf 81' lang='grc' dir='ltr'><strong>δὀῦν</strong></span> <span class='ocrx_word' id='word_1_374' title='bbox 2901 2415 3012 2469; x_wconf 87' lang='grc' dir='ltr'>τῶν</span> <span class='ocrx_word' id='word_1_375' title='bbox 3043 2413 3234 2468; x_wconf 83' lang='grc' dir='ltr'><strong>κακῶν</strong></span> <span class='ocrx_word' id='word_1_376' title='bbox 3281 2411 3468 2475; x_wconf 84' lang='grc' dir='ltr'><strong>αὐτοῖς</strong></span> <span class='ocrx_word' id='word_1_377' title='bbox 3515 2407 3754 2480; x_wconf 79' lang='grc' dir='ltr'><strong>αἱρετώ-</strong></span> 
     </span>
    </p>
   </div>
   <div class='ocr_carea' id='block_1_53' title="bbox 2157 2502 3752 2588">
    <p class='ocr_par' dir='ltr' id='par_1_53' title="bbox 2157 2502 3752 2588">
     <span class='ocr_line' id='line_1_53' title="bbox 2157 2502 3752 2588; baseline -0.009 -19"><span class='ocrx_word' id='word_1_378' title='bbox 2157 2531 2318 2588; x_wconf 82' lang='grc' dir='ltr'><strong>τερον</strong></span> <span class='ocrx_word' id='word_1_379' title='bbox 2366 2513 2616 2585; x_wconf 80' lang='grc' dir='ltr'><strong>ὑπῆρχεν</strong></span> <span class='ocrx_word' id='word_1_380' title='bbox 2669 2508 3040 2579; x_wconf 85' lang='grc' dir='ltr'><strong>ἀπονοστῆσαι</strong></span> <span class='ocrx_word' id='word_1_381' title='bbox 3094 2506 3171 2570; x_wconf 84' lang='grc' dir='ltr'><strong>ὼς</strong></span> <span class='ocrx_word' id='word_1_382' title='bbox 3232 2505 3360 2568; x_wconf 79' lang='grc' dir='ltr'><strong>τοὺς</strong></span> <span class='ocrx_word' id='word_1_383' title='bbox 3417 2502 3752 2573; x_wconf 78' lang='grc' dir='ltr'><strong>ὁμοφύλουςο</strong></span> 
     </span>
    </p>
   </div>
   <div class='ocr_carea' id='block_1_54' title="bbox 2159 2590 3757 2668">
    <p class='ocr_par' dir='ltr' id='par_1_54' title="bbox 2159 2590 3757 2668">
     <span class='ocr_line' id='line_1_54' title="bbox 2159 2590 3757 2668; baseline -0.01 -8"><span class='ocrx_word' id='word_1_384' title='bbox 2159 2605 2258 2660; x_wconf 73' lang='grc' dir='ltr'><strong>καὶ</strong></span> <span class='ocrx_word' id='word_1_385' title='bbox 2286 2603 2499 2664; x_wconf 83' lang='grc' dir='ltr'><strong>τούτοις</strong></span> <span class='ocrx_word' id='word_1_386' title='bbox 2524 2598 2816 2660; x_wconf 80' lang='grc' dir='ltr'><strong>ἐνωθέντες</strong></span> <span class='ocrx_word' id='word_1_387' title='bbox 2850 2601 2907 2662; x_wconf 91' lang='grc' dir='ltr'><strong>ἐς</strong></span> <span class='ocrx_word' id='word_1_388' title='bbox 2933 2596 3034 2668; x_wconf 79' lang='grc' dir='ltr'><strong>τὴν</strong></span> <span class='ocrx_word' id='word_1_389' title='bbox 3080 2595 3191 2649; x_wconf 85' lang='grc' dir='ltr'>τῶν</span> <span class='ocrx_word' id='word_1_390' title='bbox 3246 2594 3516 2664; x_wconf 75' lang='grc' dir='ltr'>Φράγγων</span> <span class='ocrx_word' id='word_1_391' title='bbox 3563 2590 3757 2662; x_wconf 83' lang='grc' dir='ltr'><strong>χώραν</strong></span> 
     </span>
    </p>
   </div>
   <div class='ocr_carea' id='block_1_55' title="bbox 2157 2681 3752 2769">
    <p class='ocr_par' dir='ltr' id='par_1_55' title="bbox 2157 2681 3752 2769">
     <span class='ocr_line' id='line_1_55' title="bbox 2157 2681 3752 2769; baseline -0.014 -14"><span class='ocrx_word' id='word_1_392' title='bbox 2157 2681 2452 2769; x_wconf 54' lang='grc' dir='ltr'><strong>ἀφίκοντος</strong></span> <span class='ocrx_word' id='word_1_393' title='bbox 2484 2694 2579 2747; x_wconf 89' lang='grc' dir='ltr'><strong>τοῦ</strong></span> <span class='ocrx_word' id='word_1_394' title='bbox 2608 2692 2873 2764; x_wconf 80' lang='grc' dir='ltr'><strong>βασιλέως</strong></span> <span class='ocrx_word' id='word_1_395' title='bbox 2891 2688 2990 2760; x_wconf 77' lang='grc' dir='ltr'><strong>τὴν</strong></span> <span class='ocrx_word' id='word_1_396' title='bbox 3018 2686 3316 2756; x_wconf 88' lang='grc' dir='ltr'><strong>ἀπολογίαν</strong></span> <span class='ocrx_word' id='word_1_397' title='bbox 3345 2685 3752 2756; x_wconf 79' lang='grc' dir='ltr'><strong>θαυμάσαντες.</strong></span> 
     </span>
    </p>
   </div>
   <div class='ocr_carea' id='block_1_56' title="bbox 466 2776 3778 2857">
    <p class='ocr_par' dir='ltr' id='par_1_56' title="bbox 466 2776 3778 2857">
     <span class='ocr_line' id='line_1_56' title="bbox 466 2776 3778 2857; baseline -0.005 -6"><span class='ocrx_word' id='word_1_398' title='bbox 466 2786 668 2853; x_wconf 66' lang='lat' dir='ltr'><strong>infecta</strong></span> <span class='ocrx_word' id='word_1_399' title='bbox 707 2799 996 2855; x_wconf 78' lang='lat' dir='ltr'><strong>discedere</strong></span> <span class='ocrx_word' id='word_1_400' title='bbox 1052 2800 1325 2856; x_wconf 88' lang='lat' dir='ltr'><strong>volebant.</strong></span> <span class='ocrx_word' id='word_1_401' title='bbox 1387 2799 1582 2857; x_wconf 84' lang='lat' dir='ltr'><strong>Tutius</strong></span> <span class='ocrx_word' id='word_1_402' title='bbox 1629 2810 1814 2854; x_wconf 90' lang='lat' dir='ltr'><strong>tamen</strong></span> <span class='ocrx_word' id='word_1_403' title='bbox 1858 2776 2058 2854; x_wconf 18' lang='lat' dir='ltr'><strong>ivisum</strong></span> <span class='ocrx_word' id='word_1_404' title='bbox 2091 2792 2196 2849; x_wconf 89' lang='lat' dir='ltr'><strong>illis</strong></span> <span class='ocrx_word' id='word_1_405' title='bbox 2238 2799 2321 2845; x_wconf 89' lang='lat' dir='ltr'><strong>est</strong></span> <span class='ocrx_word' id='word_1_406' title='bbox 2350 2803 2380 2842; x_wconf 90' lang='lat' dir='ltr'><strong>a</strong></span> <span class='ocrx_word' id='word_1_407' title='bbox 2434 2785 2694 2842; x_wconf 70' lang='lat' dir='ltr'><strong>Romanis</strong></span> <span class='ocrx_word' id='word_1_408' title='bbox 2747 2782 3027 2838; x_wconf 76' lang='lat' dir='ltr'><strong>discedere</strong></span> <span class='ocrx_word' id='word_1_409' title='bbox 3055 2788 3113 2834; x_wconf 90' lang='lat' dir='ltr'><strong>et</strong></span> <span class='ocrx_word' id='word_1_410' title='bbox 3139 2780 3202 2833; x_wconf 87' lang='lat' dir='ltr'><strong>ad</strong></span> <span class='ocrx_word' id='word_1_411' title='bbox 3237 2793 3367 2834; x_wconf 86' lang='lat' dir='ltr'><strong>suos</strong></span> <span class='ocrx_word' id='word_1_412' title='bbox 3397 2793 3456 2832; x_wconf 87' lang='lat' dir='ltr'><strong>se</strong></span> <span class='ocrx_word' id='word_1_413' title='bbox 3483 2776 3778 2846; x_wconf 84' lang='lat' dir='ltr'><strong>recipere..</strong></span> 
     </span>
    </p>
   </div>
   <div class='ocr_carea' id='block_1_57' title="bbox 473 2870 3392 2962">
    <p class='ocr_par' dir='ltr' id='par_1_57' title="bbox 473 2870 3392 2962">
     <span class='ocr_line' id='line_1_57' title="bbox 473 2870 3392 2962; baseline -0.005 -22"><span class='ocrx_word' id='word_1_414' title='bbox 473 2884 566 2942; x_wconf 87' lang='lat' dir='ltr'><strong>Sic</strong></span> <span class='ocrx_word' id='word_1_415' title='bbox 608 2889 683 2943; x_wconf 91' lang='lat' dir='ltr'><strong>illi</strong></span> <span class='ocrx_word' id='word_1_416' title='bbox 727 2890 1073 2959; x_wconf 84' lang='lat' dir='ltr'><strong>imperatoris</strong></span> <span class='ocrx_word' id='word_1_417' title='bbox 1115 2907 1434 2962; x_wconf 83' lang='lat' dir='ltr'><strong>responsum</strong></span> <span class='ocrx_word' id='word_1_418' title='bbox 1471 2891 1720 2947; x_wconf 88' lang='lat' dir='ltr'><strong>admirati</strong></span> <span class='ocrx_word' id='word_1_419' title='bbox 1757 2888 2029 2961; x_wconf 90' lang='lat' dir='ltr'><strong>conjuncti</strong></span> <span class='ocrx_word' id='word_1_420' title='bbox 2073 2901 2194 2944; x_wconf 87' lang='lat' dir='ltr'><strong>cum</strong></span> <span class='ocrx_word' id='word_1_421' title='bbox 2217 2883 2332 2939; x_wconf 81' lang='lat' dir='ltr'><strong>suis</strong></span> <span class='ocrx_word' id='word_1_422' title='bbox 2363 2881 2416 2934; x_wconf 91' lang='lat' dir='ltr'><strong>iu</strong></span> <span class='ocrx_word' id='word_1_423' title='bbox 2447 2879 2779 2933; x_wconf 84' lang='lat' dir='ltr'><strong>Francorum</strong></span> <span class='ocrx_word' id='word_1_424' title='bbox 2813 2875 3087 2945; x_wconf 77' lang='lat' dir='ltr'><strong>regionem</strong></span> <span class='ocrx_word' id='word_1_425' title='bbox 3123 2870 3392 2925; x_wconf 76' lang='lat' dir='ltr'><strong>abierunt.</strong></span> 
     </span>
    </p>
   </div>
   <div class='ocr_carea' id='block_1_58' title="bbox 541 2976 2049 3048">
    <p class='ocr_par' dir='ltr' id='par_1_58' title="bbox 541 2976 2049 3048">
     <span class='ocr_line' id='line_1_58' title="bbox 541 2976 2049 3048; baseline -0.001 -16"><span class='ocrx_word' id='word_1_426' title='bbox 541 2977 598 3032; x_wconf 83' lang='lat'><strong>6.</strong></span> <span class='ocrx_word' id='word_1_427' title='bbox 629 2976 845 3033; x_wconf 86' lang='lat' dir='ltr'><strong>Justino</strong></span> <span class='ocrx_word' id='word_1_428' title='bbox 902 2980 1208 3034; x_wconf 86' lang='lat' dir='ltr'><strong>nuntiatum</strong></span> <span class='ocrx_word' id='word_1_429' title='bbox 1264 2989 1347 3034; x_wconf 88' lang='lat' dir='ltr'><strong>est</strong></span> <span class='ocrx_word' id='word_1_430' title='bbox 1382 2995 1412 3033; x_wconf 93' lang='lat' dir='ltr'><strong>a</strong></span> <span class='ocrx_word' id='word_1_431' title='bbox 1459 2979 1750 3036; x_wconf 87' lang='lat' dir='ltr'><strong>Persarum</strong></span> <span class='ocrx_word' id='word_1_432' title='bbox 1801 2981 2049 3048; x_wconf 87' lang='lat' dir='ltr'><strong>imperio,</strong></span> 
     </span>
    </p>
   </div>
   <div class='ocr_carea' id='block_1_59' title="bbox 2231 2961 3756 3038">
    <p class='ocr_par' dir='ltr' id='par_1_59' title="bbox 2231 2961 3756 3038">
     <span class='ocr_line' id='line_1_59' title="bbox 2231 2961 3756 3038; baseline -0.011 -13"><span class='ocrx_word' id='word_1_433' title='bbox 2231 2979 2306 3036; x_wconf 84' lang='grc' dir='ltr'><strong>ς’.</strong></span> <span class='ocrx_word' id='word_1_434' title='bbox 2349 2971 2473 3023; x_wconf 84' lang='grc' dir='ltr'><strong>Ὅτι</strong></span> <span class='ocrx_word' id='word_1_435' title='bbox 2522 2966 2764 3038; x_wconf 74' lang='grc' dir='ltr'><strong>ἠγγέλθη</strong></span> <span class='ocrx_word' id='word_1_436' title='bbox 2807 2964 3104 3034; x_wconf 85' lang='grc' dir='ltr'><strong>Ἰουστίνῳ,</strong></span> <span class='ocrx_word' id='word_1_437' title='bbox 3148 2962 3225 3026; x_wconf 81' lang='grc' dir='ltr'><strong>ὡς</strong></span> <span class='ocrx_word' id='word_1_438' title='bbox 3275 2963 3342 3015; x_wconf 88' lang='grc' dir='ltr'><strong>ἐκ</strong></span> <span class='ocrx_word' id='word_1_439' title='bbox 3379 2961 3480 3030; x_wconf 82' lang='grc' dir='ltr'><strong>τῆς</strong></span> <span class='ocrx_word' id='word_1_440' title='bbox 3520 2962 3756 3034; x_wconf 81' lang='grc' dir='ltr'><strong>Περσῶν</strong></span> 
     </span>
    </p>
   </div>
   <div class='ocr_carea' id='block_1_60' title="bbox 470 3055 2076 3141">
    <p class='ocr_par' dir='ltr' id='par_1_60' title="bbox 470 3069 2050 3141">
     <span class='ocr_line' id='line_1_60' title="bbox 470 3069 2050 3141; baseline 0.001 -18"><span class='ocrx_word' id='word_1_441' title='bbox 470 3069 696 3125; x_wconf 85' lang='lat' dir='ltr'><strong>Zichum</strong></span> <span class='ocrx_word' id='word_1_442' title='bbox 727 3069 962 3140; x_wconf 87' lang='lat' dir='ltr'><strong>legatum</strong></span> <span class='ocrx_word' id='word_1_443' title='bbox 987 3071 1052 3124; x_wconf 90' lang='lat' dir='ltr'><strong>ad</strong></span> <span class='ocrx_word' id='word_1_444' title='bbox 1088 3086 1148 3125; x_wconf 89' lang='lat' dir='ltr'><strong>se</strong></span> <span class='ocrx_word' id='word_1_445' title='bbox 1185 3071 1412 3128; x_wconf 86' lang='lat' dir='ltr'><strong>missum</strong></span> <span class='ocrx_word' id='word_1_446' title='bbox 1443 3087 1586 3138; x_wconf 88' lang='lat' dir='ltr'><strong>esse,</strong></span> <span class='ocrx_word' id='word_1_447' title='bbox 1621 3073 1710 3141; x_wconf 89' lang='lat' dir='ltr'><strong>qui</strong></span> <span class='ocrx_word' id='word_1_448' title='bbox 1735 3073 1802 3126; x_wconf 89' lang='lat' dir='ltr'><strong>de</strong></span> <span class='ocrx_word' id='word_1_449' title='bbox 1851 3071 2050 3126; x_wconf 88' lang='lat' dir='ltr'><strong>Suanis</strong></span> 
     </span>
    </p>
   </div>
   <div class='ocr_carea' id='block_1_61' title="bbox 2157 3055 3753 3141">
    <p class='ocr_par' dir='ltr' id='par_1_61' title="bbox 2157 3055 3753 3138">
     <span class='ocr_line' id='line_1_61' title="bbox 2157 3055 3753 3138; baseline -0.006 -18"><span class='ocrx_word' id='word_1_450' title='bbox 2157 3063 2514 3136; x_wconf 73' lang='grc' dir='ltr'><strong>ἐπικρατείας</strong></span> <span class='ocrx_word' id='word_1_451' title='bbox 2539 3062 2862 3132; x_wconf 81' lang='grc' dir='ltr'><strong>ἐξώρμησεν</strong></span> <span class='ocrx_word' id='word_1_452' title='bbox 2897 3061 2926 3112; x_wconf 90' lang='grc' dir='ltr'><strong>ὁ</strong></span> <span class='ocrx_word' id='word_1_453' title='bbox 2949 3059 3048 3130; x_wconf 76' lang='grc' dir='ltr'><strong>Ζὶχ</strong></span> <span class='ocrx_word' id='word_1_454' title='bbox 3069 3055 3542 3127; x_wconf 76' lang='grc' dir='ltr'><strong>πρεσϐευσάμενός</strong></span> <span class='ocrx_word' id='word_1_455' title='bbox 3558 3074 3629 3138; x_wconf 37' lang='grc' dir='ltr'><strong>ιτε</strong></span> <span class='ocrx_word' id='word_1_456' title='bbox 3656 3059 3753 3111; x_wconf 77' lang='grc' dir='ltr'><strong>καὶ</strong></span> 
     </span>
    </p>
   </div>
   <div class='ocr_carea' id='block_1_62' title="bbox 471 3125 2076 3233">
    <p class='ocr_par' dir='ltr' id='par_1_62' title="bbox 471 3158 2076 3233">
     <span class='ocr_line' id='line_1_62' title="bbox 471 3158 2076 3233; baseline -0.001 -18"><span class='ocrx_word' id='word_1_457' title='bbox 471 3169 677 3232; x_wconf 84' lang='lat' dir='ltr'><strong>ageret,</strong></span> <span class='ocrx_word' id='word_1_458' title='bbox 709 3163 1114 3232; x_wconf 87' lang='lat' dir='ltr'><strong>Persarumque</strong></span> <span class='ocrx_word' id='word_1_459' title='bbox 1149 3178 1278 3233; x_wconf 87' lang='lat' dir='ltr'><strong>erga</strong></span> <span class='ocrx_word' id='word_1_460' title='bbox 1309 3164 1695 3233; x_wconf 84' lang='lat' dir='ltr'><strong>imperatorem</strong></span> <span class='ocrx_word' id='word_1_461' title='bbox 1726 3163 2049 3218; x_wconf 86' lang='lat' dir='ltr'><strong>benevoleu-</strong></span> <span class='ocrx_word' id='word_1_462' title='bbox 2075 3158 2076 3163; x_wconf 61' lang='grc'><em>“</em></span> 
     </span>
    </p>
   </div>
   <div class='ocr_carea' id='block_1_63' title="bbox 2157 3125 3750 3233">
    <p class='ocr_par' dir='ltr' id='par_1_63' title="bbox 2157 3125 3750 3226">
     <span class='ocr_line' id='line_1_63' title="bbox 2157 3125 3750 3226; baseline -0.006 -16"><span class='ocrx_word' id='word_1_463' title='bbox 2157 3125 2788 3226; x_wconf 37' lang='grc' dir='ltr'><strong>διαλειχθησόμενοςπερὶ</strong></span> <span class='ocrx_word' id='word_1_464' title='bbox 2819 3125 3069 3204; x_wconf 79' lang='grc' dir='ltr'>Σουάνων</span> <span class='ocrx_word' id='word_1_465' title='bbox 3098 3125 3147 3181; x_wconf 36' lang='grc'><strong>⁸-⁸</strong></span> <span class='ocrx_word' id='word_1_466' title='bbox 3172 3151 3230 3201; x_wconf 85' lang='grc' dir='ltr'>ἐν</span> <span class='ocrx_word' id='word_1_467' title='bbox 3257 3125 3446 3220; x_wconf 83' lang='grc' dir='ltr'><strong>ταυτῷ</strong></span> <span class='ocrx_word' id='word_1_468' title='bbox 3475 3125 3750 3217; x_wconf 58' lang='grc' dir='ltr'><strong>καῖφιλο-</strong></span> 
     </span>
    </p>
   </div>
   <div class='ocr_carea' id='block_1_64' title="bbox 473 3251 2053 3322">
    <p class='ocr_par' dir='ltr' id='par_1_64' title="bbox 473 3251 2053 3322">
     <span class='ocr_line' id='line_1_64' title="bbox 473 3251 2053 3322; baseline 0.001 -18"><span class='ocrx_word' id='word_1_469' title='bbox 473 3252 604 3305; x_wconf 89' lang='lat' dir='ltr'><strong>tiam</strong></span> <span class='ocrx_word' id='word_1_470' title='bbox 632 3251 1036 3318; x_wconf 90' lang='lat' dir='ltr'><strong>testiﬁcaretur,</strong></span> <span class='ocrx_word' id='word_1_471' title='bbox 1068 3260 1122 3308; x_wconf 82' lang='lat' dir='ltr'><strong>et</strong></span> <span class='ocrx_word' id='word_1_472' title='bbox 1153 3267 1236 3317; x_wconf 90' lang='lat' dir='ltr'><strong>ea,</strong></span> <span class='ocrx_word' id='word_1_473' title='bbox 1269 3255 1337 3307; x_wconf 90' lang='lat' dir='ltr'><strong>de</strong></span> <span class='ocrx_word' id='word_1_474' title='bbox 1367 3254 1566 3322; x_wconf 90' lang='lat' dir='ltr'><strong>quibus</strong></span> <span class='ocrx_word' id='word_1_475' title='bbox 1595 3253 1825 3308; x_wconf 80' lang='lat' dir='ltr'><strong>Romani</strong></span> <span class='ocrx_word' id='word_1_476' title='bbox 1857 3267 2053 3321; x_wconf 84' lang='lat' dir='ltr'><strong>quere-</strong></span> 
     </span>
    </p>
   </div>
   <div class='ocr_carea' id='block_1_65' title="bbox 470 3339 2053 3408">
    <p class='ocr_par' dir='ltr' id='par_1_65' title="bbox 470 3339 2053 3408">
     <span class='ocr_line' id='line_1_65' title="bbox 470 3339 2053 3408; baseline -0.001 -14"><span class='ocrx_word' id='word_1_477' title='bbox 470 3349 680 3405; x_wconf 88' lang='lat' dir='ltr'><strong>rentur,</strong></span> <span class='ocrx_word' id='word_1_478' title='bbox 712 3341 888 3396; x_wconf 89' lang='lat' dir='ltr'><strong>amice</strong></span> <span class='ocrx_word' id='word_1_479' title='bbox 913 3349 1282 3408; x_wconf 86' lang='lat' dir='ltr'><strong>componeret.</strong></span> <span class='ocrx_word' id='word_1_480' title='bbox 1305 3339 1555 3398; x_wconf 80' lang='lat' dir='ltr'><strong>Justinus</strong></span> <span class='ocrx_word' id='word_1_481' title='bbox 1583 3357 1734 3408; x_wconf 88' lang='lat' dir='ltr'><strong>vero,</strong></span> <span class='ocrx_word' id='word_1_482' title='bbox 1759 3352 1852 3396; x_wconf 91' lang='lat' dir='ltr'><strong>aut</strong></span> <span class='ocrx_word' id='word_1_483' title='bbox 1889 3342 2053 3395; x_wconf 85' lang='lat' dir='ltr'><strong>mini-</strong></span> 
     </span>
    </p>
   </div>
   <div class='ocr_carea' id='block_1_66' title="bbox 471 3431 2054 3501">
    <p class='ocr_par' dir='ltr' id='par_1_66' title="bbox 471 3431 2054 3501">
     <span class='ocr_line' id='line_1_66' title="bbox 471 3431 2054 3501; baseline 0.002 -17"><span class='ocrx_word' id='word_1_484' title='bbox 471 3445 561 3486; x_wconf 90' lang='lat' dir='ltr'><strong>me</strong></span> <span class='ocrx_word' id='word_1_485' title='bbox 585 3431 904 3500; x_wconf 87' lang='lat' dir='ltr'><strong>legationem</strong></span> <span class='ocrx_word' id='word_1_486' title='bbox 931 3435 1242 3500; x_wconf 88' lang='lat' dir='ltr'><strong>admittere,</strong></span> <span class='ocrx_word' id='word_1_487' title='bbox 1281 3442 1395 3500; x_wconf 87' lang='lat' dir='ltr'><strong>aut,</strong></span> <span class='ocrx_word' id='word_1_488' title='bbox 1429 3433 1474 3488; x_wconf 87' lang='lat' dir='ltr'><strong>si</strong></span> <span class='ocrx_word' id='word_1_489' title='bbox 1512 3433 1844 3501; x_wconf 87' lang='lat' dir='ltr'><strong>admitteret,</strong></span> <span class='ocrx_word' id='word_1_490' title='bbox 1880 3432 2054 3488; x_wconf 89' lang='lat' dir='ltr'><strong>Zicho</strong></span> 
     </span>
    </p>
   </div>
   <div class='ocr_carea' id='block_1_67' title="bbox 469 3516 2054 3592">
    <p class='ocr_par' dir='ltr' id='par_1_67' title="bbox 469 3516 2054 3592">
     <span class='ocr_line' id='line_1_67' title="bbox 469 3516 2054 3592; baseline 0.003 -22"><span class='ocrx_word' id='word_1_491' title='bbox 469 3516 784 3586; x_wconf 86' lang='lat' dir='ltr'><strong>signiﬁcare</strong></span> <span class='ocrx_word' id='word_1_492' title='bbox 816 3521 1122 3587; x_wconf 91' lang='lat' dir='ltr'><strong>constituit,</strong></span> <span class='ocrx_word' id='word_1_493' title='bbox 1153 3537 1494 3592; x_wconf 89' lang='lat' dir='ltr'><strong>nequaquam</strong></span> <span class='ocrx_word' id='word_1_494' title='bbox 1524 3536 1638 3576; x_wconf 90' lang='lat' dir='ltr'><strong>rem</strong></span> <span class='ocrx_word' id='word_1_495' title='bbox 1667 3531 1908 3592; x_wconf 89' lang='lat' dir='ltr'><strong>optatum</strong></span> <span class='ocrx_word' id='word_1_496' title='bbox 1939 3521 2054 3576; x_wconf 78' lang='lat' dir='ltr'><strong>exi-</strong></span> 
     </span>
    </p>
   </div>
   <div class='ocr_carea' id='block_1_68' title="bbox 475 3606 2055 3669">
    <p class='ocr_par' dir='ltr' id='par_1_68' title="bbox 475 3606 2055 3669">
     <span class='ocr_line' id='line_1_68' title="bbox 475 3606 2055 3669; baseline 0.007 -11"><span class='ocrx_word' id='word_1_497' title='bbox 475 3613 586 3659; x_wconf 89' lang='lat' dir='ltr'><strong>tum</strong></span> <span class='ocrx_word' id='word_1_498' title='bbox 634 3606 965 3663; x_wconf 89' lang='lat' dir='ltr'><strong>habituram.</strong></span> <span class='ocrx_word' id='word_1_499' title='bbox 1007 3610 1074 3665; x_wconf 87' lang='lat' dir='ltr'><strong>Et</strong></span> <span class='ocrx_word' id='word_1_500' title='bbox 1129 3613 1420 3668; x_wconf 88' lang='lat' dir='ltr'><strong>accedente</strong></span> <span class='ocrx_word' id='word_1_501' title='bbox 1452 3623 1675 3667; x_wconf 84' lang='lat' dir='ltr'><strong>senatus</strong></span> <span class='ocrx_word' id='word_1_502' title='bbox 1723 3613 2055 3669; x_wconf 79' lang='lat' dir='ltr'><strong>auctoritate</strong></span> 
     </span>
    </p>
   </div>
   <div class='ocr_carea' id='block_1_69' title="bbox 469 3698 2057 3770">
    <p class='ocr_par' dir='ltr' id='par_1_69' title="bbox 469 3698 2057 3770">
     <span class='ocr_line' id='line_1_69' title="bbox 469 3698 2057 3770; baseline 0.005 -20"><span class='ocrx_word' id='word_1_503' title='bbox 469 3701 704 3761; x_wconf 88' lang='lat' dir='ltr'><strong>censuit,</strong></span> <span class='ocrx_word' id='word_1_504' title='bbox 748 3707 808 3753; x_wconf 92' lang='lat' dir='ltr'><strong>ut</strong></span> <span class='ocrx_word' id='word_1_505' title='bbox 854 3698 1094 3756; x_wconf 84' lang='lat' dir='ltr'><strong>Joannes</strong></span> <span class='ocrx_word' id='word_1_506' title='bbox 1129 3717 1226 3770; x_wconf 87' lang='lat' dir='ltr'><strong>per</strong></span> <span class='ocrx_word' id='word_1_507' title='bbox 1261 3703 1470 3760; x_wconf 88' lang='lat' dir='ltr'><strong>litteras</strong></span> <span class='ocrx_word' id='word_1_508' title='bbox 1512 3702 1680 3760; x_wconf 89' lang='lat' dir='ltr'><strong>Zicho</strong></span> <span class='ocrx_word' id='word_1_509' title='bbox 1725 3705 1904 3758; x_wconf 89' lang='lat' dir='ltr'><strong>adhuc</strong></span> <span class='ocrx_word' id='word_1_510' title='bbox 1950 3704 2057 3758; x_wconf 87' lang='lat' dir='ltr'><strong>iter</strong></span> 
     </span>
    </p>
   </div>
   <div class='ocr_carea' id='block_1_70' title="bbox 468 3789 2056 3864">
    <p class='ocr_par' dir='ltr' id='par_1_70' title="bbox 468 3789 2056 3864">
     <span class='ocr_line' id='line_1_70' title="bbox 468 3789 2056 3864; baseline 0.008 -24"><span class='ocrx_word' id='word_1_511' title='bbox 468 3789 747 3858; x_wconf 85' lang='lat' dir='ltr'><strong>peragenti</strong></span> <span class='ocrx_word' id='word_1_512' title='bbox 803 3791 981 3860; x_wconf 89' lang='lat' dir='ltr'><strong>palam</strong></span> <span class='ocrx_word' id='word_1_513' title='bbox 1018 3791 1245 3858; x_wconf 83' lang='lat' dir='ltr'><strong>faceret,</strong></span> <span class='ocrx_word' id='word_1_514' title='bbox 1268 3794 1648 3864; x_wconf 83' lang='lat' dir='ltr'><strong>imperatorem</strong></span> <span class='ocrx_word' id='word_1_515' title='bbox 1682 3795 1736 3850; x_wconf 92' lang='lat' dir='ltr'><strong>in</strong></span> <span class='ocrx_word' id='word_1_516' title='bbox 1783 3795 1930 3850; x_wconf 93' lang='lat' dir='ltr'><strong>nullo</strong></span> <span class='ocrx_word' id='word_1_517' title='bbox 1963 3809 2056 3852; x_wconf 67' lang='lat' dir='ltr'><strong>eoo</strong></span> 
     </span>
    </p>
   </div>
   <div class='ocr_carea' id='block_1_71' title="bbox 469 3885 2056 3953">
    <p class='ocr_par' dir='ltr' id='par_1_71' title="bbox 469 3885 2056 3953">
     <span class='ocr_line' id='line_1_71' title="bbox 469 3885 2056 3953; baseline 0.007 -22"><span class='ocrx_word' id='word_1_518' title='bbox 469 3892 616 3944; x_wconf 86' lang='lat' dir='ltr'><strong>rum,</strong></span> <span class='ocrx_word' id='word_1_519' title='bbox 650 3894 770 3949; x_wconf 68' lang='lat' dir='ltr'><strong>quae</strong></span> <span class='ocrx_word' id='word_1_520' title='bbox 812 3893 1078 3952; x_wconf 88' lang='lat' dir='ltr'><strong>speraret,</strong></span> <span class='ocrx_word' id='word_1_521' title='bbox 1115 3901 1495 3943; x_wconf 86' lang='lat' dir='ltr'><strong>assensurum.</strong></span> <span class='ocrx_word' id='word_1_522' title='bbox 1548 3886 1668 3953; x_wconf 85' lang='lat' dir='ltr'><strong>Quo</strong></span> <span class='ocrx_word' id='word_1_523' title='bbox 1699 3885 1844 3942; x_wconf 81' lang='lat' dir='ltr'><strong>facto</strong></span> <span class='ocrx_word' id='word_1_524' title='bbox 1871 3886 2056 3942; x_wconf 86' lang='lat' dir='ltr'><strong>Timo-</strong></span> 
     </span>
    </p>
   </div>
   <div class='ocr_carea' id='block_1_72' title="bbox 469 3967 2056 4042">
    <p class='ocr_par' dir='ltr' id='par_1_72' title="bbox 469 3967 2056 4042">
     <span class='ocr_line' id='line_1_72' title="bbox 469 3967 2056 4042; baseline 0.008 -22"><span class='ocrx_word' id='word_1_525' title='bbox 469 3967 621 4034; x_wconf 82' lang='lat' dir='ltr'><strong>theo,</strong></span> <span class='ocrx_word' id='word_1_526' title='bbox 656 3983 722 4022; x_wconf 78' lang='lat' dir='ltr'><strong>ex</strong></span> <span class='ocrx_word' id='word_1_527' title='bbox 755 3985 982 4027; x_wconf 88' lang='lat' dir='ltr'><strong>numero</strong></span> <span class='ocrx_word' id='word_1_528' title='bbox 1005 3987 1220 4038; x_wconf 88' lang='lat' dir='ltr'><strong>eorum,</strong></span> <span class='ocrx_word' id='word_1_529' title='bbox 1246 3975 1337 4042; x_wconf 92' lang='lat' dir='ltr'><strong>qui</strong></span> <span class='ocrx_word' id='word_1_530' title='bbox 1358 3974 1472 4042; x_wconf 82' lang='lat' dir='ltr'><strong>jam</strong></span> <span class='ocrx_word' id='word_1_531' title='bbox 1504 3985 1664 4031; x_wconf 87' lang='lat' dir='ltr'><strong>antea</strong></span> <span class='ocrx_word' id='word_1_532' title='bbox 1695 3990 1818 4031; x_wconf 89' lang='lat' dir='ltr'><strong>cum</strong></span> <span class='ocrx_word' id='word_1_533' title='bbox 1842 3974 2056 4033; x_wconf 82' lang='lat' dir='ltr'><strong>Joanne</strong></span> 
     </span>
    </p>
   </div>
   <div class='ocr_carea' id='block_1_73' title="bbox 470 4058 2060 4128">
    <p class='ocr_par' dir='ltr' id='par_1_73' title="bbox 470 4058 2060 4128">
     <span class='ocr_line' id='line_1_73' title="bbox 470 4058 2060 4128; baseline 0.008 -18"><span class='ocrx_word' id='word_1_534' title='bbox 470 4061 525 4112; x_wconf 88' lang='lat' dir='ltr'><strong>iu</strong></span> <span class='ocrx_word' id='word_1_535' title='bbox 577 4058 801 4116; x_wconf 82' lang='lat' dir='ltr'><strong>Perside</strong></span> <span class='ocrx_word' id='word_1_536' title='bbox 849 4062 1089 4128; x_wconf 80' lang='lat' dir='ltr'><strong>fuerant,</strong></span> <span class='ocrx_word' id='word_1_537' title='bbox 1120 4064 1315 4120; x_wconf 66' lang='lat' dir='ltr'><strong>littera</strong></span> <span class='ocrx_word' id='word_1_538' title='bbox 1351 4066 1567 4121; x_wconf 62' lang='lat' dir='ltr'><strong>tradite</strong></span> <span class='ocrx_word' id='word_1_539' title='bbox 1613 4078 1759 4121; x_wconf 90' lang='lat' dir='ltr'><strong>sunt.</strong></span> <span class='ocrx_word' id='word_1_540' title='bbox 1805 4066 2060 4123; x_wconf 86' lang='lat' dir='ltr'><strong>Jusserat</strong></span> 
     </span>
    </p>
   </div>
   <div class='ocr_carea' id='block_1_74' title="bbox 471 4148 2058 4225">
    <p class='ocr_par' dir='ltr' id='par_1_74' title="bbox 471 4148 2058 4225">
     <span class='ocr_line' id='line_1_74' title="bbox 471 4148 2058 4225; baseline 0.007 -24"><span class='ocrx_word' id='word_1_541' title='bbox 471 4148 771 4215; x_wconf 88' lang='lat' dir='ltr'><strong>imperator</strong></span> <span class='ocrx_word' id='word_1_542' title='bbox 828 4149 1132 4217; x_wconf 81' lang='lat' dir='ltr'><strong>TimOIheo,</strong></span> <span class='ocrx_word' id='word_1_543' title='bbox 1170 4160 1228 4206; x_wconf 89' lang='lat' dir='ltr'><strong>ut</strong></span> <span class='ocrx_word' id='word_1_544' title='bbox 1284 4153 1397 4223; x_wconf 87' lang='lat' dir='ltr'><strong>regi</strong></span> <span class='ocrx_word' id='word_1_545' title='bbox 1454 4153 1615 4225; x_wconf 62' lang='lat'><strong>105</strong></span> <span class='ocrx_word' id='word_1_546' title='bbox 1649 4154 1942 4210; x_wconf 85' lang='lat' dir='ltr'><strong>Persarum</strong></span> <span class='ocrx_word' id='word_1_547' title='bbox 1987 4157 2058 4212; x_wconf 89' lang='lat' dir='ltr'><strong>ob</strong></span> 
     </span>
    </p>
   </div>
   <div class='ocr_carea' id='block_1_75' title="bbox 470 4237 2054 4317">
    <p class='ocr_par' dir='ltr' id='par_1_75' title="bbox 470 4237 2054 4317">
     <span class='ocr_line' id='line_1_75' title="bbox 470 4237 2054 4317; baseline 0.008 -28"><span class='ocrx_word' id='word_1_548' title='bbox 470 4237 922 4306; x_wconf 87' lang='lat' dir='ltr'><strong>signiﬁcationem</strong></span> <span class='ocrx_word' id='word_1_549' title='bbox 984 4244 1037 4297; x_wconf 94' lang='lat' dir='ltr'><strong>in</strong></span> <span class='ocrx_word' id='word_1_550' title='bbox 1072 4259 1131 4299; x_wconf 90' lang='lat' dir='ltr'><strong>se</strong></span> <span class='ocrx_word' id='word_1_551' title='bbox 1153 4245 1539 4302; x_wconf 77' lang='lat' dir='ltr'><strong>benevolentiae</strong></span> <span class='ocrx_word' id='word_1_552' title='bbox 1586 4247 1794 4317; x_wconf 81' lang='lat' dir='ltr'><strong>gratias</strong></span> <span class='ocrx_word' id='word_1_553' title='bbox 1848 4259 2054 4317; x_wconf 82' lang='lat' dir='ltr'><strong>ageret,</strong></span> 
     </span>
    </p>
   </div>
   <div class='ocr_carea' id='block_1_76' title="bbox 469 4328 2055 4407">
    <p class='ocr_par' dir='ltr' id='par_1_76' title="bbox 469 4328 2055 4407">
     <span class='ocr_line' id='line_1_76' title="bbox 469 4328 2055 4407; baseline 0.009 -26"><span class='ocrx_word' id='word_1_554' title='bbox 469 4328 681 4385; x_wconf 85' lang='lat' dir='ltr'><strong>litteras</strong></span> <span class='ocrx_word' id='word_1_555' title='bbox 703 4347 832 4388; x_wconf 89' lang='lat' dir='ltr'><strong>vero</strong></span> <span class='ocrx_word' id='word_1_556' title='bbox 855 4333 1078 4390; x_wconf 86' lang='lat' dir='ltr'><strong>Joannis</strong></span> <span class='ocrx_word' id='word_1_557' title='bbox 1094 4335 1293 4405; x_wconf 86' lang='lat' dir='ltr'><strong>legato,</strong></span> <span class='ocrx_word' id='word_1_558' title='bbox 1325 4351 1486 4407; x_wconf 91' lang='lat' dir='ltr'><strong>quem</strong></span> <span class='ocrx_word' id='word_1_559' title='bbox 1505 4339 1728 4394; x_wconf 88' lang='lat' dir='ltr'><strong>obvium</strong></span> <span class='ocrx_word' id='word_1_560' title='bbox 1757 4341 1809 4394; x_wconf 93' lang='lat' dir='ltr'><strong>in</strong></span> <span class='ocrx_word' id='word_1_561' title='bbox 1832 4340 2055 4405; x_wconf 87' lang='lat' dir='ltr'><strong>itinere,</strong></span> 
     </span>
    </p>
   </div>
   <div class='ocr_carea' id='block_1_77' title="bbox 2154 3237 3746 3321">
    <p class='ocr_par' dir='ltr' id='par_1_77' title="bbox 2154 3237 3746 3321">
     <span class='ocr_line' id='line_1_77' title="bbox 2154 3237 3746 3321; baseline -0.008 -18"><span class='ocrx_word' id='word_1_562' title='bbox 2154 3249 2430 3321; x_wconf 83' lang='grc' dir='ltr'><strong>φροσύνης</strong></span> <span class='ocrx_word' id='word_1_563' title='bbox 2479 3247 2702 3318; x_wconf 77' lang='grc' dir='ltr'><strong>ῥήματα</strong></span> <span class='ocrx_word' id='word_1_564' title='bbox 2738 3241 3098 3312; x_wconf 87' lang='grc' dir='ltr'><strong>ἀποκομίσων</strong></span> <span class='ocrx_word' id='word_1_565' title='bbox 3134 3238 3369 3310; x_wconf 80' lang='grc' dir='ltr'><strong>βασιλεῖ,</strong></span> <span class='ocrx_word' id='word_1_566' title='bbox 3423 3237 3503 3290; x_wconf 82' lang='grc' dir='ltr'><strong>ἐτι</strong></span> <span class='ocrx_word' id='word_1_567' title='bbox 3555 3255 3618 3292; x_wconf 82' lang='grc' dir='ltr'><strong>τε</strong></span> <span class='ocrx_word' id='word_1_568' title='bbox 3650 3240 3746 3292; x_wconf 84' lang='grc' dir='ltr'><strong>καὶ</strong></span> 
     </span>
    </p>
   </div>
   <div class='ocr_carea' id='block_1_78' title="bbox 2151 3325 3747 3408">
    <p class='ocr_par' dir='ltr' id='par_1_78' title="bbox 2151 3325 3747 3408">
     <span class='ocr_line' id='line_1_78' title="bbox 2151 3325 3747 3408; baseline -0.01 -12"><span class='ocrx_word' id='word_1_569' title='bbox 2151 3341 2221 3396; x_wconf 85' lang='grc' dir='ltr'><strong>τὰ</strong></span> <span class='ocrx_word' id='word_1_570' title='bbox 2274 3339 2361 3408; x_wconf 86' lang='grc' dir='ltr'><strong>ἐφ’</strong></span> <span class='ocrx_word' id='word_1_571' title='bbox 2393 3334 2476 3401; x_wconf 79' lang='grc' dir='ltr'>οἷς</span> <span class='ocrx_word' id='word_1_572' title='bbox 2539 3337 2804 3406; x_wconf 88' lang='grc' dir='ltr'><strong>Ῥωμαῖοι</strong></span> <span class='ocrx_word' id='word_1_573' title='bbox 2860 3330 3332 3403; x_wconf 86' lang='grc' dir='ltr'><strong>προσεγκαλοῦσιν</strong></span> <span class='ocrx_word' id='word_1_574' title='bbox 3383 3325 3443 3383; x_wconf 87' lang='grc' dir='ltr'><strong>εὖ</strong></span> <span class='ocrx_word' id='word_1_575' title='bbox 3489 3329 3747 3398; x_wconf 70' lang='grc' dir='ltr'><strong>διαθησό-</strong></span> 
     </span>
    </p>
   </div>
   <div class='ocr_carea' id='block_1_79' title="bbox 2156 3421 3746 3504">
    <p class='ocr_par' dir='ltr' id='par_1_79' title="bbox 2156 3421 3746 3504">
     <span class='ocr_line' id='line_1_79' title="bbox 2156 3421 3746 3504; baseline -0.008 -19"><span class='ocrx_word' id='word_1_576' title='bbox 2156 3448 2338 3504; x_wconf 87' lang='grc' dir='ltr'><strong>μενος.</strong></span> <span class='ocrx_word' id='word_1_577' title='bbox 2373 3430 2433 3482; x_wconf 88' lang='lat'><strong>&#39;0</strong></span> <span class='ocrx_word' id='word_1_578' title='bbox 2457 3429 2514 3482; x_wconf 83' lang='grc' dir='ltr'><strong>δὲ</strong></span> <span class='ocrx_word' id='word_1_579' title='bbox 2550 3428 2838 3490; x_wconf 86' lang='grc' dir='ltr'><strong>Ἰουστῖνος</strong></span> <span class='ocrx_word' id='word_1_580' title='bbox 2861 3427 2919 3480; x_wconf 87' lang='grc' dir='ltr'><strong>ἐν</strong></span> <span class='ocrx_word' id='word_1_581' title='bbox 2934 3424 3110 3496; x_wconf 80' lang='grc' dir='ltr'><strong>,βουλῇ</strong></span> <span class='ocrx_word' id='word_1_582' title='bbox 3139 3421 3432 3491; x_wconf 84' lang='grc' dir='ltr'><strong>ἐποιεῖτοῆ</strong></span> <span class='ocrx_word' id='word_1_583' title='bbox 3462 3421 3538 3492; x_wconf 76' lang='grc' dir='ltr'><strong>μὴ</strong></span> <span class='ocrx_word' id='word_1_584' title='bbox 3571 3437 3746 3491; x_wconf 74' lang='grc' dir='ltr'><strong>προσσ</strong></span> 
     </span>
    </p>
   </div>
   <div class='ocr_carea' id='block_1_80' title="bbox 2153 3512 3753 3592">
    <p class='ocr_par' dir='ltr' id='par_1_80' title="bbox 2153 3512 3753 3592">
     <span class='ocr_line' id='line_1_80' title="bbox 2153 3512 3753 3592; baseline -0.008 -13"><span class='ocrx_word' id='word_1_585' title='bbox 2153 3523 2409 3590; x_wconf 80' lang='grc' dir='ltr'><strong>δέξασθαι</strong></span> <span class='ocrx_word' id='word_1_586' title='bbox 2467 3521 2568 3592; x_wconf 83' lang='grc' dir='ltr'><strong>τὴν</strong></span> <span class='ocrx_word' id='word_1_587' title='bbox 2623 3518 2944 3591; x_wconf 87' lang='grc' dir='ltr'><strong>πρεσϐείαν,</strong></span> <span class='ocrx_word' id='word_1_588' title='bbox 2981 3517 3016 3585; x_wconf 82' lang='grc' dir='ltr'>ἢ</span> <span class='ocrx_word' id='word_1_589' title='bbox 3070 3514 3504 3587; x_wconf 76' lang='grc' dir='ltr'><strong>προσδεχόμενον</strong></span> <span class='ocrx_word' id='word_1_590' title='bbox 3541 3512 3753 3566; x_wconf 83' lang='grc' dir='ltr'><strong>εἰδέναι</strong></span> 
     </span>
    </p>
   </div>
   <div class='ocr_carea' id='block_1_81' title="bbox 2154 3606 3750 3687">
    <p class='ocr_par' dir='ltr' id='par_1_81' title="bbox 2154 3606 3750 3687">
     <span class='ocr_line' id='line_1_81' title="bbox 2154 3606 3750 3687; baseline -0.009 -15"><span class='ocrx_word' id='word_1_591' title='bbox 2154 3619 2246 3672; x_wconf 84' lang='grc' dir='ltr'><strong>τὸν</strong></span> <span class='ocrx_word' id='word_1_592' title='bbox 2282 3617 2404 3687; x_wconf 76' lang='grc' dir='ltr'><strong>Ζὶχ,</strong></span> <span class='ocrx_word' id='word_1_593' title='bbox 2432 3613 2509 3679; x_wconf 82' lang='grc' dir='ltr'><strong>ὡς</strong></span> <span class='ocrx_word' id='word_1_594' title='bbox 2543 3615 2614 3669; x_wconf 89' lang='grc' dir='ltr'><strong>τά</strong></span> <span class='ocrx_word' id='word_1_595' title='bbox 2666 3612 2808 3667; x_wconf 86' lang='grc' dir='ltr'><strong>κατά</strong></span> <span class='ocrx_word' id='word_1_596' title='bbox 2859 3609 2982 3664; x_wconf 90' lang='grc' dir='ltr'><strong>νοῦν</strong></span> <span class='ocrx_word' id='word_1_597' title='bbox 3035 3608 3189 3679; x_wconf 86' lang='grc' dir='ltr'><strong>αὐτῷ</strong></span> <span class='ocrx_word' id='word_1_598' title='bbox 3233 3606 3598 3677; x_wconf 82' lang='grc' dir='ltr'><strong>ἀνυσθήσεται</strong></span> <span class='ocrx_word' id='word_1_599' title='bbox 3654 3606 3750 3659; x_wconf 79' lang='grc' dir='ltr'><strong>οὑ-</strong></span> 
     </span>
    </p>
   </div>
   <div class='ocr_carea' id='block_1_82' title="bbox 2154 3699 3747 3781">
    <p class='ocr_par' dir='ltr' id='par_1_82' title="bbox 2154 3699 3747 3781">
     <span class='ocr_line' id='line_1_82' title="bbox 2154 3699 3747 3781; baseline -0.009 -16"><span class='ocrx_word' id='word_1_600' title='bbox 2154 3710 2364 3781; x_wconf 80' lang='grc' dir='ltr'><strong>δαμῶς.</strong></span> <span class='ocrx_word' id='word_1_601' title='bbox 2417 3708 2526 3763; x_wconf 78' lang='grc' dir='ltr'><strong>Καὶ</strong></span> <span class='ocrx_word' id='word_1_602' title='bbox 2578 3709 2643 3776; x_wconf 82' lang='grc' dir='ltr'><strong>δὴ</strong></span> <span class='ocrx_word' id='word_1_603' title='bbox 2693 3701 3156 3773; x_wconf 79' lang='grc' dir='ltr'><strong>ξυγκροτηθείσης</strong></span> <span class='ocrx_word' id='word_1_604' title='bbox 3210 3700 3361 3770; x_wconf 84' lang='grc' dir='ltr'><strong>αύτῷ</strong></span> <span class='ocrx_word' id='word_1_605' title='bbox 3416 3699 3747 3767; x_wconf 82' lang='grc' dir='ltr'><strong>ἐκκλησίας,</strong></span> 
     </span>
    </p>
   </div>
   <div class='ocr_carea' id='block_1_83' title="bbox 2155 3789 3749 3870">
    <p class='ocr_par' dir='ltr' id='par_1_83' title="bbox 2155 3789 3749 3870">
     <span class='ocr_line' id='line_1_83' title="bbox 2155 3789 3749 3870; baseline -0.009 -14"><span class='ocrx_word' id='word_1_606' title='bbox 2155 3803 2305 3856; x_wconf 80' lang='grc' dir='ltr'><strong>δοκεῖ</strong></span> <span class='ocrx_word' id='word_1_607' title='bbox 2339 3798 2640 3870; x_wconf 83' lang='grc' dir='ltr'><strong>κατάδηλον</strong></span> <span class='ocrx_word' id='word_1_608' title='bbox 2679 3793 2934 3865; x_wconf 82' lang='grc' dir='ltr'><strong>γενέσθαι</strong></span> <span class='ocrx_word' id='word_1_609' title='bbox 2991 3793 3074 3846; x_wconf 79' lang='grc' dir='ltr'><strong>ἐτι</strong></span> <span class='ocrx_word' id='word_1_610' title='bbox 3126 3789 3500 3862; x_wconf 80' lang='grc' dir='ltr'><strong>ὁδοιποροῦντι</strong></span> <span class='ocrx_word' id='word_1_611' title='bbox 3532 3789 3614 3860; x_wconf 81' lang='grc' dir='ltr'><strong>τῷ</strong></span> <span class='ocrx_word' id='word_1_612' title='bbox 3647 3791 3749 3860; x_wconf 87' lang='grc' dir='ltr'><strong>Ζ⁹ιχ</strong></span> 
     </span>
    </p>
   </div>
   <div class='ocr_carea' id='block_1_84' title="bbox 2156 3881 3746 3954">
    <p class='ocr_par' dir='ltr' id='par_1_84' title="bbox 2156 3881 3746 3954">
     <span class='ocr_line' id='line_1_84' title="bbox 2156 3881 3746 3954; baseline -0.009 -7"><span class='ocrx_word' id='word_1_613' title='bbox 2156 3893 2244 3947; x_wconf 76' lang='grc' dir='ltr'><strong>διὰ</strong></span> <span class='ocrx_word' id='word_1_614' title='bbox 2288 3881 2571 3946; x_wconf 81' lang='grc' dir='ltr'><strong>συλλαϐῶν</strong></span> <span class='ocrx_word' id='word_1_615' title='bbox 2624 3888 2894 3951; x_wconf 86' lang='grc' dir='ltr'>Ἰωάννου,</span> <span class='ocrx_word' id='word_1_616' title='bbox 2953 3885 3030 3948; x_wconf 85' lang='grc' dir='ltr'><strong>ὡς</strong></span> <span class='ocrx_word' id='word_1_617' title='bbox 3061 3882 3123 3937; x_wconf 80' lang='grc' dir='ltr'><strong>τὸ</strong></span> <span class='ocrx_word' id='word_1_618' title='bbox 3151 3883 3417 3954; x_wconf 85' lang='grc' dir='ltr'><strong>παράπαν</strong></span> <span class='ocrx_word' id='word_1_619' title='bbox 3446 3881 3603 3935; x_wconf 73' lang='grc' dir='ltr'><strong>οὐδὲν</strong></span> <span class='ocrx_word' id='word_1_620' title='bbox 3628 3882 3746 3934; x_wconf 89' lang='grc' dir='ltr'><strong>τῶν</strong></span> 
     </span>
    </p>
   </div>
   <div class='ocr_carea' id='block_1_85' title="bbox 2157 3970 3744 4054">
    <p class='ocr_par' dir='ltr' id='par_1_85' title="bbox 2157 3970 3744 4054">
     <span class='ocr_line' id='line_1_85' title="bbox 2157 3970 3744 4054; baseline -0.01 -15"><span class='ocrx_word' id='word_1_621' title='bbox 2157 3983 2494 4054; x_wconf 82' lang='grc' dir='ltr'>δοκηθέντων</span> <span class='ocrx_word' id='word_1_622' title='bbox 2521 3978 2884 4053; x_wconf 75' lang='grc' dir='ltr'><strong>προσεδέξατο</strong></span> <span class='ocrx_word' id='word_1_623' title='bbox 2907 3979 2934 4030; x_wconf 83' lang='grc' dir='ltr'><strong>ὁ</strong></span> <span class='ocrx_word' id='word_1_624' title='bbox 2965 3974 3240 4046; x_wconf 79' lang='grc' dir='ltr'><strong>βασιλεύς.</strong></span> <span class='ocrx_word' id='word_1_625' title='bbox 3281 3973 3486 4028; x_wconf 88' lang='grc' dir='ltr'><strong>Τούτου</strong></span> <span class='ocrx_word' id='word_1_626' title='bbox 3515 3970 3744 4041; x_wconf 82' lang='grc' dir='ltr'><strong>γενομέ-</strong></span> 
     </span>
    </p>
   </div>
   <div class='ocr_carea' id='block_1_86' title="bbox 2157 4062 3739 4145">
    <p class='ocr_par' dir='ltr' id='par_1_86' title="bbox 2157 4062 3739 4145">
     <span class='ocr_line' id='line_1_86' title="bbox 2157 4062 3739 4145; baseline -0.009 -14"><span class='ocrx_word' id='word_1_627' title='bbox 2157 4093 2249 4131; x_wconf 91' lang='grc' dir='ltr'><strong>νου</strong></span> <span class='ocrx_word' id='word_1_628' title='bbox 2282 4076 2351 4143; x_wconf 87' lang='grc'><strong>⁶⁷,</strong></span> <span class='ocrx_word' id='word_1_629' title='bbox 2383 4075 2443 4129; x_wconf 86' lang='grc' dir='ltr'><strong>τὺ</strong></span> <span class='ocrx_word' id='word_1_630' title='bbox 2477 4074 2716 4145; x_wconf 88' lang='grc' dir='ltr'><strong>γράμμα</strong></span> <span class='ocrx_word' id='word_1_631' title='bbox 2764 4069 3106 4141; x_wconf 78' lang='grc' dir='ltr'><strong>ἐνεχειρίσθη</strong></span> <span class='ocrx_word' id='word_1_632' title='bbox 3163 4066 3414 4136; x_wconf 78' lang='grc' dir='ltr'><strong>Τιμοθέῳ</strong></span> <span class='ocrx_word' id='word_1_633' title='bbox 3465 4064 3574 4118; x_wconf 86' lang='grc' dir='ltr'>τῶν</span> <span class='ocrx_word' id='word_1_634' title='bbox 3620 4062 3739 4133; x_wconf 81' lang='grc' dir='ltr'><strong>ἀμα</strong></span> 
     </span>
    </p>
   </div>
   <div class='ocr_carea' id='block_1_87' title="bbox 2172 4157 3746 4241">
    <p class='ocr_par' dir='ltr' id='par_1_87' title="bbox 2172 4157 3746 4241">
     <span class='ocr_line' id='line_1_87' title="bbox 2172 4157 3746 4241; baseline -0.008 -19"><span class='ocrx_word' id='word_1_635' title='bbox 2172 4167 2392 4241; x_wconf 79' lang='grc' dir='ltr'>Ἰωάννῃ</span> <span class='ocrx_word' id='word_1_636' title='bbox 2420 4165 2728 4236; x_wconf 71' lang='grc' dir='ltr'>γενομένων</span> <span class='ocrx_word' id='word_1_637' title='bbox 2773 4163 2855 4218; x_wconf 76' lang='grc' dir='ltr'><strong>ἐνὶ</strong></span> <span class='ocrx_word' id='word_1_638' title='bbox 2907 4161 3054 4216; x_wconf 88' lang='grc' dir='ltr'><strong>κατά</strong></span> <span class='ocrx_word' id='word_1_639' title='bbox 3088 4159 3154 4231; x_wconf 85' lang='grc' dir='ltr'><strong>δὴ</strong></span> <span class='ocrx_word' id='word_1_640' title='bbox 3194 4158 3291 4230; x_wconf 81' lang='grc' dir='ltr'>τὴν</span> <span class='ocrx_word' id='word_1_641' title='bbox 3336 4157 3564 4239; x_wconf 76' lang='grc' dir='ltr'><strong>Περσῷν</strong></span> <span class='ocrx_word' id='word_1_642' title='bbox 3609 4173 3746 4227; x_wconf 67' lang='grc' dir='ltr'><strong>πρε-</strong></span> 
     </span>
    </p>
   </div>
   <div class='ocr_carea' id='block_1_88' title="bbox 2157 4236 3746 4326">
    <p class='ocr_par' dir='ltr' id='par_1_88' title="bbox 2157 4236 3746 4326">
     <span class='ocr_line' id='line_1_88' title="bbox 2157 4236 3746 4326; baseline -0.012 -9"><span class='ocrx_word' id='word_1_643' title='bbox 2157 4261 2274 4317; x_wconf 86' lang='grc' dir='ltr'><strong>τοῦ.</strong></span> <span class='ocrx_word' id='word_1_644' title='bbox 2330 4236 2442 4315; x_wconf 65' lang='grc' dir='ltr'><strong>ιξὲιι</strong></span> <span class='ocrx_word' id='word_1_645' title='bbox 2499 4254 2594 4312; x_wconf 85' lang='grc' dir='ltr'><strong>οὖν</strong></span> <span class='ocrx_word' id='word_1_646' title='bbox 2630 4255 2882 4326; x_wconf 84' lang='grc' dir='ltr'><strong>Τιμοθέῳ</strong></span> <span class='ocrx_word' id='word_1_647' title='bbox 2919 4251 3311 4308; x_wconf 85' lang='grc' dir='ltr'><strong>ἐνεκελεύσατο</strong></span> <span class='ocrx_word' id='word_1_648' title='bbox 3355 4236 3610 4321; x_wconf 60' lang='grc' dir='ltr'><strong>βασιλεὺς</strong></span> <span class='ocrx_word' id='word_1_649' title='bbox 3646 4250 3746 4319; x_wconf 76' lang='grc' dir='ltr'><strong>ῥή-</strong></span> 
     </span>
    </p>
   </div>
   <div class='ocr_carea' id='block_1_89' title="bbox 2163 4341 3748 4422">
    <p class='ocr_par' dir='ltr' id='par_1_89' title="bbox 2163 4341 3748 4422">
     <span class='ocr_line' id='line_1_89' title="bbox 2163 4341 3748 4422; baseline -0.008 -16"><span class='ocrx_word' id='word_1_650' title='bbox 2163 4367 2309 4422; x_wconf 88' lang='grc' dir='ltr'><strong>ματα</strong></span> <span class='ocrx_word' id='word_1_651' title='bbox 2354 4351 2454 4421; x_wconf 79' lang='grc' dir='ltr'><strong>μὲν</strong></span> <span class='ocrx_word' id='word_1_652' title='bbox 2494 4349 2656 4419; x_wconf 81' lang='grc' dir='ltr'>δῆθεν</span> <span class='ocrx_word' id='word_1_653' title='bbox 2683 4349 2783 4418; x_wconf 83' lang='grc' dir='ltr'><strong>τῆς</strong></span> <span class='ocrx_word' id='word_1_654' title='bbox 2814 4350 2872 4412; x_wconf 91' lang='grc' dir='ltr'><strong>ἐς</strong></span> <span class='ocrx_word' id='word_1_655' title='bbox 2915 4345 3221 4417; x_wconf 86' lang='grc' dir='ltr'><strong>Ῥωμαίους</strong></span> <span class='ocrx_word' id='word_1_656' title='bbox 3256 4343 3439 4413; x_wconf 82' lang='grc' dir='ltr'><strong>φιλίας</strong></span> <span class='ocrx_word' id='word_1_657' title='bbox 3470 4341 3748 4410; x_wconf 83' lang='grc' dir='ltr'><strong>ἀποκομί-</strong></span> 
     </span>
    </p>
   </div>
   <div class='ocr_carea' id='block_1_90' title="bbox 468 4421 2076 4530">
    <p class='ocr_par' dir='ltr' id='par_1_90' title="bbox 468 4421 2050 4497">
     <span class='ocr_line' id='line_1_90' title="bbox 468 4421 2050 4497; baseline 0.009 -23"><span class='ocrx_word' id='word_1_658' title='bbox 468 4421 835 4481; x_wconf 76' lang='lat' dir='ltr'><strong>sicut‘nineris</strong></span> <span class='ocrx_word' id='word_1_659' title='bbox 871 4427 1013 4483; x_wconf 89' lang='lat' dir='ltr'><strong>ratio</strong></span> <span class='ocrx_word' id='word_1_660' title='bbox 1046 4427 1279 4496; x_wconf 80' lang='lat' dir='ltr'><strong>ferebat,</strong></span> <span class='ocrx_word' id='word_1_661' title='bbox 1339 4430 1626 4487; x_wconf 88' lang='lat' dir='ltr'><strong>habiturus</strong></span> <span class='ocrx_word' id='word_1_662' title='bbox 1654 4441 1819 4497; x_wconf 91' lang='lat' dir='ltr'><strong>esset,</strong></span> <span class='ocrx_word' id='word_1_663' title='bbox 1871 4435 2050 4488; x_wconf 87' lang='lat' dir='ltr'><strong>trade-</strong></span> 
     </span>
    </p>
   </div>
   <div class='ocr_carea' id='block_1_91' title="bbox 2157 4421 3746 4530">
    <p class='ocr_par' dir='ltr' id='par_1_91' title="bbox 2161 4433 3746 4512">
     <span class='ocr_line' id='line_1_91' title="bbox 2161 4433 3746 4512; baseline -0.008 -16"><span class='ocrx_word' id='word_1_664' title='bbox 2161 4459 2252 4496; x_wconf 91' lang='grc' dir='ltr'><strong>σαι</strong></span> <span class='ocrx_word' id='word_1_665' title='bbox 2279 4441 2491 4512; x_wconf 85' lang='grc' dir='ltr'><strong>βασιλεῖ</strong></span> <span class='ocrx_word' id='word_1_666' title='bbox 2520 4440 2628 4494; x_wconf 85' lang='grc' dir='ltr'>τῶν</span> <span class='ocrx_word' id='word_1_667' title='bbox 2675 4438 2928 4510; x_wconf 85' lang='grc' dir='ltr'><strong>Περσῶν,</strong></span> <span class='ocrx_word' id='word_1_668' title='bbox 2977 4437 3367 4499; x_wconf 70' lang='grc' dir='ltr'><strong>ύπαντιάζοντι</strong></span> <span class='ocrx_word' id='word_1_669' title='bbox 3425 4435 3502 4500; x_wconf 78' lang='grc' dir='ltr'><strong>δὲ,</strong></span> <span class='ocrx_word' id='word_1_670' title='bbox 3551 4433 3746 4504; x_wconf 83' lang='grc' dir='ltr'><strong>ὥσπερ</strong></span> 
     </span>
    </p>
   </div>
   <div class='ocr_carea' id='block_1_92' title="bbox 409 4513 2076 4611">
    <p class='ocr_par' dir='ltr' id='par_1_92' title="bbox 409 4513 2048 4611">
     <span class='ocr_line' id='line_1_92' title="bbox 409 4513 2048 4611; baseline 0.012 -49"><span class='ocrx_word' id='word_1_671' title='bbox 409 4567 420 4606; x_wconf 27' lang='grc' dir='ltr'>λ</span> <span class='ocrx_word' id='word_1_672' title='bbox 471 4519 575 4611; x_wconf 74' lang='lat' dir='ltr'><strong>ret,</strong></span> <span class='ocrx_word' id='word_1_673' title='bbox 611 4522 670 4567; x_wconf 91' lang='lat' dir='ltr'><strong>ut</strong></span> <span class='ocrx_word' id='word_1_674' title='bbox 704 4513 910 4611; x_wconf 40' lang='lat' dir='ltr'><strong>lZichus</strong></span> <span class='ocrx_word' id='word_1_675' title='bbox 938 4518 1274 4588; x_wconf 82' lang='lat' dir='ltr'><strong>exploratam</strong></span> <span class='ocrx_word' id='word_1_676' title='bbox 1312 4531 1765 4594; x_wconf 86' lang='lat' dir='ltr'><strong>perspectamque</strong></span> <span class='ocrx_word' id='word_1_677' title='bbox 1810 4523 2048 4595; x_wconf 86' lang='lat' dir='ltr'><strong>impera-</strong></span> 
     </span>
    </p>
   </div>
   <div class='ocr_carea' id='block_1_93' title="bbox 2157 4513 3746 4611">
    <p class='ocr_par' dir='ltr' id='par_1_93' title="bbox 2157 4526 3746 4604">
     <span class='ocr_line' id='line_1_93' title="bbox 2157 4526 3746 4604; baseline -0.008 -16"><span class='ocrx_word' id='word_1_678' title='bbox 2157 4534 2324 4598; x_wconf 75' lang='grc' dir='ltr'><strong>εἰκὸς,</strong></span> <span class='ocrx_word' id='word_1_679' title='bbox 2353 4533 2430 4604; x_wconf 84' lang='grc' dir='ltr'><strong>τῷ</strong></span> <span class='ocrx_word' id='word_1_680' title='bbox 2461 4531 2778 4602; x_wconf 81' lang='grc' dir='ltr'><strong>πρεσϐευτῇ</strong></span> <span class='ocrx_word' id='word_1_681' title='bbox 2807 4529 3074 4597; x_wconf 80' lang='grc' dir='ltr'><strong>ἐπιδεῖξαι</strong></span> <span class='ocrx_word' id='word_1_682' title='bbox 3094 4529 3194 4599; x_wconf 85' lang='grc' dir='ltr'><strong>τὴν</strong></span> <span class='ocrx_word' id='word_1_683' title='bbox 3242 4526 3488 4583; x_wconf 80' lang='grc' dir='ltr'>Ἰωάννου</span> <span class='ocrx_word' id='word_1_684' title='bbox 3514 4527 3746 4578; x_wconf 82' lang='grc' dir='ltr'><strong>ἐπιστο-</strong></span> 
     </span>
    </p>
   </div>
   <div class='ocr_carea' id='block_1_94' title="bbox 469 4602 2076 4698">
    <p class='ocr_par' dir='ltr' id='par_1_94' title="bbox 469 4602 2044 4698">
     <span class='ocr_line' id='line_1_94' title="bbox 469 4602 2044 4698; baseline 0.009 -46"><span class='ocrx_word' id='word_1_685' title='bbox 469 4602 604 4698; x_wconf 74' lang='lat' dir='ltr'><strong>toris</strong></span> <span class='ocrx_word' id='word_1_686' title='bbox 633 4602 961 4661; x_wconf 88' lang='lat' dir='ltr'><strong>voluntatem</strong></span> <span class='ocrx_word' id='word_1_687' title='bbox 993 4608 1242 4664; x_wconf 89' lang='lat' dir='ltr'><strong>haberet.</strong></span> <span class='ocrx_word' id='word_1_688' title='bbox 1283 4609 1409 4666; x_wconf 81' lang='lat' dir='ltr'><strong>Haec</strong></span> <span class='ocrx_word' id='word_1_689' title='bbox 1435 4611 1526 4665; x_wconf 91' lang='lat' dir='ltr'><strong>ubi</strong></span> <span class='ocrx_word' id='word_1_690' title='bbox 1574 4609 1860 4667; x_wconf 87' lang='lat' dir='ltr'><strong>Timotheo</strong></span> <span class='ocrx_word' id='word_1_691' title='bbox 1917 4620 2044 4666; x_wconf 90' lang='lat' dir='ltr'><strong>sunt</strong></span> 
     </span>
    </p>
   </div>
   <div class='ocr_carea' id='block_1_95' title="bbox 2157 4602 3746 4698">
    <p class='ocr_par' dir='ltr' id='par_1_95' title="bbox 2157 4602 3746 4696">
     <span class='ocr_line' id='line_1_95' title="bbox 2157 4602 3746 4696; baseline -0.007 -17"><span class='ocrx_word' id='word_1_692' title='bbox 2157 4625 2270 4696; x_wconf 77' lang='grc' dir='ltr'><strong>λὴν,</strong></span> <span class='ocrx_word' id='word_1_693' title='bbox 2304 4602 2486 4688; x_wconf 9' lang='grc' dir='ltr'>ὡςήιν</span> <span class='ocrx_word' id='word_1_694' title='bbox 2531 4623 2710 4678; x_wconf 76' lang='grc' dir='ltr'><strong>ἔσοιτο</strong></span> <span class='ocrx_word' id='word_1_695' title='bbox 2736 4622 3166 4691; x_wconf 68' lang='grc' dir='ltr'><strong>ἐξεπιστάμενος</strong></span> <span class='ocrx_word' id='word_1_696' title='bbox 3196 4622 3226 4674; x_wconf 91' lang='grc' dir='ltr'><strong>ὁ</strong></span> <span class='ocrx_word' id='word_1_697' title='bbox 3272 4620 3373 4690; x_wconf 72' lang='grc' dir='ltr'><strong>Ζὶχ</strong></span> <span class='ocrx_word' id='word_1_698' title='bbox 3419 4619 3516 4672; x_wconf 79' lang='grc' dir='ltr'><strong>καὶ</strong></span> <span class='ocrx_word' id='word_1_699' title='bbox 3563 4618 3746 4685; x_wconf 81' lang='grc' dir='ltr'><strong>σαφέ-</strong></span> 
     </span>
    </p>
   </div>
   <div class='ocr_carea' id='block_1_96' title="bbox 471 4693 2076 4788">
    <p class='ocr_par' dir='ltr' id='par_1_96' title="bbox 471 4693 2042 4788">
     <span class='ocr_line' id='line_1_96' title="bbox 471 4693 2042 4788; baseline 0.011 -49"><span class='ocrx_word' id='word_1_700' title='bbox 471 4693 754 4788; x_wconf 82' lang='lat' dir='ltr'><strong>imperata,</strong></span> <span class='ocrx_word' id='word_1_701' title='bbox 791 4693 858 4747; x_wconf 90' lang='lat' dir='ltr'><strong>ad</strong></span> <span class='ocrx_word' id='word_1_702' title='bbox 919 4693 1124 4751; x_wconf 88' lang='lat' dir='ltr'><strong>limites</strong></span> <span class='ocrx_word' id='word_1_703' title='bbox 1183 4699 1485 4754; x_wconf 88' lang='lat' dir='ltr'><strong>contendit.</strong></span> <span class='ocrx_word' id='word_1_704' title='bbox 1538 4699 1653 4755; x_wconf 87' lang='lat' dir='ltr'><strong>Illic</strong></span> <span class='ocrx_word' id='word_1_705' title='bbox 1681 4716 1802 4756; x_wconf 90' lang='lat' dir='ltr'><strong>cum</strong></span> <span class='ocrx_word' id='word_1_706' title='bbox 1839 4716 2042 4773; x_wconf 88' lang='lat' dir='ltr'><strong>cogno-</strong></span> 
     </span>
    </p>
   </div>
   <div class='ocr_carea' id='block_1_97' title="bbox 2157 4693 3746 4788">
    <p class='ocr_par' dir='ltr' id='par_1_97' title="bbox 2157 4693 3746 4784">
     <span class='ocr_line' id='line_1_97' title="bbox 2157 4693 3746 4784; baseline -0.004 -18"><span class='ocrx_word' id='word_1_707' title='bbox 2157 4693 2331 4767; x_wconf 82' lang='grc' dir='ltr'><strong>στατα</strong></span> <span class='ocrx_word' id='word_1_708' title='bbox 2381 4711 2777 4784; x_wconf 83' lang='grc' dir='ltr'><strong>προγινώσκων</strong></span> <span class='ocrx_word' id='word_1_709' title='bbox 2827 4711 2927 4782; x_wconf 78' lang='grc' dir='ltr'><strong>τὴν</strong></span> <span class='ocrx_word' id='word_1_710' title='bbox 2953 4710 3218 4781; x_wconf 74' lang='grc' dir='ltr'><strong>βασιλέως</strong></span> <span class='ocrx_word' id='word_1_711' title='bbox 3296 4709 3514 4780; x_wconf 80' lang='grc' dir='ltr'><strong>βουλήν.</strong></span> <span class='ocrx_word' id='word_1_712' title='bbox 3570 4707 3746 4776; x_wconf 87' lang='grc' dir='ltr'><strong>Τιμό-</strong></span> 
     </span>
    </p>
   </div>
   <div class='ocr_carea' id='block_1_98' title="bbox 469 4783 2076 4880">
    <p class='ocr_par' dir='ltr' id='par_1_98' title="bbox 469 4783 2042 4880">
     <span class='ocr_line' id='line_1_98' title="bbox 469 4783 2042 4880; baseline 0.009 -48"><span class='ocrx_word' id='word_1_713' title='bbox 469 4783 640 4880; x_wconf 67' lang='lat' dir='ltr'><strong>visaet</strong></span> <span class='ocrx_word' id='word_1_714' title='bbox 692 4783 935 4838; x_wconf 84' lang='lat' dir='ltr'><strong>nondum</strong></span> <span class='ocrx_word' id='word_1_715' title='bbox 977 4787 1261 4844; x_wconf 89' lang='lat' dir='ltr'><strong>advenisse</strong></span> <span class='ocrx_word' id='word_1_716' title='bbox 1294 4787 1583 4846; x_wconf 88' lang='lat' dir='ltr'><strong>Persarum</strong></span> <span class='ocrx_word' id='word_1_717' title='bbox 1623 4791 1881 4860; x_wconf 80' lang='lat' dir='ltr'><strong>legatum,</strong></span> <span class='ocrx_word' id='word_1_718' title='bbox 1911 4808 2042 4848; x_wconf 87' lang='lat' dir='ltr'><strong>cou-</strong></span> 
     </span>
    </p>
   </div>
   <div class='ocr_carea' id='block_1_99' title="bbox 2157 4783 3746 4880">
    <p class='ocr_par' dir='ltr' id='par_1_99' title="bbox 2157 4795 3746 4870">
     <span class='ocr_line' id='line_1_99' title="bbox 2157 4795 3746 4870; baseline -0.004 -17"><span class='ocrx_word' id='word_1_719' title='bbox 2157 4801 2269 4865; x_wconf 80' lang='grc' dir='ltr'><strong>θεος</strong></span> <span class='ocrx_word' id='word_1_720' title='bbox 2299 4795 2414 4864; x_wconf 84' lang='grc' dir='ltr'><strong>οῦν,</strong></span> <span class='ocrx_word' id='word_1_721' title='bbox 2459 4800 2616 4854; x_wconf 88' lang='grc' dir='ltr'><strong>τοῦτο</strong></span> <span class='ocrx_word' id='word_1_722' title='bbox 2661 4800 3140 4870; x_wconf 77' lang='grc' dir='ltr'><strong>ἐπιτετραμμένον</strong></span> <span class='ocrx_word' id='word_1_723' title='bbox 3197 4797 3347 4868; x_wconf 82' lang='grc' dir='ltr'><strong>αύτῷ</strong></span> <span class='ocrx_word' id='word_1_724' title='bbox 3403 4795 3746 4866; x_wconf 82' lang='grc' dir='ltr'><strong>παρεγένετο</strong></span> 
     </span>
    </p>
   </div>
   <div class='ocr_carea' id='block_1_100' title="bbox 472 4869 2076 4962">
    <p class='ocr_par' dir='ltr' id='par_1_100' title="bbox 472 4869 2040 4962">
     <span class='ocr_line' id='line_1_100' title="bbox 472 4869 2040 4962; baseline 0.01 -41"><span class='ocrx_word' id='word_1_725' title='bbox 472 4869 650 4962; x_wconf 68' lang='lat' dir='ltr'><strong>restim</strong></span> <span class='ocrx_word' id='word_1_726' title='bbox 673 4871 742 4926; x_wconf 90' lang='lat' dir='ltr'><strong>ad</strong></span> <span class='ocrx_word' id='word_1_727' title='bbox 771 4872 1069 4930; x_wconf 85' lang='lat' dir='ltr'><strong>Chosroem</strong></span> <span class='ocrx_word' id='word_1_728' title='bbox 1103 4887 1186 4933; x_wconf 91' lang='lat' dir='ltr'><strong>est</strong></span> <span class='ocrx_word' id='word_1_729' title='bbox 1220 4878 1518 4948; x_wconf 78' lang='lat' dir='ltr'><strong>profectus.</strong></span> <span class='ocrx_word' id='word_1_730' title='bbox 1555 4879 1716 4935; x_wconf 85' lang='lat' dir='ltr'><strong>Forte</strong></span> <span class='ocrx_word' id='word_1_731' title='bbox 1735 4882 1880 4936; x_wconf 91' lang='lat' dir='ltr'><strong>enim</strong></span> <span class='ocrx_word' id='word_1_732' title='bbox 1910 4896 2040 4936; x_wconf 81' lang='lat' dir='ltr'><strong>con-</strong></span> 
     </span>
    </p>
   </div>
   <div class='ocr_carea' id='block_1_101' title="bbox 2157 4869 3742 4962">
    <p class='ocr_par' dir='ltr' id='par_1_101' title="bbox 2157 4869 3742 4962">
     <span class='ocr_line' id='line_1_101' title="bbox 2157 4869 3742 4962; baseline -0.004 -18"><span class='ocrx_word' id='word_1_733' title='bbox 2157 4892 2207 4946; x_wconf 75' lang='grc' dir='ltr'><strong>ὲν</strong></span> <span class='ocrx_word' id='word_1_734' title='bbox 2269 4894 2382 4954; x_wconf 87' lang='grc' dir='ltr'><strong>τοῖς</strong></span> <span class='ocrx_word' id='word_1_735' title='bbox 2433 4891 2624 4962; x_wconf 86' lang='grc' dir='ltr'><strong>ὁρίοις.</strong></span> <span class='ocrx_word' id='word_1_736' title='bbox 2703 4890 2872 4954; x_wconf 81' lang='grc' dir='ltr'><strong>Γνοὺς</strong></span> <span class='ocrx_word' id='word_1_737' title='bbox 2936 4869 3025 4957; x_wconf 77' lang='grc' dir='ltr'><strong>δέ,</strong></span> <span class='ocrx_word' id='word_1_738' title='bbox 3101 4889 3179 4953; x_wconf 86' lang='grc' dir='ltr'><strong>ὡς</strong></span> <span class='ocrx_word' id='word_1_739' title='bbox 3253 4887 3409 4943; x_wconf 86' lang='grc' dir='ltr'><strong>οῦπω</strong></span> <span class='ocrx_word' id='word_1_740' title='bbox 3463 4888 3742 4957; x_wconf 84' lang='grc' dir='ltr'><strong>πάρεστιν</strong></span> 
     </span>
    </p>
   </div>
   <div class='ocr_carea' id='block_1_102' title="bbox 471 4961 2076 5064">
    <p class='ocr_par' dir='ltr' id='par_1_102' title="bbox 471 4961 2046 5064">
     <span class='ocr_line' id='line_1_102' title="bbox 471 4961 2046 5064; baseline 0.007 -48"><span class='ocrx_word' id='word_1_741' title='bbox 471 4961 706 5064; x_wconf 67' lang='lat' dir='ltr'><strong>tigerat,</strong></span> <span class='ocrx_word' id='word_1_742' title='bbox 745 4972 805 5019; x_wconf 90' lang='lat' dir='ltr'><strong>ut</strong></span> <span class='ocrx_word' id='word_1_743' title='bbox 873 4966 1072 5024; x_wconf 88' lang='lat' dir='ltr'><strong>Zicbus</strong></span> <span class='ocrx_word' id='word_1_744' title='bbox 1115 4969 1218 5024; x_wconf 89' lang='lat' dir='ltr'><strong>alia</strong></span> <span class='ocrx_word' id='word_1_745' title='bbox 1283 4972 1367 5026; x_wconf 90' lang='lat' dir='ltr'><strong>via</strong></span> <span class='ocrx_word' id='word_1_746' title='bbox 1431 4971 1659 5027; x_wconf 83' lang='lat' dir='ltr'><strong>Nisibim</strong></span> <span class='ocrx_word' id='word_1_747' title='bbox 1705 4973 2046 5040; x_wconf 89' lang='lat' dir='ltr'><strong>diverteret,</strong></span> 
     </span>
    </p>
   </div>
   <div class='ocr_carea' id='block_1_103' title="bbox 2157 4961 3745 5064">
    <p class='ocr_par' dir='ltr' id='par_1_103' title="bbox 2157 4961 3745 5050">
     <span class='ocr_line' id='line_1_103' title="bbox 2157 4961 3745 5050; baseline -0.004 -18"><span class='ocrx_word' id='word_1_748' title='bbox 2157 4979 2184 5032; x_wconf 86' lang='grc' dir='ltr'><strong>ὁ</strong></span> <span class='ocrx_word' id='word_1_749' title='bbox 2266 4961 2494 5048; x_wconf 83' lang='grc' dir='ltr'><strong>Περσῶν</strong></span> <span class='ocrx_word' id='word_1_750' title='bbox 2564 4978 2948 5050; x_wconf 85' lang='grc' dir='ltr'><strong>πρεσϐευτὴς,</strong></span> <span class='ocrx_word' id='word_1_751' title='bbox 3012 4977 3309 5048; x_wconf 88' lang='grc' dir='ltr'><strong>ἐπορεύετο</strong></span> <span class='ocrx_word' id='word_1_752' title='bbox 3380 4977 3475 5044; x_wconf 85' lang='grc' dir='ltr'><strong>ὅγε</strong></span> <span class='ocrx_word' id='word_1_753' title='bbox 3539 4973 3745 5028; x_wconf 81' lang='grc' dir='ltr'><strong>αὐτίκα</strong></span> 
     </span>
    </p>
   </div>
   <div class='ocr_carea' id='block_1_104' title="bbox 471 5052 2076 5142">
    <p class='ocr_par' dir='ltr' id='par_1_104' title="bbox 471 5052 2049 5124">
     <span class='ocr_line' id='line_1_104' title="bbox 471 5052 2049 5124; baseline 0.01 -19"><span class='ocrx_word' id='word_1_754' title='bbox 471 5052 652 5124; x_wconf 87' lang='lat' dir='ltr'><strong>ibique</strong></span> <span class='ocrx_word' id='word_1_755' title='bbox 679 5056 1007 5113; x_wconf 85' lang='lat' dir='ltr'><strong>valetudinis</strong></span> <span class='ocrx_word' id='word_1_756' title='bbox 1046 5075 1211 5115; x_wconf 89' lang='lat' dir='ltr'><strong>causa</strong></span> <span class='ocrx_word' id='word_1_757' title='bbox 1239 5062 1593 5120; x_wconf 83' lang='lat' dir='ltr'><strong>detineretur.</strong></span> <span class='ocrx_word' id='word_1_758' title='bbox 1625 5063 1833 5120; x_wconf 88' lang='lat' dir='ltr'><strong>Interea</strong></span> <span class='ocrx_word' id='word_1_759' title='bbox 1864 5067 2049 5120; x_wconf 86' lang='lat' dir='ltr'><strong>Timo—</strong></span> 
     </span>
    </p>
   </div>
   <div class='ocr_carea' id='block_1_105' title="bbox 2157 5052 3746 5142">
    <p class='ocr_par' dir='ltr' id='par_1_105' title="bbox 2157 5066 3746 5142">
     <span class='ocr_line' id='line_1_105' title="bbox 2157 5066 3746 5142; baseline -0.002 -18"><span class='ocrx_word' id='word_1_760' title='bbox 2157 5070 2293 5142; x_wconf 83' lang='grc' dir='ltr'><strong>πρὸς</strong></span> <span class='ocrx_word' id='word_1_761' title='bbox 2343 5067 2946 5140; x_wconf 72' lang='grc' dir='ltr'><strong>Χοσρόην.Ξυμ6ἀνδὲ</strong></span> <span class='ocrx_word' id='word_1_762' title='bbox 2975 5067 3119 5123; x_wconf 75' lang='grc' dir='ltr'><strong>οὕτω</strong></span> <span class='ocrx_word' id='word_1_763' title='bbox 3141 5067 3212 5134; x_wconf 80' lang='grc'><strong>⁸⁸,</strong></span> <span class='ocrx_word' id='word_1_764' title='bbox 3264 5067 3360 5122; x_wconf 91' lang='grc' dir='ltr'><strong>τοῦ</strong></span> <span class='ocrx_word' id='word_1_765' title='bbox 3417 5069 3518 5138; x_wconf 65' lang='grc' dir='ltr'><strong>Ζὶχ</strong></span> <span class='ocrx_word' id='word_1_766' title='bbox 3566 5066 3640 5121; x_wconf 77' lang='grc' dir='ltr'><strong>δι’</strong></span> <span class='ocrx_word' id='word_1_767' title='bbox 3688 5067 3746 5121; x_wconf 63' lang='grc' dir='ltr'><strong>ἐν</strong></span> 
     </span>
    </p>
   </div>
   <div class='ocr_carea' id='block_1_106' title="bbox 2150 5157 3745 5230">
    <p class='ocr_par' dir='ltr' id='par_1_106' title="bbox 2150 5157 3745 5230">
     <span class='ocr_line' id='line_1_106' title="bbox 2150 5157 3745 5230; baseline -0.003 -18"><span class='ocrx_word' id='word_1_768' title='bbox 2150 5161 2320 5228; x_wconf 78' lang='grc' dir='ltr'><strong>τέρας</strong></span> <span class='ocrx_word' id='word_1_769' title='bbox 2362 5157 2611 5227; x_wconf 85' lang='grc' dir='ltr'><strong>ἀτραποῦ</strong></span> <span class='ocrx_word' id='word_1_770' title='bbox 2643 5159 2700 5222; x_wconf 87' lang='grc' dir='ltr'><strong>ἐς</strong></span> <span class='ocrx_word' id='word_1_771' title='bbox 2741 5157 2841 5230; x_wconf 81' lang='grc' dir='ltr'><strong>τὴν</strong></span> <span class='ocrx_word' id='word_1_772' title='bbox 2879 5157 3098 5212; x_wconf 85' lang='grc' dir='ltr'><strong>Νίσιϐιν</strong></span> <span class='ocrx_word' id='word_1_773' title='bbox 3144 5157 3504 5229; x_wconf 75' lang='grc' dir='ltr'><strong>ἀφικομένου,</strong></span> <span class='ocrx_word' id='word_1_774' title='bbox 3535 5158 3656 5209; x_wconf 79' lang='grc' dir='ltr'><strong>ἐκεῖ</strong></span> <span class='ocrx_word' id='word_1_775' title='bbox 3681 5172 3745 5208; x_wconf 84' lang='grc' dir='ltr'><strong>τε</strong></span> 
     </span>
    </p>
   </div>
   <div class='ocr_carea' id='block_1_107' title="bbox 469 5237 2076 5333">
    <p class='ocr_par' dir='ltr' id='par_1_107' title="bbox 469 5237 2044 5333">
     <span class='ocr_line' id='line_1_107' title="bbox 469 5237 2044 5333; baseline 0.011 -44"><span class='ocrx_word' id='word_1_776' title='bbox 469 5237 632 5333; x_wconf 76' lang='lat' dir='ltr'><strong>chum</strong></span> <span class='ocrx_word' id='word_1_777' title='bbox 677 5240 854 5296; x_wconf 90' lang='lat' dir='ltr'><strong>adhuc</strong></span> <span class='ocrx_word' id='word_1_778' title='bbox 900 5251 1255 5312; x_wconf 59' lang='lat' dir='ltr'><strong>aegrotantem</strong></span> <span class='ocrx_word' id='word_1_779' title='bbox 1307 5257 1588 5302; x_wconf 89' lang='lat' dir='ltr'><strong>assecutus</strong></span> <span class='ocrx_word' id='word_1_780' title='bbox 1643 5286 1660 5312; x_wconf 84' lang='lat'><strong>,</strong></span> <span class='ocrx_word' id='word_1_781' title='bbox 1712 5248 1759 5304; x_wconf 91' lang='lat' dir='ltr'><strong>ei</strong></span> <span class='ocrx_word' id='word_1_782' title='bbox 1818 5247 2044 5306; x_wconf 80' lang='lat' dir='ltr'><strong>Joannis</strong></span> 
     </span>
    </p>
   </div>
   <div class='ocr_carea' id='block_1_108' title="bbox 2157 5237 3745 5333">
    <p class='ocr_par' dir='ltr' id='par_1_108' title="bbox 2157 5249 3745 5333">
     <span class='ocr_line' id='line_1_108' title="bbox 2157 5249 3745 5333; baseline -0.003 -29"><span class='ocrx_word' id='word_1_783' title='bbox 2157 5250 2528 5322; x_wconf 76' lang='grc' dir='ltr'><strong>διατρίψαντος</strong></span> <span class='ocrx_word' id='word_1_784' title='bbox 2551 5249 2630 5333; x_wconf 66' lang='grc' dir='ltr'>τῷ</span> <span class='ocrx_word' id='word_1_785' title='bbox 2657 5249 2970 5322; x_wconf 83' lang='grc' dir='ltr'><strong>διατεθῆναι</strong></span> <span class='ocrx_word' id='word_1_786' title='bbox 3023 5251 3086 5304; x_wconf 81' lang='grc' dir='ltr'><strong>τὸ</strong></span> <span class='ocrx_word' id='word_1_787' title='bbox 3118 5251 3277 5321; x_wconf 85' lang='grc' dir='ltr'><strong>σῶμα</strong></span> <span class='ocrx_word' id='word_1_788' title='bbox 3327 5249 3651 5321; x_wconf 77' lang='grc' dir='ltr'><strong>ἀρρώστως,</strong></span> <span class='ocrx_word' id='word_1_789' title='bbox 3685 5249 3745 5300; x_wconf 85' lang='grc' dir='ltr'><strong>ἐν</strong></span> 
     </span>
    </p>
   </div>
   <div class='ocr_carea' id='block_1_109' title="bbox 471 5327 2076 5414">
    <p class='ocr_par' dir='ltr' id='par_1_109' title="bbox 471 5327 2040 5405">
     <span class='ocr_line' id='line_1_109' title="bbox 471 5327 2040 5405; baseline 0.01 -27"><span class='ocrx_word' id='word_1_790' title='bbox 471 5327 682 5384; x_wconf 84' lang='lat' dir='ltr'><strong>litteras</strong></span> <span class='ocrx_word' id='word_1_791' title='bbox 733 5333 972 5390; x_wconf 87' lang='lat' dir='ltr'><strong>tradidit.</strong></span> <span class='ocrx_word' id='word_1_792' title='bbox 1015 5334 1065 5391; x_wconf 90' lang='lat' dir='ltr'><strong>ls</strong></span> <span class='ocrx_word' id='word_1_793' title='bbox 1126 5352 1249 5392; x_wconf 91' lang='lat' dir='ltr'><strong>cum</strong></span> <span class='ocrx_word' id='word_1_794' title='bbox 1285 5339 1665 5405; x_wconf 80' lang='lat' dir='ltr'><strong>intellexisset,</strong></span> <span class='ocrx_word' id='word_1_795' title='bbox 1728 5341 1832 5395; x_wconf 84' lang='lat' dir='ltr'><strong>iter</strong></span> <span class='ocrx_word' id='word_1_796' title='bbox 1883 5355 2040 5394; x_wconf 90' lang='lat' dir='ltr'><strong>suum</strong></span> 
     </span>
    </p>
   </div>
   <div class='ocr_carea' id='block_1_110' title="bbox 2157 5327 3745 5414">
    <p class='ocr_par' dir='ltr' id='par_1_110' title="bbox 2157 5327 3745 5414">
     <span class='ocr_line' id='line_1_110' title="bbox 2157 5327 3745 5414; baseline -0.001 -19"><span class='ocrx_word' id='word_1_797' title='bbox 2157 5341 2393 5411; x_wconf 79' lang='grc' dir='ltr'><strong>τοσούτῳ</strong></span> <span class='ocrx_word' id='word_1_798' title='bbox 2440 5327 2708 5410; x_wconf 77' lang='grc' dir='ltr'><strong>Τιμόθεος</strong></span> <span class='ocrx_word' id='word_1_799' title='bbox 2730 5387 2734 5392; x_wconf 92' lang='grc'><strong>.</strong></span> <span class='ocrx_word' id='word_1_800' title='bbox 2759 5342 2898 5413; x_wconf 75' lang='grc' dir='ltr'><strong>πρὸς</strong></span> <span class='ocrx_word' id='word_1_801' title='bbox 2939 5342 3048 5396; x_wconf 85' lang='grc' dir='ltr'>τῶν</span> <span class='ocrx_word' id='word_1_802' title='bbox 3086 5343 3314 5414; x_wconf 83' lang='grc' dir='ltr'><strong>Περσῶν</strong></span> <span class='ocrx_word' id='word_1_803' title='bbox 3349 5341 3615 5414; x_wconf 79' lang='grc' dir='ltr'><strong>βασιλέως</strong></span> <span class='ocrx_word' id='word_1_804' title='bbox 3637 5341 3745 5408; x_wconf 81' lang='grc' dir='ltr'><strong>ἀφ-</strong></span> 
     </span>
    </p>
   </div>
   <div class='ocr_carea' id='block_1_111' title="bbox 473 5416 2076 5506">
    <p class='ocr_par' dir='ltr' id='par_1_111' title="bbox 473 5416 2040 5501">
     <span class='ocr_line' id='line_1_111' title="bbox 473 5416 2040 5501; baseline 0.012 -34"><span class='ocrx_word' id='word_1_805' title='bbox 473 5416 617 5475; x_wconf 76' lang='lat' dir='ltr'><strong>llaud</strong></span> <span class='ocrx_word' id='word_1_806' title='bbox 660 5436 920 5494; x_wconf 88' lang='lat' dir='ltr'><strong>prospere</strong></span> <span class='ocrx_word' id='word_1_807' title='bbox 951 5427 1169 5493; x_wconf 87' lang='lat' dir='ltr'><strong>cedere,</strong></span> <span class='ocrx_word' id='word_1_808' title='bbox 1219 5442 1392 5498; x_wconf 89' lang='lat' dir='ltr'><strong>neque</strong></span> <span class='ocrx_word' id='word_1_809' title='bbox 1422 5446 1490 5486; x_wconf 83' lang='lat' dir='ltr'><strong>ex</strong></span> <span class='ocrx_word' id='word_1_810' title='bbox 1545 5439 1671 5486; x_wconf 83' lang='lat' dir='ltr'><strong>voto</strong></span> <span class='ocrx_word' id='word_1_811' title='bbox 1717 5430 2040 5501; x_wconf 84' lang='lat' dir='ltr'><strong>legationem</strong></span> 
     </span>
    </p>
   </div>
   <div class='ocr_carea' id='block_1_112' title="bbox 2157 5416 3742 5506">
    <p class='ocr_par' dir='ltr' id='par_1_112' title="bbox 2157 5431 3742 5506">
     <span class='ocr_line' id='line_1_112' title="bbox 2157 5431 3742 5506; baseline -0.001 -21"><span class='ocrx_word' id='word_1_812' title='bbox 2157 5432 2453 5496; x_wconf 75' lang='grc' dir='ltr'><strong>εθεὶς,ἐπεὶ</strong></span> <span class='ocrx_word' id='word_1_813' title='bbox 2485 5431 2753 5490; x_wconf 79' lang='grc' dir='ltr'><strong>κατέλαϐε</strong></span> <span class='ocrx_word' id='word_1_814' title='bbox 2789 5434 2880 5488; x_wconf 83' lang='grc' dir='ltr'><strong>τὸν</strong></span> <span class='ocrx_word' id='word_1_815' title='bbox 2903 5437 3001 5505; x_wconf 71' lang='grc' dir='ltr'><strong>Ζὶχ</strong></span> <span class='ocrx_word' id='word_1_816' title='bbox 3027 5435 3462 5506; x_wconf 81' lang='grc' dir='ltr'><strong>ἐπανερχόμενος</strong></span> <span class='ocrx_word' id='word_1_817' title='bbox 3499 5434 3644 5487; x_wconf 65' lang='grc' dir='ltr'><strong>κατὰ</strong></span> <span class='ocrx_word' id='word_1_818' title='bbox 3674 5431 3742 5501; x_wconf 81' lang='grc' dir='ltr'><strong>δὴ</strong></span> 
     </span>
    </p>
   </div>
   <div class='ocr_carea' id='block_1_113' title="bbox 1811 5549 2501 5608">
    <p class='ocr_par' dir='ltr' id='par_1_113' title="bbox 1811 5549 2501 5608">
     <span class='ocr_line' id='line_1_113' title="bbox 1811 5549 2501 5608; baseline 0.003 -4"><span class='ocrx_word' id='word_1_819' title='bbox 1811 5549 2046 5607; x_wconf 66' lang='lat' dir='ltr'><strong>VARUS</strong></span> <span class='ocrx_word' id='word_1_820' title='bbox 2093 5551 2501 5608; x_wconf 85' lang='lat' dir='ltr'><strong>LECTIONES.</strong></span> 
     </span>
    </p>
   </div>
   <div class='ocr_carea' id='block_1_114' title="bbox 485 5633 3734 5755">
    <p class='ocr_par' dir='ltr' id='par_1_114' title="bbox 485 5633 3734 5755">
     <span class='ocr_line' id='line_1_114' title="bbox 485 5633 3734 5751; baseline 0.002 -59"><span class='ocrx_word' id='word_1_821' title='bbox 485 5698 524 5751; x_wconf 56' lang='grc' dir='ltr'><strong>γ</strong></span> <span class='ocrx_word' id='word_1_822' title='bbox 549 5633 596 5666; x_wconf 75' lang='grc'>⁸⁸</span> <span class='ocrx_word' id='word_1_823' title='bbox 619 5635 766 5718; x_wconf 56' lang='grc' dir='ltr'><strong>ἡμέες</strong></span> <span class='ocrx_word' id='word_1_824' title='bbox 790 5639 939 5708; x_wconf 75' lang='lat' dir='ltr'><strong>vulg.</strong></span> <span class='ocrx_word' id='word_1_825' title='bbox 994 5639 1040 5673; x_wconf 81' lang='grc'><strong>⁸⁵</strong></span> <span class='ocrx_word' id='word_1_826' title='bbox 1064 5639 1146 5693; x_wconf 78' lang='grc' dir='ltr'><strong>ἔτι</strong></span> <span class='ocrx_word' id='word_1_827' title='bbox 1182 5639 1467 5711; x_wconf 82' lang='grc' dir='ltr'><strong>δοθήσεται</strong></span> <span class='ocrx_word' id='word_1_828' title='bbox 1493 5641 1574 5709; x_wconf 79' lang='grc' dir='ltr'><strong>Β.;</strong></span> <span class='ocrx_word' id='word_1_829' title='bbox 1599 5642 1948 5713; x_wconf 83' lang='grc' dir='ltr'><strong>ἐκδοθήσεται</strong></span> <span class='ocrx_word' id='word_1_830' title='bbox 1973 5644 2119 5715; x_wconf 86' lang='lat' dir='ltr'><strong>vulg.</strong></span> <span class='ocrx_word' id='word_1_831' title='bbox 2179 5646 2224 5676; x_wconf 73' lang='grc'><strong>⁸⁸</strong></span> <span class='ocrx_word' id='word_1_832' title='bbox 2259 5647 2471 5702; x_wconf 81' lang='grc' dir='ltr'>Σοάνων</span> <span class='ocrx_word' id='word_1_833' title='bbox 2494 5651 2635 5733; x_wconf 67' lang='lat' dir='ltr'><strong>vulg.</strong></span> <span class='ocrx_word' id='word_1_834' title='bbox 2688 5647 2730 5678; x_wconf 85' lang='grc'><strong>⁸⁷</strong></span> <span class='ocrx_word' id='word_1_835' title='bbox 2763 5643 3268 5714; x_wconf 70' lang='grc' dir='ltr'>τῶν-γενομένων</span> <span class='ocrx_word' id='word_1_836' title='bbox 3288 5643 3368 5696; x_wconf 80' lang='grc' dir='ltr'><strong>ἐνὶ</strong></span> <span class='ocrx_word' id='word_1_837' title='bbox 3391 5641 3530 5696; x_wconf 84' lang='grc' dir='ltr'><strong>κατά</strong></span> <span class='ocrx_word' id='word_1_838' title='bbox 3553 5642 3618 5712; x_wconf 77' lang='grc' dir='ltr'><strong>δὴ</strong></span> <span class='ocrx_word' id='word_1_839' title='bbox 3635 5643 3734 5714; x_wconf 77' lang='grc' dir='ltr'><strong>τὴν</strong></span> 
     </span>
     <span class='ocr_line' id='line_1_115' title="bbox 533 5702 3614 5755; baseline 0 0"><span class='ocrx_word' id='word_1_840' title='bbox 533 5702 626 5755; x_wconf 83' lang='lat' dir='ltr'><strong>aL.</strong></span> <span class='ocrx_word' id='word_1_841' title='bbox 654 5722 734 5755; x_wconf 82' lang='grc' dir='ltr'>τω</span> <span class='ocrx_word' id='word_1_842' title='bbox 761 5736 829 5750; x_wconf 73' lang='grc' dir='ltr'><strong>-η</strong></span> <span class='ocrx_word' id='word_1_843' title='bbox 854 5713 1130 5755; x_wconf 72' lang='grc' dir='ltr'>γενοηένω</span> <span class='ocrx_word' id='word_1_844' title='bbox 1156 5712 1308 5755; x_wconf 68' lang='grc' dir='ltr'><strong>ἐνίκα</strong></span> <span class='ocrx_word' id='word_1_845' title='bbox 1339 5713 1460 5755; x_wconf 69' lang='grc' dir='ltr'><strong>τάδε·</strong></span> <span class='ocrx_word' id='word_1_846' title='bbox 1491 5714 1588 5755; x_wconf 58' lang='grc' dir='ltr'><strong>τὴν</strong></span> <span class='ocrx_word' id='word_1_847' title='bbox 1613 5714 1752 5755; x_wconf 72' lang='grc' dir='ltr'><strong>νιιία-</strong></span> <span class='ocrx_word' id='word_1_848' title='bbox 1813 5715 1891 5755; x_wconf 68' lang='grc' dir='ltr'><strong>ἑνὶ</strong></span> <span class='ocrx_word' id='word_1_849' title='bbox 1927 5716 2063 5755; x_wconf 56' lang='grc' dir='ltr'><strong>κατά</strong></span> <span class='ocrx_word' id='word_1_850' title='bbox 2107 5733 2164 5755; x_wconf 76' lang='lat' dir='ltr'><strong>vr:</strong></span> <span class='ocrx_word' id='word_1_851' title='bbox 2196 5719 2292 5755; x_wconf 68' lang='grc' dir='ltr'><strong>τῖου</strong></span> <span class='ocrx_word' id='word_1_852' title='bbox 2325 5717 2364 5755; x_wconf 87' lang='grc' dir='ltr'><strong>ΙΙ</strong></span> <span class='ocrx_word' id='word_1_853' title='bbox 2466 5721 2509 5752; x_wconf 69' lang='grc'><strong>³8</strong></span> <span class='ocrx_word' id='word_1_854' title='bbox 2540 5736 2682 5755; x_wconf 57' lang='lat' dir='ltr'><strong>mrem</strong></span> <span class='ocrx_word' id='word_1_855' title='bbox 2731 5716 2811 5755; x_wconf 62' lang='lat'><strong>[1,.</strong></span> <span class='ocrx_word' id='word_1_856' title='bbox 2879 5715 3029 5755; x_wconf 68' lang='grc' dir='ltr'><strong>ηιίτιτι</strong></span> <span class='ocrx_word' id='word_1_857' title='bbox 3055 5715 3199 5755; x_wconf 72' lang='lat' dir='ltr'><strong>unlw-</strong></span> <span class='ocrx_word' id='word_1_858' title='bbox 3277 5714 3354 5755; x_wconf 73' lang='grc' dir='ltr'><strong>ιηῖι</strong></span> <span class='ocrx_word' id='word_1_859' title='bbox 3377 5714 3416 5755; x_wconf 82' lang='lat' dir='ltr'><strong>&#39;I.</strong></span> <span class='ocrx_word' id='word_1_860' title='bbox 3473 5712 3614 5755; x_wconf 23' lang='lat' dir='ltr'><strong>vnlg.</strong></span> 
     </span>
    </p>
   </div>
   <div class='ocr_carea' id='block_1_115' title="bbox 588 5712 3617 5787">
    <p class='ocr_par' dir='ltr' id='par_1_115' title="bbox 588 5712 3617 5787">
     <span class='ocr_line' id='line_1_116' title="bbox 588 5712 3617 5787; baseline 0 -24"><span class='ocrx_word' id='word_1_861' title='bbox 588 5741 626 5770; x_wconf 74' lang='grc' dir='ltr'><strong>ι.</strong></span> <span class='ocrx_word' id='word_1_862' title='bbox 654 5712 734 5775; x_wconf 81' lang='grc' dir='ltr'><strong>τῷ</strong></span> <span class='ocrx_word' id='word_1_863' title='bbox 761 5736 829 5750; x_wconf 79' lang='lat'><strong>-~</strong></span> <span class='ocrx_word' id='word_1_864' title='bbox 854 5713 1130 5782; x_wconf 81' lang='grc' dir='ltr'><strong>γενομένῳ</strong></span> <span class='ocrx_word' id='word_1_865' title='bbox 1156 5712 1309 5767; x_wconf 85' lang='grc' dir='ltr'><strong>ἐνίκα</strong></span> <span class='ocrx_word' id='word_1_866' title='bbox 1339 5713 1460 5767; x_wconf 80' lang='grc' dir='ltr'><strong>τάδε</strong></span> <span class='ocrx_word' id='word_1_867' title='bbox 1491 5714 1588 5783; x_wconf 79' lang='grc' dir='ltr'><strong>τὴν</strong></span> <span class='ocrx_word' id='word_1_868' title='bbox 1613 5712 1784 5784; x_wconf 79' lang='lat' dir='ltr'><strong>vulg.,</strong></span> <span class='ocrx_word' id='word_1_869' title='bbox 1813 5715 1892 5768; x_wconf 74' lang='grc' dir='ltr'>ἐνὶ</span> <span class='ocrx_word' id='word_1_870' title='bbox 1927 5712 2170 5782; x_wconf 61' lang='grc' dir='ltr'><strong>κατιῖγε</strong></span> <span class='ocrx_word' id='word_1_871' title='bbox 2196 5719 2292 5785; x_wconf 69' lang='grc' dir='ltr'><strong>τὴν</strong></span> <span class='ocrx_word' id='word_1_872' title='bbox 2323 5717 2387 5773; x_wconf 85' lang='lat' dir='ltr'><strong>ll.</strong></span> <span class='ocrx_word' id='word_1_873' title='bbox 2466 5721 2509 5752; x_wconf 75' lang='grc'><strong>³³</strong></span> <span class='ocrx_word' id='word_1_874' title='bbox 2540 5712 2682 5772; x_wconf 71' lang='grc' dir='ltr'><strong>οῦτω</strong></span> <span class='ocrx_word' id='word_1_875' title='bbox 2731 5716 2816 5782; x_wconf 87' lang='grc' dir='ltr'><strong>Β.,</strong></span> <span class='ocrx_word' id='word_1_876' title='bbox 2879 5715 3029 5786; x_wconf 76' lang='grc' dir='ltr'><strong>αὐτῷ</strong></span> <span class='ocrx_word' id='word_1_877' title='bbox 3055 5712 3200 5787; x_wconf 60' lang='lat' dir='ltr'><strong>vulg;</strong></span> <span class='ocrx_word' id='word_1_878' title='bbox 3277 5714 3354 5785; x_wconf 82' lang='grc' dir='ltr'><strong>τῷ</strong></span> <span class='ocrx_word' id='word_1_879' title='bbox 3377 5714 3438 5771; x_wconf 82' lang='grc' dir='ltr'><strong>Ζ.</strong></span> <span class='ocrx_word' id='word_1_880' title='bbox 3473 5712 3617 5783; x_wconf 83' lang='lat' dir='ltr'><strong>vulg.</strong></span> 
     </span>
    </p>
   </div>
   <div class='ocr_carea' id='block_1_116' title="bbox 470 5145 2043 5222">
    <p class='ocr_par' dir='ltr' id='par_1_116' title="bbox 470 5145 2043 5222">
     <span class='ocr_line' id='line_1_117' title="bbox 470 5145 2043 5222; baseline 0.008 -26"><span class='ocrx_word' id='word_1_881' title='bbox 470 5146 631 5200; x_wconf 78' lang='lat' dir='ltr'><strong>tlteus</strong></span> <span class='ocrx_word' id='word_1_882' title='bbox 663 5160 693 5200; x_wconf 90' lang='lat' dir='ltr'><strong>a</strong></span> <span class='ocrx_word' id='word_1_883' title='bbox 717 5145 1005 5202; x_wconf 88' lang='lat' dir='ltr'><strong>Persarum</strong></span> <span class='ocrx_word' id='word_1_884' title='bbox 1035 5165 1160 5222; x_wconf 88' lang='lat' dir='ltr'><strong>rege</strong></span> <span class='ocrx_word' id='word_1_885' title='bbox 1207 5152 1465 5210; x_wconf 90' lang='lat' dir='ltr'><strong>dimissus</strong></span> <span class='ocrx_word' id='word_1_886' title='bbox 1496 5156 1730 5220; x_wconf 87' lang='lat' dir='ltr'><strong>rediens,</strong></span> <span class='ocrx_word' id='word_1_887' title='bbox 1758 5154 1927 5211; x_wconf 88' lang='lat' dir='ltr'><strong>Nisibi</strong></span> <span class='ocrx_word' id='word_1_888' title='bbox 1952 5155 2043 5210; x_wconf 86' lang='lat' dir='ltr'><strong>Zi-</strong></span> 
     </span>
    </p>
   </div>
  </div>
