4076 6414
345 344 462 409 801

1163 345 1260 405 DE
1301 345 1862 409 LEGATIONIBUS
1896 346 2247 408 GENTIUM
2280 349 2380 410 AD
2419 348 2796 409 ROMANOS.

3521 353 3627 418 802

346 460 448 530 τὴν
488 454 708 527 Νίσιϐιν
738 453 819 508 ἔτι
858 452 1065 525 νοσώδη
1088 453 1211 495 ¹⁹-⁹⁸
1231 454 1301 510 τά
1335 473 1395 509 τε
1441 456 1724 528 γραφέντα
1744 457 1793 509 oi
1812 455 1947 525 πρδς

2054 468 2330 526 peractum
2366 458 2454 522 iri,
2508 459 2691 513 animo
2718 456 2934 522 cecidit,
2961 464 3014 512 et
3038 471 3107 513 ex
3150 460 3358 525 morbo,
3401 475 3511 531 quo
3531 465 3628 521 de-

366 548 617 605 Ἰωάννου
640 547 993 618 ἐνεχείρισεν.
1038 547 1097 600 '0
1120 547 1175 600 δὲ
1203 546 1561 617 καταμαθὼν,
1602 548 1678 610 ὡς
1707 548 1767 610 ἐς
1806 546 1933 599 τού-

349 641 571 697 ναντίον
600 638 753 711 αύτῷ
787 639 900 693 τῶν
929 638 1297 693 ἐλπισθέντων
1344 641 1379 709 ή
1420 639 1539 703 ὁδὸς
1582 640 1795 710 γίνεται
1840 645 1936 698 καὶ

346 735 429 798 ὠς
452 734 555 786 οὐκ
583 730 778 794 αίσίως
830 733 880 785 oi
934 731 1275 802 προϐήσεται
1323 732 1393 786 τὰ
1446 732 1547 801 τῆς
1610 734 1931 803 πρεσϐείας,

349 823 625 895 δυσθυμία
660 821 980 894 περιπεσὼν
1014 824 1108 877 καὶ
1133 826 1201 895 τῇ
1243 824 1386 893 νόσῳ
1429 824 1660 894 κάτοχος
1688 826 1763 879 ὢν
1802 844 1936 881 κατ-

290 960 293 965 η
350 913 583 985 έστρεψε
606 914 698 966 τὸν
734 910 870 983 βίον.
904 911 1013 966 Καὶ
1058 912 1157 981 μὲν
1185 912 1249 983 δὴ
1308 915 1402 967 καὶ
1445 912 1699 985 Ἰωάννην
1737 916 1937 969 αὐτίκα

352 1005 558 1076 συνέϐη
606 1004 885 1060 τεθνάναι.
930 1002 1088 1058 Μετὰ
1129 1002 1306 1059 ταῦτα
1353 1005 1680 1074 ἀγγέλλεται
1729 1008 1787 1061 ἐν
1828 1009 1936 1061 Βυ-

351 1096 579 1165 ζαντίῳ,
609 1093 685 1158 ὼς
718 1094 908 1166 ἕτερος
941 1093 1062 1165 ἥξει
1094 1093 1435 1166 πρεσϐευτὴς
1469 1097 1497 1148 6
1524 1099 1937 1170 προσαγορευό-

354 1204 519 1257 μενος
552 1185 839 1256 Μεϐώδης.
873 1179 1045 1248 Οὗτος
1087 1184 1146 1247 ἐς
1197 1183 1296 1256 τὴν
1349 1184 1594 1255 βασιλίδα
1642 1189 1937 1258 ἐπορεύετο

354 1275 757 1347 ἐξογκούμενος
788 1277 833 1309 ⁹¹
868 1276 963 1330 καὶ
995 1275 1143 1346 μάλα
1182 1275 1599 1349 βρενθυόμενος,
1627 1278 1722 1331 καὶ
1746 1280 1936 1333 ἑλπίδα

353 1372 518 1442 ἔχων,
554 1370 630 1434 ὡς
659 1370 789 1441 περὶ
838 1369 1102 1431 Σουανίας
1144 1368 1296 1441 αύτῷ
1338 1370 1730 1441 κινηθήσονται
1760 1371 1933 1440 λόγοι,

355 1463 452 1516 κα)⁵
500 1462 583 1515 ὅτι
636 1461 852 1529 Πέρσας
897 1459 1231 1529 ἀρέσκονσαι
1274 1460 1595 1531 γενήσονται
1650 1461 1934 1531 Ευνθῆκαι.

350 1555 595 1627 τοιαύτῃ
636 1554 684 1585 ’³
712 1551 923 1622 διανοίᾳ
989 1552 1301 1621 ἐπηρμένος
1358 1552 1415 1604 έν
1466 1552 1749 1623 Βυζαντίῳ
1799 1553 1888 1624 ῇει
1918 1592 1935 1618 ,

358 1647 760 1717 αὐθαδέστερον
794 1643 826 1715 ἢ
860 1642 1001 1697 κατὰ
1030 1642 1376 1714 πρεσϐευτὴν
1398 1642 1629 1714 θέμενος
1663 1646 1777 1708 τοῖς
1798 1645 1938 1699 κατὰ

362 1740 460 1811 τὴν
495 1735 829 1806 ὁδοιπορίαν.
895 1736 1355 1806 Παραγενομένου
1404 1734 1461 1787 δὲ
1502 1733 1779 1804 (βασιλεὺς
1827 1735 1937 1805 γὰρ

363 1810 462 1901 ήδη
496 1829 776 1883 ἐπέπυστο
834 1824 1094 1880 Μεϐώδου
1142 1823 1244 1894 τῆς
1296 1824 1618 1888 ἀλαζονείας
1664 1824 1815 1896 πέρι,
1840 1826 1935 1879 xal.
1970 1810 2011 1864 Β

356 1920 519 1972 ὁποῖα
545 1917 685 1972 ἄττα
712 1913 949 1981 ἐλπίζων
979 1912 1077 1985 τὴν
1108 1912 1293 1984 ἄφιξιν
1331 1915 1681 1984 ἐποιήσατο),
1701 1914 1803 1977 τὰς
1835 1915 1935 1986 μὶν

357 2012 425 2061 ἐκ
452 2006 719 2079 βασιλέως
740 2005 968 2077 Περσῶν
984 2004 1130 2070 εδοξε
1155 2000 1409 2075 δέχεσθαι
1431 2004 1770 2076 προσρήσεις
1792 2006 1935 2060 κατὰ

357 2102 452 2155 τὸν
478 2099 709 2154 εἰωθότα
731 2098 957 2170 θεσμὸν,
988 2098 1388 2170 περιεφρόνησε
1432 2097 1489 2150 δὶ
1522 2097 1671 2167 ὅμως
1701 2096 1795 2150 τὸν
1823 2097 1938 2151 Ms-

350 2191 505 2261 50351]
528 2189 624 2244 καὶ
653 2186 1031 2259 ἁπεφλαύριζε
1060 2187 1198 2258 μηδὲ
1242 2187 1342 2257 τὴν
1378 2186 1596 2241 οίανοῦν
1650 2185 1937 2241 συνουσίαν

348 2283 433 2347 ὡς
474 2281 638 2336 αὐτὸν
680 2279 1027 2351 ποιούμενος.
1064 2278 1153 2343 Ὠς
1210 2278 1268 2332 δὲ
1316 2281 1376 2342 ὲς
1416 2278 1751 2343 τούναντίον,
1791 2278 1937 2349 ήπερ

357 2374 631 2441 ἐϐούλετο,
660 2373 732 2428 τὰ
748 2372 851 2444 τῆς
872 2371 1170 2443 πρεσϐείας
1207 2371 1255 2425 oi
1286 2369 1507 2441 ἐχώρει,
1540 2369 1635 2424 καλ⁸
1661 2370 1725 2422 τδ
1756 2370 1937 2441 παρά-

358 2482 470 2519 παν
511 2465 665 2518 ούδὲν
721 2462 870 2533 αὐτῷ
914 2462 1062 2527 ἔλεξε
1115 2461 1246 2529 περὶ
1291 2462 1554 2524 Σουανίας
1587 2460 1617 2512 6
1659 2459 1934 2532 βασιλεὺς,

358 2556 551 2609 ἔπειτα
585 2554 901 2627 έξελιπάρει
937 2555 966 2609 6
1007 2551 1275 2623 Μεϐώδης
1300 2553 1426 2615 τοὺς
1469 2551 1584 2623 ἅμα
1605 2553 1655 2606 oi
1684 2552 1938 2624 Σαρακη-

358 2648 484 2711 νοὺς
518 2648 577 2711 ἐς
603 2647 799 2715 λόγους
832 2645 969 2699 ίέναι
1015 2644 1095 2715 τῷ
1142 2644 1528 2714 αὐτοκράτορι.
1564 2643 1794 2698 Είποντο
1826 2645 1937 2713 γὰρ

354 2739 510 2810 ἀμφὶ
543 2740 668 2802 τοὺς
700 2739 1112 2808 τεσσαράκοντα
1130 2734 1315 2804 οἰκείῳ
1338 2736 1447 2788 τινὶ
1474 2734 1779 2805 πρεσϐευτῇ
1804 2751 1938 2787 τατ-

353 2830 599 2900 τόμενοι.
647 2830 707 2884 Ὀ
735 2830 843 2901 γὰρ
884 2828 993 2883 τῶν
1019 2827 1355 2899 Σαρακηνῶν
1386 2826 1662 2897 φύλαρχος
1690 2825 1935 2898 Ἀμϐρος

357 2922 655 2993 ἐκπέμψας
710 2922 922 2993 ὑπῆρχε
974 2920 1066 2972 καὶ
1110 2919 1139 2973 ὃ
1172 2935 1237 2988 γε
1285 2918 1380 2985 ξὺν
1408 2918 1488 2989 τῷ
1529 2918 1764 2988 Μεϐὠδῃ
1802 2934 1938 2990 πρε-

362 3015 552 3071 σϐείαν
590 3012 1115 3085 διάλεχθησομένους
1148 3010 1275 3083 περὶ
1322 3003 1398 3064 ὧν
1450 3008 1749 3080 χρημάτων
1798 3009 1937 3078 πρὸς

369 3103 754 3161 Ἰουστινιανοῦ
775 3103 1116 3174 ἐκομίζοντο.
1147 3100 1417 3171 Μεϐώδης
1455 3096 1549 3154 οὖν
1586 3099 1681 3153 τοῦ
1725 3100 1933 3154 σκοποῦ

357 3196 455 3251 τοῦ
478 3197 610 3268 περὶ
632 3193 897 3259 Σουανίας
939 3190 1223 3264 ἁμαρτὼν,
1250 3190 1326 3256 ὡς
1355 3189 1421 3247 ἂν
1450 3190 1525 3263 μὴ
1542 3191 1722 3262 πάντη
1752 3174 1934 3262 ἀπρά-

360 3306 490 3354 κτος
523 3286 895 3359 ἁναχωρήσοι,
927 3283 1334 3356 ἐπιμελέστατα
1380 3301 1498 3347 πως
1538 3283 1807 3353 ἠντιϐόλει
1837 3286 1937 3354 τῆς

355 3380 437 3445 ὡς
491 3380 718 3451 βασιλέα
767 3379 953 3449 τυχεῖν
1010 3376 1218 3432 εἰσόδου
1265 3376 1393 3439 τοὺς
1421 3375 1794 3446 Σαρακηνούς.
1826 3376 1939 3429 Καὶ

360 3472 543 3526 τοίνυν
566 3470 852 3525 ὑπολαϐὼν
878 3472 906 3524 6
924 3468 1303 3540 αὐτοκράτωρ,
1334 3486 1352 3521 ι
1390 3467 1457 3521 Τί
1477 3467 1586 3538 γὰρ
1611 3467 1769 3537 δῆτα,
1804 3466 1930 3537 ἔφη,

262 3624 265 3627 _
356 3566 645 3638 βούλονται
674 3565 723 3618 oi
746 3556 870 3619 καθ’
894 3564 1039 3633 ὑμᾶς
1060 3563 1107 3594 ’³
1128 3560 1435 3633 Σαρακηνοί
1460 3576 1478 3627 ;
1511 3576 1531 3611 s
1572 3559 1660 3623 Ὠς
1684 3559 1741 3613 δὲ
1760 3560 1942 3627 ἐγκεί-

360 3676 527 3727 μενον
582 3656 752 3727 ἑώρα,
795 3655 1089 3711 κατένευσε
1139 3655 1286 3725 μόνῳ
1337 3653 1564 3708 είσιέναι
1600 3652 1680 3722 τῷ
1715 3651 1940 3706 ἐκείνων

362 3750 698 3822 πρεσϐευτῇ.
741 3749 1049 3803 Ἦπίστατο
1085 3747 1219 3816 γὰρ,
1280 3746 1357 3810 ὡς
1399 3743 1940 3815 ἁπαυθαδιαζόμενος

360 3845 464 3897 οὒκ
491 3842 557 3898 ἂν
590 3842 765 3895 ἕλοιτο
812 3839 942 3895 ἄνευ
991 3840 1099 3894 τῶν
1143 3837 1426 3909 ἑπομένων
1468 3836 1543 3900 ὡς
1571 3836 1793 3907 βασιλέα
1822 3853 1942 3906 φοι-

360 3936 552 4008 τῆσαι,
608 3934 724 3989 ἀλλ’
773 3933 963 4003 ὥσπερ
1019 3930 1186 4002 ήνίκα
1241 3928 1395 4000 παρὰ
1432 3928 1811 3982 Ἰουστινιανδν
1848 3926 1941 3993 ξὺν

363 4030 536 4084 ἅπασι
572 4028 685 4091 τοῖς
720 4026 837 4096 ἅμα
866 4023 1050 4086 αὐτοῖς
1098 4020 1209 4075 τῶν
1238 4018 1571 4091 Σαρακηνῶν
1601 4020 1651 4073 oi
1683 4018 1942 4091 πρέσϐεις

364 4122 633 4191 ἐγίνοντο,
668 4116 875 4172 καὶτὸν
906 4115 954 4148 ³⁵
982 4113 1124 4168 οὕτω
1157 4111 1444 4185 βούλεσθαι
1472 4111 1534 4165 τὸ
1556 4110 1789 4180 σύνηθες
1823 4110 1942 4165 δια-

365 4212 613 4278 σώζοντα
663 4210 935 4281 ποιήσειν.
989 4203 1272 4260 Ἐντεῦθέν
1318 4220 1378 4258 τε
1423 4203 1778 4275 εὐπρόσωπον
1806 4202 1944 4275 ᾤετο

361 4307 506 4375 ἕξειν
556 4302 756 4370 αίτίαν,
807 4300 882 4365 ὡς
915 4298 1077 4362 αὐτὸς
1118 4296 1219 4369 μὲν
1247 4295 1318 4350 τὰ
1359 4295 1597 4367 ἁρμόδια
1631 4295 1844 4367 βασιλεῖ
1861 4295 1943 4349 δι-

364 4394 665 4469 επράξατο,
689 4396 718 4449 6
742 4392 800 4447 δὲ
827 4388 1149 4463 Σαρακηνδς
1174 4387 1380 4460 ἥκιστα
1417 4386 1559 4456 ἔγνω
1600 4386 1672 4440 τὰ
1713 4386 1902 4440 δέοντα
1924 4402 1939 4417 ο

2044 548 2343 615 linebatur,
2392 551 2560 604 vitam
2620 560 2798 605 morte
2847 550 3221 604 commutavit.
3280 549 3389 606 Nec
3455 554 3628 611 multo

2046 652 2171 712 post
2195 641 2433 698 Joannes
2455 656 2670 712 quoque
2701 652 2949 696 mortuus
2983 652 3086 697 est.
3116 640 3241 696 Post
3271 642 3383 696 haec
3418 642 3628 711 Byzan-

2038 738 2170 789 tium
2207 735 2491 789 nuntiatur
2554 734 2811 789 advenire
2855 734 3019 788 alium
3052 734 3308 803 legatum,
3349 734 3626 790 Mebodem

2036 828 2279 881 nomine.
2338 824 2391 879 ιε
2451 840 2587 879 vana
2652 825 2977 881 confidentia
3044 825 3259 880 inﬂatus
3321 827 3374 880 in
3424 826 3627 896 regiam

2036 916 2308 987 pervenit,
2339 932 2591 987 magnam
2626 932 2775 987 spem
2810 918 3033 980 habens,
3065 932 3373 972 sermonem
3421 930 3624 973 motum

2036 1009 2202 1078 iri;de
2230 1008 2455 1073 Suania,
2500 1023 2666 1078 seque
2707 1010 2882 1065 fmdus
2913 1024 2979 1064 ex
3029 1009 3316 1063 Persarum
3347 1008 3618 1063 sententia

2038 1102 2330 1158 facturum.
2368 1100 2479 1158 liae
2512 1103 2842 1174 cogitatione
2879 1102 3074 1166 elatus,
3107 1101 3233 1155 dum
3296 1101 3618 1172 Byzantium

2036 1194 2141 1248 iter
2160 1194 2341 1260 habet,
2363 1195 2728 1263 arrogantius,
2763 1206 2923 1259 quam
2946 1192 3180 1263 legatum
3213 1192 3461 1256 decebat,
3494 1206 3621 1261 erga

2034 1300 2247 1350 omnes,
2298 1286 2623 1354 quibuscum
2679 1286 2956 1350 convenit,
2983 1298 3042 1337 se
3088 1283 3279 1352 gessit.
3344 1280 3418 1335 Ut
3447 1270 3617 1344 venit,

2036 1376 2358 1447 imperator,
2405 1377 2497 1445 qui
2550 1376 2789 1431 hominis
2821 1374 3189 1444 arrogantiam
3241 1381 3297 1427 et
3355 1372 3616 1442 importu-

2036 1467 2287 1529 nitatem,
2333 1477 2389 1522 et
2426 1482 2655 1537 quorum
2689 1466 3107 1522 obtinendorum
3146 1479 3243 1533 spe
3299 1463 3407 1517 iter
3457 1463 3618 1518 insti-

2038 1561 2251 1627 tuisset,
2277 1559 2392 1629 jam
2444 1560 2745 1623 didicerat,
2795 1558 3191 1628 gratulationes
3246 1570 3277 1608 a
3333 1554 3624 1609 Persarum

2036 1668 2163 1726 rege
2230 1655 2481 1725 benigne,
2540 1662 2603 1709 ut
2632 1668 2748 1709 mos
2769 1653 3145 1719 erat,excepit.
3180 1650 3288 1705 Sed
3339 1649 3624 1706 Mebonlem

2039 1748 2338 1818 imperator
2389 1746 2725 1816 contemptui
2774 1744 2984 1809 habuit,
3020 1758 3194 1811 neque
3226 1742 3302 1796 illi
3346 1742 3511 1795 ullum
3547 1742 3628 1796 ia-

2044 1837 2375 1893 miliaritatis
2407 1838 2619 1907 signum
2655 1835 2919 1890 exhibuit.
2957 1833 3052 1889 Sic
3106 1832 3182 1885 illi
3235 1839 3431 1901 praeter
3477 1845 3627 1898 spem

2042 1931 2241 2001 legatio
2270 1929 2457 1993 cessit,
2490 1944 2668 2000 neque
2708 1928 2879 1982 ullum
2932 1926 3152 1980 omnino
3180 1924 3406 1979 verbum
3456 1923 3629 1992 impe-

2042 2031 2192 2077 rator
2224 2022 2291 2077 de
2320 2021 2524 2076 Suania
2558 2019 2708 2074 fecit.
2767 2017 2972 2071 Deinde
3005 2014 3257 2069 Mebodes
3292 2027 3631 2083 magnopere

2042 2113 2217 2185 petiit,
2250 2124 2311 2168 ut
2348 2110 2657 2176 Saracenis,
2702 2108 2793 2180 qui
2824 2123 2949 2185 cum
2984 2121 3051 2162 eo
3114 2115 3291 2170 erant,
3331 2105 3629 2174 imperato-

2042 2183 2158 2258 rem
2203 2202 2436 2258 adeundi
2473 2208 2719 2270 potestas
2750 2183 2929 2266 ﬂesset.
2987 2196 3161 2251 Erant
3196 2193 3343 2249 enim
3411 2195 3463 2248 in
3504 2194 3629 2264 ejus

2042 2294 2303 2350 comitatu
2361 2293 2579 2347 circiter
2620 2288 2979 2360 quadraginta
3041 2286 3263 2356 proprio
3314 2284 3493 2354 legato
3535 2298 3627 2352 pa-

2042 2395 2245 2443 rentes.
2277 2384 2693 2439 Miseratautcm
2737 2395 2860 2435 cum
2910 2376 3133 2431 Mebode
3169 2375 3426 2439 Ambrus,
3457 2374 3627 2429 Sara-

2042 2490 2298 2533 cenorum
2332 2472 2685 2545 phylarchus.
2717 2480 2773 2523 et
2814 2471 2927 2538 ipse
2960 2469 3194 2535 legatos,
3243 2466 3332 2534 qui
3365 2465 3429 2519 de
3462 2480 3627 2533 pecu-

2043 2568 2171 2632 niis,
2218 2579 2357 2636 quas
2401 2579 2431 2618 a
2500 2560 2809 2617 Justiuiano
2874 2559 3319 2626 impetraverant,
3374 2562 3618 2623 agerent.

2044 2661 2232 2730 Itaque
2250 2673 2371 2714 cum
2427 2655 2700 2718 Mehodes,
2728 2659 2985 2722 quantum
3012 2648 3079 2702 ad
3106 2646 3367 2700 Suaniam
3422 2646 3626 2700 attine-

2044 2752 2160 2817 bat,
2182 2764 2275 2818 spe
2310 2762 2407 2802 sua
2442 2745 2761 2807 excidisset,
2804 2756 2869 2794 ne
2906 2740 3052 2793 nulla
3100 2754 3159 2793 re
3187 2738 3417 2792 obtenta
3446 2736 3625 2789 disce-

2044 2839 2218 2902 deret,
2249 2849 2381 2891 cura
2411 2832 2557 2887 omni
2586 2828 2886 2894 contendit,
2931 2837 2989 2880 ut
3021 2824 3416 2881 Saracenorum
3460 2824 3624 2891 legati

2044 2933 2249 2988 aditum
2279 2931 2347 2982 ad
2405 2926 2787 2994 imperatorem
2844 2918 3309 2974 nanciscerentur.
3340 2915 3416 2968 De
3453 2928 3516 2968 ea
3566 2927 3626 2967 ro

2044 3037 2167 3077 cum
2226 3017 2467 3073 Mebodis
2518 3013 2820 3069 orationem
2887 3009 3184 3077 imperator
3253 3003 3622 3070 excepisset,

2050 3134 2071 3168 ‹
2108 3112 2247 3182 Quid
2284 3108 2441 3165 nobis
2469 3107 2676 3171 volunt,
2709 3101 2903 3172 inquit,
2930 3096 3230 3153 Saraceni?
3265 3114 3283 3147 ι
3316 3093 3387 3149 Ut
3413 3094 3626 3148 instan-

2045 3214 2151 3259 tem
2196 3200 2351 3265 vidit,
2386 3195 2658 3253 concessit
2701 3205 2889 3247 eorum
2935 3188 3133 3257 legato,
3169 3193 3228 3239 ut
3262 3182 3410 3239 solus
3450 3182 3517 3237 ad
3564 3195 3627 3238 se

2041 3293 2344 3349 accederet.
2368 3287 2551 3355 Neque
2582 3282 2727 3338 enim
2759 3280 3014 3350 legatum,
3044 3276 3139 3345 qui
3169 3274 3454 3342 superbior
3469 3282 3611 3336 erat,

2045 3385 2397 3443 toleraturum
2450 3373 2818 3434 existimabat,
2883 3377 2942 3422 ut
2991 3366 3212 3422 remotis
3251 3364 3540 3419 comitibus
3570 3365 3625 3417 in

2042 3469 2385 3544 imperatoris
2423 3465 2580 3536 105
2601 3470 2951 3531 conspectum
2993 3458 3244 3512 veniret:
3282 3455 3377 3509 sed
3429 3468 3625 3523 quem-

2043 3564 2332 3620 admodum
2366 3558 2639 3629 quondam
2684 3556 3073 3621 imperatorem
3122 3547 3486 3602 Justinianum
3532 3559 3627 3600 eo-

2043 3666 2162 3708 rum
2197 3648 2497 3719 legaticum
2550 3641 2804 3698 omuibus
2850 3637 3141 3692 comitibus
3190 3634 3303 3689 suis
3338 3634 3622 3697 adiissent,

2045 3744 2187 3796 hunc
2206 3751 2424 3809 quoque
2461 3730 2794 3805 pertinacius
2837 3728 2890 3783 in
2921 3741 2986 3781 eo
3017 3724 3366 3794 perstiturum
3389 3735 3532 3787 esse,
3566 3730 3627 3777 ut

2044 3847 2163 3889 mos
2198 3830 2389 3887 solitus
2420 3830 2823 3883 observaretur.
2849 3820 2967 3887 Qua
3025 3819 3078 3872 in
3113 3833 3171 3871 re
3232 3816 3529 3884 imperator
3564 3829 3627 3869 se

2043 3924 2232 3996 optimi
2264 3923 2405 3994 juris
2445 3919 2680 3990 speciem
2708 3931 2820 3987 pra:
2849 3930 2909 3969 se
2941 3913 3173 3967 laturum
3201 3924 3326 3964 esse
3357 3908 3625 3978 speravit,

2043 4017 2185 4088 quod
2215 4017 2331 4086 ipse
2348 4028 2468 4085 qua:
2495 4014 2878 4082 imperatorem
2905 4005 3184 4064 decerent,
3230 4002 3471 4063 fecisset,
3519 3999 3623 4053 Sa-

2046 4124 2277 4166 racenos
2302 4114 2480 4161 autem
2507 4102 2750 4164 minime,
2789 4113 2911 4170 qua
2942 4097 3058 4151 ﬂeri
3085 4095 3437 4164 oportuisset,
3467 4091 3626 4146 intel-

2047 4202 2312 4258 lexisset:
2363 4198 2429 4254 'se
2478 4195 2641 4266 igitur
2693 4204 2913 4248 omnem
2962 4187 3178 4256 culpam
3226 4185 3280 4239 in
3327 4185 3625 4237 Barbarum

2045 4289 2442 4361 coujecturum.
2492 4284 2678 4352 Neque
2706 4281 2868 4337 aliter
2901 4293 2987 4333 res
3011 4277 3231 4340 cecidit,
3250 4290 3408 4345 quam
3449 4272 3628 4343 suspi-

2046 4395 2202 4441 catus
2259 4384 2435 4437 fuerat
2486 4381 2799 4448 imperator.
2842 4373 3056 4426 Etenim
3114 4368 3420 4423 Saracenus
3480 4364 3624 4419 haud

365 4456 486 4543 εἷτά
505 4456 733 4557 κατὰ-δὴ
762 4482 859 4539 τοῦ
885 4456 1177 4554 έαρϐόρου
1199 4456 1707 4551 γὰντιστραφήσεται
1735 4477 1797 4532 τὸ
1830 4478 1945 4533 trti-

2046 4475 2305 4533 decorum
2332 4472 2438 4529 sibi
2475 4482 2600 4527 esse
2631 4464 2973 4525 existimans,
3016 4460 3188 4516 solum
3220 4459 3337 4514 sine
3372 4456 3480 4511 ullo
3529 4471 3626 4510 co-

366 4581 576 4651 κλημα.
621 4576 734 4632 Καὶ
780 4576 882 4630 οὐκ
925 4572 1040 4647 [ἂν]
1076 4572 1254 4636 ἄλλως
1294 4570 1496 4639 ἀπέϐη,
1544 4570 1578 4642 ἢ
1612 4571 1659 4604 ⁵⁸
1692 4570 1943 4642 βασιλεὺς

368 4673 722 4743 ἐστοχάσατο.
763 4671 822 4724 Ὀ
853 4671 962 4740 γὰρ
999 4667 1065 4737 δή
1092 4664 1411 4735 Σαρακηνὸς
1436 4663 1684 4735 ἀπρεπὲς
1709 4658 1851 4717 εἶναι
1872 4666 1945 4717 4:6

370 4767 625 4837 παρεῖναι
660 4764 708 4817 oi
743 4763 889 4833 μόνῳ
917 4760 991 4824 ὡς
1022 4757 1245 4830 βασιλέα
1266 4755 1644 4827 ὑποτοπήσας,
1682 4755 1777 4810 καὶ
1815 4755 1944 4810 τδ¹⁶

370 4858 655 4930 κρατῆσαν
687 4854 849 4926 δῆθεν
900 4850 1195 4907 καταλύειν
1228 4850 1327 4920 οὐχ
1359 4848 1603 4920 αἱρετέον
1633 4847 1802 4919 αὐτῷ,
1836 4850 1944 4903 ἀπ-

368 4951 605 5021 ηνήνατο
646 4945 744 5020 τὴν
796 4947 854 5009 ἒς
892 4943 1117 5016 βασιλέα
1155 4942 1410 5011 πάροδον.
1450 4941 1586 4994 Τότε
1629 4941 1658 4994 6
1692 4940 1944 5012 βασιλεὺς

366 5039 458 5093 τδν
489 5038 591 5109 μὲν
624 5034 944 5108 Σαρακηνὸν
996 5035 1306 5088 τελεώτατα
1354 5032 1804 5103 περιεφρόνησεν,
1835 5033 1865 5085 6
1887 5032 1944 5085 δὲ

369 5133 427 5195 ἐς
450 5131 542 5184 τδν
563 5128 796 5199 Μεϐὠδη
824 5128 1119 5199 παρήγαγε
1145 5126 1245 5189 τὰς
1277 5124 1480 5186 αἰτίας.
1511 5122 1570 5175 '0
1596 5122 1654 5199 δὲ
1677 5123 1785 5177 τῶν
1806 5124 1945 5195 Περ-

371 5192 481 5275 σών
515 5192 879 5290 πρεσϐευτὴς,
906 5192 932 5270 τι
962 5192 1038 5271 ἦ)
1066 5192 1324 5280 δέσποτα,
1358 5213 1559 5279 ἔλεξεν,
1598 5192 1659 5266 So
1712 5192 1945 5285 πάρειμι

372 5312 791 5381 συνεπαμύνων,
845 5312 961 5378 εῐγε
1004 5311 1032 5362 6
1068 5308 1386 5379 Σαρακηνὺς
1429 5305 1820 5377 ἐπλημμέλησέ
1869 5323 1945 5370 τι,

371 5402 547 5466 ἄλλως
600 5402 660 5455 δὲ
714 5402 1103 5472 ἀκουσόμενος,
1140 5401 1309 5465 ὅπως,
1359 5398 1408 5452 εί
1468 5398 1567 5469 μὲν
1608 5398 1843 5470 ἁρμόδια
1869 5399 1946 5470 τῷ

368 5496 568 5567 δικαίῳ
588 5495 763 5565 λέγει,
803 5496 879 5567 μὴ
909 5493 1268 5565 περιόψομαι,
1298 5495 1347 5546 εί
1367 5490 1425 5546 δέ
1450 5507 1514 5561 γε
1547 5490 1606 5555 ἐς
1631 5491 1946 5546 τούναντίον

2050 4572 2243 4628 mitatu
2297 4566 2366 4622 ad
2419 4564 2804 4634 imperatorem
2834 4554 3116 4619 accedere,
3145 4564 3321 4620 neque
3359 4565 3389 4603 a
3440 4560 3617 4610 more,

2044 4663 2138 4734 qui
2180 4656 2497 4730 jamdudum
2547 4652 2879 4716 obtinuerat,
2935 4647 3037 4703 sibi
3084 4641 3449 4700 recedendum
3499 4652 3623 4694 esse

2044 4762 2223 4818 ratus,
2256 4746 2604 4820 imperatoris
2661 4744 2866 4800 aditum
2892 4739 3091 4795 renuit.
3146 4736 3300 4791 Tunc
3327 4734 3629 4803 imperator

2046 4846 2204 4900 valde
2240 4841 2484 4913 despexit
2529 4838 2860 4895 Saracenum
2893 4873 2910 4899 ,
2959 4832 3027 4887 de
3076 4844 3181 4899 qua
3218 4841 3278 4882 re
3321 4841 3443 4881 cum
3485 4824 3625 4893 apud

2046 4937 2325 4994 Mebodem
2370 4942 2594 5005 questus
2653 4939 2820 4994 esset,
2856 4926 3145 4981 Persarum
3191 4921 3405 4991 legatus
3451 4918 3626 4987 impe-

2047 5030 2215 5087 ratori
2260 5028 2437 5085 dixit:
2468 5045 2487 5080 r
2542 5024 2654 5096 Ego
2676 5022 2918 5092 quidem,
2946 5017 3182 5079 domine,
3202 5018 3425 5079 adsum,
3480 5010 3624 5065 haud

2051 5125 2418 5184 defensionem
2448 5128 2799 5188 suscepturus
2829 5110 3114 5175 Saraceni,
3144 5107 3191 5163 si
3224 5107 3279 5161 in
3313 5106 3498 5173 aliquo
3530 5102 3626 5155 de-

2049 5216 2289 5288 liquerit,
2351 5215 2444 5270 sed
2497 5226 2613 5267 rem
2638 5207 2976 5280 cogniturus,
3005 5212 3085 5269 ut,
3122 5200 3170 5257 si
3203 5212 3389 5253 verum
3539 5206 3625 5288 me

2052 5284 2324 5374 detulerit,
2371 5319 2594 5363 causam
2629 5302 2745 5370 ejus
2791 5313 2900 5355 non
2963 5296 3209 5353 deseram
3245 5328 3262 5356 ,
3298 5289 3381 5345 sin
3424 5284 3622 5354 injuria

2050 5414 2339 5459 accusasse
2365 5395 2667 5468 apparebit,
2696 5407 2796 5464 ego
2833 5392 3012 5463 ipsum
3049 5387 3424 5443 condemnem.
3464 5396 3483 5429 ι
3522 5376 3623 5430 Cni

2052 5497 2348 5565 imperator
2381 5490 2676 5547 mordens:
2738 5503 2757 5538 ι
2803 5483 3007 5542 Venisti
3041 5480 3206 5550 igitur
3249 5490 3355 5531 non
3398 5470 3628 5537 legatio-

1668 5601 1906 5657 VARIE
1939 5600 2348 5660 LECTIONES.

442 5703 567 5775 3".”
618 5700 859 5771 νοσώδης
896 5703 1041 5775 ναῖε·
1085 5701 1143 5775 ’,¹,
1172 5696 1545 5775 εξφῖίκῷμξςνος
1576 5698 1741 5775 fulsi
1814 5699 1859 5731 "
1880 5696 2105 5771 τοιαύτῃ
2140 5698 2227 5764 8.,
2270 5693 2441 5766 ταύτῃ
2464 5693 2613 5765 vulg.
2687 5691 2735 5725 "
2772 5690 2918 5761 ἡμᾶς
2941 5686 3087 5758 vulg.
3159 5683 3206 5716 “
3228 5679 3324 5735 καὶ
3358 5672 3511 5730 τόνδε
3542 5669 3616 5730 ll.

374 5774 475 5847 ⁸σῆ
503 5772 594 5842 Ν..
627 5792 679 5829 τι
705 5767 873 5845 vulg.,
901 5767 1067 5847 ἥδ’-ει
1101 5769 1168 5826 H.
1240 5770 1285 5805 "
1314 5767 1499 5837 τὺυη
1536 5767 1612 5840 τῷ
1655 5767 1799 5839 vulg.
