4076 6414
496 317 606 380 803
1459 311 1860 374 EXCERPTA
1894 307 1999 368 EX
2041 306 2106 365 Μῖ

2177 306 2470 366 \‘ANDRO
2507 303 3006 368 PROTECTORE
3151 316 3160 320 '
3677 304 3787 371 804

497 430 587 484 nis
624 439 822 481 munus
843 424 1124 490 obiturus,
1160 424 1254 480 sed
1277 423 1475 492 iudicis
1505 424 1687 479 olIicio
1719 422 2026 476 functurus.
2058 437 2077 469 ι

2159 419 2487 489 ,ὀφθήσεται
2521 418 2724 483 ἀδίκως
2747 418 3090 487 ἐπεγκαλῶν,
3123 416 3286 482 αὐτὸς
3329 415 3441 485 ἐγὼ
3481 417 3769 474 καταδιαι-

496 520 567 572 At
611 517 863 573 Hebodes
889 518 1082 572 acerba
1121 525 1177 570 et
1205 516 1446 570 mordaci
1487 512 1835 583 imperatoris
1863 524 2090 580 respon-

2199 512 2356 580 τήσω
2405 510 2499 564 τοῦ
2573 511 2918 581 Σαρακηνοῦ.
2957 510 3017 563 '0
3069 509 3327 579 βασιλεὺς
3377 509 3740 573 ἐπιτωθάζων
3768 551 3783 573 ,

498 614 656 668 sione
684 611 944 666 confusus
976 610 1198 664 erubuit
1242 608 1415 674 vultu,
1443 617 1605 676 atque
1633 605 1927 660 confestim
1991 604 2093 656 im-

2201 623 2219 656 r
2237 605 2429 668 Ἥκεις
2456 605 2524 668 ⁸⁷,
2552 603 2628 667 ὡς
2653 604 2850 669 ἔοικεν,
2867 604 2988 674 οὐχὶ
3010 602 3479 675 πρεσϐευσόμενος
3501 642 3518 668 ,
3539 602 3675 656 ἀλλὰ
3705 603 3789 656 δι-

496 714 772 771 peratore,
805 700 948 754 sicut
986 700 1067 754 fas
1121 706 1260 759 erat,
1303 698 1562 760 salutato,
1599 698 1846 752 recessit.
1897 692 2090 748 Paucis

2196 698 2414 749 xa’tswv.
2433 714 2451 747 ›
2491 694 2550 748 '0
2584 694 2849 765 Μεϐώδης
2879 695 3078 748 αὐτίκα
3107 695 3136 747 ὅ
3173 711 3236 762 γε
3270 694 3346 764 τῷ
3375 693 3662 766 πληκτικῷ
3687 693 3787 748 τοῦ

501 807 624 864 post
653 795 842 850 diebus
879 794 1074 846 iterum
1112 790 1370 846 Mebodes
1401 791 1790 860 imperatorem
1841 787 1998 850 adiit,
2035 793 2091 840 et

2195 787 2356 854 λόγου
2394 787 2637 857 συγχέας
2663 787 2724 838 τὺ
2759 787 3054 856 πρόσωπον
3087 785 3445 854 ἐφοινίττετο.
3480 787 3787 858 Τοιγαροῦν

499 885 822 954 suppliciter
883 883 1199 952 postulavit,
1252 882 1587 937 Saracenum
1623 881 1690 934 ad
1742 895 1866 933 eum
1920 880 2093 932 intro-

2198 877 2547 946 παραχρῆμα
2575 875 2665 928 τὸν
2685 874 3065 945 αὐτοκράτορα
3090 873 3410 945 προσειπὼν
3431 869 3578 948 ᾗπερ
3599 873 3783 940 θέμις,

495 977 647 1038 duci,
681 983 736 1030 et
763 975 1098 1043 imperatore
1129 974 1427 1038 abnuente,
1454 972 1680 1034 minime
1701 970 1910 1041 iustum
1947 983 2089 1033 esse,

2195 968 2368 1032 οὔτως
2391 966 2765 1038 ἀνεχώρησεν.
2809 965 3054 1034 Ὀλίγαις
3082 966 3139 1019 δὲ
3165 965 3398 1036 ὕστερον
3422 966 3662 1036 ἡμέραις
3684 963 3787 1020 αὖ·-

497 1069 636 1121 dixit
673 1065 924 1121 Mebodes
969 1106 985 1132 ,
1026 1064 1128 1119 sibi
1175 1079 1282 1119 non
1321 1064 1509 1118 eadem
1561 1061 1828 1131 perﬁcere
1878 1059 2042 1114 licere
2071 1099 2087 1122 ,

2195 1059 2278 1124 θις
2324 1061 2382 1122 ἐς
2427 1060 2498 1112 τὰ
2547 1058 2798 1128 βασίλεια
2851 1057 3140 1129 παρελθὼν
3191 1060 3493 1129 παρῃτεῖτο
3527 1058 3785 1128 λιπαρῶς

497 1172 620 1225 quae
674 1155 875 1210 Zichus
927 1165 1058 1210 ante
1116 1169 1176 1209 se
1233 1153 1440 1222 legatus
1483 1151 1826 1221 perfecisset.
1872 1167 1890 1200 ι
1951 1145 2088 1200 Nam

2195 1151 2456 1220 περὶτῆς
2480 1149 2588 1202 τῶν
2621 1149 2958 1220 Σαρακηνῶν
2997 1149 3228 1204 εἰσόδου.
3263 1148 3368 1202 Τοῦ
3413 1148 3470 1201 δέ
3517 1149 3788 1219 βασιλέως

499 1241 688 1303 nostra
723 1247 1010 1312 memoria,
1041 1246 1240 1315 inquit,
1277 1243 1538 1299 Saraceni
1598 1242 1664 1295 ad
1700 1241 2089 1310 imperatorem

2195 1241 2549 1305 ἀνανεύοντος
2575 1279 2591 1303 ,
2619 1242 2716 1310 οὐχ
2747 1242 2896 1294 ὅσιον
2949 1241 3189 1310 ἔφασκεν
3241 1235 3383 1293 εἶναι
3419 1241 3493 1311 μὴ
3520 1240 3588 1293 τά
3617 1240 3665 1272 ⁹⁸
3683 1243 3787 1293 ὅσα

496 1355 602 1394 una
659 1355 783 1395 cum
861 1340 982 1407 ipso
1039 1347 1411 1393 accesserunt.
1478 1337 1666 1405 Itaque
1715 1343 1932 1404 oportet
2006 1345 2092 1385 me

2197 1335 2448 1388 ἐπετέλει
2506 1333 2612 1404 πρὸ
2663 1332 2758 1385 τοῦ
2804 1331 2956 1399 παρὰ
2987 1330 3294 1400 Ῥωμαίους
3341 1330 3788 1401 πρεσϐευόμενος

496 1429 688 1485 iisdem
725 1430 850 1494 frtri,
886 1429 1090 1499 quibus
1126 1429 1238 1495 ille,
1271 1443 1340 1483 ne
1381 1428 1436 1480 in
1486 1426 1673 1496 aliquo
1710 1425 1853 1478 inter
1889 1423 2090 1476 Roma-

2194 1427 2222 1478 6
2251 1425 2370 1494 Ζὶχ,
2401 1425 2498 1477 καὶ
2547 1425 2648 1492 ἐμὲ
2695 1420 2853 1484 αὖθις
2901 1423 3195 1478 ἐπιτελεῖν.
3223 1424 3285 1476 Ol
3322 1422 3429 1493 γὰρ
3481 1422 3604 1475 καθ’
3631 1423 3785 1492 ἡμᾶς

499 1537 598 1576 nos
627 1533 679 1576 et
708 1522 901 1576 Persas
944 1521 1177 1575 induciae
1209 1520 1320 1574 sint
1355 1518 1756 1588 quodammodo
1779 1515 2012 1567 violatur.
2065 1532 2084 1564 ι

2196 1516 2508 1586 Σαρακηνο)⁸
2541 1515 2658 1584 ἆμα
2705 1515 2856 1584 αύτῷ
2910 1517 3064 1584 παρὰ
3113 1513 3342 1584 βασιλέα
3389 1512 3653 1581 ἐγίνοντο.
3695 1515 3790 1565 Δεῖ

498 1613 580 1669 Ad
605 1628 725 1683 quae
753 1613 1054 1682 imperator
1097 1609 1378 1665 iracundia
1430 1609 1720 1679 percitus:
1761 1624 1781 1656 ‹
1826 1605 1884 1659 Si
1921 1605 2091 1674 igitur

2194 1604 2288 1662 οὖν
2317 1611 2414 1662 καὶ
2438 1609 2540 1679 ἐμὲ
2566 1608 2674 1662 τῶν
2702 1611 2834 1662 ἴσων
2869 1608 3067 1678 ἐκείνῳ
3099 1607 3418 1669 ἀπολαύειν,
3468 1606 3545 1669 ὡς
3593 1608 3661 1660 ἄν
3708 1606 3787 1677 μὴ

498 1704 702 1758 Zichus
747 1704 800 1757 in
833 1703 1123 1768 adulterio,
1156 1712 1252 1756 aut
1282 1701 1464 1769 aliquo
1512 1700 1619 1754 alio
1671 1699 1821 1768 gravi
1861 1697 2091 1752 crimine

2195 1699 2385 1770 ὥσπερ
2424 1699 2807 1770 λελωϐημέναι
2853 1693 2989 1753 ὦσιν
3045 1701 3100 1751 αἱ
3133 1698 3338 1768 μεταξὺ
3374 1697 3664 1768 Ῥωμαίων
3720 1715 3784 1750 τε

499 1794 879 1862 deprehensus
931 1801 1099 1856 esset,
1135 1802 1192 1846 tu
1242 1791 1388 1844 illius
1419 1789 1662 1858 vestigiis
1699 1788 1794 1842 tibi
1830 1786 2086 1841 insisten-

2190 1793 2283 1846 καὶ
2304 1765 2528 1863 Περσῶν
2561 1765 2849 1862 συνθῆκαι.
2908 1791 2966 1844 Ὁ
3000 1765 3255 1862 βασιλεὺς
3293 1791 3431 1862 πρὸς
3470 1765 3645 1844 ταῦτα
3671 1792 3783 1862 ὁρ-

499 1889 626 1940 dum
680 1884 1168 1953 putares?Annou
1219 1883 1416 1945 sentis,
1461 1891 1512 1935 te
1546 1896 1666 1934 cum
1713 1879 2088 1933 Romanorum

2191 1883 2360 1952 γίλως
2380 1883 2520 1953 ἔχων
2550 1899 2564 1913 ο
2599 1900 2619 1934 t
2655 1885 2721 1936 Τί
2774 1879 2890 1950 οὖν,
2925 1883 2974 1936 εί
3003 1883 3098 1936 καὶ
3131 1881 3458 1953 πεφώραται
3487 1882 3516 1934 6
3545 1885 3645 1954 Ζὶχ
3689 1884 3787 1936 ἐπὶ

498 1973 835 2041 imperatore
883 1981 938 2026 et
969 1969 1185 2026 Justino
1234 1985 1544 2045 sermonem
1578 1969 1782 2024 habere
1810 1968 1832 2020 ?
1866 1986 1885 2019 ι
1947 1964 2089 2020 Tum

2196 1973 2414 2045 μοιχείᾳ
2456 1974 2552 2026 καὶ
2580 1972 2755 2043 ἑτέρῳ
2805 1973 2914 2043 ὅτῳ
2960 1973 3394 2044 πλημμελήματι
3437 1974 3546 2027 τῶν
3578 1975 3784 2043 ἀνηκέ-

497 2071 883 2118 consternatus
922 2061 1176 2116 blebodes
1227 2075 1338 2131 pra:
1393 2074 1594 2129 pavore
1645 2073 1848 2128 pronus
1886 2056 1939 2110 in
1981 2065 2091 2110 ter-

2195 2083 2336 2118 στων
2372 2065 2557 2130 ἁλοὺς,
2591 2067 2686 2118 καὶ
2733 2065 2818 2118 σοὶ
2860 2065 2981 2118 κατ’
3023 2067 3168 2136 ἴχνος
3221 2065 3418 2136 ἐκείνῳ
3453 2066 3605 2133 ίτέα;
3645 2067 3678 2137 ἦ
3717 2066 3783 2119 οὗ

499 2166 616 2204 ram
651 2165 712 2205 se
759 2151 827 2204 ad
862 2151 978 2218 eius
1031 2150 1196 2218 pedes
1246 2149 1546 2220 prostravit
1597 2159 1652 2203 et
1701 2148 1766 2202 ad
1808 2146 2088 2201 mendacia

2199 2157 2530 2227 ξυναισθάνῃ
2589 2155 2804 2225 βασιλεῖ
2850 2156 3138 2226 Ῥωμαίων
3197 2160 3290 2209 καί
3337 2158 3609 2224 ’ῐουστίνῳ
3666 2157 3785 2209 δια·

497 2238 816 2310 coufugiens
861 2241 1102 2309 negavit,
1155 2256 1183 2294 a
1225 2255 1286 2296 se
1318 2241 1442 2294 talia
1473 2239 1684 2310 prolata
1720 2237 1910 2293 fuisse.
1971 2237 2088 2304 Qua

2192 2245 2486 2315 λεγόμενος
2511 2262 2526 2311 ς
2554 2263 2572 2296 ι
2614 2244 2749 2296 Τότε
2772 2243 3198 2314 κατορῤωδήσας
3232 2247 3259 2297 6
3295 2243 3584 2314 Μεϐὡδης,
3622 2262 3785 2313 περι-

495 2331 852 2384 excusatione
881 2345 1004 2384 cum
1032 2338 1301 2396 uteretur,
1358 2331 1658 2400 imperator
1693 2329 1852 2384 fidem
1885 2328 2090 2382 habere

2191 2336 2318 2406 δεής
2356 2353 2417 2389 τε
2445 2335 2762 2405 γενόμενος,
2793 2335 3006 2406 πρηνὴς
3037 2335 3217 2388 ἔκειτο
3249 2336 3336 2388 ἐπ’
3365 2335 3616 2404 ἐδάφους,
3644 2339 3787 2404 πρ³ς

495 2421 808 2486 videbatur,
864 2432 920 2477 et
973 2423 1154 2477 dixit:
1218 2442 1236 2474 ι
1300 2421 1526 2477 Videtur
1590 2422 1752 2492 igitur
1816 2423 2089 2490 interpres

2195 2428 2424 2500 ἄρνησίν
2455 2445 2515 2480 τε
2565 2426 2930 2496 καταφεύγων
2986 2428 3081 2478 κα)⁸
3128 2426 3480 2496 ἀναινόμενος
3529 2428 3805 2498 εἰρῆσθαί·

500 2513 658 2569 nobis
686 2515 790 2567 alia
813 2529 911 2584 pro
937 2514 1062 2568 aliis
1093 2515 1456 2585 suggessisse.
1483 2515 1674 2585 Itaque
1703 2516 1746 2568 si
1796 2514 1933 2568 nihil
1971 2529 1999 2568 a
2033 2524 2088 2568 te

2190 2522 2240 2574 οί
2271 2521 2340 2575 τὰ
2374 2520 2574 2574 τοιάδε.
2612 2519 2853 2592 Τοιαύτῃ
2885 2520 2930 2552 ⁹⁹
2957 2518 3232 2590 ἀπολογίᾳ
3274 2518 3582 2590 χρωμένου,
3616 2521 3645 2570 6
3677 2521 3785 2572 αύ-

498 2608 704 2661 dictum
735 2617 820 2661 est
862 2606 1037 2662 oflicio
1073 2615 1130 2660 et
1153 2610 1352 2661 decoro
1405 2607 1664 2670 alienum,
1696 2606 1835 2661 scito
1871 2617 1924 2660 te
1970 2606 2087 2660 cri-

2188 2613 2480 2684 τοκράτωρ
2539 2612 2718 2678 ἔδοξεν
2786 2611 3095 2678 ὑπάγεσθαι
3141 2614 3205 2682 τῇ
3253 2605 3450 2674 πειθοῖ,
3487 2610 3640 2676 ἔλεξέ
3682 2629 3783 2664 τε·

499 2713 943 2768 menpurgasse.
985 2717 1004 2750 ι
1040 2699 1118 2753 Ad
1142 2701 1285 2753 liunc
1315 2700 1536 2754 modum
1573 2700 1871 2769 imperator
1893 2708 2087 2780 sponte

2197 2723 2216 2756 ι
2256 2707 2473 2759 Ἔοικεν
2502 2704 2596 2758 οὖν
2641 2707 2670 2757 6
2727 2703 3004 2775 ἑρμηνεὺς
3053 2704 3186 2772 ἡμῖν
3217 2702 3382 2774 ἕτερα
3427 2702 3544 2756 ἀνθ’
3573 2703 3790 2774 ἐτέρων

497 2806 586 2855 ea,
649 2805 770 2859 qua:
807 2791 948 2846 dicta
981 2791 1218 2855 fuerant,
1284 2806 1406 2845 cum
1438 2806 1626 2846 eorum
1686 2792 2082 2860 ignorationem

2189 2797 2416 2867 φράσαι.
2447 2797 2510 2850 Et
2538 2795 2721 2850 τοίνυν
2742 2795 2893 2849 οὐδὲν
2923 2795 3177 2848 λέλεκταί
3220 2813 3301 2848 σοι
3334 2797 3484 2866 παρὰ
3513 2795 3573 2848 τὸ
3604 2813 3787 2866 προσ-

496 2881 798 2947 simularet,
863 2881 1300 2938 dissimulatione
1359 2885 1647 2950 transegit,
1679 2894 1733 2935 et
1791 2883 1858 2936 ad
1915 2884 2084 2937 animi

2187 2890 2342 2959 ἧκον,
2374 2889 2482 2942 ίσθι
2501 2890 2561 2942 τὸ
2579 2889 2856 2960 ἐπίκλημα
2879 2889 3307 2959 ἀπονιψάμενος.
3333 2907 3350 2939 ι
3377 2887 3564 2951 Οὕτως
3582 2891 3608 2941 ό
3632 2888 3791 2959 βασι-

499 2971 810 3038 :equitatem
846 2979 928 3025 est
970 2971 1247 3039 delapsus,
1286 2987 1354 3026 ne
1411 2972 1552 3029 forte
1614 2974 1866 3029 Mebodes
1927 2976 2086 3046 106

2187 2975 2312 3038 λεὺς
2361 2977 2543 3030 ἑκοντὶ
2589 2979 3220 3048 ἁποπροσποιησάμενος
3247 2977 3315 3030 τὰ
3346 2979 3606 3049 λεχθέντα
3639 2980 3785 3051 πρὸς

500 3062 554 3115 in
613 3071 888 3130 posterum
931 3063 1086 3118 fieret
1139 3063 1419 3130 audacior,
1477 3076 1573 3120 aut
1628 3069 1808 3121 verbis
1863 3068 2080 3132 elatior,

2188 3063 2352 3116 αὑτοῦ
2375 3063 2596 3129 εἰδέναι,
2615 3064 2724 3118 τῶν
2741 3067 3048 3136 εἰρημένων
3069 3067 3166 3136 τὴν
3182 3067 3407 3135 ἄγνοιαν
3424 3068 3780 3140 ὑπεκρίνετο.

499 3167 622 3206 cum
698 3151 1084 3207 recordaretur
1164 3155 1552 3225 imperatorem
1625 3157 1898 3212 sermonis
1963 3157 2082 3226 eius

2190 3157 2286 3207 καὶ
2321 3155 2391 3225 δὴ
2422 3157 2481 3218 ἐς
2505 3115 2919 3229 abantis-rgo;
2976 3115 3308 3230 μετηνέχθη,
3340 3160 3415 3223 ὡς
3437 3160 3504 3214 ἂν
3540 3115 3615 3232 μζ)
3645 3115 3780 3233 θραζ

499 3243 894 3312 Impudentiam
929 3245 1404 3302 animadvertisse.
1449 3247 1639 3318 Itaque
1671 3263 1795 3303 cum
1841 3250 1923 3304 sic
1975 3249 2084 3303 im-

2194 3245 2421 3318 σύτερός
2469 3263 2529 3299 τε
2581 3249 2676 3300 καὶ
2731 3248 2871 3302 κατὰ
2917 3249 2977 3302 τὸ
3001 3249 3202 3320 μᾶλλον
3232 3250 3514 3322 ὑψαγόρας
3541 3251 3714 3305 ἔσοιτο
3741 3253 3773 3304 6

499 3347 723 3406 perator
747 3340 891 3409 quod
950 3340 1144 3405 sensit,
1179 3341 1558 3409 repressisset,
1589 3342 1845 3398 Mebodes
1892 3343 2084 3398 excla-

2191 3336 2463 3408 Μεϐὠδης
2493 3337 2572 3409 τῷ
2611 3341 2668 3402 ἐς
2717 3341 2928 3395 ἔννοιαν
2979 3341 3125 3413 ἔχειν
3153 3341 3455 3396 συνειδέναι
3489 3343 3580 3395 τὸν
3611 3343 3775 3397 αὐτο-

503 3429 725 3483 mavit:
788 3448 807 3482 ι
849 3431 1063 3486 Abeant
1121 3433 1174 3485 in
1233 3435 1432 3487 malam
1479 3450 1594 3488 rem
1635 3445 1690 3490 et
1742 3434 2084 3493 Saracenicm

2191 3432 2436 3504 κράτορα
2463 3435 2530 3504 τῇ
2560 3433 2824 3503 ῥημάτων
2874 3433 3198 3506 τραχύτητι.
3255 3432 3413 3486 Οὕτω
3461 3434 3524 3504 δὴ
3558 3429 3654 3486 οὗν
3679 3435 3777 3488 τοῦ

499 3529 689 3590 gentes
739 3537 931 3578 omnes
988 3533 1043 3578 et
1074 3523 1310 3579 Ambrus
1356 3526 1479 3596 ipse
1507 3536 1564 3582 et
1598 3527 1798 3598 legatio
1842 3544 2031 3584 eorum
2064 3546 2080 3583 :

2193 3523 2453 3594 βασιλέως
2503 3526 3033 3596 παρακρουσαμένου
3069 3526 3168 3596 τὴν
3217 3526 3492 3589 ὑπόνοιαν,
3519 3545 3538 3578 t
3569 3529 3781 3600 Οἰμω-

501 3612 633 3666 mihi
659 3628 786 3668 vero
815 3615 881 3669 de
911 3615 1044 3684 ipsis
1077 3615 1355 3671 silentium
1401 3619 1475 3673 sit
1500 3621 1677 3688 neque
1701 3621 1998 3691 quidquam
2029 3622 2082 3677 in

2190 3616 2350 3682 ζέτω,
2386 3613 2422 3689 ἦ
2453 3619 2510 3672 δὲ
2541 3619 2556 3649 ⁸
2591 3621 2619 3672 ὁ
2646 3619 2932 3688 Μεϐώδης,
2975 3621 3068 3672 καὶ
3109 3621 3176 3672 τὰ
3225 3621 3580 3690 Σαρακηνικὰ
3629 3621 3780 3692 φῦλα

501 3714 780 3772 posterum
811 3706 1012 3762 dicam.
1049 3726 1067 3759 ι
1121 3707 1253 3775 Quae
1302 3725 1428 3765 eum
1478 3712 1725 3778 dixisset,
1786 3713 2084 3782 imperator

2189 3711 2410 3765 ἅπαντα
2433 3710 2528 3764 καὶ
2566 3710 2813 3781 Ἀμϐρος
2850 3709 3012 3767 αὐτὸς
3061 3711 3156 3764 καὶ
3205 3713 3237 3780 ἡ
3297 3711 3564 3782 πρεσϐεία
3586 3715 3618 3780 ὴ
3648 3720 3775 3766 κατ’

497 3811 718 3865 quoque
747 3798 1036 3853 maledicta
1071 3799 1124 3853 in
1180 3800 1517 3856 Saracenum
1552 3802 1808 3871 coniecit,
1847 3819 2083 3873 eumque

2191 3800 2387 3863 αύτούς
2416 3817 2429 3830 ·
2466 3801 2590 3868 ἐμοὶ
2629 3799 2740 3870 γὰρ
2768 3799 2896 3870 σιγὴ
2944 3799 3118 3853 ἔσοιτο
3141 3799 3300 3853 ἕκατί
3326 3817 3386 3852 τε
3420 3800 3622 3863 αὐτῶν,
3662 3802 3781 3856 οὐδ’

499 3888 808 3944 institorem
847 3898 903 3944 et
948 3905 1251 3959 cauponem
1285 3893 1596 3962 appellavit.
1629 3895 1711 3949 Ad
1757 3895 1872 3952 haec
1921 3897 2080 3962 dixit,

2190 3892 2402 3960 εἴποιμί
2473 3909 2525 3944 τι
2577 3892 2785 3946 λοιπόν.
2831 3876 3099 3944 »Τούτων
3163 3891 3305 3944 οὓτω
3366 3893 3774 3963 κεκινημένων,

499 3995 558 4036 se
588 3981 806 4037 silentio
827 3983 1111 4050 prteterire
1139 3997 1244 4038 non
1274 3999 1454 4053 posse,
1497 4001 1601 4053 qua
1628 3989 1696 4041 de
1724 3987 2084 4057 causaimpe-

2191 3985 2419 4039 πλεῖστα
2461 3987 2562 4054 μὲν
2619 3986 2714 4038 καὶ
2771 3984 2907 4038 ἄλλα
2945 3987 2972 4038 6
3021 3983 3274 4055 βασιλεὺς
3311 3985 3407 4039 τὸν
3454 3987 3776 4056 Σαρακηνὺν

501 4073 702 4128 ratoris
723 4087 1073 4143 congressum
1119 4081 1406 4144 tantopere
1457 4078 1823 4147 concupisset.
1860 4097 1878 4130 ι
1915 4078 2084 4134 Scili-

2190 4071 2312 4130 εἷπε
2360 4077 2566 4140 κακῶς,
2615 4077 2715 4130 καὶ
2747 4077 2823 4140 ὡς
2872 4077 3204 4146 μεταϐολεύς
3255 4095 3314 4130 τε
3373 4077 3466 4131 καὶ
3502 4078 3774 4145 παλιγκά-

500 4172 592 4217 cet
624 4163 775 4227 dicit,
810 4178 869 4219 se
893 4180 923 4218 a
953 4165 1112 4221 nobis
1143 4166 1334 4222 solitas
1364 4169 1628 4238 pecunias
1651 4169 1900 4239 accipere
1921 4170 2079 4237 velle,

2191 4167 2538 4239 πηλος.ἧκοι.
2579 4169 2723 4240 Πρὸς
2765 4171 2877 4232 τοῖς
2929 4168 2975 4221 δ’
3020 4168 3280 4238 ἔφασκεν,
3319 4169 3501 4241 ὡσούχ
3550 4165 3659 4233 οἷός
3709 4187 3777 4224 τε

500 4270 597 4324 pro
620 4256 816 4327 quibus
845 4258 1206 4326 calamitates,
1238 4261 1458 4331 opinor,
1501 4262 1766 4318 scelestus
1794 4273 1852 4318 et
1881 4264 2084 4332 impro-

2190 4259 2405 4328 πέφυκε
2449 4260 2654 4330 λήσειν,
2709 4260 2833 4312 ὅτου
2907 4259 3070 4312 ἕνεκα
3129 4259 3339 4330 βασιλεῖ
3385 4261 3780 4330 ἐντευξόμενος

499 4348 600 4401 bus
661 4346 820 4403 feret.
864 4347 1172 4404 Ridiculum
1215 4335 1376 4404 enim"
1403 4359 1567 4416 esset,
1621 4351 1668 4405 si
1699 4366 1802 4406 nos
1847 4349 2078 4406 Romani

2188 4352 2436 4421 ἀφίκετο.
2482 4370 2500 4402 t
2523 4352 2662 4422 Φησὶ
2694 4349 2830 4420 γὰρ,
2859 4347 2935 4413 ὡς
2973 4349 3146 4402 ἐθέλοι
3169 4345 3236 4402 τὰ
3264 4350 3471 4420 συνήθη
3505 4351 3778 4422 χρήματα

501 4443 761 4497 tributum
813 4431 1158 4500 Saracenicis
1208 4444 1461 4515 gentibus
1515 4443 1692 4514 lisque
1755 4446 2081 4501 nomadibus

2189 4441 2522 4512 κομίσασθαι
2541 4441 2676 4512 πρὸς
2691 4443 2724 4510 ἡ
2733 4442 2871 4512 μῶν,
2893 4439 3008 4494 ἀνθ’
3025 4432 3120 4506 ὧν,
3144 4433 3320 4509 οἶμαι,
3345 4445 3616 4509 κομιεῖται
3637 4441 3699 4505 Eu
3709 4460 3779 4511 μ-

499 4532 883 4601 penderemus.
916 4551 934 4584 ι
979 4532 1116 4588 Tum
1147 4532 1424 4599 Mebodes,
1460 4553 1480 4587 ι
1519 4534 1669 4601 Esto,
1703 4536 1899 4606 inquit,
1928 4551 1961 4590 ο
1987 4536 2084 4591 do-

2186 4536 2360 4605 φοράς
2389 4535 2418 4588 6
2461 4534 2768 4604 κατάρατός
2793 4551 2852 4586 τε
2883 4533 2981 4587 καὶ
3005 4533 3381 4604 ἀπολούμενος
3414 4534 3456 4587 ⁸.
3480 4534 3777 4600 Γελοιῶδες

500 4627 645 4680 mine
678 4641 693 4690 ;
747 4635 802 4679 at
829 4635 884 4680 tu
919 4625 1092 4693 illum,
1139 4625 1266 4682 licet
1294 4641 1354 4682 re
1383 4624 1608 4692 infecta,
1660 4627 1894 4683 dimitte.
1935 4646 1955 4679 ι
2014 4625 2085 4682 ΕΙ.

2181 4625 2314 4696 γὰρ,
2337 4627 2387 4678 εί
2409 4625 2746 4696 Σαρακηνῶν
2777 4624 2940 4686 ἔθνει,
2965 4621 3248 4676 καὶταῦτα
3270 4623 3520 4692 νομάδων
3546 4625 3588 4687 ³,
3627 4623 3774 4677 Ῥω-

499 4719 835 4787 imperator:
876 4737 895 4770 (
946 4719 1208 4785 Quamvis
1239 4719 1438 4774 melius
1468 4734 1576 4775 non
1616 4719 1877 4785 venisset,
1909 4735 2082 4789 quan-

2183 4718 2332 4789 μαῖοί
2355 4734 2418 4785 γε
2449 4717 2602 4780 ὅντες
2621 4716 2960 4785 τεταξόμεθα
2983 4717 3040 4779 ἐς
3074 4717 3256 4785 φόρων
3275 4715 3611 4785 ἀπαγωγήν.
3649 4735 3668 4766 ι
3711 4716 3774 4769 Ὀ

499 4819 611 4864 tum
643 4811 696 4864 in
756 4825 842 4866 me
871 4822 974 4873 est,
1002 4811 1162 4865 abeat
1192 4795 1397 4865 tamen.
1436 4830 1455 4863 ι
1487 4841 1558 4853 —
1591 4830 1609 4863 ι
1647 4811 1715 4866 Ει
1760 4827 1845 4866 me
1868 4825 2082 4882 quoque

2179 4811 2464 4880 Μεϐώδης,
2492 4828 2511 4862 t
2540 4805 2690 4873 Εἶεν,
2747 4810 2875 4880 ἔφη,
2894 4803 2939 4861 ὦ
2963 4808 3196 4862 δέσποτα
3217 4825 3230 4839 ·
3264 4809 3312 4860 εί
3344 4807 3438 4860 καὶ
3462 4807 3773 4877 ἄπρακτον,

492 4897 640 4970 iube,
687 4900 866 4971 inquit
900 4899 1180 4967 Mebodes,
1219 4917 1340 4956 cum
1369 4903 1488 4972 ipso
1513 4904 1686 4959 abire.
1731 4924 1750 4956 ι
1791 4903 1847 4958 In
1881 4905 1966 4959 bis
2015 4904 2080 4958 li-

2183 4904 2333 4974 ὂμως
2355 4893 2684 4972 ἀπόπεμψον
2711 4902 2731 4933 ⁸
2753 4903 2938 4955 αὐτόν.
2966 4919 2984 4952 ι
3021 4902 3078 4953 '0
3097 4898 3353 4970 βασιλεύς
3371 4915 3384 4928 ·
3411 4918 3430 4951 ι
3470 4901 3578 4952 Καὶ
3608 4901 3659 4952 εί
3694 4903 3772 4971 μὴ

497 4993 635 5048 nivit
670 4993 888 5064 legatio.
938 4994 1124 5064 Itaque
1173 4994 1465 5050 Persarum
1523 4997 1758 5067 legatum
1815 5005 1871 5050 et
1912 4995 2080 5050 Sara-

2184 4997 2540 5066 παρεγένετο,
2581 4995 2705 5048 ὅσον
2734 4994 2793 5046 τό
2845 5010 2908 5062 γε
2939 4994 3024 5062 ἐφ’
3058 4995 3211 5064 ἡμῖν,
3251 4992 3365 5046 ἀλλ’
3387 4987 3481 5046 οὖν
3506 4992 3711 5047 ἀπίτω.
3747 5014 3765 5043 ι

498 5097 701 5139 cenos.
748 5088 816 5142 ad
907 5100 1004 5142 sua
1083 5087 1358 5144 redituros
1451 5089 1749 5158 imperator
1846 5087 2076 5144 dimisit.

2184 5087 2297 5142 Καὶ
2327 5085 2428 5156 ἐμὲ
2457 5087 2552 5153 ξὺν
2585 5085 2733 5156 αὐτῷ
2768 5085 3045 5148 κέλευσον,
3083 5081 3119 5155 ἦ
3167 5085 3222 5138 δὲ
3255 5084 3276 5114 ⁵
3309 5086 3337 5136 6
3374 5083 3664 5156 Μεϐώδης.
3702 5115 3773 5127 --

499 5177 677 5246 Atque
751 5178 829 5232 ita
906 5177 1260 5248 Imperatoris
1326 5181 1614 5250 prudentia
1683 5189 1874 5250 pacata
1950 5186 2081 5234 sunt

2189 5197 2207 5230 t
2238 5179 2332 5242 Είς
2351 5179 2501 5241 τέλος
2526 5178 2786 5250 ἐλθούσης
2806 5178 2904 5254 τῆς
2937 5177 3233 5249 πρεσϐείας
3257 5178 3317 5229 ἐν
3341 5176 3569 5240 τούτοις,
3585 5179 3680 5231 τόν
3709 5196 3772 5230 τε

497 5277 554 5322 et
613 5269 902 5324 emendata
955 5271 1138 5324 omnia
1189 5285 1312 5340 qua:
1351 5269 1591 5326 Joannes
1659 5273 1712 5324 in
1769 5286 1864 5326 sua
1928 5269 2079 5339 lega-

2184 5271 2411 5342 Περσῶν
2439 5271 2780 5342 πρεσϐευτὴν
2820 5271 2915 5322 καὶ
2965 5269 3091 5331 τοὺς
3138 5269 3492 5339 Σαρακηνοὺς
3548 5272 3576 5322 6
3610 5270 3768 5340 βασι-

503 5359 648 5415 tione
679 5375 964 5432 perperam
999 5370 1207 5430 egerat.
1241 5360 1314 5416 Ut
1362 5377 1492 5417 vero
1541 5361 1800 5418 Saraceni
1855 5363 2075 5416 domum

2184 5363 2311 5423 λεὺς
2338 5362 2454 5433 ἅμα
2490 5363 2702 5441 ἀφῆκεν
2763 5363 2819 5425 ἐς
2867 5360 2937 5415 τὰ
2971 5361 3178 5432 πάτρια
3217 5360 3322 5430 ἤθη
3361 5361 3768 5431 ἀπονοστήσου-

1763 5473 2002 5528 ΥΑΒΙΑΞ
2054 5473 2464 5531 LECTIONES.

573 5567 619 5642 ξ’
651 5566 809 5642 ἥκεις
858 5565 972 5642 Ν..Δ
1003 5567 1160 5636 ἥκειν
1198 5567 1340 5642 vulg.
1409 5569 1463 5642 _”
1510 5567 1584 5642 μὴ
1629 5569 1696 5621 τὰ
1745 5567 1888 5642 Val”
1961 5569 2124 5642 perae
2151 5568 2295 5642 vulg.
2375 5568 2419 5599 ”
2451 5569 2675 5642 τοιαύτῃ
2723 5567 2808 5642 B.,
2851 5567 3226 5642 ταρτῃῄνυιε.
3308 5565 3384 5641 “ﬁ
3431 5569 3502 5642 δέ
3534 5565 3619 5642 8.,
3657 5567 3768 5642 ’ἤδη

675 5628 686 5636 ’
722 5638 743 5740 ἒ
1171 5628 1322 5780 3⁷31ξῖ
1407 5628 1623 5708 ³τούτὶρ
1673 5638 1766 5692 καὶ
1808 5628 2036 5744 vivulg.
2114 5639 2133 5669 ⁵
2162 5628 2442 5707 ἄπρακτον
2471 5647 2525 5692 et
2553 5628 2879 5708 ἀπόπεμψον
2912 5628 3296 5712 Β.,”ἄπραῖιτοι
3327 5628 3384 5696 οἱ
3416 5628 3769 5707 ἀποπέμψειν

633 5743 652 5762 .
983 5745 1026 5776 .,
1057 5768 1066 5780 _
1299 5748 1312 5760 .
