4076 6432
325 353 433 413 €05

1112 359 1207 417 DE
1244 356 1802 418 LEGATIONIBUS
1841 357 2195 419 GENTIUM
2233 361 2332 419 AD
2373 358 2755 423 ROMANOS.

3469 370 3574 434 806

315 484 436 528 τας.
469 463 628 517 Οὕτω
656 465 712 518 δὲ
743 467 1056 536 ἀπεσιγήθη
1083 467 1300 522 ἅπαντα
1331 471 1396 537 τῇ
1427 469 1520 522 τοῦ
1555 469 1888 539 αὐτοκράτο-

2002 481 2382 538 reverterunt,
2454 478 2736 532 consilium
2797 478 3138 546 imperatoris
3202 483 3267 538 dc
3348 483 3577 542 Sarace—

323 574 413 626 ρος
454 555 737 624 νουνεχείᾳ
779 555 848 608 τὰ
899 556 998 608 ὅσα
1045 555 1294 627 Ἰωάννης
1346 558 1440 611 ἐπὶ
1492 561 1558 628 τῇ
1620 558 1886 628 πρεσϐεία

316 645 648 716 διεπράξατο
671 647 731 699 οὐ
764 647 904 700 κατὰ
935 648 996 700 τὸ
1033 649 1332 719 προσῆκον.
1369 649 1457 711 Ὧς
1482 649 1538 702 δὲ
1564 650 1614 701 οἱ
1634 650 1888 718 Σαρακη-

319 739 401 788 νοὶ
451 736 601 789 ἔνδον
653 738 751 806 τῆς
812 738 1020 791 έαυτῶν
1050 738 1318 805 ἐγένοντο,
1359 739 1700 810 ἀπήγγειλάν
1725 756 1786 792 τε
1811 738 1889 809 τῷ

325 828 556 898 Ἀμϐρῳ
595 830 694 899 τὴν
745 831 840 882 τοῦ
901 831 1166 900 βασιλέως
1191 831 1388 902 βουλὴν
1430 833 1555 903 περὶ
1581 833 1706 894 τοὺς
1739 829 1892 900 μηδί-

320 919 510 982 ζοντας
542 919 651 972 τῶν
681 923 1036 992 Σιρακηνῶν,
1065 923 1186 976 τότε
1216 925 1242 976 6
1272 924 1517 993 Ἀμϐρος
1549 922 1838 994 Καμϐὠσῃ
1861 922 1884 953 ⁸

317 1011 396 1079 τῷ
453 1012 686 1080 ἀδελφῷ,
733 1014 790 1076 ὃς
845 1015 1263 1085 Ἀλαμουνδάρῳ
1320 1015 1398 1085 τῷ
1438 1015 1546 1068 τῶν
1610 1015 1716 1068 ὑπὸ
1763 1013 1894 1066 Ῥω-

1993 562 2100 630 ηῑε,
2153 566 2245 632 qui
2308 565 2586 621 Medorum
2637 571 2886 639 partibus
2942 573 3311 640 adhaerebant,
3375 578 3576 633 Ambro

1994 653 2319 709 retulerunt.
2353 655 2504 712 Tunc
2536 659 2773 714 Ambrus
2803 661 3080 717 Camboso
3121 664 3298 730 fratri,
3335 666 3424 733 qui
3453 667 3578 720 Ala-

1995 745 2280 808 manduro,
2312 745 2706 804 Saracenorum
2743 762 2927 820 partes
2970 753 3242 810 Romanas
3280 755 3572 811 faventium

1997 835 2142 901 duci,
2169 845 2288 891 erat
2315 840 2616 907 oppositus,
2655 843 2953 911 mandavit,
2983 854 3040 897 ut
3075 845 3432 901 Alamanduri
3464 859 3574 902 ter-

2000 941 2140 991 ram,
2186 943 2306 997 qua.-
2345 930 2560 985 Arabiae
2596 935 2930 989 contermina
2979 947 3117 1000 erat,
3152 939 3573 993 excursionibus

2001 1030 2248 1073 vexaret.
2962 1032 2970 1046 '

321 1102 514 1166 μαίους
571 1103 904 1172 Σαρακηνῶν
949 1106 1234 1176 ἡγουμένῳ
1283 1106 1802 1176 ἀντικαθιστάμενος
1886 1099 1976 1174 ἦν,
2034 1108 2291 1178 σημαίνει
2369 1111 2736 1182 καταδραμεῖν
2806 1115 2904 1186 τὴν
2960 1116 3390 1191 Ἀλαμουνδάρου
3447 1121 3572 1190 γῆν.

319 1189 453 1242 ’Πδε
480 1191 536 1243 δὲ
571 1193 605 1260 ἡ
641 1192 713 1270 γῆ
746 1193 849 1244 ὑπὸ
889 1195 1150 1264 Ἀραϐίαν
1178 1197 1343 1251 τελεῖ.

389 1280 459 1345 ζ’.
489 1282 613 1334 Ὀτι
647 1283 952 1353 ἀρχομένου
1013 1284 1109 1338 τοῦ
1139 1289 1400 1357 τετάρτου
1446 1288 1598 1352 ἔτους
1631 1289 1727 1357 τῆς
1761 1287 1892 1339 Ἰου-

319 1374 500 1426 στίνου
527 1373 802 1442 βασιλείας
837 1376 1105 1446 πρεσϐεία
1149 1377 1258 1431 τῶν
1288 1378 1546 1449 Τούρκων
1576 1380 1804 1446 ἀφίκετο
1833 1380 1891 1431 ἐν

321 1461 623 1532 Βυζαντίῳ.
671 1462 762 1525 Ὠς
790 1463 899 1534 γὰρ
926 1463 996 1516 τὰ
1021 1465 1132 1518 τῶν
1162 1465 1420 1536 Τούρκων
1442 1468 1533 1519 ἐπὶ
1562 1466 1702 1536 μέγα
1724 1466 1887 1536 ἤρθη,

321 1557 367 1607 οἱ
400 1552 688 1621 Σογδαῗται
725 1553 774 1607 oi
823 1555 1024 1624 προτοῦ
1055 1556 1155 1624 μὲν
1199 1557 1551 1624 Ἐφθαλιτῶν,
1588 1557 1892 1627 τηνικαῦτα

2109 1323 2122 1337 .
2157 1285 2240 1350 (Α.
2272 1286 2332 1338 C.
2359 1286 2483 1350 563,
2514 1285 2630 1343 Ind.
2663 1289 2916 1352 I,Justini
2943 1291 3022 1362 4.)
3049 1293 3210 1350 Ιηίιίο
3240 1299 3417 1365 quarti
3443 1273 3570 1356 anni

1997 1371 2209 1440 imperii
2239 1374 2442 1429 Justini
2477 1378 2671 1447 legatio
2700 1378 3001 1436 Turcorum
3035 1385 3352 1456 Byzantium
3385 1407 3572 1448 acces-

1996 1461 2088 1515 sit.
2145 1461 2216 1518 Ut
2253 1465 2396 1518 enim
2429 1464 2594 1520 Turci
2643 1469 2838 1534 opibus
2865 1477 2920 1524 et
2957 1475 3196 1539 potentia
3255 1489 3566 1548 creverunt,

1999 1553 2291 1623 Sogdaitae,
2341 1557 2432 1625 qui
2481 1558 2634 1626 prius
2672 1560 2888 1628 quidem
2923 1561 3383 1634 Ephthalitarum,
3443 1581 3573 1626 tunc

321 1649 378 1701 δὲ
407 1647 670 1716 Τούρκων
699 1648 981 1717 κατήκοοι,
1025 1649 1121 1702 τοῦ
1168 1652 1316 1729 σφῶν
1373 1653 1634 1722 βασιλέως
1684 1653 1893 1706 ἐδέοντο

2002 1657 2127 1698 vero
2157 1643 2456 1700 Turcorum
2491 1650 2690 1704 subditi
2724 1661 2902 1717 erant,
2960 1671 2986 1707 a
3025 1671 3149 1725 rege
3180 1673 3279 1714 suo
3321 1666 3571 1730 precibus

329 1735 624 1805 πρεσϐείαν
657 1737 862 1792 στεῖλαι
894 1739 969 1803 ὡς
998 1727 1235 1808 Πέρσας,
1267 1745 1341 1806 ὡς
1370 1743 1437 1797 ἂν
1467 1747 1646 1798 ἐκεῖσε
1696 1745 1890 1799 ἀπιόν-

2002 1736 2414 1800 contenderunt,
2477 1748 2535 1792 ut
2585 1739 2908 1808 legationem
2960 1747 3025 1799 ad
3067 1746 3261 1803 Persas
3307 1727 3568 1821 mitteret,

325 1843 414 1888 τες
449 1827 494 1878 οἱ
527 1827 780 1882 Σοδαῖται
803 1828 959 1882 ὢνιον
983 1834 1350 1903 παράσχοιντο
1371 1834 1468 1905 τὴν
1497 1837 1733 1906 μέταξαν
1778 1840 1892 1918 τοῖς

321 1917 545 1986 Μήδοις.
584 1919 694 1972 Καὶ
728 1916 821 1973 οὖν
857 1921 1101 1977 πείθεται
1145 1927 1174 1977 6
1217 1925 1560 1991 Διζάϐουλος,
1611 1916 1806 1998 ἀφίησί
1829 1946 1889 1981 τε

321 2007 830 2080 πρεσϐευσομένους
881 2013 1198 2081 Σογδαΐτας.
1268 2019 1575 2089 Ἐξηγείται
1652 2021 1709 2073 δὲ
1793 2023 1891 2092 τῆς

322 2099 624 2167 πρεσϐείας
654 2101 893 2173 Μανιάχ.
943 2105 1289 2178 Ἀφικόμενοι
1332 2111 1394 2179 δὴ
1430 2107 1524 2165 οὖν
1559 2113 1708 2182 παρὰ
1735 2112 1890 2183 βασι-

321 2188 424 2242 λέα
454 2191 675 2260 Περσῶν
707 2193 916 2249 ἐδέοντο
959 2198 1056 2268 τῆς
1089 2201 1325 2270 μετάξης
1381 2203 1526 2274 πέρι,
1565 2205 1712 2267 ὅπως
1761 2205 1891 2259 ἄνευ

321 2281 467 2345 τινὸς
491 2282 756 2354 κωλύμης
783 2287 966 2352 αὐτοῖς
993 2282 1243 2360 προέλθοι
1274 2293 1360 2346 ἐπ’
1393 2296 1530 2367 αὐτῇ
1573 2296 1640 2350 τά
1665 2298 1762 2366 τῆς
1796 2298 1894 2366 ὲμ-

321 2372 542 2441 πορίας.
588 2373 648 2427 Ὀ
687 2375 744 2427 δὲ
771 2377 995 2447 Περσῶν
1019 2378 1271 2448 βασιλεὺς
1305 2382 1578 2455 (οὐδαμῶς
1606 2385 1716 2457 γὰρ
1743 2384 1893 2455 αύτῷ

321 2463 524 2532 ἤρεσκε
569 2467 637 2520 τὰ
686 2469 886 2536 τοιάδε,
947 2470 1022 2535 ὡς
1073 2473 1139 2527 ἂν
1192 2475 1266 2545 μὴ
1299 2475 1506 2531 ἐνθένδε
1532 2479 1686 2534 ἄδεια
1714 2479 1893 2532 ἔσοιτο

323 2556 586 2626 Τούρκοις
616 2559 635 2590 ⁷
670 2563 780 2624 τοῖς
835 2563 1063 2631 Περσῶν
1099 2566 1424 2636 ἐμϐατεύειν
1462 2571 1651 2644 ὁρίοις)
1701 2575 1895 2630 ἀνεϐά-

321 2646 448 2699 λετο
482 2648 538 2708 ἐς
559 2649 618 2702 τὸ
641 2650 848 2720 αὔριον.
882 2655 992 2708 Καὶ
1021 2657 1120 2723 μὲν
1142 2656 1236 2713 οὖν
1258 2661 1413 2726 αὖθις
1445 2664 1678 2736 ἀναϐολῇ
1695 2668 1896 2738 ἐχρῆτο

324 2736 488 2790 πάλιν
522 2739 709 2810 ἑτέρᾳ.
756 2740 842 2803 Ὠς
891 2743 946 2795 δὲ
981 2744 1166 2798 ἄλλοτε
1215 2748 1390 2814 ἄλλως
1429 2752 1488 2805 τὸ
1517 2751 1538 2784 ⁸
1567 2736 1896 2826 παρὸν-άπ-

325 2828 607 2896 εκρούετο,
663 2831 773 2884 τῶν
824 2835 1126 2902 Σογδαῖτῶν
1191 2841 1632 2914 ὲκλιπαρούντων
1682 2867 1742 2902 τε
1801 2852 1894 2904 καὶ

327 2921 688 2991 ἐγκειμένων,
744 2925 865 2978 τότε
901 2926 1150 2998 Χοσρόης
1206 2932 1577 3003 ἐκκλησιάσας
1607 2939 1628 2970 ⁹
1659 2940 1898 3010 ἀνελογί-

326 3011 623 3075 ζετο.”Καὶ
682 3010 773 3069 οὖν
799 3018 826 3069 6
874 3019 1190 3088 Κάτουλφος
1242 3024 1443 3088 ἐκεῖνος
1482 3027 1510 3078 6
1547 3029 1891 3103 Ἐφθαλίτης,

1998 1839 2106 1895 quo
2161 1827 2432 1896 Sogdaitis
2459 1845 2537 1884 eo.
2579 1831 3055 1901 proﬁciscentibus
3093 1840 3327 1894 sericum
3374 1858 3569 1899 venum

1999 1933 2270 1986 exponere
2329 1923 2470 1991 apud
2535 1922 2716 1978 Medos
2773 1925 2980 1982 liceret.
3036 1929 3322 1989 Disabulus
3377 1951 3571 1992 eorum

1997 2010 2249 2079 precibus
2291 2013 2674 2082 obtemperans
2710 2020 2959 2086 permisit
3011 2021 3286 2092 Sogdaitis
3349 2027 3575 2098 legatio-

2000 2115 2119 2154 nem
2155 2103 2394 2166 mittere,
2430 2106 2582 2173 cujus
2613 2109 2866 2178 princeps
2897 2110 2994 2166 fuit
3021 2112 3291 2172 Maniacb.
3331 2118 3569 2177 Profecti

2000 2190 2165 2258 igitur
2198 2195 2264 2245 ad
2294 2193 2580 2249 Persarum
2621 2212 2797 2266 regem
2834 2205 3036 2270 precati
3068 2218 3216 2271 sunt,
3244 2218 3299 2262 ttt
3335 2208 3563 2266 liberum

1999 2277 2106 2332 illis
2137 2291 2278 2334 esset
2304 2283 2422 2336 sine
2455 2284 2564 2338 ullo
2600 2285 2988 2355 impedimento
3018 2298 3158 2362 apud
3208 2298 3352 2366 ipsos
3409 2303 3572 2358 serici

1997 2373 2404 2426 commercium.
2445 2374 2514 2427 At
2567 2375 2852 2431 Persarum
2897 2397 3011 2447 rex,
3077 2386 3163 2439 cui
3206 2389 3428 2445 minime
3474 2394 3574 2448 hoc

1998 2471 2208 2528 gratum
2241 2474 2380 2527 erat,
2418 2481 2483 2519 ne
2534 2467 2748 2535 impune
2800 2471 2904 2526 illis
2935 2485 3079 2528 esset
3119 2476 3401 2534 Persarum
3436 2485 3573 2538 lines

2001 2549 2230 2617 ingredi,
2295 2566 2612 2622 responsum
2651 2558 2858 2612 distulit
2911 2561 2964 2614 in
3003 2565 3320 2630 crastinum,
3381 2571 3573 2626 deinde

1999 2643 2103 2696 alia
2131 2654 2289 2713 atque
2315 2647 2419 2701 alia
2446 2650 2700 2705 dilatione
2722 2647 2918 2707 iterum
2953 2671 3082 2709 usus
3105 2669 3206 2713 est.
3237 2659 3368 2714 Cum
3429 2663 3570 2718 diem

2000 2748 2064 2788 ex
2106 2737 2191 2790 die
2220 2739 2491 2804 traxisset,
2526 2751 2579 2795 et
2599 2743 2795 2797 obnixe
2833 2744 3102 2813 Sogdaitze
3135 2759 3383 2816 peterent
3415 2752 3570 2823 107

2001 2835 2054 2880 et
2102 2837 2416 2895 urgerent,
2481 2829 2752 2888 Chosroes
2829 2873 2844 2897 ,
2898 2838 3126 2890 consilio
3198 2853 3498 2896 convocato
3555 2883 3570 2906 ,

2000 2916 2338 2972 deliberavit.
2391 2921 2634 2977 Catullus
2686 2933 2866 2978 autent
2907 2926 2997 2980 ille
3044 2928 3382 2995 Epltlbalttes
3426 2972 3440 2996 ,
3482 2936 3573 3002 qtti

2001 3019 2225 3078 propter
2255 3018 2550 3081 .stuprum,
2603 3029 2630 3066 a
2671 3030 2796 3084 rege
2827 3019 2978 3071 uxori
3022 3035 3130 3074 sum
3165 3035 3259 3088 per
3293 3024 3398 3076 vim
3457 3015 3606 3078 illa-3

329 3101 387 3165 ὃς
420 3102 510 3154 διὰ
545 3103 644 3174 τὴν
674 3105 739 3160 ἐκ
771 3105 862 3159 τοῦ
886 3108 1008 3160 κατ’
1037 3109 1199 3164 αὑτὸν
1230 3111 1492 3182 βασιλέως
1521 3101 1897 3194 γεγενημένην

2003 3107 2136 3164 tum,
2169 3109 2380 3166 gentem
2415 3101 2608 3157 Turcis
2647 3105 2954 3171 prodiderat
2982 3115 3036 3161 et
3066 3107 3259 3163 deinde
3296 3111 3361 3164 ad
3391 3111 3576 3166 Medo-

332 3190 513 3258 βιαίαν
553 3193 784 3279 μίξιν-τῇ
815 3199 1035 3260 γυναικὶ
1062 3201 1340 3272 προῦδωκε
1365 3203 1427 3260 τὸ
1469 3190 1740 3279 ὁμόφυλον
1786 3190 1898 3278 toi;

332 3279 624 3350 Τούρκοις,
657 3276 810 3348 οὗτος
843 3286 885 3318 ⁸⁸
915 3288 1045 3350 γοῦν
1080 3289 1448 3366 (μετανάστης
1471 3276 1670 3368 γάρ-ἐν
1694 3302 1772 3372 τῷ
1797 3276 1897 3372 μεξ

328 3369 463 3435 ταξὺ
497 3372 742 3440 ἐγεγόνει
785 3375 879 3428 τοῦ
915 3377 1107 3448 χρόνου
1152 3381 1247 3433 καὶ
1298 3384 1555 3455 ἐμήδιζεν
1599 3369 1902 3463 11619-309-

328 3461 489 3532 ῄνεσε
534 3462 744 3533 βασιλεῖ
774 3468 882 3520 τῶν
934 3470 1160 3541 Περσῶν
1212 3472 1312 3543 τὴν
1353 3476 1594 3544 μέταξαν
1651 3461 1902 3551 οὐδαμῶς

329 3552 782 3622 ἀποπέμψασθαι,
834 3557 973 3612 ἀλλὰ
1016 3561 1124 3627 γάρ
1183 3562 1277 3615 καὶ
1326 3563 1644 3634 ὠνήσασθαι
1692 3570 1787 3622 καὶ
1832 3571 1904 3625 τὰ

331 3641 476 3713 ὑπὲρ
513 3643 682 3714 αὐτῆς
725 3646 822 3717 μὲν
853 3650 1187 3707 καταθέσθαι
1244 3656 1558 3726 τιμήματα,
1611 3659 1901 3732 θεωμένων

329 3731 388 3785 δὲ
437 3735 618 3788 αὐτῶν
656 3738 697 3769 ¹¹
729 3738 838 3792 τῶν
883 3741 1167 3811 πρέσϐεων
1196 3744 1399 3816 ταύτην
1432 3749 1694 3815 ἀφανίσαι
1728 3731 1904 3822 πυρὶ,

333 3822 410 3885 ὡς
464 3821 530 3878 ἂν
571 3827 708 3897 μήτε
766 3828 972 3886 ἀδικεῖν
1007 3832 1050 3863 ¹¹
1089 3833 1236 3906 δόξῃ,
1272 3839 1409 3907 μήτε
1461 3839 1566 3910 μὴν
1617 3821 1902 3911 βούλεσθαι

333 3913 570 3982 χρῆσθαι
596 3920 662 3986 τῇ
694 3919 756 3970 ὲκ
783 3919 1042 3990 Τούρκων
1071 3927 1300 4000 μετάξῃ.
1337 3927 1451 3982 Καὶ
1486 3931 1519 4000 ἡ
1555 3931 1652 4000 μὲν
1698 3932 1905 4002 μέταξα

333 4002 688 4093 ἐπυρπολήθη
715 4023 730 4037 ’
764 4007 919 4062 αὐτοὶ
948 4010 1003 4063 δὲ
1036 4013 1096 4075 ὲς
1138 4014 1206 4068 τὰ
1246 4019 1451 4086 πάτρια
1485 4019 1589 4091 ἤθη
1616 4021 1904 4093 άνεχώρη-
1946 4070 1949 4073 .

337 4105 457 4155 σαν,
491 4091 572 4160 τῷ
613 4096 963 4169 γεγενημένῳ
997 4099 1197 4169 ἥκιστα
1241 4104 1545 4175 χαίροντες.
1589 4091 1815 4180 Ἐπειδὴί
1847 4091 1905 4164 δὲ

334 4181 413 4254 τῷ
447 4183 758 4257 Διζαϐούλῳ
805 4187 873 4240 τὰ
923 4187 1340 4268 ξυγκυρήσαντα
1391 4196 1660 4268 ἔφρασαν,
1707 4201 1905 4255 αὐτίκα

334 4270 362 4323 ὅ
389 4271 461 4340 γε’
477 4275 570 4326 καὶ
596 4255 760 4346 ἑτέρα
785 4255 1060 4352 πρεσϐείᾷ
1099 4255 1306 4354 ’ἐέρῆτο
1352 4255 1445 4349 ὡς·
1465 4255 1704 4358 ῘῙέρσας,
1754 4291 1902 4358 φιλο-

337 4365 668 4433 ποιήσασθαι
699 4368 800 4440 τὴν
846 4372 990 4426 κατὰ
1040 4375 1183 4443 σφᾶς
1234 4376 1509 4432 πολιτείαν
1563 4379 1904 4452 βουλόμενος.

2002 3203 2120 3242 rum
2167 3199 2348 3258 partes
2393 3193 2704 3257 transierat,
2753 3194 2996 3249 hortatus
3033 3208 3117 3251 est
3165 3197 3451 3253 Persarum
3493 3217 3578 3257 re-

2000 3294 2144 3348 gem,
2181 3281 2490 3336 utsericum
2523 3284 2745 3338 minime
2778 3288 3252 3354 praetermitteret,
3274 3292 3367 3344 sed
3396 3303 3578 3360 empto

2001 3386 2086 3434 eo,
2115 3373 2344 3439 pretium
2395 3374 2626 3427 traderet
2663 3391 2679 3439 ;
2713 3384 2823 3428 tum
2857 3387 3034 3430 autem
3065 3387 3190 3431 ante
3212 3379 3398 3434 oculos
3432 3380 3575 3447 lega-

2003 3470 2178 3516 torum
2228 3460 2361 3514 illud
2409 3463 2460 3515 in
2506 3464 2684 3532 ignem
2729 3464 2996 3533 injiceret,
3056 3483 3123 3521 ne
3156 3468 3354 3538 injuste
3391 3485 3574 3539 agere,

2003 3566 2138 3607 neve
2197 3551 2496 3607 Turcorum
2543 3554 2720 3608 serico
2751 3556 2827 3608 uti
2859 3556 2996 3610 velle
3029 3557 3326 3612 videretur.
3383 3559 3448 3613 Et
3491 3577 3578 3615 se-

2005 3644 2172 3696 ricum
2205 3643 2418 3712 quidem
2461 3644 2569 3711 igni
2601 3656 2900 3700 crematum
2934 3657 3036 3710 est,
3080 3649 3240 3716 legali
3283 3664 3408 3702 vero
3432 3650 3575 3706 haud

2003 3731 2108 3785 laeti
2163 3732 2228 3784 ad
2283 3732 2529 3800 proprias
2582 3734 2740 3788 sedes
2793 3745 3124 3790 remearunt.
3189 3737 3391 3792 Deinde
3449 3754 3573 3794 cum

2004 3821 2274 3888 Disabulo,
2333 3838 2451 3891 quae
2505 3823 2726 3879 decreta
2770 3824 3007 3892 fuerant,
3045 3829 3466 3896 renuntiassent,
3527 3833 3577 3887 is

2004 3910 2284 3965 confestim
2329 3911 2432 3964 alia
2471 3912 2742 3981 legatione
2794 3915 2870 3968 ad.
2894 3913 3086 3970 Persas
3131 3932 3259 3971 usus
3306 3929 3411 3983 est,
3469 3935 3575 3989 qua

2005 4001 2314 4069 reipublicae
2366 4016 2476 4056 suae
2531 4017 2626 4058 eos
2665 4003 2959 4059 conciliare
3007 4008 3278 4062 studebat.
3327 4007 3415 4063 Uti
3452 4026 3578 4065 vero

2005 4091 2206 4147 iterum
2231 4093 2422 4163 legatio
2453 4108 2484 4146 a
2512 4091 2704 4149 Turcis
2735 4095 2970 4159 advenit,
3009 4095 3292 4153 Persarum
3326 4115 3428 4155 rex
3461 4117 3568 4156 una

2007 4198 2127 4238 cum
2158 4184 2485 4252 primoribus
2524 4183 2810 4240 Persarum
2861 4197 2915 4242 et
2937 4185 3154 4244 Catullo
3206 4193 3436 4256 censuit,
3471 4193 3578 4247 mi-

2007 4275 2153 4330 nime
2181 4289 2212 4329 e
2245 4290 2303 4329 re
2367 4273 2657 4330 Persarum
2687 4289 2831 4340 esse,
2851 4277 3146 4332 amicitiam
3174 4279 3408 4350 jungere
3455 4297 3576 4337 cum

2009 4366 2226 4423 Turcis.
2261 4365 2434 4421 Omne
2477 4367 2622 4420 enim
2655 4364 2967 4437 Scythicum
2996 4385 3172 4438 genus
3202 4371 3464 4440 perﬁdum
3523 4384 3581 4428 et

349 4453 504 4508 Ἐπεὶ
524 4456 580 4510 δὲ
620 4460 654 4529 η
687 4460 947 4532 Τούρκων
983 4464 1252 4533 πρεσϐεία
1297 4467 1454 4533 αὖθις
1492 4471 1710 4538 ἀφῖκτο,
1754 4472 1783 4524 6
1807 4473 1906 4543 βα-

2010 4457 2289 4512 mutabile.
2327 4458 2468 4524 Quin
2521 4459 2684 4512 etiam
2712 4457 2884 4527 jussit
2919 4496 2934 4523 ,
2975 4461 3238 4514 veneficio
3285 4462 3393 4516 tolli
3439 4478 3580 4518 non-

339 4548 519 4612 σιλεὺς
554 4550 672 4620 ἅμα
695 4555 808 4618 τοῖς
833 4558 891 4609 έν
918 4556 1064 4611 τέλει
1093 4559 1317 4630 Περσῶν
1362 4563 1456 4614 καὶ
1483 4562 1562 4634 τῷ
1605 4564 1909 4638 Κατούλφῳ

337 4642 708 4710 ὲγνωμάτευε,
741 4646 921 4720 πάντη
948 4648 1262 4720 ἀξύμφορον
1291 4649 1430 4706 εῖναι
1452 4654 1690 4725 Πέρσαις
1723 4657 1906 4725 φιλίαν

340 4731 526 4786 θέσθαι
556 4733 631 4798 ὡς
655 4736 932 4808 Τούρκους
959 4754 971 4769 ⁸
1004 4740 1067 4794 τὸ
1095 4741 1204 4812 γὰρ
1235 4742 1498 4798 Σκυθικὸν
1534 4741 1672 4800 εἶναι
1705 4747 1908 4819 παλίμ-

340 4822 515 4877 ϐολον.
589 4825 774 4899 Ταύτῃ
827 4846 910 4882 τοι
963 4831 1061 4884 καὶ
1126 4834 1544 4904 παρενεγγύησε
1599 4836 1906 4910 δηλητηρίῳ

307 4914 618 4985 φαρμάκῳ
647 4918 822 4981 ἐνίους
859 4919 1226 4992 διαφθαρῆναι
1274 4924 1379 4976 τῶν
1420 4923 1720 4993 πρέσϐεων,
1758 4929 1906 4992 ὅπως

339 5003 628 5058 ἀπείποιεν
659 5007 756 5078 τῆς
784 5009 962 5062 ἐκεῖσε
1010 5011 1306 5082 μετέπειτα
1335 5015 1664 5085 παρουσίας.
1699 5017 1810 5072 Καὶ
1839 5018 1902 5089 δὴ

339 5094 654 5149 οἱπλεῖστοι
685 5098 794 5151 τῶν
824 5102 1327 5173 πρεσϐευσαμένων
1373 5105 1633 5176 Τούρκων
1673 5109 1738 5177 τῇ
1781 5109 1909 5179 περὶ

340 5183 437 5252 τὴν
467 5185 668 5256 ἐδωδὴν
701 5188 850 5258 μίξει
892 5191 998 5245 τῶν
1024 5194 1380 5264 ἀναιρετικῶν
1405 5196 1449 5228 ²³
1477 5200 1783 5268 φαρμάκων
1812 5201 1908 5253 αύ-

253 5335 256 5338 .
341 5273 436 5325 τοῦ
469 5291 574 5327 που
593 5275 682 5330 τὸν
704 5278 818 5348 βίον
839 5280 1165 5347 κατέλυσαν,
1190 5285 1329 5355 πλὴν
1352 5285 1519 5356 τριῶν
1542 5287 1574 5360 ἢ
1603 5288 1905 5358 τεσσάρων.

344 5363 520 5433 Θροῦς
548 5365 606 5419 δὲ
665 5369 921 5441 έφοίτησε
973 5372 1235 5443 Πέρσαις,
1263 5376 1339 5438 ὡς
1363 5376 1616 5431 διώλοντο
1667 5378 1744 5448 τῷ
1782 5397 1908 5432 πνι-

2011 4548 2185 4602 nullos
2211 4548 2532 4618 legatorum,
2568 4555 2629 4603 ut
2692 4547 2746 4601 in
2778 4557 3055 4616 posterum
3085 4561 3466 4606 aversarentur
3509 4554 3577 4608 ad

2014 4656 2146 4696 suas
2168 4642 2418 4710 regiones
2443 4653 2743 4695 accessum.
2789 4639 2882 4696 Sic
2911 4642 3114 4707 evenit,
3151 4651 3210 4696 ut
3248 4641 3362 4697 fere
3389 4659 3580 4700 omnes

2009 4731 2217 4801 legati,
2248 4731 2489 4800 exceptis
2520 4730 2695 4786 tribus
2738 4739 2832 4785 aut
2878 4741 3111 4800 quatuor
3160 4736 3193 4798 ,ε
3231 4733 3394 4788 misto
3445 4734 3582 4790 cibis

2008 4822 2193 4876 lethali
2226 4837 2452 4889 veneno,
2493 4823 2604 4878 sint
2657 4823 2942 4893 perempti.
2975 4821 3180 4880 Rumor
3231 4838 3299 4880 ex
3344 4839 3408 4880 eo
3439 4825 3582 4883 inter

2007 4911 2205 4966 Persas
2246 4911 2540 4980 dissipatus
2576 4921 2679 4966 est.
2719 4910 3018 4968 Turcorum
3047 4911 3253 4980 legatos
3294 4914 3458 4970 nimis
3481 4930 3580 4970 ca-

2012 5003 2120 5060 lido
2139 5012 2192 5058 et
2242 5002 2386 5058 sicco
2439 5011 2597 5058 terra;
2648 5003 2882 5060 Persidis
2926 5004 3035 5060 situ
3092 5004 3368 5074 periisse:
3429 5006 3580 5076 quia,

2011 5112 2134 5153 cum
2178 5095 2480 5151 Turcorum
2535 5095 2684 5164 regio
2712 5095 2922 5150 crebris
2960 5095 3175 5151 nivibus
3207 5104 3453 5152 contecta
3484 5096 3578 5160 sit,

2012 5189 2228 5246 nonnisi
2283 5191 2337 5244 in
2395 5186 2588 5257 frigida
2623 5186 2769 5241 aeris
2805 5186 3066 5257 temperie
3105 5186 3288 5242 vivere
3337 5195 3580 5254 possent.

2010 5282 2151 5349 Quin
2195 5290 2248 5336 et
2279 5280 2379 5344 illi,
2410 5280 2501 5350 qui
2534 5277 2761 5334 insidias
2788 5286 3096 5342 evaserant,
3143 5275 3392 5346 quamvis
3421 5273 3580 5328 aliter

2010 5375 2437 5442 auspicarentur,
2472 5372 2740 5436 eamdem,
2791 5385 2913 5440 quae
2939 5384 3032 5440 per
3053 5367 3328 5423 Persidem
3362 5379 3578 5434 percre-

1624 5485 1860 5544 VARUE
1901 5484 2304 5545 LECTIONES.

345 5639 488 5717 vulg.
563 5639 611 5717 _’°
650 5639 929 5717 051511.,
963 5643 1134 5710 οὕτως
1163 5639 1305 5717 vulg.

348 5707 488 5774 ναι,
524 5710 812 5779 αἱρετικῶν
842 5714 986 5783 vulg.

417 5569 437 5599 ⁸
472 5567 712 5663 Ruﬁlla};
757 5587 864 5643 mg.
923 5574 988 5629 H.
1066 5578 1085 5608 ⁷
1115 5577 1374 5648 Τούρκοις
1424 5579 1507 5639 Β..
1560 5578 1769 5643 τούτοις
1825 5581 1971 5650 vulg.

419 5639 487 5679 lar-
569 5639 611 5670 ³ο
650 5658 802 5679 mm-
841 5643 881 5679 ll
963 5643 1134 5679 an-..“
1163 5649 1287 5679 ειηιη
1386 5650 1424 5679 tt
1453 5649 1628 5679 -.νη-ε’...
1660 5649 1700 5679 tu
1786 5649 1958 5679 mu...“

1452 5649 1628 5701 αὐτῶν
1660 5649 1749 5719 N.,
1783 5649 1958 5704 ἄλλων
1987 5651 2127 5718 vulg.

2046 5580 2067 5611 ⁸
2100 5578 2251 5648 ἄλλοι
2299 5593 2357 5648 τε
2421 5575 2568 5648 vulg.
2641 5574 3060 5648 {inlaudatam
3228 5568 3581 5648 ἐκκλησιάσαι

2207 5647 2247 5678 ¹¹
2271 5647 2478 5701 ἀδικεῖν
2509 5645 2601 5709 Η.,
2629 5645 2788 5715 ἀδικῇ
2831 5641 2887 5698 ἔν
2915 5643 3060 5712 vulg.
3137 5641 3180 5673 ¹³
3221 5641 3578 5710 ἀναιρετικῶν
