4076 6418
480 331 594 396 8οῚ

1319 326 1719 390 EXCERPTA
1759 327 1862 387 EX
1900 323 2326 386 MENANDRO
2369 322 2871 384 PROTECTORE

485 445 702 508 buerat,
724 440 924 496 tamam
959 453 1176 510 quoque
1208 441 1348 510 apud
1387 454 1516 495 suos
1538 437 1906 506 divulgarunt.
1953 434 2063 488 Sed

2169 431 2334 502 γηρῷ
2359 432 2469 485 τῶν
2492 431 2718 502 Περσῶν
2745 429 2942 501 αὐχμῷ
2964 428 3070 482 τῶν
3099 426 3358 500 Τούρκων
3379 427 3428 480 oi
3458 427 3741 497 πρέσϐεις,

486 534 799 598 Disabulns,
825 533 989 589 homo
1042 532 1271 587 callidus
1300 540 1356 585 et
1384 539 1655 596 versutus,
1691 543 1812 598 quae
1848 534 2061 596 patrata

483 633 664 693 erant,
699 641 805 680 non
836 625 1138 694 ignorabat.
1165 622 1439 679 Credebat
1461 622 1628 688 enim,
1659 620 1799 675 sicut
1820 627 1963 684 erat,
1987 617 2062 673 le-

484 727 642 790 gatos
663 718 788 773 dolo
819 727 1039 772 necatos
1088 730 1230 770 esse.
1266 713 1405 768 Hinc
1433 711 1732 766 inimicitiae
1757 709 2058 765 Turcorum

485 819 542 866 et
596 811 882 865 Persarum
913 806 1176 875 originem
1211 812 1489 872 ceperunt.
1523 803 1590 855 Et
1619 803 1758 857 hanc
1818 799 2063 856 occasio-

487 919 610 959 nem
638 880 908 965 Eianiacb,
939 900 1029 970 qui
1057 897 1329 966 Sogdaitis
1357 905 1610 966 praeerat,
1645 895 1937 964 arripiens,
1967 893 2062 947 Di-

487 994 674 1050 sabulo
729 991 1018 1062 persuasit,
1055 989 1242 1043 utilius
1282 1001 1403 1043 esse
1429 986 1619 1042 Turcis
1652 986 1924 1040 Romanos
1969 999 2061 1040 co—

486 1085 619 1147 lere,
644 1093 698 1137 et
721 1097 907 1138 eorum
939 1081 1232 1136 amicitiam
1281 1079 1557 1148 amplecti,
1593 1089 1647 1133 et
1670 1078 1734 1131 ad
1764 1077 1881 1132 illos
1901 1075 2058 1157 serici

485 1173 870 1228 commercium
913 1171 1228 1237 transferre,
1282 1171 1372 1240 qui
1435 1171 1563 1225 illud
1601 1170 1654 1224 in
1699 1168 2059 1239 frequentiori

485 1279 588 1321 usu
633 1265 914 1329 haberent,
949 1278 1112 1334 quam
1147 1263 1340 1330 reliqui
1391 1263 1654 1325 homines,
1686 1276 1852 1330 seque
1882 1263 2060 1330 {para-

484 1355 753 1410 tissimum
807 1369 932 1409 esse
984 1353 1196 1408 dicebat
1228 1353 1498 1418 Maniach,
1559 1367 1664 1406 una
1702 1367 1823 1406 cum
1870 1351 2061 1422 legatis

484 1445 788 1501 Turcorum
815 1447 882 1500 ad
914 1460 1036 1500 eam
1071 1445 1393 1514 legationem
1423 1444 1715 1513 proﬁcisci,
1741 1453 1800 1498 ut
1831 1444 2059 1499 Romani

482 1545 542 1591 et
597 1535 758 1590 Turci
800 1535 1253 1604 bacﬁconditione
1297 1535 1488 1590 fierent
1531 1535 1711 1590 amici.
1745 1534 1840 1591 His
1883 1535 2062 1590 verbis

487 1625 779 1682 Disabulus
807 1640 1062 1681 assensus
1091 1625 1256 1680 mittit
1283 1625 1460 1696 ipsum
1492 1635 1548 1680 et
1579 1626 1841 1696 quosdam
1900 1625 2056 1692 alios,

486 1717 580 1785 qui
639 1716 962 1784 legationem
996 1715 1212 1771 obirent
1256 1717 1396 1787 apud
1431 1718 1812 1784 imperatorem
1861 1717 2063 1772 Roma-

489 1821 646 1868 num,
693 1805 851 1873 eique
878 1804 1264 1874 gratulationes
1289 1814 1346 1860 et
1398 1806 1538 1860 dona
1565 1806 1723 1862 serici
1763 1821 1868 1860 non
1909 1806 2061 1876 parvi

493 1894 652 1965 pretii
683 1910 786 1949 una
836 1909 958 1950 cum
992 1894 1188 1950 litteris
1235 1895 1528 1951 deferrent.
1570 1897 1730 1967 108
1763 1894 1914 1951 Hanc
1954 1897 2064 1966 epi-

485 1985 682 2040 stolam
715 1982 894 2039 ferens
930 1983 1177 2039 Maniacb
1210 1984 1263 2038 in
1296 1984 1440 2038 viam
1493 1999 1553 2040 se
1581 1987 1748 2040 dedit.
1770 1985 1902 2040 Cum
1933 1985 2056 2040 lon-

489 2091 616 2146 gum
645 2075 854 2130 itineris
875 2075 1108 2145 spatium
1137 2076 1466 2131 confecisset
1486 2077 1794 2146 multasque
1815 2079 2062 2149 regiones

487 2177 852 2240 peragrasset,
891 2177 1100 2222 montes
1146 2174 1446 2236 praeruptos
1477 2177 1531 2223 et
1565 2169 1803 2239 undique
1844 2169 2061 2228 nivibus

489 2269 796 2329 cmpertos,
827 2258 945 2313 loca
988 2259 1148 2329 plana
1177 2268 1231 2316 et
1258 2260 1480 2327 silvosa,
1513 2260 1737 2330 paludes
1771 2270 1826 2317 et
1879 2261 2061 2317 ﬂumi-

489 2369 582 2418 na,
611 2351 804 2407 deinde
837 2351 1137 2407 Caucasum
1178 2363 1504 2423 superasset,
1563 2353 1881 2423 Byzantium
1938 2369 2061 2424 per-

488 2443 668 2508 venit,
738 2453 792 2499 et
827 2444 878 2497 in
919 2443 1119 2513 regiam
1168 2444 1510 2500 introductus
1556 2445 1622 2500 ad
1676 2446 2056 2516 imperatorem

488 2535 737 2590 accessit.
779 2533 878 2590 Hic
896 2536 1074 2590 omnia
1111 2543 1406 2592 exsecutus
1429 2545 1530 2602 est,
1556 2552 1676 2607 quae
1719 2540 1860 2594 inter
1884 2539 2060 2595 socias

487 2635 673 2694 gentes
695 2625 973 2679 observari
1004 2625 1200 2692 solent,
1225 2636 1278 2680 et
1303 2626 1514 2682 litteras
1533 2635 1588 2682 et
1619 2629 1756 2682 dona
1779 2628 1833 2683 in
1869 2645 2058 2686 manus

489 2715 708 2769 tradidit
736 2729 948 2780 corum,
975 2730 1204 2785 quorum
1253 2716 1358 2772 hoc
1387 2716 1624 2774 officium
1657 2728 1797 2786 erat,
1832 2729 1886 2775 et
1935 2735 2060 2790 pre-

485 2816 640 2860 catus
690 2817 796 2871 est,
845 2821 912 2860 ne
941 2807 1044 2860 sibi
1092 2807 1229 2861 irriti
1280 2807 1470 2864 fierent
1511 2819 1618 2864 tam
1654 2811 1798 2882 longi
1848 2813 2058 2870 itineris

487 2896 738 2952 sudores.
793 2897 1092 2966 Imperator
1118 2907 1317 2964 autem,
1349 2900 1440 2954 ubi
1476 2901 1606 2969 legit
1652 2917 1749 2971 per
1787 2902 2056 2974 interpre-

489 2998 597 3043 tem
649 2989 856 3043 litteras
890 2987 1140 3059 Scytbicc
1197 2991 1448 3060 scriptas,
1478 2993 1802 3063 legationem
1849 2994 2054 3050 lubenti

2165 525 2263 577 ἆτε
2291 523 2392 592 τῆς
2431 522 2612 576 αὐτῶν
2664 522 2852 594 χώρας
2902 522 3053 591 θαμὰ
3097 519 3299 590 νιφετῷ
3341 517 3741 590 παλυνομένης,

2162 613 2260 666 καὶ
2314 612 2576 667 ἀδύνατον
2615 613 2675 666 ὃν
2727 613 2912 675 αὐτοῖς
2951 613 3080 667 ἄνευ
3115 609 3437 680 κρυμὼδους
3470 609 3744 680 καταστή-

2167 723 2337 777 ματος
2371 705 2635 776 βιοτεύειν
2664 706 2730 762 “.
2760 704 2950 778 Ταύτῃ
2993 723 3075 759 τοι
3119 705 3215 757 καὶ
3237 703 3432 766 ἄλλως,
3458 702 3743 771 ὑποτοπή-

2165 815 2380 863 σαντες,
2405 798 2461 852 οἵ
2486 815 2549 866 γε
2571 797 2672 869 τὴν
2701 797 2993 866 ἐπιϐουλὴν
3030 796 3306 866 διέφυγον,
3345 794 3489 849 οὕτω
3505 793 3742 864 ξυμϐἀν,

2162 889 2245 952 εἰς
2271 888 2372 960 τὴν
2403 888 2665 959 πατρῴαν
2695 888 3086 951 ἐπανελθόντες
3127 888 3198 942 τά
3249 887 3393 957 ᾇπερ
3428 890 3479 941 οἱ
3533 887 3746 959 Πέρσαι

2164 983 2262 1035 καὶ
2317 981 2368 1035 οἳ
2417 980 2793 1052 διεψιθύρισαν
2861 980 3056 1038 ταῦτα.
3092 981 3286 1050 Ὅμως
3338 982 3366 1033 6
3417 978 3747 1044 Διζάϐουλος

2165 1073 2445 1145 (ἀγχίνους
2479 1071 2590 1142 γάρ
2611 1088 2696 1136 τις
2725 1072 2821 1127 καὶ
2841 1070 3036 1143 δεινὸς)
3067 1071 3168 1125 οὐκ
3204 1071 3443 1142 ἠγνόησε
3488 1071 3549 1124 τὸ
3600 1087 3749 1143 πραο

2163 1165 2312 1236 χθὲν,
2352 1164 2508 1236 ᾠήθη
2541 1163 2620 1229 δὲ,
2649 1164 2785 1236 ὅπερ
2811 1163 2908 1217 καὶ
2927 1159 3022 1234 ἦν,
3057 1163 3134 1226 ὠς
3184 1163 3652 1232 ἐδολοφονήθησαν
3692 1163 3748 1216 οί

2163 1257 2444 1329 πρέσϐεις.
2467 1255 2661 1309 Ἔνθεν
2687 1255 2976 1327 τοιγαροῦν
3003 1257 3037 1326 ἠ
3057 1255 3351 1325 δυσμένεια
3370 1254 3575 1326 ἡρεατο
3602 1256 3748 1327 Περ-

2166 1349 2274 1402 σῶν
2299 1365 2359 1402 τε
2407 1347 2504 1402 καὶ
2539 1346 2823 1418 Τούρκων.
2875 1347 2988 1402 Kal.
3026 1346 3324 1416 λαϐόμενος
3347 1348 3376 1400 6
3413 1347 3654 1417 Μανιάχ,
3683 1347 3748 1410 ὃς

2162 1439 2269 1493 τῶν
2322 1439 2628 1508 Σογδαῖτῶν
2677 1439 3029 1510 προεστήκει,
3056 1438 3261 1492 τοιοῦδε
3293 1438 3336 1471 ⁸⁵
3359 1437 3552 1510 καιροῦ
3597 1455 3743 1510 συμ-

2160 1532 2414 1586 ϐουλεύει
2471 1532 2549 1603 τῷ
2599 1531 2935 1602 Διζαϐούλῳ,
2995 1533 3222 1602 ἄμεινον
3285 1526 3426 1585 εῖναι
3477 1531 3746 1602 Τούρκοις

2163 1624 2518 1680 ἀσπάσασθαι
2546 1624 2615 1678 τά
2650 1624 2966 1695 Ῥωμαίων,
3021 1623 3121 1678 καὶ
3167 1621 3302 1693 παρ’
3331 1621 3530 1684 αὐτοὺς
3585 1620 3748 1675 ὢνιον

2163 1715 2525 1786 ἀποκομίζειν
2579 1716 2677 1788 τὴν
2723 1714 2988 1786 μέταξαν,
3035 1714 3112 1778 ὥς
3161 1731 3226 1782 γε
3260 1715 3304 1747 ¹⁶
3339 1714 3433 1768 καὶ
3489 1713 3635 1768 κατά
3680 1713 3748 1767 τὸ

2167 1807 2327 1862 πλέον
2353 1809 2464 1862 τῶν
2486 1807 2664 1862 ἄλλων
2691 1807 2790 1860 ἀνθ
2799 1806 2998 1878 ρώπων
3037 1806 3377 1879 χρωμένους,
3414 1804 3746 1875 ἐτοιμότατα

2160 1896 2220 1952 δὲ
2245 1879 2288 1930 ίθ
2323 1897 2468 1969 ἔχειν
2495 1897 2598 1967 ἔφη
2621 1899 2651 1951 6
2693 1895 2912 1968 Μανιάχ
2957 1897 3054 1950 καὶ
3101 1896 3268 1961 αὐτὸς
3315 1895 3673 1966 συναπαίρειν
3699 1896 3748 1930 ⁸⁸

2162 1993 2277 2055 τοῖς
2307 1990 2606 2060 πρέσϐεσιν
2636 1989 2746 2044 τῶν
2802 1989 3064 2060 Τούρκων
3083 2005 3099 2022 ο
3131 1989 3225 2043 καὶ
3269 1989 3344 2052 ὡς
3393 1989 3566 2061 ταύτῃ
3596 1989 3747 2059 φίλοι

2163 2080 2381 2135 ἔσονται
2425 2080 2689 2151 Ῥωμαῖοί
2737 2098 2798 2134 τε
2842 2081 2938 2136 καὶ
2985 2079 3237 2152 Τοῦρκοι.
3296 2081 3520 2145 Τούτοις
3567 2082 3744 2153 δήπου

2163 2173 2510 2237 κατανεύσας
2526 2175 2677 2237 ’.τοῖς
2735 2174 2979 2246 ῥήμασιν
3013 2175 3041 2227 6
3074 2173 3404 2238 Διζάϐουλος
3461 2174 3745 2245 ἐκπέμπει

2163 2263 2327 2317 αὐτόν
2345 2279 2406 2316 τε
2437 2261 2531 2316 καὶ
2579 2261 2802 2333 ἐτέρους
2845 2259 2999 2324 τινάς
3040 2261 3117 2325 ὡς
3173 2259 3403 2330 βασιλέα
3452 2259 3746 2330 Ῥωμαίων

2163 2354 2673 2427 πρεσϐευσομένους
2703 2356 2770 2418 ¹⁹,
2803 2355 3137 2425 προσρήσεις
3183 2371 3244 2408 τε
3298 2353 3745 2425 ἀποκομιοῦντας

2165 2450 2260 2503 καὶ
2282 2449 2431 2520 δῶρα
2463 2449 2725 2520 μετάξης,
2755 2449 2857 2502 οὐκ
2886 2448 3068 2517 ὀλίγον
3098 2465 3154 2501 τι
3183 2449 3394 2519 χρῆμα,
3424 2447 3521 2501 καὶ
3542 2446 3742 2502 συλλα-

2163 2541 2265 2604 ϐάς
2288 2558 2464 2605 τινας.
2514 2541 2741 2595 Τοιάσδε
2792 2541 2947 2606 τινὰς
2995 2541 3286 2606 ἐπιστολὰς
3339 2541 3744 2613 ἐπιφερόμενος

2163 2633 2433 2704 όΜανιάχ
2463 2633 2748 2704 ἀπήρξατο
2790 2634 2892 2704 τῆς
2947 2634 3278 2706 ὁδοιπορίας.
3311 2634 3422 2686 Καὶ
3450 2633 3515 2704 δὴ
3564 2634 3624 2697 ἐς
3671 2633 3746 2687 τὰ

2165 2723 2401 2793 μάλιστα
2425 2723 2624 2794 πολλὴν
2655 2724 2916 2787 διανύσας
2965 2724 3231 2794 ἀτραπὸν,
3257 2723 3466 2795 χώρους
3499 2743 3559 2778 τε
3592 2724 3744 2778 διελ-

2162 2814 2271 2868 θὼν
2298 2815 2446 2869 ἐσότι
2485 2816 2796 2882 πλείστους,
2828 2817 2932 2888 ὅρη
2971 2835 3030 2870 τε
3077 2818 3311 2887 μέγιστα
3342 2819 3436 2872 καὶ
3469 2818 3744 2888 ἀγχινεφῆ

2160 2907 2257 2960 καὶ
2282 2907 2440 2960 πεδία
2466 2908 2563 2961 καὶ
2585 2907 2787 2972 νάπας,
2819 2908 3015 2978 λίμνας
3048 2925 3109 2961 τε
3139 2910 3237 2962 καὶ
3282 2909 3580 2979 ποταμοὺς,
3617 2905 3744 2963 εἷτα

2160 2997 2252 3051 τὸν
2276 2999 2568 3053 Καύκασον
2597 2998 2760 3054 αὐτὸν
2786 2999 2833 3033 ’⁸
2862 2999 2924 3054 τὸ
2973 2999 3100 3070 ὅρος
3157 2999 3498 3071 ὑπερελθὼν,
3534 3000 3596 3054 τὸ
3649 3018 3743 3054 τε-

491 3077 674 3132 animo
702 3078 938 3134 admisit.
981 3078 1165 3148 itaque
1197 3079 1402 3149 legatos
1454 3091 1837 3151 percunctatus
1876 3093 1960 3139 est
1987 3084 2055 3140 de

2161 3088 2404 3143 λευταίον
2436 3088 2665 3158 ἀφίκετο
2705 3092 2764 3156 ἐς
2794 3091 3114 3156 Βυζάντιον.
3157 3092 3269 3146 Kal.
3302 3091 3484 3145 τοίνυν
3544 3094 3628 3158 εἰς
3668 3093 3742 3148 τά

491 3166 789 3222 Turcorum
820 3169 1124 3240 principatu
1155 3179 1207 3226 et
1250 3172 1471 3242 regione
1500 3189 1514 3224 :
1543 3170 1619 3226 illi
1667 3186 1796 3226 vero
1829 3187 2053 3244 respon-

489 3259 705 3326 derunt,
730 3270 963 3329 quatuor
997 3263 1134 3332 apud
1158 3277 1252 3318 eos
1268 3263 1638 3331 prmfecturas,
1660 3265 1754 3320 sed
1779 3280 2053 3321 summum

491 3352 658 3406 totius
679 3353 850 3423 gentis
878 3353 1166 3422 imperium
1193 3367 1357 3422 penes
1385 3352 1558 3408 solum
1579 3352 1891 3410 Disabulnm
1913 3371 2053 3413 esse.

488 3441 572 3496 Ad
608 3443 724 3497 haec
755 3441 1011 3497 dixerunt
1036 3443 1311 3510 subegisse
1353 3443 1699 3512 prtbalitas
1721 3459 1923 3517 eosque
1959 3450 2055 3504 tri-

488 3538 672 3590 butum
725 3535 956 3603 pendere
1004 3534 1270 3604 coegisse.
1333 3551 1354 3587 ι
1399 3534 1588 3592 Omnis
1633 3536 1831 3606 igitur,
1877 3539 2056 3611 inquit

486 3625 806 3694 imperator,
858 3640 888 3678 a
919 3624 1073 3678 vobis
1113 3634 1198 3679 est
1243 3639 1432 3681 eversa
1477 3624 1908 3695 Ephtbalitarum
1959 3645 2055 3700 po-

487 3716 702 3772 tentia?
740 3735 758 3768 »
793 3715 1172 3771 Annuentibus
1214 3715 1424 3787 legatis,
1459 3717 1756 3788 imperator
1802 3723 2052 3792 rogavit:

489 3827 511 3864 ι
547 3809 738 3865 Utrum
785 3810 836 3864 in
861 3808 1104 3872 urbibus,
1131 3823 1200 3863 au
1229 3810 1448 3864 vicatim
1479 3810 1794 3868 habitabant
1817 3813 2057 3883 prtba-

486 3902 632 3957 litae?
653 3920 671 3953 ι
695 3931 760 3942 —-
787 3919 807 3952 ι
833 3901 1001 3965 Gens,
1019 3915 1054 3956 ο
1080 3901 1315 3966 domine,
1337 3903 1499 3958 urbes
1515 3903 1668 3959 colit.
1702 3922 1722 3957 ›
1742 3935 1812 3947 ---
1847 3924 1867 3958 ι
1893 3906 2052 3976 Ergo,

485 3993 719 4062 subjecit
771 3993 1090 4062 imperator,
1147 3992 1496 4048 manifestum
1532 4002 1638 4060 est,
1677 4009 1773 4052 vos
1813 3999 2052 4054 omnium

487 4085 723 4148 urbium,
749 4099 868 4152 quae
885 4084 1099 4137 illorum
1133 4082 1368 4150 fuerunt,
1398 4084 1572 4142 factos
1592 4100 1714 4142 esse
1733 4087 1998 4145 dominos.
2029 4106 2050 4142 ι

485 4203 556 4217 --
586 4191 605 4225 ι
630 4172 721 4228 Sic
737 4180 842 4239 est,
861 4171 1177 4242 imperator,
1206 4189 1227 4224 ι
1249 4174 1518 4229 dixerunt.
1547 4193 1567 4227 ι
1593 4174 1696 4232 Sed
1721 4191 1818 4234 nos
1845 4179 2052 4248 docete,

488 4271 686 4332 quanta
715 4261 788 4316 sit
830 4263 1066 4315 Avarum
1128 4262 1434 4327 multitudo,
1484 4278 1604 4334 qua:
1639 4268 1802 4322 vestri
1845 4267 2055 4338 imperii

486 4354 699 4409 frenum
729 4352 988 4419 excussit,
1015 4360 1070 4407 et
1089 4367 1217 4405 num
1249 4366 1376 4420 pars
1405 4353 1698 4409 etiamnum
1735 4357 1890 4412 vobis
1926 4359 2056 4415 sub-

483 4446 622 4516 jecta
665 4443 754 4500 sit.
796 4463 818 4497 ι
841 4463 952 4496 -ι
989 4445 1128 4498 Sunt
1155 4444 1246 4514 qni
1281 4454 1466 4503 nostro
1492 4447 1719 4518 imperio
1745 4449 1922 4508 adhuc
1959 4467 2057 4523 pa-

487 4543 663 4590 reant.
721 4535 824 4603 Qui
847 4550 979 4590 vero
1024 4549 1055 4589 a
1082 4535 1237 4591 nobis
1262 4535 1598 4606 defecerunt,
1649 4542 1885 4597 arbitror
1934 4557 2058 4599 esse

486 4625 708 4680 circiter
728 4626 918 4696 viginti
965 4625 1153 4682 millia.
1193 4645 1213 4680 ι
1247 4626 1530 4686 Postremo
1555 4630 1866 4701 imperatori
1898 4633 2057 4688 dinu-

487 4725 768 4772 merarunt
801 4725 989 4786 gentes
1014 4717 1208 4800 Turcis
1249 4720 1519 4776 subditas.
1555 4723 1756 4779 Deinde
1778 4724 1848 4780 ab
1875 4737 1963 4790 eo,
1997 4734 2056 4781 ut

485 4846 590 4901 pax
623 4839 678 4886 et
705 4845 978 4888 armorum
1023 4833 1256 4890 societas
1286 4833 1548 4893 Romanis
1569 4846 1623 4892 et
1655 4837 1849 4896 Turcis
1888 4851 2054 4910 esset,

488 4922 778 5004 petierunt.
828 4923 1184 4992 Addiderunt,
1241 4940 1302 4982 se
1357 4929 1726 4998 paratissimos
1754 4945 1894 4998 esse,
1953 4948 2055 5003 pu-

486 5028 653 5084 gnare
699 5023 886 5071 contra
909 5030 1121 5086 omnes,
1154 5020 1246 5088 qui
1272 5017 1530 5074 Romana:
1558 5020 1916 5078 dominationi
1969 5024 2052 5082 in-

483 5106 633 5172 festi,
685 5122 778 5164 eos
831 5124 1001 5180 prope
1045 5109 1286 5180 ipsorum
1335 5112 1469 5168 lines
1516 5112 1655 5169 bello
1715 5131 2050 5187 appeterent.

395 5253 402 5260 ,,
491 5197 615 5254 Haec
635 5199 793 5255 simul
823 5209 986 5270 atque
1019 5203 1459 5271 pronuntiarunt,
1491 5205 1756 5276 Maniacb,
1803 5214 2053 5270 manibus

487 5291 538 5347 in
569 5292 764 5358 caelum
813 5291 1061 5358 sublatis,
1115 5301 1169 5348 et
1197 5295 1286 5362 qui
1327 5311 1446 5351 cum
1478 5297 1595 5367 ipso
1625 5310 1803 5367 erant,
1843 5301 2052 5373 jureju-

2161 3183 2411 3254 βασίλεια
2459 3185 2750 3257 παρελθὼν
2801 3188 2897 3240 καὶ
2945 3187 3098 3260 παρά
3153 3187 3382 3260 βασιλέα
3440 3189 3738 3259 γενόμενος

2159 3278 2376 3334 ἅπαντα
2410 3277 2612 3350 ἔπραξε
2643 3279 2713 3333 τά
2739 3279 2840 3332 ὅσα
2867 3279 3059 3334 ἕπεται
3089 3279 3167 3350 τῷ
3196 3283 3295 3353 τῆς
3321 3281 3503 3351 φιλίας
3523 3281 3731 3353 θεσμῷ,

2157 3374 2220 3427 τό
2253 3389 2313 3427 τε
2343 3374 2582 3445 γράμμα
2613 3373 2708 3427 καὶ
2728 3375 2795 3428 τὰ
2820 3372 2970 3445 δῶρα
3004 3374 3302 3446 ἐνεχείρισε
3343 3376 3454 3438 τοῖς
3483 3376 3541 3440 ἐς
3574 3375 3741 3430 τοῦτο

2156 3464 2486 3536 ἀνειμένοις,
2511 3465 2608 3519 καὶ
2639 3464 2811 3520 ἐδεῖτο
2838 3466 2912 3536 μὴ
2938 3465 3231 3537 ἀνονήτους
3283 3466 3431 3538 αύτῷ
3462 3468 3742 3536 ,γενέσθαι

2155 3557 2284 3620 τοὺς
2308 3557 2407 3630 τῆς
2431 3557 2741 3630 ὁδοιπορίας
2776 3557 3029 3628 ἱδρῶτας.
3066 3558 3286 3628 Ἀτάρὸ
3317 3560 3571 3631 βασιλεὺς
3599 3563 3740 3617 ἀνα-

2155 3649 2450 3721 λεξάμενος
2481 3649 2569 3706 διὰ
2604 3649 2713 3704 τῶν
2759 3650 3042 3722 ἑρμηνέων
3078 3651 3140 3704 τὸ
3175 3653 3409 3724 γράμμα
3437 3654 3498 3708 τὸ
3531 3655 3739 3709 Σκυθι-

2155 3743 2251 3796 κὸν
2284 3742 2668 3813 ἁσμενέστατα
2693 3743 3012 3814 προσήκατο
3033 3745 3133 3817 τὴν
3171 3745 3488 3818 πρεσϐείαν.
3533 3747 3738 3816 Τοιγα-

2159 3831 2287 3904 ροῦν
2333 3832 2496 3903 ἤρετο
2534 3832 2663 3896 τοὺς
2713 3832 2972 3903 πρέσϐεις
3003 3834 3134 3906 περὶ
3181 3834 3283 3905 τῆς
3323 3835 3434 3890 τῶν
3467 3836 3736 3908 Τούρκων

2155 3925 2456 3997 ἡγεμονίας
2481 3939 2543 3978 τε
2575 3925 2671 3979 καὶ
2693 3923 2898 3998 χώρας.
2929 3927 2991 4000 Οἱ
3021 3927 3078 3980 δέ
3106 3944 3170 3995 γε
3212 3927 3418 3995 ἔφασαν
3461 3929 3734 4000 τέτταρας

2156 4016 2341 4080 αὐτοῖς
2371 4011 2512 4070 εἶναι
2564 4017 2863 4086 ἡγεμονίας
2887 4033 2902 4047 ·
2924 4016 2985 4070 τὸ
3010 4016 3070 4072 δέ
3117 4033 3180 4086 γε
3231 4019 3433 4089 κράτος
3461 4020 3556 4074 τοῦ
3588 4019 3728 4091 ξύμ-

2156 4122 2360 4169 παντος
2387 4105 2575 4171 ἔθνους
2627 4109 2873 4162 ἀνεῖσθαι
2908 4108 3055 4180 μόνῳ
3107 4108 3186 4180 τῷ
3218 4109 3552 4183 Διζαϐούλῳ.
3585 4114 3728 4184 Πρός

2155 4217 2220 4269 γε
2250 4198 2460 4266 ἔλεξαν,
2487 4201 2562 4265 ὡς
2593 4200 3153 4270 παρεστήσαντοοκαὶ
3189 4200 3512 4268 Ἑφθαλίτας
3566 4203 3754 4274 μάχρι⁹

2155 4291 2252 4346 καὶ
2305 4293 2362 4355 ἐς
2415 4292 2582 4363 φόρου
2611 4293 2942 4362 ἀπαγωγήν.
2972 4309 2991 4343 ι
3018 4292 3207 4345 Πᾶσαν
3237 4291 3350 4361 οὖν,
3382 4294 3488 4366 ἔφη
3517 4295 3546 4350 ὁ
3567 4295 3734 4350 αὑτο-

2161 4384 2408 4454 κράτωρ,
2444 4383 2545 4456 τὴν
2599 4383 2710 4438 τῶν
2749 4383 3087 4452 Ἐφθαλιτῶν
3137 4384 3536 4458 ὲκποιήσασθαι
3561 4388 3604 4420 ⁸⁸
3637 4387 3736 4442 δύ-⁹

2161 4489 2346 4546 ναμιν.
2362 4495 2483 4528 ι-ι
2507 4477 2656 4531 Πάνυ
2677 4475 2776 4546 μὲν
2801 4471 2950 4542 οὗν,»
2973 4476 3160 4542 ἔλεξαν
3183 4478 3233 4531 οἱ
3265 4478 3543 4550 πρέσϐεις.
3563 4476 3737 4545 Αὖθις

2158 4570 2188 4622 ὁ
2209 4568 2466 4640 βασιλεύς
2491 4584 2506 4601 ·
2535 4589 2552 4621 ι
2580 4569 2742 4624 Κατά
2758 4571 2942 4635 πόλεις
2971 4571 3006 4642 ἦ
3035 4587 3137 4624 που
3167 4571 3276 4642 ἄρα
3303 4572 3444 4626 κατὰ
3471 4571 3668 4643 κώμας
3686 4577 3734 4610 ⁸⁸

2159 4661 2335 4734 ᾤκουν
2356 4661 2406 4714 οι
2426 4660 2747 4729 Ἐφθαλϊται
2772 4676 2787 4726 ;
2823 4679 2842 4714 ι
2870 4661 2934 4714 Ol
2955 4660 3215 4730 πρέσϐεις
3231 4678 3278 4713 σι
3303 4659 3568 4726 ’Δστικοὶ,
3587 4655 3634 4716 ὧ
3649 4661 3737 4716 δέ·

2159 4770 2358 4819 σποτα,
2391 4751 2452 4806 τδ
2482 4751 2673 4822 φῦλον.
2717 4771 2840 4804 ι-ι
2877 4751 3118 4824 Εὔδηλον
3142 4746 3256 4820 οὖν,
3292 4748 3329 4824 ἦ
3357 4753 3413 4807 δὲ
3441 4755 3488 4787 ’³
3511 4757 3540 4809 6
3567 4755 3733 4825 βασι-

2161 4845 2312 4908 λεὺς,
2332 4843 2408 4908 ὡς
2432 4843 2658 4897 ἐκείνων
2683 4845 2858 4914 δήπου
2873 4844 2982 4898 τῶν
3009 4844 3216 4898 πόλεων
3247 4844 3430 4917 κύριοι
3458 4846 3735 4917 καθεστή-

2167 4935 2586 4992 κατε.›-ι1(αὶ
2623 4935 2767 5007 μάλα
2785 4977 2800 5004 ,
2838 4955 2858 4990 ι
2895 4936 3124 5006 ἔφασαν.
3144 4937 3201 4990 '0
3221 4937 3475 5010 βασιλεύς
3494 4954 3507 4967 ·
3535 4957 3555 4991 ι
3586 4940 3735 5011 ’Δρα

2162 5031 2307 5102 ἡμᾶς
2326 5029 2680 5096 ἀναδιδάξατε
2700 5031 2798 5100 ὅση
2819 5031 2864 5063 ³⁸
2880 5030 2988 5084 τῶν
3009 5031 3251 5102 Ἀϐἀρων
3268 5033 3477 5102 πληθὺς
3500 5033 3599 5104 τῆς
3619 5033 3733 5086 τῶν

2164 5123 2424 5195 Τούρκων
2451 5124 2754 5194 ἀφηνίασεν
2790 5125 3147 5196 ἐπικρατείας
3175 5125 3241 5189 ’⁸,
3275 5126 3368 5178 καὶ
3397 5125 3451 5177 εἴ
3473 5141 3620 5189 τινες
3650 5126 3733 5180 ἐτι

2165 5213 2295 5285 παρ’
2319 5216 2447 5285 ὑμῖν
2476 5231 2490 5280 ;
2523 5234 2542 5267 ι
2567 5245 2633 5256 --
2664 5233 2681 5265 ι
2710 5213 2834 5267 Εἰσὶ
2861 5216 2981 5285 μὲν,
3003 5208 3047 5268 ὦ
3071 5214 3313 5286 βασιλεῦ,
3345 5215 3477 5282 οἵγε
3494 5217 3563 5269 τὰ
3593 5217 3736 5285 ἠμέ-

2163 5324 2298 5374 τερα
2317 5308 2637 5377 στέργουσιν
2659 5308 2739 5360 ἔτι
2760 5324 2772 5340 ι
2799 5308 2924 5371 τοὺς
2946 5308 3000 5362 δὲ
3028 5307 3297 5379 δήπουθεν
3315 5307 3733 5379 ἀποδράσαντας

1759 5443 1992 5502 νΑΒΙΕ
2017 5449 2418 5506 LECTIONES.

489 5613 533 5645 η
629 5540 1294 5645 ..Ι-Βιβιοτξὶῦον
1323 5549 1466 5645 vulg.
1524 5551 1590 5638 "'
1620 5554 1824 5645 ξοιοξῖδε
1860 5557 1943 5620 Β-,
1967 5559 2304 5645 τοῦδειγυιε.
2339 5563 2425 5645 _“
2451 5563 2526 5626 ὥς
2558 5579 2623 5632 γε
2657 5563 2740 5630 B.,
2772 5566 2909 5620 ὥστε
2949 5565 3094 5638 vnlg.
3175 5567 3216 5598 ¹⁷
3237 5567 3292 5620 δὲ
3321 5565 3404 5633 Β..
3438 5567 3534 5624 καὶ
3583 5570 3727 5641 vulg.

557 5614 720 5704 9379;
752 5613 1143 5704 ,σξγειεαέρξιι
1169 5614 1276 5702 θη,
1307 5613 1468 5704 amp
1495 5619 1587 5673 οὖν
1615 5623 1873 5704 ᾲπειίρεεν
1901 5613 2046 5704 ang.
2076 5613 2971 5704 τιδέσσευσςιῖιένιυξ-ξεεῖτιτι·
3114 5613 3546 5701 navant
3579 5613 3645 5694 ιι]

487 5683 533 5760 ξξ
557 5683 953 5760 ξδιρ-ποιήσαςθε
987 5694 1083 5760 aut
1113 5685 1460 5760 ᾠκειώσασθε
1509 5693 1652 5760 conj.
1687 5683 1771 5748 8..
1831 5697 1875 5728 ²¹
1896 5683 2041 5753 κατ’ἀί
2083 5701 2162 5754 κώ

489 5747 674 5822 ngat
715 5745 802 5820 Βξ,
831 5754 932 5825 ήδη
967 5745 1140 5827 vulg.’
1190 5758 1237 5789 ”
1281 5759 1378 5830 ὅση
1433 5759 1516 5829 Β.,
1740 5745 1890 5840 ἰύἰς.

2168 5643 2698 5704 πρεσϐευσαμένους
2725 5643 2813 5690 ed.
2839 5643 2960 5692 Par.
3037 5643 3083 5669 "
3114 5643 3275 5691 αὐτὸν
3305 5643 3389 5701 B.,
3415 5643 3546 5691 αὐτὸ
3579 5643 3670 5696 vui
3713 5681 3728 5696 .

2168 5719 2276 5780 μας
2317 5703 2629 5780 νειΙη-κατά
2685 5704 2878 5780 κῲμης
2911 5705 3105 5780 -νιιιιξε2
3146 5707 3256 5780 Δκαὶ
3297 5709 3364 5760 τὰ
3413 5725 3628 5780 κηῐηε.

1993 5771 2036 5804 ⁸⁸
2089 5771 2321 5843 ἀφηνίας
2373 5777 2430 5827 ὲν
2469 5771 2788 5849 ἐπικρατείᾲ
2833 5771 3179 5849 νυιεξνει.
3250 5792 3354 5833 em.
3399 5779 3550 5851 ὑμῶν
3576 5771 3728 5850 vui—4.

3635 321 3741 382 8l‘8
