4076 6442
333 312 434 376 809

1123 313 1220 373 DE
1261 313 1836 375 LEGATIONIBUS
1872 313 2228 375 GENTIUM
2269 317 2370 376 AD
2410 316 2788 377 ROMANOS.

3475 317 3583 380 810

328 419 478 492 οἶμαι
505 418 650 488 ἀμφὶ
682 417 780 482 τὰς
812 420 1014 472 εἴκοσιν
1043 414 1182 472 εἶναι
1207 419 1505 489 χι)ιάδας.›
1539 416 1674 474 Εἶτα
1704 422 1908 490 ἀπαρι-

2017 425 2184 478 rando
2241 425 2500 488 maximo,
2532 437 2653 480 sese
2694 441 2761 480 ex
2809 425 2974 479 animi
3003 427 3086 482 sui
3119 430 3385 482 sententia
3447 432 3588 483 bona

331 512 672 582 θμησὰμενοι
703 510 755 562 οί
784 510 1043 580 πρέσϐεις
1069 510 1198 580 ἔθνη
1229 514 1478 580 κατήκοα
1528 511 1814 582 Τούρκων,
1844 512 1904 565 τὸ

329 602 509 659 λοιπὸν
539 603 851 672 ἠντιϐόλουν
879 602 1258 674 αὐτοκράτορα
1290 604 1517 674 εἰρήνην
1555 622 1614 657 τε
1643 605 1904 670 ξυνεστά-

331 714 410 750 ναι
462 696 560 749 καὶ
612 694 925 767 ὁμαιχμίαν
974 696 1272 766 Ῥωμαίοις
1335 715 1393 750 τε
1457 698 1556 751 καὶ
1611 698 1898 769 Τούρκοις.

331 786 728 858 Προσετίθεσαν
782 787 862 850 δὲ,
893 786 969 850 ὡς
1025 788 1117 840 καὶ
1144 789 1472 859 ἐτοιμότατα
1510 789 1694 860 ἔχουσι
1728 808 1899 844 κατα-

329 877 640 948 πολεμῆσαι
661 879 764 948 τῆς
802 879 1094 949 Ῥωμαίων
1123 881 1484 950 ἐπικρατείας
1527 881 1588 934 τὸ
1615 881 1901 952 δυσμενὲς,

2017 512 2121 568 ﬂde
2157 513 2268 566 haec
2317 514 2499 567 omnia
2536 513 2719 569 dicere
2748 522 2802 569 et
2847 515 3164 583 promittere
3203 517 3585 586 afﬂrmarnnt;

2012 607 2066 661 ni
2097 620 2159 660 ea
2191 620 2317 660 vera
2359 614 2560 670 essent,
2608 613 2701 660 aut
2731 606 2774 660 si
2807 605 3042 662 scientes
3097 607 3368 673 fallerent,
3413 623 3590 678 neque

2012 711 2074 751 et
2125 695 2498 760 observarent,
2551 696 2654 750 sibi
2707 696 2838 764 ipsis
2867 705 2922 750 et
2958 697 3060 765 ipsi
3093 695 3346 752 Disabnlo
3386 699 3591 767 totique

2013 789 2159 858 genti
2211 789 2358 843 diras
2411 797 2538 844 sunt
2568 787 2872 856 imprecati.
2903 789 2983 842 Ad
3011 790 3154 844 hunc
3180 790 3402 843 modum
3458 805 3592 859 gens

2011 881 2243 936 Turcica
2269 881 2528 936 Romanis
2555 883 2732 936 amica
2755 889 2840 937 est
2870 880 3037 937 facta.

328 969 521 1023 ὁπόσον
549 969 610 1032 ἐς
637 969 737 1040 τὴν
785 978 906 1022 κατ’
934 970 1131 1034 αὐτοὺς
1166 972 1212 1002 ⁸⁸
1245 971 1604 1039 ἁγελάζονται
1649 974 1897 1043 ἤπειρον.
1951 973 2077 1026 Ἐπὶ
2109 971 2323 1037 τούτοις
2377 974 2494 1044 ἃμα
2522 973 2599 1045 τῷ
2622 973 2772 1040 λέξαι
2798 973 2880 1028 τὼ
2944 977 3094 1047 χεῖρε
3122 975 3259 1045 ὑψοῦ
3301 977 3590 1043 ἀνατείνας

324 1067 352 1118 ὁ
378 1063 601 1134 Μανιὰχ
655 1063 710 1116 of
736 1080 796 1116 τε
821 1065 865 1096 ⁸⁷
890 1065 990 1131 ξὺν
1035 1064 1188 1135 αὐτῷ
1223 1066 1373 1137 ὅρκῳ
1400 1067 1776 1121 ἐπιστώσαντο
1844 1068 2108 1140 μεγίστῳ,
2175 1065 2211 1140 ἦ
2279 1069 2385 1141 μὴν
2405 1069 2779 1140 ὀρθογνώμονι
2825 1070 3034 1142 διανοίᾳ
3082 1071 3258 1125 ταῦτα
3314 1071 3588 1142 εἰρῆσθαι,

326 1154 467 1226 Πρός
495 1171 560 1224 γε
629 1154 725 1210 καὶ
777 1157 1038 1226 κατέχεον
1084 1157 1226 1226 ἀρὰς
1274 1160 1460 1229 σφίσιν
1512 1161 1721 1227 αὐτοῖς,
1761 1160 1844 1215 ἔτι
1911 1179 1974 1231 γε
2019 1163 2128 1234 μὴν
2184 1164 2278 1218 καὶ
2334 1163 2412 1234 τῷ
2456 1163 2789 1236 Διζασούλῳ,
2835 1164 2972 1219 ἀλλὰ
3023 1164 3133 1235 γὰρ
3185 1165 3280 1218 καὶ
3321 1165 3484 1220 παντὶ
3512 1164 3592 1234 τῷ

324 1249 486 1314 ἐθνει,
518 1250 572 1304 ετ
606 1267 670 1318 γε
694 1249 816 1322 οὐχὶ
843 1252 912 1304 τὰ
937 1251 1334 1322 ἐπηγγελμένα
1377 1247 1558 1324 ἅληθῆ
1601 1271 1660 1308 τε
1695 1254 1781 1325 εἴη
1810 1255 1906 1310 καὶ
1946 1257 2216 1328 πρακτέα.
2280 1256 2442 1312 Οὓτω
2477 1259 2575 1327 μὲν
2601 1256 2696 1313 οὖν
2724 1259 2786 1312 τὸ
2847 1259 3012 1328 φῦλον
3057 1262 3107 1312 οἱ
3153 1259 3388 1330 Τοῦρκοι
3445 1259 3591 1329 φίλοι

324 1344 573 1412 ἐγένοντο
611 1342 936 1416 Ῥωμαίοις,
971 1346 1069 1399 καὶ
1121 1349 1190 1417 τῇ
1239 1347 1362 1400 καθ’
1393 1348 1542 1418 ἡμᾶς
1568 1349 1690 1420 οὐχὶ
1729 1350 1904 1414 ἄλλως
1941 1352 2242 1424 ἐφοίτησαν
2272 1352 2543 1426 πολιτείᾳ.

390 1437 464 1509 η’.
491 1440 614 1493 Ὀτι
656 1438 1052 1511 διαθρυλληοέν
1107 1441 1248 1495 κατὰ
1284 1441 1386 1513 τὴν
1431 1443 1728 1514 Τουρκίαν,
1789 1445 1901 1499 ὅσοι

323 1533 611 1604 ἁγχίθυροι
661 1527 826 1604 ἦσαν,
879 1523 954 1598 ὡς
1006 1534 1296 1604 Ῥωμαίων
1348 1536 1712 1608 ἐνδημοῦσι²⁶
1767 1536 1906 1608 πρέ-

2081 1448 2135 1503 8.
2179 1448 2266 1520 (Α.
2293 1447 2356 1504 (ὲ.
2408 1448 2511 1505 569
2538 1449 2652 1504 Ind.
2689 1449 2724 1503 2
2763 1448 2958 1506 Justini
2986 1449 3064 1520 5.)
3097 1449 3391 1521 Postquam
3451 1451 3595 1508 fama

2013 1541 2078 1596 ad
2113 1540 2374 1598 ﬁnitimas
2398 1541 2610 1597 Turciae
2664 1545 2850 1613 gentes
2880 1552 3225 1612 pervenerat,
3253 1544 3457 1613 legatos
3488 1544 3595 1599 Ro-

323 1625 495 1690 σδεις,
532 1626 627 1678 καὶ
652 1625 728 1689 ὡς
756 1627 1088 1698 πορεύονται·
1109 1628 1209 1700 τὴν
1241 1630 1337 1682 ἐπὶ
1361 1629 1420 1683 τδ
1448 1627 1747 1695 Βυζάντιον
1785 1629 1902 1700 ἅμα

2017 1646 2296 1686 manorum
2351 1633 2660 1697 advenisse,
2713 1647 2915 1702 eosque
2943 1648 3050 1687 una
3113 1649 3237 1688 cum
3291 1633 3594 1690 Turcorum

324 1717 586 1786 πρεσϐείᾳ
645 1717 926 1788 Τούρκων,
967 1722 995 1772 ὁ
1035 1719 1142 1774 τῶν
1186 1721 1370 1792 ἐκείνῃ
1390 1721 1437 1753 ⁸⁸
1467 1721 1637 1775 ἐθνῶν
1683 1717 1958 1794 ήγεμὼνί

328 1808 558 1879 ἐδήλωσε
582 1808 663 1880 τῷ
696 1807 1008 1879 Διζαϐούλῳ
1040 1811 1134 1876 ξὺν
1163 1813 1390 1885 ἱκετείᾳ,
1420 1812 1496 1878 ὡς
1527 1813 1594 1868 ἂν
1625 1815 1720 1868 καὶ
1750 1813 1910 1878 αὐτὸς

323 1901 386 1954 ἐκ
427 1900 523 1953 τοῦ
572 1887 852 1971 σφετέρου
888 1902 1043 1968 τινὰς
1082 1904 1405 1959 ἀποστείλαι
1445 1905 1631 1980 ἔθνους
1661 1897 1755 1959 ἐπὶ
1781 1904 1912 1960 θέαν

318 1990 417 2060 τῆς
460 1991 779 2062 Ῥωμαῖκῆς
814 1994 1114 2059 πολιτείας.
1157 1996 1266 2050 Καὶ
1307 1998 1489 2051 τοίνυν
1523 2001 1551 2051 ό
1589 1995 1913 2062 Διζάσουλος

318 2081 500 2152 ἐφίετο
521 2083 584 2135 ⁸ο.
621 2083 730 2136 Καὶ
774 2083 953 2156 ἕτεροι
977 2087 1020 2118 ³⁸
1057 2086 1114 2140 δὲ
1153 2089 1498 2160 προεστῶτες
1536 2089 1705 2143 ἐθνῶν
1740 2089 1912 2143 ταῦτα

319 2175 586 2245 ἐζήτουν*
627 2176 655 2228 ὁ
687 2175 744 2228 δὲ
795 2175 973 2230 οὐδενὶ
1028 2177 1376 2251 ξυνεχώρησε
1432 2180 1542 2233 τῶν
1603 2180 1910 2250 πάντων,ἥ

323 2265 482 2334 μόνον
507 2263 584 2334 τῷ
612 2264 722 2317 τῶν
756 2266 1008 2320 Χλιατῶν
1038 2265 1293 2338 ἡγεμόνι.
1329 2269 1440 2323 Καὶ
1482 2268 1576 2322 οὖν
1600 2270 1695 2323 καὶ
1721 2270 1913 2322 τοῦτον

319 2355 722 2426 παρειληφότες
743 2358 792 2409 οἱ
833 2358 1095 2428 Ῥωμαῖοι
1145 2361 1232 2415 διὰ
1274 2359 1370 2414 τοῦ
1402 2361 1700 2432 λεγομένου
1737 2376 1909 2414 ποτα-

326 2447 428 2517 μοῦ
485 2448 616 2518 Ὠὴχ
641 2489 655 2515 ,
690 2450 786 2503 καὶ
817 2450 1062 2522 ἀτραπὸν
1113 2451 1466 2516 διανύσαντες
1509 2452 1766 2523 οὐδαμῶς
1797 2451 1914 2505 ὀλί-

321 2556 448 2609 γην,
484 2541 734 2609 ἐγένοντο
765 2529 908 2595 κατὰ
933 2542 998 2613 δὴ
1019 2543 1118 2614 τὴν
1141 2544 1338 2616 λίμνην
1367 2545 1467 2615 τὴν
1495 2544 1729 2599 ἄπλετον
1769 2545 1914 2597 ἐκεί-

327 2647 427 2702 νην
480 2632 575 2684 καὶ
627 2633 846 2703 εὖρεῖαν
869 2634 934 2686 ³¹.
983 2634 1252 2688 Ἐνταῦοα
1287 2633 1316 2687 ὁ
1345 2633 1642 2706 Ζήμαρχος
1662 2635 1707 2666 ³³
1735 2630 1915 2687 ἐνδια-

325 2722 524 2795 τρίψας
551 2723 766 2794 ἡμέρας
796 2727 967 2795 τρεῖς,
993 2725 1202 2779 στέλλει
1232 2726 1530 2795 Γεώργιον,
1561 2726 1618 2804 ὃς
1642 2727 1824 2779 ἀνεῖτο
1859 2727 1916 2788 ἐς

325 2815 426 2887 τὴν
447 2815 556 2869 τῶν
579 2817 1008 2888 ἐπιτομωτέρων
1056 2817 1342 2871 συλλαϐῶν
1377 2814 1742 2886 ἀπαγγελίαν,
1782 2833 1917 2887 ’προ⁴

325 2903 639 2980 δηλώσοντα
668 2911 746 2981 τῷ
795 2909 1008 2980 βασιλεῖ
1034 2911 1129 2981 τὴν
1163 2896 1314 2980 σφῶν
1346 2909 1526 2964 αὐτῶν
1555 2907 1620 2962 ἐκ
1649 2907 1915 2980 Τούρκων

2014 1721 2208 1793 legatis
2241 1722 2564 1792 Byzantium
2589 1723 2788 1788 redire,
2812 1724 2931 1794 ejus
2961 1723 3198 1793 regionis
3228 1726 3335 1779 dux
3367 1725 3596 1780 Dis-abu-

2015 1816 2070 1869 lu
2095 1832 2126 1868 n
2167 1815 2328 1886 109
2360 1816 2582 1885 supplex
2623 1817 2828 1879 oravit,
2888 1824 2948 1870 ut
2989 1815 3297 1886 reipublicae
3335 1815 3597 1872 Romanae

2015 1908 2255 1964 visenda:
2282 1908 2456 1977 gratia
2498 1911 2598 1965 sibi
2628 1925 2844 1981 quoque
2899 1911 3104 1982 legatos
3137 1915 3354 1970 mittere
3385 1913 3594 1969 liceret.

2014 1994 2167 2063 Quod
2200 1991 2490 2053 Disabulus
2553 2014 2661 2053 non
2711 2002 3003 2056 recusavit.
3053 1999 3158 2057 Sed
3199 2017 3323 2058 cum
3369 2004 3597 2058 aliarum

2014 2091 2231 2157 Quoque
2266 2090 2503 2158 gentium
2566 2089 2732 2146 duces
2787 2092 2926 2146 idem
2986 2103 3254 2162 peterent,
3296 2096 3429 2150 nulli
3483 2097 3595 2160 alii,

1999 2189 2178 2248 quam
2242 2178 2342 2234 soli
2387 2179 2678 2235 Chliatium
2708 2183 2852 2244 duci.
2896 2186 3188 2242 concessit.
3235 2186 3420 2256 Itaque
3456 2189 3599 2243 hunc

2014 2269 2179 2323 etiam
2214 2267 2445 2325 Romani
2506 2283 2867 2339 assumentes,
2904 2275 3132 2347 traiecto
3181 2277 3406 2335 ﬂumine
3437 2277 3594 2344 Oich,
3655 2319 3660 2323 -

2017 2357 2163 2413 haud
2190 2359 2351 2415 breve
2377 2362 2478 2415 vite
2511 2362 2743 2431 spatium
2767 2366 2997 2430 emensi,
3027 2367 3094 2421 ad
3129 2367 3274 2422 illam
3322 2370 3597 2440 ingentem

2016 2456 2071 2503 ct
2108 2449 2270 2504 latam
2297 2450 2545 2520 paludem
2570 2465 2956 2521 pervenerunt.
2987 2453 3086 2511 I'Iic
3117 2455 3446 2512 Zemarchus
3483 2466 3596 2513 tres

2016 2535 2133 2593 dies
2160 2547 2547 2604 commoratus,
2573 2539 2740 2594 mittit
2763 2538 3076 2611 Georgium,
3122 2543 3208 2597 cui
3245 2559 3446 2600 munus
3471 2547 3598 2601 brea-

2017 2628 2199 2682 viores
2233 2628 2492 2698 epistolas
2533 2629 2841 2700 perferendi
2872 2633 3108 2687 delatum
3155 2643 3297 2700 erat,
3331 2646 3388 2689 ut
3423 2635 3597 2705 impe-

2017 2720 2185 2776 ratori
2241 2719 2540 2791 legatorum
2610 2737 2640 2777 a
2693 2721 2886 2780 Turcis
2960 2726 3192 2780 reditum
3240 2726 3594 2796 signiﬁcaret.

2017 2810 2282 2882 Georgius
2341 2813 2506 2882 igitur
2561 2828 2684 2868 cum
2739 2815 3021 2870 duodecim
3081 2815 3278 2872 Turcis
3325 2817 3596 2875 desertam

2019 2903 2237 2974 quidem
2267 2912 2321 2957 et
2359 2905 2696 2974 inaquosam,
2731 2908 2824 2960 sed
2857 2905 3164 2962 breviorem
3199 2907 3341 2963 viatn
3372 2909 3599 2980 Byzan—

325 3003 609 3057 ἐπάνοδον.
657 3003 772 3058 Καὶ
821 2999 914 3057 οὖν
960 3003 988 3055 ὁ
1029 3002 1306 3074 Γεώργιος
1338 3001 1455 3073 ἃμα
1488 3001 1751 3072 Τούρκοις
1781 2999 1914 3054 δέκα

2021 2996 2152 3051 ιίυιη
2182 3011 2373 3052 versus
2423 2998 2700 3066 ingressus
2754 3005 2859 3054 est.
2919 2997 3248 3055 Zemarchus
3298 3011 3478 3056 autem
3505 3015 3601 3071 per

329 3094 466 3163 πρὸς
495 3095 607 3158 τοῖς
637 3091 732 3148 δύο
773 3093 1057 3165 ἀπήρξατο
1095 3094 1190 3161 τῆς
1224 3094 1318 3146 ἐπὶ
1355 3093 1416 3147 τὸ
1441 3091 1736 3159 Βυζάντιον
1765 3093 1909 3158 ὁδοῦ,

327 3181 559 3253 ἀνύδρου
594 3199 654 3234 τε
689 3182 834 3253 μάλα
873 3183 1041 3253 οὔσης
1075 3181 1172 3236 καὶ
1214 3183 1392 3254 πάντη
1425 3183 1658 3254 ἐρήμου,
1684 3181 1836 3252 ὅμως
1866 3180 1911 3234 δ’

326 3269 421 3327 οὖν
452 3271 888 3345 ἐπιτομωτέρας.
936 3273 995 3328 '0
1027 3273 1085 3327 δὲ
1121 3274 1411 3346 Ζήμαρχος
1442 3273 1585 3328 κατὰ
1619 3273 1684 3346 δὴ
1713 3274 1774 3326 τὸ
1803 3273 1910 3342 ψα-

329 3366 582 3437 μαθῶδες
624 3368 724 3436 τῆς
775 3366 1000 3440 λίμνης’
1019 3366 1337 3438 παροδεύων
1393 3367 1486 3420 ἐπὶ
1517 3367 1732 3438 ἡμέρας
1781 3368 1915 3420 δέκα

327 3459 425 3511 καὶ
459 3458 576 3522 δύο,
605 3458 910 3522 δυσδάτους
948 3458 1014 3512 τέ’
1052 3474 1207 3522 τινας
1247 3458 1458 3529 χώρους
1487 3457 1916 3530 παραμειψάμε-

327 3567 439 3617 νος,
476 3551 696 3619 ἐγένετο
744 3552 889 3604 κατᾶ
939 3549 1010 3605 τὰ
1060 3551 1251 3622 ῥεῖθρα
1293 3545 1387 3603 τοῦ
1423 3550 1524 3619 Ἰχ,
1550 3551 1610 3602 οὐ
1643 3550 1750 3619 μὴν
1777 3549 1914 3603 ἀλλὰ

328 3645 428 3698 καὶ
457 3646 597 3699 κατὰ
632 3646 723 3700 τὸν
763 3645 897 3716 Δαῒχ
915 3645 984 3712 ³δ,
1023 3646 1116 3699 καὶ
1171 3644 1259 3697 διὰ
1274 3642 1322 3676 ³⁵
1349 3642 1554 3713 λιμνῶν
1586 3641 1789 3713 ἐτέρων
1813 3637 1914 3694 αὖ-

328 3737 416 3799 Θις
462 3736 518 3799 ἐς
571 3736 981 3803 τὺνῖἌττίλανο
1039 3736 1310 3798 πάλινὼς
1361 3734 1825 3805 Οὑγούρους³⁶,ο⁸ί
1851 3734 1916 3806 δὴ

330 3827 429 3880 καί
471 3843 656 3895 σφισιν
698 3827 1070 3899 ἀπήγγειλαν,
1101 3827 1174 3890 ὼς
1214 3829 1292 3889 είς
1326 3827 1395 3879 τὰ
1423 3826 1551 3898 περὶ
1582 3827 1670 3878 τὸν
1707 3825 1914 3895 Κωφῆ-

329 3937 397 3971 να
428 3919 677 3989 ποταμὸν
709 3919 767 3982 ἐς
806 3919 1067 3990 τάηλάσια
1118 3919 1385 3990 τέσσαρες
1419 3919 1658 3988 χιλιάδες
1691 3917 1916 3988 Περσῶν

331 4012 660 4081 ἐπιτηροῦσι
744 4011 1242 4084 προλελοχισμένοι,
1294 4013 1369 4074 ὡς
1422 4011 1492 4064 ἂν
1547 4008 1916 4080 χειρώσωνται

331 4104 637 4173 παριόντας
656 4108 702 4140 "
755 4105 975 4169 αὐτούς.
1008 4101 1197 4176 Ταύτῃ
1240 4103 1434 4158 τοιὸ⁸⁸
1469 4103 1578 4156 τῶν
1622 4101 1916 4172 Ούγούρων

326 4195 671 4266 ἡγούμενος,
720 4196 778 4261 δς
831 4197 1089 4260 διέσωζεν
1124 4197 1303 4248 ἐκεῖσε
1332 4194 1429 4250 τοῦ
1481 4192 1808 4258 Διζαῦούλου
1854 4195 1915 4247 τὸ

2017 3103 2249 3144 arenosa
2299 3089 2510 3160 paludis
2563 3091 2667 3145 iter
2720 3089 2927 3146 faciens
2960 3106 3056 3162 per
3117 3093 3405 3150 duodecim
3460 3096 3599 3161 dies,

2014 3185 2134 3240 loca
2164 3195 2434 3256 praerupta
2487 3197 2928 3256 praetergressus,
2967 3186 3146 3256 attigit
3177 3188 3322 3256 ripas
3363 3201 3467 3241 non
3513 3201 3600 3242 so-

2013 3278 2125 3333 lum
2159 3277 2396 3333 ﬂuminis
2424 3278 2607 3345 Hichi,
2643 3280 2738 3334 sed
2765 3280 2929 3334 etiam
2953 3277 3165 3343 Daicbi,
3192 3289 3246 3335 et
3281 3294 3477 3335 rursus
3503 3295 3600 3349 per

2019 3371 2154 3426 alias
2180 3369 2409 3439 paludes
2442 3371 2508 3425 ad
2544 3371 2766 3424 Attilam
2803 3372 3074 3439 pervenit,
3107 3371 3231 3426 inde
3253 3371 3320 3425 ad
3364 3371 3598 3442 Uguros,

2017 3461 2108 3528 qui
2158 3458 2434 3514 Romanos
2487 3465 2832 3523 monuerunt,
2885 3461 2940 3514 in
2991 3459 3175 3516 densis
3220 3470 3276 3515 et
3316 3462 3603 3517 arboribus

2019 3549 2244 3608 consitis
2284 3551 2418 3606 locis
2463 3552 2610 3606 circa
2642 3551 2950 3621 COpbenem
2979 3553 3180 3607 ﬂumen
3209 3553 3380 3607 latere
3437 3555 3489 3607 in
3520 3553 3602 3608 in-

2019 3642 2173 3698 sidiis
2207 3641 2468 3697 collocata
2513 3643 2804 3696 Persarum
2840 3651 3075 3712 quatuor
3107 3641 3294 3707 millia,
3329 3643 3419 3711 qui
3462 3657 3600 3711 pra:-

2021 3742 2297 3788 terenntes
2343 3746 2438 3788 eos
2485 3734 2730 3800 captivos
2786 3733 3052 3788 Iacerent.
3094 3731 3404 3802 Ugurorum
3467 3733 3599 3796 dux,

2019 3826 2111 3895 qui
2143 3825 2253 3880 illic
2281 3839 2347 3880 ex
2379 3824 2705 3879 auctoritate
2737 3825 2975 3880 Disabuli
3011 3825 3297 3895 imperium
3346 3825 3599 3890 habebat,

2022 3919 2171 3969 ntres
2223 3930 2362 3984 aqua
2399 3915 2643 3984 implevit
2702 3925 2756 3970 et
2788 3916 3016 3985 praebuit
3053 3915 3352 3970 Zemarcho
3381 3926 3435 3970 et
3485 3915 3602 3984 ejus

2019 4008 2332 4073 comitibus,
2359 4014 2436 4074 ut,
2468 4023 2588 4063 cum
2625 4023 2722 4077 per
2767 4011 2978 4064 deserta
3009 4009 3173 4075 irent,
3211 4010 3472 4064 haberent
3499 4027 3601 4064 un-

2022 4102 2089 4157 de
2117 4111 2474 4171 aquarentur.
2497 4100 2829 4156 Invenerunt
2858 4110 2912 4156 et
2937 4102 3213 4173 paludem,
3244 4111 3297 4158 et
3345 4117 3600 4172 magnum

2023 4191 2152 4247 illud
2195 4201 2445 4262 stagnum
2493 4191 2863 4262 praetergressi
2902 4231 2918 4257 ,
2983 4199 3346 4261 pervenerunt
3394 4191 3462 4247 ad
3512 4205 3604 4246 eas

329 4289 556 4358 κράτος,
595 4290 890 4360 πληρώσας
941 4278 1135 4352 ὓδατος
1184 4290 1388 4351 ἀσκοὺς
1447 4287 1754 4358 παρέσχετο
1803 4277 1913 4350 τοῖς

2024 4281 2267 4352 paludes,
2325 4281 2379 4335 in
2442 4295 2578 4350 quas
2639 4281 2907 4336 immistus
2973 4275 3193 4352 Cophen
3252 4281 3431 4336 amnis
3481 4297 3603 4336 sese

328 4347 462 4451 περὶ
496 4347 813 4456 έημαρχον,
963 4382 1028 4436 ἂν
1062 4347 1237 4452 ἔχοιεν
1267 4347 1391 4434 ὅθεν
1431 4347 1777 4448 ὑδρεύσοιντο
1822 4347 1914 4431 διὰ

2022 4347 2268 4429 eﬂ‘undit.
2326 4371 2406 4428 Ex
2436 4347 2504 4428 eo
2556 4371 2677 4429 loco
2715 4374 2936 4428 mittunt
2983 4347 3074 4444 qui
3100 4374 3474 4443 explorarent,
3530 4390 3601 4430 an

326 4475 430 4543 τῆς
466 4475 700 4544 ἀνύδρου
721 4475 928 4540 "Idm;
963 4467 1135 4545 Εὗρον
1157 4473 1214 4528 δὲ
1245 4473 1340 4526 καὶ
1370 4471 1586 4542 λίμνην,
1626 4470 1722 4522 καὶ
1771 4487 1912 4539 παρα

331 4565 706 4635 αμειψάμενοι
736 4569 794 4619 τὸ
828 4566 973 4636 μέγα
995 4566 1155 4619 τοῦτο
1185 4565 1536 4636 ὑδροστόισιον
1566 4563 1826 4638 ἀφίκοντο
1855 4564 1909 4625 ἐς

334 4657 550 4721 ἐκείνας
575 4658 674 4720 τὰς
703 4659 922 4729 λίμνας,
954 4660 1010 4713 ἐν
1031 4652 1130 4727 ἀἷς
1154 4639 1586 4727 ἐπιμιγνύμενος
1613 4656 1912 4712 ἀπόλλυται

331 4749 362 4802 ὁ
392 4749 602 4820 Κωφὴν
648 4751 912 4824 ποταμός.
971 4749 1065 4816 Ἐξ
1096 4733 1318 4816 ἐκείνου
1341 4747 1408 4820 δὴ
1436 4747 1531 4802 τοῦ
1557 4743 1740 4820 ’χώρου
1767 4742 1912 4817 πέμ-

338 4859 502 4896 πουσι
559 4843 855 4915 διοπτῆρας
909 4839 1499 4916 προδιασκεψομένους,
1532 4835 1644 4907 εἴγε
1677 4840 1750 4903 ὠς
1781 4838 1915 4908 ἁλη-

2027 4481 2214 4522 verum
2269 4473 2433 4531 esset,
2466 4463 2663 4520 Persas
2693 4464 2745 4518 in
2781 4464 2991 4520 insidiis
3037 4479 3177 4521 esse.
3204 4464 3270 4521 Hi
3305 4464 3496 4522 iisdem
3523 4475 3603 4522 to-

2026 4567 2138 4612 tam
2188 4553 2464 4625 regionem
2510 4555 2837 4624 perscrutati
2892 4557 3291 4624 renuntiarunt,
3343 4573 3403 4614 se
3439 4558 3604 4613 nemi-

2021 4637 2148 4704 nem
2185 4645 2405 4701 vidisse.
2437 4643 2619 4702 Nihilo
2653 4646 2833 4700 secius
2879 4645 2932 4700 in
2971 4648 3219 4704 Alaniam
3251 4663 3443 4718 magna
3481 4665 3602 4706 cum

2027 4738 2387 4810 trepidatione
2422 4779 2439 4805 ,
2495 4749 2782 4810 propterea
2824 4741 2968 4810 quod
3024 4742 3336 4800 metuebant
3387 4753 3603 4812 gentem

2029 4832 2508 4898 Dromoschorum,
2541 4842 2917 4902 properarunt.

336 4935 448 4998 θῶς
490 4937 541 4988 οἱ
597 4936 802 5008 Πέρσαι
880 4932 1279 5006 ἐνεδρεύουσινο
1313 4927 1370 4984 οῖ’
1399 4929 1483 5000 δη
1514 4923 1929 4999 ἀνιχνεύσαντες
1966 4923 2308 4996 ἀπήγγειλαν
2355 4922 2561 4994 μηδένα
2618 4923 2763 4980 ἰδεῖν.
2807 4925 2994 4995 Ὅμως
3024 4925 3117 4990 ξὺν
3163 4926 3407 4998 μεγίστῳ
3457 4928 3606 4996 φόϐῳ

335 5028 600 5096 ἀφίκοντο
625 5029 680 5092 ἐς
715 5025 983 5092 Ἀλανίαν,
1011 5022 1155 5079 κατὰ
1177 5025 1238 5078 τὸ
1265 5021 1464 5094 μᾶλλον
1484 5020 1713 5083 δεδιότες
1738 5021 1800 5074 τὸ
1834 5019 1998 5089 φῦλον
2023 5016 2144 5096 ’τῶν
2187 5014 2556 5086 Ὀρομοσχῶν.

409 5131 478 5184 θ’.
517 5130 644 5184 ’Ότι
671 5132 955 5209 γενόμενοι
980 5132 1038 5183 ἐν
1082 5127 1301 5214 Ἀλανίᾳ
1351 5128 1501 5197 παρὰ
1531 5126 1802 5198 Σαρώδιον
1831 5126 1923 5179 τὸν

340 5222 569 5277 ἐκείνων
602 5223 870 5294 ἡγεμόνα,
904 5223 1000 5278 καὶ
1030 5222 1146 5292 ἅμα
1182 5221 1293 5285 τοῖς
1325 5219 1614 5289 ἑπομένοις
1656 5217 1920 5288 Τούρκοις

2101 5125 2155 5180 9.
2202 5121 2340 5177 Cum
2364 5123 2421 5177 in
2469 5120 2716 5175 Alaniam
2764 5117 3159 5187 pervenissent,
3196 5122 3254 5169 et
3292 5113 3606 5178 Sarodiutn,

2028 5199 2324 5272 Alanorum
2369 5214 2590 5279 ducent,
2639 5227 2747 5266 una
2787 5227 2909 5266 cum
2959 5209 3153 5264 Turcis
3192 5208 3342 5263 adire
3385 5205 3604 5269 vellent,

1625 5373 1862 5432 VARIIE
1897 5372 2308 5431 LECTIONES.

415 5508 461 5540 "
494 5505 664 5570 αὑτὰς
689 5506 839 5576 vulg.
916 5506 1050 5576 ²¹¹ντε
1083 5503 1175 5576 Ν.,
1207 5521 1271 5572 γε
1302 5503 1449 5576 vulg.
1571 5499 1862 5576 ἐνδημοῦσι
1888 5495 1978 5576 lit,
2002 5498 2270 5576 ἐνδημους
2291 5497 2439 5569 vulg.
2471 5497 2529 5576 :9
2556 5495 2741 5576 ἐκείνῃ
2765 5492 2859 5576 _N.,
2883 5492 3100 5576 ἐκείνης
3131 5489 3274 5576 vnlg.

341 5580 437 5647 N_.,
489 5577 711 5647 ἐφίκετο
743 5573 890 5647 vulg.
916 5645 920 5647 Α
969 5573 1243 5647 ³[ἑτέροις
1273 5575 1420 5647 vulg.

341 5719 560 5790 γούρων
602 5719 746 5787 conj.
779 5716 847 5770 Ν.

667 5817 937 5876 l’smon.
980 5813 1096 5874 Gtt.
1141 5809 1352 5873 CXIII.

1497 5571 1541 5603 .'
1565 5574 1614 5603 ΩΙ,

341 5580 437 5643 Ν.,
489 5577 711 5646 ἐφίκετο
743 5569 890 5647 vulg.
969 5575 1011 5607 “
1037 5569 1243 5645 ἑτέροις
1273 5569 1424 5642 vulg:
1497 5571 1541 5603 ³²
1564 5574 1784 5639 εὑροίαν
1833 5569 1980 5638 vulg.
2025 5627 2030 5633 _
2085 5569 2130 5600 ³³
2153 5569 2408 5622 Iaxartes
2465 5569 2558 5622 ﬂut

340 5645 483 5713 Ja'iit,
527 5645 698 5716 Volga
728 5644 956 5716 (Ethei).
989 5645 1181 5716 Kuma,
1211 5643 1381 5716 ﬂuvii.
1410 5637 1475 5698 N.
1521 5713 1534 5716 _
1555 5642 1600 5674 ³⁵
1629 5642 1727 5716 διὰΔ
1753 5637 2079 5716 λιμνῶν-11η
2109 5639 2391 5716 διά-λιμνον
2415 5639 2558 5716 vulg.

926 5716 968 5747 ³⁷
991 5715 1287 5786 παριόντας
1311 5713 1560 5770 Cantocl.
1587 5709 1862 5783 παρόντας
1889 5709 2032 5782 vulg.

2085 5555 2418 5622 "Vin-artes
2465 5555 2914 5623 ﬂuvius."lac'us
2979 5555 3124 5614 Aral.
3172 5555 3245 5612 ΝΣ
3315 5559 3359 5589 ³⁵
3394 5555 3605 5618 Jemba,

2669 5606 2712 5668 δί’
2735 5606 3104 5702 ὁδί-γούρους
3149 5638 3203 5684 ει
3263 5625 3400 5682 infra
3448 5606 3608 5678 Οὺτιί

2111 5708 2154 5741 ³⁸
2185 5712 2212 5763 ὁ
2241 5725 2351 5764 om.
2385 5708 2530 5779 vulg.

3179 5797 3256 5859 26
