4076 6414
469 299 572 364 811

1294 286 1690 351 EXCERPTA
1727 283 1830 344 EX
1867 276 2293 340 MENANDRU
2329 273 2826 336 PROTECTORE

3630 267 3746 333 812

478 411 742 468 Sarodius
767 409 986 480 quidem
1025 405 1382 462 Zcmarcbum
1421 412 1479 457 et
1516 401 1610 470 qui
1653 412 1775 454 cum
1805 411 1873 451 eo
1905 402 2093 456 erant,

2182 389 2487 461 ισφοιτῆσαι
2520 387 2858 459 βουλόμενοι,
2892 384 2922 437 6
2954 381 3222 451 Σαρὼδιος
3252 380 3344 434 τὸν
3379 380 3480 450 μὲν
3525 384 3751 456 Ζήμαρ-

478 504 707 570 benigne
737 513 789 555 et
826 502 1055 555 comiter
1085 496 1321 565 excepit,
1365 495 1459 549 sed
1503 492 1804 546 Tur-corum
1853 486 2058 556 legatos

478 595 650 662 prius,
691 608 852 662 quam
905 604 1056 644 arma
1095 587 1492 656 deposuissent,
1541 582 1594 636 in
1631 595 1788 635 suum
1827 591 2058 646 conspeo

478 691 624 737 ctum
654 682 840 736 venire
863 678 1056 733 noluit.
1088 676 1326 729 Maximo
1351 672 1517 742 igitur
1545 669 1691 724 inter
1713 667 1861 736 ipsos
1900 677 2062 738 super

475 777 584 828 bac
613 787 673 828 re
701 783 824 827 orto
856 781 910 826 et
953 769 1268 824 continuato
1301 778 1397 833 per
1433 773 1546 817 tres
1575 760 1690 814 dies
1733 755 2057 820 certamine,

481 864 855 918 dissidentium
894 861 1100 916 arbiter
1145 858 1244 912 fuit
1281 853 1635 910 Zemarchus.
1676 849 1945 912 Tandem,
1971 860 2062 900 ar-

479 957 588 1009 mis
619 952 898 1023 depositis,
926 960 988 1005 ut
1021 949 1249 1005 Sarodio
1285 947 1592 1017 placuerat,
1635 955 1758 996 eum
1795 938 2064 994 adierunt.

481 1041 746 1097 Sarodius
791 1050 972 1094 autem
1017 1037 1227 1093 monuit
1258 1034 1642 1096 Zemarchum,
1692 1045 1760 1083 ne
1791 1042 1887 1098 per
1927 1025 2067 1080 Min-

485 1133 752 1188 dimianos
783 1133 886 1187 iter
936 1130 1162 1195 faceret,
1205 1135 1493 1197 propterea
1531 1122 1675 1194 quod
1709 1119 1889 1174 Persae
1919 1118 2068 1172 circa

485 1223 741 1279 Suanium
778 1226 831 1279 in
888 1221 1096 1278 insidiis
1143 1228 1327 1276 essent
1361 1236 1376 1272 :
1408 1215 1708 1272 consultius
1753 1211 1982 1274 faceret,
2021 1207 2068 1262 si

489 1333 584 1386 per
635 1317 885 1372 Darinem
935 1315 1054 1368 iret.
1095 1311 1190 1368 His
1231 1310 1480 1381 cognitis,
1535 1303 1874 1361 Zemarcbus
1913 1299 2073 1372 110

489 1419 586 1472 per
605 1402 1007 1458 Mindimianam
1034 1402 1219 1456 decem
1246 1414 1414 1467 equos
1438 1396 1606 1462 misit,
1623 1394 1802 1449 serico
1828 1401 2072 1456 onustos,

488 1497 580 1566 qui
605 1495 800 1550 Persas
825 1492 1093 1557 fallerent,
1109 1493 1262 1562 quasi
1278 1490 1513 1546 sericum
1538 1485 1879 1556 praemissum
1905 1487 2071 1544 esset,

486 1595 542 1638 ct
605 1583 708 1654 ipsi
765 1582 1040 1652 praeirent,
1103 1578 1246 1632 unde
1311 1575 1666 1643 conjicerent,
1719 1566 2075 1622 Zemarcbum

484 1675 731 1729 crastino
760 1673 848 1727 die
881 1678 1216 1726 secuturum.
1246 1665 1314 1721 Et
1338 1665 1392 1720 hi
1418 1663 1636 1734 quidem
1667 1655 1897 1730 profecti
1926 1663 2073 1710 sunt.

2161 497 2255 553 χον
2280 483 2375 535 καὶ
2389 482 2538 543 ⁶τοὺς
2575 479 2882 548 ἑπομένους
2933 473 3154 537 ἐδέξατο
3205 473 3480 541 ἀσμένως.
3513 474 3641 537 τοὺς
3686 475 3746 528 δὲ

2161 573 2229 646 δὴ
2257 571 2516 643 πρέσϐεις
2553 570 2662 624 τῶν
2699 568 2806 622 Tati
2819 582 2964 638 ρκων
2995 565 3202 634 ἔφασκε
3248 564 3324 636 μὴ
3348 565 3615 636 πρότερον
3645 565 3749 634 τῆς

2163 665 2240 729 ὡς
2283 663 2447 718 αὐτὸν
2491 662 2696 716 εἰσόδου
2751 660 2956 729 τυχεῖν,
2991 657 3025 727 ἢ
3048 655 3460 726 καταθεμένους
3488 657 3557 711 τά
3581 655 3748 711 δπλα.

2165 756 2462 826 Τοιγάρτοι
2513 754 2610 808 καὶ
2658 751 2861 822 ἅμιλλα
2904 751 3089 813 αὐτοῖς
3145 751 3371 818 ἐγένετο
3397 749 3526 820 περὶ
3555 749 3750 803 τούτου

2167 850 2263 904 ἐπὶ
2286 848 2502 920 ἡμέρας
2527 848 2700 918 τρεῖς,
2728 843 2826 898 καὶ
2855 843 3147 914 Ζήμαρχος
3174 837 3244 913 ἦν
3269 841 3378 896 τῶν
3416 840 3756 910 φιλονεικοι.»⁸

2172 941 2350 1011 μένων
2399 937 2704 1009 διαιτητής.
2758 936 2926 1000 Τέλος
2990 934 3324 1004 ἀποθέμενοι
3380 934 3451 990 τὰ
3507 933 3652 988 ὅπλα
3697 933 3751 988 οῖ

2169 1032 2426 1103 Τοῦρκοι,
2451 1030 2526 1092 ὼς
2552 1028 2814 1098 Σαρωδίῳ
2844 1027 3042 1090 ἐδόκει,
3078 1026 3154 1089 ὼς
3170 1025 3335 1079 αὐτὸν
3363 1025 3750 1095 ὶσεφοίτησαν.

2183 1122 2244 1179 Ὀ
2284 1123 2342 1177 δὲ
2372 1121 2438 1192 δὴ
2461 1119 2735 1193 Σαρώδιος
2773 1117 3190 1190 παρενεγγύησε
3226 1118 3339 1180 τοῖς
3369 1117 3500 1186 περὶ
3528 1115 3760 1187 Ζήμαρ-

2171 1229 2267 1284 χον
2309 1211 2399 1266 διὰ
2442 1211 2541 1281 τῆς
2590 1210 2700 1266 τῶν
2749 1207 3194 1280 Μινδιμιανῶν³⁹
3244 1207 3496 1278 ἀτραποῦ
3551 1209 3762 1278 ἥκιστα

2175 1305 2336 1370 ἱέναι,
2358 1302 2436 1373 τῷ
2465 1301 2608 1356 κατά
2624 1301 2722 1372 τὴν
2741 1300 3004 1354 Σουανίαν
3030 1298 3154 1363 τοὺς
3179 1297 3396 1369 Πέρσας
3431 1297 3757 1368 ἐνεδρεύεινο

2175 1395 2400 1464 ἄμεινον
2429 1391 2487 1446 δὲ
2518 1389 2658 1456 εἶναι
2677 1391 2766 1446 διά
2794 1391 2892 1461 τῆς
2934 1387 3235 1458 λεγομένης
3285 1388 3550 1460 Δαρεινῆς
3585 1390 3762 1460 ἀτρα-

2177 1483 2280 1539 ποῦ
2311 1484 2454 1537 οἴκοι
2485 1482 2816 1553 ἀποχωρεῖν.
2851 1479 3040 1534 Ταῦτα
3069 1478 3193 1532 ἐπεὶ
3219 1478 3361 1546 ἔγνω
3386 1479 3415 1531 6
3443 1478 3761 1549 Ζήμαρχος,

2177 1572 2265 1628 διά
2289 1573 2386 1644 τῆς
2404 1571 2774 1642 Μινδιμιανῆς
2797 1569 3034 1625 ἔστειλεν
3063 1567 3402 1639 ἀχθοφόρους
3429 1567 3563 1630 δέκα
3593 1567 3767 1639 μέταρ

2179 1661 2278 1730 ξαν
2355 1661 2792 1734 ἐπιφερομένους
2813 1661 2882 1728 ⁸⁸,
2957 1661 3346 1730 ἀπατήσοντας
3398 1658 3620 1729 Πέρσας
3684 1659 3766 1727 τῷ

485 1764 825 1820 ’Ζειιιει-οιιυε
865 1775 997 1817 vero
1040 1774 1139 1831 per
1185 1757 1444 1812 Darinem
1495 1754 1550 1808 in
1591 1749 1854 1821 Apsiliam
1902 1745 2073 1812 venit,

2182 1729 2678 1824 προεκπεμφθῆναι
2723 1751 2824 1823 τὴν
2883 1729 3138 1821 μέταξανί
3169 1750 3264 1804 καὶ
3317 1750 3764 1820 προτερῆσαι-τῇ

414 1902 416 1904 ,
493 1850 840 1907 Mindimiana
875 1849 943 1904 ad
992 1848 1180 1902 laevam
1212 1846 1401 1902 relicta
1431 1843 1557 1915 (hac
1594 1843 1738 1898 enim
1777 1848 1933 1913 parte
1989 1855 2079 1894 su-

497 1941 666 2012 spicio
698 1950 818 1997 erat
851 1940 1046 1995 Persas
1093 1936 1318 1992 insidias
1353 1939 1610 2004 struere),
1638 1940 1693 1987 et
1725 1929 2080 2001 Rogatorium

493 2033 748 2101 accessit,
784 2033 982 2089 deinde
1028 2031 1094 2086 ad
1134 2029 1365 2085 Pontum
1411 2025 1705 2092 Euxinum,
1745 2035 1800 2080 et
1849 2021 2080 2079 navibus

497 2141 626 2182 usus
674 2140 846 2196 usque
876 2125 941 2180 ad
977 2123 1203 2189 Phasin,
1233 2131 1344 2176 tum
1375 2119 1771 2190 Trapezuntem
1811 2117 2082 2188 pervenit,

495 2217 640 2274 unde
681 2232 822 2288 equo
848 2216 1061 2288 publico
1102 2211 1420 2284 Byzantium
1461 2213 1527 2265 ad
1559 2211 1942 2280 imperatorem
1983 2206 2080 2262 de-

416 2302 423 2308 ’
491 2310 662 2375 latus,
686 2309 762 2364 illi
797 2309 975 2364 omnia
1001 2304 1260 2360 narravit.
1293 2302 1392 2358 Hic
1424 2301 1587 2374 igitur
1617 2299 1883 2373 profectio
1910 2307 1966 2354 et
1994 2311 2080 2356 re-

496 2401 640 2455 ditus
687 2398 968 2453 Zemarchi
1003 2397 1162 2451 linem
1187 2395 1413 2464 accepit.
2003 2386 2010 2395 “

2179 1843 2304 1914 ὁδῷ,
2334 1844 2400 1897 ὲκ
2427 1840 2621 1897 τούτου
2649 1859 2708 1895 τε
2743 1841 3088 1914 ὑποτοπῆσαι
3117 1840 3193 1905 ὡς
3216 1841 3274 1905 ἐς
3303 1840 3364 1894 τὸ
3387 1839 3582 1913 αὔριον
3617 1857 3769 1913 παρ·

2183 1935 2337 1988 ἐσται
2369 1933 2466 1988 καὶ
2527 1933 2841 2004 Ζήμαρχος.
2874 1931 2984 1986 Καὶ
3021 1933 3071 1985 oi
3103 1930 3203 2003 μὲν
3236 1930 3528 2003 ἀχθοφόροι
3557 1930 3770 2002 ᾤχοντο

2185 2025 2464 2088 ἀπιόντες,
2497 2025 2526 2077 6
2555 2024 2846 2095 Ζήμαρχος
2877 2023 2934 2078 δὲ
2972 2022 3060 2076 διά
3103 2022 3204 2094 τῆς
3232 2022 3499 2094 Δαρεινῆς
3524 2021 3773 2093 παρεγέ-

2185 2133 2309 2171 νετο
2343 2116 2402 2179 ἐς
2449 2113 2720 2184 Ἀψιλίαν,
2751 2113 3186 2186 τῇ.Μινδιμιανῇ
3233 2114 3448 2186 χαίρειν
3479 2112 3675 2180 εἰπὼν,
3708 2114 3773 2175 ἐς

2184 2207 2254 2264 τὰ
2276 2206 2534 2277 εὐώνυμά
2562 2223 2624 2260 τε
2653 2205 2822 2269 ἐάσας
2853 2206 3044 2278 αὐτὴν,
3139 2205 3376 2272 ἐπίδοξοι
3403 2201 3545 2277 ἦσαν
3567 2204 3774 2275 ἐπιθή-

2191 2297 2380 2351 σεσθαι
2406 2297 2456 2349 oi
2488 2296 2720 2366 Πέρσαι.
2748 2295 2861 2350 Καὶ
2888 2289 3025 2367 ἧκεν
3054 2295 3112 2356 ἐς
3147 2293 3210 2347 τδ
3248 2293 3619 2364 Ῥογατόριον,
3645 2291 3772 2351 εἷτα

2191 2387 2332 2442 κατά
2356 2387 2422 2457 δὴ
2453 2385 2546 2439 τδν
2599 2383 2854 2452 Εὔξεινον
2903 2385 3126 2450 Πόντον,
3151 2379 3270 2438 εἶτα
3286 2385 3330 2418 ’⁵⁸
3351 2386 3601 2457 ναυτιλίᾳ
3629 2403 3776 2457 χρη-

499 2494 732 2564 σάμενος
756 2494 804 2524 δ’
850 2492 907 2555 ἐς
933 2491 1103 2544 Φᾶσιν
1129 2489 1376 2560 ποταμόν
1395 2505 1410 2520 °
1441 2486 1605 2542 πάλιν
1631 2487 1691 2549 ὲς
1743 2479 2159 2556 Τραπεζοῦντα.
2224 2480 2382 2535 Οὕτω
2409 2497 2471 2534 τε
2497 2479 2744 2552 δημοσίῳ
2812 2480 2965 2550 ἵππῳ
2993 2481 3050 2544 ἐς
3071 2479 3365 2547 Βυζάντιον
3431 2481 3582 2552 παρά
3613 2480 3775 2551 βασι-

497 2587 596 2642 λέα
638 2584 894 2640 εἰσελθὼν
943 2585 1153 2658 ἔφρασε
1183 2584 1248 2640 τὸ
1277 2586 1409 2640 πᾶν.
1449 2581 1729 2655 Ζημάρχῳ
1757 2579 1858 2651 μὲν
1901 2577 1994 2634 οὖν
2025 2577 2085 2633 ὲν
2118 2576 2346 2632 τοιοῖσδε
2402 2576 2594 2650 ἔληξεν
2622 2577 2657 2649 ἡ
2685 2575 2881 2648 πορεία
2897 2576 2993 2630 καὶ
3022 2576 3360 2650 ἀποπορείας
3407 2576 3459 2610 ⁸⁸
3482 2578 3576 2632 επὶ
3595 2577 3774 2646 Tati;-

498 2697 658 2828 mili.
700 2772 771 2842 (c.
804 2773 874 2828 A.
898 2772 960 2828 C.
994 2770 1099 2826 565
1128 2768 1246 2825 1nd.
1281 2769 1350 2824 l5
1376 2766 1578 2822 Justini
1605 2768 1684 2837 ι.)
1708 2766 1842 2822 Cum
1871 2768 2080 2822 Avares

487 2873 556 2919 et
595 2860 791 2919 Franci
825 2861 1030 2917 {cedere
1071 2861 1299 2915 invicem
1329 2857 1660 2924 sanxissent,
1690 2865 1745 2911 et
1785 2861 1889 2926 pax
1924 2856 2079 2910 ﬁrma

2261 2758 2314 2815 t'.
2341 2758 2467 2813 Ὀτι
2504 2758 2748 2831 ’Δϐἀρων
2785 2738 2883 2813 καὶ
2910 2759 3177 2831 Φράγκων
3207 2761 3590 2832 σπεισαμένων
3629 2760 3778 2833 πρὸς

2185 2852 2472 2924 ἀλλήλους,
2513 2852 2609 2906 καὶ
2665 2851 2766 2925 τῆς
2820 2853 3044 2924 εἰρήνης
3093 2853 3460 2924 ὲμπεδὼτατα
3509 2855 3770 2928 ἐχούσης,

503 2957 643 3010 inter
675 2969 769 3010 eos
811 2962 978 3020 esset,
1019 2951 1276 3021 Bajauus,
1326 2950 1564 3003 Avarum
1589 2947 1718 3013 dux,
1753 2945 2081 3016 signiﬁcavit

2184 2945 2460 3018 ἐσήμηνεν
2496 2948 2525 3000 6
2568 2945 2801 3009 Βαῖανὸς
2845 2943 3201 3017 Σιγισϐέρτῳ,
3255 2944 3333 3015 τῷ
3363 2944 3472 3000 τῶν
3499 2946 3775 3018 Φράγκων

494 3047 826 3116 'Sigisberto,
867 3041 1200 3097 Francorum
1233 3039 1378 3105 duci,
1421 3053 1574 3094 suum
1605 3036 1902 3092 exercitum
1930 3051 2081 3093 com-

505 3148 715 3193 meatus
743 3135 926 3205 inopia
959 3134 1210 3189 laborare
1251 3150 1263 3186 :
1295 3131 1488 3186 decere
1523 3145 1667 3196 eum,
1699 3129 1789 3200 qui
1812 3144 1904 3185 rex
1939 3139 2082 3184 esset

503 3234 559 3281 et
591 3226 728 3280 inter
765 3239 913 3292 suos,
943 3222 1165 3278 minime
1205 3221 1472 3291 negligere
1504 3219 1802 3274 exercitum
1844 3218 1949 3273 sibi
1980 3217 2083 3273 fte-

505 3320 632 3372 dere
667 3315 1035 3384 coniunctum.
1070 3311 1425 3368 Promittebat
1453 3320 1657 3376 autem,
1697 3309 1742 3365 si
1783 3307 2079 3365 exercitum

504 3408 738 3460 Avarum
775 3403 1099 3459 necessariis
1143 3404 1308 3457 rebus
1345 3411 1667 3467 recreasset,
1692 3417 1750 3458 se
1793 3404 1956 3459 tertio
1998 3404 2084 3460 die

508 3508 689 3554 castra
723 3504 1013 3562 moturum,
1046 3508 1219 3562 neque
1248 3492 1452 3548 diutius
1482 3493 1534 3546 in
1562 3492 1644 3547 bis
1675 3492 1808 3549 locis
1841 3508 2083 3550 commo-

508 3597 776 3644 raturum.
803 3585 929 3642 Haec
967 3585 1057 3639 ubi
1089 3583 1392 3655 Sigisberto
1431 3593 1558 3640 sunt
1583 3585 1849 3650 nuntiata,
1899 3585 2083 3640 statim

502 3679 754 3744 farinam,
790 3675 1082 3747 legumina,
1115 3689 1244 3732 oves
1281 3683 1338 3731 et
1373 3674 1536 3730 boves
1573 3674 1640 3729 ad
1682 3673 1886 3731 Avares
1918 3675 2082 3730 misit.

578 3852 668 3907 11.
710 3850 798 3921 (Α.
822 3849 884 3905 C.
913 3848 1017 3904 566
1046 3847 1168 3903 Ind.
1205 3846 1272 3901 M-
1304 3845 1500 3902 Justini
1535 3846 1617 3920 2.)
1644 3846 1920 3913 Alboinus,
1952 3849 2085 3903 Lon-

500 3940 866 4012 gobardorum
911 3954 1026 4007 rex,
1067 3938 1159 4008 qui
1203 3937 1534 4004 inimicitias,
1567 3953 1715 4010 quas.
1751 3954 1875 3994 cum
1921 3937 2090 3994 Cuni-

511 4029 732 4094 mundo,
765 4027 1090 4098 Gepidarum
1127 4041 1276 4097 rege,
1317 4030 1622 4094 exercebat,
1655 4029 1877 4083 minime
1919 4028 2084 4097 depo-

2181 3036 2436 3108 ήγεμόνι,
2469 3030 2574 3090 -οία
2615 3035 2758 3106 λιμῷ
2799 3035 3128 3107 πιεζομένης
3167 3037 3316 3108 αὐτῷ
3346 3038 3445 3108 τῆς
3482 3041 3770 3109 στρατιᾶς,

2183 3127 2280 3179 καὶ
2330 3126 2406 3191 ὡς
2453 3123 2632 3198 χρεὼν
2664 3127 2751 3196 εῐη
2792 3125 3020 3196 βασιλέα
3047 3125 3382 3192 καθεστῶτα,
3412 3126 3508 3180 καὶ
3537 3126 3679 3198 πρός
3705 3143 3771 3195 γε

2182 3212 2504 3284 αὐτόχθονα,
2537 3211 2612 3284 μὴ
2634 3213 2897 3285 περιιδεῖν
2928 3214 3243 3284 στράτευμα
3268 3214 3578 3270 ἕνσπονϐον.
3598 3216 3771 3284 Ἔφα-

2185 3320 2283 3358 σκε
2311 3303 2390 3371 δὲ,
2429 3305 2527 3370 ὡς,
2578 3304 2694 3372 εἴγε
2738 3303 3040 3377 ὲπιρῤώσει
3068 3305 3177 3360 τῶν
3211 3306 3457 3376 ’Δϐάρων
3493 3307 3555 3361 τὸ
3601 3309 3769 3376 σι·ρά-

2183 3414 2360 3469 τευμα
2410 3399 2526 3463 τοῖς
2565 3397 2913 3465 ἀναγκαίοις,
2962 3397 3024 3450 οὐ
3060 3397 3224 3451 πλέον
3274 3398 3308 3469 ἢ
3347 3400 3500 3469 τρεῖς
3551 3400 3773 3470 ἡμέρας

2187 3489 2354 3544 αὐτοῦ
2417 3488 2771 3558 ἐνδιατρίψει,
2836 3485 2958 3543 εἶτα
3033 3488 3504 3561 ἀπαλλαγήσεται.
3575 3488 3770 3546 Ταῦτα

2185 3582 2374 3654 ἐπειδὴ
2403 3581 2720 3654 ἀπήγγελτο
2747 3579 2826 3652 τῷ
2863 3580 3221 3653 Σιγισϐέρτῳ,
3265 3581 3614 3654 παραχρῆμα
3638 3582 3668 3635 ὃ
3703 3599 3773 3652 γε

2185 3673 2392 3744 ἀλευρά
2427 3689 2488 3726 τε
2543 3672 2752 3726 ἔστειλε
2811 3674 2925 3735 τοῖς
2970 3671 3226 3744 Ἀϐἀροις
3271 3675 3368 3728 καὶ
3415 3673 3625 3743 ὄσπρια
3669 3675 3772 3726 καὶ

2185 3765 2268 3830 ὅῖς
2295 3765 2390 3819 καὶ
2419 3763 2570 3836 βόας.

2260 3861 2350 3911 ια’,
2385 3855 2509 3908 Ὅτι
2545 3853 2820 3918 ’Δλϐούῖος
2850 3853 2879 3908 ό
2907 3853 3016 3909 τῶν
3050 3853 3440 3925 Δογγιϐάρδων
3470 3853 3769 3925 μόναρκοςο

2187 3948 2250 4003 οὐ
2303 3946 2415 4018 γάρ
2473 3944 2623 4016 αὐτῷ
2695 3944 2972 4016 ἀπέληγεν
3033 3945 3068 4017 ή
3109 3944 3247 4017 πρὸς
3302 3942 3672 4014 Κονιμοῦνδον
3720 3942 3771 3975 ⁵⁸

2191 4037 2480 4110 ἀπέχθεια,
2513 4035 2630 4090 ἀλλ’
2661 4035 2728 4090 ἐκ
2772 4036 2978 4099 παντὸς
3025 4036 3230 4108 τρόπου
3262 4033 3403 4107 ᾤετο
3442 4035 3555 4089 δεῖν
3594 4049 3771 4088 κατα-

499 4121 692 4185 nebat,
726 4120 818 4173 sed
862 4132 1186 4188 quacunque
1215 4119 1425 4173 ratione
1466 4117 1791 4190 Gepidarum
1825 4133 1954 4190 opes
1986 4119 2090 4174 sibi

2193 4127 2529 4200 στρέψασθαι
2558 4127 2657 4198 τὴν
2689 4126 2798 4180 τῶν
2832 4125 3126 4197 Γηπαίδων
3176 4127 3558 4198 ἐπικράτειαν,
3597 4123 3774 4196 ταύτῃ

499 4212 833 4267 evertendas
856 4209 1108 4264 ducebat.
1149 4207 1335 4278 Itaque
1375 4209 1578 4280 legatos
1599 4209 1665 4266 ad
1702 4209 1962 4279 Bajanum
1989 4209 2091 4264 mi-

2191 4239 2276 4276 τοι
2307 4219 2569 4293 πρέσϐεις
2625 4218 2933 4289 ἐξέπεμψεν
2965 4219 3042 4283 ὡς
3083 4218 3176 4273 τὸν
3229 4219 3484 4286 Βαῖανὺν,
3518 4219 3578 4283 ὲς
3610 4220 3777 4288 ὁμαι-

511 4298 816 4371 sit,'quibus
831 4312 951 4354 eum
970 4299 1037 4352 ad
1049 4299 1320 4353 armoruln
1339 4299 1655 4354 societatem
1673 4297 2077 4356 adhortabatur.

2185 4308 2355 4380 χμίαν
2371 4305 2727 4378 παρακαλῶν.
2753 4307 3222 4379 Παραγενομένων
3249 4307 3305 4362 δὲ
3329 4306 3436 4362 τῶν
3460 4306 3773 4379 πρέσϐεων,

496 4390 697 4462 Legati
731 4403 852 4444 cum
887 4389 1259 4454 advenissent,
1287 4389 1538 4458 precibus
1563 4404 1684 4443 cum
1714 4387 1919 4460 Bajano
1952 4403 2082 4459 age-

510 4485 660 4549 bant,
691 4497 760 4539 ne
789 4497 848 4538 se
875 4491 1265 4548 contemneret,
1298 4483 1391 4554 qui
1434 4483 1663 4538 nefanda
1696 4483 1876 4538 omnia
1906 4497 1938 4537 a
1972 4481 2081 4539 Ge-

494 4575 651 4642 .pidis
662 4574 806 4644 passi
824 4583 1027 4638 essent,
1045 4563 1340 4642 praesertim
1356 4588 1478 4629 cum
1497 4574 1658 4628 etiam
1675 4573 2083 4639 Romani,Ava-

514 4681 628 4719 rum
657 4667 801 4737 genti
823 4679 981 4734 quam
1002 4665 1361 4732 infestissimi,
1378 4665 1611 4734 Gepidas
1626 4665 1765 4720 bello
1779 4665 2082 4733 juvassent.

499 4755 696 4823 Neque
740 4765 846 4809 tam
880 4757 932 4810 in
974 4754 1207 4826 Gepidas
1248 4755 1390 4812 bello
1440 4755 1570 4812 ferri
1611 4756 1883 4820 dicebant,
1919 4770 2080 4826 quam

495 4857 698 4901 contra
732 4845 1003 4901 Just-intum
1037 4861 1278 4917 pugnare
1309 4857 1591 4914 cuperent,
1631 4862 1810 4916 regem
1842 4846 2079 4901 Avarum

505 4938 653 5004 genti
701 4937 1158 5003 inimiciSsimum,
1207 4936 1298 5006 qui
1328 4936 1532 4991 {mdera
1579 4951 1700 4991 cum
1752 4936 2079 5004 Justiniano,

509 5026 624 5093 o-jus
657 5028 1066 5096 avunculo,jam
1101 5029 1308 5097 pridem
1345 5036 1614 5082 transacta
1651 5042 1748 5097 pro
1781 5029 1950 5084 nihilo
1982 5033 2082 5086 ha-

503 5122 640 5174 bens
663 5119 867 5174 Avares
893 5119 1168 5174 consuetis
1209 5117 1523 5173 muneribus
1555 5118 1812 5188 privaret.
1845 5119 2078 5188 Adiecit,

509 5212 703 5265 si'cum
738 5208 1109 5279 Longobardis
1129 5223 1189 5263 se
1229 5209 1637 5278 coniungerent,
1666 5210 1782 5267 l'ore
1804 5219 1863 5264 nt
1893 5211 2081 5266 invicti

2186 4397 2502 4471 ἠντιϐόλουν
2549 4398 2624 4470 μὴ
2668 4398 2933 4470 περιιδεῖν
2991 4400 3133 4469 σφᾶς
3166 4398 3290 4453 ὑπὸ
3361 4399 3653 4472 Γηπαίδων
3701 4399 3778 4456 τὰ

2189 4489 2464 4560 ἀνήκεστα
2500 4488 2864 4555 πεπονθότας,
2895 4487 3135 4559 μάλιστα
3187 4488 3284 4544 καὶ
3327 4488 3618 4560 Ῥωμαίων
3658 4489 3777 4546 τῶν

2189 4579 2330 4647 ἄγαν
2358 4575 2625 4649 ἐχθίστων
2665 4577 2919 4646 Ἀϐάροις
2942 4577 3381 4650 συμμαχούντων
3413 4581 3526 4643 τοῖς
3553 4579 3776 4651 Γήπαι-

2191 4683 2298 4721 σιν.
2334 4665 2645 4721 Ἐδίδασκον
2668 4665 2747 4732 δὲ,
2777 4665 2853 4728 ὡς
2880 4666 2943 4720 οὐ
2990 4666 3136 4721 κατά
3173 4667 3427 4722 τοσοῦτον
3478 4667 3620 4738 πρὸς
3660 4668 3778 4740 Γής

2190 4756 2388 4820 παιδας
2417 4755 2512 4810 τὸν
2552 4755 2790 4827 πόλεμον
2821 4756 3197 4830 ἀναῤῥίψωσι,
3219 4758 3456 4813 καθόσον
3497 4760 3778 4830 Ἱουστίνῳ

2193 4847 2555 4920 μαχήσονται,
2612 4846 2825 4918 βασιλεῖ
2861 4846 2938 4920 τῷ
2969 4848 3078 4902 τῶν
3121 4847 3370 4919 ’Ᾱϐἀρων
3420 4845 3668 4914 έθνείὲς
3704 4850 3780 4906 τὰ

2192 4937 2429 5009 μάλιστα
2461 4937 2880 5010 δυσμενεστάτῳ
2908 4955 2974 5007 γε
3005 4939 3138 5004 ὕντι,
3169 4938 3229 5003 ὅς
3251 4940 3652 5011 παρωσάμενος
3672 4940 3776 5002 τὰς

2201 5024 2586 5080 Ἰουστινιανοῦ
2625 5024 2718 5080 τοῦ
2753 5026 3135 5098 μητραδέλφου
3171 5027 3407 5091 σπονὸἀς
3435 5029 3575 5099 πρὸς
3608 5029 3744 5083 Ἀϐἀ

2193 5134 2319 5188 ρους
2343 5118 2408 5171 ὲκ
2435 5116 2632 5171 πολλοῦ
2660 5117 3037 5191 γεγενημένας
3062 5119 3171 5175 τῶν
3187 5120 3456 5175 εἰωθότων
3481 5121 3770 5192 ἐστέρησε.

2191 5206 2598 5279 Προσετίθεσαν
2633 5207 2712 5276 δὲ,
2744 5205 2840 5274 ὥς,
2868 5210 2924 5264 εί
2951 5225 3016 5278 γε
3051 5208 3261 5264 ἔσοιντο
3283 5209 3400 5282 ἅμα
3447 5211 3770 5283 Λογγοϐἀρ-

499 5307 708 5365 essent,
763 5307 840 5362 et,
866 5295 1087 5365 Gepidis
1129 5297 1526 5362 exterminatis,
1564 5311 1752 5353 eorum
1787 5298 1980 5370 opibus
2030 5306 2088 5354 et

2189 5299 2325 5367 δοις,
2351 5299 2773 5372 ἁκαταμάχητοι
2800 5300 3127 5371 γενήσονταί
3157 5319 3295 5372 πως,
3326 5303 3424 5357 καὶ
3476 5303 3554 5370 ὡς
3601 5319 3774 5358 κατα-

1781 5448 2020 5508 VARUE
2059 5452 2469 5512 LECTIONES.

602 5589 647 5658 ξ’
677 5586 970 5644 Misimiani
1011 5586 1273 5658 Agathiae.
1310 5587 1377 5642 Ν.

507 5660 552 5690 κ
578 5656 696 5712 εἶτα
734 5659 820 5713 del
875 5658 942 5716 N.
1019 5656 1080 5692 *ί
1101 5657 1450 5730 χρησάμενος
1491 5675 1600 5733 mg.

1559 5591 2013 5677 ἐπιφερομένους,
2060 5593 2467 5677 ἁπατήσοντςξς.
2493 5596 2580 5661 Β.,
2630 5596 3100 5677 ἀποφερομένους,
3139 5599 3559 5677 ’ἀπαντήσοντας
3615 5599 3758 5677 vuig.

1640 5607 2013 5715 περομενρυς,
2060 5607 2263 5665 απατη<

1691 5702 1704 5716 .
1737 5678 2076 5733 χρησαμενοι
2115 5665 2263 5736 vulg.

2376 5666 2421 5698 ⁸⁵³
2444 5666 2750 5736 ἀποπορεία
2789 5666 2936 5741 conj.
2974 5669 3037 5726 Β.
3086 5666 3091 5668 ⁷
3137 5670 3184 5704 “
3216 5666 3584 5739 Κονίμοῦντον
3610 5666 3753 5737 vulg.
