  <div class='ocr_page' id='page_1' title='image "/cluster/home/n/w/nwhite01/storage/ocr_20150623/113:no.2/coo.31924054870179/418.png"; bbox 0 0 4076 6448; ppageno 0'>
   <div class='ocr_carea' id='block_1_1' title="bbox 371 375 479 440">
    <p class='ocr_par' dir='ltr' id='par_1_1' title="bbox 371 375 479 440">
     <span class='ocr_line' id='line_1_1' title="bbox 371 375 479 440; baseline 0 -1"><span class='ocrx_word' id='word_1_1' title='bbox 371 375 479 440; x_wconf 72' lang='lat'><strong>£13</strong></span> 
     </span>
    </p>
   </div>
   <div class='ocr_carea' id='block_1_2' title="bbox 1044 370 2694 437">
    <p class='ocr_par' dir='ltr' id='par_1_2' title="bbox 1044 370 2694 437">
     <span class='ocr_line' id='line_1_2' title="bbox 1044 370 2694 437; baseline -0.001 -1"><span class='ocrx_word' id='word_1_2' title='bbox 1044 376 1141 436; x_wconf 88' lang='lat' dir='ltr'><strong>DE</strong></span> <span class='ocrx_word' id='word_1_3' title='bbox 1180 373 1744 437; x_wconf 76' lang='lat' dir='ltr'><strong>LEGATIONIBUS</strong></span> <span class='ocrx_word' id='word_1_4' title='bbox 1781 370 2135 433; x_wconf 81' lang='lat' dir='ltr'><strong>GENTIUM</strong></span> <span class='ocrx_word' id='word_1_5' title='bbox 2174 375 2275 433; x_wconf 78' lang='lat' dir='ltr'><strong>AD</strong></span> <span class='ocrx_word' id='word_1_6' title='bbox 2309 375 2694 435; x_wconf 74' lang='lat' dir='ltr'><strong>ROMANOS.</strong></span> 
     </span>
    </p>
   </div>
   <div class='ocr_carea' id='block_1_3' title="bbox 3513 377 3624 443">
    <p class='ocr_par' dir='ltr' id='par_1_3' title="bbox 3513 377 3624 443">
     <span class='ocr_line' id='line_1_3' title="bbox 3513 377 3624 443; baseline 0 0"><span class='ocrx_word' id='word_1_7' title='bbox 3513 377 3624 443; x_wconf 71' lang='grc'><strong>814</strong></span> 
     </span>
    </p>
   </div>
   <div class='ocr_carea' id='block_1_4' title="bbox 379 481 1963 558">
    <p class='ocr_par' dir='ltr' id='par_1_4' title="bbox 379 481 1952 558">
     <span class='ocr_line' id='line_1_4' title="bbox 379 481 1952 558; baseline -0.004 -18"><span class='ocrx_word' id='word_1_8' title='bbox 379 484 737 558; x_wconf 78' lang='grc' dir='ltr'><strong>στρεφόμενοι</strong></span> <span class='ocrx_word' id='word_1_9' title='bbox 772 485 812 537; x_wconf 87' lang='grc' dir='ltr'><strong>Γ</strong></span> <span class='ocrx_word' id='word_1_10' title='bbox 814 484 1051 556; x_wconf 76' lang='grc' dir='ltr'>ηπαιδας</span> <span class='ocrx_word' id='word_1_11' title='bbox 1081 484 1178 539; x_wconf 89' lang='grc' dir='ltr'><strong>τοῦ</strong></span> <span class='ocrx_word' id='word_1_12' title='bbox 1208 503 1268 539; x_wconf 88' lang='grc' dir='ltr'><strong>τε</strong></span> <span class='ocrx_word' id='word_1_13' title='bbox 1301 483 1533 538; x_wconf 87' lang='grc' dir='ltr'>πλούτου</span> <span class='ocrx_word' id='word_1_14' title='bbox 1563 483 1738 552; x_wconf 76' lang='grc' dir='ltr'>σφῶν,</span> <span class='ocrx_word' id='word_1_15' title='bbox 1767 481 1849 535; x_wconf 77' lang='grc' dir='ltr'><strong>ἐτι</strong></span> <span class='ocrx_word' id='word_1_16' title='bbox 1888 499 1952 550; x_wconf 76' lang='grc' dir='ltr'><strong>γε</strong></span> 
     </span>
    </p>
   </div>
   <div class='ocr_carea' id='block_1_5' title="bbox 2047 481 3627 558">
    <p class='ocr_par' dir='ltr' id='par_1_5' title="bbox 2053 483 3627 556">
     <span class='ocr_line' id='line_1_5' title="bbox 2053 483 3627 556; baseline 0.006 -19"><span class='ocrx_word' id='word_1_17' title='bbox 2053 483 2277 552; x_wconf 77' lang='lat' dir='ltr'><strong>regione</strong></span> <span class='ocrx_word' id='word_1_18' title='bbox 2301 485 2665 537; x_wconf 73' lang='lat' dir='ltr'><strong>communiter</strong></span> <span class='ocrx_word' id='word_1_19' title='bbox 2681 483 3008 553; x_wconf 71' lang='lat' dir='ltr'><strong>potirentur.</strong></span> <span class='ocrx_word' id='word_1_20' title='bbox 3032 483 3164 540; x_wconf 84' lang='lat' dir='ltr'><strong>Tum</strong></span> <span class='ocrx_word' id='word_1_21' title='bbox 3191 489 3397 556; x_wconf 90' lang='lat' dir='ltr'><strong>pacatis</strong></span> <span class='ocrx_word' id='word_1_22' title='bbox 3415 504 3470 544; x_wconf 86' lang='lat' dir='ltr'><strong>et</strong></span> <span class='ocrx_word' id='word_1_23' title='bbox 3489 507 3627 547; x_wconf 85' lang='lat' dir='ltr'><strong>con—</strong></span> 
     </span>
    </p>
   </div>
   <div class='ocr_carea' id='block_1_6' title="bbox 374 572 1950 648">
    <p class='ocr_par' dir='ltr' id='par_1_6' title="bbox 374 572 1950 648">
     <span class='ocr_line' id='line_1_6' title="bbox 374 572 1950 648; baseline -0.002 -20"><span class='ocrx_word' id='word_1_24' title='bbox 374 577 481 648; x_wconf 79' lang='grc' dir='ltr'>μὴν</span> <span class='ocrx_word' id='word_1_25' title='bbox 518 575 617 630; x_wconf 75' lang='grc' dir='ltr'>καὶ</span> <span class='ocrx_word' id='word_1_26' title='bbox 657 574 760 644; x_wconf 82' lang='grc' dir='ltr'>τῆς</span> <span class='ocrx_word' id='word_1_27' title='bbox 799 573 1026 630; x_wconf 84' lang='grc' dir='ltr'>ἐκείνων</span> <span class='ocrx_word' id='word_1_28' title='bbox 1056 578 1209 646; x_wconf 77' lang='grc' dir='ltr'>κοινῇ</span> <span class='ocrx_word' id='word_1_29' title='bbox 1249 575 1588 646; x_wconf 76' lang='grc' dir='ltr'><strong>κρατήσουσι</strong></span> <span class='ocrx_word' id='word_1_30' title='bbox 1617 572 1824 644; x_wconf 89' lang='grc' dir='ltr'>χώρας,</span> <span class='ocrx_word' id='word_1_31' title='bbox 1851 572 1950 626; x_wconf 80' lang='grc' dir='ltr'>καὶ</span> 
     </span>
    </p>
   </div>
   <div class='ocr_carea' id='block_1_7' title="bbox 369 661 1950 736">
    <p class='ocr_par' dir='ltr' id='par_1_7' title="bbox 369 661 1950 736">
     <span class='ocr_line' id='line_1_7' title="bbox 369 661 1950 736; baseline -0.002 -19"><span class='ocrx_word' id='word_1_32' title='bbox 369 665 447 729; x_wconf 83' lang='grc' dir='ltr'><strong>ὡς</strong></span> <span class='ocrx_word' id='word_1_33' title='bbox 487 667 522 735; x_wconf 81' lang='grc' dir='ltr'>ὴ</span> <span class='ocrx_word' id='word_1_34' title='bbox 566 663 770 718; x_wconf 80' lang='grc' dir='ltr'>Σκυθία</span> <span class='ocrx_word' id='word_1_35' title='bbox 820 665 882 718; x_wconf 78' lang='grc' dir='ltr'>τὸ</span> <span class='ocrx_word' id='word_1_36' title='bbox 927 664 1114 718; x_wconf 85' lang='grc' dir='ltr'>λοιπὸν</span> <span class='ocrx_word' id='word_1_37' title='bbox 1140 665 1328 727; x_wconf 82' lang='grc' dir='ltr'>αὐτοῖς</span> <span class='ocrx_word' id='word_1_38' title='bbox 1372 662 1765 736; x_wconf 71' lang='grc' dir='ltr'>εὐημεροῦσί⁸³</span> <span class='ocrx_word' id='word_1_39' title='bbox 1793 679 1858 731; x_wconf 85' lang='grc' dir='ltr'><strong>γε</strong></span> <span class='ocrx_word' id='word_1_40' title='bbox 1889 661 1950 724; x_wconf 83' lang='grc' dir='ltr'><strong>ἐς</strong></span> 
     </span>
    </p>
   </div>
   <div class='ocr_carea' id='block_1_8' title="bbox 369 750 1946 824">
    <p class='ocr_par' dir='ltr' id='par_1_8' title="bbox 369 750 1946 824">
     <span class='ocr_line' id='line_1_8' title="bbox 369 750 1946 824; baseline -0.001 -18"><span class='ocrx_word' id='word_1_41' title='bbox 369 753 481 817; x_wconf 79' lang='grc' dir='ltr'>ἀεὶ,</span> <span class='ocrx_word' id='word_1_42' title='bbox 513 752 608 804; x_wconf 80' lang='grc' dir='ltr'>καὶ</span> <span class='ocrx_word' id='word_1_43' title='bbox 654 753 754 822; x_wconf 83' lang='grc' dir='ltr'>μὲν</span> <span class='ocrx_word' id='word_1_44' title='bbox 781 751 875 805; x_wconf 79' lang='grc' dir='ltr'>οὖν</span> <span class='ocrx_word' id='word_1_45' title='bbox 915 753 950 823; x_wconf 84' lang='grc' dir='ltr'><strong>ή</strong></span> <span class='ocrx_word' id='word_1_46' title='bbox 998 752 1192 823; x_wconf 75' lang='grc' dir='ltr'>Θρᾴκη</span> <span class='ocrx_word' id='word_1_47' title='bbox 1225 753 1366 824; x_wconf 81' lang='grc' dir='ltr'>αὐτὴ</span> <span class='ocrx_word' id='word_1_48' title='bbox 1400 751 1555 806; x_wconf 80' lang='grc' dir='ltr'>ἐσται</span> <span class='ocrx_word' id='word_1_49' title='bbox 1601 750 1946 814; x_wconf 79' lang='grc' dir='ltr'>εὐεπίϐατος,</span> 
     </span>
    </p>
   </div>
   <div class='ocr_carea' id='block_1_9' title="bbox 369 840 1948 912">
    <p class='ocr_par' dir='ltr' id='par_1_9' title="bbox 369 840 1948 912">
     <span class='ocr_line' id='line_1_9' title="bbox 369 840 1948 912; baseline -0.001 -17"><span class='ocrx_word' id='word_1_50' title='bbox 369 841 466 895; x_wconf 81' lang='grc' dir='ltr'>καὶ</span> <span class='ocrx_word' id='word_1_51' title='bbox 496 841 682 906; x_wconf 78' lang='grc' dir='ltr'>ἁπλῶς</span> <span class='ocrx_word' id='word_1_52' title='bbox 721 840 816 906; x_wconf 79' lang='grc' dir='ltr'><strong>ξὺν</strong></span> <span class='ocrx_word' id='word_1_53' title='bbox 846 841 1025 894; x_wconf 72' lang='grc' dir='ltr'>οὐδενὶ</span> <span class='ocrx_word' id='word_1_54' title='bbox 1053 841 1201 912; x_wconf 77' lang='grc' dir='ltr'>πόνῳ</span> <span class='ocrx_word' id='word_1_55' title='bbox 1225 843 1290 895; x_wconf 76' lang='grc' dir='ltr'><strong>ἐκ</strong></span> <span class='ocrx_word' id='word_1_56' title='bbox 1337 842 1598 911; x_wconf 80' lang='grc' dir='ltr'>γειτόνων</span> <span class='ocrx_word' id='word_1_57' title='bbox 1631 840 1948 912; x_wconf 77' lang='grc' dir='ltr'><strong>ὁρμώμενοι</strong></span> 
     </span>
    </p>
   </div>
   <div class='ocr_carea' id='block_1_10' title="bbox 367 932 1947 1005">
    <p class='ocr_par' dir='ltr' id='par_1_10' title="bbox 367 932 1947 1005">
     <span class='ocr_line' id='line_1_10' title="bbox 367 932 1947 1005; baseline -0.002 -17"><span class='ocrx_word' id='word_1_58' title='bbox 367 935 468 1004; x_wconf 85' lang='grc' dir='ltr'>τὴν</span> <span class='ocrx_word' id='word_1_59' title='bbox 508 933 796 1003; x_wconf 83' lang='grc' dir='ltr'>Ῥωμαίων</span> <span class='ocrx_word' id='word_1_60' title='bbox 822 933 1325 1005; x_wconf 85' lang='grc' dir='ltr'>καταδραμοῦνται,</span> <span class='ocrx_word' id='word_1_61' title='bbox 1355 935 1450 988; x_wconf 75' lang='grc' dir='ltr'>καὶ</span> <span class='ocrx_word' id='word_1_62' title='bbox 1495 933 1572 997; x_wconf 87' lang='grc' dir='ltr'><strong>ὡς</strong></span> <span class='ocrx_word' id='word_1_63' title='bbox 1593 934 1754 1004; x_wconf 76' lang='grc' dir='ltr'>ἄχρις</span> <span class='ocrx_word' id='word_1_64' title='bbox 1780 932 1947 986; x_wconf 81' lang='grc' dir='ltr'>αὑτοῦ</span> 
     </span>
    </p>
   </div>
   <div class='ocr_carea' id='block_1_11' title="bbox 368 1025 1948 1098">
    <p class='ocr_par' dir='ltr' id='par_1_11' title="bbox 368 1025 1948 1098">
     <span class='ocr_line' id='line_1_11' title="bbox 368 1025 1948 1098; baseline -0.001 -18"><span class='ocrx_word' id='word_1_65' title='bbox 368 1043 434 1096; x_wconf 84' lang='grc' dir='ltr'><strong>γε</strong></span> <span class='ocrx_word' id='word_1_66' title='bbox 468 1026 533 1097; x_wconf 86' lang='grc' dir='ltr'>δή</span> <span class='ocrx_word' id='word_1_67' title='bbox 561 1043 668 1080; x_wconf 83' lang='grc' dir='ltr'><strong>που</strong></span> <span class='ocrx_word' id='word_1_68' title='bbox 697 1025 796 1080; x_wconf 87' lang='grc' dir='ltr'><strong>τοῦ</strong></span> <span class='ocrx_word' id='word_1_69' title='bbox 830 1025 1128 1090; x_wconf 72' lang='grc' dir='ltr'><strong>Βυζαντίου</strong></span> <span class='ocrx_word' id='word_1_70' title='bbox 1177 1027 1466 1081; x_wconf 81' lang='grc' dir='ltr'>ὲλάσουσιν</span> <span class='ocrx_word' id='word_1_71' title='bbox 1483 1026 1550 1083; x_wconf 69' lang='grc'><strong>⁸⁸.</strong></span> <span class='ocrx_word' id='word_1_72' title='bbox 1582 1027 1862 1098; x_wconf 83' lang='grc' dir='ltr'>Ἔφασκον</span> <span class='ocrx_word' id='word_1_73' title='bbox 1890 1025 1948 1079; x_wconf 84' lang='grc' dir='ltr'>δὲ</span> 
     </span>
    </p>
   </div>
   <div class='ocr_carea' id='block_1_12' title="bbox 367 1117 1947 1192">
    <p class='ocr_par' dir='ltr' id='par_1_12' title="bbox 367 1117 1947 1192">
     <span class='ocr_line' id='line_1_12' title="bbox 367 1117 1947 1192; baseline -0.001 -20"><span class='ocrx_word' id='word_1_74' title='bbox 367 1121 419 1172; x_wconf 84' lang='lat' dir='ltr'><strong>oi</strong></span> <span class='ocrx_word' id='word_1_75' title='bbox 464 1119 576 1172; x_wconf 83' lang='grc' dir='ltr'>τῶν</span> <span class='ocrx_word' id='word_1_76' title='bbox 636 1118 1028 1190; x_wconf 79' lang='grc' dir='ltr'>Λογγιϐάρδων</span> <span class='ocrx_word' id='word_1_77' title='bbox 1044 1119 1089 1153; x_wconf 70' lang='grc'><strong>⁸⁷</strong></span> <span class='ocrx_word' id='word_1_78' title='bbox 1145 1119 1429 1192; x_wconf 80' lang='grc' dir='ltr'>πρέσϐεις,</span> <span class='ocrx_word' id='word_1_79' title='bbox 1462 1120 1539 1184; x_wconf 82' lang='grc' dir='ltr'><strong>ώς</strong></span> <span class='ocrx_word' id='word_1_80' title='bbox 1592 1118 1688 1174; x_wconf 80' lang='grc' dir='ltr'>καὶ</span> <span class='ocrx_word' id='word_1_81' title='bbox 1710 1117 1947 1175; x_wconf 77' lang='grc' dir='ltr'>συνοίσει</span> 
     </span>
    </p>
   </div>
   <div class='ocr_carea' id='block_1_13' title="bbox 364 1209 1944 1282">
    <p class='ocr_par' dir='ltr' id='par_1_13' title="bbox 364 1209 1944 1282">
     <span class='ocr_line' id='line_1_13' title="bbox 364 1209 1944 1282; baseline 0.002 -20"><span class='ocrx_word' id='word_1_82' title='bbox 364 1211 481 1272; x_wconf 75' lang='grc' dir='ltr'>τοῖς</span> <span class='ocrx_word' id='word_1_83' title='bbox 517 1209 769 1279; x_wconf 80' lang='grc' dir='ltr'>’Λϐάροις</span> <span class='ocrx_word' id='word_1_84' title='bbox 804 1211 904 1282; x_wconf 79' lang='grc' dir='ltr'>τὴν</span> <span class='ocrx_word' id='word_1_85' title='bbox 934 1209 1069 1280; x_wconf 77' lang='grc' dir='ltr'>πρὸς</span> <span class='ocrx_word' id='word_1_86' title='bbox 1114 1212 1420 1282; x_wconf 80' lang='grc' dir='ltr'><strong>Ῥωμαίους</strong></span> <span class='ocrx_word' id='word_1_87' title='bbox 1450 1211 1805 1266; x_wconf 77' lang='grc' dir='ltr'>ἀσπάσασθαι</span> <span class='ocrx_word' id='word_1_88' title='bbox 1837 1210 1944 1280; x_wconf 76' lang='grc' dir='ltr'><strong>μά-</strong></span> 
     </span>
    </p>
   </div>
   <div class='ocr_carea' id='block_1_14' title="bbox 2046 571 3629 644">
    <p class='ocr_par' dir='ltr' id='par_1_14' title="bbox 2046 571 3629 644">
     <span class='ocr_line' id='line_1_14' title="bbox 2046 571 3629 644; baseline 0.006 -17"><span class='ocrx_word' id='word_1_89' title='bbox 2046 573 2252 644; x_wconf 83' lang='lat' dir='ltr'><strong>junctis</strong></span> <span class='ocrx_word' id='word_1_90' title='bbox 2279 573 2432 642; x_wconf 82' lang='lat' dir='ltr'><strong>ipsis,</strong></span> <span class='ocrx_word' id='word_1_91' title='bbox 2455 572 2613 628; x_wconf 79' lang='lat' dir='ltr'><strong>facile</strong></span> <span class='ocrx_word' id='word_1_92' title='bbox 2635 571 2752 629; x_wconf 77' lang='lat' dir='ltr'><strong>fore</strong></span> <span class='ocrx_word' id='word_1_93' title='bbox 2776 574 3054 644; x_wconf 83' lang='lat' dir='ltr'><strong>Scythiam</strong></span> <span class='ocrx_word' id='word_1_94' title='bbox 3080 583 3134 630; x_wconf 87' lang='lat' dir='ltr'><strong>et</strong></span> <span class='ocrx_word' id='word_1_95' title='bbox 3153 575 3325 643; x_wconf 83' lang='lat' dir='ltr'><strong>ipsam</strong></span> <span class='ocrx_word' id='word_1_96' title='bbox 3343 577 3629 636; x_wconf 79' lang='lat' dir='ltr'><strong>Thraciam</strong></span> 
     </span>
    </p>
   </div>
   <div class='ocr_carea' id='block_1_15' title="bbox 2052 665 3633 734">
    <p class='ocr_par' dir='ltr' id='par_1_15' title="bbox 2052 665 3633 734">
     <span class='ocr_line' id='line_1_15' title="bbox 2052 665 3633 734; baseline 0.004 -15"><span class='ocrx_word' id='word_1_97' title='bbox 2052 678 2340 734; x_wconf 88' lang='lat' dir='ltr'><strong>occupare,</strong></span> <span class='ocrx_word' id='word_1_98' title='bbox 2378 676 2434 720; x_wconf 89' lang='lat' dir='ltr'><strong>et</strong></span> <span class='ocrx_word' id='word_1_99' title='bbox 2472 680 2538 720; x_wconf 89' lang='lat' dir='ltr'><strong>ex</strong></span> <span class='ocrx_word' id='word_1_100' title='bbox 2571 665 2764 721; x_wconf 80' lang='lat' dir='ltr'><strong>vicinis</strong></span> <span class='ocrx_word' id='word_1_101' title='bbox 2799 665 2932 720; x_wconf 88' lang='lat' dir='ltr'><strong>locis</strong></span> <span class='ocrx_word' id='word_1_102' title='bbox 2978 675 3260 722; x_wconf 83' lang='lat' dir='ltr'><strong>moventes</strong></span> <span class='ocrx_word' id='word_1_103' title='bbox 3289 669 3512 725; x_wconf 89' lang='lat' dir='ltr'><strong>minimo</strong></span> <span class='ocrx_word' id='word_1_104' title='bbox 3535 685 3633 726; x_wconf 88' lang='lat' dir='ltr'><strong>ne-</strong></span> 
     </span>
    </p>
   </div>
   <div class='ocr_carea' id='block_1_16' title="bbox 2050 756 3636 826">
    <p class='ocr_par' dir='ltr' id='par_1_16' title="bbox 2050 756 3636 826">
     <span class='ocr_line' id='line_1_16' title="bbox 2050 756 3636 826; baseline 0.004 -16"><span class='ocrx_word' id='word_1_105' title='bbox 2050 757 2197 826; x_wconf 88' lang='lat' dir='ltr'><strong>gotio</strong></span> <span class='ocrx_word' id='word_1_106' title='bbox 2266 757 2636 811; x_wconf 77' lang='lat' dir='ltr'><strong>Romanorum</strong></span> <span class='ocrx_word' id='word_1_107' title='bbox 2691 756 2940 826; x_wconf 86' lang='lat' dir='ltr'><strong>regiones</strong></span> <span class='ocrx_word' id='word_1_108' title='bbox 2994 758 3160 810; x_wconf 83' lang='lat' dir='ltr'><strong>armis</strong></span> <span class='ocrx_word' id='word_1_109' title='bbox 3210 773 3532 826; x_wconf 83' lang='lat' dir='ltr'><strong>percurrere</strong></span> <span class='ocrx_word' id='word_1_110' title='bbox 3581 771 3636 815; x_wconf 86' lang='lat' dir='ltr'><strong>et</strong></span> 
     </span>
    </p>
   </div>
   <div class='ocr_carea' id='block_1_17' title="bbox 2051 842 3633 919">
    <p class='ocr_par' dir='ltr' id='par_1_17' title="bbox 2051 842 3633 919">
     <span class='ocr_line' id='line_1_17' title="bbox 2051 842 3633 919; baseline 0.003 -19"><span class='ocrx_word' id='word_1_111' title='bbox 2051 842 2366 918; x_wconf 71' lang='lat' dir='ltr'><strong>Byzantium</strong></span> <span class='ocrx_word' id='word_1_112' title='bbox 2395 861 2572 916; x_wconf 84' lang='lat' dir='ltr'><strong>usque</strong></span> <span class='ocrx_word' id='word_1_113' title='bbox 2607 845 2759 902; x_wconf 81' lang='lat' dir='ltr'><strong>le&#39;rri.</strong></span> <span class='ocrx_word' id='word_1_114' title='bbox 2787 845 3046 901; x_wconf 77' lang='lat' dir='ltr'><strong>Dixerunt</strong></span> <span class='ocrx_word' id='word_1_115' title='bbox 3075 862 3290 918; x_wconf 84' lang='lat' dir='ltr'><strong>quoque</strong></span> <span class='ocrx_word' id='word_1_116' title='bbox 3318 847 3633 919; x_wconf 86' lang='lat' dir='ltr'><strong>Longobar-</strong></span> 
     </span>
    </p>
   </div>
   <div class='ocr_carea' id='block_1_18' title="bbox 2048 937 3636 1009">
    <p class='ocr_par' dir='ltr' id='par_1_18' title="bbox 2048 937 3636 1009">
     <span class='ocr_line' id='line_1_18' title="bbox 2048 937 3636 1009; baseline 0.003 -16"><span class='ocrx_word' id='word_1_117' title='bbox 2048 939 2238 994; x_wconf 89' lang='lat' dir='ltr'><strong>dorum</strong></span> <span class='ocrx_word' id='word_1_118' title='bbox 2290 939 2471 1009; x_wconf 78' lang='lat' dir='ltr'><strong>legati,</strong></span> <span class='ocrx_word' id='word_1_119' title='bbox 2524 939 2678 1008; x_wconf 81' lang='grc' dir='ltr'><strong>ιιι</strong></span> <span class='ocrx_word' id='word_1_120' title='bbox 2729 937 3002 994; x_wconf 72' lang='lat' dir='ltr'><strong>Arat-ibus</strong></span> <span class='ocrx_word' id='word_1_121' title='bbox 3051 941 3310 1008; x_wconf 83' lang='lat' dir='ltr'><strong>expedire</strong></span> <span class='ocrx_word' id='word_1_122' title='bbox 3362 940 3636 998; x_wconf 76' lang='lat' dir='ltr'><strong>Romanos</strong></span> 
     </span>
    </p>
   </div>
   <div class='ocr_carea' id='block_1_19' title="bbox 2047 1027 3632 1102">
    <p class='ocr_par' dir='ltr' id='par_1_19' title="bbox 2047 1027 3632 1102">
     <span class='ocr_line' id='line_1_19' title="bbox 2047 1027 3632 1102; baseline 0.002 -17"><span class='ocrx_word' id='word_1_123' title='bbox 2047 1030 2188 1085; x_wconf 78' lang='lat' dir='ltr'><strong>ultro</strong></span> <span class='ocrx_word' id='word_1_124' title='bbox 2218 1031 2359 1086; x_wconf 89' lang='lat' dir='ltr'><strong>bello</strong></span> <span class='ocrx_word' id='word_1_125' title='bbox 2385 1039 2570 1101; x_wconf 86' lang='lat' dir='ltr'><strong>petere</strong></span> <span class='ocrx_word' id='word_1_126' title='bbox 2601 1046 2616 1084; x_wconf 91' lang='lat'><strong>:</strong></span> <span class='ocrx_word' id='word_1_127' title='bbox 2643 1028 2878 1098; x_wconf 84' lang='lat' dir='ltr'><strong>alioquin</strong></span> <span class='ocrx_word' id='word_1_128' title='bbox 2911 1027 3055 1085; x_wconf 88' lang='lat' dir='ltr'><strong>enim</strong></span> <span class='ocrx_word' id='word_1_129' title='bbox 3087 1030 3209 1086; x_wconf 81' lang='lat' dir='ltr'><strong>illos</strong></span> <span class='ocrx_word' id='word_1_130' title='bbox 3238 1044 3632 1102; x_wconf 61' lang='lat' dir='ltr'><strong>praventnros,</strong></span> 
     </span>
    </p>
   </div>
   <div class='ocr_carea' id='block_1_20' title="bbox 2046 1120 3636 1195">
    <p class='ocr_par' dir='ltr' id='par_1_20' title="bbox 2046 1120 3636 1195">
     <span class='ocr_line' id='line_1_20' title="bbox 2046 1120 3636 1195; baseline 0.004 -19"><span class='ocrx_word' id='word_1_131' title='bbox 2046 1131 2104 1176; x_wconf 87' lang='lat' dir='ltr'><strong>et</strong></span> <span class='ocrx_word' id='word_1_132' title='bbox 2127 1134 2343 1191; x_wconf 86' lang='lat' dir='ltr'><strong>quoquo</strong></span> <span class='ocrx_word' id='word_1_133' title='bbox 2369 1129 2634 1178; x_wconf 90' lang='lat' dir='ltr'><strong>terrarum</strong></span> <span class='ocrx_word' id='word_1_134' title='bbox 2667 1120 2873 1176; x_wconf 79' lang='lat' dir='ltr'><strong>Avares</strong></span> <span class='ocrx_word' id='word_1_135' title='bbox 2910 1121 3280 1191; x_wconf 86' lang='lat' dir='ltr'><strong>constiterint,</strong></span> <span class='ocrx_word' id='word_1_136' title='bbox 3317 1137 3412 1180; x_wconf 89' lang='lat' dir='ltr'><strong>eos</strong></span> <span class='ocrx_word' id='word_1_137' title='bbox 3451 1139 3636 1195; x_wconf 84' lang='lat' dir='ltr'><strong>persc-</strong></span> 
     </span>
    </p>
   </div>
   <div class='ocr_carea' id='block_1_21' title="bbox 2046 1209 3283 1281">
    <p class='ocr_par' dir='ltr' id='par_1_21' title="bbox 2046 1209 3283 1281">
     <span class='ocr_line' id='line_1_21' title="bbox 2046 1209 3283 1281; baseline 0.002 -18"><span class='ocrx_word' id='word_1_138' title='bbox 2046 1221 2270 1266; x_wconf 84' lang='lat' dir='ltr'><strong>eutures</strong></span> <span class='ocrx_word' id='word_1_139' title='bbox 2289 1219 2349 1264; x_wconf 91' lang='lat' dir='ltr'><strong>et</strong></span> <span class='ocrx_word' id='word_1_140' title='bbox 2385 1224 2713 1281; x_wconf 86' lang='lat' dir='ltr'><strong>quacunque</strong></span> <span class='ocrx_word' id='word_1_141' title='bbox 2743 1211 2958 1266; x_wconf 85' lang='lat' dir='ltr'><strong>ratione</strong></span> <span class='ocrx_word' id='word_1_142' title='bbox 2987 1209 3283 1266; x_wconf 84' lang='lat' dir='ltr'><strong>deleturos.</strong></span> 
     </span>
    </p>
   </div>
   <div class='ocr_carea' id='block_1_22' title="bbox 365 1294 3636 1380">
    <p class='ocr_par' dir='ltr' id='par_1_22' title="bbox 365 1294 3636 1380">
     <span class='ocr_line' id='line_1_22' title="bbox 365 1294 3636 1380; baseline 0.002 -23"><span class='ocrx_word' id='word_1_143' title='bbox 365 1319 500 1377; x_wconf 76' lang='grc' dir='ltr'>χηνο</span> <span class='ocrx_word' id='word_1_144' title='bbox 526 1305 560 1375; x_wconf 75' lang='grc' dir='ltr'>ἢ</span> <span class='ocrx_word' id='word_1_145' title='bbox 599 1307 708 1375; x_wconf 78' lang='grc' dir='ltr'>γὰρ</span> <span class='ocrx_word' id='word_1_146' title='bbox 735 1305 803 1360; x_wconf 81' lang='grc' dir='ltr'>ἂν</span> <span class='ocrx_word' id='word_1_147' title='bbox 823 1309 1028 1361; x_wconf 78' lang='grc' dir='ltr'>ἐκείνοι</span> <span class='ocrx_word' id='word_1_148' title='bbox 1057 1311 1482 1380; x_wconf 82' lang='grc' dir='ltr'>προτερήσουσι,</span> <span class='ocrx_word' id='word_1_149' title='bbox 1513 1309 1612 1363; x_wconf 79' lang='grc' dir='ltr'>καὶ</span> <span class='ocrx_word' id='word_1_150' title='bbox 1640 1308 1709 1362; x_wconf 81' lang='grc' dir='ltr'><strong>ἐκ</strong></span> <span class='ocrx_word' id='word_1_151' title='bbox 1773 1305 1976 1371; x_wconf 80' lang='grc' dir='ltr'>παντὸς</span> <span class='ocrx_word' id='word_1_152' title='bbox 2017 1307 2225 1374; x_wconf 78' lang='grc' dir='ltr'>τρόπου</span> <span class='ocrx_word' id='word_1_153' title='bbox 2297 1303 2590 1359; x_wconf 80' lang='grc' dir='ltr'>καθελοῦσι</span> <span class='ocrx_word' id='word_1_154' title='bbox 2629 1305 2731 1376; x_wconf 77' lang='grc' dir='ltr'>τὴν</span> <span class='ocrx_word' id='word_1_155' title='bbox 2771 1305 3021 1376; x_wconf 80' lang='grc' dir='ltr'>Ἀϐἁρων</span> <span class='ocrx_word' id='word_1_156' title='bbox 3068 1305 3321 1378; x_wconf 83' lang='grc' dir='ltr'>δύναμιν,</span> <span class='ocrx_word' id='word_1_157' title='bbox 3368 1307 3505 1362; x_wconf 76' lang='grc' dir='ltr'>ὅπου</span> <span class='ocrx_word' id='word_1_158' title='bbox 3543 1294 3636 1364; x_wconf 78' lang='grc' dir='ltr'>καὶ</span> 
     </span>
    </p>
   </div>
   <div class='ocr_carea' id='block_1_23' title="bbox 364 1399 1050 1471">
    <p class='ocr_par' dir='ltr' id='par_1_23' title="bbox 364 1399 1050 1471">
     <span class='ocr_line' id='line_1_23' title="bbox 364 1399 1050 1471; baseline 0.004 -20"><span class='ocrx_word' id='word_1_159' title='bbox 364 1399 468 1471; x_wconf 83' lang='grc' dir='ltr'>γῆς</span> <span class='ocrx_word' id='word_1_160' title='bbox 495 1399 852 1469; x_wconf 80' lang='grc' dir='ltr'>τυγχάνουσιν</span> <span class='ocrx_word' id='word_1_161' title='bbox 873 1399 1050 1465; x_wconf 71' lang='grc' dir='ltr'>ὄντες.</span> 
     </span>
    </p>
   </div>
   <div class='ocr_carea' id='block_1_24' title="bbox 434 1475 1963 1566">
    <p class='ocr_par' dir='ltr' id='par_1_24' title="bbox 434 1490 1947 1566">
     <span class='ocr_line' id='line_1_24' title="bbox 434 1490 1947 1566; baseline 0.001 -20"><span class='ocrx_word' id='word_1_162' title='bbox 434 1490 525 1562; x_wconf 83' lang='grc' dir='ltr'>ιβ’.</span> <span class='ocrx_word' id='word_1_163' title='bbox 562 1494 684 1547; x_wconf 85' lang='grc' dir='ltr'>Ὅτι</span> <span class='ocrx_word' id='word_1_164' title='bbox 709 1493 738 1546; x_wconf 78' lang='grc' dir='ltr'><strong>ὁ</strong></span> <span class='ocrx_word' id='word_1_165' title='bbox 768 1493 1000 1558; x_wconf 66' lang='lat' dir='ltr'><strong>Batavo;</strong></span> <span class='ocrx_word' id='word_1_166' title='bbox 1051 1497 1180 1559; x_wconf 79' lang='grc' dir='ltr'>τοὺς</span> <span class='ocrx_word' id='word_1_167' title='bbox 1215 1495 1328 1548; x_wconf 79' lang='grc' dir='ltr'><strong>τῶν</strong></span> <span class='ocrx_word' id='word_1_168' title='bbox 1380 1494 1773 1566; x_wconf 77' lang='grc' dir='ltr'>Λογγιϐάρόων</span> <span class='ocrx_word' id='word_1_169' title='bbox 1810 1497 1947 1565; x_wconf 74' lang='grc' dir='ltr'>πρέ-</span> 
     </span>
    </p>
   </div>
   <div class='ocr_carea' id='block_1_25' title="bbox 2047 1475 3636 1566">
    <p class='ocr_par' dir='ltr' id='par_1_25' title="bbox 2127 1475 3636 1560">
     <span class='ocr_line' id='line_1_25' title="bbox 2127 1475 3636 1560; baseline 0.003 -16"><span class='ocrx_word' id='word_1_170' title='bbox 2127 1490 2214 1545; x_wconf 75' lang='grc'><strong>12.</strong></span> <span class='ocrx_word' id='word_1_171' title='bbox 2258 1475 2493 1560; x_wconf 73' lang='lat' dir='ltr'><strong>Bajanus</strong></span> <span class='ocrx_word' id='word_1_172' title='bbox 2539 1489 2743 1559; x_wconf 92' lang='lat' dir='ltr'><strong>legatos</strong></span> <span class='ocrx_word' id='word_1_173' title='bbox 2772 1490 2987 1558; x_wconf 85' lang='lat' dir='ltr'><strong>quidem</strong></span> <span class='ocrx_word' id='word_1_174' title='bbox 3025 1488 3504 1560; x_wconf 82' lang='lat' dir='ltr'><strong>Langobardorum</strong></span> <span class='ocrx_word' id='word_1_175' title='bbox 3541 1509 3636 1548; x_wconf 91' lang='lat' dir='ltr'><strong>ex-</strong></span> 
     </span>
    </p>
   </div>
   <div class='ocr_carea' id='block_1_26' title="bbox 364 1577 1963 1659">
    <p class='ocr_par' dir='ltr' id='par_1_26' title="bbox 364 1582 1949 1659">
     <span class='ocr_line' id='line_1_26' title="bbox 364 1582 1949 1659; baseline 0.004 -23"><span class='ocrx_word' id='word_1_176' title='bbox 364 1582 514 1645; x_wconf 79' lang='grc' dir='ltr'>σϐεις</span> <span class='ocrx_word' id='word_1_177' title='bbox 539 1583 837 1652; x_wconf 79' lang='grc' dir='ltr'>δεξάμενος</span> <span class='ocrx_word' id='word_1_178' title='bbox 866 1583 1046 1638; x_wconf 80' lang='grc' dir='ltr'>ἐδόκει</span> <span class='ocrx_word' id='word_1_179' title='bbox 1074 1585 1300 1650; x_wconf 81' lang='grc' dir='ltr'>τούτους</span> <span class='ocrx_word' id='word_1_180' title='bbox 1335 1590 1707 1659; x_wconf 79' lang='grc' dir='ltr'>περιφρονεῖν,</span> <span class='ocrx_word' id='word_1_181' title='bbox 1731 1588 1810 1658; x_wconf 75' lang='grc' dir='ltr'><strong>τῷ</strong></span> <span class='ocrx_word' id='word_1_182' title='bbox 1825 1587 1949 1659; x_wconf 81' lang='grc' dir='ltr'>βού-</span> 
     </span>
    </p>
   </div>
   <div class='ocr_carea' id='block_1_27' title="bbox 2047 1577 3636 1659">
    <p class='ocr_par' dir='ltr' id='par_1_27' title="bbox 2047 1577 3636 1650">
     <span class='ocr_line' id='line_1_27' title="bbox 2047 1577 3636 1650; baseline 0.001 -14"><span class='ocrx_word' id='word_1_183' title='bbox 2047 1580 2221 1650; x_wconf 81' lang='lat' dir='ltr'><strong>cepit,</strong></span> <span class='ocrx_word' id='word_1_184' title='bbox 2265 1580 2361 1635; x_wconf 86' lang='lat' dir='ltr'><strong>sed</strong></span> <span class='ocrx_word' id='word_1_185' title='bbox 2400 1594 2496 1634; x_wconf 89' lang='lat' dir='ltr'><strong>eos</strong></span> <span class='ocrx_word' id='word_1_186' title='bbox 2526 1580 2677 1648; x_wconf 85' lang='lat' dir='ltr'><strong>parvi</strong></span> <span class='ocrx_word' id='word_1_187' title='bbox 2717 1577 2899 1635; x_wconf 78' lang='lat' dir='ltr'><strong>facere</strong></span> <span class='ocrx_word' id='word_1_188' title='bbox 2932 1579 3196 1644; x_wconf 81' lang='lat' dir='ltr'><strong>decrevit,</strong></span> <span class='ocrx_word' id='word_1_189' title='bbox 3244 1593 3302 1635; x_wconf 83' lang='lat' dir='ltr'><strong>ut</strong></span> <span class='ocrx_word' id='word_1_190' title='bbox 3330 1596 3392 1636; x_wconf 89' lang='lat' dir='ltr'><strong>ea</strong></span> <span class='ocrx_word' id='word_1_191' title='bbox 3423 1583 3636 1638; x_wconf 84' lang='lat' dir='ltr'><strong>ratione</strong></span> 
     </span>
    </p>
   </div>
   <div class='ocr_carea' id='block_1_28' title="bbox 363 1669 1963 1748">
    <p class='ocr_par' dir='ltr' id='par_1_28' title="bbox 363 1673 1945 1748">
     <span class='ocr_line' id='line_1_28' title="bbox 363 1673 1945 1748; baseline 0.005 -22"><span class='ocrx_word' id='word_1_192' title='bbox 363 1673 552 1727; x_wconf 78' lang='grc' dir='ltr'>λεσθαί</span> <span class='ocrx_word' id='word_1_193' title='bbox 570 1691 636 1740; x_wconf 85' lang='grc' dir='ltr'><strong>γε</strong></span> <span class='ocrx_word' id='word_1_194' title='bbox 657 1675 882 1739; x_wconf 70' lang='grc' dir='ltr'>αύτδςδσ</span> <span class='ocrx_word' id='word_1_195' title='bbox 905 1675 1340 1748; x_wconf 76' lang='grc' dir='ltr'>κερδαλεώτερον</span> <span class='ocrx_word' id='word_1_196' title='bbox 1364 1677 1554 1732; x_wconf 67' lang='grc' dir='ltr'>θέσθαι</span> <span class='ocrx_word' id='word_1_197' title='bbox 1577 1678 1654 1742; x_wconf 82' lang='grc' dir='ltr'>ὡς</span> <span class='ocrx_word' id='word_1_198' title='bbox 1683 1678 1884 1744; x_wconf 75' lang='grc' dir='ltr'>αὐτοὺς</span> <span class='ocrx_word' id='word_1_199' title='bbox 1896 1681 1945 1714; x_wconf 59' lang='grc' dir='ltr'><strong>ι’</strong></span> 
     </span>
    </p>
   </div>
   <div class='ocr_carea' id='block_1_29' title="bbox 2047 1669 3633 1748">
    <p class='ocr_par' dir='ltr' id='par_1_29' title="bbox 2053 1669 3633 1741">
     <span class='ocr_line' id='line_1_29' title="bbox 2053 1669 3633 1741; baseline 0.004 -16"><span class='ocrx_word' id='word_1_200' title='bbox 2053 1669 2476 1735; x_wconf 89' lang='lat' dir='ltr'><strong>conditionibus,</strong></span> <span class='ocrx_word' id='word_1_201' title='bbox 2501 1683 2621 1740; x_wconf 69' lang='lat' dir='ltr'><strong>quae</strong></span> <span class='ocrx_word' id='word_1_202' title='bbox 2659 1669 2774 1725; x_wconf 89' lang='lat' dir='ltr'><strong>suis</strong></span> <span class='ocrx_word' id='word_1_203' title='bbox 2809 1669 3110 1727; x_wconf 85' lang='lat' dir='ltr'><strong>rationibus</strong></span> <span class='ocrx_word' id='word_1_204' title='bbox 3143 1673 3303 1729; x_wconf 88' lang='lat' dir='ltr'><strong>utiles</strong></span> <span class='ocrx_word' id='word_1_205' title='bbox 3326 1684 3532 1741; x_wconf 89' lang='lat' dir='ltr'><strong>essent,</strong></span> <span class='ocrx_word' id='word_1_206' title='bbox 3565 1678 3633 1731; x_wconf 84' lang='lat' dir='ltr'><strong>ad</strong></span> 
     </span>
    </p>
   </div>
   <div class='ocr_carea' id='block_1_30' title="bbox 246 1755 1945 1842">
    <p class='ocr_par' dir='ltr' id='par_1_30' title="bbox 246 1755 1945 1842">
     <span class='ocr_line' id='line_1_30' title="bbox 246 1755 1945 1842; baseline 0.005 -26"><span class='ocrx_word' id='word_1_207' title='bbox 246 1755 259 1776; x_wconf 89' lang='grc'><em>’</em></span> <span class='ocrx_word' id='word_1_208' title='bbox 362 1765 462 1834; x_wconf 76' lang='grc' dir='ltr'>τὴν</span> <span class='ocrx_word' id='word_1_209' title='bbox 491 1766 839 1837; x_wconf 76' lang='grc' dir='ltr'>συμμαχίαν,</span> <span class='ocrx_word' id='word_1_210' title='bbox 872 1768 968 1822; x_wconf 84' lang='grc' dir='ltr'>καὶ</span> <span class='ocrx_word' id='word_1_211' title='bbox 1001 1767 1079 1838; x_wconf 82' lang='grc' dir='ltr'>πῆ</span> <span class='ocrx_word' id='word_1_212' title='bbox 1117 1768 1221 1838; x_wconf 81' lang='grc' dir='ltr'>μὲν</span> <span class='ocrx_word' id='word_1_213' title='bbox 1255 1769 1318 1822; x_wconf 81' lang='grc' dir='ltr'>τὸ</span> <span class='ocrx_word' id='word_1_214' title='bbox 1349 1768 1430 1840; x_wconf 79' lang='grc' dir='ltr'>μὴ</span> <span class='ocrx_word' id='word_1_215' title='bbox 1459 1769 1748 1837; x_wconf 89' lang='grc' dir='ltr'>δύνασθαι,</span> <span class='ocrx_word' id='word_1_216' title='bbox 1783 1771 1862 1842; x_wconf 82' lang='grc' dir='ltr'>πῆ</span> <span class='ocrx_word' id='word_1_217' title='bbox 1887 1771 1945 1825; x_wconf 79' lang='grc' dir='ltr'>δὲ</span> 
     </span>
    </p>
   </div>
   <div class='ocr_carea' id='block_1_31' title="bbox 2053 1760 3633 1834">
    <p class='ocr_par' dir='ltr' id='par_1_31' title="bbox 2053 1760 3633 1834">
     <span class='ocr_line' id='line_1_31' title="bbox 2053 1760 3633 1834; baseline 0.004 -19"><span class='ocrx_word' id='word_1_218' title='bbox 2053 1774 2329 1816; x_wconf 89' lang='lat' dir='ltr'><strong>armorum</strong></span> <span class='ocrx_word' id='word_1_219' title='bbox 2347 1760 2666 1815; x_wconf 86' lang='lat' dir='ltr'><strong>societatem</strong></span> <span class='ocrx_word' id='word_1_220' title='bbox 2691 1774 2873 1814; x_wconf 83' lang='lat' dir='ltr'><strong>secum</strong></span> <span class='ocrx_word' id='word_1_221' title='bbox 2896 1762 3322 1817; x_wconf 83' lang='lat' dir='ltr'><strong>contrahendam</strong></span> <span class='ocrx_word' id='word_1_222' title='bbox 3339 1765 3633 1834; x_wconf 88' lang='lat' dir='ltr'><strong>pelliceret.</strong></span> 
     </span>
    </p>
   </div>
   <div class='ocr_carea' id='block_1_32' title="bbox 363 1821 1963 1930">
    <p class='ocr_par' dir='ltr' id='par_1_32' title="bbox 363 1821 1947 1930">
     <span class='ocr_line' id='line_1_32' title="bbox 363 1821 1947 1930; baseline 0.004 -22"><span class='ocrx_word' id='word_1_223' title='bbox 363 1821 744 1909; x_wconf 48' lang='lat' dir='ltr'><strong>rb&#39;oﬁvcia&#39;Oa:</strong></span> <span class='ocrx_word' id='word_1_224' title='bbox 778 1821 878 1926; x_wconf 70' lang='grc' dir='ltr'><strong>μέν</strong></span> <span class='ocrx_word' id='word_1_225' title='bbox 919 1821 1236 1929; x_wconf 53' lang='grc' dir='ltr'>προΐσχετο,</span> <span class='ocrx_word' id='word_1_226' title='bbox 1266 1821 1363 1929; x_wconf 73' lang='grc' dir='ltr'><strong>μὴι</strong></span> 
     </span>
    </p>
   </div>
   <div class='ocr_carea' id='block_1_33' title="bbox 2047 1821 3636 1930">
    <p class='ocr_par' dir='ltr' id='par_1_33' title="bbox 2050 1854 3636 1927">
     <span class='ocr_line' id='line_1_33' title="bbox 2050 1854 3636 1927; baseline -0.002 -13"><span class='ocrx_word' id='word_1_227' title='bbox 2050 1857 2115 1914; x_wconf 86' lang='grc' dir='ltr'><strong>Εῑ</strong></span> <span class='ocrx_word' id='word_1_228' title='bbox 2149 1857 2307 1913; x_wconf 84' lang='lat' dir='ltr'><strong>modo</strong></span> <span class='ocrx_word' id='word_1_229' title='bbox 2328 1872 2401 1920; x_wconf 79' lang='lat' dir='ltr'><strong>se</strong></span> <span class='ocrx_word' id='word_1_230' title='bbox 2444 1872 2553 1913; x_wconf 89' lang='lat' dir='ltr'><strong>non</strong></span> <span class='ocrx_word' id='word_1_231' title='bbox 2589 1870 2769 1927; x_wconf 88' lang='lat' dir='ltr'><strong>posse,</strong></span> <span class='ocrx_word' id='word_1_232' title='bbox 2815 1855 2977 1911; x_wconf 90' lang='lat' dir='ltr'><strong>modo</strong></span> <span class='ocrx_word' id='word_1_233' title='bbox 3007 1867 3190 1926; x_wconf 84' lang='lat' dir='ltr'><strong>posse,</strong></span> <span class='ocrx_word' id='word_1_234' title='bbox 3221 1854 3483 1925; x_wconf 68' lang='lat' dir='ltr'><strong>iactabat,</strong></span> <span class='ocrx_word' id='word_1_235' title='bbox 3541 1859 3636 1911; x_wconf 84' lang='lat' dir='ltr'><strong>sed</strong></span> 
     </span>
    </p>
   </div>
   <div class='ocr_carea' id='block_1_34' title="bbox 365 1945 1945 2023">
    <p class='ocr_par' dir='ltr' id='par_1_34' title="bbox 365 1945 1945 2023">
     <span class='ocr_line' id='line_1_34' title="bbox 365 1945 1945 2023; baseline 0.005 -25"><span class='ocrx_word' id='word_1_236' title='bbox 365 1945 555 2000; x_wconf 79' lang='grc' dir='ltr'>ελόντα</span> <span class='ocrx_word' id='word_1_237' title='bbox 574 1947 632 2000; x_wconf 80' lang='grc' dir='ltr'><strong>δέ</strong></span> <span class='ocrx_word' id='word_1_238' title='bbox 649 1947 847 2011; x_wconf 72' lang='grc' dir='ltr'>εἰπεῖν,</span> <span class='ocrx_word' id='word_1_239' title='bbox 885 1947 1106 2002; x_wconf 70' lang='grc' dir='ltr'>ἅπαντα</span> <span class='ocrx_word' id='word_1_240' title='bbox 1130 1949 1330 2021; x_wconf 78' lang='grc' dir='ltr'>τρόπον</span> <span class='ocrx_word' id='word_1_241' title='bbox 1357 1952 1576 2023; x_wconf 81' lang='grc' dir='ltr'><strong>ἀπάτης</strong></span> <span class='ocrx_word' id='word_1_242' title='bbox 1598 1953 1714 2016; x_wconf 73' lang='grc' dir='ltr'>τοῖς</span> <span class='ocrx_word' id='word_1_243' title='bbox 1749 1952 1945 2023; x_wconf 78' lang='grc' dir='ltr'>δεομέ-</span> 
     </span>
    </p>
   </div>
   <div class='ocr_carea' id='block_1_35' title="bbox 364 2037 1946 2113">
    <p class='ocr_par' dir='ltr' id='par_1_35' title="bbox 364 2037 1946 2113">
     <span class='ocr_line' id='line_1_35' title="bbox 364 2037 1946 2113; baseline 0.004 -22"><span class='ocrx_word' id='word_1_244' title='bbox 364 2054 476 2102; x_wconf 89' lang='grc' dir='ltr'>νοις</span> <span class='ocrx_word' id='word_1_245' title='bbox 504 2037 792 2103; x_wconf 84' lang='grc' dir='ltr'>ἐπισείσας</span> <span class='ocrx_word' id='word_1_246' title='bbox 824 2039 974 2103; x_wconf 74' lang='grc' dir='ltr'>εδοξε</span> <span class='ocrx_word' id='word_1_247' title='bbox 998 2041 1100 2112; x_wconf 69' lang='grc' dir='ltr'>μὲν</span> <span class='ocrx_word' id='word_1_248' title='bbox 1132 2041 1419 2096; x_wconf 83' lang='grc' dir='ltr'>πείθεσθαι</span> <span class='ocrx_word' id='word_1_249' title='bbox 1441 2044 1618 2113; x_wconf 87' lang='grc' dir='ltr'>μόλις,</span> <span class='ocrx_word' id='word_1_250' title='bbox 1640 2045 1743 2099; x_wconf 85' lang='grc' dir='ltr'>οὐκ</span> <span class='ocrx_word' id='word_1_251' title='bbox 1770 2045 1946 2108; x_wconf 70' lang='grc' dir='ltr'>ἄλλως</span> 
     </span>
    </p>
   </div>
   <div class='ocr_carea' id='block_1_36' title="bbox 361 2128 1946 2206">
    <p class='ocr_par' dir='ltr' id='par_1_36' title="bbox 361 2128 1946 2206">
     <span class='ocr_line' id='line_1_36' title="bbox 361 2128 1946 2206; baseline 0.005 -24"><span class='ocrx_word' id='word_1_252' title='bbox 361 2128 422 2182; x_wconf 76' lang='grc' dir='ltr'>δὲ</span> <span class='ocrx_word' id='word_1_253' title='bbox 452 2129 485 2200; x_wconf 84' lang='grc' dir='ltr'>ἢ</span> <span class='ocrx_word' id='word_1_254' title='bbox 517 2131 567 2182; x_wconf 76' lang='lat' dir='ltr'><strong>si</strong></span> <span class='ocrx_word' id='word_1_255' title='bbox 587 2129 636 2163; x_wconf 78' lang='grc'><strong><em>⁵⁸</em></strong></span> <span class='ocrx_word' id='word_1_256' title='bbox 665 2131 727 2184; x_wconf 85' lang='grc' dir='ltr'>τὸ</span> <span class='ocrx_word' id='word_1_257' title='bbox 756 2131 1159 2203; x_wconf 72' lang='grc' dir='ltr'>δεκατημόριον</span> <span class='ocrx_word' id='word_1_258' title='bbox 1213 2133 1326 2187; x_wconf 83' lang='grc' dir='ltr'><strong>τῶν</strong></span> <span class='ocrx_word' id='word_1_259' title='bbox 1381 2134 1726 2206; x_wconf 76' lang='grc' dir='ltr'>τετραπόδων</span> <span class='ocrx_word' id='word_1_260' title='bbox 1771 2134 1946 2190; x_wconf 78' lang='grc' dir='ltr'>ἀπάν-</span> 
     </span>
    </p>
   </div>
   <div class='ocr_carea' id='block_1_37' title="bbox 363 2221 1946 2297">
    <p class='ocr_par' dir='ltr' id='par_1_37' title="bbox 363 2221 1946 2297">
     <span class='ocr_line' id='line_1_37' title="bbox 363 2221 1946 2297; baseline 0.004 -23"><span class='ocrx_word' id='word_1_261' title='bbox 363 2237 494 2283; x_wconf 83' lang='grc' dir='ltr'>των,</span> <span class='ocrx_word' id='word_1_262' title='bbox 523 2221 627 2276; x_wconf 82' lang='grc' dir='ltr'>ὅσα</span> <span class='ocrx_word' id='word_1_263' title='bbox 651 2223 805 2294; x_wconf 84' lang='grc' dir='ltr'>παρὰ</span> <span class='ocrx_word' id='word_1_264' title='bbox 830 2223 1224 2295; x_wconf 82' lang='grc' dir='ltr'>Δογγιϐάρδοις</span> <span class='ocrx_word' id='word_1_265' title='bbox 1255 2224 1525 2296; x_wconf 73' lang='grc' dir='ltr'>ὑπῆρχεν,</span> <span class='ocrx_word' id='word_1_266' title='bbox 1558 2227 1754 2280; x_wconf 84' lang='grc' dir='ltr'>αὐτίκα</span> <span class='ocrx_word' id='word_1_267' title='bbox 1785 2227 1946 2297; x_wconf 89' lang='grc' dir='ltr'>κομί-</span> 
     </span>
    </p>
   </div>
   <div class='ocr_carea' id='block_1_38' title="bbox 367 2309 1943 2386">
    <p class='ocr_par' dir='ltr' id='par_1_38' title="bbox 367 2309 1943 2386">
     <span class='ocr_line' id='line_1_38' title="bbox 367 2309 1943 2386; baseline 0.004 -25"><span class='ocrx_word' id='word_1_268' title='bbox 367 2325 572 2372; x_wconf 81' lang='grc' dir='ltr'>σαιντο,</span> <span class='ocrx_word' id='word_1_269' title='bbox 613 2310 710 2363; x_wconf 78' lang='grc' dir='ltr'>καὶ</span> <span class='ocrx_word' id='word_1_270' title='bbox 754 2309 852 2378; x_wconf 77' lang='grc' dir='ltr'>ὥς,</span> <span class='ocrx_word' id='word_1_271' title='bbox 903 2313 953 2364; x_wconf 83' lang='grc' dir='ltr'><strong>εί</strong></span> <span class='ocrx_word' id='word_1_272' title='bbox 993 2313 1239 2381; x_wconf 78' lang='grc' dir='ltr'>γένοιντο</span> <span class='ocrx_word' id='word_1_273' title='bbox 1287 2313 1712 2386; x_wconf 71' lang='grc' dir='ltr'>καθυπέρτεροι,</span> <span class='ocrx_word' id='word_1_274' title='bbox 1771 2316 1943 2386; x_wconf 62' lang='grc' dir='ltr'>ἥμισυ</span> 
     </span>
    </p>
   </div>
   <div class='ocr_carea' id='block_1_39' title="bbox 369 2398 1946 2476">
    <p class='ocr_par' dir='ltr' id='par_1_39' title="bbox 369 2398 1946 2476">
     <span class='ocr_line' id='line_1_39' title="bbox 369 2398 1946 2476; baseline 0.006 -24"><span class='ocrx_word' id='word_1_275' title='bbox 369 2398 469 2468; x_wconf 73' lang='grc' dir='ltr'>μὲν</span> <span class='ocrx_word' id='word_1_276' title='bbox 497 2399 598 2468; x_wconf 80' lang='grc' dir='ltr'>τῆς</span> <span class='ocrx_word' id='word_1_277' title='bbox 636 2400 786 2465; x_wconf 78' lang='grc' dir='ltr'>λείας</span> <span class='ocrx_word' id='word_1_278' title='bbox 827 2401 1042 2468; x_wconf 80' lang='grc' dir='ltr'>ἐξουσιν</span> <span class='ocrx_word' id='word_1_279' title='bbox 1084 2403 1260 2468; x_wconf 76' lang='grc' dir='ltr'>αὐτοὶ,</span> <span class='ocrx_word' id='word_1_280' title='bbox 1291 2403 1392 2474; x_wconf 71' lang='grc' dir='ltr'>τὴν</span> <span class='ocrx_word' id='word_1_281' title='bbox 1421 2404 1482 2460; x_wconf 63' lang='grc' dir='ltr'>δὲ</span> <span class='ocrx_word' id='word_1_282' title='bbox 1514 2402 1626 2459; x_wconf 82' lang='grc' dir='ltr'><strong>τῶν</strong></span> <span class='ocrx_word' id='word_1_283' title='bbox 1651 2406 1946 2476; x_wconf 82' lang='grc' dir='ltr'>Γηπαίδων</span> 
     </span>
    </p>
   </div>
   <div class='ocr_carea' id='block_1_40' title="bbox 367 2489 1944 2567">
    <p class='ocr_par' dir='ltr' id='par_1_40' title="bbox 367 2489 1944 2567">
     <span class='ocr_line' id='line_1_40' title="bbox 367 2489 1944 2567; baseline 0.006 -25"><span class='ocrx_word' id='word_1_284' title='bbox 367 2489 550 2561; x_wconf 88' lang='grc' dir='ltr'>χώραν</span> <span class='ocrx_word' id='word_1_285' title='bbox 577 2493 660 2555; x_wconf 79' lang='grc' dir='ltr'>εἰς</span> <span class='ocrx_word' id='word_1_286' title='bbox 694 2492 898 2548; x_wconf 68' lang='grc' dir='ltr'>τέλεον.</span> <span class='ocrx_word' id='word_1_287' title='bbox 934 2495 1003 2547; x_wconf 74' lang='grc' dir='ltr'>Ἀ</span> <span class='ocrx_word' id='word_1_288' title='bbox 1035 2494 1101 2566; x_wconf 77' lang='grc' dir='ltr'>δὴ</span> <span class='ocrx_word' id='word_1_289' title='bbox 1143 2495 1241 2548; x_wconf 77' lang='grc' dir='ltr'>καὶ</span> <span class='ocrx_word' id='word_1_290' title='bbox 1271 2496 1512 2563; x_wconf 71' lang='grc' dir='ltr'>ἐγένετο.</span> <span class='ocrx_word' id='word_1_291' title='bbox 1545 2497 1658 2550; x_wconf 76' lang='grc' dir='ltr'><strong>Καὶ</strong></span> <span class='ocrx_word' id='word_1_292' title='bbox 1699 2498 1944 2567; x_wconf 80' lang='grc' dir='ltr'>ἐχώρουν</span> 
     </span>
    </p>
   </div>
   <div class='ocr_carea' id='block_1_41' title="bbox 369 2578 1944 2652">
    <p class='ocr_par' dir='ltr' id='par_1_41' title="bbox 369 2578 1944 2652">
     <span class='ocr_line' id='line_1_41' title="bbox 369 2578 1944 2652; baseline 0.004 -22"><span class='ocrx_word' id='word_1_293' title='bbox 369 2579 606 2648; x_wconf 80' lang='grc' dir='ltr'>Γήπαισι</span> <span class='ocrx_word' id='word_1_294' title='bbox 634 2578 1061 2650; x_wconf 78' lang='grc' dir='ltr'>πολεμήσοντες.</span> <span class='ocrx_word' id='word_1_295' title='bbox 1106 2581 1332 2652; x_wconf 78' lang='grc' dir='ltr'><strong>Ἐπειδὴ</strong></span> <span class='ocrx_word' id='word_1_296' title='bbox 1363 2582 1422 2634; x_wconf 78' lang='grc' dir='ltr'>δὲ</span> <span class='ocrx_word' id='word_1_297' title='bbox 1455 2581 1688 2637; x_wconf 75' lang='grc' dir='ltr'>ἐπύθετο</span> <span class='ocrx_word' id='word_1_298' title='bbox 1704 2584 1748 2620; x_wconf 78' lang='grc'><strong>⁸³</strong></span> <span class='ocrx_word' id='word_1_299' title='bbox 1779 2585 1944 2637; x_wconf 78' lang='grc' dir='ltr'>Κονι-</span> 
     </span>
    </p>
   </div>
   <div class='ocr_carea' id='block_1_42' title="bbox 369 2667 1945 2741">
    <p class='ocr_par' dir='ltr' id='par_1_42' title="bbox 369 2667 1945 2741">
     <span class='ocr_line' id='line_1_42' title="bbox 369 2667 1945 2741; baseline 0.003 -21"><span class='ocrx_word' id='word_1_300' title='bbox 369 2667 616 2736; x_wconf 79' lang='grc' dir='ltr'>μοῦνδος,</span> <span class='ocrx_word' id='word_1_301' title='bbox 646 2669 862 2735; x_wconf 74' lang='grc' dir='ltr'>λέγεται</span> <span class='ocrx_word' id='word_1_302' title='bbox 887 2669 1092 2734; x_wconf 79' lang='grc' dir='ltr'>δείσας,</span> <span class='ocrx_word' id='word_1_303' title='bbox 1121 2669 1200 2733; x_wconf 82' lang='grc' dir='ltr'>ὼς</span> <span class='ocrx_word' id='word_1_304' title='bbox 1227 2670 1322 2724; x_wconf 76' lang='grc' dir='ltr'>καὶ</span> <span class='ocrx_word' id='word_1_305' title='bbox 1351 2669 1509 2735; x_wconf 76' lang='grc' dir='ltr'>αὖθις</span> <span class='ocrx_word' id='word_1_306' title='bbox 1535 2670 1691 2741; x_wconf 70' lang='grc' dir='ltr'><strong>⁶παρὰ</strong></span> <span class='ocrx_word' id='word_1_307' title='bbox 1719 2671 1945 2741; x_wconf 76' lang='grc' dir='ltr'>βασιλέα</span> 
     </span>
    </p>
   </div>
   <div class='ocr_carea' id='block_1_43' title="bbox 380 2759 1942 2834">
    <p class='ocr_par' dir='ltr' id='par_1_43' title="bbox 380 2759 1942 2834">
     <span class='ocr_line' id='line_1_43' title="bbox 380 2759 1942 2834; baseline 0.004 -24"><span class='ocrx_word' id='word_1_308' title='bbox 380 2759 664 2815; x_wconf 83' lang='grc' dir='ltr'>ἰουστῖνον</span> <span class='ocrx_word' id='word_1_309' title='bbox 699 2759 915 2830; x_wconf 75' lang='grc' dir='ltr'>ἔπεμψε</span> <span class='ocrx_word' id='word_1_310' title='bbox 953 2760 1238 2830; x_wconf 72' lang='grc' dir='ltr'>πρέσϐεις,</span> <span class='ocrx_word' id='word_1_311' title='bbox 1263 2761 1361 2816; x_wconf 77' lang='grc' dir='ltr'>καὶ</span> <span class='ocrx_word' id='word_1_312' title='bbox 1406 2762 1484 2826; x_wconf 80' lang='grc' dir='ltr'>ὡς</span> <span class='ocrx_word' id='word_1_313' title='bbox 1510 2762 1662 2818; x_wconf 79' lang='grc' dir='ltr'>οὐδὲν</span> <span class='ocrx_word' id='word_1_314' title='bbox 1690 2759 1872 2834; x_wconf 84' lang='grc' dir='ltr'>ἧττον,</span> <span class='ocrx_word' id='word_1_315' title='bbox 1906 2763 1942 2834; x_wconf 80' lang='grc' dir='ltr'>ἢ</span> 
     </span>
    </p>
   </div>
   <div class='ocr_carea' id='block_1_44' title="bbox 369 2849 1940 2920">
    <p class='ocr_par' dir='ltr' id='par_1_44' title="bbox 369 2849 1940 2920">
     <span class='ocr_line' id='line_1_44' title="bbox 369 2849 1940 2920; baseline 0.004 -20"><span class='ocrx_word' id='word_1_316' title='bbox 369 2849 657 2920; x_wconf 79' lang='grc' dir='ltr'>πρότερον,</span> <span class='ocrx_word' id='word_1_317' title='bbox 692 2849 1151 2915; x_wconf 79' lang='grc' dir='ltr'>ξυνεπιλαϐέσθαι</span> <span class='ocrx_word' id='word_1_318' title='bbox 1199 2854 1249 2907; x_wconf 83' lang='lat' dir='ltr'><strong>oi</strong></span> <span class='ocrx_word' id='word_1_319' title='bbox 1286 2853 1384 2908; x_wconf 87' lang='grc' dir='ltr'><strong>τοῦ</strong></span> <span class='ocrx_word' id='word_1_320' title='bbox 1426 2853 1674 2908; x_wconf 79' lang='grc' dir='ltr'>κινδύνου</span> <span class='ocrx_word' id='word_1_321' title='bbox 1705 2855 1940 2917; x_wconf 72' lang='grc' dir='ltr'>ἱκέτευε,</span> 
     </span>
    </p>
   </div>
   <div class='ocr_carea' id='block_1_45' title="bbox 369 2941 1942 3018">
    <p class='ocr_par' dir='ltr' id='par_1_45' title="bbox 369 2941 1942 3018">
     <span class='ocr_line' id='line_1_45' title="bbox 369 2941 1942 3018; baseline 0.003 -24"><span class='ocrx_word' id='word_1_322' title='bbox 369 2943 464 2994; x_wconf 81' lang='grc' dir='ltr'>καὶ</span> <span class='ocrx_word' id='word_1_323' title='bbox 490 2941 654 2996; x_wconf 74' lang='grc' dir='ltr'>πάλιν</span> <span class='ocrx_word' id='word_1_324' title='bbox 683 2943 746 2996; x_wconf 84' lang='grc' dir='ltr'>τὸ</span> <span class='ocrx_word' id='word_1_325' title='bbox 771 2943 998 3014; x_wconf 89' lang='grc' dir='ltr'>Σίρμιον</span> <span class='ocrx_word' id='word_1_326' title='bbox 1028 2945 1126 2998; x_wconf 74' lang='grc' dir='ltr'>καὶ</span> <span class='ocrx_word' id='word_1_327' title='bbox 1157 2945 1258 3016; x_wconf 80' lang='grc' dir='ltr'>τὴν</span> <span class='ocrx_word' id='word_1_328' title='bbox 1297 2944 1434 3000; x_wconf 73' lang='grc' dir='ltr'>εἵσω</span> <span class='ocrx_word' id='word_1_329' title='bbox 1467 2947 1644 3018; x_wconf 83' lang='grc' dir='ltr'>Δράου</span> <span class='ocrx_word' id='word_1_330' title='bbox 1692 2947 1942 3014; x_wconf 81' lang='grc' dir='ltr'>ποταμοῦ</span> 
     </span>
    </p>
   </div>
   <div class='ocr_carea' id='block_1_46' title="bbox 371 3033 1941 3116">
    <p class='ocr_par' dir='ltr' id='par_1_46' title="bbox 371 3033 1941 3116">
     <span class='ocr_line' id='line_1_46' title="bbox 371 3033 1941 3116; baseline 0.002 -27"><span class='ocrx_word' id='word_1_331' title='bbox 371 3035 556 3108; x_wconf 89' lang='grc' dir='ltr'>χώραν</span> <span class='ocrx_word' id='word_1_332' title='bbox 569 3036 943 3107; x_wconf 72' lang='grc' dir='ltr'><strong>ἐπηγγέλλετο</strong></span> <span class='ocrx_word' id='word_1_333' title='bbox 960 3037 1180 3116; x_wconf 78' lang='grc' dir='ltr'>δώσειν,</span> <span class='ocrx_word' id='word_1_334' title='bbox 1209 3037 1373 3102; x_wconf 74' lang='grc' dir='ltr'>αἰδώς</span> <span class='ocrx_word' id='word_1_335' title='bbox 1396 3055 1455 3092; x_wconf 85' lang='grc' dir='ltr'><strong>τε</strong></span> <span class='ocrx_word' id='word_1_336' title='bbox 1479 3038 1644 3093; x_wconf 69' lang='grc' dir='ltr'>αὐτὸν</span> <span class='ocrx_word' id='word_1_337' title='bbox 1669 3039 1770 3092; x_wconf 87' lang='grc' dir='ltr'><strong>ούκ</strong></span> <span class='ocrx_word' id='word_1_338' title='bbox 1793 3033 1941 3108; x_wconf 76' lang='grc' dir='ltr'>εῖχεν</span> 
     </span>
    </p>
   </div>
   <div class='ocr_carea' id='block_1_47' title="bbox 365 3128 2010 3223">
    <p class='ocr_par' dir='ltr' id='par_1_47' title="bbox 365 3128 2010 3223">
     <span class='ocr_line' id='line_1_47' title="bbox 365 3128 2010 3223; baseline 0.001 -42"><span class='ocrx_word' id='word_1_339' title='bbox 365 3129 466 3200; x_wconf 71' lang='grc' dir='ltr'>ήδη</span> <span class='ocrx_word' id='word_1_340' title='bbox 505 3129 637 3200; x_wconf 71' lang='grc' dir='ltr'>περὶ</span> <span class='ocrx_word' id='word_1_341' title='bbox 684 3129 795 3183; x_wconf 86' lang='grc' dir='ltr'><strong>τῶν</strong></span> <span class='ocrx_word' id='word_1_342' title='bbox 825 3129 1006 3184; x_wconf 73' lang='grc' dir='ltr'>αὐτῶν</span> <span class='ocrx_word' id='word_1_343' title='bbox 1039 3129 1370 3200; x_wconf 82' lang='grc' dir='ltr'>ὁμωμοκότα</span> <span class='ocrx_word' id='word_1_344' title='bbox 1393 3128 1546 3196; x_wconf 75' lang='grc' dir='ltr'>ἅπαξ</span> <span class='ocrx_word' id='word_1_345' title='bbox 1594 3129 1692 3184; x_wconf 79' lang='grc' dir='ltr'>καὶ</span> <span class='ocrx_word' id='word_1_346' title='bbox 1715 3132 1826 3194; x_wconf 80' lang='grc' dir='ltr'>τοῖς</span> <span class='ocrx_word' id='word_1_347' title='bbox 1847 3130 1941 3200; x_wconf 68' lang='lat' dir='ltr'><strong>ap-</strong></span> <span class='ocrx_word' id='word_1_348' title='bbox 1967 3164 2010 3223; x_wconf 61' lang='grc' dir='ltr'>ε</span> 
     </span>
    </p>
   </div>
   <div class='ocr_carea' id='block_1_48' title="bbox 367 3225 1944 3298">
    <p class='ocr_par' dir='ltr' id='par_1_48' title="bbox 367 3225 1944 3298">
     <span class='ocr_line' id='line_1_48' title="bbox 367 3225 1944 3298; baseline 0.001 -19"><span class='ocrx_word' id='word_1_349' title='bbox 367 3241 485 3290; x_wconf 88' lang='grc' dir='ltr'>κοις</span> <span class='ocrx_word' id='word_1_350' title='bbox 510 3226 634 3296; x_wconf 78' lang='grc' dir='ltr'>οὐχὶ</span> <span class='ocrx_word' id='word_1_351' title='bbox 655 3227 1161 3298; x_wconf 79' lang='grc' dir='ltr'>ἐγκαρτερήσαντα.</span> <span class='ocrx_word' id='word_1_352' title='bbox 1191 3228 1284 3280; x_wconf 81' lang='grc' dir='ltr'><strong>Διὸ</strong></span> <span class='ocrx_word' id='word_1_353' title='bbox 1303 3226 1368 3298; x_wconf 86' lang='grc' dir='ltr'>δὴ</span> <span class='ocrx_word' id='word_1_354' title='bbox 1401 3227 1494 3281; x_wconf 78' lang='grc' dir='ltr'><strong>καὶ</strong></span> <span class='ocrx_word' id='word_1_355' title='bbox 1521 3225 1776 3297; x_wconf 76' lang='grc' dir='ltr'>βασιλεὺς</span> <span class='ocrx_word' id='word_1_356' title='bbox 1813 3227 1944 3281; x_wconf 88' lang='grc' dir='ltr'>Ἰου-</span> 
     </span>
    </p>
   </div>
   <div class='ocr_carea' id='block_1_49' title="bbox 371 3314 1946 3388">
    <p class='ocr_par' dir='ltr' id='par_1_49' title="bbox 371 3314 1946 3388">
     <span class='ocr_line' id='line_1_49' title="bbox 371 3314 1946 3388; baseline 0.001 -17"><span class='ocrx_word' id='word_1_357' title='bbox 371 3319 550 3380; x_wconf 77' lang='grc' dir='ltr'>στῖνος</span> <span class='ocrx_word' id='word_1_358' title='bbox 590 3314 652 3372; x_wconf 76' lang='grc' dir='ltr'>εὖ</span> <span class='ocrx_word' id='word_1_359' title='bbox 688 3316 847 3382; x_wconf 75' lang='grc' dir='ltr'>εἰδώς</span> <span class='ocrx_word' id='word_1_360' title='bbox 879 3316 1068 3371; x_wconf 72' lang='grc' dir='ltr'>τεκαὶ</span> <span class='ocrx_word' id='word_1_361' title='bbox 1092 3317 1532 3388; x_wconf 76' lang='grc' dir='ltr'>τεκμαιρόμενος</span> <span class='ocrx_word' id='word_1_362' title='bbox 1578 3319 1691 3381; x_wconf 74' lang='grc' dir='ltr'>τοῖς</span> <span class='ocrx_word' id='word_1_363' title='bbox 1735 3317 1946 3387; x_wconf 73' lang='grc' dir='ltr'>φθάσα-</span> 
     </span>
    </p>
   </div>
   <div class='ocr_carea' id='block_1_50' title="bbox 370 3405 1944 3478">
    <p class='ocr_par' dir='ltr' id='par_1_50' title="bbox 370 3405 1944 3478">
     <span class='ocr_line' id='line_1_50' title="bbox 370 3405 1944 3478; baseline -0.001 -16"><span class='ocrx_word' id='word_1_364' title='bbox 370 3425 478 3472; x_wconf 88' lang='grc' dir='ltr'>σιν,</span> <span class='ocrx_word' id='word_1_365' title='bbox 518 3407 597 3470; x_wconf 83' lang='grc' dir='ltr'><strong>ὡς</strong></span> <span class='ocrx_word' id='word_1_366' title='bbox 635 3407 989 3478; x_wconf 79' lang='grc' dir='ltr'>Κονιμούνδῳ</span> <span class='ocrx_word' id='word_1_367' title='bbox 1036 3407 1220 3461; x_wconf 72' lang='grc' dir='ltr'>ἔνεστι</span> <span class='ocrx_word' id='word_1_368' title='bbox 1268 3405 1508 3469; x_wconf 75' lang='grc' dir='ltr'>πίστεως</span> <span class='ocrx_word' id='word_1_369' title='bbox 1539 3405 1696 3460; x_wconf 86' lang='grc' dir='ltr'>ούδέν</span> <span class='ocrx_word' id='word_1_370' title='bbox 1739 3406 1944 3471; x_wconf 83' lang='grc' dir='ltr'>ὁτιοῦν,</span> 
     </span>
    </p>
   </div>
   <div class='ocr_carea' id='block_1_51' title="bbox 365 3495 1942 3568">
    <p class='ocr_par' dir='ltr' id='par_1_51' title="bbox 365 3495 1942 3568">
     <span class='ocr_line' id='line_1_51' title="bbox 365 3495 1942 3568; baseline -0.001 -16"><span class='ocrx_word' id='word_1_371' title='bbox 365 3498 668 3568; x_wconf 77' lang='grc' dir='ltr'>ἀνήνασθαι</span> <span class='ocrx_word' id='word_1_372' title='bbox 709 3497 808 3568; x_wconf 82' lang='grc' dir='ltr'>μὲν</span> <span class='ocrx_word' id='word_1_373' title='bbox 849 3497 911 3550; x_wconf 82' lang='grc' dir='ltr'><strong>ού</strong></span> <span class='ocrx_word' id='word_1_374' title='bbox 967 3515 1022 3550; x_wconf 88' lang='grc' dir='ltr'><strong>τι</strong></span> <span class='ocrx_word' id='word_1_375' title='bbox 1063 3495 1201 3568; x_wconf 75' lang='grc' dir='ltr'>ᾤετο</span> <span class='ocrx_word' id='word_1_376' title='bbox 1230 3497 1430 3568; x_wconf 80' lang='grc' dir='ltr'>χρῆναι</span> <span class='ocrx_word' id='word_1_377' title='bbox 1473 3497 1574 3566; x_wconf 80' lang='grc' dir='ltr'><strong>τὴν</strong></span> <span class='ocrx_word' id='word_1_378' title='bbox 1605 3497 1942 3567; x_wconf 83' lang='grc' dir='ltr'>ξυμμαχίαν,</span> 
     </span>
    </p>
   </div>
   <div class='ocr_carea' id='block_1_52' title="bbox 365 3588 1944 3664">
    <p class='ocr_par' dir='ltr' id='par_1_52' title="bbox 365 3588 1944 3664">
     <span class='ocr_line' id='line_1_52' title="bbox 365 3588 1944 3664; baseline -0.001 -20"><span class='ocrx_word' id='word_1_379' title='bbox 365 3591 604 3662; x_wconf 77' lang='grc' dir='ltr'>ἀναϐολῇ</span> <span class='ocrx_word' id='word_1_380' title='bbox 645 3589 705 3642; x_wconf 78' lang='grc' dir='ltr'><strong>δέ</strong></span> <span class='ocrx_word' id='word_1_381' title='bbox 745 3590 899 3660; x_wconf 82' lang='grc' dir='ltr'>ὅμως</span> <span class='ocrx_word' id='word_1_382' title='bbox 945 3589 1364 3664; x_wconf 79' lang='grc' dir='ltr'>παρεκρούσατο</span> <span class='ocrx_word' id='word_1_383' title='bbox 1392 3588 1486 3642; x_wconf 86' lang='grc' dir='ltr'><strong>τοῦ</strong></span> <span class='ocrx_word' id='word_1_384' title='bbox 1534 3589 1821 3660; x_wconf 86' lang='grc' dir='ltr'>Βαρϐάρου</span> <span class='ocrx_word' id='word_1_385' title='bbox 1843 3590 1944 3660; x_wconf 77' lang='grc' dir='ltr'><strong>τὴν</strong></span> 
     </span>
    </p>
   </div>
   <div class='ocr_carea' id='block_1_53' title="bbox 364 3678 1944 3752">
    <p class='ocr_par' dir='ltr' id='par_1_53' title="bbox 364 3678 1944 3752">
     <span class='ocr_line' id='line_1_53' title="bbox 364 3678 1944 3752; baseline -0.001 -18"><span class='ocrx_word' id='word_1_386' title='bbox 364 3683 615 3751; x_wconf 65' lang='grc' dir='ltr'>αττησιν·</span> <span class='ocrx_word' id='word_1_387' title='bbox 645 3680 751 3748; x_wconf 76' lang='grc' dir='ltr'>ἐφη</span> <span class='ocrx_word' id='word_1_388' title='bbox 786 3681 917 3752; x_wconf 82' lang='grc' dir='ltr'>γὰρ,</span> <span class='ocrx_word' id='word_1_389' title='bbox 952 3681 1032 3744; x_wconf 84' lang='grc' dir='ltr'><strong>ὡς</strong></span> <span class='ocrx_word' id='word_1_390' title='bbox 1075 3679 1504 3749; x_wconf 72' lang='grc' dir='ltr'>διεσκεδασμένοι</span> <span class='ocrx_word' id='word_1_391' title='bbox 1539 3678 1611 3732; x_wconf 83' lang='grc' dir='ltr'>τὰ</span> <span class='ocrx_word' id='word_1_392' title='bbox 1660 3679 1944 3749; x_wconf 75' lang='grc' dir='ltr'>Ῥωμαϊκὰ</span> 
     </span>
    </p>
   </div>
   <div class='ocr_carea' id='block_1_54' title="bbox 369 3766 1944 3845">
    <p class='ocr_par' dir='ltr' id='par_1_54' title="bbox 369 3766 1944 3845">
     <span class='ocr_line' id='line_1_54' title="bbox 369 3766 1944 3845; baseline 0 -19"><span class='ocrx_word' id='word_1_393' title='bbox 369 3775 607 3845; x_wconf 76' lang='grc' dir='ltr'>ὑπάρχει</span> <span class='ocrx_word' id='word_1_394' title='bbox 649 3773 1060 3844; x_wconf 85' lang='grc' dir='ltr'>στρατεύματα,</span> <span class='ocrx_word' id='word_1_395' title='bbox 1113 3773 1210 3840; x_wconf 78' lang='grc' dir='ltr'><strong>ξὺν</strong></span> <span class='ocrx_word' id='word_1_396' title='bbox 1255 3772 1461 3843; x_wconf 77' lang='grc' dir='ltr'>σπουδῇ</span> <span class='ocrx_word' id='word_1_397' title='bbox 1499 3771 1558 3824; x_wconf 75' lang='grc' dir='ltr'>δὲ</span> <span class='ocrx_word' id='word_1_398' title='bbox 1605 3769 1682 3834; x_wconf 81' lang='grc' dir='ltr'><strong>ὡς</strong></span> <span class='ocrx_word' id='word_1_399' title='bbox 1723 3766 1836 3824; x_wconf 75' lang='grc' dir='ltr'>οἷόν</span> <span class='ocrx_word' id='word_1_400' title='bbox 1883 3774 1944 3826; x_wconf 84' lang='grc' dir='ltr'>τέ</span> 
     </span>
    </p>
   </div>
   <div class='ocr_carea' id='block_1_55' title="bbox 367 3863 1945 3935">
    <p class='ocr_par' dir='ltr' id='par_1_55' title="bbox 367 3863 1945 3935">
     <span class='ocr_line' id='line_1_55' title="bbox 367 3863 1945 3935; baseline 0.001 -18"><span class='ocrx_word' id='word_1_401' title='bbox 367 3868 517 3920; x_wconf 82' lang='grc' dir='ltr'>ἐστιν</span> <span class='ocrx_word' id='word_1_402' title='bbox 551 3864 813 3935; x_wconf 82' lang='grc' dir='ltr'>ἀθροίσας</span> <span class='ocrx_word' id='word_1_403' title='bbox 857 3866 1059 3919; x_wconf 83' lang='grc' dir='ltr'>αὐτίκα</span> <span class='ocrx_word' id='word_1_404' title='bbox 1113 3863 1414 3935; x_wconf 69' lang='grc' dir='ltr'>ἐκπέμψω.</span> <span class='ocrx_word' id='word_1_405' title='bbox 1455 3865 1695 3933; x_wconf 77' lang='grc' dir='ltr'>’Δκήκοα</span> <span class='ocrx_word' id='word_1_406' title='bbox 1719 3863 1777 3917; x_wconf 82' lang='grc' dir='ltr'>δὲ</span> <span class='ocrx_word' id='word_1_407' title='bbox 1813 3865 1945 3935; x_wconf 72' lang='grc' dir='ltr'>περὶ</span> 
     </span>
    </p>
   </div>
   <div class='ocr_carea' id='block_1_56' title="bbox 368 3951 1944 4022">
    <p class='ocr_par' dir='ltr' id='par_1_56' title="bbox 368 3951 1944 4022">
     <span class='ocr_line' id='line_1_56' title="bbox 368 3951 1944 4022; baseline -0.001 -16"><span class='ocrx_word' id='word_1_408' title='bbox 368 3953 736 4022; x_wconf 77' lang='grc' dir='ltr'>Κονιμούνδου</span> <span class='ocrx_word' id='word_1_409' title='bbox 777 3954 872 4007; x_wconf 76' lang='grc' dir='ltr'>καὶ</span> <span class='ocrx_word' id='word_1_410' title='bbox 891 3953 1094 4017; x_wconf 79' lang='grc' dir='ltr'>τοιάδε,</span> <span class='ocrx_word' id='word_1_411' title='bbox 1121 3955 1250 4022; x_wconf 78' lang='grc' dir='ltr'>ἐμοὶ</span> <span class='ocrx_word' id='word_1_412' title='bbox 1279 3955 1336 4006; x_wconf 81' lang='grc' dir='ltr'>δὲ</span> <span class='ocrx_word' id='word_1_413' title='bbox 1365 3953 1427 4006; x_wconf 82' lang='grc' dir='ltr'>οὐ</span> <span class='ocrx_word' id='word_1_414' title='bbox 1458 3952 1629 4008; x_wconf 83' lang='grc' dir='ltr'>πιστά</span> <span class='ocrx_word' id='word_1_415' title='bbox 1647 3969 1661 3983; x_wconf 90' lang='grc'><strong>·</strong></span> <span class='ocrx_word' id='word_1_416' title='bbox 1689 3951 1811 4006; x_wconf 79' lang='grc' dir='ltr'>λίαν</span> <span class='ocrx_word' id='word_1_417' title='bbox 1835 3955 1944 4022; x_wconf 80' lang='grc' dir='ltr'>γὰρ</span> 
     </span>
    </p>
   </div>
   <div class='ocr_carea' id='block_1_57' title="bbox 366 4042 1943 4114">
    <p class='ocr_par' dir='ltr' id='par_1_57' title="bbox 366 4042 1943 4114">
     <span class='ocr_line' id='line_1_57' title="bbox 366 4042 1943 4114; baseline 0.003 -21"><span class='ocrx_word' id='word_1_418' title='bbox 366 4042 585 4104; x_wconf 73' lang='grc' dir='ltr'>ἀναιδὲς</span> <span class='ocrx_word' id='word_1_419' title='bbox 641 4042 864 4113; x_wconf 79' lang='grc' dir='ltr'>ὑπῆρχε</span> <span class='ocrx_word' id='word_1_420' title='bbox 907 4043 1001 4096; x_wconf 74' lang='grc' dir='ltr'><strong>τὸν</strong></span> <span class='ocrx_word' id='word_1_421' title='bbox 1070 4043 1605 4114; x_wconf 74' lang='grc' dir='ltr'>παρασπονδήσαντα</span> <span class='ocrx_word' id='word_1_422' title='bbox 1654 4043 1782 4110; x_wconf 77' lang='grc' dir='ltr'>περὶ</span> <span class='ocrx_word' id='word_1_423' title='bbox 1832 4042 1943 4097; x_wconf 79' lang='grc' dir='ltr'><strong>τῶν</strong></span> 
     </span>
    </p>
   </div>
   <div class='ocr_carea' id='block_1_58' title="bbox 368 4133 1944 4202">
    <p class='ocr_par' dir='ltr' id='par_1_58' title="bbox 368 4133 1944 4202">
     <span class='ocr_line' id='line_1_58' title="bbox 368 4133 1944 4202; baseline 0 -14"><span class='ocrx_word' id='word_1_424' title='bbox 368 4133 550 4188; x_wconf 69' lang='grc' dir='ltr'>αὐτῶν</span> <span class='ocrx_word' id='word_1_425' title='bbox 581 4133 789 4188; x_wconf 83' lang='grc' dir='ltr'>δεῖσθαι</span> <span class='ocrx_word' id='word_1_426' title='bbox 815 4133 912 4200; x_wconf 79' lang='grc' dir='ltr'>καὶ</span> <span class='ocrx_word' id='word_1_427' title='bbox 939 4134 1125 4188; x_wconf 77' lang='grc' dir='ltr'>πάλιν.</span> <span class='ocrx_word' id='word_1_428' title='bbox 1154 4135 1391 4202; x_wconf 75' lang='grc' dir='ltr'>Λέγεται</span> <span class='ocrx_word' id='word_1_429' title='bbox 1419 4135 1504 4201; x_wconf 77' lang='grc' dir='ltr'>δὲ,</span> <span class='ocrx_word' id='word_1_430' title='bbox 1521 4134 1597 4198; x_wconf 79' lang='grc' dir='ltr'><strong>ὡς</strong></span> <span class='ocrx_word' id='word_1_431' title='bbox 1620 4139 1715 4189; x_wconf 77' lang='grc' dir='ltr'>καὶ</span> <span class='ocrx_word' id='word_1_432' title='bbox 1727 4135 1776 4167; x_wconf 85' lang='grc'><strong>⁸³</strong></span> <span class='ocrx_word' id='word_1_433' title='bbox 1803 4135 1944 4202; x_wconf 82' lang='grc' dir='ltr'>Λογ-</span> 
     </span>
    </p>
   </div>
   <div class='ocr_carea' id='block_1_59' title="bbox 368 4224 1940 4298">
    <p class='ocr_par' dir='ltr' id='par_1_59' title="bbox 368 4224 1940 4298">
     <span class='ocr_line' id='line_1_59' title="bbox 368 4224 1940 4298; baseline 0.001 -20"><span class='ocrx_word' id='word_1_434' title='bbox 368 4224 619 4294; x_wconf 83' lang='grc' dir='ltr'>γίϐαρδοι</span> <span class='ocrx_word' id='word_1_435' title='bbox 679 4225 992 4297; x_wconf 80' lang='grc' dir='ltr'>τηνικαῦτα</span> <span class='ocrx_word' id='word_1_436' title='bbox 1039 4225 1486 4298; x_wconf 81' lang='grc' dir='ltr'>ἐπρεσϐεύσαντο</span> <span class='ocrx_word' id='word_1_437' title='bbox 1528 4227 1684 4297; x_wconf 83' lang='grc' dir='ltr'>παρὰ</span> <span class='ocrx_word' id='word_1_438' title='bbox 1718 4228 1940 4282; x_wconf 83' lang='grc' dir='ltr'>Ἰουστῑ·</span> 
     </span>
    </p>
   </div>
   <div class='ocr_carea' id='block_1_60' title="bbox 367 4315 1942 4387">
    <p class='ocr_par' dir='ltr' id='par_1_60' title="bbox 367 4315 1942 4387">
     <span class='ocr_line' id='line_1_60' title="bbox 367 4315 1942 4387; baseline 0 -17"><span class='ocrx_word' id='word_1_439' title='bbox 367 4319 515 4370; x_wconf 85' lang='grc' dir='ltr'>νον⁵⁸</span> <span class='ocrx_word' id='word_1_440' title='bbox 547 4318 641 4369; x_wconf 78' lang='grc' dir='ltr'>καὶ</span> <span class='ocrx_word' id='word_1_441' title='bbox 675 4318 759 4370; x_wconf 76' lang='grc' dir='ltr'>ὅτι</span> <span class='ocrx_word' id='word_1_442' title='bbox 789 4316 1070 4387; x_wconf 78' lang='grc' dir='ltr'>Γήπαιδας</span> <span class='ocrx_word' id='word_1_443' title='bbox 1084 4315 1132 4349; x_wconf 71' lang='grc'><strong>⁵⁸</strong></span> <span class='ocrx_word' id='word_1_444' title='bbox 1160 4317 1260 4387; x_wconf 74' lang='grc' dir='ltr'>τῆς</span> <span class='ocrx_word' id='word_1_445' title='bbox 1294 4316 1370 4382; x_wconf 83' lang='grc' dir='ltr'><strong>ώς</strong></span> <span class='ocrx_word' id='word_1_446' title='bbox 1416 4317 1724 4386; x_wconf 85' lang='grc' dir='ltr'>Ῥωμαίους</span> <span class='ocrx_word' id='word_1_447' title='bbox 1771 4318 1942 4385; x_wconf 69' lang='grc' dir='ltr'>ἀγνω-</span> 
     </span>
    </p>
   </div>
   <div class='ocr_carea' id='block_1_61' title="bbox 371 4406 1940 4479">
    <p class='ocr_par' dir='ltr' id='par_1_61' title="bbox 371 4406 1940 4479">
     <span class='ocr_line' id='line_1_61' title="bbox 371 4406 1940 4479; baseline 0 -19"><span class='ocrx_word' id='word_1_448' title='bbox 371 4406 616 4477; x_wconf 82' lang='grc' dir='ltr'>μοσύνης</span> <span class='ocrx_word' id='word_1_449' title='bbox 643 4406 873 4462; x_wconf 76' lang='grc' dir='ltr'>πλείστα</span> <span class='ocrx_word' id='word_1_450' title='bbox 913 4407 1014 4474; x_wconf 83' lang='grc' dir='ltr'>ὅσα</span> <span class='ocrx_word' id='word_1_451' title='bbox 1044 4409 1549 4479; x_wconf 68' lang='grc' dir='ltr'>κατηγορήσαντες,</span> <span class='ocrx_word' id='word_1_452' title='bbox 1582 4406 1680 4478; x_wconf 82' lang='grc' dir='ltr'>τὴν</span> <span class='ocrx_word' id='word_1_453' title='bbox 1701 4409 1766 4461; x_wconf 79' lang='grc' dir='ltr'><strong>ἐκ</strong></span> <span class='ocrx_word' id='word_1_454' title='bbox 1807 4408 1940 4460; x_wconf 84' lang='grc' dir='ltr'><strong>Ῥω-</strong></span> 
     </span>
    </p>
   </div>
   <div class='ocr_carea' id='block_1_62' title="bbox 2050 1944 3638 2018">
    <p class='ocr_par' dir='ltr' id='par_1_62' title="bbox 2050 1944 3638 2018">
     <span class='ocr_line' id='line_1_62' title="bbox 2050 1944 3638 2018; baseline -0.001 -15"><span class='ocrx_word' id='word_1_455' title='bbox 2050 1948 2216 2004; x_wconf 90' lang='lat' dir='ltr'><strong>nolle.</strong></span> <span class='ocrx_word' id='word_1_456' title='bbox 2239 1947 2489 2018; x_wconf 88' lang='lat' dir='ltr'><strong>Cumque</strong></span> <span class='ocrx_word' id='word_1_457' title='bbox 2523 1962 2584 2004; x_wconf 85' lang='lat' dir='ltr'><strong>se</strong></span> <span class='ocrx_word' id='word_1_458' title='bbox 2605 1955 2892 2018; x_wconf 85' lang='lat' dir='ltr'><strong>precantes</strong></span> <span class='ocrx_word' id='word_1_459' title='bbox 2913 1945 3060 2001; x_wconf 88' lang='lat' dir='ltr'><strong>omni</strong></span> <span class='ocrx_word' id='word_1_460' title='bbox 3089 1944 3299 2001; x_wconf 80' lang='lat' dir='ltr'><strong>fraudis</strong></span> <span class='ocrx_word' id='word_1_461' title='bbox 3324 1959 3542 2016; x_wconf 77' lang='lat' dir='ltr'><strong>genere,</strong></span> <span class='ocrx_word' id='word_1_462' title='bbox 3578 1956 3638 2001; x_wconf 91' lang='lat' dir='ltr'><strong>ut</strong></span> 
     </span>
    </p>
   </div>
   <div class='ocr_carea' id='block_1_63' title="bbox 2048 2036 3638 2108">
    <p class='ocr_par' dir='ltr' id='par_1_63' title="bbox 2048 2036 3638 2108">
     <span class='ocr_line' id='line_1_63' title="bbox 2048 2036 3638 2108; baseline -0.001 -14"><span class='ocrx_word' id='word_1_463' title='bbox 2048 2039 2288 2094; x_wconf 79' lang='lat' dir='ltr'><strong>breviter</strong></span> <span class='ocrx_word' id='word_1_464' title='bbox 2337 2039 2537 2104; x_wconf 87' lang='lat' dir='ltr'><strong>dicam,</strong></span> <span class='ocrx_word' id='word_1_465' title='bbox 2583 2037 2972 2104; x_wconf 87' lang='lat' dir='ltr'><strong>concussisset,</strong></span> <span class='ocrx_word' id='word_1_466' title='bbox 3003 2036 3222 2092; x_wconf 90' lang='lat' dir='ltr'><strong>tandem</strong></span> <span class='ocrx_word' id='word_1_467' title='bbox 3260 2051 3454 2092; x_wconf 89' lang='lat' dir='ltr'><strong>eorum</strong></span> <span class='ocrx_word' id='word_1_468' title='bbox 3499 2040 3638 2108; x_wconf 87' lang='lat' dir='ltr'><strong>peti-</strong></span> 
     </span>
    </p>
   </div>
   <div class='ocr_carea' id='block_1_64' title="bbox 2048 2127 3634 2196">
    <p class='ocr_par' dir='ltr' id='par_1_64' title="bbox 2048 2127 3634 2196">
     <span class='ocr_line' id='line_1_64' title="bbox 2048 2127 3634 2196; baseline 0.001 -13"><span class='ocrx_word' id='word_1_469' title='bbox 2048 2129 2182 2184; x_wconf 88' lang='lat' dir='ltr'><strong>tioni</strong></span> <span class='ocrx_word' id='word_1_470' title='bbox 2228 2129 2476 2184; x_wconf 87' lang='lat' dir='ltr'><strong>assentiri</strong></span> <span class='ocrx_word' id='word_1_471' title='bbox 2514 2129 2822 2195; x_wconf 80' lang='lat' dir='ltr'><strong>videbatur,</strong></span> <span class='ocrx_word' id='word_1_472' title='bbox 2863 2129 2958 2185; x_wconf 88' lang='lat' dir='ltr'><strong>sed</strong></span> <span class='ocrx_word' id='word_1_473' title='bbox 3007 2142 3113 2183; x_wconf 90' lang='lat' dir='ltr'><strong>non</strong></span> <span class='ocrx_word' id='word_1_474' title='bbox 3159 2127 3262 2183; x_wconf 88' lang='lat' dir='ltr'><strong>alia</strong></span> <span class='ocrx_word' id='word_1_475' title='bbox 3301 2128 3634 2196; x_wconf 84' lang='lat' dir='ltr'><strong>conditione,</strong></span> 
     </span>
    </p>
   </div>
   <div class='ocr_carea' id='block_1_65' title="bbox 2046 2219 3638 2296">
    <p class='ocr_par' dir='ltr' id='par_1_65' title="bbox 2046 2219 3638 2296">
     <span class='ocr_line' id='line_1_65' title="bbox 2046 2219 3638 2296; baseline 0.003 -23"><span class='ocrx_word' id='word_1_476' title='bbox 2046 2233 2208 2288; x_wconf 88' lang='lat' dir='ltr'><strong>quam</strong></span> <span class='ocrx_word' id='word_1_477' title='bbox 2254 2219 2302 2274; x_wconf 88' lang='lat' dir='ltr'><strong>si</strong></span> <span class='ocrx_word' id='word_1_478' title='bbox 2333 2219 2604 2275; x_wconf 85' lang='lat' dir='ltr'><strong>decimam</strong></span> <span class='ocrx_word' id='word_1_479' title='bbox 2647 2230 2857 2291; x_wconf 87' lang='lat' dir='ltr'><strong>partem</strong></span> <span class='ocrx_word' id='word_1_480' title='bbox 2893 2221 3324 2290; x_wconf 85' lang='lat' dir='ltr'><strong>quadrupedum,</strong></span> <span class='ocrx_word' id='word_1_481' title='bbox 3356 2236 3476 2296; x_wconf 65' lang='lat' dir='ltr'><strong>quae</strong></span> <span class='ocrx_word' id='word_1_482' title='bbox 3507 2229 3638 2278; x_wconf 87' lang='lat' dir='ltr'><strong>tunc</strong></span> 
     </span>
    </p>
   </div>
   <div class='ocr_carea' id='block_1_66' title="bbox 2045 2307 3638 2379">
    <p class='ocr_par' dir='ltr' id='par_1_66' title="bbox 2045 2307 3638 2379">
     <span class='ocr_line' id='line_1_66' title="bbox 2045 2307 3638 2379; baseline 0.004 -18"><span class='ocrx_word' id='word_1_483' title='bbox 2045 2308 2304 2377; x_wconf 85' lang='lat' dir='ltr'><strong>temporis</strong></span> <span class='ocrx_word' id='word_1_484' title='bbox 2332 2309 2474 2378; x_wconf 84' lang='lat' dir='ltr'><strong>apud</strong></span> <span class='ocrx_word' id='word_1_485' title='bbox 2504 2307 2891 2379; x_wconf 88' lang='lat' dir='ltr'><strong>Longobardos</strong></span> <span class='ocrx_word' id='word_1_486' title='bbox 2922 2320 3132 2377; x_wconf 82' lang='lat' dir='ltr'><strong>essent,</strong></span> <span class='ocrx_word' id='word_1_487' title='bbox 3165 2310 3456 2368; x_wconf 79' lang='lat' dir='ltr'><strong>confestim</strong></span> <span class='ocrx_word' id='word_1_488' title='bbox 3493 2315 3638 2369; x_wconf 89' lang='lat' dir='ltr'><strong>acci-</strong></span> 
     </span>
    </p>
   </div>
   <div class='ocr_carea' id='block_1_67' title="bbox 2046 2398 3637 2468">
    <p class='ocr_par' dir='ltr' id='par_1_67' title="bbox 2046 2398 3637 2468">
     <span class='ocr_line' id='line_1_67' title="bbox 2046 2398 3637 2468; baseline 0.005 -16"><span class='ocrx_word' id='word_1_489' title='bbox 2046 2406 2233 2468; x_wconf 88' lang='lat' dir='ltr'><strong>peret;</strong></span> <span class='ocrx_word' id='word_1_490' title='bbox 2268 2398 2316 2454; x_wconf 86' lang='lat' dir='ltr'><strong>si</strong></span> <span class='ocrx_word' id='word_1_491' title='bbox 2345 2399 2654 2467; x_wconf 85' lang='lat' dir='ltr'><strong>superiores</strong></span> <span class='ocrx_word' id='word_1_492' title='bbox 2686 2403 3001 2465; x_wconf 64' lang='lat' dir='ltr'><strong>evaderent,</strong></span> <span class='ocrx_word' id='word_1_493' title='bbox 3036 2401 3319 2458; x_wconf 89' lang='lat' dir='ltr'><strong>dimidium</strong></span> <span class='ocrx_word' id='word_1_494' title='bbox 3353 2405 3637 2460; x_wconf 73' lang='lat' dir='ltr'><strong>manubia-</strong></span> 
     </span>
    </p>
   </div>
   <div class='ocr_carea' id='block_1_68' title="bbox 2044 2489 3638 2564">
    <p class='ocr_par' dir='ltr' id='par_1_68' title="bbox 2044 2489 3638 2564">
     <span class='ocr_line' id='line_1_68' title="bbox 2044 2489 3638 2564; baseline 0.003 -18"><span class='ocrx_word' id='word_1_495' title='bbox 2044 2506 2167 2546; x_wconf 88' lang='lat' dir='ltr'><strong>rum</strong></span> <span class='ocrx_word' id='word_1_496' title='bbox 2194 2500 2248 2546; x_wconf 86' lang='lat' dir='ltr'><strong>et</strong></span> <span class='ocrx_word' id='word_1_497' title='bbox 2271 2499 2382 2546; x_wconf 82' lang='lat' dir='ltr'><strong>tota</strong></span> <span class='ocrx_word' id='word_1_498' title='bbox 2400 2489 2727 2562; x_wconf 82' lang='lat' dir='ltr'><strong>Gepidarum</strong></span> <span class='ocrx_word' id='word_1_499' title='bbox 2751 2492 2900 2562; x_wconf 83' lang='lat' dir='ltr'><strong>regio</strong></span> <span class='ocrx_word' id='word_1_500' title='bbox 2920 2493 3040 2562; x_wconf 84' lang='lat' dir='ltr'><strong>ejus</strong></span> <span class='ocrx_word' id='word_1_501' title='bbox 3061 2492 3169 2563; x_wconf 88' lang='lat' dir='ltr'><strong>juri</strong></span> <span class='ocrx_word' id='word_1_502' title='bbox 3202 2495 3436 2550; x_wconf 88' lang='lat' dir='ltr'><strong>cederet.</strong></span> <span class='ocrx_word' id='word_1_503' title='bbox 3460 2497 3638 2564; x_wconf 77' lang='lat' dir='ltr'><strong>Atque</strong></span> 
     </span>
    </p>
   </div>
   <div class='ocr_carea' id='block_1_69' title="bbox 2046 2582 3637 2659">
    <p class='ocr_par' dir='ltr' id='par_1_69' title="bbox 2046 2582 3637 2659">
     <span class='ocr_line' id='line_1_69' title="bbox 2046 2582 3637 2659; baseline 0.003 -22"><span class='ocrx_word' id='word_1_504' title='bbox 2046 2582 2161 2637; x_wconf 59' lang='lat' dir='ltr'><strong>haec</strong></span> <span class='ocrx_word' id='word_1_505' title='bbox 2185 2597 2307 2637; x_wconf 91' lang='lat' dir='ltr'><strong>cum</strong></span> <span class='ocrx_word' id='word_1_506' title='bbox 2333 2583 2405 2637; x_wconf 87' lang='lat' dir='ltr'><strong>ita</strong></span> <span class='ocrx_word' id='word_1_507' title='bbox 2432 2590 2701 2638; x_wconf 90' lang='lat' dir='ltr'><strong>conventa</strong></span> <span class='ocrx_word' id='word_1_508' title='bbox 2727 2591 2930 2659; x_wconf 83' lang='lat' dir='ltr'><strong>essent,</strong></span> <span class='ocrx_word' id='word_1_509' title='bbox 2960 2583 3160 2638; x_wconf 86' lang='lat' dir='ltr'><strong>bellum</strong></span> <span class='ocrx_word' id='word_1_510' title='bbox 3188 2583 3392 2638; x_wconf 83' lang='lat' dir='ltr'><strong>inferre</strong></span> <span class='ocrx_word' id='word_1_511' title='bbox 3415 2583 3637 2654; x_wconf 82' lang='lat' dir='ltr'><strong>Gepidis</strong></span> 
     </span>
    </p>
   </div>
   <div class='ocr_carea' id='block_1_70' title="bbox 2045 2671 3633 2744">
    <p class='ocr_par' dir='ltr' id='par_1_70' title="bbox 2045 2671 3633 2744">
     <span class='ocr_line' id='line_1_70' title="bbox 2045 2671 3633 2744; baseline 0 -13"><span class='ocrx_word' id='word_1_512' title='bbox 2045 2674 2298 2744; x_wconf 85' lang='lat' dir='ltr'><strong>deinceps</strong></span> <span class='ocrx_word' id='word_1_513' title='bbox 2315 2675 2687 2730; x_wconf 86' lang='lat' dir='ltr'><strong>instituerunt.</strong></span> <span class='ocrx_word' id='word_1_514' title='bbox 2707 2674 2834 2742; x_wconf 79' lang='lat' dir='ltr'><strong>Qua:</strong></span> <span class='ocrx_word' id='word_1_515' title='bbox 2846 2674 2936 2729; x_wconf 89' lang='lat' dir='ltr'><strong>ubi</strong></span> <span class='ocrx_word' id='word_1_516' title='bbox 2952 2671 3326 2730; x_wconf 87' lang='lat' dir='ltr'><strong>Conimundus</strong></span> <span class='ocrx_word' id='word_1_517' title='bbox 3345 2675 3633 2744; x_wconf 80' lang='lat' dir='ltr'><strong>intellexit,</strong></span> 
     </span>
    </p>
   </div>
   <div class='ocr_carea' id='block_1_71' title="bbox 2051 2764 3636 2835">
    <p class='ocr_par' dir='ltr' id='par_1_71' title="bbox 2051 2764 3636 2835">
     <span class='ocr_line' id='line_1_71' title="bbox 2051 2764 3636 2835; baseline 0.003 -17"><span class='ocrx_word' id='word_1_518' title='bbox 2051 2764 2252 2820; x_wconf 87' lang='lat' dir='ltr'><strong>dicitur</strong></span> <span class='ocrx_word' id='word_1_519' title='bbox 2301 2766 2497 2821; x_wconf 84' lang='lat' dir='ltr'><strong>timore</strong></span> <span class='ocrx_word' id='word_1_520' title='bbox 2529 2765 2810 2835; x_wconf 86' lang='lat' dir='ltr'><strong>perculsus</strong></span> <span class='ocrx_word' id='word_1_521' title='bbox 2840 2765 3048 2835; x_wconf 83' lang='lat' dir='ltr'><strong>legatos</strong></span> <span class='ocrx_word' id='word_1_522' title='bbox 3077 2778 3295 2834; x_wconf 89' lang='lat' dir='ltr'><strong>quoque</strong></span> <span class='ocrx_word' id='word_1_523' title='bbox 3325 2765 3541 2822; x_wconf 88' lang='lat' dir='ltr'><strong>misisse</strong></span> <span class='ocrx_word' id='word_1_524' title='bbox 3568 2770 3636 2822; x_wconf 83' lang='lat' dir='ltr'><strong>ad</strong></span> 
     </span>
    </p>
   </div>
   <div class='ocr_carea' id='block_1_72' title="bbox 2043 2856 3636 2929">
    <p class='ocr_par' dir='ltr' id='par_1_72' title="bbox 2043 2856 3636 2929">
     <span class='ocr_line' id='line_1_72' title="bbox 2043 2856 3636 2929; baseline 0.001 -17"><span class='ocrx_word' id='word_1_525' title='bbox 2043 2856 2314 2913; x_wconf 78' lang='lat' dir='ltr'><strong>Justinum</strong></span> <span class='ocrx_word' id='word_1_526' title='bbox 2333 2858 2740 2929; x_wconf 85' lang='lat' dir='ltr'><strong>imperatorem,</strong></span> <span class='ocrx_word' id='word_1_527' title='bbox 2757 2867 2812 2914; x_wconf 90' lang='lat' dir='ltr'><strong>et</strong></span> <span class='ocrx_word' id='word_1_528' title='bbox 2827 2872 2948 2912; x_wconf 90' lang='lat' dir='ltr'><strong>eum</strong></span> <span class='ocrx_word' id='word_1_529' title='bbox 2971 2872 3092 2913; x_wconf 87' lang='lat' dir='ltr'><strong>esse</strong></span> <span class='ocrx_word' id='word_1_530' title='bbox 3107 2859 3433 2926; x_wconf 86' lang='lat' dir='ltr'><strong>obtestatus,</strong></span> <span class='ocrx_word' id='word_1_531' title='bbox 3451 2870 3510 2913; x_wconf 90' lang='lat' dir='ltr'><strong>ut</strong></span> <span class='ocrx_word' id='word_1_532' title='bbox 3531 2873 3636 2914; x_wconf 91' lang='lat' dir='ltr'><strong>non</strong></span> 
     </span>
    </p>
   </div>
   <div class='ocr_carea' id='block_1_73' title="bbox 2044 2948 3634 3020">
    <p class='ocr_par' dir='ltr' id='par_1_73' title="bbox 2044 2948 3634 3020">
     <span class='ocr_line' id='line_1_73' title="bbox 2044 2948 3634 3020; baseline 0 -17"><span class='ocrx_word' id='word_1_533' title='bbox 2044 2949 2247 3015; x_wconf 85' lang='lat' dir='ltr'><strong>minus,</strong></span> <span class='ocrx_word' id='word_1_534' title='bbox 2266 2963 2428 3019; x_wconf 86' lang='lat' dir='ltr'><strong>quam</strong></span> <span class='ocrx_word' id='word_1_535' title='bbox 2449 2959 2632 3016; x_wconf 90' lang='lat' dir='ltr'><strong>antea,</strong></span> <span class='ocrx_word' id='word_1_536' title='bbox 2665 2949 2721 3004; x_wconf 90' lang='lat' dir='ltr'><strong>in</strong></span> <span class='ocrx_word' id='word_1_537' title='bbox 2746 2956 2957 3020; x_wconf 89' lang='lat' dir='ltr'><strong>partem</strong></span> <span class='ocrx_word' id='word_1_538' title='bbox 2988 2948 3214 3020; x_wconf 73' lang='lat' dir='ltr'><strong>periculi</strong></span> <span class='ocrx_word' id='word_1_539' title='bbox 3239 2951 3469 3005; x_wconf 85' lang='lat' dir='ltr'><strong>veniret.</strong></span> <span class='ocrx_word' id='word_1_540' title='bbox 3496 2949 3634 3005; x_wconf 77' lang='lat' dir='ltr'><strong>Tum</strong></span> 
     </span>
    </p>
   </div>
   <div class='ocr_carea' id='block_1_74' title="bbox 2049 3039 3638 3111">
    <p class='ocr_par' dir='ltr' id='par_1_74' title="bbox 2049 3039 3638 3111">
     <span class='ocr_line' id='line_1_74' title="bbox 2049 3039 3638 3111; baseline 0.001 -17"><span class='ocrx_word' id='word_1_541' title='bbox 2049 3053 2262 3106; x_wconf 88' lang='lat' dir='ltr'><strong>rursus,</strong></span> <span class='ocrx_word' id='word_1_542' title='bbox 2297 3051 2357 3095; x_wconf 90' lang='lat' dir='ltr'><strong>se</strong></span> <span class='ocrx_word' id='word_1_543' title='bbox 2405 3039 2482 3094; x_wconf 91' lang='lat' dir='ltr'><strong>illi</strong></span> <span class='ocrx_word' id='word_1_544' title='bbox 2515 3039 2776 3096; x_wconf 86' lang='lat' dir='ltr'><strong>Sirmium</strong></span> <span class='ocrx_word' id='word_1_545' title='bbox 2809 3047 2865 3094; x_wconf 92' lang='lat' dir='ltr'><strong>et</strong></span> <span class='ocrx_word' id='word_1_546' title='bbox 2913 3053 3132 3095; x_wconf 88' lang='lat' dir='ltr'><strong>omnem</strong></span> <span class='ocrx_word' id='word_1_547' title='bbox 3173 3041 3471 3111; x_wconf 76' lang='lat' dir='ltr'><strong>regionem,</strong></span> <span class='ocrx_word' id='word_1_548' title='bbox 3515 3055 3638 3110; x_wconf 84' lang='lat' dir='ltr'><strong>quae</strong></span> 
     </span>
    </p>
   </div>
   <div class='ocr_carea' id='block_1_75' title="bbox 2043 3129 3637 3202">
    <p class='ocr_par' dir='ltr' id='par_1_75' title="bbox 2043 3129 3637 3202">
     <span class='ocr_line' id='line_1_75' title="bbox 2043 3129 3637 3202; baseline -0.001 -16"><span class='ocrx_word' id='word_1_549' title='bbox 2043 3131 2186 3186; x_wconf 87' lang='lat' dir='ltr'><strong>intra</strong></span> <span class='ocrx_word' id='word_1_550' title='bbox 2222 3129 2454 3186; x_wconf 82' lang='lat' dir='ltr'><strong>Dravum</strong></span> <span class='ocrx_word' id='word_1_551' title='bbox 2487 3131 2720 3187; x_wconf 78' lang='lat' dir='ltr'><strong>ﬂuvium</strong></span> <span class='ocrx_word' id='word_1_552' title='bbox 2760 3140 2865 3196; x_wconf 84' lang='lat' dir='ltr'><strong>est,</strong></span> <span class='ocrx_word' id='word_1_553' title='bbox 2897 3145 3284 3186; x_wconf 85' lang='lat' dir='ltr'><strong>concessurum</strong></span> <span class='ocrx_word' id='word_1_554' title='bbox 3321 3146 3447 3188; x_wconf 90' lang='lat' dir='ltr'><strong>esse</strong></span> <span class='ocrx_word' id='word_1_555' title='bbox 3477 3131 3637 3202; x_wconf 83' lang='lat' dir='ltr'><strong>polli-</strong></span> 
     </span>
    </p>
   </div>
   <div class='ocr_carea' id='block_1_76' title="bbox 2047 3220 3633 3293">
    <p class='ocr_par' dir='ltr' id='par_1_76' title="bbox 2047 3220 3633 3293">
     <span class='ocr_line' id='line_1_76' title="bbox 2047 3220 3633 3293; baseline -0.001 -15"><span class='ocrx_word' id='word_1_556' title='bbox 2047 3222 2189 3279; x_wconf 88' lang='lat' dir='ltr'><strong>citus</strong></span> <span class='ocrx_word' id='word_1_557' title='bbox 2207 3231 2309 3278; x_wconf 88' lang='lat' dir='ltr'><strong>est.</strong></span> <span class='ocrx_word' id='word_1_558' title='bbox 2345 3221 2530 3293; x_wconf 80' lang='lat' dir='ltr'><strong>Neque</strong></span> <span class='ocrx_word' id='word_1_559' title='bbox 2560 3222 2763 3291; x_wconf 88' lang='lat' dir='ltr'><strong>pudore</strong></span> <span class='ocrx_word' id='word_1_560' title='bbox 2781 3220 3144 3285; x_wconf 76' lang='lat' dir='ltr'><strong>afﬁciebatur,</strong></span> <span class='ocrx_word' id='word_1_561' title='bbox 3173 3223 3316 3291; x_wconf 89' lang='lat' dir='ltr'><strong>quod</strong></span> <span class='ocrx_word' id='word_1_562' title='bbox 3352 3223 3490 3276; x_wconf 86' lang='lat' dir='ltr'><strong>idem</strong></span> <span class='ocrx_word' id='word_1_563' title='bbox 3521 3223 3633 3292; x_wconf 80' lang='lat' dir='ltr'><strong>iam</strong></span> 
     </span>
    </p>
   </div>
   <div class='ocr_carea' id='block_1_77' title="bbox 2050 3311 3636 3384">
    <p class='ocr_par' dir='ltr' id='par_1_77' title="bbox 2050 3311 3636 3384">
     <span class='ocr_line' id='line_1_77' title="bbox 2050 3311 3636 3384; baseline 0.001 -17"><span class='ocrx_word' id='word_1_564' title='bbox 2050 3311 2219 3368; x_wconf 89' lang='lat' dir='ltr'><strong>semel</strong></span> <span class='ocrx_word' id='word_1_565' title='bbox 2249 3311 2509 3383; x_wconf 69' lang='lat' dir='ltr'><strong>iurasset,</strong></span> <span class='ocrx_word' id='word_1_566' title='bbox 2541 3327 2720 3381; x_wconf 87' lang='lat' dir='ltr'><strong>neque</strong></span> <span class='ocrx_word' id='word_1_567' title='bbox 2741 3311 3099 3382; x_wconf 78' lang='lat' dir='ltr'><strong>jurejurando</strong></span> <span class='ocrx_word' id='word_1_568' title='bbox 3129 3314 3392 3368; x_wconf 87' lang='lat' dir='ltr'><strong>stetisset.</strong></span> <span class='ocrx_word' id='word_1_569' title='bbox 3426 3313 3505 3367; x_wconf 85' lang='lat' dir='ltr'><strong>Ex</strong></span> <span class='ocrx_word' id='word_1_570' title='bbox 3527 3329 3636 3384; x_wconf 91' lang='lat' dir='ltr'><strong>quo</strong></span> 
     </span>
    </p>
   </div>
   <div class='ocr_carea' id='block_1_78' title="bbox 2047 3402 3633 3472">
    <p class='ocr_par' dir='ltr' id='par_1_78' title="bbox 2047 3402 3633 3472">
     <span class='ocr_line' id='line_1_78' title="bbox 2047 3402 3633 3472; baseline 0.001 -15"><span class='ocrx_word' id='word_1_571' title='bbox 2047 3416 2170 3458; x_wconf 84' lang='lat' dir='ltr'><strong>eum</strong></span> <span class='ocrx_word' id='word_1_572' title='bbox 2222 3404 2522 3472; x_wconf 85' lang='lat' dir='ltr'><strong>imperator</strong></span> <span class='ocrx_word' id='word_1_573' title='bbox 2566 3402 2904 3472; x_wconf 86' lang='lat' dir='ltr'><strong>perspiceret</strong></span> <span class='ocrx_word' id='word_1_574' title='bbox 2957 3411 3011 3457; x_wconf 89' lang='lat' dir='ltr'><strong>et</strong></span> <span class='ocrx_word' id='word_1_575' title='bbox 3053 3402 3353 3472; x_wconf 80' lang='lat' dir='ltr'><strong>conjiceret</strong></span> <span class='ocrx_word' id='word_1_576' title='bbox 3401 3417 3468 3458; x_wconf 88' lang='lat' dir='ltr'><strong>ex</strong></span> <span class='ocrx_word' id='word_1_577' title='bbox 3527 3403 3633 3471; x_wconf 82' lang='lat' dir='ltr'><strong>his,</strong></span> 
     </span>
    </p>
   </div>
   <div class='ocr_carea' id='block_1_79' title="bbox 2046 3495 3634 3566">
    <p class='ocr_par' dir='ltr' id='par_1_79' title="bbox 2046 3495 3634 3566">
     <span class='ocr_line' id='line_1_79' title="bbox 2046 3495 3634 3566; baseline 0.003 -16"><span class='ocrx_word' id='word_1_578' title='bbox 2046 3510 2168 3566; x_wconf 73' lang='lat' dir='ltr'><strong>quae</strong></span> <span class='ocrx_word' id='word_1_579' title='bbox 2193 3505 2512 3563; x_wconf 84' lang='lat' dir='ltr'><strong>evenerant,</strong></span> <span class='ocrx_word' id='word_1_580' title='bbox 2545 3495 2680 3552; x_wconf 84' lang='lat' dir='ltr'><strong>nihil</strong></span> <span class='ocrx_word' id='word_1_581' title='bbox 2711 3496 2891 3553; x_wconf 87' lang='lat' dir='ltr'><strong>inesse</strong></span> <span class='ocrx_word' id='word_1_582' title='bbox 2920 3496 3263 3553; x_wconf 89' lang='lat' dir='ltr'><strong>Conlmundo</strong></span> <span class='ocrx_word' id='word_1_583' title='bbox 3289 3498 3439 3562; x_wconf 81' lang='lat' dir='ltr'><strong>ﬁdei,</strong></span> <span class='ocrx_word' id='word_1_584' title='bbox 3471 3498 3634 3554; x_wconf 85' lang='lat' dir='ltr'><strong>mini-</strong></span> 
     </span>
    </p>
   </div>
   <div class='ocr_carea' id='block_1_80' title="bbox 2052 3583 3634 3655">
    <p class='ocr_par' dir='ltr' id='par_1_80' title="bbox 2052 3583 3634 3655">
     <span class='ocr_line' id='line_1_80' title="bbox 2052 3583 3634 3655; baseline 0.004 -17"><span class='ocrx_word' id='word_1_585' title='bbox 2052 3599 2138 3640; x_wconf 88' lang='lat' dir='ltr'><strong>me</strong></span> <span class='ocrx_word' id='word_1_586' title='bbox 2159 3583 2376 3652; x_wconf 86' lang='lat' dir='ltr'><strong>quidem</strong></span> <span class='ocrx_word' id='word_1_587' title='bbox 2412 3584 2488 3639; x_wconf 88' lang='lat' dir='ltr'><strong>illi</strong></span> <span class='ocrx_word' id='word_1_588' title='bbox 2513 3585 2887 3655; x_wconf 88' lang='lat' dir='ltr'><strong>denegandum</strong></span> <span class='ocrx_word' id='word_1_589' title='bbox 2922 3586 3202 3652; x_wconf 78' lang='lat' dir='ltr'><strong>auxilium,</strong></span> <span class='ocrx_word' id='word_1_590' title='bbox 3248 3588 3342 3642; x_wconf 90' lang='lat' dir='ltr'><strong>sed</strong></span> <span class='ocrx_word' id='word_1_591' title='bbox 3373 3587 3634 3644; x_wconf 86' lang='lat' dir='ltr'><strong>dilatione</strong></span> 
     </span>
    </p>
   </div>
   <div class='ocr_carea' id='block_1_81' title="bbox 2047 3676 3635 3748">
    <p class='ocr_par' dir='ltr' id='par_1_81' title="bbox 2047 3676 3635 3748">
     <span class='ocr_line' id='line_1_81' title="bbox 2047 3676 3635 3748; baseline 0.003 -17"><span class='ocrx_word' id='word_1_592' title='bbox 2047 3683 2104 3731; x_wconf 91' lang='lat' dir='ltr'><strong>et</strong></span> <span class='ocrx_word' id='word_1_593' title='bbox 2125 3677 2615 3745; x_wconf 85' lang='lat' dir='ltr'><strong>proerastinatione</strong></span> <span class='ocrx_word' id='word_1_594' title='bbox 2639 3676 2952 3746; x_wconf 85' lang='lat' dir='ltr'><strong>petitionem</strong></span> <span class='ocrx_word' id='word_1_595' title='bbox 2975 3678 3093 3748; x_wconf 82' lang='lat' dir='ltr'><strong>ejus</strong></span> <span class='ocrx_word' id='word_1_596' title='bbox 3119 3679 3418 3734; x_wconf 89' lang='lat' dir='ltr'><strong>ducendam</strong></span> <span class='ocrx_word' id='word_1_597' title='bbox 3443 3677 3635 3735; x_wconf 78' lang='lat' dir='ltr'><strong>existi-</strong></span> 
     </span>
    </p>
   </div>
   <div class='ocr_carea' id='block_1_82' title="bbox 2047 3766 3633 3840">
    <p class='ocr_par' dir='ltr' id='par_1_82' title="bbox 2047 3766 3633 3840">
     <span class='ocr_line' id='line_1_82' title="bbox 2047 3766 3633 3840; baseline 0.004 -19"><span class='ocrx_word' id='word_1_598' title='bbox 2047 3768 2235 3822; x_wconf 78' lang='lat' dir='ltr'><strong>mavit.</strong></span> <span class='ocrx_word' id='word_1_599' title='bbox 2281 3766 2579 3838; x_wconf 80' lang='lat' dir='ltr'><strong>Respondit</strong></span> <span class='ocrx_word' id='word_1_600' title='bbox 2606 3769 2774 3833; x_wconf 88' lang='lat' dir='ltr'><strong>enim,</strong></span> <span class='ocrx_word' id='word_1_601' title='bbox 2827 3781 2925 3837; x_wconf 90' lang='lat' dir='ltr'><strong>per</strong></span> <span class='ocrx_word' id='word_1_602' title='bbox 2957 3769 3136 3825; x_wconf 87' lang='lat' dir='ltr'><strong>varias</strong></span> <span class='ocrx_word' id='word_1_603' title='bbox 3192 3770 3501 3840; x_wconf 81' lang='lat' dir='ltr'><strong>provincias</strong></span> <span class='ocrx_word' id='word_1_604' title='bbox 3551 3772 3633 3827; x_wconf 88' lang='lat' dir='ltr'><strong>di-</strong></span> 
     </span>
    </p>
   </div>
   <div class='ocr_carea' id='block_1_83' title="bbox 2045 3857 3632 3926">
    <p class='ocr_par' dir='ltr' id='par_1_83' title="bbox 2045 3857 3632 3926">
     <span class='ocr_line' id='line_1_83' title="bbox 2045 3857 3632 3926; baseline 0.004 -13"><span class='ocrx_word' id='word_1_605' title='bbox 2045 3869 2262 3926; x_wconf 80' lang='lat' dir='ltr'><strong>spersos</strong></span> <span class='ocrx_word' id='word_1_606' title='bbox 2297 3874 2419 3915; x_wconf 82' lang='lat' dir='ltr'><strong>esse</strong></span> <span class='ocrx_word' id='word_1_607' title='bbox 2450 3857 2820 3915; x_wconf 82' lang='lat' dir='ltr'><strong>Romanorum</strong></span> <span class='ocrx_word' id='word_1_608' title='bbox 2854 3860 3125 3916; x_wconf 84' lang='lat' dir='ltr'><strong>exercitus</strong></span> <span class='ocrx_word' id='word_1_609' title='bbox 3161 3875 3324 3917; x_wconf 87' lang='lat' dir='ltr'><strong>:cum</strong></span> <span class='ocrx_word' id='word_1_610' title='bbox 3349 3862 3632 3919; x_wconf 86' lang='lat' dir='ltr'><strong>celeritate</strong></span> 
     </span>
    </p>
   </div>
   <div class='ocr_carea' id='block_1_84' title="bbox 2047 3947 3626 4025">
    <p class='ocr_par' dir='ltr' id='par_1_84' title="bbox 2047 3947 3626 4025">
     <span class='ocr_line' id='line_1_84' title="bbox 2047 3947 3626 4025; baseline 0.003 -20"><span class='ocrx_word' id='word_1_611' title='bbox 2047 3956 2102 4005; x_wconf 84' lang='lat' dir='ltr'><strong>et</strong></span> <span class='ocrx_word' id='word_1_612' title='bbox 2131 3947 2458 4006; x_wconf 77' lang='lat' dir='ltr'><strong>studioillos</strong></span> <span class='ocrx_word' id='word_1_613' title='bbox 2486 3959 2800 4008; x_wconf 87' lang='lat' dir='ltr'><strong>coacturum</strong></span> <span class='ocrx_word' id='word_1_614' title='bbox 2828 3960 2885 4007; x_wconf 90' lang='lat' dir='ltr'><strong>et</strong></span> <span class='ocrx_word' id='word_1_615' title='bbox 2935 3966 3097 4021; x_wconf 90' lang='lat' dir='ltr'><strong>quam</strong></span> <span class='ocrx_word' id='word_1_616' title='bbox 3128 3952 3392 4009; x_wconf 80' lang='lat' dir='ltr'><strong>citissime</strong></span> <span class='ocrx_word' id='word_1_617' title='bbox 3424 3969 3626 4025; x_wconf 90' lang='lat' dir='ltr'><strong>suppe-</strong></span> 
     </span>
    </p>
   </div>
   <div class='ocr_carea' id='block_1_85' title="bbox 2043 4040 3631 4114">
    <p class='ocr_par' dir='ltr' id='par_1_85' title="bbox 2043 4040 3631 4114">
     <span class='ocr_line' id='line_1_85' title="bbox 2043 4040 3631 4114; baseline 0.003 -18"><span class='ocrx_word' id='word_1_618' title='bbox 2043 4042 2152 4096; x_wconf 85' lang='lat' dir='ltr'><strong>tias</strong></span> <span class='ocrx_word' id='word_1_619' title='bbox 2199 4043 2517 4098; x_wconf 88' lang='lat' dir='ltr'><strong>missurum.</strong></span> <span class='ocrx_word' id='word_1_620' title='bbox 2563 4040 2690 4098; x_wconf 64' lang='lat' dir='ltr'><strong>Haec</strong></span> <span class='ocrx_word' id='word_1_621' title='bbox 2737 4057 2954 4114; x_wconf 82' lang='lat' dir='ltr'><strong>quoque</strong></span> <span class='ocrx_word' id='word_1_622' title='bbox 2989 4044 3120 4098; x_wconf 85' lang='lat' dir='ltr'><strong>mihi</strong></span> <span class='ocrx_word' id='word_1_623' title='bbox 3173 4045 3240 4100; x_wconf 91' lang='lat' dir='ltr'><strong>de</strong></span> <span class='ocrx_word' id='word_1_624' title='bbox 3288 4043 3631 4101; x_wconf 88' lang='lat' dir='ltr'><strong>Conimundo</strong></span> 
     </span>
    </p>
   </div>
   <div class='ocr_carea' id='block_1_86' title="bbox 2046 4130 3628 4191">
    <p class='ocr_par' dir='ltr' id='par_1_86' title="bbox 2046 4130 3628 4191">
     <span class='ocr_line' id='line_1_86' title="bbox 2046 4130 3628 4191; baseline 0.004 -7"><span class='ocrx_word' id='word_1_625' title='bbox 2046 4130 2227 4185; x_wconf 80' lang='lat' dir='ltr'><strong>audita</strong></span> <span class='ocrx_word' id='word_1_626' title='bbox 2256 4149 2274 4185; x_wconf 87' lang='lat'><strong>:</strong></span> <span class='ocrx_word' id='word_1_627' title='bbox 2313 4132 2409 4186; x_wconf 90' lang='lat' dir='ltr'><strong>sed</strong></span> <span class='ocrx_word' id='word_1_628' title='bbox 2439 4132 2663 4187; x_wconf 87' lang='lat' dir='ltr'><strong>minime</strong></span> <span class='ocrx_word' id='word_1_629' title='bbox 2688 4133 3002 4189; x_wconf 87' lang='lat' dir='ltr'><strong>verisimilia</strong></span> <span class='ocrx_word' id='word_1_630' title='bbox 3024 4135 3295 4191; x_wconf 88' lang='lat' dir='ltr'><strong>videntur.</strong></span> <span class='ocrx_word' id='word_1_631' title='bbox 3322 4133 3452 4190; x_wconf 76' lang='lat' dir='ltr'><strong>Mihi</strong></span> <span class='ocrx_word' id='word_1_632' title='bbox 3484 4136 3628 4191; x_wconf 88' lang='lat' dir='ltr'><strong>enim</strong></span> 
     </span>
    </p>
   </div>
   <div class='ocr_carea' id='block_1_87' title="bbox 2047 4221 3629 4295">
    <p class='ocr_par' dir='ltr' id='par_1_87' title="bbox 2047 4221 3629 4295">
     <span class='ocr_line' id='line_1_87' title="bbox 2047 4221 3629 4295; baseline 0.004 -20"><span class='ocrx_word' id='word_1_633' title='bbox 2047 4221 2181 4276; x_wconf 81' lang='lat' dir='ltr'><strong>satis</strong></span> <span class='ocrx_word' id='word_1_634' title='bbox 2213 4222 2497 4291; x_wconf 86' lang='lat' dir='ltr'><strong>impudens</strong></span> <span class='ocrx_word' id='word_1_635' title='bbox 2527 4224 2738 4278; x_wconf 85' lang='lat' dir='ltr'><strong>videtur</strong></span> <span class='ocrx_word' id='word_1_636' title='bbox 2768 4223 2835 4289; x_wconf 89' lang='lat' dir='ltr'><strong>is,</strong></span> <span class='ocrx_word' id='word_1_637' title='bbox 2871 4224 2963 4295; x_wconf 88' lang='lat' dir='ltr'><strong>qui</strong></span> <span class='ocrx_word' id='word_1_638' title='bbox 2999 4240 3122 4280; x_wconf 90' lang='lat' dir='ltr'><strong>cum</strong></span> <span class='ocrx_word' id='word_1_639' title='bbox 3167 4224 3372 4280; x_wconf 66' lang='lat' dir='ltr'><strong>hedera</strong></span> <span class='ocrx_word' id='word_1_640' title='bbox 3400 4227 3629 4295; x_wconf 86' lang='lat' dir='ltr'><strong>ruperit,</strong></span> 
     </span>
    </p>
   </div>
   <div class='ocr_carea' id='block_1_88' title="bbox 2043 4314 3633 4383">
    <p class='ocr_par' dir='ltr' id='par_1_88' title="bbox 2043 4314 3633 4383">
     <span class='ocr_line' id='line_1_88' title="bbox 2043 4314 3633 4383; baseline 0.004 -17"><span class='ocrx_word' id='word_1_641' title='bbox 2043 4314 2236 4368; x_wconf 81' lang='lat' dir='ltr'><strong>eadem</strong></span> <span class='ocrx_word' id='word_1_642' title='bbox 2281 4327 2472 4370; x_wconf 85' lang='lat' dir='ltr'><strong>rursus</strong></span> <span class='ocrx_word' id='word_1_643' title='bbox 2522 4314 2678 4383; x_wconf 86' lang='lat' dir='ltr'><strong>petit.</strong></span> <span class='ocrx_word' id='word_1_644' title='bbox 2729 4315 2936 4370; x_wconf 59' lang='lat' dir='ltr'><strong>Dimur</strong></span> <span class='ocrx_word' id='word_1_645' title='bbox 2961 4329 3114 4380; x_wconf 87' lang='lat' dir='ltr'><strong>vero,</strong></span> <span class='ocrx_word' id='word_1_646' title='bbox 3145 4329 3251 4370; x_wconf 87' lang='lat' dir='ltr'><strong>non</strong></span> <span class='ocrx_word' id='word_1_647' title='bbox 3304 4317 3476 4371; x_wconf 86' lang='lat' dir='ltr'><strong>solum</strong></span> <span class='ocrx_word' id='word_1_648' title='bbox 3503 4325 3633 4372; x_wconf 87' lang='lat' dir='ltr'><strong>tunc</strong></span> 
     </span>
    </p>
   </div>
   <div class='ocr_carea' id='block_1_89' title="bbox 2047 4402 3627 4476">
    <p class='ocr_par' dir='ltr' id='par_1_89' title="bbox 2047 4402 3627 4476">
     <span class='ocr_line' id='line_1_89' title="bbox 2047 4402 3627 4476; baseline 0.003 -18"><span class='ocrx_word' id='word_1_649' title='bbox 2047 4404 2308 4474; x_wconf 85' lang='lat' dir='ltr'><strong>temporis</strong></span> <span class='ocrx_word' id='word_1_650' title='bbox 2335 4402 2723 4475; x_wconf 78' lang='lat' dir='ltr'><strong>Langobardos</strong></span> <span class='ocrx_word' id='word_1_651' title='bbox 2755 4403 2965 4476; x_wconf 87' lang='lat' dir='ltr'><strong>legatos</strong></span> <span class='ocrx_word' id='word_1_652' title='bbox 2995 4406 3062 4461; x_wconf 90' lang='lat' dir='ltr'><strong>ad</strong></span> <span class='ocrx_word' id='word_1_653' title='bbox 3096 4404 3368 4462; x_wconf 77' lang='lat' dir='ltr'><strong>Justinum</strong></span> <span class='ocrx_word' id='word_1_654' title='bbox 3389 4407 3627 4472; x_wconf 87' lang='lat' dir='ltr'><strong>misisse,</strong></span> 
     </span>
    </p>
   </div>
   <div class='ocr_carea' id='block_1_90' title="bbox 366 4495 1963 4570">
    <p class='ocr_par' dir='ltr' id='par_1_90' title="bbox 366 4497 1943 4570">
     <span class='ocr_line' id='line_1_90' title="bbox 366 4497 1943 4570; baseline 0.002 -21"><span class='ocrx_word' id='word_1_655' title='bbox 366 4497 548 4566; x_wconf 80' lang='grc' dir='ltr'>μαίων</span> <span class='ocrx_word' id='word_1_656' title='bbox 603 4497 706 4568; x_wconf 78' lang='grc' dir='ltr'>μὲν</span> <span class='ocrx_word' id='word_1_657' title='bbox 759 4497 1072 4569; x_wconf 76' lang='grc' dir='ltr'>θηρώμενοι</span> <span class='ocrx_word' id='word_1_658' title='bbox 1126 4499 1446 4570; x_wconf 82' lang='grc' dir='ltr'>συμμαχίαν</span> <span class='ocrx_word' id='word_1_659' title='bbox 1503 4499 1709 4569; x_wconf 71' lang='grc' dir='ltr'>ηνυσαν</span> <span class='ocrx_word' id='word_1_660' title='bbox 1766 4497 1943 4565; x_wconf 77' lang='grc' dir='ltr'>οὐδὲν,</span> 
     </span>
    </p>
   </div>
   <div class='ocr_carea' id='block_1_91' title="bbox 2047 4495 3632 4570">
    <p class='ocr_par' dir='ltr' id='par_1_91' title="bbox 2049 4495 3632 4568">
     <span class='ocr_line' id='line_1_91' title="bbox 2049 4495 3632 4568; baseline 0.003 -18"><span class='ocrx_word' id='word_1_661' title='bbox 2049 4497 2145 4550; x_wconf 81' lang='lat' dir='ltr'><strong>sed</strong></span> <span class='ocrx_word' id='word_1_662' title='bbox 2169 4495 2361 4563; x_wconf 79' lang='lat' dir='ltr'><strong>quavis</strong></span> <span class='ocrx_word' id='word_1_663' title='bbox 2405 4496 2616 4551; x_wconf 82' lang='lat' dir='ltr'><strong>ratione</strong></span> <span class='ocrx_word' id='word_1_664' title='bbox 2650 4510 2744 4552; x_wconf 91' lang='lat' dir='ltr'><strong>eos</strong></span> <span class='ocrx_word' id='word_1_665' title='bbox 2791 4495 3028 4566; x_wconf 83' lang='lat' dir='ltr'><strong>chidas</strong></span> <span class='ocrx_word' id='word_1_666' title='bbox 3061 4497 3203 4568; x_wconf 87' lang='lat' dir='ltr'><strong>apud</strong></span> <span class='ocrx_word' id='word_1_667' title='bbox 3239 4496 3512 4554; x_wconf 81' lang='lat' dir='ltr'><strong>Romanos</strong></span> <span class='ocrx_word' id='word_1_668' title='bbox 3546 4499 3632 4555; x_wconf 88' lang='lat' dir='ltr'><strong>in-</strong></span> 
     </span>
    </p>
   </div>
   <div class='ocr_carea' id='block_1_92' title="bbox 367 4590 1952 4664">
    <p class='ocr_par' dir='ltr' id='par_1_92' title="bbox 367 4590 1952 4664">
     <span class='ocr_line' id='line_1_92' title="bbox 367 4590 1952 4664; baseline 0 -20"><span class='ocrx_word' id='word_1_669' title='bbox 367 4590 788 4660; x_wconf 69' lang='grc' dir='ltr'>κατεπράξαντο</span> <span class='ocrx_word' id='word_1_670' title='bbox 812 4591 869 4654; x_wconf 81' lang='grc' dir='ltr'>δὲ</span> <span class='ocrx_word' id='word_1_671' title='bbox 906 4593 1057 4662; x_wconf 83' lang='grc' dir='ltr'>ὅμως</span> <span class='ocrx_word' id='word_1_672' title='bbox 1087 4591 1229 4664; x_wconf 74' lang='grc' dir='ltr'>πρὸς</span> <span class='ocrx_word' id='word_1_673' title='bbox 1257 4591 1355 4644; x_wconf 86' lang='grc' dir='ltr'><strong>τοῦ</strong></span> <span class='ocrx_word' id='word_1_674' title='bbox 1379 4591 1646 4661; x_wconf 77' lang='grc' dir='ltr'>βασιλέως</span> <span class='ocrx_word' id='word_1_675' title='bbox 1671 4590 1807 4663; x_wconf 82' lang='grc' dir='ltr'>μηδὲ</span> <span class='ocrx_word' id='word_1_676' title='bbox 1835 4591 1952 4644; x_wconf 73' lang='grc' dir='ltr'>ἐτό-</span> 
     </span>
    </p>
   </div>
   <div class='ocr_carea' id='block_1_93' title="bbox 369 4681 1653 4753">
    <p class='ocr_par' dir='ltr' id='par_1_93' title="bbox 369 4681 1653 4753">
     <span class='ocr_line' id='line_1_93' title="bbox 369 4681 1653 4753; baseline 0.001 -19"><span class='ocrx_word' id='word_1_677' title='bbox 369 4696 496 4751; x_wconf 85' lang='grc' dir='ltr'>ρους</span> <span class='ocrx_word' id='word_1_678' title='bbox 531 4682 632 4753; x_wconf 80' lang='grc' dir='ltr'><strong>τῆς</strong></span> <span class='ocrx_word' id='word_1_679' title='bbox 670 4681 961 4751; x_wconf 76' lang='grc' dir='ltr'>Ῥωμαίων.</span> <span class='ocrx_word' id='word_1_680' title='bbox 983 4681 1292 4740; x_wconf 72' lang='grc' dir='ltr'>ἀπολαῦσαι</span> <span class='ocrx_word' id='word_1_681' title='bbox 1313 4684 1653 4752; x_wconf 80' lang='grc' dir='ltr'>ἐπικουρίας.</span> 
     </span>
    </p>
   </div>
   <div class='ocr_carea' id='block_1_94' title="bbox 441 4943 1941 5018">
    <p class='ocr_par' dir='ltr' id='par_1_94' title="bbox 441 4943 1941 5018">
     <span class='ocr_line' id='line_1_94' title="bbox 441 4943 1941 5018; baseline 0.001 -20"><span class='ocrx_word' id='word_1_682' title='bbox 441 4943 533 5015; x_wconf 86' lang='grc' dir='ltr'>ιγ’.</span> <span class='ocrx_word' id='word_1_683' title='bbox 567 4945 694 5000; x_wconf 78' lang='grc' dir='ltr'><strong>Ὀτι</strong></span> <span class='ocrx_word' id='word_1_684' title='bbox 727 4945 958 5011; x_wconf 62' lang='lat' dir='ltr'><strong>Batavo;</strong></span> <span class='ocrx_word' id='word_1_685' title='bbox 991 4946 1022 4998; x_wconf 83' lang='grc' dir='ltr'>ὁ</span> <span class='ocrx_word' id='word_1_686' title='bbox 1062 4945 1173 4999; x_wconf 82' lang='grc' dir='ltr'><strong>τῶν</strong></span> <span class='ocrx_word' id='word_1_687' title='bbox 1218 4944 1465 5016; x_wconf 86' lang='grc' dir='ltr'>’Δϐἀρων</span> <span class='ocrx_word' id='word_1_688' title='bbox 1511 4944 1835 5018; x_wconf 69' lang='grc' dir='ltr'>ἡγούμενος,</span> <span class='ocrx_word' id='word_1_689' title='bbox 1879 4948 1941 5000; x_wconf 81' lang='grc' dir='ltr'>ὲν</span> 
     </span>
    </p>
   </div>
   <div class='ocr_carea' id='block_1_95' title="bbox 366 5030 1935 5109">
    <p class='ocr_par' dir='ltr' id='par_1_95' title="bbox 366 5030 1935 5109">
     <span class='ocr_line' id='line_1_95' title="bbox 366 5030 1935 5109; baseline -0.01 -15"><span class='ocrx_word' id='word_1_690' title='bbox 366 5030 410 5106; x_wconf 80' lang='grc' dir='ltr'>ᾧ</span> <span class='ocrx_word' id='word_1_691' title='bbox 439 5038 622 5109; x_wconf 79' lang='grc' dir='ltr'>χρόνῳ</span> <span class='ocrx_word' id='word_1_692' title='bbox 661 5036 723 5089; x_wconf 81' lang='grc' dir='ltr'>τὸ</span> <span class='ocrx_word' id='word_1_693' title='bbox 777 5036 1004 5107; x_wconf 82' lang='grc' dir='ltr'>Σίρμισν</span> <span class='ocrx_word' id='word_1_694' title='bbox 1035 5036 1296 5107; x_wconf 72' lang='grc' dir='ltr'>ἠϐούλετο</span> <span class='ocrx_word' id='word_1_695' title='bbox 1339 5036 1746 5107; x_wconf 76' lang='grc' dir='ltr'>πολιορκήσειν,</span> <span class='ocrx_word' id='word_1_696' title='bbox 1774 5036 1935 5095; x_wconf 75' lang='grc' dir='ltr'>Βιςα-</span> 
     </span>
    </p>
   </div>
   <div class='ocr_carea' id='block_1_96' title="bbox 368 5124 1944 5203">
    <p class='ocr_par' dir='ltr' id='par_1_96' title="bbox 368 5124 1944 5203">
     <span class='ocr_line' id='line_1_96' title="bbox 368 5124 1944 5203; baseline -0.001 -21"><span class='ocrx_word' id='word_1_697' title='bbox 368 5129 550 5186; x_wconf 81' lang='grc' dir='ltr'>λιανόν</span> <span class='ocrx_word' id='word_1_698' title='bbox 586 5145 650 5183; x_wconf 85' lang='grc' dir='ltr'><strong>τε</strong></span> <span class='ocrx_word' id='word_1_699' title='bbox 691 5128 782 5184; x_wconf 81' lang='grc' dir='ltr'>τὸν</span> <span class='ocrx_word' id='word_1_700' title='bbox 831 5127 1078 5200; x_wconf 75' lang='grc' dir='ltr'>ἑρμηνέα</span> <span class='ocrx_word' id='word_1_701' title='bbox 1113 5128 1228 5188; x_wconf 63' lang='grc' dir='ltr'>,καὶ</span> <span class='ocrx_word' id='word_1_702' title='bbox 1262 5129 1509 5197; x_wconf 74' lang='grc' dir='ltr'>Κομιτᾶν</span> <span class='ocrx_word' id='word_1_703' title='bbox 1557 5124 1704 5197; x_wconf 76' lang='grc' dir='ltr'>εἶχεν</span> <span class='ocrx_word' id='word_1_704' title='bbox 1755 5129 1830 5203; x_wconf 75' lang='grc' dir='ltr'><strong>,ἐν</strong></span> <span class='ocrx_word' id='word_1_705' title='bbox 1859 5127 1944 5181; x_wconf 84' lang='grc' dir='ltr'>δε-</span> 
     </span>
    </p>
   </div>
   <div class='ocr_carea' id='block_1_97' title="bbox 372 5217 1944 5292">
    <p class='ocr_par' dir='ltr' id='par_1_97' title="bbox 372 5217 1944 5292">
     <span class='ocr_line' id='line_1_97' title="bbox 372 5217 1944 5292; baseline -0.001 -17"><span class='ocrx_word' id='word_1_706' title='bbox 372 5225 552 5292; x_wconf 82' lang='grc' dir='ltr'>σμοῖς.</span> <span class='ocrx_word' id='word_1_707' title='bbox 588 5223 790 5291; x_wconf 77' lang='grc' dir='ltr'><strong>Ἀμφω</strong></span> <span class='ocrx_word' id='word_1_708' title='bbox 832 5221 943 5292; x_wconf 81' lang='grc' dir='ltr'>γὰρ</span> <span class='ocrx_word' id='word_1_709' title='bbox 970 5217 1050 5274; x_wconf 85' lang='grc' dir='ltr'>τὼ</span> <span class='ocrx_word' id='word_1_710' title='bbox 1075 5220 1235 5292; x_wconf 76' lang='grc' dir='ltr'>ἄνδρε</span> <span class='ocrx_word' id='word_1_711' title='bbox 1263 5221 1441 5274; x_wconf 83' lang='grc' dir='ltr'>τούτω</span> <span class='ocrx_word' id='word_1_712' title='bbox 1478 5221 1816 5283; x_wconf 78' lang='grc' dir='ltr'>Ἱουστῖνος,ὁ</span> <span class='ocrx_word' id='word_1_713' title='bbox 1851 5220 1944 5289; x_wconf 84' lang='grc' dir='ltr'><strong>βα-</strong></span> 
     </span>
    </p>
   </div>
   <div class='ocr_carea' id='block_1_98' title="bbox 370 5310 1946 5383">
    <p class='ocr_par' dir='ltr' id='par_1_98' title="bbox 370 5310 1946 5383">
     <span class='ocr_line' id='line_1_98' title="bbox 370 5310 1946 5383; baseline 0.003 -19"><span class='ocrx_word' id='word_1_714' title='bbox 370 5311 551 5376; x_wconf 78' lang='grc' dir='ltr'>σιλεὺς</span> <span class='ocrx_word' id='word_1_715' title='bbox 580 5310 681 5382; x_wconf 64' lang='grc' dir='ltr'>ἠδη</span> <span class='ocrx_word' id='word_1_716' title='bbox 707 5310 922 5376; x_wconf 75' lang='grc' dir='ltr'>στείλας</span> <span class='ocrx_word' id='word_1_717' title='bbox 953 5311 1202 5383; x_wconf 78' lang='grc' dir='ltr'>ὑπῆρχεν</span> <span class='ocrx_word' id='word_1_718' title='bbox 1232 5311 1524 5376; x_wconf 64' lang='grc' dir='ltr'>ώςυαὺτδν,</span> <span class='ocrx_word' id='word_1_719' title='bbox 1562 5312 1884 5381; x_wconf 67' lang='grc' dir='ltr'>αἰτήσοντας</span> <span class='ocrx_word' id='word_1_720' title='bbox 1899 5312 1946 5346; x_wconf 83' lang='grc'><strong><em>³⁵⁵</em></strong></span> 
     </span>
    </p>
   </div>
   <div class='ocr_carea' id='block_1_99' title="bbox 2049 4587 3631 4663">
    <p class='ocr_par' dir='ltr' id='par_1_99' title="bbox 2049 4587 3631 4663">
     <span class='ocr_line' id='line_1_99' title="bbox 2049 4587 3631 4663; baseline 0.003 -20"><span class='ocrx_word' id='word_1_721' title='bbox 2049 4588 2188 4660; x_wconf 88' lang='lat' dir='ltr'><strong>grati</strong></span> <span class='ocrx_word' id='word_1_722' title='bbox 2213 4602 2346 4658; x_wconf 87' lang='lat' dir='ltr'><strong>erga</strong></span> <span class='ocrx_word' id='word_1_723' title='bbox 2377 4589 2497 4644; x_wconf 88' lang='lat' dir='ltr'><strong>illos</strong></span> <span class='ocrx_word' id='word_1_724' title='bbox 2537 4588 2706 4644; x_wconf 89' lang='lat' dir='ltr'><strong>animi</strong></span> <span class='ocrx_word' id='word_1_725' title='bbox 2736 4587 3080 4645; x_wconf 86' lang='lat' dir='ltr'><strong>insimulatus</strong></span> <span class='ocrx_word' id='word_1_726' title='bbox 3120 4603 3265 4656; x_wconf 88' lang='lat' dir='ltr'><strong>esse,</strong></span> <span class='ocrx_word' id='word_1_727' title='bbox 3303 4603 3414 4660; x_wconf 90' lang='lat' dir='ltr'><strong>quo</strong></span> <span class='ocrx_word' id='word_1_728' title='bbox 3456 4592 3631 4663; x_wconf 86' lang='lat' dir='ltr'><strong>magis</strong></span> 
     </span>
    </p>
   </div>
   <div class='ocr_carea' id='block_1_100' title="bbox 2046 4679 3628 4750">
    <p class='ocr_par' dir='ltr' id='par_1_100' title="bbox 2046 4679 3628 4750">
     <span class='ocr_line' id='line_1_100' title="bbox 2046 4679 3628 4750; baseline 0.003 -16"><span class='ocrx_word' id='word_1_729' title='bbox 2046 4680 2148 4749; x_wconf 86' lang='lat' dir='ltr'><strong>ipsi</strong></span> <span class='ocrx_word' id='word_1_730' title='bbox 2175 4679 2378 4734; x_wconf 85' lang='lat' dir='ltr'><strong>auxilio</strong></span> <span class='ocrx_word' id='word_1_731' title='bbox 2405 4679 2551 4749; x_wconf 82' lang='lat' dir='ltr'><strong>digni</strong></span> <span class='ocrx_word' id='word_1_732' title='bbox 2594 4679 2927 4744; x_wconf 80' lang='lat' dir='ltr'><strong>viderentur,</strong></span> <span class='ocrx_word' id='word_1_733' title='bbox 2971 4679 3065 4735; x_wconf 85' lang='lat' dir='ltr'><strong>sed</strong></span> <span class='ocrx_word' id='word_1_734' title='bbox 3101 4679 3236 4735; x_wconf 86' lang='lat' dir='ltr'><strong>nihil</strong></span> <span class='ocrx_word' id='word_1_735' title='bbox 3263 4679 3628 4750; x_wconf 76' lang='lat' dir='ltr'><strong>profecerunt.</strong></span> 
     </span>
    </p>
   </div>
   <div class='ocr_carea' id='block_1_101' title="bbox 2043 4767 3630 4840">
    <p class='ocr_par' dir='ltr' id='par_1_101' title="bbox 2043 4767 3630 4840">
     <span class='ocr_line' id='line_1_101' title="bbox 2043 4767 3630 4840; baseline 0.001 -14"><span class='ocrx_word' id='word_1_736' title='bbox 2043 4771 2166 4827; x_wconf 77' lang='grc' dir='ltr'><strong>ΙΙοο</strong></span> <span class='ocrx_word' id='word_1_737' title='bbox 2185 4781 2366 4827; x_wconf 87' lang='lat' dir='ltr'><strong>tamen</strong></span> <span class='ocrx_word' id='word_1_738' title='bbox 2395 4772 2462 4826; x_wconf 90' lang='lat' dir='ltr'><strong>ab</strong></span> <span class='ocrx_word' id='word_1_739' title='bbox 2499 4770 2830 4840; x_wconf 83' lang='lat' dir='ltr'><strong>imperatore</strong></span> <span class='ocrx_word' id='word_1_740' title='bbox 2863 4771 3143 4827; x_wconf 83' lang='lat' dir='ltr'><strong>consecuti</strong></span> <span class='ocrx_word' id='word_1_741' title='bbox 3171 4767 3318 4839; x_wconf 85' lang='lat' dir='ltr'><strong>sunt,</strong></span> <span class='ocrx_word' id='word_1_742' title='bbox 3345 4780 3408 4828; x_wconf 88' lang='lat' dir='ltr'><strong>ut</strong></span> <span class='ocrx_word' id='word_1_743' title='bbox 3437 4783 3630 4829; x_wconf 88' lang='lat' dir='ltr'><strong>neutra</strong></span> 
     </span>
    </p>
   </div>
   <div class='ocr_carea' id='block_1_102' title="bbox 2041 4855 3093 4934">
    <p class='ocr_par' dir='ltr' id='par_1_102' title="bbox 2041 4855 3093 4934">
     <span class='ocr_line' id='line_1_102' title="bbox 2041 4855 3093 4934; baseline -0.002 -16"><span class='ocrx_word' id='word_1_744' title='bbox 2041 4879 2176 4934; x_wconf 88' lang='lat' dir='ltr'><strong>gens</strong></span> <span class='ocrx_word' id='word_1_745' title='bbox 2203 4878 2232 4917; x_wconf 90' lang='lat' dir='ltr'><strong>a</strong></span> <span class='ocrx_word' id='word_1_746' title='bbox 2257 4855 2516 4918; x_wconf 75' lang='lat' dir='ltr'><strong>Romanis</strong></span> <span class='ocrx_word' id='word_1_747' title='bbox 2545 4861 2762 4917; x_wconf 78' lang='lat' dir='ltr'><strong>auxiliis</strong></span> <span class='ocrx_word' id='word_1_748' title='bbox 2788 4863 3093 4931; x_wconf 73' lang='lat' dir='ltr'><strong>iuvaretur.</strong></span> 
     </span>
    </p>
   </div>
   <div class='ocr_carea' id='block_1_103' title="bbox 2113 4949 3631 5025">
    <p class='ocr_par' dir='ltr' id='par_1_103' title="bbox 2113 4949 3631 5025">
     <span class='ocr_line' id='line_1_103' title="bbox 2113 4949 3631 5025; baseline 0.003 -19"><span class='ocrx_word' id='word_1_749' title='bbox 2113 4953 2210 5007; x_wconf 70' lang='grc' dir='ltr'>ιδ.</span> <span class='ocrx_word' id='word_1_750' title='bbox 2239 4951 2304 5023; x_wconf 81' lang='grc' dir='ltr'>(ι.</span> <span class='ocrx_word' id='word_1_751' title='bbox 2335 4951 2496 5007; x_wconf 57' lang='grc' dir='ltr'><strong>ιε.</strong></span> <span class='ocrx_word' id='word_1_752' title='bbox 2527 4950 2630 5007; x_wconf 80' lang='lat'><strong>568</strong></span> <span class='ocrx_word' id='word_1_753' title='bbox 2669 4951 2841 5006; x_wconf 81' lang='lat' dir='ltr'><strong>lnd.i</strong></span> <span class='ocrx_word' id='word_1_754' title='bbox 2882 4949 3076 5007; x_wconf 73' lang='lat' dir='ltr'><strong>Justini</strong></span> <span class='ocrx_word' id='word_1_755' title='bbox 3111 4951 3189 5024; x_wconf 77' lang='grc' dir='ltr'><strong>ι.)</strong></span> <span class='ocrx_word' id='word_1_756' title='bbox 3238 4951 3477 5024; x_wconf 74' lang='lat' dir='ltr'><strong>Baianus</strong></span> <span class='ocrx_word' id='word_1_757' title='bbox 3524 4969 3631 5025; x_wconf 91' lang='lat' dir='ltr'><strong>quo</strong></span> 
     </span>
    </p>
   </div>
   <div class='ocr_carea' id='block_1_104' title="bbox 2047 5040 3629 5112">
    <p class='ocr_par' dir='ltr' id='par_1_104' title="bbox 2047 5040 3629 5112">
     <span class='ocr_line' id='line_1_104' title="bbox 2047 5040 3629 5112; baseline 0.001 -16"><span class='ocrx_word' id='word_1_758' title='bbox 2047 5041 2382 5111; x_wconf 50' lang='lat' dir='ltr'><strong>tempore,“</strong></span> <span class='ocrx_word' id='word_1_759' title='bbox 2400 5040 2702 5096; x_wconf 82' lang='lat' dir='ltr'><strong>obsidendo</strong></span> <span class='ocrx_word' id='word_1_760' title='bbox 2735 5040 2936 5096; x_wconf 85' lang='lat' dir='ltr'><strong>Sirmio</strong></span> <span class='ocrx_word' id='word_1_761' title='bbox 2957 5041 3250 5112; x_wconf 84' lang='lat' dir='ltr'><strong>cogitabat,</strong></span> <span class='ocrx_word' id='word_1_762' title='bbox 3284 5043 3629 5098; x_wconf 69' lang='lat' dir='ltr'><strong>V‘italllanum</strong></span> 
     </span>
    </p>
   </div>
   <div class='ocr_carea' id='block_1_105' title="bbox 2050 5132 3624 5206">
    <p class='ocr_par' dir='ltr' id='par_1_105' title="bbox 2050 5132 3624 5206">
     <span class='ocr_line' id='line_1_105' title="bbox 2050 5132 3624 5206; baseline 0 -18"><span class='ocrx_word' id='word_1_763' title='bbox 2050 5132 2402 5202; x_wconf 76' lang='lat' dir='ltr'><strong>interpretem</strong></span> <span class='ocrx_word' id='word_1_764' title='bbox 2425 5139 2479 5188; x_wconf 90' lang='lat' dir='ltr'><strong>et</strong></span> <span class='ocrx_word' id='word_1_765' title='bbox 2507 5132 2757 5188; x_wconf 84' lang='lat' dir='ltr'><strong>Comitan</strong></span> <span class='ocrx_word' id='word_1_766' title='bbox 2775 5135 2834 5187; x_wconf 87' lang='lat' dir='ltr'><strong>in</strong></span> <span class='ocrx_word' id='word_1_767' title='bbox 2857 5133 3068 5188; x_wconf 86' lang='lat' dir='ltr'><strong>vincula</strong></span> <span class='ocrx_word' id='word_1_768' title='bbox 3096 5133 3346 5206; x_wconf 71' lang='lat' dir='ltr'><strong>coniecit.</strong></span> <span class='ocrx_word' id='word_1_769' title='bbox 3384 5133 3494 5190; x_wconf 76' lang='lat' dir='ltr'><strong>Hos</strong></span> <span class='ocrx_word' id='word_1_770' title='bbox 3523 5149 3624 5188; x_wconf 85' lang='lat' dir='ltr'><strong>au-</strong></span> 
     </span>
    </p>
   </div>
   <div class='ocr_carea' id='block_1_106' title="bbox 2053 5220 3626 5296">
    <p class='ocr_par' dir='ltr' id='par_1_106' title="bbox 2053 5220 3626 5296">
     <span class='ocr_line' id='line_1_106' title="bbox 2053 5220 3626 5296; baseline 0.001 -19"><span class='ocrx_word' id='word_1_771' title='bbox 2053 5231 2164 5278; x_wconf 86' lang='lat' dir='ltr'><strong>tem</strong></span> <span class='ocrx_word' id='word_1_772' title='bbox 2193 5223 2327 5277; x_wconf 78' lang='lat' dir='ltr'><strong>duos</strong></span> <span class='ocrx_word' id='word_1_773' title='bbox 2355 5222 2502 5277; x_wconf 82' lang='lat' dir='ltr'><strong>viros</strong></span> <span class='ocrx_word' id='word_1_774' title='bbox 2528 5220 2776 5278; x_wconf 71' lang='lat' dir='ltr'><strong>Justinus</strong></span> <span class='ocrx_word' id='word_1_775' title='bbox 2826 5224 3122 5296; x_wconf 85' lang='lat' dir='ltr'><strong>imperator</strong></span> <span class='ocrx_word' id='word_1_776' title='bbox 3150 5225 3348 5280; x_wconf 80' lang='lat' dir='ltr'><strong>dudum</strong></span> <span class='ocrx_word' id='word_1_777' title='bbox 3371 5224 3451 5278; x_wconf 84' lang='lat' dir='ltr'><strong>&#39;ad</strong></span> <span class='ocrx_word' id='word_1_778' title='bbox 3478 5222 3626 5278; x_wconf 86' lang='lat' dir='ltr'><strong>illum</strong></span> 
     </span>
    </p>
   </div>
   <div class='ocr_carea' id='block_1_107' title="bbox 2051 5313 3630 5389">
    <p class='ocr_par' dir='ltr' id='par_1_107' title="bbox 2051 5313 3630 5389">
     <span class='ocr_line' id='line_1_107' title="bbox 2051 5313 3630 5389; baseline 0 -19"><span class='ocrx_word' id='word_1_779' title='bbox 2051 5315 2302 5383; x_wconf 84' lang='lat' dir='ltr'><strong>miserat,</strong></span> <span class='ocrx_word' id='word_1_780' title='bbox 2337 5323 2401 5370; x_wconf 82' lang='lat' dir='ltr'><strong>ut</strong></span> <span class='ocrx_word' id='word_1_781' title='bbox 2441 5316 2644 5372; x_wconf 86' lang='lat' dir='ltr'><strong>aditum</strong></span> <span class='ocrx_word' id='word_1_782' title='bbox 2696 5318 2763 5374; x_wconf 91' lang='lat' dir='ltr'><strong>ad</strong></span> <span class='ocrx_word' id='word_1_783' title='bbox 2804 5317 3219 5389; x_wconf 75' lang='lat' dir='ltr'><strong>ooliequendum</strong></span> <span class='ocrx_word' id='word_1_784' title='bbox 3269 5329 3389 5372; x_wconf 88' lang='lat' dir='ltr'><strong>cum</strong></span> <span class='ocrx_word' id='word_1_785' title='bbox 3425 5313 3516 5388; x_wconf 86' lang='lat' dir='ltr'><strong>illo</strong></span> <span class='ocrx_word' id='word_1_786' title='bbox 3564 5317 3630 5370; x_wconf 85' lang='lat' dir='ltr'><strong>de</strong></span> 
     </span>
    </p>
   </div>
   <div class='ocr_carea' id='block_1_108' title="bbox 1645 5469 2363 5528">
    <p class='ocr_par' dir='ltr' id='par_1_108' title="bbox 1645 5469 2363 5528">
     <span class='ocr_line' id='line_1_108' title="bbox 1645 5469 2363 5528; baseline 0.004 -3"><span class='ocrx_word' id='word_1_787' title='bbox 1645 5469 1883 5525; x_wconf 67' lang='grc' dir='ltr'><strong>ῩΑΒΙΕ</strong></span> <span class='ocrx_word' id='word_1_788' title='bbox 1963 5470 2363 5528; x_wconf 83' lang='lat' dir='ltr'><strong>LECTIONES.</strong></span> 
     </span>
    </p>
   </div>
   <div class='ocr_carea' id='block_1_109' title="bbox 439 5581 3216 5712">
    <p class='ocr_par' dir='ltr' id='par_1_109' title="bbox 439 5581 3216 5712">
     <span class='ocr_line' id='line_1_109' title="bbox 439 5581 3216 5664; baseline 0.003 -29"><span class='ocrx_word' id='word_1_789' title='bbox 439 5581 488 5616; x_wconf 72' lang='grc'>⁸⁵</span> <span class='ocrx_word' id='word_1_790' title='bbox 519 5583 860 5654; x_wconf 74' lang='grc' dir='ltr'>εὐημεροῦσι</span> <span class='ocrx_word' id='word_1_791' title='bbox 888 5582 980 5648; x_wconf 66' lang='grc' dir='ltr'><strong>ιι,</strong></span> <span class='ocrx_word' id='word_1_792' title='bbox 1003 5581 1356 5654; x_wconf 80' lang='grc' dir='ltr'>εὑημεριοῦσί</span> <span class='ocrx_word' id='word_1_793' title='bbox 1383 5581 1529 5653; x_wconf 82' lang='lat' dir='ltr'><strong>vulg.</strong></span> <span class='ocrx_word' id='word_1_794' title='bbox 1604 5581 1651 5614; x_wconf 76' lang='lat'><strong>“</strong></span> <span class='ocrx_word' id='word_1_795' title='bbox 1671 5583 1926 5636; x_wconf 83' lang='grc' dir='ltr'>ἐλάσουσι</span> <span class='ocrx_word' id='word_1_796' title='bbox 1969 5582 2059 5650; x_wconf 65' lang='grc' dir='ltr'><strong>ιι,</strong></span> <span class='ocrx_word' id='word_1_797' title='bbox 2086 5584 2377 5641; x_wconf 77' lang='grc' dir='ltr'>ἐκλάϐουσι</span> <span class='ocrx_word' id='word_1_798' title='bbox 2411 5589 2557 5660; x_wconf 80' lang='lat' dir='ltr'><strong>vulg.</strong></span> <span class='ocrx_word' id='word_1_799' title='bbox 2631 5588 2677 5622; x_wconf 74' lang='grc'>⁸⁷</span> <span class='ocrx_word' id='word_1_800' title='bbox 2705 5591 3099 5664; x_wconf 82' lang='grc' dir='ltr'>Δογγοϐάρδων</span> <span class='ocrx_word' id='word_1_801' title='bbox 3128 5590 3216 5644; x_wconf 87' lang='lat' dir='ltr'><strong>vul</strong></span> 
     </span>
     <span class='ocr_line' id='line_1_110' title="bbox 441 5650 3200 5712; baseline 0.002 -6"><span class='ocrx_word' id='word_1_802' title='bbox 441 5654 646 5712; x_wconf 83' lang='grc' dir='ltr'>,αὑτὸν</span> <span class='ocrx_word' id='word_1_803' title='bbox 677 5655 834 5712; x_wconf 73' lang='lat' dir='ltr'><strong>.vulg.</strong></span> <span class='ocrx_word' id='word_1_804' title='bbox 943 5653 988 5685; x_wconf 66' lang='grc' dir='ltr'><strong>δ’</strong></span> <span class='ocrx_word' id='word_1_805' title='bbox 1026 5652 1220 5712; x_wconf 75' lang='grc' dir='ltr'>αὐτοὺς</span> <span class='ocrx_word' id='word_1_806' title='bbox 1274 5650 1366 5712; x_wconf 81' lang='grc' dir='ltr'><strong>Ν..</strong></span> <span class='ocrx_word' id='word_1_807' title='bbox 1422 5653 1559 5712; x_wconf 84' lang='grc' dir='ltr'><strong>αὺτῇ</strong></span> <span class='ocrx_word' id='word_1_808' title='bbox 1608 5653 1756 5712; x_wconf 75' lang='lat' dir='ltr'><strong>vulg.</strong></span> <span class='ocrx_word' id='word_1_809' title='bbox 1862 5654 1908 5686; x_wconf 83' lang='grc'><strong>⁸⁰</strong></span> <span class='ocrx_word' id='word_1_810' title='bbox 1933 5657 1982 5707; x_wconf 80' lang='grc' dir='ltr'><strong>εί</strong></span> <span class='ocrx_word' id='word_1_811' title='bbox 2020 5656 2147 5712; x_wconf 89' lang='lat' dir='ltr'><strong>add.</strong></span> <span class='ocrx_word' id='word_1_812' title='bbox 2191 5657 2257 5712; x_wconf 81' lang='grc' dir='ltr'>Ν.</span> <span class='ocrx_word' id='word_1_813' title='bbox 2361 5657 2402 5690; x_wconf 84' lang='grc'><strong>⁸¹</strong></span> <span class='ocrx_word' id='word_1_814' title='bbox 2456 5659 2706 5712; x_wconf 74' lang='grc' dir='ltr'>ἐπείθετο</span> <span class='ocrx_word' id='word_1_815' title='bbox 2765 5662 2910 5712; x_wconf 68' lang='lat' dir='ltr'><strong>vuln.</strong></span> <span class='ocrx_word' id='word_1_816' title='bbox 3023 5661 3069 5694; x_wconf 79' lang='lat'>&quot;</span> <span class='ocrx_word' id='word_1_817' title='bbox 3108 5661 3200 5712; x_wconf 76' lang='grc' dir='ltr'>καὶ</span> 
     </span>
    </p>
   </div>
   <div class='ocr_carea' id='block_1_110' title="bbox 1933 5671 2257 5714">
    <p class='ocr_par' dir='ltr' id='par_1_110' title="bbox 1933 5671 2257 5714">
     <span class='ocr_line' id='line_1_111' title="bbox 1933 5671 2257 5714; baseline 0.012 -8"><span class='ocrx_word' id='word_1_818' title='bbox 1933 5671 1982 5707; x_wconf 89' lang='grc' dir='ltr'><strong>ει</strong></span> <span class='ocrx_word' id='word_1_819' title='bbox 2020 5671 2147 5714; x_wconf 73' lang='lat' dir='ltr'><strong>add.</strong></span> <span class='ocrx_word' id='word_1_820' title='bbox 2191 5671 2257 5712; x_wconf 69' lang='lat' dir='ltr'><strong>1V.</strong></span> 
     </span>
    </p>
   </div>
   <div class='ocr_carea' id='block_1_111' title="bbox 372 5650 1756 5724">
    <p class='ocr_par' dir='ltr' id='par_1_111' title="bbox 372 5650 1756 5724">
     <span class='ocr_line' id='line_1_112' title="bbox 372 5650 1756 5724; baseline 0.002 -20"><span class='ocrx_word' id='word_1_821' title='bbox 372 5650 842 5724; x_wconf 58' lang='lat' dir='ltr'><strong>ii.,_a6169.vulg.</strong></span> <span class='ocrx_word' id='word_1_822' title='bbox 929 5653 988 5724; x_wconf 48' lang='grc' dir='ltr'><strong>ᾖ·</strong></span> <span class='ocrx_word' id='word_1_823' title='bbox 1026 5650 1220 5724; x_wconf 69' lang='grc' dir='ltr'>αὐτοῦς</span> <span class='ocrx_word' id='word_1_824' title='bbox 1274 5650 1366 5717; x_wconf 81' lang='grc' dir='ltr'>Ν.,</span> <span class='ocrx_word' id='word_1_825' title='bbox 1422 5650 1756 5724; x_wconf 33' lang='grc' dir='ltr'>αὺτῇρνιιις.</span> 
     </span>
    </p>
   </div>
   <div class='ocr_carea' id='block_1_112' title="bbox 3349 5587 3624 5652">
    <p class='ocr_par' dir='ltr' id='par_1_112' title="bbox 3349 5587 3624 5652">
     <span class='ocr_line' id='line_1_113' title="bbox 3349 5587 3624 5652; baseline 0 -11"><span class='ocrx_word' id='word_1_826' title='bbox 3349 5588 3395 5622; x_wconf 69' lang='grc'>⁸⁸</span> <span class='ocrx_word' id='word_1_827' title='bbox 3425 5587 3624 5652; x_wconf 78' lang='grc' dir='ltr'>αὐτοὺς</span> 
     </span>
    </p>
   </div>
   <div class='ocr_carea' id='block_1_113' title="bbox 2361 5607 3623 5733">
    <p class='ocr_par' dir='ltr' id='par_1_113' title="bbox 2361 5607 3623 5733">
     <span class='ocr_line' id='line_1_114' title="bbox 2361 5607 3623 5733; baseline 0.006 -24"><span class='ocrx_word' id='word_1_828' title='bbox 2361 5607 3314 5733; x_wconf 57' lang='grc' dir='ltr'><strong>εινὲἒὲέςοετολῖιτυῖἓῗαρθὶἳνκνα¹ἒ¹ῗὶ.,</strong></span> <span class='ocrx_word' id='word_1_829' title='bbox 3360 5607 3623 5730; x_wconf 55' lang='grc' dir='ltr'><strong>μηαὶῖξῖἒί</strong></span> 
     </span>
    </p>
   </div>
   <div class='ocr_carea' id='block_1_114' title="bbox 370 5717 2630 5801">
    <p class='ocr_par' dir='ltr' id='par_1_114' title="bbox 370 5717 2630 5801">
     <span class='ocr_line' id='line_1_115' title="bbox 370 5717 2630 5801; baseline 0.003 -25"><span class='ocrx_word' id='word_1_830' title='bbox 370 5723 418 5754; x_wconf 82' lang='grc'><strong>⁸³</strong></span> <span class='ocrx_word' id='word_1_831' title='bbox 463 5721 746 5778; x_wconf 85' lang='grc' dir='ltr'>Ἰουστῖνον</span> <span class='ocrx_word' id='word_1_832' title='bbox 787 5717 885 5791; x_wconf 59' lang='grc' dir='ltr'>Ν,</span> <span class='ocrx_word' id='word_1_833' title='bbox 927 5721 1216 5777; x_wconf 81' lang='grc' dir='ltr'>Ἰουστίνου</span> <span class='ocrx_word' id='word_1_834' title='bbox 1270 5725 1416 5795; x_wconf 85' lang='lat' dir='ltr'><strong>vulg.</strong></span> <span class='ocrx_word' id='word_1_835' title='bbox 1490 5717 1829 5793; x_wconf 63' lang='grc' dir='ltr'><strong>⁸⁸Τήπαῖδες</strong></span> <span class='ocrx_word' id='word_1_836' title='bbox 1862 5725 2007 5796; x_wconf 85' lang='lat' dir='ltr'><strong>vulg.</strong></span> <span class='ocrx_word' id='word_1_837' title='bbox 2032 5726 2091 5800; x_wconf 60' lang='lat' dir='ltr'><strong>f&#39;</strong></span> <span class='ocrx_word' id='word_1_838' title='bbox 2122 5730 2444 5799; x_wconf 74' lang='grc' dir='ltr'>αἰτήσαντες</span> <span class='ocrx_word' id='word_1_839' title='bbox 2486 5731 2630 5801; x_wconf 85' lang='lat' dir='ltr'><strong>vulg.</strong></span> 
     </span>
    </p>
   </div>
  </div>
