4076 6412
477 338 600 402 8'15

1375 333 1766 394 EX'CERPTA
1807 333 1908 391 EX
1948 326 2368 389 MENANDRO
2405 325 2896 387 PROTECTORE

3635 315 3739 381 816

491 450 816 520 quibusdam
852 447 1011 502 rebus
1063 455 1328 516 peterent.
1371 446 1421 499 Is
1454 456 1634 500 autem
1681 455 1860 498 eontra
1895 443 1975 497 ias
2013 450 2068 496 et

2180 439 2360 506 αὑτοῦ,
2405 439 2480 502 ὡς
2535 439 2600 492 ἂν
2640 438 2774 492 ἄττα
2825 433 3136 504 διαλεχθείη
3159 433 3205 466 ⁸⁸
3246 447 3307 502 γε
3344 429 3547 494 αὐτοῖς.
3594 429 3652 482 ’0
3683 431 3740 483 δὲ

495 552 780 595 commune
798 537 888 605 jus
913 538 1151 607 gentium
1183 551 1276 590 eos
1308 537 1359 590 in
1389 534 1618 588 vinculis
1643 534 1850 588 habuit.

569 711 657 764 14.
689 708 749 781 (f.
790 713 855 762 Α.
881 708 944 760 C.
967 707 1069 760 569
1098 706 1216 762 lml.
1251 705 1286 757 2
1326 703 1520 758 Justini
1551 702 1629 767 5.)
1679 702 1912 772 Bajanus
1943 711 2068 771 post

496 813 775 853 murorum
821 793 1269 866 oppugnationem
1321 793 1489 858 misit,
1525 793 1616 862 qui
1659 794 1724 846 de
1770 807 1901 862 pace
1941 807 2068 862 age-

500 898 638 944 rent.
678 887 834 956 112
883 883 1133 939 Nonnulli
1171 898 1236 938 ex
1271 883 1376 948 his,
1411 884 1501 953 qui
1537 883 1720 938 Sirmii
1770 893 1947 948 erant,
2001 883 2067 937 ad

498 993 768 1036 summum
824 975 1094 1045 fastigium
1147 974 1344 1042 balnei,
1373 975 1514 1044 quod
1566 973 1745 1045 populi
1797 975 1918 1029 usui
1951 981 2069 1030 erat

486 1070 850 1134 destinatum,
899 1069 964 1120 ad
1002 1066 1356 1135 speculamlos
1402 1065 1608 1134 hostes,
1656 1075 1716 1120 ut
1743 1067 1912 1121 moris
1962 1073 2063 1132 est,

496 1158 883 1215 ascenderunt.
916 1155 980 1210 Hi
1005 1171 1071 1211 ex
1095 1156 1314 1226 specula
1333 1155 1865 1226 jcircumspicientcs,
1895 1156 1941 1210 si
1962 1170 2068 1225 qua

486 1249 713 1304 barbari
741 1247 1082 1318 eruptionem
1122 1247 1386 1310 facerent,
1431 1246 1787 1300 adverterunt
1828 1245 2069 1300 Avarum

496 1343 737 1407 nuntios,
775 1341 864 1410 qui
905 1341 1017 1411 jam
1046 1355 1106 1395 se
1133 1342 1184 1394 in
1215 1340 1355 1394 viam
1395 1338 1681 1404 dederant,
1721 1351 1752 1392 e
1778 1337 2073 1408 longinquo

487 1449 590 1505 per
619 1437 722 1490 iter
761 1442 1036 1503 vagantes.
1094 1430 1202 1487 llos
1239 1445 1361 1487 cum
1410 1440 1561 1487 certo
1604 1429 1922 1500 dignoscere
1960 1445 2070 1485 non

495 1537 738 1598 possent,
782 1525 1043 1596 suspicati
1094 1534 1242 1591 sunt,
1274 1539 1396 1580 esse
1437 1524 1768 1582 ex.hostium
1804 1522 2069 1579 exercitu.

497 1622 686 1690 itaque
715 1617 859 1673 illico
885 1618 1038 1687 signo
1066 1618 1194 1671 dato
1234 1619 1526 1672 adventum
1561 1630 1748 1673 eorum
1775 1614 2072 1669 nuntiave-

495 1719 642 1766 runt.
691 1711 759 1764 At
793 1707 995 1770 Bonus,
1027 1721 1148 1760 cum
1183 1705 1256 1760 illi
1282 1705 1336 1760 in
1368 1704 1528 1760 dubio
1562 1704 1795 1760 haereret
1833 1703 2071 1766 animus,

2167 531 2321 601 παρὰ
2353 531 2444 582 τὸν
2478 529 2654 583 κοινδν
2689 528 2797 581 τῶν
2827 526 3112 598 πρέσϐεων
3156 522 3358 593 θεσμὸν
3405 518 3548 593 εἶχεν
3573 521 3745 576 ὲνδεο

2171 624 2351 691 σμοῖς.

2243 716 2325 770 ιδ’.
2361 714 2538 768 Ὄτιὸ
2565 710 2797 774 Βαῖανδς
2828 710 2966 782 μετὰ
3009 709 3110 781 τήν
3144 707 3499 779 τειχομαχίαν
3537 703 3747 758 στέλλει

2168 808 2323 871 τινὰς
2351 806 2499 877 ἀμφὶ
2523 805 2623 876 τῆς
2658 805 2885 874 εἰρήνης
2910 801 3456 871 διαλεχθησομένους.
3487 799 3659 850 Ἔνιοι
3691 796 3750 849 δὲ

2167 905 2276 957 τῶν
2297 905 2356 958 ἐν
2386 903 2596 973 Σιρμίῳ
2626 900 2728 955 ἀνὰ
2750 900 2812 953 τὸ
2833 899 3088 968 ἠλίϐατον
3111 895 3206 950 τοῦ
3232 895 3536 967 βαλανείου,
3567 892 3595 946 ὃ
3612 892 3752 960 δῆτα

2169 996 2248 1066 τῷ
2278 996 2434 1066 δήμῳ
2462 993 2757 1062 ἐτύγχανεν
2787 989 3097 1061 ἀνειμένον,
3133 987 3228 1041 ἐπὶ
3278 988 3606 1056 κατασκοπῇ
3638 985 3753 1038 τῶν

2171 1086 2448 1158 πολεμίων
2511 1083 2657 1138 κατὰ
2717 1082 2780 1136 τὺ
2833 1080 3064 1151 σύνηθες
3112 1078 3475 1143 ἐνιζάνοντες,
3541 1075 3639 1129 καὶ
3692 1075 3753 1127 ὲν

2170 1174 2403 1244 ἀπόπτῳ
2435 1170 2867 1241 καραδοκοῦντές
2888 1186 2950 1222 τε
2972 1167 3069 1221 καὶ
3095 1166 3363 1238 θεώμενοι
3395 1165 3451 1218 εῐ
3479 1182 3581 1218 που
3609 1164 3755 1234 ἐπή-

2168 1262 2322 1327 λυσις
2338 1264 2383 1295 ⁸⁷
2423 1261 2577 1316 ἔσται
2623 1257 2955 1330 βαρϐαρικὴ,
2986 1257 3063 1322 ὡς
3091 1257 3432 1327 κατενόησαν
3459 1256 3587 1319 τοὺς
3638 1255 3756 1308 τῶν

2185 1355 2430 1424 Ἀϐάρων
2468 1350 2906 1420 ἀγγελιαφόρους
2932 1349 3033 1421 ἤδη
3066 1348 3412 1420 προσιόντας,
3456 1345 3538 1417 τῷ
3583 1346 3753 1417 μήκει

2172 1446 2275 1516 τῆς
2312 1443 2562 1516 ἀτραποῦ
2612 1441 3089 1513 ἀποπλανηθέντες
3145 1440 3244 1492 καὶ
3277 1437 3431 1492 οὕπω
3477 1454 3758 1507 κατεγνω-

2174 1537 2333 1599 κότες
2369 1535 2431 1588 τὸ
2467 1533 2698 1604 ἀκριϐὲς
2724 1531 3079 1602 ὑπετόπησαν
3111 1525 3253 1584 εἶναι
3278 1529 3487 1600 πληθὺν
3529 1529 3756 1597 ’Δϐαρι-

2175 1628 2300 1699 κήν,
2335 1626 2614 1696 ὲδήλωσάν
2655 1641 2715 1678 τε
2751 1623 2971 1688 αὐτίκα,
2995 1623 3090 1676 καὶ
3122 1621 3183 1676 τὺ
3210 1623 3437 1692 σημεῖον
3480 1620 3754 1674 καθεῖλον.

2191 1718 2250 1771 '0
2291 1716 2350 1770 δὲ
2393 1715 2575 1779 Βῶνος
2626 1714 2764 1786 πρὸς
2812 1712 2974 1767 τοῦτο
3029 1712 3368 1784 δυσχεράνας
3420 1711 3760 1780 σαφέστερον

497 1818 557 1858 re
585 1801 898 1871 diligentius
921 1798 1226 1868 explorata,
1253 1798 1506 1867 cognovit
1530 1797 1790 1852 barbaros
1816 1809 1937 1850 esse
1952 1809 2076 1864 par-

2180 1809 2410 1863 ἑσπευσε
2440 1782 2783 1878 καταμαθεῖν
2813 1804 3067 1876 τάληθές.
3092 1782 3258 1868 Γνοὺς
3286 1803 3344 1857 δὲ
3373 1803 3588 1871 ὀλίγους
3612 1799 3758 1855 εἶναι

499 1909 567 1949 vo
597 1907 846 1956 numero,
878 1900 933 1947 et
964 1889 1113 1962 pacis
1131 1891 1470 1944 conditiones
1491 1904 1610 1944 esse
1633 1889 1860 1942 laturos.
1890 1885 2075 1957 itaque

498 1994 554 2041 et
596 1985 710 2054 ipse
741 1984 908 2050 misit,
948 1983 1038 2054 qui
1072 1991 1225 2038 extra
1278 1996 1461 2036 muros
1486 1995 1608 2036 cum
1644 1979 1750 2036 illis
1806 1977 2074 2048 colloquia

499 2084 767 2132 sererent.
815 2073 1185 2130 Decumbebat
1235 2074 1380 2128 enim
1412 2088 1476 2127 ex
1508 2062 1751 2136 vulnere,
1793 2085 1968 2140 neque
1999 2068 2074 2124 illi

498 2183 598 2240 per
623 2166 966 2222 Theodorum
1015 2166 1280 2222 medicum
1316 2163 1514 2220 licebat
1570 2163 1815 2219 hostibus
1860 2162 2073 2217 obviam

396 2287 399 2290 -
501 2263 600 2316 ire.
636 2259 820 2329 Neque
865 2274 994 2314 vero
1021 2259 1205 2314 hostes
1245 2273 1366 2314 eum
1397 2255 1734 2312 vulneratum
1767 2269 1891 2311 esse
1931 2253 2074 2308 scire

499 2353 896 2424 suspicabatur.
955 2350 1086 2404 Nam
1124 2351 1170 2405 si
1211 2349 1264 2403 id
1300 2348 1610 2413 rescissent,
1661 2353 1772 2400 tum
1814 2359 1921 2401 non
1956 2360 2073 2400 am-

503 2445 644 2512 plius
676 2443 754 2497 illi
795 2441 1070 2497 latendum
1101 2454 1221 2496 esse
1261 2439 1419 2504 dixit,
1447 2452 1516 2494 ne
1557 2437 1916 2507 suspicionem
1949 2433 2076 2507 inji-

498 2545 671 2600 ceret,
697 2535 886 2591 ducem
921 2549 952 2589 e
986 2533 1123 2590 vivis
1163 2531 1487 2589 excessisse.
1519 2529 1624 2586 Sed
1665 2529 1850 2586 hostes
1881 2528 1971 2585 ubi
2009 2528 2076 2583 vi-

499 2632 700 2684 derunt
728 2627 887 2693 alios,
913 2628 1005 2696 qui
1028 2627 1096 2682 de
1123 2640 1256 2696 pace
1288 2625 1678 2695 disceptarent,
1705 2621 1907 2688 venire,
1951 2635 2075 2676 sus-

481 2720 660 2789 .picati
682 2729 828 2785 sunt,
851 2718 1043 2773 ducem
1061 2717 1305 2786 periisse.
1331 2715 1516 2785 Itaque
1537 2713 1862 2783 colloquium
1890 2725 2074 2768 coram

480 2824 566 2864 ~eo
598 2808 716 2864 ﬁeri
767 2806 903 2862 velle
948 2807 1224 2886 dixerunt.
1253 2803 1406 2859 Tunc
1436 2803 1776 2868 Theodorus,
1804 2803 1897 2872 qui
1930 2801 2076 2871 quod

484 2900 636 2954 utile
662 2899 821 2962 foret,
852 2897 1121 2966 praecipue
1153 2896 1454 2965 spectabat,
1490 2893 1624 2947 dixit
1659 2908 1765 2948 non
1795 2892 1907 2963 jam
1939 2900 2076 2946 tem-

475 3006 604 3061 mpus
636 2989 931 3058 postulare,
965 2997 1021 3041 ut
1040 2987 1146 3042 dux
1170 2986 1311 3042 domi
1339 2984 1392 3040 in
1420 2984 1635 3040 occulto
1661 2997 1720 3040 se
1753 2983 2074 3047 contineret,

2175 1901 2300 1963 τοὺς
2344 1898 2611 1968 Ἀϐάρους
2649 1897 2744 1951 καὶ
2774 1896 3060 1968 βούλεσθαί
3099 1897 3149 1950 oi
3183 1893 3758 1967 ἐπικηρυκεύσασθαι,

2176 1989 2457 2060 ἐξέπεμψε
2487 1990 2584 2042 καὶ
2623 1987 2787 2052 αὐτὸς
2819 1989 2946 2052 τοὺς
2973 1988 3372 2058 ποιησομένους
3403 1986 3504 2049 τὰς
3541 1985 3756 2039 καταλο

2175 2081 2347 2149 λαγάς
2380 2081 2439 2144 ἐς
2482 2080 2551 2134 τὰ
2601 2078 2710 2146 ἔξω
2753 2078 2850 2134 τοῦ
2883 2079 3117 2149 τείχους.
3155 2080 3278 2132 Ἔτι
3307 2079 3417 2150 γὰρ
3455 2079 3519 2131 ὲκ
3547 2076 3639 2130 τοῦ
3667 2077 3760 2130 έλ-

2177 2190 2306 2236 κους
2356 2170 2686 2241 περιώδυνος
2733 2165 2822 2242 ἦν,
2867 2170 3022 2244 καὶὸ
3063 2169 3340 2240 Θεόδωρος
3364 2170 3392 2222 6
3427 2168 3607 2238 ἰατρὸς
3657 2168 3760 2221 οὐκ

2175 2265 2263 2318 εῐα
2291 2263 2383 2317 τὸν
2414 2262 2776 2334 στρατίαρχον
2823 2263 2880 2314 ὲν
2927 2260 3149 2331 φανερῷ
3175 2260 3424 2329 γίνεσθαι
3458 2261 3569 2322 τοῖς
3597 2261 3758 2311 ἐναν-

2175 2358 2331 2420 τίοις.
2364 2355 2523 2418 Εἰκὸς
2575 2357 2684 2425 γάρ
2726 2353 2860 2424 μηδὲ
2894 2353 3102 2422 ἔφασκε
3119 2352 3165 2384 ⁵⁸
3201 2351 3329 2414 τοὺς
3367 2348 3652 2418 πολεμίους
3680 2347 3760 2408 ὡς

2176 2447 2403 2518 ἐϐλήθη.
2435 2444 2498 2500 Ei
2525 2445 2585 2498 δὲ
2625 2442 2786 2497 τοῦτο
2827 2441 3130 2513 κατάδηλον
3175 2440 3326 2493 ἔσται
3371 2438 3575 2504 αὐτοῖς,
3632 2437 3760 2490 τότε

2176 2539 2392 2608 ἀνάγκη
2426 2536 2500 2608 μὴ
2532 2535 2926 2607 ὑποκρύπτειν,
2961 2533 3037 2597 ὡς
3076 2533 3144 2587 ἂν
3173 2531 3248 2604 μὴ
3278 2531 3503 2585 ὑπόνοια
3531 2527 3760 2600 γένηταί

2181 2647 2335 2697 σφισι
2363 2627 2458 2682 τοῦ
2495 2625 2931 2682 ἀποϐεϐιωκέναι
2969 2623 3160 2680 αὐτόν.
3201 2624 3268 2676 0i
3302 2623 3378 2687 δὲ,
3423 2621 3547 2674 ἐπεὶ
3573 2621 3757 2689 ἕτεροι

2179 2722 2310 2792 περὶ
2355 2720 2459 2791 τῆς
2505 2719 2731 2790 είρήνης
2759 2711 2944 2788 ’ἦλθον
2972 2713 3478 2786 διαλεχθησόμενοι,
3503 2712 3601 2765 καὶ
3632 2711 3760 2781 οὐχὶ

2180 2816 2370 2876 αὐτὸς,
2407 2812 2742 2882 ὑπενόησαν,
2791 2809 2869 2872 ὡς
2921 2808 3145 2882 διώλετο
3191 2807 3220 2860 6
3274 2805 3596 2877 στρατηγὸς,
3657 2803 3758 2856 καὶ

2180 2904 2330 2974 αὑτῷ
2362 2901 2570 2956 ἐθέλειν
2601 2878 2848 2970 *ἔφασκον
2887 2899 2945 2952 ὲν
2966 2878 3255 2968 ’συνουσίᾳ
3305 2894 3583 2965 γενέσθαι.
3616 2892 3756 2946 Τότε

2180 2997 2210 3050 6
2239 2995 2540 3065 Θεόδωρος,
2563 2993 2658 3047 τοῦ
2685 2991 3021 3055 συνοίσοντος
3047 2985 3106 3044 εὖ
3144 2989 3381 3061 μάλιστα
3415 2985 3759 3057 στοχασάμε-

505 3082 599 3138 sed
632 3081 836 3150 potius,
868 3086 926 3132 ut
957 3086 1108 3132 extra
1145 3076 1421 3130 civitatem
1449 3075 1714 3146 prodiret,
1745 3084 1800 3131 et
1830 3075 1883 3129 in
1918 3087 2077 3130 cons-

2184 3106 2300 3153 νος,
2325 3087 2526 3154 ἔλεξεν,
2559 3086 2634 3149 ὡς
2684 3084 2747 3138 τὺ
2785 3084 2973 3137 λοιπὸν
2998 3082 3060 3136 οὐ
3096 3081 3274 3154 χρεὼν
3307 3077 3760 3149 ἀποκρύπτεσθαι

480 3181 718 3242 .pectum
741 3169 1095 3225 barbarorum
1117 3168 1344 3224 veniret.
1365 3165 1549 3238 Itaque
1569 3166 1788 3222 vulnere
1809 3175 2081 3238 unguento

507 3261 668 3326 illito,
692 3258 886 3314 Bonus
909 3273 951 3314 .a
986 3257 1198 3312 medico
1230 3255 1485 3312 dimissus
1516 3271 1636 3310 cum
1667 3255 1914 3312 barbaris
1951 3271 2080 3311 con-

507 3353 671 3409 venit.
697 3351 848 3407 Tunc
870 3349 1031 3421 legati
1059 3361 1245 3404 mutuo
1272 3363 1544 3417 sermone,
1575 3348 1880 3418 hujusmodi
1901 3347 2080 3404 verbis

507 3453 633 3502 sunt
663 3445 794 3499 usi:
843 3460 861 3496 ι
908 3440 1438 3507 Avarum-dominus,
1473 3453 1506 3495 0
1535 3438 1786 3507 Romani,
1821 3439 1960 3508 apud
1989 3452 2082 3493 vos

507 3544 621 3592 tunc
645 3549 944 3606 proponere
957 3533 1123 3602 jussit
1147 3550 1162 3587 :
1188 3530 1268 3586 Ne
1294 3531 1370 3587 illi
1392 3531 1809 3596 succenseretis,
1827 3532 1873 3585 si
1892 3540 2078 3586 contra

508 3645 603 3686 vos
652 3629 848 3684 bellum
876 3625 1132 3695 suscepit.
1187 3623 1398 3698 Etenim
1428 3623 1642 3692 priores
1684 3622 1824 3678 bello
1861 3637 2080 3678 causam

504 3719 754 3776 dedistis.
785 3716 969 3772 Multis
996 3715 1278 3770 exhaustis
1321 3713 1596 3769 laboribus
1627 3721 1681 3768 et
1711 3728 1822 3769 non
1857 3712 2082 3769 minori-

495 3815 609 3868 ..hus
636 3811 890 3866 itinerum
933 3806 1338 3876 latigationibus
1367 3805 1610 3861 toleratis
1647 3805 1738 3860 vix
1780 3805 1964 3870 istam,
1994 3804 2082 3859 in-

506 3903 644 3972 quit,
676 3901 951 3970 regionem
981 3911 1252 3966 ceperam,
1285 3910 1408 3950 cum
1437 3895 1570 3950 mihi
1593 3894 1742 3971 illam
1767 3894 1820 3949 vi
1875 3894 2082 3967 eripui-1

492 3995 629 4050 stis.
663 3991 932 4046 Praeterea
964 3986 1322 4052 Usdebatum,
1349 3987 1440 4056 qui
1464 3987 1592 4058 jure
1613 3987 1948 4056 captivorum
1981 3985 2083 4044 do-

511 4083 680 4136 minio
702 4093 822 4134 meo
856 4085 1118 4142 cesserat,
1147 4075 1279 4130 mihi
1310 4084 1558 4146 ereptum
1585 4076 1852 4131 retinetis.
1885 4074 2080 4132 Multas

510 4185 725 4241 quoque
765 4169 899 4224 alias
932 4167 1544 4224 acerbas-contumelias
1571 4167 1624 4222 in
1651 4181 1736 4224 me
1765 4166 2082 4223 elluditim-

491 4269 728 4334 perator
752 4270 966 4331 vester,
1010 4273 1185 4329 neque
1219 4258 1478 4330 id,semel
1514 4266 1689 4342 atque.
1730 4258 1951 4326 iterum,
1989 4259 2084 4315 sed

509 4359 726 4426 saepius,
760 4367 935 4426 neque
958 4353 1250 4424 quidquam
1279 4367 1487 4420 eorum,
1523 4367 1643 4422 quae
1665 4352 1811 4424 justa
1845 4362 2002 4409 erant
2029 4361 2086 4408 et

2182 3180 2276 3234 τὸν
2313 3178 2640 3250 στρατηγὸν,
2679 3175 2880 3246 μᾶλλον
2911 3174 3013 3244 μὲν
3041 3171 3134 3227 οὖν
3176 3175 3234 3236 ές
3261 3171 3330 3225 τὰ
3360 3170 3465 3238 ἔξω
3497 3169 3633 3223 ἰέναι
3658 3168 3762 3236 τῆς

2183 3272 2394 3334 πόλεως
2430 3271 2522 3324 καὶ
2568 3270 2624 3332 ἐς
2667 3267 2789 3337 ὄψιν
2836 3265 3086 3335 γίνεσθαι
3133 3263 3244 3318 τῶν
3279 3261 3590 3334 βαρϐάρων.
3646 3257 3759 3312 Καὶ

2183 3363 2461 3435 φαρμάκῳ
2492 3363 2600 3415 τινὶ
2643 3359 2705 3414 τὸ
2734 3360 2893 3422 ἓλκος
2934 3357 3285 3429 περιστείλας
3315 3353 3540 3425 ἀφίησιν
3572 3351 3758 3407 αὐτόν.

2182 3457 2294 3510 Καὶ
2324 3455 2389 3526 δὴ
2413 3452 2694 3526 προελθὼν
2722 3453 2752 3505 6
2786 3451 2990 3516 Βῶνος,
3023 3448 3195 3520 ἀγχοῦ
3221 3466 3281 3502 τε
3320 3449 3430 3502 τῶν
3469 3445 3764 3519 βαρϐάρων

2181 3543 2495 3614 γενόμενος,
2539 3539 2717 3611 ἐφάνη
2751 3539 2930 3609 σφίσι.
2984 3539 3118 3593 Τότε
3171 3541 3221 3592 oi
3273 3537 3534 3610 πρέσϐεις
3578 3536 3761 3590 τοιάδε

2181 3635 2455 3706 ἀμοιϐαίῳ
2484 3633 2562 3705 τῷ
2602 3633 2744 3704 λόγῳ
2777 3632 3024 3703 ἔφασανο
3067 3650 3085 3682 ι
3109 3631 3295 3684 Ταῦτα
3338 3632 3490 3702 ἡμῖν,
3534 3622 3582 3683 ὧ
3628 3629 3766 3683 Ῥω-

2185 3727 2358 3796 μαῖοι,
2385 3723 2735 3793 διαλεχθῆναι
2771 3723 2909 3794 πρὸς
2957 3721 3102 3792 ὑμᾶς
3127 3722 3156 3775 ό
3185 3721 3293 3776 τῶν
3335 3720 3582 3792 ’Δϐάρων
3631 3721 3761 3773 ικέ·

2183 3815 2677 3887 λευσεγδεσπότηςο
2717 3815 2812 3884 Μή
2839 3832 2929 3884 μοι
2983 3813 3190 3885 μέμψιν
3241 3813 3366 3867 τινὰ
3416 3811 3760 3882 ποιήσασθαι

2185 3908 2422 3980 πόλεμον
2470 3907 2764 3979 ἀραμένην
2798 3907 2956 3975 ὑμεῖς
3003 3905 3115 3977 γὰρ
3159 3905 3366 3977 πρῶτοι
3420 3903 3520 3974 τήν
3574 3904 3763 3958 αίτίαν

2181 4001 2277 4055 τοῦ
2310 3999 2549 4070 πολέμου
2595 3999 2884 4053 δεδώκατε.
2918 3997 3142 4061 Πολλοῖς
3169 3999 3283 4070 γὰρ
3329 3997 3515 4061 πόνοις
3566 3995 3762 4067 ὁμιλή-

2184 4108 2307 4156 σας,
2338 4092 2432 4144 καὶ
2459 4090 2771 4160 ἀποδημίας
2801 4090 2908 4160 οὐχ
2929 4089 3134 4160 ἥκιστα
3175 4088 3574 4160 ποιησάμενος,
3604 4087 3762 4158 μόλις

2183 4183 2565 4253 ἐχειρωσάμην
2588 4180 2790 4252 ταύτην
2810 4180 2910 4250 τήν
2939 4179 3144 4250 χώραν,
3167 4179 3263 4234 καὶ
3288 4180 3448 4250 ὑμεῖς
3471 4179 3763 4248 ἀφείλεσθέ

2186 4291 2277 4346 μοι
2310 4274 2501 4344 βιαίως
2540 4273 2734 4343 αὐτήν.
2771 4271 2916 4342 Πρὸς
2963 4274 3076 4336 τοῖς
3125 4273 3220 4326 καὶ
3276 4271 3370 4325 τὸν
3418 4271 3763 4342 Οὐσδήϐαδον

2183 4365 2262 4437 τῷ
2289 4364 2400 4418 τῶν
2427 4353 2782 4437 δορυαλώτων
2806 4362 3079 4434 ἀνήκοντά
3112 4380 3203 4434 μοι
3227 4363 3377 4435 νόμῳ
3393 4363 3546 4433 ἔχετε
3563 4362 3762 4416 λαϐόν-

497 4439 753 4520 ὀξηυίιιιιὶ
802 4455 1188 4514 consentanea,
1230 4443 1424 4499 facere
1453 4445 1639 4500 voluit.
1679 4443 1866 4516 itaque
1913 4446 1957 4500 si
2005 4453 2077 4501 tot

2185 4475 2300 4522 τες.
2347 4457 2508 4511 Ἀλλά
2552 4457 2662 4527 γάρ
2691 4455 2787 4510 καὶ
2815 4453 3002 4527 ὕϐρεις
3029 4456 3087 4518 ές
3114 4455 3186 4509 τὰ
3219 4456 3456 4526 μάλιστα
3500 4454 3710 4526 πικράς
3735 4456 3766 4508 6

510 4539 785 4608 tantisque
816 4536 1028 4607 injuriis
1051 4544 1105 4591 et
1123 4535 1336 4591 damnis
1361 4549 1388 4588 a
1413 4535 1564 4591 vobis
1584 4534 1808 4592 aliectus
1826 4544 1881 4592 et
1900 4536 2082 4592 iaces-

510 4630 668 4693 situs,
695 4627 862 4682 armis
891 4640 1030 4681 sum
1075 4640 1228 4689 usus,
1270 4625 1327 4679 in
1361 4624 1654 4681 nullosum
1679 4624 2082 4696 reprehenden-

513 4721 638 4776 dus.
673 4718 825 4785 Quod
860 4717 908 4773 si
939 4717 1102 4773 vultis
1128 4732 1270 4794 nunc
1300 4716 1464 4772 etiam
1504 4717 1572 4774 de
1613 4715 1820 4773 findere
1847 4726 1902 4771 et
1951 4730 2085 4786 pace

513 4808 794 4864 nobiscum
823 4809 986 4863 verba
1013 4806 1213 4875 facere,
1239 4817 1485 4877 prompto
1502 4807 1683 4863 animo
1715 4807 1767 4862 id
1798 4805 2083 4862 faciemus.

514 4897 695 4955 Vestri
728 4899 894 4971 igitur
919 4899 1135 4955 arbitrii
1173 4909 1278 4963 est,
1310 4899 1456 4968 quod
1489 4899 1728 4968 expedit,
1758 4908 2081 4968 praoptare,

512 5003 567 5047 et
591 5005 779 5061 pacem
809 4991 949 5046 bello
977 5005 1308 5062 prmponere.
1341 5008 1362 5042 ι
1391 4990 1471 5044 Ad
1501 5004 1622 5061 qua:
1653 4988 1835 5046 Bonus
1858 5004 2082 5060 respon-

499 5087 594 5140 dit
613 5101 628 5137 :
648 5102 668 5136 ι
703 5083 918 5139 Priores
939 5084 1153 5153 quidem
1173 5097 1274 5138 nos
1291 5082 1512 5136 minime
1531 5079 1727 5136 bellum
1750 5080 2081 5148 occepimus,

514 5186 611 5232 aut
654 5177 707 5231 in
738 5190 835 5233 vos
865 5175 1096 5247 grassati
1143 5188 1329 5229 sumus
1356 5189 1371 5229 :
1406 5188 1437 5228 e
1458 5175 1734 5234 contrario
1771 5182 1825 5227 tu
1851 5172 2005 5241 prior
2029 5171 2082 5226 in

515 5271 788 5324 Romanos
811 5266 1041 5322 irruisti.
1071 5263 1241 5337 113
1267 5263 1406 5332 Quin
1429 5263 1592 5318 etiam
1625 5264 1915 5332 imperator
1943 5263 2085 5318 dona

517 5366 615 5422 tibi
663 5365 880 5420 mittere
931 5363 1168 5415 animum
1210 5361 1444 5422 induxit,
1480 5359 1642 5430 idque
1678 5359 1866 5427 legatis
1914 5361 1982 5416 ad
2037 5372 2089 5418 te

2185 4549 2309 4604 καθ’
2333 4549 2481 4621 ὑμᾶς
2499 4549 2543 4583 ³⁸
2579 4549 2812 4618 κατέχεέ
2841 4564 2933 4620 μοι
2948 4549 2994 4608 ⁸9
3027 4546 3300 4618 βασιλεὺς,
3325 4548 3387 4601 οὑ
3423 4548 3583 4618 μόνον
3614 4546 3765 4610 ἅπαξ

2184 4643 2219 4714 ἢ
2251 4641 2354 4707 δὶς,
2406 4641 2544 4695 ἀλλά
2594 4641 2691 4696 καὶ
2731 4641 3027 4708 πολλάκις,
3061 4640 3178 4695 τῶν
3201 4641 3433 4695 δεόντων
3494 4656 3555 4694 τε
3609 4639 3764 4693 οὐδὲν

2186 4732 2462 4802 ἠϐουλήθη
2511 4731 2933 4800 διαπράξασθαι.
2988 4733 3050 4785 Ei
3094 4730 3276 4784 τοίνυν
3340 4729 3567 4784 τοιαῦτα
3621 4730 3765 4801 πρὸς

2188 4824 2344 4896 ὑμῶν
2396 4823 2727 4895 ἠδικημένος
2757 4825 2870 4887 τοῖς
2900 4822 3084 4886 ὅπλοις
3131 4821 3474 4893 ἐχρησάμην,
3510 4819 3766 4892 οὐδαμῶς

2189 4915 2425 4986 ὑπάρχω
2456 4914 2814 4985 μεμπτέος⁶¹.
2865 4913 2978 4968 Καὶ
3015 4912 3112 4967 νῦν
3147 4913 3240 4968 οὖν
3272 4915 3326 4967 εῖ
3377 4928 3443 4981 γε
3503 4911 3764 4983 βούλεσθε

2191 5003 2322 5076 περὶ
2362 5004 2604 5059 σπονδῶν
2646 5021 2707 5059 τε
2756 5004 2851 5058 καὶ
2893 5005 3119 5076 εἰρήνης
3147 5005 3277 5075 ἡμῖν
3327 5004 3517 5059 θέσθαι
3544 5003 3762 5072 λόγους,

2190 5097 2514 5168 ἑτοιμότατα
2547 5097 2744 5167 ἔχομεν
2764 5109 2779 5125 ⁸
2805 5099 2864 5149 έν
2895 5096 3026 5165 ὑμῖν
3068 5113 3128 5149 τε
3177 5095 3383 5150 κείσθω
3421 5095 3765 5166 προτιμῆσαι

2189 5191 2252 5244 τὸ
2278 5193 2523 5242 συνοῖσον
2559 5189 2654 5243 καὶ
2682 5189 2752 5243 τά
2791 5190 3042 5259 είρηναῖα
3071 5188 3180 5258 πρὸ
3208 5187 3302 5241 τοῦ
3345 5187 3586 5256 πολέμου
3644 5187 3766 5240 ἑλέ-

2190 5283 2332 5334 σθαι.
2361 5299 2380 5333 ι
2413 5280 2557 5352 Πρὸς
2584 5279 2761 5334 ταῦτα
2797 5281 3132 5352 ἀπεκρίνατο
3150 5281 3178 5334 6
3208 5280 3418 5341 Βῶνος·
3448 5299 3468 5332 ι
3489 5278 3766 5350 Πρότερον

2197 5370 2295 5439 μὲν
2317 5371 2477 5436 ἡμεῖς
2503 5371 2602 5425 οὐκ
2645 5367 2932 5440 ἠρξάμεθα
2982 5369 3253 5440 πολέμουο
3305 5370 3425 5424 οὐδὲ
3477 5373 3587 5442 γὰρ
3638 5371 3765 5426 καθ’

1817 5506 2053 5562 VARle
2092 5506 2494 5564 LECTIONES.

579 5649 1078 5724 ξ’ξᾷτταέγκαλοίη
1107 5646 1243 5724 διαλ.
1281 5649 1431 5724 conj.
1459 5647 1536 5724 _N.
1613 5647 1660 5724 ‘1
1691 5648 1954 5724 ὲπῇλυσις
1988 5647 2081 5724 H.,
2107 5648 2351 5724 ἐπίλυσις
2383 5649 2527 5724 vuig.
2602 5649 2650 5724 ’ξ
2687 5648 2844 5722 μηδὲ]
2877 5649 3007 5721 μηδὲ
3042 5649 3242 5724 εἰδέναι
3278 5649 3336 5704 Β.
3370 5650 3481 5711 τοῖς
3505 5646 3762 5719 πολέμοις

523 5720 645 5787 (sic)
670 5719 732 5772 ll.
810 5722 854 5753 ”
888 5721 1036 5790 ἠμᾶς
1065 5717 1206 5790 vulg.
1286 5720 1330 5750 ⁶⁰
1365 5717 1477 5789 μοι]
1497 5735 1597 5788 μου
1625 5717 1683 5774 Β.

1759 5720 1801 5748 ⁸³
1839 5720 2122 5788 μεμπτέος
2144 5719 2531 5790 Η.,πεμπτέος
2565 5719 2710 5791 vulg.
