2038 3209
155 200 158 202 -
173 180 227 214 817

578 179 931 219 ΒΕᾹιΕῧΑΤΙΟΝΙΒυδ
948 180 1126 212 GENTIUM
1146 180 1195 210 AD
1215 180 1406 212 ROMANOS.

1757 181 1813 213 ΜΒ

176 237 255 272 ὑμῶν
270 237 423 272 ἡλάσαμεν.
442 237 485 268 Ὲς
497 237 651 264 τούναντίον
668 237 718 272 μὲν
732 234 779 263 οὖν
794 237 827 263 σὺ
839 236 910 263 κατὰ
921 237 970 272 τῆς

1023 238 1115 266 missis
1138 237 1287 265 mandavit.
1310 237 1365 265 Sed
1388 243 1449 264 cutn
1471 240 1496 263 te
1513 237 1686 264 audaciorem
1708 238 1809 265 factm»

182 283 328 318 Ῥωμαίων
343 283 447 318 ἧλασας
458 291 466 299 ο
482 283 576 309 λοιπὸν
595 283 635 316 δὲ,
647 283 689 310 ὅτι
705 283 752 309 καὶ
767 284 781 309 ό
795 282 922 317 βασιλεὺς
937 284 966 309 ἑν

176 329 258 364 βουλῇ
269 329 419 363 ἐποιήσατο
437 328 567 364 χρήματά
587 336 630 354 σοι
644 327 785 355 ἐπιδοῦναι
797 337 804 344 ·
820 328 967 364 τοιγαροῦν

175 375 221 402 καὶ
235 375 359 410 παρέσχε
374 375 431 406 τοῖς
449 374 520 402 κατὰ
534 374 565 400 σὲ
585 374 744 410 πρέσϐεσιν.
768 375 845 401 Ἐπεὶ
858 375 888 402 δὲ
900 383 967 402 κατ-

175 419 287 454 ενόησεν
311 419 544 455 αὑθαδιαζόμενον
575 419 623 446 καὶ
659 419 729 454 ὑπὲρ
758 419 843 452 αὐτὴν
878 419 965 455 δήπου

174 467 224 502 τὴν
239 456 411 501 βαρϐαρικὴν
428 465 589 497 ἀλαζονείαν
599 465 839 500 ὲξογκούμενονυ,
856 466 967 502 ῥήματά

174 523 204 540 τε
226 513 393 549 ὑπερήφανα
413 511 581 547 σημαίνοντα
603 512 652 539 καὶ
674 512 725 546 τῆς
751 512 801 547 σῆς
824 513 967 548 δυνάμεως

174 560 382 594 καθυπέρτερα,
406 558 557 594 τηνικαῦτα
581 559 629 585 καὶ
654 558 737 590 αὐτὸς
759 559 817 586 ἆτι
838 559 967 595 ἀγχίνους

173 605 319 633 ἐπετέλεσε
342 604 377 631 τὰ
400 605 499 632 οἰκεῖα.
513 605 568 631 Καὶ
583 604 614 631 τὸ
634 603 682 631 νῦν
699 604 727 631 δὲ
745 604 818 640 ἔχον,
830 605 966 641 ἡμέτερόν

173 652 248 678 ἔστιν
260 650 298 682 ὡς
320 649 434 685 βασιλέα
449 649 553 677 στεῖλαι
573 649 620 682 οὒς
633 649 667 677 ἂν
679 650 712 677 σὺ
724 650 884 685 βουληθείης
898 650 965 685 πρέ-

173 693 251 725 σϐεις
268 694 332 725 τοὺς
361 693 563 728 βεϐαιώσοντας
572 694 595 710 "
623 694 658 721 τὰ
680 695 745 730 περὶ
771 694 822 730 τῆς
841 695 964 730 εἰρήνης.

172 739 249 774 Μηδὲ
263 737 318 774 γὰρ
335 737 364 765 ὲν
386 739 453 773 ἡμῖν
472 736 542 766 εἶναι
562 738 659 774 νόμιζε
674 739 726 766 κᾶν
747 737 813 773 γοῦν
839 739 961 773 φθέγξα-

173 785 236 812 σθαί
257 793 295 818 τι,
311 785 381 820 μήτι
396 793 429 819 γε
447 785 495 812 καὶ
520 785 621 821 ἑτέρως
637 785 686 820 ﬁ“
702 785 775 812 καθὰ
801 785 908 821 βασιλεῖ
926 785 965 821 τῷ

173 831 301 867 ἡμετέρῳ
318 830 393 857 δοκεῖ
412 830 626 865 διαπράξασθαι.
641 839 651 855 ι
672 830 766 857 Ταῦτα
784 830 875 857 Βώνου
889 831 965 866 εἰρη-

173 877 261 909 κότος,
277 874 307 903 εὖ
332 876 405 912 ἔχειν
421 876 494 910 ἔδοξε
509 876 549 911 τῷ
573 875 681 911 Βαῖτινῷ
695 876 729 903 τὰ
742 877 862 912 ῥήματα.
886 877 965 912 Ἐσή-

1018 286 1154 315 cerneret,
1182 286 1212 309 et
1236 282 1306 309 ultra
1333 281 1503 309 barbaricam
1541 282 1712 309 insolentiam
1739 290 1807 310 vana

1018 328 1104 364 gloria
1121 328 1222 356 elatum
1236 333 1264 356 et
1287 332 1449 360 tumentem,
1466 328 1501 354 ita
1521 332 1550 354 ut
1569 327 1608 355 illi
1626 328 1708 355 verba
1730 336 1808 355 arro-

1017 375 1153 410 gantiora,
1168 374 1248 410 longe
1267 379 1326 402 tuas
1338 373 1411 401 vires
1425 373 1596 405 excedentia,
1610 373 1787 401 denuntiat-es
1799 381 1805 399 ι

1018 421 1146 449 nimirum
1161 422 1281 456 prudens
1293 425 1321 448 et
1338 423 1434 448 cautus
1451 419 1532 447 rebus
1543 420 1602 448 suis
1612 419 1761 454 prospexit.
1777 418 1808 445 Et

1018 472 1049 495 ut
1056 475 1128 495 nunc
1135 472 1199 495 sunt
1206 475 1261 500 res,
1268 471 1390 495 nostrum
1398 471 1440 495 est
1450 467 1483 494 ad
1491 467 1684 502 imperatorem
1693 466 1808 500 legatos,

1017 522 1087 549 quos
1101 514 1147 542 tibi
1158 514 1303 547 videbitur,
1317 513 1436 545 mittere,
1450 512 1498 547 qui
1510 513 1546 540 de
1560 520 1625 546 pace
1635 511 1808 538 conveniant.

1016 560 1072 588 Nec
1084 560 1156 588 enini
1176 559 1315 587 existimes
1334 557 1427 591 velim,
1444 558 1470 586 in
1490 562 1584 585 nostra
1600 561 1734 591 potestate
1747 562 1809 583 esse

1017 607 1165 642 quicquam
1177 605 1267 638 aliter,
1282 612 1362 639 quam
1379 604 1529 639 imperator
1543 602 1753 638 prmscripserit,
1769 601 1808 628 di-

1016 659 1079 681 cere
1091 655 1138 679 aut
1154 650 1254 678 facere.
1275 659 1284 676 ι
1308 649 1372 677 Haec
1386 650 1431 677 ubi
1454 648 1545 676 Bonus
1560 648 1639 681 dixit,
1656 652 1731 675 recta
1748 647 1809 681 qui-

1016 698 1077 725 dem
1090 704 1152 725 eum
1164 702 1192 725 et
1203 696 1277 731 iusta
1290 696 1393 723 dixisse
1408 695 1524 729 Bajanus
1537 694 1645 723 censuit
1661 702 1668 721 :
1685 693 1734 721 sed
1751 692 1809 721 hac

1016 743 1133 778 subjecit
1157 752 1165 771 ι
1186 752 1195 769 ι
1221 742 1294 770 Sane
1314 749 1365 777 ego
1383 747 1493 777 propter
1514 745 1618 777 gentes,
1638 747 1700 775 quas
1715 746 1759 767 me
1775 739 1808 765 ad

1016 788 1117 816 bellant
1133 792 1234 816 secuta
1257 792 1332 819 sunt,
1345 787 1509 814 verecundia
1531 786 1626 820 ducor,
1648 787 1673 813 st
1689 784 1763 812 nulla
1780 792 1808 811 re

1016 834 1111 862 eﬂ’ecta
1127 834 1265 867 recedere,
1287 841 1373 869 neque
1391 834 1538 868 quicquam
1559 839 1648 866 opera
1667 831 1747 867 pretii
1771 830 1810 858 fe-

1016 881 1087 908 cisse
1102 880 1204 908 videar.
1224 879 1264 908 Nc
1274 880 1357 915 igitur
1372 880 1464 907 videar
1476 879 1575 907 frustra
1590 883 1695 906 tantum
1707 877 1809 905 laboris

174 931 243 959 μανι
255 922 283 949 δὲ
298 922 393 954 αὖθις⁸
409 932 419 948 ι
438 923 547 958 Ἐπειδὴ
565 923 599 950 τὰ
621 923 651 955 ἐς
674 923 826 959 ὁμαιχμίαν
841 924 964 959 ἑπόμενά

1018 926 1165 961 pertulisse
1172 931 1200 954 et
1213 926 1273 954 sine
1285 926 1339 953 ullo
1349 927 1532 953 euiolumcnto
1543 925 1741 959 expeditionem
1754 932 1811 951 sus-

173 977 219 1004 μοι
236 968 299 1003 ἔθνη
313 968 491 1003 αἰσχύνομαι,
505 967 588 1000 αἰδώς
602 967 633 994 τέ
647 977 681 1003 με
704 968 772 1004 ἔχει,
788 969 816 995 cf
826 978 858 1003 γε
875 970 964 1005 πάντη

172 1016 313 1051 ἄπρακτος
322 1014 428 1041 ἐνθένδε
442 1015 623 1050 ἀναχωρήσω,
638 1015 721 1051 μηδέν
729 1024 755 1042 τι
765 1015 865 1051 ὀνήσας
880 1017 965 1052 ἐμαυ-

172 1060 232 1087 τόν·
245 1060 282 1092 ὡς
296 1059 329 1086 ἂν
344 1060 382 1095 μὴ
391 1057 438 1087 οὖν
445 1059 514 1092 δόξω
528 1057 618 1095 μάτην
634 1061 814 1095 πεποιηκέναι
825 1062 872 1088 καὶ
883 1062 965 1097 ἀκερ-

172 1107 206 1141 δῆ
223 1104 272 1142 τὴν
288 1106 469 1142 ἐπιχείρησιν,
485 1105 590 1141 βραχέα
604 1106 649 1142 μοι
662 1114 723 1133 τινα
738 1106 866 1142 πέμψατε
878 1107 962 1142 δῶρα.

173 1152 229 1180 Καὶ
245 1153 301 1188 γὰρ
314 1152 344 1178 ἐν
358 1153 391 1188 τῇ
410 1152 513 1188 Σκυθίᾳ
529 1152 695 1188 περαιωθεὶς
709 1152 785 1179 οὐδὲν
800 1152 891 1180 ὁτιοῦν
904 1154 964 1180 ὲκο-

172 1197 310 1233 μισάμην,
328 1197 376 1225 καὶ
397 1197 452 1225 τῶν
467 1198 607 1225 ἀδυνάτων
624 1198 685 1225 ἐστὶ
702 1199 850 1226 κάντεῦθεν
864 1199 965 1235 ἥκιστα

169 1243 347 1279 ὠφεληθέντα
354 1252 388 1278 με
400 1243 611 1271 ἀπελεύσεσθαι.
618 1253 628 1270 ι
642 1243 726 1283 ᾓῢνῳ
735 1245 762 1271 δὲ
770 1245 809 1280 τῷ
818 1245 964 1281 στρατηγῷ

171 1290 219 1317 καὶ
245 1290 302 1321 τοῖς
329 1290 387 1317 ὅσοι
414 1298 446 1324 γε
473 1290 542 1324 ἀμφ’
556 1289 638 1317 αὐτὸν
656 1287 708 1326 (ἦν
720 1290 749 1317 δὲ
762 1291 777 1317 ὁ
789 1290 839 1325 τῆς
859 1291 964 1323 πόλεως

172 1334 300 1371 μέγιστος
323 1334 429 1371 ἱερεὺς)
445 1335 535 1368 ἔδοξεν
551 1334 666 1370 εὔλογον
682 1336 733 1371 μὲν
746 1333 817 1363 εἷναι
842 1336 873 1363 τὺ
892 1345 962 1373 προ-

170 1381 343 1416 τεινόμενον·
359 1382 420 1409 οὐδὲ
431 1382 487 1417 γὰρ
508 1382 622 1409 πλεῖστα
639 1382 765 1410 ἐϐούλετο
785 1382 961 1418 κομίσασθαι,

170 1428 229 1455 ἀλλ’
255 1428 321 1464 ἄχρι
347 1428 441 1455 δίσκου
465 1429 524 1460 sva:
548 1423 767 1465 ἀργυροποιήτὸυ
790 1430 839 1457 καὶ
870 1430 962 1464 ὀλίγου

171 1473 297 1508 χρυσίου,
310 1473 350 1500 ἔτι
363 1482 396 1508 γε
412 1473 465 1509 μὴν
481 1473 528 1501 καὶ
538 1474 707 1509 ἀμπεχονιου
719 1474 834 1502 Σκυθίου
844 1475 877 1502 ⁸⁸.
890 1475 964 1511 Πλὴν

171 1519 338 1546 ὲδεδὶεσαν⁶⁶
352 1520 377 1546 οἱ
409 1519 473 1554 περὶ
498 1519 589 1547 Βῶνον
617 1520 800 1556 ἱδιοϐουλῆσαι
826 1521 873 1549 καὶ
903 1522 964 1557 οὐχὶ

172 1563 269 1616 γνώμῃ
299 1564 348 1591 τοῦ
383 1565 585 1600 αὐτοκράτορος
611 1565 721 1593 ᾶπαντα
749 1567 960 1604 διαπράξασθαι.
977 1584 1000 1616 c

176 1610 382 1646 ’Δντεσὴμαναν
416 1611 562 1646 τοιγαροῦν
592 1613 676 1649 αὐτῷ,
700 1614 739 1645 ὡς
759 1613 837 1642 «Νῦν
864 1615 963 1650 ἔχομεν

171 1656 285 1693 βασιλέα
312 1658 429 1693 φοϐερόν
451 1667 481 1686 τε
507 1659 555 1686 καὶ
583 1659 810 1695 ὲμϐριθέστατον,
841 1662 889 1690 καὶ
912 1662 964 1689 οὐκ

170 1704 333 1740 ἀνεξόμεθα,
361 1705 421 1732 οὐδὲ
445 1706 496 1732 ὅσα
521 1703 577 1733 οἷόν
597 1706 628 1733 τέ
643 1707 702 1734 ἐστι
721 1707 860 1735 διαλαθεῖν
880 1708 963 1735 αὑτὸν

170 1750 327 1777 επιτελέσαι
350 1751 530 1786 αὐθαιρέτως,
546 1751 634 1783 ἄλλως
652 1760 683 1778 τε
703 1753 750 1779 καὶ
765 1753 855 1788 ἡμεῖς,
870 1753 920 1780 ἅτε
934 1754 963 1780 ἐν

171 1794 358 1829 στρατεύματι
372 1796 556 1830 τυγχάνοντες
565 1796 599 1829 ⁸⁷,
614 1796 664 1823 οὐκ
687 1797 878 1833 ὲπιφερόμεθα
893 1807 962 1834 χρη-

173 1839 266 1875 μάτων
281 1841 442 1876 περιουσίαν
456 1841 473 1877 ἢ
495 1841 575 1877 μόνον
595 1842 794 1879 στρατιωτικὴν
805 1844 961 1879 ἐφεστρίδα,

170 1884 205 1920 ἦν
232 1893 265 1919 γε
287 1885 375 1920 δήπου
399 1885 446 1912 καὶ
473 1886 707 1923 περιϐεϐλὴμεθα,
722 1887 763 1914 ἔτι
778 1896 808 1914 τε
824 1888 859 1915 τὰ
879 1889 961 1917 ὅπλα.

170 1931 367 1967 Δωροφορῆσαι
381 1931 414 1968 δὴ
431 1929 478 1962 οὖν
497 1932 536 1967 τῷ
551 1933 607 1960 τῶν
627 1933 751 1970 ’Δϐἀρων
766 1935 911 1971 ἡγουμένῳ
932 1936 962 1969 ἐξ

169 1972 207 2003 ὥν
224 1976 344 2004 ἐνταῦθα
359 1977 465 2012 ἥκομεν
483 1977 591 2013 ἔχοντες
615 1979 747 2012 εὐτελῶν,
764 1980 854 2015 ἄθρει,
870 1977 893 2007 ὦ
905 1981 962 2008 Χά-

169 2029 247 2055 γανε,
278 2021 317 2057 μὴ
339 2022 385 2049 καὶ¹
414 2022 493 2059 ῦϐρις
517 2023 624 2058 πέφυκέ
634 2024 722 2058 ,τιςοῆ
742 2024 894 2061 Ἀξιότιμον
921 2026 961 2058 δὲ,

169 2064 242 2092 καθὰ
267 2065 348 2101 ἔφην,
364 2066 413 2092 ὡδὶ
435 2067 486 2093 οὐκ
501 2067 616 2103 ἔχομεν’
635 2068 670 2095 τὰ
685 2069 739 2105 γὰρ
757 2067 962 2105 τιμαλφέστερα

169 2111 225 2137 τῶν
244 2111 359 2146 ἐφοδίων
373 2113 441 2147 ἡμῖν
457 2113 487 2139 ιν
504 2113 608 2150 ἑτέροις
631 2114 784 2150 ὑπάρχουσι
805 2115 899 2148 τόποις
914 2117 962 2144 καὶ

169 2156 207 2189 ὡς
223 2158 395 2193 πορρωτάτω
410 2159 499 2195 ἡμῶν.
520 2160 551 2186 Et
565 2158 612 2187 οὖν
629 2160 645 2187 ὁ
657 2161 719 2188 καθ’
734 2162 808 2197 ἡμᾶς
823 2162 960 2200 αὐτοκρά-

168 2211 226 2239 τωρ
252 2204 481 2240 φιλοφρονήσεται
496 2214 538 2233 σοι
553 2206 661 2242 δώροις,
676 2208 726 2234 οὐκ
747 2208 900 2244 ὁκνὴσομεν
913 2209 960 2244 δὴ-

1017 972 1136 1006 cepisse,
1157 980 1240 1006 parva
1254 972 1414 999 munuscula
1431 973 1465 999 ad
1488 980 1530 999 me
1547 972 1655 999 mittite.
1676 971 1782 998 Etenim
1795 978 1810 997 e

1016 1018 1130 1054 Scythia
1147 1019 1202 1047 huc
1223 1019 1423 1050 transmittens,
1449 1019 1514 1045 nihil
1534 1019 1677 1052 quicquam
1704 1025 1808 1044 mecum

1015 1064 1115 1098 extuli,
1128 1072 1216 1099 neque
1230 1065 1308 1098 mihi,
1321 1065 1343 1091 si
1356 1065 1423 1092 nihil
1442 1065 1490 1095 rei,
1504 1064 1575 1098 quod
1592 1072 1634 1091 nte
1647 1064 1734 1098 juvet;
1748 1071 1810 1098 pcr-

1016 1115 1123 1143 cepero,
1140 1108 1203 1135 hinc
1215 1109 1348 1135 excedere
1362 1108 1433 1135 licet.
1458 1118 1466 1133 ι
1490 1108 1564 1135 Bono
1577 1108 1684 1142 quidem
1702 1107 1764 1134 duci
1780 1114 1807 1133 ct

1016 1152 1132 1184 caeteris,
1151 1153 1196 1187 qui
1213 1160 1273 1180 cum
1288 1160 1320 1179 eo
1336 1153 1498 1183 erant,ittler
1509 1160 1577 1187 quos
1590 1156 1648 1179 erat
1666 1159 1808 1185 Supremos

1016 1197 1092 1225 ur-his
1107 1198 1245 1230 sacerdos,
1262 1198 1349 1225 visunt
1368 1204 1420 1229 est,
1439 1197 1568 1231 Bajanuui
1582 1197 1654 1231 justa
1669 1202 1696 1224 et
1711 1197 1808 1224 rationi

1016 1249 1200 1272 consentanea
1217 1251 1379 1278 proponere.
1398 1243 1452 1270 Nec
1469 1244 1540 1271 enim
1560 1244 1738 1270 immoderata
1751 1250 1808 1268 titu-

1016 1297 1082 1317 nera
1098 1290 1215 1326 Bajanus
1226 1290 1278 1319 sibi
1288 1291 1346 1318 dari
1360 1290 1480 1325 petebat,
1494 1290 1582 1318 solum
1592 1297 1672 1316 unam
1686 1294 1807 1324 pateram

1016 1344 1049 1364 ex
1073 1340 1186 1370 argento
1209 1335 1322 1369 factam,
1337 1343 1388 1364 nec
1411 1335 1524 1363 multum
1542 1335 1612 1367 auri,
1628 1339 1726 1369 praeter
1750 1334 1808 1361 haec.

1016 1382 1134 1417 togulam
1144 1381 1313 1417 Scythicam.
1324 1382 1425 1410 Verum
1435 1381 1526 1409 Bonus
1535 1385 1563 1409 et
1571 1380 1617 1415 qui
1626 1381 1650 1408 ei
1661 1380 1808 1407 adstabant

1016 1427 1118 1462 aliquid
1128 1428 1238 1462 proprio
1248 1428 1365 1456 consilio
1374 1427 1527 1455 inconsulto
1543 1427 1706 1462 imperatore
1718 1425 1808 1452 facere

1017 1473 1159 1501 timebant.
1181 1474 1275 1509 Itaque
1303 1474 1411 1508 Bajauo
1425 1477 1521 1501 contra
1545 1471 1704 1507 respondit:
1724 1480 1734 1496 ι
1754 1470 1808 1497 Ha-

1015 1519 1110 1548 bemus
1123 1528 1196 1548 nunc
1206 1521 1409 1556 imperatorem,
1428 1520 1473 1555 qui
1493 1519 1572 1547 facile
1586 1519 1620 1545 ad
1637 1517 1805 1545 iracundiam

1016 1567 1181 1601 adducitur;
1192 1575 1278 1602 quare
1295 1575 1330 1595 ne
1349 1574 1380 1595 ea
1400 1567 1520 1602 quidem,
1534 1573 1596 1602 quae
1613 1565 1731 1594 fortasse
1745 1573 1807 1593 eum

1016 1613 1143 1647 laterent,
1156 1618 1251 1641 nostra
1264 1618 1361 1649 sponte
1374 1619 1402 1641 et
1416 1614 1527 1649 proprio
1544 1613 1627 1640 animi
1646 1612 1754 1648 'judicio
1769 1612 1808 1638 fa.

1015 1666 1079 1687 cere
1107 1659 1310 1687 sustinebimus.
1328 1659 1461 1687 Praeterea
1485 1667 1548 1687 cum
1566 1659 1592 1686 in
1608 1658 1706 1686 castris
1720 1658 1808 1692 dega—

1016 1711 1086 1737 mus,
1100 1704 1230 1738 pecunias
1242 1704 1269 1732 in
1284 1708 1427 1732 numerato
1441 1704 1552 1731 minime
1562 1703 1703 1736 habemus,
1719 1710 1809 1737 neque

1015 1750 1160 1785 quicquam
1174 1750 1314 1779 nobiscum
1329 1749 1441 1778 ferimus
1454 1750 1506 1778 nisi
1514 1754 1683 1778 castrensem
1699 1749 1808 1784 suppel-

1014 1795 1144 1828 lectilem,
1157 1799 1186 1823 et
1198 1802 1242 1828 ea,
1257 1795 1358 1830 quibus
1377 1795 1525 1823 induimur.
1551 1796 1673 1830 Denique
1689 1796 1806 1822 Avarum

1015 1841 1076 1868 duci
1091 1848 1124 1868 ex
1149 1841 1192 1875 iis,
1208 1841 1308 1875 quibus
1322 1842 1427 1869 modice
1446 1841 1573 1869 instructi
1598 1841 1652 1868 huc
1669 1840 1805 1871 venimus,

1014 1887 1085 1915 dona
1095 1887 1193 1916 oll'erre
1206 1887 1278 1921 vide,
1291 1895 1308 1915 ο
1322 1888 1459 1923 Cltagane,
1476 1895 1510 1915 ne
1528 1887 1627 1922 injuria
1648 1891 1676 1914 et
1691 1886 1806 1922 ignomi-

1015 1933 1059 1961 nia
1069 1933 1160 1968 aliqua
1175 1933 1211 1961 sit
1225 1943 1232 1961 :
1252 1942 1314 1961 nam
1335 1934 1407 1962 nihil.
1421 1940 1496 1961 tanto
1512 1934 1614 1961 honore
1632 1934 1706 1968 digni
1722 1932 1806 1960 babe-

1014 1987 1085 2007 mus.
1108 1979 1274 2008 Pretiosiora
1290 1980 1362 2008 enim
1381 1980 1542 2008 viaticorum
1565 1984 1719 2007 nostrorum
1743 1984 1806 2006 sunt

1014 2025 1042 2053 in
1059 2025 1120 2053 aliis
1130 2025 1196 2053 locis
1208 2030 1236 2053 et
1250 2026 1330 2060 longe
1341 2033 1355 2053 a
1374 2025 1455 2054 nobis
1463 2026 1577 2054 remotis
1596 2026 1694 2060 posita.
1713 2025 1804 2058 Quod-

1014 2069 1037 2098 si
1053 2077 1101 2098 vos
1113 2070 1268 2105 Limperator
1283 2074 1376 2098 noster
1393 2071 1553 2099 muneribus
1568 2071 1702 2099 demereri
1714 2071 1807 2098 volue—

1013 2116 1059 2146 rit.
1085 2123 1139 2143 non
1152 2116 1353 2149 cunctabimur,
1371 2116 1420 2144 tibi
1435 2122 1462 2145 et
1487 2117 1565 2145 nobis
1579 2117 1757 2153 gratulantes.
1778 2122 1807 2144 et

1014 2163 1186 2197 imperatoris
1196 2162 1271 2197 iussa
1290 2162 1392 2196 facere,
1406 2167 1434 2190 et
1453 2171 1544 2195 omne,
1565 2163 1653 2198 quoad
1669 2163 1729 2197 ejus
1745 2162 1805 2190 ﬂeri

1012 2208 1123 2242 poterit,
1135 2208 1208 2243 quod
1223 2208 1274 2236 tibi
1287 2209 1431 2241 conducet,
1450 2209 1561 2243 exsequi
1574 2212 1703 2243 tanquam
1722 2208 1804 2235 amici

169 2256 220 2274 που
248 2249 296 2275 καὶ
316 2250 398 2284 ἡμεῖς
421 2251 570 2286 γεγηθότες
581 2260 612 2278 τε
625 2252 672 2278 καὶ
685 2252 724 2287 τῷ
740 2252 845 2287 βασιλεί
859 2253 959 2289 ἑπόμε-

1014 2257 1039 2279 et
1049 2251 1173 2287 ejus,qui
1186 2259 1238 2279 ttna
1247 2252 1442 2279 uobiscumuni
1458 2252 1568 2280 domino
1578 2256 1665 2286 paret,
1678 2252 1802 2279 utilitati~

168 2302 209 2320 νοι
235 2294 324 2321 ταῦτα
347 2294 566 2331 διαπράξασθαι,
591 2297 707 2324 καθόσον
731 2296 782 2325 οἷοί
806 2299 836 2325 τέ
862 2300 960 2334 ὲσμεν,

167 2339 263 2376 ὥσπερ
290 2340 361 2376 φίλῳ
383 2341 604 2377 προσφερόμενοι
624 2343 672 2370 καὶ
692 2342 864 2379 ὁμοδούλῳ.»
888 2344 960 2379 Πρὸς

167 2384 254 2412 ταῦτα
270 2385 465 2422 ἀγανακτήσας
480 2388 495 2414 ὁ
514 2388 627 2420 Βαῖανὸς
642 2388 692 2416 σὺν
707 2389 781 2425 ὅρκῳ
795 2390 957 2426 ἠπείλησεν,

166 2426 184 2465 ἡ
197 2429 252 2466 μὴν
278 2431 437 2467 στράτευμα
450 2432 603 2468 ικπέμψειν
616 2433 667 2468 τὴν
687 2434 832 2469 Ῥωμαίων
847 2436 960 2471 ἐπιδρα-

168 2475 315 2510 μούμενον.
335 2477 391 2504 Καὶ
405 2478 437 2513 δὴ
458 2479 504 2505 τοῦ
526 2480 680 2515 στρατηγοῦ
709 2481 859 2517 κατάδηλον
882 2482 958 2519 αὺτῷ

166 2522 360 2558 πεποιηκότος,
374 2523 413 2555 ὡς
428 2523 536 2557 ἐξέσται
552 2525 603 2560 μέν
616 2526 640 2552 οἱ
653 2528 740 2553 ποιεῖν
760 2528 812 2555 ὅσα
826 2528 859 2555 ἃν
874 2529 958 2564 δυνή-

166 2575 251 2601 σοιτο,
277 2569 377 2596 εἰδέναι
399 2569 440 2602 δὲ,
469 2570 507 2602 ὡς
529 2571 560 2598 οὗ
585 2571 695 2604 πάντως
720 2573 765 2599 ἐπ’
786 2573 885 2609 ἀγαθῷ
901 2573 956 2601 τῶν

166 2613 353 2648 στελλομένων
384 2615 462 2644 ἔσται
489 2617 506 2652 ἡ
533 2617 680 2653 ὲπιδρομὴ,
708 2619 788 2652 αὐτὸς
820 2620 884 2656 ἔφη,
913 2622 956 2649 ὅτι

168 2669 178 2686 ι
191 2660 367 2693 Τοιούτους⁶⁹
385 2662 520 2699 ἑπαφὴσω
544 2665 577 2700 τῇ
612 2664 762 2701 Ῥωμαϊκῇ.
778 2666 827 2698 ὥς,
856 2667 880 2694 εἰ
909 2667 958 2694 καὶ

167 2706 288 2742 συμϐαίη
317 2707 350 2741 γέ
366 2715 442 2742 σφισι
467 2707 575 2743 θανάτῳ
595 2708 706 2741 ἁλῶναι,
722 2709 781 2736 ἀλλ’
796 2709 890 2745 ἔμοιγε
916 2710 955 2746 μὴ

1011 2293 1062 2321 bus
1073 2293 1262 2321 inservientes.
1278 2303 1287 2319 ι
1298 2294 1338 2321 Ub
1349 2293 1406 2321 11330
1414 2293 1570 2328 indignatus
1581 2293 1698 2329 Bajanus
1706 2293 1802 2328 iurans

1010 2339 1129 2367 minatus
1142 2344 1195 2373 est,
1213 2347 1243 2368 se
1255 2340 1440 2368 immissurum
1451 2340 1602 2368 exercitum
1616 2339 1732 2376 ιιιὶιι
1747 2340 1802 2369 Ro—

1010 2393 1152 2413 manorum
1167 2383 1281 2414 ditiodis
1299 2386 1423 2421 regiones
1433 2386 1479 2421 qui
1492 2386 1680 2422 populationes
1689 2386 1806 2416 faceret.

1010 2432 1051 2461 Ad
1062 2441 1124 2468 quas
1141 2441 1203 2462 cum
1224 2434 1278 2461 dux
1299 2434 1386 2469 palam
1404 2434 1575 2469 praedicaret,
1596 2434 1632 2462 illi
1648 2434 1756 2470 quidem
1769 2434 1802 2462 li-

1012 2486 1075 2508 cere
1100 2480 1201 2514 omnia,
1222 2488 1283 2515 quae
1304 2485 1405 2516 posset,
1431 2480 1542 2516 aggredi
1568 2484 1601 2508 et.
1618 2485 1734 2514 tentare,
1753 2483 1810 2509 sed

1012 2533 1173 2560 persuasum
1188 2526 1298 2560 habere,
1312 2526 1381 2559 fore,
1396 2531 1425 2553 ut
1437 2527 1495 2555 ista:
1503 2527 1679 2555 excursiones
1690 2527 1742 2559 his,
1752 2526 1801 2561 qui

1011 2571 1041 2599 in
1056 2579 1103 2600 eas
1126 2572 1310 2605 mitterentur,
1327 2580 1380 2600 non
1398 2572 1466 2601 bene
1482 2577 1632 2606 verterent,
1650 2571 1801 2607 respondit.

1009 2625 1039 2646 se
1052 2619 1120 2646 tales
1135 2618 1292 2652 missurum,
1308 2619 1353 2654 qui
1369 2619 1392 2647 si
1407 2619 1686 2655 perierint,damnum
1698 2617 1803 2645 nullum

1011 2673 1044 2693 ex
1055 2672 1149 2693 eorum
1166 2665 1250 2694 exitio
1265 2666 1299 2694 ad
1310 2666 1376 2701 ejus.
1384 2670 1582 2695 sensumesset
1596 2669 1800 2701 perventurum.

1010 2710 1195 2747 ltaquejussit
1210 2713 1280 2740 dena
1301 2713 1383 2740 millia
1397 2712 1569 2746 Hunnorum,
1580 2711 1629 2748 qui
1643 2710 1805 2745 Contriguri.

804 2787 921 2815 VARIJE
940 2787 1145 2817 LECTIONES.

203 2857 230 2899 ’ξ
239 2856 433 2899 εξογκάιμενογ-
445 2858 532 2899 vulg._
556 2858 578 2874 ⁸³
599 2858 803 2899 βεϐαιώσαντας
819 2859 892 2899 vulg.
973 2859 989 2894 ἢ
1013 2859 1075 2886 add.
1089 2896 1094 2899 Α
1107 2860 1136 2887 lt.

1189 2861 1216 2902 ξ’·
1229 2861 1356 2902 Extremo]
1370 2860 1489 2902 ¹σηρικοξῖ
1505 2861 1577 2897 conj.
1606 2860 1636 2887 Β.
1663 2859 1685 2875 "
1698 2856 1803 2885 ἑδεδία-

167 2900 210 2919 σιν
221 2892 283 2929 (sic)
301 2893 373 2929 vulg.
411 2893 433 2910 ⁸⁷
449 2892 583 2928 τυγχάνον
597 2894 670 2929 vulg.
706 2895 729 2911 ⁵³
750 2894 857 2929 πέφυκέ
867 2892 911 2927 ῗεις
928 2892 1142 2931 ΙΙ.,’πεφυκότες
1156 2896 1229 2931 vulg.
1268 2897 1290 2914 σν
1299 2892 1442 2927 τοσούτους
1460 2895 1492 2923 H.
