4076 6430
461 331 575 398 819

1325 341 1720 406 EXCERPTA
1757 345 1861 406 EX
1901 347 2328 415 MENANDRO
2367 358 2864 437 PROTECTOBE

3614 366 3734 433 820

455 446 780 504 dicebantur
833 449 1088 533 trajicere
1140 450 1308 506 Suum
1342 460 1397 508 et
1435 461 1652 511 vastare
1703 455 2054 516 Dalmatiam.

2158 466 2415 534 γενέσθαι
2444 473 2818 543 συναίσθησιν.
2848 496 2866 529 ι
2896 477 3004 532 Καὶ
3033 477 3099 549 δὴ
3131 478 3580 549 παρεκελεύσατο
3606 478 3744 532 δέκα

459 541 577 607 Ipse
600 553 732 595 vero
768 554 889 596 cum
923 542 1072 598 omni
1102 556 1208 598 suo
1238 544 1503 610 exercitu,
1533 548 1855 605 transmisso
1884 548 2046 617 latro,

458 636 514 689 in
542 630 740 687 finibus
769 631 1108 700 Gepidarum,
1128 633 1392 690 substitit.

2154 557 2403 626 χιλιάδας
2451 562 2561 615 τῶν
2629 567 3106 641 Κοντριγούρων⁷⁶
3154 569 3469 641 λεγομένων
3521 569 3743 624 Οὕννων

2150 647 2404 721 διαϐῆναι
2425 653 2518 710 τὸν
2539 655 2676 710 Σάον
2692 661 2938 730 ποταμὸν
2962 661 3057 716 καὶ
3072 661 3284 734 δῃῶσαι
3299 661 3365 716 τό
3391 662 3491 728 ,ἐπὶ
3508 661 3745 732 Δαλμα-

454 727 600 786 τίαν,
651 726 814 791 αὐτὸς
853 726 912 781 δὲ
959 729 1056 794 ξὺν
1096 729 1247 800 πάσῃ
1285 732 1354 801 τῇ
1393 732 1516 785 κατ’
1553 732 1722 788 αὐτὸν
1769 735 1975 808 πληθύῖ
2003 741 2229 797 διελθὼν
2257 746 2354 802 τὸν
2391 749 2606 822 Ἴστρον
2637 753 2695 818 ἐς
2719 754 2787 809 τὰ
2806 726 2916 810 τιῖιν
2955 726 3250 831 Γηπαίδων
3277 726 3552 829 διέτριϐεν
3590 726 3740 829 ὅρια.

530 836 804 893 15.Νειιίι
821 839 1002 895 denuo
1028 839 1322 911 Targitius,
1349 853 1408 898 ut
1436 841 1709 914 legatione
1729 845 2048 918 fungeretur

2231 857 2313 913 ιε’.
2347 861 2471 916 Ὀτι
2502 858 2659 930 αὖθις
2698 860 2834 938 ἦλθε
2871 869 3168 941 Ταργίτιος
3212 869 3542 940 βουλόμενος
3601 886 3743 935 πρε-

457 931 598 999 apud
621 931 1028 1000 imperatorem.
1057 933 1263 990 Eadem
1291 948 1424 991 vero
1447 937 1586 993 dixit
1619 939 1961 1008 imperatori,
1989 951 2049 999 et

2155 946 2489 1006 σϐεύσασθαι
2541 953 2618 1018 ὡς
2673 931 2918 1027 βασιλέα,
2958 931 3159 1012 ἔκεῖνά
3193 931 3253 1012 τε
3281 931 3390 1029 ιφτί
3427 958 3504 1028 τῷ
3524 931 3747 1028 βασιλεῖ

457 1021 664 1075 audivit
692 1023 760 1078 ab
793 1023 1147 1092 imperatore,
1177 1040 1299 1095 qua:
1324 1033 1379 1082 et
1409 1036 1589 1084 antea.
1624 1027 1855 1087 Petebat
1895 1034 2040 1090 enim

458 1127 486 1165 ο
528 1112 786 1167 Romanis
825 1113 927 1170 sibi
959 1116 1102 1171 tradi
1148 1115 1406 1172 Sirmium
1447 1120 1727 1190 oppidum,
1781 1131 2042 1195 tanquam

457 1202 601 1271 quod
633 1215 778 1260 esset
802 1220 900 1260 sua
934 1207 1146 1274 privata
1176 1216 1233 1264 et
1260 1210 1558 1267 domestica
1587 1216 1886 1283 possessio,
1913 1218 2041 1287 quia

456 1295 525 1350 ab
568 1296 690 1366 ipso
711 1296 1040 1367 Gepidarum‘
1088 1315 1177 1357 res
1225 1313 1412 1359 essent
1453 1319 1688 1376 eversas;
1734 1317 1847 1366 tum
1876 1312 2042 1367 etiam

457 1388 732 1455 pecunias,
762 1405 899 1460 quas
920 1389 1173 1450 Justinus
1189 1393 1398 1452 Hunnis
1424 1400 1720 1468 quotannis
1747 1403 2042 1470 pendebat,

457 1479 787 1549 postulabat,
828 1493 883 1538 et
917 1487 1072 1555 quasi
1116 1489 1488 1556 superioribus
1522 1493 1680 1548 annis
1713 1493 1848 1548 nihil
1890 1508 2046 1550 acce-

455 1572 686 1641 pissent,
719 1587 912 1631 omnes
930 1577 1090 1632 simul
1121 1576 1394 1651 Targitius
1421 1582 1524 1637 sibi
1548 1584 1779 1653 persolvi
1799 1585 2040 1655 volebat,

455 1673 510 1720 et
535 1667 607 1720 ita
656 1667 710 1721 in
760 1678 1040 1737 posterum
1075 1686 1255 1727 annua
1291 1687 1414 1728 cum
1447 1673 1712 1732 Romanis
1743 1677 1948 1733 hedera
1979 1693 2042 1735 se

455 1768 572 1812 rata
605 1758 918 1814 habiturum
945 1761 1103 1816 dixit.
1144 1761 1464 1819 lisdibatutn
1498 1782 1718 1840 quoque
1755 1771 2038 1840 poscebat,
2074 1802 2116 1858 Β

453 1859 718 1919 tauquam
766 1850 860 1920 qui
913 1866 1046 1908 suus
1103 1855 1432 1925 captivitatis
1467 1858 1589 1926 iure
1637 1869 1694 1915 et
1723 1861 1844 1944 lege
1874 1871 2039 1919 esset.

457 1938 698 1996 Plurima
723 1939 828 1996 alia
860 1943 1025 1998 etiam
1058 1945 1110 1999 in
1143 1947 1380 2003 medium
1409 1951 1721 2019 proferebat
1740 1938 2040 2022 Targitius,

458 2030 760 2088 insolentia:
797 2043 852 2090 et
881 2035 1152 2105 superbiae
1185 2037 1367 2106 plena,
1397 2055 1628 2110 quorum
1667 2043 1909 2099 omnium
1941 2045 2044 2099 im-

454 2129 675 2190 perator
718 2123 921 2180 nullam
954 2126 1221 2183 rationem
1260 2129 1469 2198 habuit,
1511 2132 1607 2188 sed
1629 2133 1789 2194 elusit
1823 2143 1880 2191 et
1909 2149 2044 2191 con-

455 2213 695 2285 tempsit,
726 2223 782 2270 et
815 2216 995 2274 verbis
1030 2219 1436 2288 imperatoriam
1465 2224 1808 2292 maiestatem
1840 2225 2041 2282 decea-

455 2303 598 2361 tibus
627 2313 712 2361 est
746 2322 899 2363 usus.
935 2308 1176 2379 Denique
1202 2326 1323 2366 eum
1353 2328 1450 2384 per
1472 2314 1717 2372 diversas
1747 2326 1806 2372 et
1844 2317 2041 2374 multas

454 2395 750 2465 legationes
782 2412 948 2464 super
968 2399 1054 2456 his
1081 2412 1454 2460 commeantes
1476 2404 1608 2459 nihil
1633 2407 1926 2477 quicquam
1957 2407 2042 2463 ef-

453 2484 654 2541 fectum
685 2497 852 2555 esset,
904 2488 1204 2560 'l‘argitium
1247 2493 1456 2550 dimisit
1513 2496 1832 2566 imperator,
1875 2508 1929 2554 et
1964 2498 2041 2555 illi

453 2577 611 2646 dixit,
647 2579 863 2636 se-illue
889 2582 1184 2640 missurum
1212 2584 1519 2654 Tiberium,
1557 2589 1652 2660 qui
1677 2606 1951 2646 summum
1986 2592 2040 2648 in

450 2671 700 2730 exercitu
725 2673 961 2728 habebat
991 2676 1305 2746 imperium,
1348 2680 1440 2749 qui
1477 2681 1546 2736 de
1580 2684 1836 2740 omnibus
1877 2685 2041 2743 rebus

453 2771 659 2830 ageret,
688 2771 744 2818 et
775 2765 986 2835 singula
1027 2780 1251 2836 pacaret
1285 2777 1340 2825 et
1363 2773 1624 2829 ﬁrmaret.

521 2852 612 2908 16.
654 2854 717 2926 (εί.
749 2855 815 2909 Α.
878 2857 940 2912 C.
976 2856 1262 2925 570,1ttd.
1328 2863 1382 2927 5,
1439 2861 1639 2919 Justini
1691 2864 1772 2934 6.)
1853 2866 2034 2922 Μυιιω

451 2944 673 3014 quidem
718 2946 837 3002 alia
864 2947 989 3004 belli
1029 2963 1213 3006 causa;
1245 2953 1389 3008 inter
1433 2953 1712 3012 Romanos
1759 2964 1815 3012 et
1845 2957 2042 3014 Persas

452 3019 818 3104 exstiterunt;
873 3039 1115 3096 maxime
1185 3055 1322 3099 vero
1379 3042 1683 3102 Turcorum
1743 3063 1881 3120 gens
1941 3053 2040 3105 im-

2151 1037 2250 1094 xai.
2277 1041 2479 1112 ἢκουσε
2509 1045 2646 1118 πρὸς
2667 1049 2834 1103 αὑτοῦ
2866 1051 3011 1119 ἆπερ
3037 1053 3131 1104 καὶ
3152 1050 3364 1105 ἄλλοτε.
3392 1051 3506 1122 Τήν
3543 1067 3602 1104 τε
3630 1050 3745 1120 γὰρ

2151 1131 2312 1187 πόλιν
2337 1134 2398 1188 τὺ
2431 1135 2659 1208 Σίρμιον
2689 1139 2941 1195 ἐϐούλετο
2974 1142 3113 1214 πρὸς
3151 1141 3445 1212 Ῥωμαίων
3501 1142 3741 1210 κομίσα-

2148 1223 2298 1291 σθαι,
2345 1227 2442 1281 ἅτε
2496 1231 2699 1286 οἰκεῖον
2734 1231 2795 1287 ὃν
2850 1233 2998 1305 αὐτῷ
3050 1236 3236 1306 κτῆμα
3274 1233 3484 1301 ἐξότε¹¹
3523 1235 3592 1289 τὰ
3629 1234 3745 1289 τῶν

2147 1313 2440 1385 Γηπαίδων
2484 1319 2576 1372 ὑπ’
2627 1323 2795 1376 αὐτοῦ
2836 1323 3130 1394 διέφθαρτο
3174 1325 3522 1395 πράγματα’
3558 1324 3643 1378 ἔτι
3675 1339 3742 1378 τε

2147 1406 2244 1458 καὶ⁵
2285 1409 2571 1479 χρήματα,
2608 1413 2754 1485 ᾇπερ
2787 1415 3073 1479 Ἰουστϊνος
3093 1417 3206 1480 τοῖς
3229 1415 3451 1480 Οὗννοις
3482 1416 3570 1488 ἐφ’
3599 1417 3741 1470 ἐκά-

2150 1514 2260 1569 στῳ
2293 1501 2526 1575 ἐνιαυτῷ
2569 1505 2742 1560 ἐδίδου
2766 1522 2780 1537 ⁸
2810 1507 2927 1571 καὶ,
2956 1503 3045 1562 οἷα
3095 1507 3264 1580 μηδὲν
3303 1509 3607 1580 εἰληφότων
3635 1512 3744 1562 αἰ,-

2147 1586 2258 1641 τῶν
2284 1589 2350 1642 ἐκ
2383 1590 2494 1644 τῶν
2519 1595 2937 1665 παροιχομένων
2967 1597 3127 1664 ἐτῶν,
3163 1597 3380 1652 ᾶπαντα
3409 1597 3547 1667 ὁμοῦ
3593 1597 3743 1666 Ταρ-

2147 1680 2323 1748 γίτιος
2354 1683 2708 1755 εἰσπράττειν
2741 1687 2918 1756 ἠξίου,
2954 1687 3097 1742 οὕτω
3125 1706 3185 1742 τε
3209 1688 3396 1742 λοιπὸν
3424 1687 3526 1752 τὰς
3557 1690 3743 1742 ἐνιαυ-

2149 1773 2332 1837 σιαίας
2360 1776 2644 1843 συντάξεις
2665 1780 2990 1850 ἐρρωμένας
3017 1780 3368 1834 κατατιθέναι
3408 1779 3737 1849 Ῥωμαίοις.

2145 1865 2292 1935 Πρός
2340 1883 2405 1934 γε
2461 1869 2555 1921 καὶ
2597 1869 2691 1924 τὸν
2743 1873 3091 1943 Οὑσδήϐαδον
3144 1871 3382 1943 ὲξῄτει⁷²
3429 1866 3517 1926 οἶα
3563 1888 3741 1942 προσ-

2143 1959 2345 2029 ήκοντα
2358 1959 2403 1992 ⁷³
2429 1960 2508 2031 τῷ
2531 1961 2643 2016 τῶν
2671 1963 3022 2035 δορυλήπτων
3043 1965 3191 2036 αὑτῷ
3203 1964 3413 2035 θεσμῷ.
3432 1963 3544 2018 Καὶ
3568 1965 3740 2035 ἔτερα

2142 2049 2201 2104 δέ
2227 2067 2350 2105 τινα
2379 2053 2750 2124 προεϐάλλετο
2774 2057 2803 2110 6
2830 2057 3126 2129 Ταργίτιος
3181 2058 3570 2129 ὑπερηφανίας
3601 2057 3739 2112 ἀνά-

2144 2141 2304 2211 πλεα,
2329 2136 2406 2198 ὧν
2433 2145 2627 2201 οὐδένα
2646 2136 2806 2216 λόγον
2831 2150 3068 2202 ἐποιεῖτο
3087 2149 3116 2202 6
3150 2147 3428 2218 βασιλεύςο
3457 2147 3596 2202 ἀλλᾶ
3618 2147 3735 2220 γὰρ

2141 2235 2212 2290 τά
2250 2252 2309 2289 τε
2341 2236 2615 2307 λεγόμενα
2658 2239 2797 2310 πρὸς
2841 2239 3008 2294 αὐτοῦ
3055 2239 3456 2311 ἀπεφλαύριζε,
3485 2241 3580 2294 καὶ
3632 2239 3737 2310 μὲν

2141 2321 2236 2380 οὖν
2284 2325 2580 2397 βασιλικῶς
2614 2329 2817 2402 ἐχρῆτο
2869 2331 2983 2393 τοῖς
3036 2330 3300 2401 ῥήμασιν.
3345 2331 3472 2384 Ἐπὶ
3517 2330 3737 2394 τούτοις

2141 2415 2236 2472 οὖν
2269 2417 2520 2490 διάφοροι
2564 2419 2853 2490 πρεσϐεῖαι
2907 2422 3254 2492 φοιτήσασαι,
3293 2420 3368 2486 ὡς
3399 2419 3664 2490 διηνύσθη
3685 2421 3735 2454 τι

2143 2509 2308 2564 πλέον
2338 2511 2513 2574 οὐδὲν,
2551 2511 2786 2583 διαφῆῼ
2824 2513 2916 2566 τὸν
2960 2513 3252 2584 Ταργίτιον
3292 2514 3320 2566 6
3355 2512 3631 2584 βασιλεὺς,
3656 2512 3737 2565 είς

2145 2599 2332 2672 ρηκὼς
2374 2601 2524 2674 αὺτῷ
2571 2602 2815 2658 στέλλειν
2847 2605 3029 2658 ἐκεῖσε
3066 2604 3318 2676 Τιϐέριον
3348 2604 3734 2675 αὐτοκράτορα

2144 2688 2472 2763 στρατηγὸν,
2520 2695 2652 2765 περῖ¹
2689 2693 2784 2748 τοῦ
2838 2696 3042 2761 παντὸς
3083 2694 3572 2768 διαλεχθησόμενον
3631 2693 3734 2748 καὶ

2145 2785 2516 2855 βεϐαιώσοντα
2535 2787 2604 2853 τὰ
2628 2785 2859 2842 ἕκαστα.

2215 2883 2312 2942 ις’.
2354 2877 2480 2931 Ὅτι
2511 2877 2649 2932 ἄλλα
2682 2895 2743 2931 τε
2769 2877 2941 2932 πολλὰ
2967 2879 3115 2933 αἴτια
3147 2877 3400 2947 ἐγένοντο
3423 2875 3518 2931 τοῦ
3564 2874 3733 2930 πολέ-

2146 2985 2248 3040 μου
2280 2967 2574 3034 Ῥωμαίων
2597 2985 2659 3022 τε
2692 2968 2788 3022 καὶ
2805 2968 3057 3039 Περσῶν,
3080 2969 3142 3021 τὸ
3170 2968 3228 3022 δὲ
3267 2968 3469 3040 μᾶλλον
3491 2969 3736 3022 ἀναπτε-

2145 3059 2331 3130 ρῶσαν
2345 3057 2632 3113 Ἰουστῖνον
2651 3058 2679 3112 δ
2705 3059 2926 3131 κινῆσαι
2943 3059 2994 3092 ’⁵
3021 3059 3164 3114 κατὰ
3185 3058 3414 3130 Περσῶν
3428 3059 3489 3112 τδ
3505 3058 3656 3122 ἔθνος
3679 3057 3732 3110 oi

451 3124 589 3196 pulit
622 3126 1026 3197 imperatorem,
1047 3140 1107 3187 ut
1139 3143 1334 3190 contra
1369 3135 1565 3193 Persas
1592 3153 1743 3194 arma
1775 3151 2036 3198 moveret.

2145 3124 2379 3221 Τοῦρκοι
2407 3151 2676 3219 ἐγένοντο.
2706 3124 2832 3205 Οἵδε
2855 3149 2967 3222 γὰρ
3001 3124 3356 3213 ἐσϐάλλοντες
3389 3151 3449 3214 ές
3471 3149 3732 3220 Μηδικὴν

454 3214 662 3273 Etenim
724 3216 887 3276 Turci
946 3221 1181 3280 Mediam
1253 3225 1568 3283 invaserant
1619 3241 1676 3285 et
1734 3232 2042 3302 depopulati

450 3319 626 3366 erant.
662 3311 852 3383 Itaque
895 3312 1186 3385 Iustinum,
1214 3319 1376 3375 missa
1420 3321 1705 3393 legatione,
1743 3334 1803 3380 ut
1843 3325 2043 3381 bellum

452 3401 635 3460 Persis
685 3419 868 3462 secum
928 3407 1214 3478 inferrent,
1282 3426 1393 3481 quo
1448 3417 1826 3473 communibus
1871 3417 2044 3474 hostio

451 3497 554 3550 bus
601 3495 771 3552 exitio
825 3509 1032 3566 essent,
1082 3501 1475 3559 sollicitabant.
1555 3505 1773 3561 Etenim
1817 3523 1887 3562 ex
1929 3523 2038 3563 una

450 3593 604 3653 parte
670 3583 952 3656 Romanis,
1015 3605 1082 3645 ex
1144 3593 1313 3648 altera
1381 3594 1576 3652 Turcis
1637 3597 2040 3668 ingruentibus,

452 3677 666 3745 Persas,
735 3681 827 3751 qui
882 3683 936 3736 in
991 3685 1170 3740 medio
1239 3687 1523 3745 constituti
1619 3702 1799 3758 erant,
1881 3691 2043 3749 facile

449 3769 684 3838 opprimi
773 3787 952 3842 posse.
1044 3773 1250 3832 Harum
1331 3793 1518 3834 rerum
1600 3780 1796 3838 fiducia
1865 3783 2043 3840 elatus

460 3859 739 3932 Justinus,
773 3863 932 3921 facile
1010 3866 1129 3924 fore
1205 3871 1572 3939 existimabat,
1645 3882 1704 3929 ut
1745 3873 2040 3931 Persarum

454 3954 758 4020 potentiam
812 3966 1105 4024 everteret,
1153 3968 1209 4012 et
1250 3960 1318 4015 ad
1384 3961 1667 4017 interitum
1722 3963 2039 4019 adduceret.

452 4042 638 4116 itaque
692 4056 956 4115 quantum
999 4048 1053 4104 in
1082 4049 1175 4105 illo
1207 4059 1346 4117 erat,
1399 4054 1582 4109 omnia
1630 4055 1882 4120 curabat,
1932 4067 2041 4124 quo

449 4137 556 4192 sibi
611 4137 918 4208 Turcorum
976 4140 1276 4199 amicitiam
1337 4144 1498 4204 fidam
1563 4156 1621 4202 et
1667 4156 1842 4203 tutam
1900 4161 2039 4204 con-

448 4237 712 4284 servaret.

522 4321 610 4376 1.7.
679 4324 886 4379 Avares
950 4325 1276 4397 legationem
1338 4329 1414 4384 de
1463 4329 1658 4386 iisdem
1732 4332 1917 4396 rebus,
1973 4332 2040 4386 de

449 4415 647 4484 quibus
684 4416 887 4486 saepius
927 4429 1111 4484 autea,
1161 4420 1230 4474 ad
1254 4412 1553 4490 ,Bontauos
1611 4424 1899 4487 miserunt,
1947 4424 2035 4477 cui

450 4507 704 4575 legationi
752 4526 875 4563 eum
924 4511 1156 4566 Romani
1217 4513 1442 4567 minime
1513 4528 1674 4569 aures
1729 4510 2034 4583 praeberent

2145 3241 2248 3311 τῆς
2285 3258 2345 3295 τε
2388 3241 2494 3312 γῆς
2543 3242 2760 3313 ἔτεμον,
2813 3241 3058 3297 ἔστειλαν
3089 3243 3146 3298 δὲ
3194 3244 3292 3298 καὶ
3333 3241 3410 3306 ὡς
3437 3243 3733 3295 ἰουστῖνον

2145 3333 2444 3407 πρεσϐείαν
2475 3333 2563 3404 ἐφ’
2586 3327 2630 3402 ᾧ
2661 3333 3144 3406 συνεκπολεμῶσαί
3175 3351 3238 3404 γε
3267 3335 3432 3388 αὐτὸν
3462 3332 3731 3404 Πέρσαιςς

2145 3429 2299 3499 κοινῇ
2333 3444 2395 3482 τε
2417 3426 2670 3482 καθελεῖν
2700 3426 3042 3495 ἐξαιτοῦντες
3081 3428 3412 3500 ἀμφοτέρων
3434 3427 3562 3490 τοὺς
3601 3425 3734 3479 δυσ-

2147 3520 2354 3589 μενεῖς,
2402 3520 2498 3574 καὶ
2539 3519 2648 3573 τῶν
2678 3521 2724 3552 ⁷⁸
2776 3519 3041 3593 Τούρκων
3095 3518 3297 3590 μᾶλλον
3352 3517 3731 3573 ἀσπάσασθαι·

2142 3605 2286 3660 οὕτω
2309 3606 2418 3677 γὰρ
2447 3606 2514 3662 ἂν
2541 3609 2608 3678 τῇ
2643 3607 2743 3678 μὲν
2779 3607 3087 3679 Ῥωμαίων,
3114 3611 3181 3680 τῇ
3209 3608 3266 3664 δὲ
3313 3607 3573 3678 Τούρκων
3605 3607 3732 3661 ὲπι-

2144 3694 2390 3764 θεμένων
2427 3697 2486 3751 ὲν
2523 3696 2673 3767 μέσῳ
2697 3698 2767 3752 τὰ
2797 3697 3026 3769 Περσῶν
3046 3697 3437 3768 διαφθαρῆναι.
3484 3697 3732 3762 Ταύταις

2142 3792 2262 3853 ταῖς
2291 3770 2506 3844 ἐλπίσιν
2539 3789 2850 3860 ἐπηρμένος
2890 3791 3178 3854 ’ἰουστῖνος
3221 3791 3418 3862 ῥᾳδίως
3455 3788 3594 3861 ᾤετο
3626 3788 3729 3860 τὴν

2141 3883 2370 3954 Περσῶν
2398 3883 2876 3956 καταστρέψεσθαι
2911 3881 3142 3953 δύναμιν
3169 3883 3268 3937 καὶ
3291 3885 3349 3948 ἐς
3376 3882 3438 3937 τὸ
3472 3882 3550 3955 μὴ
3581 3877 3728 3937 εἶναι

2143 3975 2478 4042 ξυνελάσειν.
2511 3974 2623 4028 Καὶ
2653 3975 2768 4040 οὖν,
2795 3976 2870 4039 ὡς
2895 3971 3008 4029 οἷόν
3035 3991 3094 4028 τε
3122 3969 3215 4046 ἦν,
3252 3976 3310 4029 έν
3342 3973 3545 4046 βεϐαίῳ
3583 3973 3728 4037 ἕξειν

2142 4067 2309 4120 αὐτοῦ
2335 4067 2436 4139 τὴν
2472 4067 2609 4140 πρὸς
2641 4067 2922 4138 Τούρκους
2951 4067 3134 4137 φιλίαν
3167 4069 3384 4124 ᾶπαντα
3416 4081 3730 4139 παρεσκευ-

2143 4158 2328 4224 ἅζετο.

2213 4335 2301 4402 ιζ’.
2345 4336 2471 4392 Ὅτι
2500 4332 2658 4402 αὖθις
2688 4337 2736 4391 oi
2770 4335 3322 4408 ’Ἀϐαροιπρεσϐείαν
3355 4335 3608 4390 ἔστειλαν
3649 4336 3729 4400 ὡς

2151 4429 2482 4500 Ῥωμαίους,
2515 4430 2610 4482 καὶ
2637 4430 2767 4500 περὶ
2811 4422 2885 4482 ὧν
2920 4427 3203 4493 πολλάκις,
3235 4429 3363 4501 περὶ
3401 4427 3510 4481 τῶν
3541 4427 3728 4481 αὐτῶν

2142 4517 2565 4591 ἐπρεσϐεύοντο.
2625 4519 2714 4583 Ὠς
2743 4520 2799 4572 δὲ
2832 4519 2985 4573 οὐδὲν
3016 4519 3292 4589 ὑπήκουον
3332 4520 3382 4572 οἱ
3433 4519 3723 4588 Ῥωμαῖοι,

455 4597 614 4672 1ι5
672 4600 933 4670 (nondum
987 4603 1131 4657 enim
1175 4600 1392 4659 Iustino
1447 4605 1769 4677 placuerat),
1816 4608 2032 4662 tandem

2145 4612 2226 4683 (οὐ
2256 4611 2365 4682 γὰρ
2406 4611 2692 4664 ’Ῑουστῖνον
2721 4611 2765 4643 "
2803 4610 2896 4664 τὸν
2939 4611 3320 4682 αὐτοκράτορα
3363 4610 3616 4681 ἠρεσκε),
3662 4611 3728 4662 τὸ

448 4688 684 4758 Apsicho
755 4690 1078 4762 legationem
1133 4694 1392 4762 obeunte,
1433 4694 1687 4752 Tiberius
1731 4705 1786 4751 et
1838 4697 2036 4766 Apsich

2145 4704 2452 4757 τελευταῖον
2481 4703 2574 4757 τοῦ
2603 4703 2763 4774 ’Ᾱψὶχ
2796 4704 2853 4766 ὲς
2889 4702 3189 4775 πρεσϐείαν
3217 4703 3560 4772 ἐληλυθότος,
3599 4701 3726 4768 ξυν-

449 4779 502 4833 iu
541 4794 617 4834 ea.
657 4783 918 4838 sententia
967 4786 1344 4853 constiterunt,
1388 4795 1448 4841 ut
1493 4787 1760 4842 Avaribns
1808 4787 2039 4844 Romani

2147 4796 2311 4867 ήρεσε
2346 4793 2582 4866 Τιϐερίῳ
2613 4794 2708 4848 καὶ
2763 4796 2878 4858 τοῖς
2908 4792 3038 4865 περὶ
3081 4794 3174 4847 τὸν
3229 4795 3392 4864 Ἀψὶχ
3438 4803 3727 4865 παρασχεο

448 4882 651 4926 terram
709 4874 762 4928 in
797 4889 903 4944 qua
948 4876 1524 4944 babitarent,,darent,
1553 4878 1597 4933 si
1640 4879 1850 4944 obside,
1891 4879 2033 4937 ﬁlios

2145 4888 2302 4960 θῆναι
2337 4888 2442 4959 γῆν
2472 4889 2598 4953 τοὺς
2649 4888 2978 4960 Ῥωμαίους,
3037 4888 3124 4942 ἵνα
3149 4887 3558 4953 κατοικίζεσθαι
3599 4888 3727 4958 μέλ-

446 4966 767 5036 θοτυιιιλιιοὶ
801 4970 941 5038 apud
971 4970 1118 5040 ipsos
1149 4971 1373 5041 imperia
1401 4973 2028 5043 gerebant,acciperent.

2145 4980 2281 5034 λοιεν
2311 4981 2362 5033 οἱ
2413 4979 2666 5052 Ἀϐαροι,
2712 4981 2766 5034 sf
2789 4997 2853 5048 ys
2885 4981 2994 5034 τῶν
3029 4979 3185 5050 παρὰ
3215 4979 3400 5049 σφίσιν
3441 4979 3726 5048 ἀρχόντων

451 5055 582 5122 Qua
617 5055 868 5115 Tiberius
906 5059 1219 5130 imperatori
1263 5062 1792 5130 significavit..Quod
1843 5071 2026 5120 tamen

2145 5071 2399 5142 λήψονται
2446 5071 2574 5133 τοὺς
2619 5069 2813 5134 παῖδας
2866 5068 3297 5141 ὁμηρεύσοντας.
3355 5069 3469 5123 Καὶ
3508 5066 3603 5121 οὖν
3650 5067 3724 5120 τὰ

449 5148 676 5204 minime
711 5150 1017 5207 rationibus
1051 5152 1418 5207 Romanorum
1459 5155 1762 5209 conducere
1795 5155 2027 5224 impera-

2145 5161 2314 5216 τοιάδε
2363 5160 2616 5232 Τιϐέριος
2667 5162 2910 5231 ἐσήμηνε
2965 5160 3197 5230 βασιλεῖ.
3276 5158 3438 5212 Ἀλλὰ
3479 5157 3592 5229 γὰρ
3642 5157 3724 5228 τῷ

447 5247 534 5293 tor
579 5242 818 5311 censuit,
901 5258 1079 5312 neque
1149 5245 1308 5298 aliter
1376 5260 1436 5301 se
1495 5260 1683 5316 pacem
1756 5247 2028 5301 facturum

2145 5253 2504 5324 αὐτοκράτορι
2545 5251 2606 5304 οὗ
2633 5269 2686 5305 τι
2715 5253 2892 5305 ἐδόκει
2919 5253 3034 5316 τοῖς
3068 5251 3359 5324 πράγμασι
3411 5250 3521 5304 τῶν
3578 5249 3720 5302 Ῥω-

447 5332 604 5398 dixit,
651 5336 754 5392 nisi
814 5336 1024 5404 aliquos
1050 5351 1113 5390 ex
1149 5336 1332 5391 liberis
1379 5338 1548 5407 ipsius
1587 5339 1738 5392 ducis
1792 5339 2030 5393 Avarum

2145 5343 2317 5412 μαίων
2365 5338 2504 5396 εἶναι
2549 5342 2866 5404 λυσιτελέςο
2925 5342 3027 5395 οὐκ
3073 5342 3251 5405 ἄλλως
3289 5342 3345 5395 δὲ
3375 5339 3720 5412 είρηνεύσειν

447 5423 665 5481 obsides
704 5436 964 5492 sumeret,
999 5426 1220 5482 Tiberio
1267 5443 1398 5484 vero
1428 5446 1533 5485 non
1577 5431 1676 5485 ista
1707 5432 2028 5500 probantur.

2145 5431 2401 5500 ἔφασκεν,
2432 5433 2485 5486 εί
2513 5449 2576 5501 γε
2607 5433 2682 5503 μὴ
2708 5430 2878 5486 ἀὐτοῦ
2904 5431 3042 5502 δῆτα
3070 5433 3166 5486 τοῦ
3208 5432 3455 5503 Ἀϐάρων
3476 5433 3523 5464 ⁷⁸
3550 5433 3717 5501 ἡγου-

1738 5541 1969 5599 νΑιιιιλΕ
2009 5544 2300 5599 LECTION
2311 5544 2412 5599 ES.

518 5629 568 5661 ’⁷⁸
599 5629 1183 5725 Cotti-iguriuégatbia‘z.
1260 5634 1304 5665 '“
1330 5633 1744 5725 FEdreﬂBq‘xa‘t
1771 5637 1854 5725 δτι
1875 5639 2022 5725 vulg.
2087 5639 2144 5725 l‘
2172 5639 2351 5724 ἐξῄτει
2413 5638 2499 5720 ῐξη
2532 5639 2894 5725 ὲζήτειΙνυΙὲ.
2922 5641 3019 5725 "7.3
3060 5641 3404 5725 προσήκοντα
3451 5638 3712 5725 βοηςπρο-

451 5701 784 5784 aixovuvuig.
863 5703 906 5733 ⁷³
931 5701 1215 5784 διηνύσθαι
1252 5701 1400 5779 vulg.
1481 5706 1525 5738 "
1551 5707 1643 5762 καὶ
1676 5711 1910 5780 κινῆσαν
1942 5701 2007 5762 Ν.
2087 5710 2132 5742 ⁷⁸
2163 5701 2356 5766 καῖ’τὰ
2385 5711 2491 5763 τῶν
2521 5701 2670 5780 conj.
2697 5709 2760 5764 N.
2839 5701 2882 5742 ’ῖτ
2922 5701 3382 5784 ‘louwri'vov'vulg.
3459 5708 3508 5744 ⁷⁸
3555 5711 3710 5765 ’Λϐάε

453 5784 558 5839 ρων
615 5768 704 5834 Ν.,
740 5768 1028 5842 Ῥωμαίωῦ
1090 5776 1233 5846 vulg.
