4076 6420
324 380 433 446 821

1115 381 1211 444 DE
1251 382 1814 447 LEGATIONIBUS
1847 380 2205 448 GENTIUM
2240 388 2343 464 AD
2378 384 2761 447 ROMANOS.

3483 383 3592 444 8’29

330 490 498 561 μένου
533 487 686 543 λάϐοι
717 487 827 542 τῶν
864 488 1073 545 παίδων
1100 491 1253 556 τινὰς
1283 494 1341 557 ές
1370 478 1633 565 ὁμήρους.
1668 495 1904 566 Τιϐερίῳ

2017 498 2102 555 Sic
2134 500 2279 555 enim
2302 497 2607 568 judicabat,
2656 496 2704 551 si
2739 494 2954 566 aliquos
3012 494 3213 550 liberos
3250 509 3460 563 eorum,
3492 494 3581 565 qui

327 580 387 633 δὶ
414 579 478 632 οὐ
503 578 677 634 ταυτὰ
711 579 757 611 τ’
789 578 985 634 ἐδόκει·
1031 581 1385 653 έγνωμάτευε
1428 584 1560 656 γὰρ,
1610 587 1710 653 ὼς,
1756 585 1811 639 εῐ
1840 602 1906 654 γε

327 671 440 725 τῶν
468 673 623 743 παρά
654 670 891 736 Σκύθαις
914 672 1191 745 ἀρχόντων
1217 675 1485 746 λήψονται
1517 678 1643 743 τοὺς
1684 679 1904 748 παῖδας,

327 756 417 814 οἷα
453 761 625 826 εἰκὸς,
677 760 1069 833 βουλευομένου
1099 764 1191 819 τοῦ
1236 766 1491 837 Χαγάνου
1528 767 1599 822 τὰ
1634 768 1905 834 ξυντεθει-

333 852 472 924 μένα
522 851 907 923 παρώσασθαι,
933 855 1012 949 ﬁot’i
1047 858 1425 929 συγχωρήσειν
1454 860 1563 913 τῶν
1606 860 1908 933 ὁμηρευόν-

328 960 439 998 των
486 944 614 1010 τοὺς
650 944 1229 1020 πατέρας.’Τιϐέριος
1282 951 1382 1021 μὲν
1432 952 1646 1006 τοιᾶσδε
1694 952 1909 1024 ὑπῆρχε

329 1036 579 1109 γνώμης,
603 1037 814 1109 βασιλεῖ
843 1040 900 1093 δὲ
931 1040 1030 1112 οὐχ
1060 1041 1235 1107 οὕτως
1264 1044 1462 1099 ἐδόκει.
1487 1044 1654 1099 Ἀλλὰ
1679 1044 1791 1115 γὰρ
1814 1044 1911 1116 δή-

332 1144 438 1182 που
467 1129 563 1183 καὶ
599 1129 882 1200 ένεμέσιζε
910 1134 1024 1194 τοῖς
1074 1131 1365 1203 Ῥωμαίων
1396 1135 1787 1207 στρατιάρχαις
1817 1137 1910 1191 τὰν

335 1217 575 1289 πόλεμον
621 1218 1097 1293 ἀναϐαλλομένοις,
1154 1222 1445 1287 συλλαϐαῖς
1492 1241 1554 1278 τε
1601 1224 1802 1297 ἐχρῆτο
1832 1226 1912 1289 ὼς

330 1308 531 1372 αὐτοὺς
563 1308 1013 1382 διαγορευούσαις
1045 1312 1115 1380 ⁸⁸,
1155 1313 1232 1378 ὡς
1286 1314 1398 1368 δέοι
1437 1318 1552 1379 τοῖς
1603 1316 1911 1388 Βαρϐάροις

332 1399 730 1466 ἱνδείκνυσθαι,
758 1403 844 1457 ὃτι
893 1420 958 1474 γε
1001 1404 1176 1477 δήπου
1253 1405 1551 1476 Ῥωμαίοις
1595 1407 1716 1478 οὑχῖ¹
1749 1408 1807 1471 ἐς
1850 1408 1913 1461 τὸ

334 1489 684 1562 ἁϐροδίαιτον
712 1495 742 1547 δ
768 1492 883 1564 βίος
913 1495 956 1528 ⁸³
992 1533 1009 1551 .
1038 1535 1054 1551 .
1094 1536 1109 1551 .
1127 1533 1145 1561 ,
1173 1495 1349 1560 ἄλλως
1374 1496 1431 1549 δὲ
1457 1496 1532 1561 ὡς
1560 1497 1913 1570 φιλοπόλεμοι

331 1582 395 1636 τέ
438 1584 545 1638 είσι
570 1585 665 1638 καὶ⁵
694 1586 1007 1657 φερέπονοι.
1068 1587 1222 1642 Ἐπεὶ
1249 1587 1309 1642 δὲ
1340 1588 1410 1642 τὰ
1426 1588 1527 1659 τῆς
1556 1588 1729 1661 ἔριδος
1758 1590 1914 1643 ὲνίκα

338 1677 436 1729 καὶ
464 1677 493 1729 ὁ
522 1675 761 1747 πόλεμος
799 1676 1101 1747 ἠπειλεϊτο,
1141 1676 1391 1749 Τιϐέριος
1448 1678 1692 1750 ἐσήμηνε
1749 1680 1916 1751 Βώνῳ

340 1771 399 1823 ἐν
438 1768 729 1840 γράμμασι
774 1770 1115 1840 φυλάξασθαι
1157 1770 1256 1836 τὰς
1294 1771 1707 1843 διαϐάσειςξτοῦ
1739 1791 1909 1829 ποτα-

341 1876 465 1929 μου.

410 1957 502 2020 ιη’.
522 1951 649 2005 Ὀτι
678 1952 819 2023 μετὰ
842 1953 941 2024 τὴν
972 1953 1130 2027 νίκην
1151 1956 1262 2010 τῶν
1292 1957 1562 2029 ’Ᾱϐἀρων,
1584 1958 1909 2029 ἡττηθέντος

336 2041 591 2112 Τιϐερίου
645 2042 737 2097 τοῦ
774 2046 1122 2117 στρατηγοῦ,
1155 2048 1294 2118 μετὰ
1331 2049 1428 2113 τὰς
1462 2049 1736 2121 ξυνθήκας
1779 2066 1908 2103 συν-

337 2132 504 2201 ήρεσε
532 2131 979 2202 πρεσϐεύσασθαι
1000 2135 1077 2200 ὡς
1092 2135 1184 2190 τὸν
1209 2138 1909 2210 ῬωμαίωνΙαὺτοκράτορι

337 2222 451 2276 Καὶ
491 2222 556 2293 δὴ
585 2222 835 2294 Τιϐέριος
866 2224 1258 2290 ξυναπέστειλε
1292 2230 1359 2300 τῇ
1397 2229 1669 2300 πρεσϐείᾳ
1705 2233 1914 2301 Δαμια-

336 2310 430 2365 νὺν
477 2310 799 2383 ταξίαρχον,
850 2314 1095 2385 ἐσήμηνέ
1134 2331 1195 2368 τε
1233 2313 1313 2384 τῷ
1345 2314 1558 2385 βασιλεῖ
1594 2315 1810 2369 ἅπαντα
1846 2314 1914 2369 τὰ

336 2402 724 2473 ξυνενεχθέντα
753 2403 800 2436 θ’
822 2444 838 2469 ,
893 2404 987 2459 καὶ
1047 2406 1179 2478 περὶ
1224 2397 1300 2461 ὧν
1358 2404 1607 2475 βούλεται
1655 2406 1717 2460 τδ
1756 2406 1916 2461 Ἀϐα-

338 2493 517 2561 ρικδν.
575 2496 684 2549 Kal
731 2496 1058 2551 ἐσπείσαντο
1123 2497 1323 2562 τελέως
1381 2497 1643 2568 Ῥωμαῖοί
1698 2515 1763 2552 τε
1821 2501 1916 2553 καὶ

341 2584 596 2657 Ἀϐαροι.

412 2673 499 2730 ιϐ’.
542 2676 668 2729 Ὀτι
717 2674 826 2730 τῶν
890 2678 1143 2751 ’Λϐάρων
1194 2679 1577 2751 σπεισαμένων
1627 2682 1721 2736 καὶ
1757 2683 1814 2745 ές
1848 2682 1918 2735 τὰ

337 2767 515 2821 οἰκεῖα
564 2769 979 2840 ἀπερχομένων,
1018 2773 1067 2824 οί
1104 2771 1419 2843 Σκαμάρεις
1471 2773 1756 2844 έγχωρίως
1802 2773 1918 2828 ὀνο-

343 2858 642 2929 μαζόμενοι
690 2861 1106 2933 ἐνεδρεύσαντες
1150 2864 1435 2932 ἀφείλοντο
1490 2865 1689 2930 ἵππους
1718 2883 1778 2919 τε
1824 2870 1919 2921 καὶ

340 2948 581 3019 ἄργυρον
610 2949 705 3002 καὶ
740 2949 935 3021 ἑτέραν
965 2951 1301 3023 ἀποσκευήν.
1334 2951 1553 3006 Τούτων
1579 2953 1743 3007 ἕνεκα
1782 2973 1919 3026 πρε-

345 3036 530 3091 σϐείαν
564 3039 809 3094 ἔστειλαν
840 3036 996 3105 αὖθις
1032 3042 1108 3107 ὡς
1133 3043 1402 3113 Τιϐέριον,
1435 3043 1546 3098 τῶν
1578 3046 1920 3117 κεκλοφότων

2009 590 2149 660 apud
2205 589 2436 661 Scythas
2474 589 2876 660 imperitabant,
2910 586 3129 644 obsides
3174 585 3418 650 haberet,
3473 586 3595 641 fore

2011 689 2091 746 ut,
2127 681 2177 737 si
2226 680 2514 752 Chaganus
2561 694 2591 735 a
2628 693 2763 751 pace
2826 679 3085 735 recedere
3156 677 3337 743 vellet,
3404 686 3588 744 patres

2011 772 2155 828 baud
2206 773 2371 828 dubie
2424 785 2638 837 eorum,
2699 773 2792 841 qui
2840 773 2982 840 apud
3038 770 3313 825 Romanos
3371 768 3590 823 obsides

2009 871 2214 930 essent,
2250 862 2359 920 non
2405 864 2806 934 permitterent.
2862 861 3066 917 Tiberii
3116 862 3280 931 igitur
3314 861 3427 915 bare
3474 871 3593 914 erat

2010 955 2307 1011 sententia.
2354 954 2463 1011 Sed
2517 955 2829 1025 imperatori
2877 967 3065 1025 pacem
3119 954 3344 1009 omnino
3369 952 3592 1007 minime

2012 1045 2317 1103 faciendam
2371 1046 2677 1103 videbatur.
2749 1045 3003 1113 Quinimo
3059 1044 3191 1115 ipsis
3250 1045 3589 1099 exercituum

2010 1139 2242 1195 ducibus
2301 1139 2638 1202 saccetisuit,
2689 1138 2839 1207 quod
2881 1135 3079 1192 bellum
3131 1148 3322 1206 gerere
3367 1143 3592 1190 cuncta-

2014 1243 2223 1300 rentur,
2291 1232 2490 1290 litteris
2539 1244 2757 1301 quoque
2804 1242 2900 1286 eos
2964 1227 3268 1294 admonuit,
3319 1234 3592 1297 oportere,

2013 1333 2074 1380 ut
2113 1323 2364 1379 barbaris
2401 1322 2779 1389 ostenderent,
2830 1319 3201 1375 Romanorum
3260 1327 3441 1373 mores
3484 1332 3592 1370 non

2014 1416 2068 1471 in
2114 1414 2396 1471 mollitiem
2430 1421 2488 1470 et
2531 1413 2784 1470 inertiam
2834 1413 3220 1482 degenerasse,
3278 1414 3375 1466 sed
3428 1426 3488 1465 se
3517 1410 3593 1463 la.

2012 1507 2205 1563 borum
2262 1506 2530 1577 patientes
2571 1514 2628 1562 et
2676 1504 2799 1561 belli
2829 1505 3055 1574 cupidos
3091 1512 3234 1560 esse.
3279 1502 3352 1558 Ut
3387 1503 3593 1559 discor—

2013 1598 2103 1654 dia
2134 1598 2415 1668 prmvaluit
2452 1605 2507 1653 et
2534 1597 2783 1653 bellicum
2834 1596 2957 1651 cani
2992 1604 3233 1665 coeptum
3264 1603 3369 1659 est,
3420 1593 3583 1648 Tibe-

2015 1692 2130 1748 rius
2163 1691 2359 1747 litteris
2392 1691 2603 1747 Bonum
2657 1688 2958 1755 admonuit,
2992 1696 3053 1744 ut
3091 1688 3404 1757 diligentem
3444 1686 3592 1741 ﬂuvii

2016 1784 2316 1841 custodiam
2352 1783 2576 1840 faceret.

2089 1960 2177 2015 18.
2240 1958 2454 2017 fiberio
2504 1959 2667 2025 victo,
2709 1968 2766 2015 et
2792 1959 3019 2014 victoria
3062 1956 3251 2028 potitis
3303 1954 3595 2017 Avaribus,

2013 2062 2341 2109 conventum
2370 2062 2476 2117 est,
2499 2051 2823 2122 legationem
2853 2066 2953 2121 per
2975 2050 3223 2105 inducias
3248 2048 3335 2117 [ad
3370 2048 3606 2116 impera-

2016 2156 2187 2201 torem
2215 2144 2395 2217 mitti.‘
2442 2144 2717 2215 Ad-quam
2743 2143 2998 2199 Tiberius
3024 2142 3368 2205 Damianum,
3398 2138 3609 2195 ordinis

2015 2236 2338 2302 ductorem,‘
2357 2235 2525 2300 misit,
2561 2234 2652 2304 qui
2696 2233 2849 2289 illum
2875 2248 3089 2297 eorum,
3116 2246 3237 2303 qua:
3258 2231 3601 2298 contigerant

2015 2337 2072 2386 et
2091 2344 2213 2399 qua:
2240 2328 2447 2384 Avares
2476 2326 2697 2392 vellent,
2736 2324 3025 2382 certiorem
3077 2325 3299 2379 faceret.
3359 2320 3598 2376 Tandem

2018 2421 2195 2480 lmdus
2227 2422 2371 2476 inter
2424 2418 2701 2475 Romanos
2751 2428 2807 2474 et
2833 2418 3044 2472 Avares
3071 2413 3409 2472 estfactum.

2092 2680 2179 2737 l9.
2212 2679 2442 2736 Fmdere
2479 2679 2633 2746 inito,
2668 2692 2791 2733 cum
2845 2676 3051 2730 Avares
3078 2673 3144 2727 ad
3200 2686 3297 2727 sua
3339 2669 3600 2731 redirent,

2023 2775 2310 2831 Scamares
2353 2774 2531 2843 patrio
2566 2770 2783 2826 nomine
2830 2768 2982 2834 dicti,
3013 2781 3080 2822 ex
3105 2764 3319 2819 insidiis
3350 2762 3459 2818 illis
3487 2762 3598 2817 vim

2022 2865 2290 2930 fecerunt,
2326 2875 2383 2921 et
2426 2877 2617 2933 equos,
2658 2868 2941 2931 argentum
2990 2865 3043 2913 et
3076 2855 3338 2925 reliquam
3388 2852 3606 2922 suppel—

2022 2957 2255 3013 lectilem
2329 2955 2663 3025 eripuerunt.
2741 2950 3082 3020 Quapropter
3146 2947 3469 3016 legationem
3535 2944 3603 2998 ad

2023 3045 2303 3103 Tiberium
2349 3044 2634 3107 miserunt,
2683 3055 2804 3113 quae
2839 3040 2906 3094 de
2959 3037 3122 3092 rebus
3168 3036 3362 3092 ablatis
3406 3049 3603 3104 quere-

344 3127 472 3231 πέρι
497 3129 962 3231 ἐπιμεμφόμενοι,
1000 3132 1082 3186 ἔτι
1107 3134 1199 3187 καὶ
1230 3135 1299 3188 τὰ
1328 3134 1701 3208 ἀφαιρεθέντα
1722 3140 1922 3195 ἀνακο-

2028 3144 2178 3191 retur
2227 3142 2283 3191 et
2312 3143 2462 3203 rapta
2504 3140 2796 3204 repeteret.
2835 3133 2904 3187 At
2950 3129 3330 3203 deprehensis,
3374 3127 3465 3197 qui
3521 3126 3604 3180 la-

345 3217 607 3288 μίσασθαι
631 3219 969 3292 βουλόμενοι.
1005 3224 1118 3278 Kal
1148 3225 1213 3296 δὴ
1234 3225 1687 3299 ἁνερευνηθέντες
1734 3232 1786 3285 οί
1822 3231 1921 3303 τὴν

2026 3226 2313 3283 trocinium
2366 3224 2630 3290 fecerant,
2674 3232 2729 3279 et
2771 3224 2823 3278 in
2866 3234 3115 3294 apertum
3165 3219 3433 3285 adductis,
3482 3232 3606 3288 par-

343 3306 553 3379 κλοπὴν
577 3310 933 3381 είργασμένοι
964 3313 1022 3368 έν
1048 3315 1270 3385 φανερῷ
1306 3334 1369 3370 τε
1396 3319 1699 3390 γενόμενοι,
1727 3322 1921 3395 μοῖράν

338 3411 462 3450 τινα
485 3398 896 3472 ἁπεκατέστησε
927 3402 974 3435 ⁸³
1001 3404 1114 3465 τοῖς
1140 3404 1416 3477 Ἀϐάροις.

412 3484 483 3543 κ’.
523 3489 761 3547 Ὅτιτοῦ
798 3492 1027 3548 δεκάτου
1055 3494 1207 3560 ἔτους
1234 3496 1558 3563 ἀνυσθέντος
1583 3499 1690 3554 τῶν
1720 3520 1923 3576 πεντη-

343 3579 699 3634 κοντουτίδων
720 3582 983 3650 σπονδῶν,
1026 3586 1167 3655 μετὰ
1194 3584 1292 3658 τὴν
1323 3588 1539 3659 σφαγὴν
1574 3588 1838 3662 Σουρήνα,
1862 3594 1920 3645 ὲν

341 3668 517 3739 τούτῳ
544 3671 573 3723 ὁ
606 3672 834 3743 Περσῶν
866 3675 1119 3744 βασιλεὺς
1152 3676 1362 3731 στέλλει
1401 3679 1703 3752 Σεϐόχθην,
1750 3683 1920 3755 ἄνδρα

343 3758 586 3830 Πέρσην,
637 3761 696 3824 ές
748 3763 1045 3831 πρεσϐείαν
1094 3764 1170 3829 ὡς
1214 3764 1498 3821 ἰουστῖνον
1551 3769 1642 3823 τὸν
1673 3770 1917 3841 βασιλέα,

342 3849 452 3902 τῶν
513 3851 572 3903 έν
618 3852 1009 3927 Περσαρμενία
1064 3856 1165 3926 μὲν
1223 3857 1647 3929 ξυνενεχθέντων
1693 3861 1918 3929 ἄγνοιαν

342 3937 504 4008 δῆθεν
549 3940 1016 4012 ὑποκρινόμενος,
1056 3942 1234 4009 ἄλλως
1284 3945 1342 3999 δὲ
1385 3947 1445 4001 τὸ
1484 3951 1918 4020 συντεταγμένον

356 4025 666 4100 Ῥωμαίους
714 4033 1063 4089 κατατιθέναι
1106 4036 1328 4106 χρυσίον
1364 4036 1707 4109 βουλόμενος,
1740 4035 1826 4095 οἷα
1853 4041 1918 4114 δὴ

342 4116 445 4186 τῆς
475 4118 762 4182 δεκαετίας
799 4121 1223 4194 περαιωθείσης,
1251 4118 1319 4195 ἦς
1344 4124 1411 4178 τὰ
1445 4126 1704 4196 χρήματα
1738 4127 1829 4196 ὑφ’
1858 4129 1919 4183 ἓν

344 4209 661 4280 ἐκομίσατο,
702 4206 821 4266 εἶτα
860 4213 1218 4283 ὲμπεδώτατα
1262 4213 1581 4279 ξυνεστάναι
1622 4218 1723 4290 τὴν
1761 4221 1917 4294 είρή-

343 4317 477 4370 νην,
531 4301 677 4356 καθά
720 4319 825 4355 που
885 4303 1255 4374 ἐνεγέγραπτο
1303 4307 1361 4359 ὲν
1416 4309 1537 4371 ταῖς
1597 4309 1915 4383 ξυνθήκαις.

346 4389 559 4461 Σφόδρα
584 4391 696 4463 γὰρ
719 4393 778 4446 έν
798 4394 997 4465 ἀρχαῖς
1032 4397 1262 4467 ἐτάραξε
1292 4401 1540 4473 Χοσρὸην
1571 4404 1911 4477 αίσθόμενον,

2025 3329 2132 3375 tem
2163 3318 2397 3389 aliquam
2438 3317 2708 3372 Avaribus
2761 3316 3023 3371 restituit.

2089 3499 2160 3554 20
2211 3497 2297 3567 (Α.
2325 3494 2387 3551 C.
2433 3496 2560 3562 571,
2599 3494 2713 3550 Ind.
2749 3494 2806 3559 ὁ,
2832 3491 3026 3549 Justini
3055 3491 3133 3561 7.)
3161 3490 3366 3546 Exacto
3393 3489 3605 3545 decimo

2020 3590 2415 3661 quinquaginta
2507 3600 2773 3641 annorum
2844 3584 3184 3639 induciarnm
3253 3596 3423 3649 anno,
3484 3591 3605 3648 post

2020 3680 2232 3736 Surinaz
2282 3679 2507 3743 eaedem,
2560 3676 2847 3732 Persarum
2879 3683 2973 3730 rex
3022 3675 3370 3739 Sebocbtem,
3426 3672 3602 3725 virum

2020 3769 2267 3833 Persam,
2293 3767 2527 3838 legatum
2564 3769 2630 3822 ad
2663 3762 2938 3824 Ιιυειὶιιιιιῐι
2982 3768 3368 3837 imperatorem
3414 3766 3598 3820 mittit.

2017 3859 2111 3914 Ille
2146 3858 2363 3928 quidem
2414 3857 2810 3929 ignorationem
2857 3873 3070 3924 eorum,
3120 3872 3240 3926 quae
3272 3857 3325 3912 in
3374 3855 3603 3910 Persar-

2018 3953 2198 4008 menia
2245 3960 2396 4022 gesta
2435 3960 2613 4017 erant,
2658 3949 2928 4021 ﬁngebat,
2978 3959 3032 4005 et
3076 3965 3199 4006 cum
3239 3949 3426 4004 decem
3474 3948 3607 4001 anni

2018 4041 2431 4114 prmteriissent,
2488 4055 2719 4110 quorum
2785 4040 2991 4095 tributa
3051 4040 3105 4095 in
3156 4055 3323 4095 unum
3378 4038 3600 4093 collata.

2017 4132 2236 4188 fuerant
2287 4129 2481 4197 soluta,
2529 4128 2788 4200 deinceps
2824 4129 3101 4186 Romanos
3151 4145 3346 4185 aurum
3385 4131 3452 4186 de
3490 4146 3603 4200 quo

2017 4231 2407 4289 convenerant,
2458 4220 2689 4288 solvere,
2722 4229 2782 4277 ut
2807 4220 3106 4278 fmderibus
3157 4221 3419 4291 scriptum
3460 4230 3603 4286 erat,

2018 4326 2073 4369 et
2100 4329 2289 4386 pacem
2329 4322 2581 4370 constare
2616 4313 2855 4382 petebat.
2902 4311 3038 4367 Nam
3083 4327 3206 4368 cum
3248 4312 3403 4365 initio
3440 4312 3603 4383 116

2018 4402 2286 4459 Chosroes
2312 4401 2701 4471 suspicaretur,
2739 4399 3106 4455 Romanorum
3152 4400 3534 4470 imperatorem
3573 4419 3603 4457 a

344 4481 419 4544 ὡς
449 4480 710 4551 βασιλεὺς
768 4484 1063 4556 Ῥωμαίων
1113 4490 1250 4559 πρὸς
1298 4492 1537 4565 πόλεμον
1565 4495 1727 4569 ὥρμα
1759 4498 1807 4531 ⁸⁸
1852 4501 1921 4555 τὰ

2024 4493 2419 4550 conditionibus
2484 4492 2636 4564 pacis
2690 4494 3032 4548 recedentem
3084 4494 3151 4547 ad
3198 4493 3395 4548 bellum
3450 4494 3602 4560 ferri,

344 4576 593 4646 είρηναῐα
643 4578 1061 4649 παρωσάμενος.
1126 4581 1411 4639 Ἐδεδοίκει
1460 4603 1543 4651 τε,
1593 4590 1669 4660 μή
1709 4608 1827 4657 πως
1856 4592 1921 4648 ὲκ

348 4667 593 4738 μεγάλης
622 4670 982 4738 παρασκευῆς
1013 4670 1253 4727 ἑπιθοῖτό
1286 4691 1343 4728 τε
1368 4677 1540 4747 αὐτῷ.
1588 4680 1700 4734 Καὶ
1742 4682 1919 4749 ἄλλως

343 4756 441 4830 οὐχ
494 4758 695 4828 ἥκιστα
752 4760 1008 4830 φροντίδα
1058 4760 1289 4828 ἐτίθετο,
1339 4765 1418 4828 είς
1467 4766 1696 4838 ἔσχατον
1740 4772 1919 4844 γῆρας

344 4848 625 4920 ἐληλακὼς
675 4850 770 4904 καὶ
823 4850 925 4923 ήδη
986 4850 1340 4924 ἐκλελυμένος
1399 4861 1520 4924 ταῖς
1569 4862 1769 4932 ὁρμαῖς
1819 4865 1916 4919 τοῦ

344 4940 606 5012 πολέμου,
646 4942 787 4998 ὥστε
841 4942 1118 5015 ἐρρῶσθαι
1169 4946 1237 4999 τὰ
1284 4949 1556 5020 είρηναῖα,
1596 4953 1691 5005 καὶ
1724 4952 1914 5027 ὥσπερ

343 5031 541 5102 ἀμέλει
596 5034 852 5105 πατρῷον
900 5033 1092 5106 κτῆμα
1118 5038 1234 5101 τοῖς
1278 5055 1342 5108 γε
1382 5039 1550 5095 αὐτοῦ
1591 5046 1748 5099 παισὶ
1778 5047 1917 5101 ἀσά-

341 5122 509 5178 λευτά
531 5140 591 5177 τε
623 5124 718 5178 καὶ
750 5125 972 5196 ἄτρωτα
1001 5126 1342 5184 καταλιπεῖν.
1388 5130 1663 5205 Σεϐὀχθην
1690 5135 1789 5205 μὲν
1822 5136 1917 5196 οὖν

353 5214 641 5283 Ἰουστῖνος
698 5219 1030 5289 φοιτήσαντα
1081 5220 1140 5283 ές
1191 5222 1285 5275 τὸν
1327 5221 1552 5293 βασιλέα
1585 5225 1646 5279 οὔ
1673 5246 1726 5282 τι
1770 5231 1919 5301 μάλα

343 5307 622 5376 προσίετο,
677 5307 801 5361 ιπεὶ
836 5307 932 5361 καὶ
965 5307 1163 5375 ἄλλως,
1213 5310 1375 5381 ἡνίκα
1422 5314 1636 5385 είσῆλθε
1680 5320 1823 5374 κατὰ
1851 5320 1917 5392 δὴ

338 5398 403 5451 τδ
450 5399 640 5465 είωθδς
682 5400 775 5453 τὸν
819 5399 1197 5473 αὐτοκράτορα
1237 5407 1632 5478 προσκυνήσων
1655 5448 1670 5475 ,
1732 5414 1912 5483 χαμαὶ

344 5490 599 5561 ῥίψαντος
638 5491 850 5557 ἑαυτὸν,
891 5490 1035 5546 οὕτω
1079 5493 1312 5563 ξυμϐὰν,
1358 5499 1386 5551 ὁ
1436 5499 1591 5564 πῖλος
1632 5501 1692 5565 ὃς
1721 5503 1815 5556 ἐπὶ
1845 5510 1911 5577 τῇ

2027 4585 2185 4641 valde
2231 4586 2581 4655 perturbatus
2633 4584 2833 4647 fueratO
2869 4582 3173 4640 Verebatur
3220 4585 3389 4651 enim,
3440 4601 3506 4640 ne
3535 4602 3603 4641 ex

2028 4680 2320 4751 improviso
2396 4679 2694 4746 imperator
2765 4691 2885 4731 cum
2961 4691 3158 4743 magno
3231 4688 3492 4747 apparatu
3543 4693 3603 4733 se

2026 4771 2169 4827 bello
2217 4767 2627 4841 aggrederetur.
2688 4765 2999 4822 Etomnino
3038 4765 3113 4820 illi
3164 4766 3402 4822 maxime
3456 4783 3603 4823 curae

2024 4870 2164 4929 erat,
2206 4874 2330 4916 cum
2383 4855 2496 4928 jam
2540 4856 2606 4910 ad
2657 4864 2953 4912 extremam
3015 4865 3350 4913 senectutem
3410 4874 3601 4929 pervc-

2025 4958 2217 5019 nisset,
2263 4960 2318 5008 et
2356 4949 2618 5006 bellorum
2668 4948 2897 5004 consilia
2950 4949 3241 5019 omisisset,
3295 4966 3483 5021 pacem
3519 4953 3603 5007 in-

2014 5047 2270 5103 violatam
2323 5053 2562 5107 servare,
2594 5048 2649 5095 et
2686 5039 2849 5094 nullis
2892 5040 3048 5096 bellis
3086 5041 3497 5099 iuterturbatam
3545 5054 3602 5098 ct

2018 5137 2333 5209 impeditam
2382 5133 2531 5203 regni
2562 5132 2772 5203 paterni
2819 5135 3217 5202 possessionem
3254 5136 3439 5191 liberis
3483 5137 3598 5192 suis

2018 5229 2352 5298 relinquere.
2397 5224 2699 5295 Imperator
2754 5232 2954 5301 autem
3006 5224 3367 5283 Sebocbthem
3419 5228 3485 5281 ad
3535 5242 3596 5281 se

2018 5317 2328 5373 venientem
2385 5329 2493 5370 non
2548 5313 2726 5384 magni
2807 5314 3061 5382 faciebat,
3124 5315 3419 5385 praesertim
3470 5330 3594 5370 cum

2019 5410 2328 5474 accidisset,
2372 5404 2534 5461 simul
2570 5415 2732 5476 atque
2754 5404 3029 5476 ingressus
3057 5416 3140 5461 est
3186 5406 3591 5475 imperatorem.

2023 5514 2084 5560 ιιι
2130 5502 2301 5557 moris
2332 5508 2475 5564 erat,
2526 5513 2817 5565 venerans,
2851 5508 2906 5555 et
2954 5500 3021 5554 ad
3055 5498 3219 5569 pedes
3268 5500 3384 5569 ejus
3436 5502 3585 5555 humi

1626 5614 1866 5674 VARUE
1902 5617 2315 5677 LECTIONES.

410 5701 460 5784 γ’
490 5703 668 5784 ταῦτα
682 5703 846 5784 ναιίζεΔ
882 5703 950 5784 ⁵⁸⁸
964 5703 1406 5784 διαλγρρυεούσαις
1445 5710 1910 5784 βηδιαγορεύσας
1936 5715 2083 5784 vulg.
2158 5713 2203 5744 ⁸⁸
2235 5712 2575 5784 ἁϐροδίαιτον
2602 5714 2631 5764 ὁ
2654 5711 2768 5784 βίος
2792 5709 2940 5784 ἐστίν
2968 5708 3059 5776 Η.,
3082 5725 3189 5784 mg.
3213 5711 3467 5784 ἀϐροδίας
3500 5714 3588 5767 τὸν

340 5774 549 5840 ὀϐίονος
580 5774 724 5844 vulg.
782 5773 847 5807 ’⁸³
878 5773 1199 5844 ξυνεχθέντα
1223 5776 1370 5849 vulg.
1444 5780 1491 5814 ⁸³
1519 5773 1977 5856 απεκατέστησαν
2013 5773 2077 5840 ll.
2113 5773 2325 5856 (male):
2398 5785 2442 5815 ⁸⁸
2469 5773 2667 5851 ὥρμα.’
2715 5779 2781 5846 Ν,

2845 5779 2983 5833 ὥστε
3010 5779 3151 5852 vulg.
