4076 6470
458 398 564 462 823

1318 404 1720 466 EXCERPTA
1765 370 1868 464 Ex
1907 397 2338 466 MENANDRO
2375 388 2910 470 PROTECTORE'

3609 381 3725 466 est

459 511 771 580 procubuit,
798 520 857 565 ut
886 511 1080 582 pileus,
1115 526 1274 581 quem
1311 515 1362 567 in
1414 516 1611 584 capite,
1647 523 1702 569 ut
1747 514 2035 569 Persarum
2070 567 2071 571 η

2156 516 2358 589 κεφαλῇ
2392 518 2531 571 κατὰ
2571 519 2632 571 τὸ
2664 517 3054 589 νενομισμένον
3087 511 3323 586 Πέρσαις
3371 514 3621 568 ἐπέκειτο
3664 517 3723 578 ἐς

459 602 609 672 leges
683 601 889 667 ferunt,
948 604 1218 672 gestabat,
1263 605 1315 657 in
1362 613 1562 659 terram
1631 607 1871 660 caderet.
1930 603 2045 659 Hoc

457 693 647 748 omine
699 693 975 763 principes
1007 693 1107 747 viri
1142 701 1197 748 et
1223 704 1416 747 castora
1445 694 1624 761 turba,
1659 703 1916 764 tanquam
1959 695 2044 749 di-

458 784 666 839 vinitus
714 785 984 850 immisso,
1031 786 1133 846 uti,
1179 793 1233 840 et
1262 785 1406 841 foeda
1447 785 1758 840 adulatione
1809 787 2043 856 impera-

459 885 634 930 torem
687 876 970 941 extollere,
1019 886 1074 930 et
1103 876 1310 943 dicere,
1354 877 1494 943 fore,
1541 886 1603 931 ut
1660 877 1846 935 Persis
1893 877 2045 934 brevi

457 965 510 1020 ei
561 966 994 1022 submitterctur.
1060 968 1175 1023 Hac
1229 969 1557 1037 cogitatione
1629 978 1811 1024 mente
1872 970 2048 1026 elatus

457 1055 725 1124 Justinus,
777 1057 831 1112 in
861 1071 1012 1128 spem
1037 1059 1441 1126 adducebatur,
1464 1061 1671 1126 omnia,
1701 1076 1822 1132 quae
1863 1062 2047 1117 animo

458 1148 731 1215 volvebat,
777 1149 844 1205 ad
877 1157 1123 1219 optatum
1186 1151 1391 1206 exitum
1453 1163 1804 1223 perventura.
1855 1154 2049 1224 Itaque

459 1255 580 1294 eum
609 1238 944 1296 Sebochthes
973 1255 1062 1304 ea.
1098 1255 1330 1313 quorum
1356 1257 1518 1300 causa
1552 1254 1799 1310 venerat,
1845 1261 2049 1301 renun-

460 1334 642 1395 tiaret,
679 1332 976 1400 imperator
1007 1349 1132 1390 eum
1173 1337 1525 1406 contempsit,
1549 1347 1604 1393 et
1637 1338 1788 1393 nullo
1819 1354 2048 1395 numero

465 1425 674 1493 habuit,
719 1427 983 1498 dixitque.
1026 1428 1324 1485 amicitiam
1389 1433 1635 1502 pecuniis
1707 1441 2046 1488 contractam

461 1518 605 1572 haud
661 1520 882 1589 probari
935 1537 950 1574 :
999 1531 1212 1590 turpem
1267 1523 1413 1578 enim
1480 1534 1534 1579 et
1589 1525 1842 1580 servilem
1905 1539 2044 1589 esse,

459 1609 661 1678 quippe
693 1625 816 1679 quae
843 1611 1017 1680 pretio
1060 1620 1238 1681 empta
1279 1620 1464 1681 esset;
1495 1613 1794 1668 amicitiam
1839 1623 2042 1678 autem,

461 1701 616 1770 cujus
651 1702 790 1757 ratio
818 1711 1077 1758 constans
1103 1713 1157 1757 et
1191 1712 1388 1758 natura
1422 1704 1562 1760 bene
1609 1705 1834 1760 fundata
1881 1714 2044 1772 esset,

2145 607 2416 677 τοῦδαφος
2459 610 2643 664 ἔπεσε.
2679 611 2870 682 Τούτῳ
2901 609 3060 680 αἰσίῳ
3107 608 3212 662 τινὶ
3241 605 3495 677 συμϐόλῳ
3515 607 3728 676 χρησά-

2153 717 2305 771 μενοι
2359 701 2409 754 οἱ
2452 701 2511 754 ὲν
2539 701 2686 754 τέλει
2725 703 2820 755 καὶ
2869 702 2897 754 ὁ
2931 701 3109 771 δῆμος
3137 701 3258 764 ταῖς
3293 698 3606 761 κολακείαις
3638 697 3732 752 τδν

2151 790 2375 861 βασιλέα
2405 792 2742 863 ὲπτέρωσαν,
2765 792 2840 856 ὡς
2860 791 2983 844 ὅσον
3009 789 3164 844 οῠπω
3190 791 3546 842 ὑποπεσεῖται
3574 787 3730 858 αύτῷ

2148 885 2181 952 ἡ
2219 883 2438 954 Περσίς.
2474 884 2565 954 Τῷ
2602 901 2686 938 τοι
2717 883 2827 954 ἄρα
2869 883 3152 946 Ἴουστῖνος
3174 881 3487 952 ἐπηρμένος
3516 875 3584 950 ἦν
3611 883 3738 944 ταῖς

2149 973 2330 1029 ἐλπίσι
2389 975 2483 1028 καὶ
2536 975 2898 1045 μετεωρίζετο
2931 977 2996 1045 τῇ
3052 973 3280 1046 διανοίᾳ,
3318 972 3388 1026 τὰ
3433 971 3576 1027 κατὰ
3609 973 3737 1026 νοῦν

2126 1067 2325 1137 ’ῥᾷστα
2363 1066 2692 1137 ὲκϐήσεσθαι
2721 1066 2985 1136 οἰόμενος.
3031 1064 3308 1136 Σεϐόχθην
3333 1063 3397 1135 δὴ
3427 1057 3524 1122 οὖν
3546 1063 3739 1133 ἄγγει-

2149 1157 2318 1211 λαντα
2349 1157 2436 1226 ἐφ’
2463 1152 2546 1221 οἷς
2592 1157 2951 1229 παρεγένετο,
2985 1159 3013 1211 ὁ
3047 1156 3303 1228 βασιλεὺς
3331 1156 3740 1228 περιεφρόνησέ

2151 1267 2215 1317 γε
2265 1250 2447 1315 αὐτὸν,
2484 1252 2579 1303 καὶ
2618 1251 2676 1302 έν
2715 1249 2894 1305 οὐδενὶ
2939 1250 3083 1321 λόγῳ
3117 1251 3356 1303 ἐποιεῖτο
3404 1250 3495 1301 τὸν
3540 1248 3736 1317 ἄνδρα.

2154 1343 2298 1414 Ἔφη
2336 1341 2631 1412 τοιγαροῦν
2665 1342 2740 1406 ὡς
2779 1343 2943 1398 αὐτὸν
2967 1383 2983 1406 ,
3019 1343 3095 1408 ὡς
3143 1343 3176 1414 ἠ
3228 1339 3453 1411 φιλότης
3488 1342 3740 1412 χρήμασι

2143 1434 2513 1505 ’βεϐαιουμένη
2544 1435 2645 1488 οὐκ
2675 1434 2880 1506 ιίιγαθή⁸
2913 1432 3116 1505 αἰσχρὰ
3163 1434 3274 1504 γὰρ
3315 1434 3410 1486 καὶ
3467 1431 3742 1502 ἀνδραπο-

2152 1524 2326 1592 δώδης
2355 1525 2540 1596 ὠνητή
2589 1543 2648 1578 τε
2684 1526 2717 1596 ἡ
2756 1527 2936 1580 τοιάδε
2964 1524 3192 1594 σ’φιλίαν
3219 1524 3276 1578 δὲ
3310 1524 3408 1594 τὴν
3446 1521 3741 1593 ίσόρῤοπόν

2147 1633 2209 1670 τε
2233 1617 2325 1670 καὶ
2362 1617 2481 1688 οὐχὶ
2506 1617 2808 1688 κερδαλέαν
2837 1616 3142 1689 ὁρίζεσθαι,
3173 1619 3233 1671 έν
3309 1616 3406 1670 καὶ
3427 1616 3488 1668 τδ
3520 1615 3743 1686 βέϐαιον

2152 1709 2370 1779 πέπηγε
2405 1710 2450 1742 ⁸⁸
2483 1709 2643 1779 φύσει
2677 1711 2802 1764 τινί.
2853 1711 2996 1782 Πρὸς
3031 1708 3208 1762 τοῖσδε
3235 1706 3640 1761 ἀνεπυνθάνετό
3676 1722 3744 1774 γε

463 1789 751 1857 aequalem,
799 1805 906 1846 non
945 1801 1157 1861 qmestu
1179 1802 1551 1862 comparatam
1577 1793 1816 1849 deﬁniri.
1844 1795 2046 1851 Deinde

2156 1803 2292 1873 πρὸς
2321 1799 2510 1866 αὐτοῦ,
2541 1801 2615 1872 μή
2639 1819 2692 1854 τι
2715 1801 2952 1872 καὶπερὶ
2973 1801 3074 1870 τῆς
3095 1799 3237 1854 κατὰ
3264 1800 3406 1868 σφᾶς
3445 1795 3747 1868 Ἀρμενίας

463 1898 532 1938 ex
561 1883 679 1953 ipso
727 1885 998 1952 quaesivit,
1060 1887 1304 1954 nunquid
1365 1887 1524 1945 vellet
1582 1891 1650 1946 de
1683 1891 1936 1960 his,qu:e
1993 1893 2045 1946 in

2156 1863 2396 1963 βούλοιτο
2421 1863 2793 1962 διαλέγεσθαι.
2846 1863 3120 1964 Σεϐόχθης
3150 1892 3214 1963 δὴ
3246 1863 3341 1945 οὖν
3379 1863 3742 1959 ἀπεκρίνατο,

462 1975 741 2044 Armenia,
792 1990 1122 2045 quaeeorum
1153 1980 1294 2051 juris
1337 1991 1476 2050 erat,
1534 1977 1892 2055 contigerant,
1933 1983 2048 2040 dis-

467 2080 675 2122 serere.
741 2068 810 2124 Et
855 2069 944 2124 ille
1008 2072 1227 2139 quidem
1287 2088 1465 2144 regem
1525 2089 1682 2130 suum
1748 2076 2046 2146 accepisse,

467 2159 771 2229 respondit,
849 2167 1098 2217 exortum
1164 2165 1455 2232 quemdam
1497 2166 1564 2220 in
1625 2167 1714 2222 illa
1771 2167 2047 2237 provincia

468 2252 782 2320 tumultum,
831 2252 1002 2309 levem
1048 2263 1105 2310 et
1133 2257 1410 2326 exiguum;
1470 2259 1536 2312 ad
1577 2271 1700 2311 enm
1752 2259 2047 2314 sedandum

471 2342 707 2409 misisse,
775 2344 872 2414 qui
918 2347 1305 2415 comprimeret
1357 2356 1414 2401 et
1460 2363 1550 2404 res
1582 2350 1817 2420 pristino
1881 2353 2050 2407 statui

471 2435 802 2493 restitueret.
833 2435 1080 2494 Justinus
1130 2454 1260 2494 vero
1317 2440 1494 2510 palam
1535 2443 1693 2507 dixit,
1737 2457 1796 2498 se
1820 2442 2048 2500 Persar-

467 2528 701 2592 menios,
741 2529 832 2598 qui
878 2544 908 2583 a
965 2527 1151 2586 Persis
1201 2531 1553 2601 defecissent,
1587 2534 1641 2588 in
1697 2534 1855 2590 ﬁdem
1914 2544 2052 2591 tute-

470 2619 686 2688 lamque
737 2635 890 2674 suam
950 2622 1242 2691 recepisse,
1295 2639 1470 2694 neque
1515 2625 1710 2695 siquis
1759 2641 1853 2681 eos
1910 2628 2054 2698 inju-

471 2710 552 2764 ria
610 2709 870 2775 aﬂi-ceret,
957 2715 1353 2784 neglecturum,
1417 2717 1616 2786 quippe
1680 2719 1770 2786 qui
1837 2719 2050 2784 eadem,

471 2815 594 2870 qua:
642 2803 775 2870 ipse,
820 2804 887 2858 de
928 2805 1185 2876 religione
1243 2807 1530 2863 sentirent.
1565 2809 1901 2866 Sebochthes
1954 2828 2052 2868 au-

472 2902 602 2956 tem,
635 2893 727 2962 qui
779 2895 923 2963 apud
958 2893 1151 2950 Persas
1211 2898 1500 2966 prudentia
1563 2900 1885 2967 excellebat,
1929 2917 2050 2958 cum

471 2983 740 3048 eamdem,
779 2999 940 3054 quam
983 2986 1302 3056 Christiani,
1335 2990 1402 3045 de
1438 2991 1695 3062 religione
1741 2994 2051 3062 Opinionem

475 3076 721 3141 haberet,
773 3077 937 3131 etiam
981 3086 1142 3148 atque
1188 3079 1352 3134 etiam
1387 3081 1739 3138 vehementer
1779 3082 2050 3139 Justinum

2150 1985 2446 2054 ἀκηκοέναι
2489 1984 2588 2055 μὲν
2619 1985 2711 2038 τὸν
2740 1982 2906 2037 αὐτοῦ
2939 1982 3186 2053 βασιλέα,
3217 1980 3292 2044 ὡς
3315 1981 3421 2034 ἀνὰ
3455 1978 3523 2032 τὰ
3553 1976 3744 2046 ἐκείνῃ

2154 2077 2480 2149 βραχεϊάτις
2502 2076 2721 2144 ἐγένετο
2750 2075 2986 2146 ταραχὴ,
3004 2073 3210 2127 στεῖλαι
3233 2072 3289 2126 δὲ
3316 2073 3464 2142 ὅμως
3493 2071 3618 2123 τινὰ
3649 2067 3746 2121 τὸν

2151 2170 2451 2239 δυνάμενον
2489 2171 2548 2221 ὲν
2587 2169 2779 2239 κόσμῳ
2823 2165 3011 2220 θέσθαι
3041 2165 3113 2219 τὰ
3147 2163 3491 2234 γεγενημένα
3526 2161 3621 2214 καὶ
3652 2159 3746 2212 τὸν

2153 2262 2382 2334 θόρυϐον
2408 2261 2856 2315 καταπαύσοντα.
2885 2259 3172 2320 Ἰουστῖνος
3208 2257 3265 2309 δὲ
3295 2251 3748 2326 [Ιερσαρμενίους

2154 2354 2576 2426 προφανέστατα
2626 2352 2731 2424 ἔφη
2784 2349 3130 2416 εἰσδέξασθαι
3167 2347 3398 2420 Περσῶν
3445 2345 3749 2416 ἀποχωρή-

2155 2463 2373 2514 σαντας,
2401 2446 2496 2501 καὶ
2525 2446 2585 2499 οὑ
2624 2444 2983 2514 περιόψεσθαι
3014 2443 3156 2513 σφᾶς
3191 2438 3602 2510 ἀδικουμένους,
3649 2435 3744 2492 οἷα

2153 2540 2218 2612 δὴ
2269 2539 2657 2610 ὁμογνώμονας
2689 2538 2758 2592 τὰ
2792 2540 2872 2601 είς
2904 2536 3058 2590 Θεὸν.
3109 2533 3381 2605 Σεϐόχθης
3437 2531 3501 2602 δὴ
3549 2528 3648 2585 οὖν
3686 2533 3751 2585 ὲν

2155 2630 2394 2702 Πέρσαις
2438 2630 2698 2699 ἀγχίνους
2729 2645 2790 2681 τε
2832 2628 2950 2698 ἅμα
2997 2627 3092 2680 καὶ
3128 2625 3365 2695 νομίζων
3399 2623 3469 2676 τὰ
3506 2625 3641 2694 περὶ
3683 2622 3751 2675 τὸ

2156 2721 2311 2776 Θεῖον
2343 2721 2446 2776 οὐκ
2474 2721 2651 2784 ἄλλως
2678 2720 2710 2790 ἦ
2747 2719 2893 2775 καθὰ
2922 2717 3210 2789 νομίζουσι
3241 2716 3584 2787 Χριστιανοὶ,
3619 2715 3749 2766 έπι-

2159 2813 2466 2884 μελέστατά
2503 2831 2620 2876 πως
2656 2812 2826 2865 ἐδεῖτο
2876 2809 2969 2864 τοῦ
3023 2808 3287 2880 βασιλέως
3324 2807 3613 2860 ’Ῑουστίνου
3670 2805 3753 2876 μὴ

2157 2905 2377 2976 κινῆσαί
2415 2923 2467 2960 τι
2493 2904 2600 2958 τῶν
2631 2905 2688 2957 ὲν
2721 2903 2930 2974 κόσμῳ,
2972 2904 3030 2955 ἐν
3071 2900 3146 2972 νῷ
3175 2917 3236 2953 τε
3275 2899 3321 2931 ⁸⁸
3351 2897 3611 2968 βαλέσθαι
3653 2899 3753 2950 τδν

2158 2999 2414 3066 πόλεμον,
2450 2995 2624 3060 οὕτως
2647 2995 2844 3064 ἄδηλον
2879 2994 3114 3064 πρᾶγμα
3144 2994 3239 3046 καὶ
3271 2990 3393 3045 οὔτε
3433 2992 3524 3043 ἐπὶ
3563 2992 3754 3062 ῥητοῖς

2157 3089 2388 3144 εἰωθότα
2411 3090 2634 3160 χωρεῖν.
2687 3087 2800 3141 Καὶ
2839 3088 2920 3140 ὅτι
2975 3085 3060 3156 δὴ,
3101 3086 3215 3152 είγε
3242 3083 3386 3137 οὕτω
3417 3083 3595 3154 τύχοι,
3651 3083 3754 3136 καὶ

473 3171 686 3234 orabat,
740 3185 806 3226 ne
836 3186 924 3238 ea,
981 3187 1103 3242 quae
1136 3187 1196 3229 se
1243 3175 1381 3230 bene
1437 3175 1721 3242 haberent,
1787 3187 2048 3244 moveret,

2159 3180 2508 3253 κρατούντων
2553 3180 2863 3248 Ῥωμαίων,
2913 3181 2969 3244 ἐς
2997 3176 3315 3232 τούναντίον
3362 3175 3546 3239 αὐτοῖς
3595 3192 3757 3245 περι-

472 3273 529 3319 et
563 3271 620 3318 ut
650 3265 890 3320 animum
945 3265 1247 3333 induceret,
1304 3267 1502 3323 bellum
1549 3283 1671 3325 esse
1723 3283 1836 3323 rem
1900 3269 2056 3324 valde

473 3359 740 3412 incertam
787 3372 962 3428 neque
996 3359 1161 3414 certis
1198 3359 1404 3428 legibus
1448 3359 1634 3416 ﬂuere.
1663 3359 1816 3428 Quod
1843 3359 1887 3415 si
1919 3359 2056 3415 forte

473 3448 690 3506 fortuna
737 3453 1097 3521 contingeret,
1146 3460 1204 3506 ut
1247 3451 1478 3508 Romani
1532 3452 1762 3519 victoria
1811 3452 2056 3523 potiren-

475 3551 584 3609 tur,
623 3542 794 3614 ipsam
844 3544 1128 3599 victoriam
1198 3543 1432 3601 fortasse
1488 3546 1540 3602 in
1570 3546 1904 3602 contrarium
1966 3562 2058 3602 ca-

475 3649 682 3691 suram.
735 3635 950 3692 Etenim
1001 3637 1093 3707 qui
1146 3635 1434 3693 Persarum
1498 3638 1774 3707 regionem
1813 3638 1894 3694 vel
1934 3637 2060 3693 bre-

476 3727 701 3782 vissimo
760 3728 955 3786 itinere
1010 3730 1386 3799 cognoverint,
1428 3744 1522 3786 eos
1570 3741 1908 3799 compertum
1959 3731 2060 3786 ha-

472 3821 634 3907 bere,
673 3835 866 3878 omnes
912 3837 1018 3878 non
1067 3822 1172 3876 alio
1203 3823 1311 3877 ritu
1357 3823 1701 3894 religionem,
1753 3840 1912 3893 quam
1943 3823 2058 3896 ipse

471 3915 638 3979 colat,
698 3915 878 3970 colere
909 3925 964 3970 et
1011 3914 1287 3984 amplecti.
1329 3914 1437 3971 llos
1484 3918 1525 3969 si
1565 3917 1816 3971 occidere
1861 3931 2052 3972 susce-

473 4005 679 4073 perint,
730 4003 1081 4060 nihilominus
1133 4013 1320 4073 postea
1373 4005 1533 4074 117
1575 4005 1733 4076 longe
1776 4006 1910 4076 ipsis
1970 4007 2058 4062 in-

473 4093 707 4148 feriores
749 4093 885 4149 fore.
936 4092 1170 4147 Proinde
1209 4092 1406 4162 injuste
1440 4109 1533 4149 eos
1575 4105 1765 4150 contra
1810 4095 2059 4151 homines

479 4186 670 4241 eadem
738 4200 861 4239 cum
927 4183 1258 4240 Christianis
1306 4183 1568 4252 religione
1617 4193 1832 4240 utentes
1900 4200 2060 4242 enses

477 4289 600 4330 esse
623 4275 932 4330 stricturos.
959 4275 1058 4330 His
1106 4284 1215 4329 tam
1257 4274 1427 4344 aequis
1458 4279 1513 4330 et
1543 4274 1755 4332 lenibus
1796 4279 2062 4332 sermoni-

479 4371 580 4423 bus
607 4367 854 4425 Justinus
889 4369 1113 4424 minime
1139 4369 1240 4424 sibi
1275 4368 1730 4438 acquiescendum
1785 4369 2063 4426 existima-

476 4462 577 4529 vit,
623 4462 718 4518 sed
750 4460 907 4527 dixit,
961 4459 1179 4515 etiamsi
1234 4473 1401 4513 unum
1463 4458 1688 4528 digitum
1735 4472 2060 4532 apponeret,

2161 3271 2320 3342 σταίη
2353 3271 2423 3326 τὰ
2469 3271 2569 3342 τῆς
2612 3271 2789 3341 νίκης.
2835 3270 3104 3332 Ἐσιόντες
3131 3272 3245 3340 ,γὰρ
3296 3269 3352 3331 ἐς
3379 3267 3480 3338 τὴν
3516 3265 3754 3336 Περσῶν

2159 3365 2256 3419 καὶ
2307 3364 2401 3417 ἐπὶ
2449 3363 2785 3434 μικρότατον
2815 3362 2861 3395 ⁸⁷
2907 3361 3217 3431 ὁδοιπορίας
3242 3359 3560 3421 ἐλαύνοντες
3592 3358 3758 3429 εὑρή-

2162 3473 2350 3510 σουσιν
2382 3455 2630 3519 ἅπαντάς
2684 3471 2749 3524 γε
2784 3453 2846 3525 δή
2859 3470 2958 3506 που
2988 3454 3118 3524 περὶ
3148 3453 3208 3506 τὸ
3239 3453 3394 3504 Θείον
3423 3451 3523 3504 οὐκ
3551 3449 3753 3513 ἄλλως,

2159 3549 2305 3620 ἥπερ
2359 3547 2546 3614 αὐτὸν,
2599 3544 3009 3608 ἐσπουδακότας
3037 3561 3050 3574 ·
3090 3545 3188 3609 ὡς,
3232 3545 3347 3612 εἴγε
3385 3543 3591 3596 ἕλοιντο
3623 3543 3758 3604 τοὺς

2159 3639 2400 3692 τοιούσδε
2451 3637 2880 3702 ἀποκτιννύναι,
2948 3635 3103 3689 οὐδὲν
3153 3629 3314 3706 ἦττον
3372 3635 3527 3688 αὐτοὶ
3577 3633 3755 3688 πάλιν

2159 3734 2580 3805 ἡττηθήσονται.
2610 3730 2686 3782 Οὐ
2724 3728 2861 3798 δῆτα
2889 3721 2983 3780 οὖν
3008 3726 3188 3799 χρεὼν
3218 3726 3360 3780 κατὰ
3395 3723 3747 3797 Χριστιανῶν

2159 3827 2286 3888 τοὺς
2307 3821 2594 3896 ὁμοδόξους
2633 3819 2820 3891 θήγειν
2848 3819 2916 3871 τὰ
2939 3818 3092 3889 ξίφη.
3131 3817 3293 3871 Ἀλλὰ
3332 3815 3442 3886 γὰρ
3467 3817 3580 3878 τοῖς
3602 3815 3752 3869 οὕτω

2161 3915 2283 3969 λίαν
2313 3913 2538 3984 ὁμαλοῖς
2572 3928 2630 3963 τε
2665 3909 2762 3963 καὶ
2788 3908 3061 3962 ἐπιεικέσι
3111 3908 3288 3976 λόγοις
3338 3908 3622 3969 Ἰουστῖνος
3652 3905 3758 3958 οὐκ

2160 4006 2298 4078 ᾤετο
2339 4004 2535 4075 χρῆναι
2566 4000 2790 4054 ἔσεσθαι
2845 3998 3146 4068 πειθήνιος.
3205 3998 3352 4068 Ἔφη
3385 3997 3463 4062 δὲ,
3502 3996 3600 4060 ὡς,
3637 3994 3758 4064 εῐγε

2163 4097 2441 4168 παραθείη
2469 4093 2732 4148 δάκτυλον
2766 4093 2884 4155 ἕνα,
2928 4091 3307 4162 κινηθήσεται,
3331 4089 3425 4144 καὶ
3445 4089 3520 4152 ὡς
3560 4090 3617 4152 ἐς
3657 4088 3761 4158 τὴν

2162 4187 2391 4260 Περσῶν
2446 4187 2650 4241 ὲλάσοιο
2699 4184 2924 4256 θαρρεῖν
2975 4200 3055 4246 τε,
3113 4182 3210 4247 ὡς,
3252 4182 3302 4235 εί
3341 4179 3480 4250 πρός
3515 4179 3759 4248 πόλεμον

2161 4281 2422 4353 όρμήσοι,
2473 4277 2697 4332 καθελεί
2750 4293 2811 4329 τε
2869 4273 3121 4345 Χοσρόην
3171 4273 3266 4326 καὶ
3308 4273 3476 4334 αὐτὸς
3525 4270 3761 4342 βασιλέα

2155 4371 2538 4444 χειροτονήσοι
2569 4369 2837 4440 Πέρσαις.
2875 4365 3032 4420 Οὕτω
3061 4364 3243 4420 τοίνυν
3285 4362 3555 4434 ὑπερόρια
3584 4360 3762 4415 εἰπὼν

2167 4463 2467 4534 ἀπέπεμψε
2498 4461 2773 4532 Σεϐόχθην
2793 4460 2862 4516 ⁸⁸.

473 4571 536 4612 se
573 4555 971 4625 expeditiOuem
1032 4563 1410 4624 suscepturum
1478 4562 1531 4609 et
1591 4552 1868 4611 Persidem
1951 4557 2290 4613 invasurum.
2347 4556 2655 4621 Conﬁdere,
2696 4569 2776 4620 se,
2846 4552 2980 4624 sifin
3043 4551 3244 4608 bellum
3310 4548 3575 4617 eruperit,
3613 4548 3760 4603 Cho-

478 4664 663 4705 sroem
717 4649 785 4704 de
853 4648 1029 4703 medio
1077 4649 1443 4719 sublaturum,
1493 4659 1550 4705 et
1609 4666 1787 4720 regem
1827 4650 2013 4708 Persis
2086 4653 2362 4707 daturum.
2418 4649 2500 4704 Ad
2545 4648 2686 4704 hunc
2719 4649 2936 4704 modum
2989 4646 3285 4702 insolenter
3308 4645 3540 4707 locutus,
3585 4642 3761 4699 Sebo-

475 4743 698 4798 chthem
752 4741 976 4794 missum
1036 4738 1182 4795 fecit.

551 4839 714 4909 118
739 4837 832 4893 21.
855 4837 940 4908 (Α.
963 4835 1024 4892 C.
1045 4836 1170 4891 575.
1190 4826 1305 4892 Ind.
1327 4837 1380 4893 8.
1401 4836 1599 4894 Justini
1624 4839 1736 4908 11.)
1753 4838 1886 4894 Cum
1904 4838 2071 4896 Justi-

2251 4837 2358 4892 κα’.
2415 4836 2538 4889 ’Ότι
2578 4832 2701 4888 ἐπεὶ
2735 4831 3024 4901 ,Ἰουστϊνος
3072 4827 3172 4891 τὰς
3218 4825 3423 4896 φρένας
3467 4823 3762 4894 παρεκόπη

479 4947 582 4986 nus
610 4930 807 4985 mentis
860 4928 1544 4993 imbecillitatelaboraret,
1575 4939 1628 4984 et
1652 4929 1928 4984 Tiberium
1955 4932 2056 4986 rei-

476 5026 710 5097 publicae
778 5022 1226 5079 administrandae
1289 5023 1641 5093 praefecisset,
1716 5023 1973 5080 Tiberius
2008 5033 2062 5080 et

481 5119 670 5188 regina
734 5117 926 5173 incerti
986 5126 1162 5178 erant,
1223 5116 1353 5186 quid
1389 5115 1456 5170 de
1499 5116 1657 5171 rebus
1703 5115 1914 5172 bellicis
1951 5126 2063 5173 sta-

482 5217 714 5276 tuerent;
774 5209 867 5265 scd
913 5208 1303 5264 dubitationem
1359 5208 1559 5263 exemit
1607 5206 1894 5263 Persarum
1943 5222 2062 5273 rex,

480 5304 571 5370 qui
607 5301 865 5356 Jacobum
898 5301 1132 5370 legatum
1158 5300 1225 5354 ad
1259 5299 1628 5355 Romanorum
1678 5299 2061 5370 imperatorem

482 5395 655 5448 misit.
692 5393 740 5448 Is
768 5391 984 5448 Persica
1026 5390 1188 5445 verba
1233 5390 1421 5446 Grmce
1472 5392 1780 5462 exprimere
1818 5399 2066 5446 noverat.

2175 4931 2268 4986 καὶ
2297 4928 2552 4999 Τιϐέριον
2581 4926 2626 4956 ⁸9
2683 4923 2973 4990 ἀνεδέξατο
3001 4921 3047 4954 ⁸ο
3084 4919 3308 4973 διοικεῖν
3335 4918 3436 4988 τῆς
3482 4916 3766 4979 πολιτείας

2172 5021 2238 5074 τὰ
2285 5021 2612 5090 πράγματα,
2646 5017 2702 5068 ἐν
2747 5013 2937 5084 ἀπόρῳ
2975 5006 3118 5082 ἦσαν
3166 5008 3336 5072 αὐτός
3389 5023 3450 5060 τε
3501 5005 3764 5076 Τιϐέριος

2171 5113 2265 5167 καὶ
2312 5113 2344 5181 ὴ
2395 5109 2606 5182 βασιλὶς
2661 5106 2830 5176 Σοφία
2863 5107 3012 5168 ὅπως
3061 5101 3335 5156 διάθοιντο
3361 5099 3431 5153 τὰ
3454 5099 3564 5153 τῶν
3597 5098 3764 5152 πολέ-

2175 5222 2312 5276 μων.
2390 5202 2553 5256 Ἀλλὰ
2590 5203 2699 5272 γὰρ
2745 5200 2903 5254 ἔλυσε
2937 5197 2997 5250 τὸ
3025 5197 3230 5266 ἄπορον
3263 5193 3413 5264 σφῶν
3449 5190 3707 5262 βασιλεὺς
3733 5189 3764 5241 δ

2174 5298 2400 5369 Περσῶν
2449 5299 2522 5360 ὡς
2571 5296 2664 5350 τὸν
2737 5291 3029 5362 Ῥωμαίων
3094 5287 3477 5358 αὐτοκράτορα
3542 5284 3763 5344 στείλας

2182 5388 2462 5454 Ἰάκωϐον,
2493 5387 2551 5450 ὃς
2575 5385 2645 5440 τὰ
2678 5383 2924 5455 Περσικὰ
2949 5381 3172 5453 ῥήματα
3195 5380 3262 5449 τῇ
3307 5375 3572 5448 Ἑλληνίδι
3603 5377 3760 5445 φωνῇ

1749 5568 1982 5624 VABIKE
2025 5566 2428 5623 LECTIONES.

555 5722 600 5752 ⁸⁵
636 5721 852 5788 πέπηγε
895 5717 986 5782 ll.,
1020 5717 1250 5784 πέπειγε
1283 5717 1428 5787 vulg.
1507 5715 1551 5748 ³⁵
1575 5733 1630 5766 τε
1665 5713 1883 5788 add._N.
1966 5714 2024 5788 8_"_
2039 5713 2388 5788 μακρότατον
2417 5709 2563 5788 conj.
2593 5708 2660 5788 N_.
2744 5705 2789 5737 ⁸⁸
2826 5705 2956 5788 Post
2977 5691 3754 5788 fr_agtn..§e'qtgttnturiri-301'?

485 5790 593 5844 duo
639 5806 705 5844 ex
760 5774 1054 5842 Simoca'tta
1108 5774 1298 5855 petita,
1336 5774 1407 5844 et}
1424 5788 1617 5841 lcuuua
1670 5787 1734 5839 ὲκ
1769 5785 1926 5856 τῆςβ
1973 5774 2180 5855 βίϐλου,
2205 5784 2349 5853 quod
2391 5779 2462 5836 ad
2491 5774 2751 5837 eumdem.
2799 5774 3057 5845 pertinet.

487 5859 530 5888 ὀ
563 5858 867 5921 ἁνεδείξατο
894 5859 1039 5928 conj.
1075 5858 1140 5912 Ν.

3166 5771 3210 5804 ⁸⁸
3237 5763 3487 5838 Τιϐέριος
3513 5763 3662 5832 conj.
3696 5764 3757 5816 Β.
