4076 6460
398 385 513 452 825

1210 397 1308 460 DE
1349 400 1916 470 LEGATIONIBUS
1957 404 2322 469 GENTIUM
2356 410 2457 472 AD
2493 413 2876 477 ROMANDS.

3553 423 3658 486 826

400 501 804 575 διασαφηνίζειν
855 499 1144 571 ἠπίστατο.
1206 503 1512 576 Συννοήσας
1570 507 1700 580 γὰρ,
1755 509 1832 574 ὡς
1894 512 1976 575 είς

2077 513 2212 572 Nam
2250 517 2540 576 Persarum
2599 538 2717 591 rex,
2768 524 3134 582 Romanorum
3190 543 3279 582 res
3321 529 3374 586 in
3406 530 3655 586 ultimum

401 595 630 666 ἔσχατον
659 595 755 649 νῦν
785 595 828 626 ⁹¹
863 593 1079 657 ἐλπίδος
1108 595 1158 649 oi
1198 595 1459 666 Ῥωμαῖοι
1485 599 1976 670 κατολισθήσαντες

400 686 621 757 ἥδιστον
661 684 760 755 μὲν
808 685 876 739 ἂν
925 685 1102 756 ἔχοιεν
1129 684 1222 740 ἐπὶ
1254 692 1374 752 ταῖς
1408 690 1648 744 οίαισοῦν
1687 691 1977 765 ξυνθήκαις

400 776 651 831 διαλῦσαι
673 775 765 848 τδν
795 776 1054 846 πόλεμον,
1086 777 1147 830 οὐ
1174 779 1280 848 μὴν
1309 779 1584 852 θαρρῆσαι
1610 784 1656 816 θ’
1679 784 1976 853 πρεσϐείαν

397 868 520 924 τινὰ
547 868 758 923 στεῖλαι
787 869 875 934 διὰ
903 869 974 922 τὸ
1001 871 1101 923 οὐκ
1131 871 1488 942 εὐπρόσωπον
1514 868 1656 928 εἶναι
1684 875 1776 930 τὸν
1807 875 1978 947 ἀρξάμ-

401 976 564 1031 μενον
601 958 840 1029 πολέμου
868 959 1226 1034 ἀπάρξασθαι
1253 963 1347 1014 καὶ
1376 963 1616 1027 ἱκετείας
1637 981 1654 996 ο
1703 967 1976 1038 προτερή-

398 1069 498 1116 σας
527 1051 621 1106 οὖν
651 1053 680 1104 ὁ
705 1051 934 1122 Περσῶν
969 1051 1220 1125 βασιλεὺς
1241 1053 1340 1125 τὴν
1374 1053 1638 1128 αἰσχύνην
1660 1059 1970 1127 προανεῖλε,

395 1144 494 1199 καὶ
549 1143 628 1215 τῷ
682 1146 1048 1216 κατεπτηχότι
1092 1147 1190 1216 τῆς
1237 1145 1464 1219 γνώμης
1507 1148 1686 1202 αὐτῶν
1710 1151 1972 1222 ἐπενόησε

395 1236 695 1308 πρόφασιν,
728 1236 808 1300 ὡς
833 1235 900 1290 ἂν
931 1236 1138 1291 ἔλθοιεν
1163 1239 1220 1304 ἐς
1252 1238 1442 1309 λόγους
1465 1243 1817 1312 αἰτησόμενοι
1849 1245 1972 1314 μεθ’

397 1327 681 1398 ἱκετηρίας
718 1328 966 1398 εἰρήνην.
1023 1328 1240 1396 Στέλλει
1283 1330 1463 1384 τοίνυν
1498 1332 1776 1398 Ἰάκωϐον,
1811 1334 1972 1405 ἄμει-

392 1420 482 1474 νόν
509 1437 629 1483 πως
661 1419 1109 1490 βουλευσάμενος,
1136 1421 1210 1486 ὡς
1232 1422 1292 1475 οὗ
1325 1420 1544 1476 πώποτε
1569 1424 1634 1480 ἂν
1655 1425 1970 1480 εὐκλεέστε-

397 1529 486 1581 ρον
510 1509 719 1580 Πέρσαι
747 1508 840 1563 τδν
864 1509 999 1577 πρὸς
1037 1509 1344 1580 Ῥωμαίους
1366 1512 1686 1566 κατάθοιντο
1710 1514 1966 1583 πόλεμον

393 1601 766 1671 τοσαῦταγὰρ
785 1599 1051 1654 ’ἐνδώσειν
1094 1601 1421 1672 Ῥωμαίους,
1451 1603 1554 1658 ὅσα
1575 1603 1643 1658 ἂν
1671 1604 1974 1674 ἐθελήσωσι

396 1693 601 1762 Πέρσαι
655 1691 830 1746 αὐτοί.
901 1692 966 1746 Ἦ
1009 1692 1068 1746 δὲ
1122 1693 1378 1748 σταλεῖσα
1429 1696 1566 1766 πρὸς
1624 1695 1790 1751 αὑτοῦ
1821 1696 1868 1730 ⁸³
1893 1696 1972 1761 ὡς

410 1782 682 1837 ἰουστῖνον
725 1782 772 1815 ⁸⁸
822 1783 1081 1855 ἐπιστολὴ
1136 1783 1261 1837 οὔτε
1329 1787 1428 1856 τῆς
1493 1787 1710 1857 ήλικίας
1755 1783 1824 1858 ἦν
1873 1787 1968 1842 τοῦ

395 1877 618 1946 Περσῶν
653 1876 937 1949 βασιλέως,
969 1879 1338 1950 μειρακιώδης
1366 1875 1502 1934 οὖσα
1519 1881 1816 1948 παντοίως,
1842 1881 1966 1936 οὔτε

387 1966 446 2024 δὲ
466 1967 624 2020 ἄλλου
651 1967 814 2036 τινὸς,
827 1964 1003 2039 οἶμαι,
1025 1969 1723 2044 ἐμφρονεστόιτου.Ἕτερον
1742 1973 1851 2046 γὰρ
1874 1976 1967 2030 τὸν

390 2060 671 2114 ὁντιναοῦν
703 2059 1170 2131 ἀπαυθαδίζεσθαι
1197 2062 1300 2116 οὐκ
1328 2063 1438 2117 ἀπὸ
1467 2064 1670 2135 τρόπου
1696 2061 1785 2137 ἦν·
1817 2067 1963 2121 ἐκεί-

389 2166 480 2204 νον
505 2150 688 2220 μέντοι
723 2151 783 2203 οὐ
821 2150 1183 2223 βρενθύεσθαι
1225 2154 1356 2218 ίσως
1401 2155 1570 2226 ἐχρῆν
1592 2188 1615 2220 ,-
1649 2157 1774 2211 οὐδέ
1826 2158 1966 2228 ὑψα-

387 2243 556 2312 γόραν
605 2244 728 2297 τινὰ
779 2238 923 2299 εἶναι
977 2246 1072 2300 καὶ
1119 2246 1506 2318 ἀπειρόκαλον.
1569 2249 1635 2303 Ἦ
1684 2251 1796 2320 γὰρ
1841 2252 1962 2304 ἐπι-

387 2334 550 2404 στολὴ
594 2333 806 2406 ὕϐρεώς
832 2335 876 2368 ’⁸
904 2353 964 2389 τε
996 2336 1168 2408 μεστὴ
1199 2338 1295 2392 καὶ
1323 2339 1633 2410 ὀνειδισμοῦ
1662 2342 1757 2394 καὶ
1789 2359 1964 2411 μεμε-

385 2424 672 2496 θυσμένων
704 2428 969 2500 ῥημάτων
1026 2428 1262 2499 ὑπῆρχε.
1326 2429 1438 2484 Καὶ
1480 2433 1513 2501 ή
1570 2429 1671 2501 μὲν
1702 2432 1962 2503 ἐπιστολὴ

385 2519 768 2590 ὑπερηφανίας
815 2538 875 2575 τε
917 2515 987 2593 ἦν
1026 2522 1124 2575 καὶ
1188 2520 1508 2587 ἀλαζονείας
1563 2523 1805 2594 πλήρης·
1849 2525 1964 2578 είσ-

383 2611 579 2679 ἀγεται
601 2610 665 2679 ξδ’
709 2609 802 2666 οὖν
859 2611 1136 2676 Ἰάκωϐος,
1171 2613 1234 2667 οὐ
1273 2612 1378 2684 μὴν
1406 2615 1483 2678 ὡς
1520 2615 1828 2680 Ἰουστίνον,
1866 2617 1963 2672 ἃτε

385 2700 590 2774 νοσώδη
622 2703 979 2774 τυγχάνοντα,
1008 2703 1148 2759 ἀλλά
1177 2706 1287 2778 γὰρ
1313 2707 1390 2770 ὡς
1417 2708 1517 2779 τὴν
1539 2709 1809 2780 βασιλίδα,
1840 2713 1964 2766 ἐπεὶ

385 2792 522 2864 αὐτὴ
568 2793 664 2858 ξὺν
713 2794 946 2867 Τιϐερίῳ
973 2795 1191 2850 ἅπαντα
1223 2798 1514 2869 ἔπραττεν.
1560 2800 1960 2874 ’Δναλεξαμένη

385 2883 562 2940 τοίνυν
613 2886 682 2941 τὰ
735 2886 1042 2958 γράμματα
1087 2889 1454 2961 ἐπηγγείλατο
1485 2892 1582 2946 καὶ
1628 2893 1769 2964 αὐτὴ
1808 2895 1965 2948 στέλ-

386 2981 497 3034 λειν
531 2981 578 3013 ⁸⁸
610 2980 701 3034 τὸν
728 2980 1202 3051 ⁴τιρεσϐευσὸμενον
1250 2982 1328 3045 ὡς
1356 2982 1580 3052 βασιλέα
1612 2985 1840 3055 Περσῶν
1867 2988 1964 3042 καὶ⁹

387 3072 529 3142 ἀμφὶ
574 3073 685 3126 τῶν
728 3073 978 3127 ὁπωσοῦν
1025 3074 1402 3144 κεκινημένων
1449 3075 1960 3151 διαλεχθησόμενον.

2079 606 2366 666 discrimen
2413 609 2688 668 adductas
2715 627 2840 668 esse
2875 624 3048 684 ratus,
3095 625 3152 672 et
3181 616 3316 671 nihil
3359 618 3655 687 jucundius

2077 707 2132 752 et
2173 701 2532 767 oppertunius
2572 702 2704 776 illi;
2722 705 3039 776 contingere
3081 721 3264 775 posse,
3307 721 3480 778 quam
3531 711 3654 778 qni-

2077 788 2264 847 busvis
2301 793 2702 852 conditionibus
2752 796 2949 852 bellum
2985 813 3119 868 pace
3163 800 3342 866 linire,
3385 801 3544 871 cuius
3575 801 3654 856 rei

2075 883 2248 950 gratia
2326 893 2502 958 tamen
2559 901 2655 944 eos
2719 889 2944 958 puderet
3009 889 3336 958 legationem
3413 891 3654 957 mittere,

2077 899 2248 950 grana
2326 899 2502 1030 Ῥηθιι
2559 901 2655 944 eos
2719 899 2944 958 puderet
3009 899 3336 958 legationem
3413 899 3654 957 mittere,

2077 973 2220 1041 quod
2275 975 2328 1029 in
2368 990 2589 1032 ecorum
2650 979 3050 1044 existimarent,
3102 995 3252 1045 eum,
3296 982 3390 1051 qui
3449 981 3654 1038 bellum

2073 1066 2420 1134 suscepisset,
2471 1068 2682 1124 initium
2722 1071 3062 1142 supplicandi
3109 1071 3312 1138 ﬁcere,
3367 1073 3516 1128 hune
3554 1087 3656 1142 pu-

2074 1155 2258 1216 dorem
2309 1161 2689 1228 praeveniendo
2751 1163 2991 1220 sustulit.
3046 1162 3116 1218 Et
3195 1163 3451 1234 quoniam
3513 1178 3654 1219 eon-

2073 1247 2302 1302 sternati
2386 1249 2570 1306 animo
2624 1261 2803 1318 erant,
2879 1253 3146 1310 rationem
3209 1263 3264 1309 et
3303 1255 3652 1309 occasionem

2073 1340 2418 1409 excogitavit,
2464 1352 2527 1398 ut
2559 1358 2654 1414 per
2699 1346 2936 1414 speciem
2989 1345 3240 1416 colloquii
3281 1359 3470 1416 pacem
3527 1361 3654 1415 sup-

2073 1428 2241 1498 plices
2282 1442 2525 1488 orarent.
2596 1433 2784 1506 Itaque
2863 1438 3034 1495 mittit
3108 1436 3391 1505 Iacobum,
3450 1437 3655 1494 Persas

2073 1536 2347 1590 nunquam
2393 1525 2685 1595 gloriosius
2713 1528 2911 1585 bellum
2936 1539 3126 1586 contra
3160 1530 3437 1586 Romanos
3479 1530 3651 1599 depo-

2071 1625 2204 1667 nere
2247 1629 2407 1683 posse
2443 1617 2786 1684 existimans,
2822 1621 2952 1690 quia
2996 1621 3224 1676 Romani
3273 1621 3478 1686 omnia,
3525 1633 3652 1689 quae

2071 1697 2256 1757 Persae
2309 1701 2602 1769 voluerint,
2669 1719 2854 1764 essent
2903 1710 3244 1766 concessuri.
3311 1709 3488 1777 Atque
3533 1708 3653 1770 hac

2075 1790 2242 1846 missa
2297 1808 2396 1863 per
2434 1794 2698 1852 Jacobum
2752 1799 2822 1853 ad
2863 1797 3139 1856 Justinum
3191 1800 3420 1870 epistola
3473 1815 3653 1869 neque

2067 1881 2215 1936 aetati
2277 1883 2423 1954 regis
2472 1884 2766 1944 Persarum
2846 1891 3254 1946 accommodata
3311 1898 3432 1947 erat
3499 1891 3652 1960 (nam

2063 1972 2327 2042 puerilem
2363 1975 2417 2030 in
2448 1976 2667 2033 modum
2702 1981 3008 2050 conscripta
3045 1980 3208 2052 erat),
3274 1993 3452 2052 neque
3512 1981 3652 2036 alte-

2068 2064 2204 2128 rius,
2257 2067 2474 2137 opinor,
2528 2069 2632 2124 viri
2677 2072 2967 2140 prudentia
3014 2073 3228 2146 praediti
3287 2074 3410 2128 fuit.
3465 2074 3649 2128 Alium

2065 2155 2211 2210 enim
2268 2159 2574 2227 quempiam
2644 2160 2964 2219 insolentem
3040 2179 3184 2230 esse,
3247 2180 3351 2220 non
3409 2165 3650 2220 alienum

2065 2246 2281 2313 luisset,
2329 2249 2425 2304 sed
2466 2249 2618 2306 illum
2657 2251 2884 2308 minime
2933 2256 3221 2323 superbire
3263 2265 3360 2311 aut
3391 2257 3654 2312 audacius
3720 2327 3726 2332 η

2066 2336 2212 2404 loqui
2274 2338 2518 2398 decebat.
2566 2341 2641 2396 At
2692 2343 2925 2411 epistola
2975 2345 3314 2400 contumeliae
3355 2353 3413 2402 et
3462 2347 3652 2414 probri

2064 2437 2120 2484 et
2147 2429 2436 2485 verborum
2467 2431 2817 2488 insolentium
2846 2433 3003 2503 plena
3031 2435 3152 2493 fuit.
3191 2437 3382 2507 Itaque
3424 2438 3649 2494 etiamsi

2065 2520 2290 2588 epistola
2357 2521 2521 2592 119
2578 2524 2902 2594 arrogantiae
2945 2535 3001 2582 et
3073 2536 3414 2596 contemptus
3493 2529 3649 2598 plena

2064 2619 2234 2678 esset,
2299 2620 2482 2668 tamen
2537 2613 2879 2676 introductus
2927 2626 3010 2674 est
3059 2615 3318 2683 Jacobus,
3377 2633 3484 2676 non
3525 2620 3687 2696 (ιιιίξ⁵

2063 2702 2190 2758 dem
2232 2702 2301 2758 ad
2328 2703 2622 2771 Iustinum,
2657 2706 2748 2776 qui
2780 2707 2932 2776 gravi
2985 2709 3174 2764 morbo
3221 2708 3454 2764 amictus
3505 2719 3650 2775 erat,

2063 2794 2160 2851 sed
2187 2795 2255 2851 ad
2289 2798 2556 2868 reginam,
2597 2812 2720 2867 qua:
2767 2798 2951 2862 omnia
3000 2799 3214 2868 imperii
3259 2799 3478 2870 negotia
3521 2814 3648 2854 cum

2064 2885 2284 2943 Tiberio
2307 2888 2551 2944 curabat.
2601 2887 2764 2948 Lecta
2809 2889 3059 2959 epistola,
3109 2889 3293 2959 regina
3345 2892 3649 2959 respondit,

2064 2991 2125 3033 se
2151 2993 2368 3049 quoque
2411 2980 2699 3036 missuram
2748 2979 2988 3050 legatum
3015 2980 3082 3035 ad
3117 2994 3298 3051 regem
3333 2979 3650 3046 Persarum,

2064 3071 2155 3139 qui
2193 3070 2261 3125 de
2283 3072 2558 3138 omnibus,
2588 3073 2656 3129 de
2681 3072 2876 3142 quibus
2908 3073 3049 3128 inter
3080 3073 3229 3141 ipsos
3277 3075 3650 3129 controversia

388 3163 681 3218 Στέλλεται
705 3162 750 3216 δ’
783 3157 876 3216 οὖν
899 3164 1196 3234 Ζαχαρίας,
1233 3165 1292 3218 ἐν
1323 3166 1436 3229 τοῖς
1471 3164 1762 3236 βασιλείοις
1791 3183 1963 3222 κατοι-

2069 3170 2211 3216 mota
2241 3173 2380 3228 erat,
2431 3174 2638 3233 ageret.
2687 3162 2877 3234 Itaque
2931 3163 3170 3219 mittitur
3216 3163 3516 3219 Zacharias
3564 3165 3652 3219 ἰο-

387 3254 715 3325 ταττόμενος
760 3255 988 3326 ἰατροῖς,
1022 3256 1418 3330 ἐπιφερόμενος
1463 3257 1700 3330 γράμμα
1752 3261 1817 3314 ἐκ
1863 3259 1962 3331 τῆς

387 3347 678 3418 βασιλίδος.

457 3439 561 3512 κβ’.
605 3442 730 3496 Ὀτι
758 3439 853 3494 ἐπὶ
874 3441 1128 3511 Τιϐερίου
1152 3442 1430 3513 Καίσαρος
1454 3444 1504 3497 oi
1533 3443 1640 3498 τῶν
1676 3442 1963 3514 Ῥωμαίων

386 3534 683 3605 στρατηγοὶ
724 3533 978 3606 εἰσϐολὴν
1011 3535 1070 3600 ἐς
1135 3534 1422 3589 ’Δλϐανίαν
1455 3538 1836 3608 ποιησάμενοι,
1868 3539 1966 3592 καὶ

383 3627 630 3700 (μήρους
661 3627 921 3690 λαϐόντες
952 3627 1232 3699 Σαϐείρων
1260 3627 1356 3682 καὶ
1383 3627 1560 3681 ἄλλων
1608 3627 1800 3692 ἐθνῶν,
1829 3623 1966 3699 ἧκον

385 3720 445 3783 ἐς
491 3718 811 3784 Βυζάντιον.
880 3716 1278 3788 Ἀφικομένους
1321 3717 1379 3771 δὲ
1411 3718 1470 3770 ἐν
1511 3716 1791 3788 Βυζαντίῳ
1839 3717 1967 3781 τοὺς

384 3810 648 3879 πρέσϐεις
673 3809 783 3863 τῶν
817 3809 1190 3866 ἐνδεδωκότων
1220 3810 1450 3872 ἑαυτοὺς
1497 3808 1738 3863 ’Δλανῶν
1777 3825 1837 3862 τε
1874 3809 1967 3862 καὶ

385 3903 668 3973 Σαϐείρων
726 3903 756 3953 ὁ
799 3901 1020 3970 Καῖσαρ
1066 3901 1285 3970 δέχεται
1333 3900 1596 3964 ἐπιεικῶς
1659 3901 1758 3955 καὶ
1820 3901 1966 3954 πάνυ

385 3993 786 4066 φιλανθρώπως
813 4010 826 4024 ·
883 3993 1192 4064 πυθόμενός
1257 4011 1318 4046 τε
1369 3993 1502 4063 παρ’
1553 3992 1737 4046 αὐτῶν
1792 3992 1970 4046 ὁπόσα

384 4086 642 4156 χρήματα
668 4084 851 4146 αὐτοῖς
871 4082 1044 4136 ἐδίδου
1087 4085 1117 4136 ό
1149 4082 1376 4152 Περσῶν
1413 4081 1692 4151 βασιλεὺς,
1719 4081 1970 4145 δεδωκώς

383 4192 444 4228 τε
490 4174 740 4241 ἐξουσίαν
772 4173 817 4206 ’τ
849 4173 1046 4242 σφίσιν
1075 4173 1133 4235 ἐς
1177 4172 1302 4224 ὅσον
1354 4170 1649 4240 ἠϐούλοντο
1679 4171 1873 4242 ἐξᾶραι
1902 4173 1968 4243 τῇ

383 4264 708 4334 ψευδολογίᾳ
741 4263 804 4317 τὸ
835 4263 1031 4334 χρῆμα
1055 4263 1150 4318 καὶ
1177 4261 1256 4334 τῷ
1277 4263 1479 4333 κόμπῳ
1505 4260 1740 4333 τάληθὲς
1776 4263 1973 4316 ἐπικα-

385 4357 552 4426 λύψαι
577 4394 595 4420 ,
636 4373 656 4408 t
686 4355 956 4409 Διπλάσια
1012 4354 1216 4408 τούτων
1256 4355 1433 4422 ἔγωγε
1485 4355 1730 4424 παρέξω,
1774 4372 1794 4406 ι
1841 4352 1969 4423 ἔφη,

2067 3263 2151 3310 ter
2209 3255 2558 3326 imperatoris
2645 3258 2888 3314 medicos

2064 3344 2279 3402 litteras
2311 3348 2532 3416 reginas.
3063 3393 3066 3400 .
3179 3397 3185 3406 .
3241 3403 3245 3407 .

2135 3439 2227 3493 22.
2257 3438 2343 3510 (A.
2373 3439 2438 3494 C.
2475 3438 2721 3496 5761M.
2757 3440 2792 3496 9
2830 3438 3036 3496 Justini
3081 3437 3196 3510 12.)
3257 3439 3372 3495 Sub
3429 3438 3654 3498 Tiberio

2065 3531 2282 3586 Gestare
2341 3530 2713 3586 Rotuanorum
2783 3533 2973 3596 duces,
3038 3531 3242 3600 impetu
3278 3531 3334 3586 in
3361 3531 3651 3587 Albaniam

2067 3620 2231 3688 facto,
2254 3621 2540 3680 obsidibus
2563 3636 2593 3676 a
2627 3621 2842 3678 Sabiris
2862 3631 2919 3678 et
2951 3621 3074 3678 aliis
3097 3621 3351 3690 gentibus
3392 3621 3653 3691 acceptis,

2065 3710 2386 3782 Byzantium
2454 3721 2742 3769 venerunt.
2797 3712 2875 3768 Eo
2924 3727 3049 3768 cum
3123 3711 3288 3780 legati
3351 3711 3653 3768 Alanorum

2067 3814 2124 3858 et
2161 3801 2484 3859 Sabirorum
2536 3805 2838 3869 venissent,
2865 3804 2958 3874 qui
2984 3817 3046 3859 se
3068 3801 3329 3858 Romanis
3357 3803 3650 3869 dederant,

2066 3890 2252 3948 Caesar
2297 3907 2394 3949 eos
2433 3893 2665 3964 benigne
2696 3901 2752 3950 et
2802 3893 3122 3950 humaniter
3205 3893 3442 3962 excepit.
3509 3893 3650 3948 Cum

2068 3993 2248 4040 autem
2289 3999 2358 4040 ex
2403 3998 2594 4040 eorum
2647 3985 2828 4041 verbis
2883 3985 3152 4050 audisset,
3204 3994 3437 4054 quantas
3483 3998 3654 4054 pecu-

2069 4076 2192 4132 nias
2245 4075 2354 4134 illis
2413 4075 2706 4133 Persarum
2775 4091 2872 4133 rex
2913 4077 3170 4148 largitus
3224 4076 3444 4142 fuisset,
3509 4075 3657 4132 facta

2070 4177 2364 4239 potestate,
2441 4178 2711 4240 quantum
2794 4169 2995 4227 vellent
3065 4171 3318 4240 oratione
3387 4184 3502 4227 rem
3556 4185 3656 4225 ex-

2070 4275 2348 4331 aggerare,
2403 4273 2457 4317 et
2493 4277 2679 4318 verum
2757 4263 2988 4318 dicendo
3068 4263 3384 4328 obscurare,
3429 4279 3449 4314 ι
3486 4260 3658 4331 Duplo

2074 4352 2279 4419 majora
2317 4351 2540 4421 pramia
2592 4351 2745 4408 vobis
2801 4353 3024 4422 largiar,
3085 4351 3281 4422 inquit,
3339 4366 3446 4406 non
3481 4350 3656 4404 solum

2963 3257 3256 3328 ascriptus,
3345 3258 3438 3328 qui
3529 3257 3656 3312 tulit

387 4447 503 4508 τοῖς
539 4461 602 4497 τε
643 4445 701 4496 ἐν
733 4443 876 4497 τέλει
910 4443 1086 4510 ὑμῶν,
1133 4443 1269 4513 πρὸς
1288 4441 1346 4496 δέ
1364 4441 1429 4512 δὴ
1455 4441 1552 4496 καὶ
1571 4441 1700 4511 ὑμῖν
1727 4441 1966 4503 αὐτοῖς.»

2074 4442 2208 4504 viris
2253 4442 2306 4498 in
2347 4441 2608 4511 dignitate
2650 4443 2981 4506 constitutis,
3044 4441 3140 4496 sed
3199 4439 3367 4494 etiam
3437 4438 3656 4494 unicui-

398 4535 525 4589 Ἐπὶ
573 4533 786 4599 τούτοις
831 4533 1079 4605 ἥσθησάν
1109 4511 1258 4587 τείοί
1287 4511 1588 4604 Βάρϐαροι,
1621 4532 1716 4586 καὶ
1751 4532 1971 4587 ἐδόκουν

2077 4549 2183 4604 que
2213 4544 2476 4590 vestrum.
2525 4552 2546 4586 ι
2601 4533 2726 4589 Haec
2754 4533 3008 4590 Barbaris
3043 4531 3286 4588 laetitiam
3327 4530 3653 4596 attulerunt,

387 4625 566 4698 χάριν,
603 4625 802 4680 ειδέναι
848 4623 927 4693 τῷ
965 4623 1255 4692 Κρείττονι
1302 4622 1420 4682 ἀνθ’
1453 4617 1529 4678 ὧν
1569 4623 1802 4698 ὑπήκοοι
1836 4621 1971 4676 Ῥω-

389 4721 566 4791 μαίων
599 4720 871 4790 ἐγένοντο.
908 4719 1177 4788 Ἤγγελον
1198 4718 1280 4784 δὲ,
1304 4718 1379 4783 ὡς
1401 4719 1430 4772 ὁ
1472 4717 1658 4788 ’Δϐεὶρ
1681 4719 1728 4750 ⁸⁸
1757 4718 1970 4787 ἀπέστη

385 4815 485 4868 οὐκ
536 4817 596 4878 ἐς
645 4814 890 4886 μακρὰν,
943 4813 1102 4880 ὀλίγα
1132 4827 1195 4864 τε
1245 4810 1542 4882 φροντίσας
1588 4811 1698 4864 τῶν
1744 4813 1972 4882 ὁμήρων

387 4903 630 4977 Πέρσαις
675 4902 1005 4975 προσετέθη.
1051 4903 1176 4966 Τοῖς
1206 4902 1308 4971 μὲν
1354 4897 1448 4955 οὖν
1481 4902 1776 4973 πρέσϐεσιν
1813 4898 1974 4965 αὖθις

386 4997 446 5048 ἐν
491 4995 754 5066 συνουσίᾳ
803 4995 1095 5068 γενόμενος
1142 4993 1172 5045 ὁ
1214 4993 1430 5063 Καῖσαρ
1476 4991 1545 5046 τὰ
1594 4993 1695 5046 ὅσα
1738 4992 1974 5064 ἁρμόδια

384 5085 639 5158 διελέχθη
661 5127 676 5152 ,
730 5086 825 5140 καὶ
870 5085 976 5155 ἔφη
1019 5083 1146 5147 τούς
1201 5100 1260 5137 τε
1314 5082 1769 5154 προσχωροῦντας
1821 5084 1972 5155 αὐτῷ

385 5177 570 5231 ἐκοντὶ
598 5177 742 5249 μάλα
763 5174 1168 5246 εὐεργετήσειν,
1193 5176 1318 5238 τοὺς
1341 5175 1399 5228 δέ
1428 5191 1491 5243 γε
1527 5175 1587 5228 οὺ
1613 5174 1971 5246 βουλομένους

386 5269 480 5322 καὶ
529 5270 762 5333 ἄκοντας
808 5269 953 5334 ἕξειν
1003 5269 1110 5322 ὑπὸ
1151 5267 1251 5339 τὴν
1305 5266 1474 5322 αὑτοῦ
1517 5269 1676 5338 χεῖρα
1731 5268 1823 5339 βίᾳ
1873 5269 1968 5325 καὶ

384 5363 634 5431 δυνάμει.

459 5453 568 5524 κγ’.
630 5455 754 5508 Ὅτι
786 5453 898 5506 τῶν
937 5450 1258 5523 στρατηγῶν
1287 5449 1562 5521 δῃούντων
1607 5450 1704 5522 τὴν
1751 5452 1975 5523 Περσῶν

2075 4638 2130 4683 et
2171 4627 2269 4682 visi
2321 4633 2449 4683 sunt
2485 4627 2598 4682 Deo
2649 4626 2880 4697 gratiam
2939 4625 3169 4690 habere,
3225 4624 3370 4693 quod
3415 4621 3647 4691 subjecti

2075 4718 2205 4774 iacti
2264 4727 2448 4774 essent
2499 4717 2784 4773 Romanis.
2827 4716 3152 4789 Retnlerunt
3189 4724 3371 4771 autem
3417 4715 3642 4772 Abirem

2076 4811 2236 4882 paulo
2301 4821 2426 4866 ante
2483 4810 2750 4866 defecisse
2819 4818 2896 4874 et,
2958 4808 3100 4863 nulla
3166 4807 3417 4864 obsidum
3471 4804 3660 4880 habita

2075 4903 2310 4970 ratione,
2339 4917 2462 4957 cum
2515 4901 2699 4958 Persis
2744 4915 2803 4956 se
2827 4895 3199 4972 coniunxisse.
3240 4898 3444 4954 Deinde
3475 4896 3660 4951 Casar

2077 5008 2200 5048 cum
2260 4992 2454 5062 legatis
2511 5006 2860 5061 congressus,
2945 5006 3064 5060 quae
3121 4998 3248 5061 apta
3311 4989 3656 5053 videbantur,

2073 5087 2332 5142 disseruit
2357 5095 2412 5142 et
2443 5086 2600 5151 dixit,
2637 5100 2765 5157 erga
2811 5101 2927 5152 eos,
2959 5084 3054 5153 qui
3087 5093 3280 5154 sponte
3323 5081 3516 5150 ineius
3562 5095 3660 5150 νου

2069 5163 2332 5236 ιοειειοηί
2383 5179 2650 5245 venirent,
2700 5193 2762 5234 se
2805 5177 3084 5233 liberalem
3139 5176 3405 5239 futurum,
3457 5180 3514 5227 et
3539 5185 3657 5235 eos,

2071 5272 2163 5341 qui
2217 5285 2277 5326 se
2328 5285 2439 5326 sua:
2480 5269 2736 5340 potestati
2781 5268 3103 5323 submittere
3145 5269 3462 5321 recusarent
3504 5260 3558 5314 vi
3605 5268 3661 5314 et

2066 5363 2239 5420 armis
2287 5377 2386 5418 suo
2420 5361 2650 5432 imperio
2687 5374 2880 5432 parere
2931 5369 3270 5416 coacturum.

2153 5456 2247 5512 25.
2310 5456 2448 5510 Dum
2517 5454 2887 5511 Romanorum
2960 5454 3126 5508 duces
3187 5447 3478 5503 Persarum
3550 5443 3656 5497 Ar-

1715 5567 1952 5624 νΑιιιΑς
1977 5569 2382 5628 LECTIONES.

493 5663 533 5694 ⁹¹
693 5664 780 5740 εἰς
809 5663 1045 5740 ἔσχατον
1075 5663 1170 5718 νῦν
1204 5664 1389 5740 Ντ-ὡς
1443 5665 1669 5740 ἔσχατον
1729 5665 1804 5740 ᾡς
1861 5665 2153 5740 νῢνηγιιις.

385 5734 532 5804 vulg.
565 5738 576 5745 '

611 5734 658 5806 ’ξ
693 5733 975 5806 Ἰουστῖνον
1004 5733 1068 5806 il.
1091 5750 1220 5806 mg,
1259 5733 1633 5789 ’Ῑονστινιανὸν
1668 5736 1808 5806 vulg.

385 5803 431 5835 ’⁷
473 5803 726 5871 ἐξουσίαν
761 5805 844 5871 Β.,
884 5804 1130 5869 ἐξουσίας
1154 5803 1312 5877 νοις.

1392 5807 1437 5840 ³⁸
1465 5807 1666 5877 Σαϐεὶρ
1699 5800 1814 5861 γεῆι.

1887 5739 1931 5770 9⁵
1964 5738 2170 5810 ὕϐρεως
2200 5739 2290 5804 Ν.,
2323 5738 2538 5811 ὖὸίθέων
2581 5739 2726 5812 γωδ·

2260 5670 2305 5700 ’³
2336 5669 2671 5740 Onesimum
2700 5657 2845 5740 b01113
2895 5666 3013 5740 B-M
3052 5664 3099 5697 ⁹³
3125 5660 3290 5740 agno?)
3475 5654 3646 5740 αὐτὸν

2447 5723 2538 5795 Em":
2581 5723 2753 5799 νοις(
2802 5723 2848 5769 ίθ
2876 5734 3112 5788 στέλλειν
3142 5731 3232 5799 IL,
3263 5730 3472 5786 στέλλει
3499 5724 3654 5797 vulg.
