4076 6456
407 406 515 473 827

1298 404 1696 466 EXCERPTA
1736 403 1839 463 EX
1874 400 2304 464 MENANDRO
2340 400 2837 465 PROTECTORE

3570 398 3678 463 823

413 523 651 577 meniam
702 519 1141 591 populationibus
1171 528 1453 581 vexarent,
1511 514 1729 570 advenit
1770 509 2019 573 Nadoes.

2105 513 2419 584 Ἀρμενίαν,
2469 514 2528 566 έν
2579 512 2755 580 τούτῳ
2789 511 3122 583 παρεγένετο
3174 509 3428 580 Ναδώης,
3477 528 3535 574 ες
3574 514 3680 585 τὴν

413 613 628 679 electus;
657 622 712 669 et
741 625 773 665 a
803 610 1048 667 Cbosroe
1114 610 1315 663 missus
1366 607 1432 661 ad
1474 605 1763 669 minorem,
1827 615 1992 672 quam

416 713 637 766 vocant,
706 700 1031 772 legationem
1088 700 1416 755 obeundam.
1475 695 1631 755 Hunc
1674 708 1993 765 responsum

416 795 560 849 ferre
580 796 647 849 ad
667 794 989 863 legationem
1010 790 1280 846 Theodori
1296 789 1490 845 Bacchi
1512 787 1677 860 jussit
1694 788 1993 854 Chosroes,

418 897 474 943 et
524 885 845 940 nominatim
910 882 1165 938 nuntiare
1242 882 1523 947 Romanis,
1581 894 1722 961 sese
1744 889 1996 951 paratum

418 991 541 1033 esse
598 977 814 1031 mittere
876 975 1171 1045 primario:
1226 973 1376 1029 viros
1431 974 1499 1028 ad
1534 974 1667 1029 lines
1727 970 1993 1037 Orientis,

417 1078 480 1124 ut
504 1083 627 1125 cum
671 1067 778 1132 his,
830 1081 967 1137 quos
1004 1065 1234 1123 Romani
1276 1068 1581 1132 mitterent,
1624 1068 1998 1137 prospicerent

418 1171 469 1215 et
513 1160 781 1225 viderent,
818 1174 923 1229 qna
970 1160 1185 1215 ratione
1254 1174 1412 1215 arma
1460 1159 1815 1228 deponerent.
1854 1156 1993 1210 Cum

418 1251 513 1305 ille
579 1251 814 1321 primum
871 1259 1158 1321 quaereret,
1213 1265 1462 1321 quasnam
1534 1264 1703 1306 causa
1771 1259 1827 1304 et
1854 1248 1998 1303 ratio

422 1342 595 1397 ftierit
653 1342 1041 1413 quinquaginta
1100 1357 1365 1398 annorum
1430 1341 1675 1397 inducias
1730 1340 1992 1406 violandi,

419 1432 717 1502 prudenter
780 1432 965 1488 Caesar
1031 1433 1330 1503 respondit,
1408 1446 1470 1488 se
1526 1431 1761 1501 quidem
1814 1443 1996 1500 regem

418 1521 729 1588 Persarum,
765 1524 858 1592 qui
901 1524 1087 1579 senior
1141 1532 1309 1589 esset,
1350 1524 1549 1593 quippe
1579 1522 1695 1592 qui,
1729 1534 1789 1576 se
1820 1521 1998 1576 adhuc

418 1625 610 1682 puero,
669 1612 724 1666 in
752 1611 884 1667 ﬂore
914 1612 1090 1667 artatis
1122 1626 1235 1668 sua:
1270 1611 1605 1666 constitutus
1643 1608 1806 1674 foret,
1838 1623 1998 1664 secu-

422 1713 629 1770 turam,
668 1711 725 1759 et
762 1704 881 1760 sive
929 1718 1102 1770 arma,
1165 1704 1282 1758 sive
1334 1716 1521 1773 pacem
1562 1701 1747 1764 vellet,
1813 1709 1997 1755 utrum

419 1795 699 1865 elegisset,
758 1802 972 1861 gratqu
1046 1802 1439 1862 acceptumque
1501 1793 1833 1847 habiturum.
1900 1790 1998 1847 His

420 1856 584 1940 «liciis
642 1856 825 1940 (linear
862 1883 1105 1939 Nadoem
1164 1856 1389 1950 dimisit,
1456 1896 1556 1939 nec
1635 1883 1807 1938 multo
1879 1856 2077 1952 postB

419 1978 691 2047 delegavit
759 1978 825 2031 ad
866 1986 1045 2046 partes
1119 1975 1386 2041 Orientis,
1457 1976 1547 2047 qui
1598 1975 2001 2031 controversias

420 2079 685 2140 ponerent
708 2079 909 2125 etcum
966 2070 1127 2140 120
1165 2069 1451 2125 Persarum
1476 2068 1812 2140 principibus
1854 2081 1997 2122 con-

419 2160 688 2216 venirent.
736 2157 977 2215 Fuerunt
1024 2174 1150 2216 vero
1201 2160 1295 2230 qui
1350 2160 1503 2216 missi
1557 2168 1684 2216 sunt
1735 2173 1764 2213 a
1797 2156 2000 2211 Roma-

422 2250 508 2304 nis
545 2247 890 2317 Theodorus,
942 2248 1085 2304 Petri
1149 2248 1311 2312 illius,
1352 2258 1479 2303 ante
1523 2248 1633 2302 dux
1660 2246 2002 2303 numerario-

420 2355 565 2407 rum,
635 2349 762 2395 tunc
803 2341 1063 2410 temporis
1134 2340 1517 2396 thesaurorum
1578 2353 1785 2403 comes,
1858 2349 1998 2407 quos

423 2435 737 2509 largitiones
774 2434 1018 2491 Romana
1074 2435 1255 2504 lingua
1315 2442 1511 2490 vocant
1578 2433 1787 2504 (largos
1842 2431 1991 2486 enim

422 2543 538 2594 eos,
581 2529 675 2599 qui
705 2528 980 2585 liberalius
1027 2544 1121 2584 sua
1153 2526 1503 2597 profundunt,
1546 2525 1726 2582 Latini
1755 2523 1999 2596 vocant),

384 2619 656 2688 Joannes
718 2629 775 2674 et
827 2617 1021 2674 Petrus
1089 2620 1251 2674 ambo
1314 2620 1632 2676 consulatus
1728 2618 1992 2691 dignitate

420 2712 636 2779 ornati;
694 2724 955 2782 praeterea
983 2762 995 2781 ,
1022 2711 1317 2768 Zacharias
1378 2712 1433 2767 in
1483 2712 1761 2782 regiorum
1831 2709 2005 2766 medi-

422 2815 612 2856 corum
645 2816 927 2857 numerum
959 2804 1183 2859 relatus.
1222 2802 1286 2858 lli
1314 2815 1442 2858 vero
1469 2803 1560 2858 ubi
1585 2802 2002 2859 Constantinam

422 2893 613 2946 urbem
664 2893 718 2946 in
753 2893 1143 2961 Mesopotamia
1192 2895 1351 2949 sitam
1391 2895 1752 2958 advenerunt,
1802 2893 1991 2950 ﬂebo-

422 2982 545 3036 detn
610 2982 1126 3053 Sannachoerigam,
1170 2984 1319 3052 quia
1347 2984 1591 3040 Cliosroe
1628 2985 1682 3037 in
1709 2983 1825 3038 loca
1859 2983 2006 3038 circa

421 3069 636 3127 Nisibin
675 3081 729 3128 et
776 3072 945 3129 Dat-as
990 3075 1189 3130 missus
1212 3083 1353 3139 erat,
1384 3081 1793 3143 exspectarunt.
1847 3075 1989 3128 Huic

2095 601 2397 675 λεγομένην
2447 605 2688 675 σμικρὰν
2736 602 3140 675 χειροτονηθεὶς
3182 602 3504 674 πρεσϐείαν,
3538 607 3682 675 πρὸς

2094 695 2335 763 Χοσρόου
2369 696 2732 766 ἐκπεμφθείς·
2772 696 2829 760 δς
2867 698 2914 732 θ’
2957 695 3061 766 τῆς
3109 694 3199 750 διὰ
3252 693 3530 765 Θεοδώρου
3580 694 3680 750 τοῦ

2096 785 2311 856 Βάκχου
2334 788 2633 859 πρεσϐείας
2656 786 2835 854 ἔδοξεν
2868 786 3165 859 ἀμοιϐαίαν
3204 786 3567 858 ἀποκομίζειν
3609 789 3679 841 ὲκ

2093 877 2189 933 τοῦ
2227 880 2471 947 Χοσρόου
2528 881 2813 950 ἀγγελίαν,
2867 881 3074 953 κυρίως
3120 879 3178 935 δὲ
3229 880 3303 944 ὠς
3349 879 3680 951 έτοιμότατα

2095 970 2209 1041 ἔχοι
2256 971 2351 1025 καὶ
2387 971 2555 1036 αὐτὸς
2587 973 2797 1027 στεῖλαι
2830 974 2959 1038 τοὺς
3004 973 3277 1045 ἄρχοντας
3316 971 3461 1027 κατά
3505 972 3571 1045 δὴ
3607 973 3682 1026 τὰ

2094 1064 2219 1136 ὅρια
2243 1064 2343 1135 τῆς
2372 1063 2507 1132 Ἕω,
2539 1064 2617 1129 ὡς
2651 1063 2718 1120 ἀν
2749 1065 2808 1120 ὲν
2839 1064 2918 1137 τῷ
2950 1064 3102 1137 αὐτῷ
3124 1065 3408 1137 γενόμενοι
3457 1066 3571 1129 τοῖς
3608 1064 3679 1117 ἐκ

2110 1154 2404 1225 Ῥωμαίων
2457 1156 3009 1228 ὲκπεμφθησομένοις
3082 1156 3412 1229 σκοπήσοιέν
3459 1173 3519 1211 τε
3581 1155 3684 1211 καὶ

2095 1243 2471 1314 διασκέψοιντο
2499 1246 2648 1311 ὅπως
2674 1246 2783 1319 χρὴ
2828 1249 2898 1302 τὰ
2940 1248 3081 1303 ὅπλα
3113 1245 3467 1303 καταθέσθαι.
3524 1248 3685 1301 Ἀνα-

2097 1337 2425 1408 κρινομένου
2478 1338 2669 1393 τούτου
2716 1338 2939 1411 πρώτου
2970 1340 3056 1405 τίς
3100 1340 3210 1411 ἄρα
3256 1339 3498 1394 πολιτεία
3527 1338 3546 1371 ί
3577 1338 3683 1409 τῆς

2097 1423 2307 1489 λύσεως
2357 1427 2468 1482 τῶν
2516 1429 3047 1495 πεντηκοντουτίδων
3082 1429 3330 1485 σπονδῶν
3378 1430 3528 1484 αίτία
3560 1430 3686 1499 ἐγέ-

2098 1532 2220 1570 νετο
2242 1556 2257 1581 ,
2309 1510 2356 1585 ᾧ
2388 1519 2496 1572 τινί
2520 1535 2586 1589 γε
2630 1520 2806 1592 δήπου
2836 1522 3254 1594 ἐμφρονέστατά
3280 1539 3411 1601 ,πως
3443 1522 3684 1593 ἀπεκρί-

2096 1623 2228 1661 νατο
2253 1609 2284 1660 6
2324 1610 2564 1681 Καῖσαρ,
2601 1611 2679 1674 ὥς
2712 1612 3075 1685 πρεσϐυτέρῳ
3107 1612 3437 1685 τυγχάνοντι
3474 1613 3690 1684 βασιλεῖ

2098 1699 2326 1771 Περσῶν
2375 1701 2538 1766 αὐτὸς
2586 1704 2608 1735 ³
2659 1702 2743 1757 έτι
2790 1704 2908 1768 νέος
2961 1704 3038 1759 ὢν
3064 1744 3080 1770 ,
3128 1706 3222 1761 καὶ
3289 1706 3416 1760 ὅσον
3474 1705 3568 1758 ἐπὶ
3613 1706 3686 1775 τῇ

2097 1787 2249 1861 ἀκμῇ
2275 1793 2374 1861 τῆς
2406 1792 2624 1861 ἡλικίας
2659 1793 2903 1860 Χοσρόου
2953 1795 3085 1859 παῖς
3115 1795 3422 1859 καθεστὼς,
3460 1795 3687 1866 ἕτοιμος

2102 1880 2189 1951 εἴη
2240 1881 2326 1951 ἐφ’
2373 1883 2513 1954 ὅπερ
2558 1884 2628 1939 ἂν
2673 1886 2879 1947 ἐκεῖνος
2903 1887 3164 1958 ἡγήσοιτο
3192 1887 3422 1943 ἕπεσθαί
3453 1890 3524 1953 οί,
3567 1886 3688 1952 καὶ,

2102 1972 2214 2027 εἴτε
2252 1972 2323 2028 τὰ
2349 1973 2475 2045 ξίφη
2511 1974 2758 2045 βούλοιτο
2790 1978 2902 2031 εἴτε
2949 1978 3050 2049 τὴν
3091 1979 3347 2050 ⁴ἡσυχίαν,
3385 1978 3689 2049 ἀκολουθή-

2104 2082 2242 2120 σειν.
2311 2067 2674 2139 ’Δποπέμψας
2723 2066 2819 2124 οῦν
2869 2071 2964 2124 ἐπὶ
3000 2070 3227 2125 τοιοῖσδε
3273 2070 3365 2126 τὸν
3401 2070 3633 2139 Ναδώην
3661 2071 3693 2125 6

2102 2157 2324 2229 Καισαρ
2360 2159 2462 2213 οὐκ
2500 2161 2559 2223 ἐς
2593 2159 2815 2232 μακρὰν
2847 2162 2943 2216 καὶ
2983 2162 3147 2225 αὐτὸς
3186 2161 3394 2216 ἔστειλε
3419 2162 3563 2217 κατά
3589 2162 3695 2234 τὴν

2114 2246 2290 2317 Ἐῴαν
2306 2248 2433 2312 τοὺς
2467 2248 2526 2303 εῦ
2553 2250 2917 2321 διαθήσοντας
2945 2252 3014 2307 τὰ
3043 2252 3343 2323 ἀμφίϐολα,
3384 2253 3442 2315 ές
3491 2253 3695 2307 ταυτὸν

2104 2338 2600 2410 συνελευσομένους
2644 2344 2761 2407 τοῖς
2805 2342 3033 2415 Περσῶν
3065 2346 3350 2416 ἡγεμόσιν.
3401 2340 3587 2399 Ἦσαν
3634 2345 3697 2400 δὲ

2102 2429 2154 2483 oi
2191 2429 2479 2494 σταλέντες
2534 2432 2809 2502 Θεόδωρος
2854 2435 2885 2488 6
2939 2434 3152 2506 Πέτρου
3178 2477 3193 2502 ,
3234 2436 3294 2501 ὃς
3343 2438 3451 2492 τῶν
3505 2442 3566 2494 ὲν
3616 2442 3691 2511 τῇ

2105 2520 2245 2593 αὐλῇ
2312 2521 2634 2592 καταλόγων
2687 2526 2798 2596 πρὸ
2856 2525 3052 2581 τούτου
3109 2529 3408 2600 γενόμενος
3465 2532 3696 2604 ἡγεμὼν

2103 2611 2411 2682 τηνικαῦτα
2443 2614 2553 2668 τῶν
2589 2614 2801 2686 βασιλεῖ
2844 2616 3151 2688 ἀνειμένων
3189 2621 3545 2691 προειστήκει
3595 2623 3699 2694 θη·-

2107 2704 2368 2776 σαυρῶν,
2414 2705 2471 2758 οῖ
2509 2722 2574 2775 γε
2626 2706 2739 2762 ἀπὸ
2793 2708 2893 2778 τῆς
2947 2707 3230 2777 δαψιλείας
3281 2712 3348 2780 τῇ
3405 2710 3699 2779 Ῥωμαίων

2107 2797 2616 2869 προσαγορεύονται
2664 2799 2817 2869 φωνῇ
2851 2799 3117 2870 (λαργοὺς
3170 2800 3281 2870 γὰρ
3310 2802 3358 2855 οί
3391 2803 3610 2857 Λατῖνοι
3633 2802 3701 2857 τὺ

2105 2889 2327 2960 δαψιλὲς
2375 2889 2397 2922 ⁸
2426 2889 2839 2959 ὀνομάζουσιν),
2908 2890 3163 2962 Ἰωάννης
3209 2910 3270 2945 τε
3328 2895 3424 2948 κα¹ι
3461 2896 3695 2966 Πέτρος,

2106 2982 2275 3053 ἄμφω
2302 2983 2370 3052 τῇ
2417 2980 2530 3035 τῶν
2561 2980 2788 3034 ὑπάτων
2826 2981 3186 3051 τετιμημένοι
3231 2984 3381 3056 ἀξία,
3437 2984 3574 3054 πρός
3629 3000 3698 3053 γε

2108 3076 2203 3128 καὶ
2246 3073 2526 3143 Ζαχαρίας
2588 3073 2648 3127 έν
2698 3074 2812 3136 τοῖς
2867 3072 3164 3143 βασιλείοις
3215 3078 3696 3145 καταταττόμενος

424 3161 573 3216 enim
638 3162 855 3231 plenam
924 3164 1075 3232 pacis
1132 3163 1520 3219 conﬁrmanda
1609 3163 1989 3219 auctoritatem

2112 3166 2342 3238 ίατροίς.
2375 3165 2440 3219 οι
2488 3165 2555 3236 δὴ
2580 3165 2865 3235 γενόμενοι
2903 3167 2963 3229 ὲς
2995 3165 3418 3219 Κωνσταντίναν
3461 3165 3616 3220 πόλιν
3648 3166 3697 3233 δ,

423 3251 696 3309 Gbosroes
732 3253 1097 3309 commiserat.
1131 3253 1333 3309 Eodem
1388 3252 1504 3309 fere
1551 3260 1798 3324 tempore
1838 3254 1991 3310 Cboo

425 3359 584 3400 eroes
622 3345 902 3401 Asterium
948 3344 1020 3417 (is
1063 3354 1181 3401 erat
1219 3361 1358 3401 unus
1389 3360 1457 3402 ex
1488 3347 1835 3417 imperatoris
1859 3348 2006 3416 judi-

424 3435 600 3504 eibus,
674 3449 816 3507 quos
884 3436 1292 3494 contrascribas
1393 3438 1712 3509 vocaveris)
1781 3438 2004 3505 occidit,

425 3526 552 3598 quia
601 3527 970 3598 deprehensus
1010 3539 1113 3596 est,
1174 3530 1304 3585 dum
1344 3529 1592 3597 captivus
1631 3539 1801 3595 esset,
1857 3529 2005 3585 clam

426 3620 636 3675 litteras
700 3619 990 3689 scripsisse
1061 3620 1129 3675 ad
1168 3620 1547 3688 imperatorem
1609 3618 2006 3685 Romanorum,

426 3722 509 3779 ut,
540 3712 669 3769 dum
713 3724 801 3767 res
846 3710 1132 3767 Persarum
1162 3710 1373 3767 amicta
1421 3719 1625 3777 essent,
1656 3725 1753 3767 eos
1818 3712 2007 3767 adori-

424 3815 598 3881 retur.
672 3803 932 3859 Mebodes
1020 3818 1147 3857 cum
1215 3804 1281 3857 ad
1362 3803 1562 3858 limites
1655 3802 2007 3866 accessisset,

427 3904 703 3951 certamen
746 3894 823 3948 illi
872 3909 994 3949 cum
1030 3890 1319 3949 Theodoro
1350 3893 1693 3949 etZacbaria
1746 3892 2012 3962 imprimis

426 3984 547 4045 fuit,
599 3998 708 4054 quo
759 3984 812 4039 in
859 3984 978 4040 loco
1011 3985 1385 4039 convenirent.
1448 3984 1679 4039 Romani
1728 3986 2010 4054 petebant,

435 4083 765 4131 conventum
825 4076 909 4143 agi
950 4075 1008 4128 in
1061 4075 1304 4131 ilnitimis
1371 4074 1541 4130 Daras
1585 4074 1741 4141 locis,
1815 4075 2013 4144 quippe

427 4179 550 4235 qua
586 4180 684 4221 sua
732 4173 941 4227 essent.
974 4165 1176 4221 Contra
1210 4165 1387 4221 Persae
1421 4167 1696 4231 dicebant,
1754 4167 2012 4235 quando-

427 4256 649 4325 quidem
702 4270 769 4312 ea
835 4257 970 4311 urbs
1034 4256 1155 4325 iure
1223 4256 1349 4312 belli
1424 4258 1685 4314 Romanis
1765 4258 2010 4328 subjecta

428 4357 592 4417 esset,
628 4362 735 4404 non
764 4362 794 4401 a
828 4347 1301 4404 verisimilitudine
1352 4347 1584 4403 alienum
1615 4362 1758 4414 esse,
1780 4362 2002 4404 omnem

436 4444 710 4512 regionem
760 4441 908 4497 circa
965 4440 1113 4495 illam
1166 4456 1354 4496 eorum
1404 4440 1652 4510 partibus
1704 4440 2006 4505 adhaerere,

2108 3257 2209 3327 τὴν
2263 3255 2468 3327 μεταξὺ
2515 3255 2627 3309 τῶν
2666 3254 2966 3325 ποταμῶν,
3020 3256 3289 3326 ἀνέμενον
3337 3256 3699 3326 έλευσόμενον

2109 3349 2176 3402 ὲκ
2211 3348 2309 3401 τοῦ
2338 3348 2585 3419 Χοσρόου
2647 3347 2706 3410 ὲς
2761 3346 2832 3400 τά
2877 3347 3008 3417 περὶ
3052 3347 3271 3402 Νίσιϐιν
3300 3347 3397 3402 καὶ
3425 3348 3487 3401 τὸ
3511 3349 3702 3417 Δάρας

2109 3436 2381 3509 Μεϐώδην
2437 3438 2532 3492 τὸν
2577 3436 3054 3508 Σανναθοερύγαν,
3092 3431 3138 3508 ᾧ
3167 3438 3232 3511 δὴ
3269 3438 3341 3492 τδ
3369 3438 3539 3509 κῦρος
3587 3440 3701 3493 τῶν

2111 3529 2241 3599 περὶ
2286 3528 2386 3600 τὴν
2416 3516 2641 3601 εἰρήνην
2690 3529 2929 3602 ἐπέθηκε
2960 3530 3237 3600 Χοσρόης.
3282 3529 3423 3585 Κατ’
3450 3529 3617 3585 αὐτὸν
3638 3529 3700 3584 δὲ

2109 3617 2203 3671 τὸν
2233 3619 2426 3689 χρόνον
2456 3620 2558 3673 καὶ
2593 3620 2895 3690 Ἀστέριος,
2928 3617 3009 3683 εἷς
3043 3619 3153 3674 τῶν
3177 3619 3468 3691 βασιλείων
3493 3620 3701 3691 διαιτη-

2108 3710 2238 3779 τῶν,
2270 3710 2364 3775 οὓς
2392 3710 2458 3780 δὴ
2482 3712 2857 3783 ἀντιγραφέας
2897 3712 3297 3777 ἀποκαλέσοις,
3350 3713 3699 3784 δορυάλωτος

2110 3800 2187 3857 ὢν
2243 3803 2487 3876 ἀνῃρέθη
2531 3804 2640 3858 61:6
2684 3805 2951 3875 Χοσρόου,
3003 3805 3278 3876 φωραθεὶς
3331 3804 3406 3867 ὡς
3456 3804 3702 3874 κρύϐδην

2113 3891 2412 3961 ἐγεγράφει
2461 3890 2673 3961 βασιλεῖ
2720 3892 2832 3945 τῶν
2867 3892 3170 3962 Ῥωμαίων
3212 3892 3498 3947 ἐπιθέσθαι
3529 3909 3700 3945 κεκα-

2112 3979 2386 4051 κωμένοις
2418 3981 2515 4036 νῦν
2560 3980 2824 4052 Πέρσαις.
2869 3981 3132 4037 Μεϐώδου
3167 3983 3224 4036 δὲ
3269 3982 3607 4052 ἀφικομένου
3637 3983 3701 4034 ὲν

2111 4072 2227 4133 τοῖς
2260 4070 2433 4142 ὁρίοις
2468 4070 2675 4141 ἅμιλλα
2727 4073 2829 4142 μέν
2879 4089 2966 4135 τις
2996 4074 3189 4141 γέγονε
3235 4071 3503 4142 πρότερον
3542 4071 3703 4141 αὐτῷ

2111 4177 2174 4215 τε
2208 4160 2306 4215 καὶ
2356 4163 2471 4226 τοῖς
2516 4163 2664 4233 ἀμφὶ
2694 4162 2962 4234 Θεοδώρῳ
2993 4167 3088 4219 καὶ
3129 4164 3379 4236 Ζαχαρία
3422 4163 3557 4235 περὶ
3602 4164 3702 4217 τοῦ

2111 4256 2238 4310 ὅποι
2265 4255 2384 4310 δέον
2420 4257 2751 4326 ποιήσασθαι
2778 4256 2878 4326 τὴν
2905 4256 3237 4323 ξυνέλευσιν.
3289 4255 3554 4327 Ῥωμαῖοι
3600 4256 3703 4324 μὲν

2112 4345 2224 4414 γὰρ
2248 4344 2437 4414 ἠξίουν
2459 4346 2520 4399 ὲν
2551 4347 2666 4408 τοῖς
2692 4344 2943 4398 τελοῦσιν
2966 4346 3061 4398 ἐπὶ
3088 4346 3109 4377 ⁵
3136 4346 3198 4398 τὸ
3227 4345 3407 4414 Δάρας
3451 4344 3701 4414 χωρίοις,

2114 4431 2205 4491 οἷα
2223 4435 2288 4506 δὴ
2315 4435 2538 4500 οἰκείοις
2568 4436 2903 4503 καθεστῶσι,
2926 4435 3343 4508 ξυγκροτεῖσθαι
3366 4436 3466 4506 τὴν
3496 4436 3705 4505 ἐκκλη-

436 4520 613 4601 neque
672 4533 784 4589 illic
827 4534 894 4588 ad
944 4532 1267 4604 colloquium
1332 4533 1624 4589 convenire
1727 4541 2007 4602 oportere,

2115 4529 2240 4584 σίαν
2259 4543 2276 4559 ·
2316 4528 2461 4599 ὰτάρ
2499 4530 2548 4581 οἱ
2576 4529 2789 4598 Πέρσαι
2817 4528 3078 4597 ἔφασκον,
3116 4526 3240 4583 ἐπεὶ
3263 4529 3297 4595 ἡ
3327 4526 3483 4589 πόλις
3513 4527 3703 4590 αὐτοῖς

432 4626 563 4691 quia
608 4625 832 4679 minime
856 4625 1004 4695 regio
1036 4625 1124 4679 illa
1165 4634 1313 4681 esset
1350 4625 1494 4679 inter
1530 4624 1834 4681 limitaneas
1873 4638 2006 4680 cen-

430 4713 626 4768 senda.
669 4712 798 4767 Post
832 4712 987 4778 ἠως,
1030 4714 1134 4782 (sic
1173 4715 1318 4769 enim
1371 4715 1617 4785 utrisque
1658 4713 1879 4783 visum),
1939 4712 2008 4767 ad

430 4804 854 4874 colloquendum
922 4816 1305 4861 convenerunt
1350 4806 1590 4870 inloco,
1654 4807 1749 4876 qui
1808 4805 2009 4861 dicitur

430 4898 711 4964 Atraelon,
734 4906 789 4953 et
818 4913 941 4954 cum
973 4898 1077 4953 illis
1110 4914 1326 4969 quoque
1357 4899 1663 4969 reipublicae
1723 4901 2010 4968 utriusque

427 4988 721 5058 principes,
776 4991 867 5059 qui
914 5005 1009 5045 eas
1079 4991 1328 5061 regiones
1394 4991 1724 5045 incolebant.
1810 4991 1925 5047 illic
1955 4993 2007 5047 in

433 5081 670 5136 medium
708 5083 1293 5152 proposuerunt,|quas
1335 5083 1476 5137 ultro
1520 5082 1768 5151 citroque
1814 5083 2010 5138 existi-

428 5172 659 5227 mabant
681 5174 884 5229 habere
902 5189 960 5229 se
987 5156 1477 5245 mutu'oaccusandi
1500 5188 1716 5241 causas,
1738 5188 1857 5244 qum
1878 5174 2014 5229 alter

428 5265 662 5333 populus
697 5266 851 5321 alteri
892 5267 1087 5321 damna
1125 5267 1432 5332 intulisset,
1475 5277 1568 5321 aut
1597 5266 1794 5322 bellum
1828 5266 2011 5321 facere

431 5365 883 5427 praeoccupasset.
939 5356 1124 5428 itaque
1153 5373 1277 5413 eum
1320 5358 1538 5428 utrique
1569 5358 1750 5427 plures
1802 5372 2015 5413 senue-

2109 4622 2190 4695 τῷ
2220 4621 2409 4694 θεσμῷ
2445 4621 2540 4676 τοῦ
2580 4620 2821 4691 πολέμου
2852 4620 3148 4691 ὑπεκλίθη,
3196 4620 3297 4675 οὐκ
3322 4619 3439 4674 »ἀπὸ
3470 4621 3702 4689 τρόπου,

2111 4715 2207 4769 καὶ
2243 4714 2313 4768 τά
2347 4713 2449 4767 ὅσα
2480 4729 2545 4783 γε
2573 4712 2680 4767 61:6
2710 4714 2811 4781 τὴν
2837 4713 2994 4766 πόλιν
3022 4712 3287 4783 ἁρμόζειν
3312 4710 3519 4774 αὐτοῖς,
3554 4711 3651 4763 καὶ
3680 4711 3704 4743 ⁸

2109 4807 2173 4860 o6
2217 4806 2337 4861 δέον
2378 4807 2557 4860 ἐκεῖσε
2588 4804 2851 4872 ξυνιέναι,
2882 4800 2971 4860 οἷα
3008 4806 3084 4877 μὴ
3115 4804 3476 4861 καθεστώτων
3510 4802 3703 4871 ὁροθε-

2112 4899 2245 4953 σίων
2273 4900 2314 4953 ⁷.
2356 4898 2514 4953 Μετὰ
2536 4898 2670 4967 γοῦν
2696 4898 2893 4963 ταῦτα,
2935 4898 3080 4952 οὕτω
3118 4897 3311 4952 δοκοῦν
3360 4896 3701 4967 ἀμφοτέροις

2107 4993 2221 5055 τοῖς
2254 4990 2469 5062 μέρεσι,
2499 4989 2758 5062 ξυνῆλθον
2800 4992 2861 5044 ὲν
2902 4990 2981 5062 τῷ
3028 4990 3094 5061 δὴ
3121 4990 3405 5061 λεγομένῳ
3452 4988 3699 5058 Ἀθραή-

2108 5082 2251 5149 λων,⁶
2288 5083 2425 5154 πρὸς
2450 5084 2566 5145 τοῖς
2592 5083 2686 5136 καὶ
2715 5082 2765 5135 oi
2811 5081 3100 5152 ἐπιχώριοι
3130 5080 3390 5152 ἄρχοντες
3422 5078 3702 5142 πολιτείας

2110 5173 2453 5244 ἀμφοτέρας.
2489 5175 2602 5228 Καὶ
2629 5174 2810 5228 τοίνυν
2848 5168 3213 5245 προύτίθεσαν
3239 5174 3304 5234 ἃς
3333 5172 3354 5204 ⁸
3386 5188 3452 5241 γε
3493 5170 3701 5240 δήπου-

2115 5267 2206 5320 θεν
2234 5266 2405 5337 ᾤοντο
2426 5267 2545 5319 κατ’
2575 5265 2820 5337 ἀλλήλων
2852 5266 2951 5328 τὰς
2976 5265 3255 5328 πολιτείας
3280 5265 3301 5296 “
3328 5264 3474 5335 ἔχειν
3495 5262 3699 5327 αἰτίας,

2114 5357 2189 5421 ὼς
2220 5360 2319 5426 τῆς
2354 5357 2548 5428 ἑτέρας
2600 5357 2703 5427 τὴν
2756 5357 2952 5429 ἑτέραν
2997 5357 3160 5413 ἄδικά
3189 5373 3249 5409 τε
3304 5360 3399 5410 καὶ
3438 5356 3537 5425 οὐχ
3575 5355 3698 5407 ὅσια

1699 5535 1933 5592 VARI/IS
1975 5533 2374 5591 LECTIONES.

505 5677 552 5750 ’ξ
577 5674 777 5750 ὃςᾼτῆς-
824 5676 913 5743 Η.,
954 5678 1103 5742 ὅστις
1136 5678 1283 5750 vulg.

432 5716 878 5817 ’ncobg'Gazﬁlsi;
898 5716 1159 5817 ’conij.

436 5811 561 5867 Par.
634 5811 954 5884 ’ὁροοέσιον
1016 5811 1156 5893 vulg.
1234 5820 1347 5884 εᾶς
1400 5822 1482 5891 Β.,
1534 5820 1609 5884 ὥς
1664 5822 1808 5893 vulg.

1364 5678 1380 5711 '
1418 5678 1503 5742 τίς
1558 5679 1670 5764 ἀρνα
1728 5677 1974 5764 πολιτεία
2011 5678 2103 5764 it,
2140 5677 2258 5764 Sic,
2278 5674 2878 5764 ﬁpgt\1to}t':sfaivulg.

1271 5751 1291 5781 ‘
1323 5744 1733 5805 Κωνσταντίνου
1784 5750 1943 5802 πόλιν
1985 5751 2084 5821 τὴν
2139 5744 2210 5802 ll.
2242 5744 2448 5816 (male).
2495 5750 2516 5781 ⁸
2545 5746 2652 5801 ὑπὸ
2686 5744 2769 5813 3.,
2831 5745 2924 5799 ἐπὶ
2980 5744 3127 5814 vulg.

1285 5820 1347 5884 ἃς
1400 5822 1482 5891 Β.,
1534 5820 1609 5884 ὥς
1664 5822 1808 5891 vulg.
1887 5822 2030 5891 θτῆς
2089 5818 2386 5889 1:0)..vulg.

2958 5676 2979 5706 ²
3013 5672 3177 5735 αὐτὸς
3208 5670 3299 5736 H.,
3334 5670 3519 5733 αὐτοῖς
3553 5671 3696 5739 vuig.

3238 5744 3257 5774 ⁶
3289 5742 3379 5795 καὶ
3428 5758 3536 5794 om.
3607 5742 3692 5796 ed.
