4076 6418
322 345 430 412 829

1135 354 1234 418 DE
1267 353 1834 420 LEGATIONIBUS
1863 359 2221 428 GENTIUM
2254 367 2356 429 AD
2394 367 2774 434 ROMANOS.

3463 383 3570 446 830

325 459 692 533 εἰργασμένης
722 501 738 528 ,
791 464 1327 536 παρασπονδησάσης
1381 484 1440 522 τε
1500 467 1596 522 καὶ
1655 469 1930 541 πόλεμονι

2015 486 2092 529 tes
2128 490 2292 546 super
2319 479 2424 536 hac
2445 495 2505 537 re
2520 481 2841 550 jactasscnt,
2863 492 2921 538 et
2945 486 3317 556 unusquisque
3335 491 3566 560 abunde,

324 554 505 610 ἄδικον
551 554 833 625 ἑλομένης.
913 556 1191 612 Πλείστων
1235 559 1294 613 δὲ
1344 559 1486 615 ὅσων
1528 561 1792 632 ῥημάτων
1837 561 1897 630 ἐξ

325 649 530 718 ἀμφοῖν
582 649 697 701 τοῖν
756 649 980 720 μεροῖν,
1031 647 1110 714 ὦς
1156 667 1232 722 πη
1267 650 1482 723 ἔτυχεν,
1519 652 1898 725 ἐρριμμένων,

325 737 492 807 χύδην
539 753 598 790 τε
634 736 937 808 περιουσῶν
971 738 1081 793 τῶν
1128 738 1505 810 δικαιολογιῶν
1551 740 1630 812 τῷ
1672 741 1901 796 ἕκαστον

325 827 532 882 ἐθέλειν
582 829 649 898 τῇ
681 827 802 882 κατ’
850 827 1014 882 αὐτὸν
1070 832 1339 902 πολιτείᾳ,
1372 826 1461 886 οἷα
1491 832 1658 898 εἰκὸς,
1716 833 1899 887 εύνούο

328 937 524 974 στατον
581 919 774 974 ἑαυτὸν
831 919 1150 992 ἀποφῆναι,
1219 922 1372 987 τέλος
1441 924 1499 986 ἐς
1559 923 1900 995 δημηγορίαν

327 1009 536 1082 πρῶτοι
577 1009 837 1081 Ῥωμαῖοι
869 1013 1230 1083 κατέστησαν.

398 1103 503 1158 κδ’.
524 1103 648 1157 Ὀτι
668 1104 718 1156 οἰ
737 1103 998 1175 πρέσϐεις
1018 1103 1364 1171 ξυνελθόντες
1378 1123 1436 1160 τε
1457 1106 1552 1161 καὶ
1570 1107 1646 1170 εἰς
1669 1105 1728 1160 ἓν
1745 1108 1901 1176 γενό-

328 1212 484 1267 μενοι
502 1193 642 1248 κατὰ
656 1194 720 1265 δὴ
737 1193 806 1247 τὰ
822 1181 946 1266 ὅρια
961 1193 1178 1264 τῆςἝω
1196 1193 1258 1261 ἐξ
1273 1196 1590 1266 ἀμφοτέρας
1607 1196 1902 1266 πολιτείας,

324 1285 431 1354 τὴν
464 1282 691 1353 εἰρήνην
721 1283 869 1343 ὅπως
922 1279 1286 1352 βεϐαιωθῆναι
1309 1281 1427 1336 δέον
1466 1282 1903 1354 διασκεψόμενοι,

335 1373 586 1446 γλαφυρά
613 1389 676 1426 τε
702 1373 798 1427 καὶ
818 1372 1038 1426 ποικίλα
1071 1373 1292 1445 ῥήματα
1310 1373 1532 1429 ἕκαστοι
1558 1373 1904 1447 ἀπορρίψαν-

330 1481 442 1530 τες,
468 1462 714 1526 εἰπόντες
740 1479 800 1515 τε
831 1463 925 1516 καὶ
944 1463 1243 1534 ἀκηκοότες
1265 1463 1334 1517 τὰ
1357 1464 1458 1518 ὅσα
1493 1467 1693 1535 χρεὼν,
1741 1463 1904 1536 τυχὸν

327 1555 426 1609 καὶ
447 1554 516 1608 τὰ
538 1554 640 1608 ὅσα
667 1551 758 1624 μὴ,
778 1550 977 1624 χρεὼν,
999 1551 1154 1617 τέλος
1172 1553 1408 1626 ξυνῆκαν
1430 1555 1480 1607 οἱ
1498 1555 1756 1625 πρέσϐεις
1775 1555 1904 1625 περὶ

337 1648 432 1716 μὲν
458 1644 554 1699 τοῦ
584 1644 952 1715 διαρραγῆναι
979 1643 1079 1708 τὰς
1112 1643 1349 1709 σπονδὰς
1376 1645 1461 1709 τίς
1490 1646 1665 1710 αἴτιος
1689 1646 1782 1700 καὶ
1816 1644 1902 1712 οὔ,

337 1736 397 1790 τὸ
429 1733 629 1789 τοιόνδε
662 1731 977 1802 σιγηθῆναι,
1011 1731 1361 1804 διερευνῆσαι
1395 1730 1454 1785 δὲ
1483 1733 1710 1803 τρόπον,
1730 1733 1837 1803 ὅτῳ
1859 1734 1905 1766 ιο

1999 583 2110 639 quo
2135 584 2198 626 se
2239 587 2356 630 suae
2419 575 2636 645 patriae,
2665 583 2727 630 ut
2756 574 3006 640 decebat,
3053 588 3323 634 amantem
3353 591 3407 636 et
3447 594 3570 638 stu-

1999 661 2210 718 diosum
2279 665 2628 739 ostenderet,
2653 665 2831 735 justas
2893 665 3162 728 rationes.
3205 667 3402 736 quibus
3446 685 3568 725 eam

2000 763 2245 812 tueretur
2287 764 2346 811 et
2373 756 2708 822 «ieienderet.
2769 758 3061 827 attulisset,
3119 761 3332 814 tandem
3406 761 3572 832 primi

1999 843 2232 902 Romani
2284 847 2604 905 concionem
2659 850 2800 919 apud
2849 859 3180 906 conventum
3217 852 3568 908 habuerunt.)

2070 1113 2162 1170 2‘.
2227 1113 2318 1184 (A.
2363 1115 2428 1173 C.
2478 1114 2603 1174 577.
2648 1112 2768 1173 Ind.
2833 1114 2924 1184 10,
2966 1113 3167 1173 Justini
3221 1117 3334 1192 £3.)
3383 1119 3571 1191 Legati

2002 1205 2389 1264 convenientes
2450 1217 2508 1263 et
2582 1207 2637 1262 in
2693 1222 2858 1264 unum
2927 1210 3207 1280 congressi
3289 1209 3358 1265 ad
3434 1211 3572 1267 lines

2003 1291 2246 1354 Orientis
2289 1296 2360 1350 ab
2403 1304 2634 1366 utroque
2682 1309 2868 1367 regno,
2925 1306 2985 1354 ut
3031 1299 3375 1368 diapieerent,
3419 1314 3574 1370 quo—

2004 1387 2164 1443 modo
2217 1401 2408 1458 pacem
2474 1387 2688 1443 ﬁrmam
2756 1389 3031 1452 facerent.
3081 1388 3290 1446 lubrica
3345 1401 3404 1446 et
3454 1405 3574 1446 am-

2006 1478 2170 1548 bigua
2197 1477 2359 1534 verba
2391 1479 2645 1548 utrinque
2693 1479 3015 1548 emiserunt,
3049 1489 3108 1536 et
3129 1496 3250 1550 quae
3288 1482 3392 1537 dici
3419 1497 3577 1551 opor-

2009 1566 2132 1632 tuit,
2154 1566 2412 1622 dixerunt
2431 1575 2489 1623 et
2526 1567 2844 1634 audierunt,
2889 1577 2945 1624 et
2991 1568 3134 1625 forte
3177 1584 3299 1638 quae
3350 1571 3578 1626 minime

2006 1656 2115 1712 dici
2145 1656 2472 1712 debuerunt.
2535 1657 2777 1713 Tandem
2811 1658 2940 1714 illud
2987 1659 3288 1729 disquirere
3322 1674 3576 1732 superse-

2008 1746 2230 1813 derunt,
2287 1745 2404 1801 utri
2446 1747 2648 1817 populo
2697 1747 2944 1820 fmderis;
2964 1748 3185 1805 violatio
3226 1751 3574 1807 attribuenda

339 1823 784 1897 ὲμπεδωθήσεται
812 1823 880 1876 τὰ
928 1818 1186 1897 εἰρηναῖα
1221 1823 1314 1876 τοῦ
1364 1822 1552 1877 λοιποῦ
1592 1823 1687 1898 καὶ
1712 1825 1768 1879 αἱ
1800 1824 1907 1897 ἀμ-

2015 1849 2182 1912 esset,
2204 1847 2260 1894 et
2285 1839 2552 1905 ratione
2583 1839 2910 1912 investigare
2927 1818 3115 1896 conati
3137 1853 3286 1906 sunt,
3307 1843 3580 1912 quomodo

335 1918 589 1988 φήριστοι
639 1913 907 1968 πολιτεῖαι
955 1914 1281 1970 κατάθοιντο
1334 1913 1403 1970 τὰ
1428 1914 1588 1971 ὅπλα.
1617 1916 1796 1980 Εὐθὺς
1813 1911 1906 1971 οὖν

331 2004 592 2062 Μεϐὡδου
623 2005 762 2060 κατὰ
785 2005 887 2070 τὰς
919 2003 1111 2076 πρώην
1145 2005 1438 2077 ξυνθήκας,
1481 2008 1540 2062 αἲ
1575 2007 1909 2079 ξυνέστησαν

331 2099 430 2152 ἰπὶ
450 2095 544 2152 τοῦ
574 2097 977 2169 αὐτοκράτορος
1026 2096 1427 2164 Ἰουστινιανοῦ,
1473 2097 1572 2162 τὰς
1613 2099 1909 2169 τριάκοντα

331 2187 586 2258 χιλιάδας
629 2187 738 2240 τῶν
795 2186 1150 2258 νομισμάτων
1198 2187 1471 2257 φήσαντος
1528 2187 1725 2259 χρῆναι
1780 2188 1910 2251 τοὺς

349 2278 660 2350 Ῥωμαίους
683 2281 749 2350 τῇ
776 2279 1022 2351 πολιτείᾳ
1039 2278 1264 2350 Περσῶν
1285 2277 1636 2333 κατατιθέναι
1658 2279 1740 2333 ἀν’
1762 2278 1905 2344 ἔτος,

330 2368 414 2423 ετι
474 2386 538 2439 γε
597 2369 704 2441 μὴν
732 2369 1096 2440 ἀποχωρῆσαι
1156 2367 1576 2440 Περσαρμενίας
1619 2369 1660 2401 ⁸³
1698 2385 1758 2422 τε
1813 2369 1910 2422 καὶ

345 2459 610 2532 Ἰϐηρίας,
635 2460 774 2531 πρὸς
805 2459 863 2513 δέ
889 2476 953 2529 γε
984 2458 1081 2512 καὶ
1106 2458 1310 2524 αὐτοὺς
1351 2459 1481 2523 τοὺς
1501 2459 1617 2513 ὅσοι
1653 2475 1716 2528 γε
1746 2457 1910 2512 αῐτιοι

336 2552 436 2623 τῆς
484 2551 826 2614 ἁποστασίας
887 2550 1217 2620 ἀποδοθῆναι
1251 2549 1464 2622 βασιλεῖ
1519 2548 1631 2602 τῶν
1682 2548 1909 2620 Περσῶν

333 2641 656 2713 χρησομένῳ
688 2641 840 2710 σφίσι
867 2643 992 2706 ταῖς,
1016 2641 1426 2713 προσηκούσαις
1473 2644 1680 2712 φωναῖς
1707 2644 1773 2698 ι’.
1804 2642 1909 2696 To-

337 2733 514 2788 σαῦτα
571 2734 666 2787 τοῦ
721 2730 982 2786 Μεϐώδου
1036 2733 1471 2799 κατατείναντος,
1528 2736 1576 2788 οἰ
1622 2733 1732 2788 τῶν
1770 2734 1908 2787 Ῥω-

338 2827 514 2898 μαίων
539 2826 818 2896 πρέσϐεις,
849 2826 912 2880 τὸ
939 2825 1144 2880 τοιόνδε
1175 2828 1239 2880 ὲκ
1290 2826 1387 2880 τοῦ
1444 2826 1724 2898 Καίσαρος
1767 2843 1910 2896 παρ·

335 2915 607 2986 εγγυηθὲν
637 2919 844 2982 αὐτοῖς,
877 2915 1077 2971 αὐτίκα
1108 2915 1162 2970 οῐ
1192 2931 1257 2985 γε
1285 2916 1444 2971 τοῦτο
1481 2916 1613 2970 αὐτὸ
1639 2916 1761 2971 οὐδὲ
1781 2914 1908 2969 τοῦ.

336 3027 479 3077 νομα
504 3007 832 3080 προσίεσθαι
849 3007 1059 3078 ἔφασαν
1079 3007 1180 3077 τῆς
1203 3007 1445 3078 εἰρήνης,
1483 3005 1642 3079 εἴπερ
1665 3007 1756 3061 ἐπὶ
1779 3025 1908 3061 συν-

2010 1909 2064 1987 ἰῦ
2087 1940 2359 2001 posterum
2389 1943 2494 2000 pax
2521 1929 2694 1988 firmis
2730 1909 2885 2001 ra],
2913 1909 3374 1988 'conventionibua
3403 1930 3578 1988 stabi-

2010 2023 2236 2086 liretur,
2286 2033 2346 2076 et
2389 2021 2624 2078 inimica
2667 2033 2857 2092 gentes
2903 2021 2970 2079 ab
3006 2023 3174 2080 armis
3215 2022 3576 2080 discederent.

2009 2110 2205 2169 Statim
2231 2109 2487 2168 Mebodes
2524 2112 2813 2182 suggessit.
2854 2126 3068 2183 aequum
3107 2127 3254 2179 esse,
3304 2111 3579 2169 Romanos

2007 2199 2244 2271 pendere
2289 2199 2581 2256 Persarum
2653 2201 2980 2272 reipublicae.
3018 2202 3312 2273 quotannis
3357 2202 3579 2270 triginta

2011 2292 2179 2348 millia
2213 2308 2524 2349 aureorum.
2583 2294 2674 2350 Sic
2704 2295 2849 2350 enim
2883 2295 3331 2351 conventiouibua
3359 2303 3581 2352 cautum

2006 2397 2164 2450 esse,
2215 2397 2336 2451 qua
2397 2391 2641 2454 tempore
2681 2383 2977 2440 Justiuiani
3026 2385 3372 2455 imperatoris
3419 2383 3582 2440 facta

2006 2484 2188 2533 erant.
2248 2474 2516 2532 Pratarea
2559 2475 2936 2533 Persarmenia
2975 2486 3032 2532 et
3073 2476 3251 2534 Iberia
3300 2476 3578 2540 cederent,

2007 2575 2065 2622 et
2102 2580 2293 2636 omnes
2335 2566 2654 2643 defectionis
2699 2575 2954 2633 auctores
2987 2567 3100 2636 regi
3129 2560 3420 2626 Persarum
3460 2567 3584 2624 red-

2007 2653 2220 2720 derent,
2248 2668 2384 2724 quos
2434 2655 2626 2710 merita
2669 2665 2845 2710 morte
2886 2653 3144 2717 atliceret.
3202 2653 3328 2711 Haec
3377 2665 3434 2710 et
3475 2655 3580 2709 alia

2008 2745 2316 2814 huiusmodi
2341 2743 2565 2800 Mebode
2595 2755 2955 2816 proponente,
3003 2745 3373 2816 Romanorum
3418 2745 3583 2815 legati

2007 2836 2304 2890 secundum
2350 2835 2579 2890 Cesaris
2625 2835 2877 2890 mandata
2924 2845 3119 2891 contra
3175 2836 3580 2899 disseruerunt,

2009 2930 2065 2978 et
2095 2921 2383 2978 confestim
2416 2923 2835 2991 responderunt,
2880 2938 2941 2980 se
2975 2925 3078 2980 hoc
3113 2938 3181 2980 ne
3221 2938 3320 2994 pro
3367 2923 3588 2978 nomine

2011 3015 2226 3084 quidem
2263 3014 2412 3084 pacis
2436 3013 2746 3080 admittere,
2778 3014 2824 3070 si
2854 3030 2976 3069 cum
3000 3014 3190 3070 tributi
3221 3014 3588 3084 pensitatione

335 3096 518 3172 τελείᾳ
545 3099 655 3153 τινὶ
701 3099 798 3152 καὶ
847 3097 944 3152 ἅτε
1012 3099 1070 3161 ὲς
1125 3097 1296 3169 φόρου
1340 3098 1643 3168 ἀπαγωγὴν
1697 3098 1911 3169 Πέρσαι

2015 3103 2191 3158 Persae
2213 3111 2500 3172 sperarent
2524 3103 2576 3158 in
2597 3112 2877 3174 posterum
2901 3103 3175 3159 Romanos
3199 3103 3301 3159 sibi
3323 3103 3589 3158 obnoxios

335 3188 610 3253 ἐλπίζοιεν
655 3189 975 3260 Ῥωμαίους
1001 3188 1144 3262 ἕξειν
1171 3188 1266 3242 τοῦ
1338 3188 1530 3242 λοιποῦ
1553 3205 1568 3220 ⁸
1603 3188 1739 3259 μηδὲ
1803 3188 1911 3260 γὰρ

337 3279 626 3346 ἀνέξεσθαι
648 3278 744 3334 τοῦ
773 3278 982 3333 τοιοῦδε
1007 3279 1099 3332 τὸν
1134 3278 1391 3350 Καίσαρά
1428 3296 1482 3331 τι
1511 3277 1910 3349 παρασχέσθαι,

341 3370 482 3442 μήτε
527 3369 636 3442 μὴν
684 3369 875 3441 ὥσπερ
921 3369 1118 3439 ἀμέλει
1159 3369 1316 3442 ᾣνιόν
1349 3387 1404 3423 τι
1427 3369 1618 3441 χρῆμα
1649 3369 1914 3440 πρίασθαι

336 3461 436 3531 τήν
457 3460 680 3532 εἰρήνην
712 3475 728 3491 ο
762 3457 908 3512 οὕτω
935 3459 1004 3526 δὴ
1031 3457 1142 3531 γὰρ
1176 3459 1224 3512 έί
1255 3459 1452 3522 ἔσοιτο,
1476 3457 1540 3512 οὗ
1564 3475 1617 3511 τι
1647 3453 1785 3512 εἶναι
1817 3457 1917 3527 μό-

343 3569 500 3622 νιμον
523 3551 646 3606 οὐδὲ
677 3550 925 3623 βεϐαίαν.
951 3551 1165 3622 Χρῆναι
1194 3551 1375 3605 τοίνυν
1410 3549 1699 3619 Ῥωμαίων
1727 3549 1912 3617 ἔλεγον

347 3641 396 3693 οἰ
427 3639 685 3710 πρέσϐεις
704 3640 972 3711 πρότερον
1000 3639 1096 3694 τοῦ
1149 3637 1355 3694 τοιοῦδε
1373 3639 1649 3704 ἀπειπεῖν,
1684 3636 1827 3691 οὕτω
1853 3655 1916 3691 τε

346 3731 435 3799 ἐφ’
464 3725 545 3795 οἷς
574 3731 684 3785 δέοι
711 3731 782 3785 τὰ
808 3731 910 3801 τῆς
940 3731 1163 3802 εἰρήνης
1192 3729 1444 3801 προϊέναι
1495 3727 1915 3798 διασκέψασθαι.

343 3820 454 3874 Καὶ
475 3819 634 3885 αὖθις
659 3822 816 3875 ἕκατι
843 3821 938 3874 τοῦ
967 3819 1174 3873 τοιοῦδε
1217 3818 1504 3890 τερθρείας
1535 3818 1711 3886 λόγων
1739 3818 1916 3888 άπερ-

343 3909 614 3981 ριμμένης
661 3911 862 3980 πολλῆς
909 3909 968 3978 ἐξ
999 3911 1202 3979 ἀμφοῖν
1253 3911 1370 3962 τοῖν
1425 3911 1634 3980 μεροῖν,
1689 3909 1785 3962 καὶ⁸
1820 3907 1919 3978 οὐχ

343 4002 737 4074 δποχαλὼντων
772 4003 830 4055 ὲν
857 4003 998 4073 ἀρχῇ
1028 4001 1136 4054 τῶν
1175 4000 1428 4071 Περσῶν,
1455 4000 1570 4054 ἀλλ’
1600 4000 1633 4072 ἢ
1665 4001 1763 4064 τὰς
1792 4001 1919 4054 ἀνέ-

342 4094 510 4150 καθεν
535 4095 830 4165 τριάκοντα
851 4092 1096 4164 χιλιάδας
1124 4092 1219 4146 τοῦ
1275 4092 1480 4164 χρυσοῦ
1521 4091 1856 4163 νομίσματος
1886 4091 1920 4161 ἢ

344 4184 638 4257 προσάπαξ
667 4183 742 4247 ὡς
779 4184 886 4256 χρὴ
936 4183 1078 4254 μέγα
1107 4199 1158 4236 τι
1205 4182 1536 4236 καταθέσθαι
1558 4181 1924 4249 δικαιολογου-

351 4275 550 4344 μένων,
577 4275 638 4327 τδ
664 4273 976 4328 τελευταῖον
1003 4271 1182 4337 ἔδοξεν
1207 4272 1235 4324 ό
1264 4267 1529 4342 Μεϐώδης
1557 4271 1924 4326 ἐπιδεικνύναι

344 4363 503 4435 δῆθεν
534 4364 718 4426 αὐτοῖς
751 4365 816 4416 ὲκ
859 4361 954 4416 τοῦ
1012 4363 1134 4416 κατ’
1163 4361 1329 4416 αὐτὸν
1378 4361 1642 4433 βασιλέως
1691 4363 1925 4433 γράμμα

1934 3146 1982 3209 C

2013 3195 2361 3249 constituere.
2401 3191 2510 3250 Nec
2535 3193 2679 3248 enim
2699 3191 2967 3250 Caesarem
2993 3193 3293 3272 quidquam
3319 3193 3578 3262 pendere,

2015 3298 2191 3353 neque
2222 3297 2434 3353 pacem,
2474 3293 2729 3352 tanquam
2761 3298 2874 3338 rem
2907 3284 3173 3352 venalem,
3203 3297 3383 3339 emere
3411 3283 3588 3350 velle;

2013 3389 2156 3446 quae,
2183 3375 2228 3428 si
2259 3373 2331 3426 ita
2356 3372 2720 3442 contingeret,
2747 3386 2855 3426 non
2882 3372 2972 3426 diu
3005 3381 3376 3440 permaneret,
3407 3385 3590 3441 neque

2017 3465 2172 3519 ﬁrma
2206 3462 2364 3518 foret.
2404 3460 2668 3531 Oportere
2715 3460 2881 3532 igitur
2931 3463 3200 3533 imprimis
3235 3472 3406 3518 totum
3447 3466 3592 3520 hunc

2017 3567 2323 3611 sermonem
2357 3552 2630 3619 omittere,
2664 3561 2776 3606 tum
2804 3552 3042 3616 demum,
3095 3552 3294 3622 quibus
3322 3553 3593 3609 conditio-

2018 3647 2176 3702 nibus
2218 3659 2323 3715 pax
2368 3642 2656 3698 vincienda
2687 3642 2778 3710 sit,
2823 3643 3129 3698 advertere.
3181 3641 3392 3700 Rursus
3427 3658 3592 3713 super

2019 3739 2106 3794 bis
2156 3753 2279 3792 cum
2324 3744 2566 3804 utraeque
2609 3742 2790 3804 partes
2842 3733 2896 3788 in
2951 3733 3150 3790 multas
3207 3733 3591 3790 altercationes

2020 3819 2347 3898 erupissent,
2384 3835 2440 3883 et
2469 3827 2650 3882 Persa:
2685 3823 2908 3880 minime
2937 3825 3214 3890 cederent,
3265 3824 3359 3880 sed
3395 3825 3594 3880 obnixe

2021 3921 2430 3984 contenderent,
2461 3917 2666 3987 justum
2702 3931 2842 3981 esse,
2882 3914 3161 3970 Romanos
3193 3926 3285 3970 aut
3325 3916 3592 3970 constitu-

2024 4021 2138 4085 tum
2172 4011 2389 4082 triginta
2432 4008 2660 4063 millium
2689 4021 2976 4062 aureorum
3015 4005 3272 4060 tributum
3305 4007 3595 4075 quotannis

2024 4098 2278 4170 pendere,
2306 4106 2399 4152 aut
2431 4096 2598 4152 semel
2628 4110 2878 4165 magnam
2909 4094 3146 4165 aliquam
3178 4094 3422 4163 pecuniae
3445 4093 3592 4150 sum.

2024 4211 2192 4260 mam,
2237 4195 2449 4250 tandem
2491 4191 2699 4248 Mebodi
2743 4187 3004 4244 Romanis
3052 4186 3260 4243 litteras
3304 4186 3595 4244 Persarum

2028 4284 2173 4354 regis
2205 4297 2376 4353 nuper
2411 4283 2478 4337 ad
2509 4296 2571 4336 se
2603 4282 2836 4350 scriptas
2869 4279 3161 4336 ostendere
3204 4278 3426 4348 placuit,
3471 4280 3596 4346 qui-

2028 4375 2129 4429 bus
2156 4388 2213 4429 se
2237 4380 2458 4443 propter
2489 4371 2723 4427 Caesaris
2751 4371 3048 4424 amicitiam
3071 4370 3234 4424 etiam
3268 4367 3411 4421 nulla
3436 4381 3598 4436 pecu-

346 4457 471 4525 ἄρτι
501 4455 714 4519 σταλὲν,
740 4454 800 4508 ἒν
843 4447 888 4522 ᾧ
941 4453 1270 4524 περιείχετο,
1315 4453 1392 4517 ὡς
1426 4451 1587 4524 χάριν
1638 4451 1738 4523 τῆς
1788 4453 1927 4525 πρὸς

2032 4463 2242 4519 uiarum
2283 4462 2464 4519 habita
2507 4462 2716 4516 ratione
2751 4461 2922 4530 aequis
2961 4458 3367 4515 conditionibus
3406 4471 3596 4526 pacem

348 4547 606 4617 Καίσαρα
655 4545 839 4616 φιλίας
887 4545 1132 4612 ἅνέξριτο
1195 4545 1292 4598 καὶ
1347 4544 1652 4616 χρημάτων
1692 4543 1849 4606 ἐκτὸς
1872 4543 1932 4610 ἐξ

352 4637 620 4708 ἰσοτιμίας
638 4636 954 4709 ἀναρρῶσαι
985 4636 1027 4668 ⁸³
1054 4635 1155 4706 τὴν
1171 4635 1415 4706 εἰρήνην.
1432 4634 1603 4688 Τοῦτο
1623 4635 1744 4689 ἐπεί
1765 4637 1838 4706 [οἰ
1864 4635 1932 4709 “j

349 4728 492 4781 κατά
520 4728 617 4798 τὴν
640 4727 890 4799 βασιλίδα
933 4726 1294 4797 διεθρυλλήθη
1331 4726 1510 4793 πόλιν,
1560 4725 1800 4791 ἅπαντες
1840 4727 1935 4781 ἆν-

350 4817 744 4890 επτερώθησάν
757 4835 839 4885 τε,
865 4818 960 4872 καὶ
978 4818 1198 4872 ἐδόκουν
1220 4816 1276 4869 οῖ
1296 4831 1356 4870 τε
1383 4817 1442 4869 εν
1464 4814 1609 4869 τέλει
1625 4819 1720 4871 καὶ
1741 4819 1864 4882 ὅσος
1889 4819 1934 4851 ³⁸

348 4909 535 4980 ιτερος
584 4910 771 4981 ὅμιλος
822 4897 922 4980 ἥδη
980 4909 1244 4979 ἀργήσειν
1275 4907 1345 4960 τὰ
1390 4906 1517 4979 ξίφη
1548 4908 1644 4963 καὶ
1675 4908 1928 4978 εμπεδώ-

349 5015 488 5054 τατα
519 5001 567 5034 ¹⁶
601 4999 853 5064 καθέξειν
889 4999 990 5069 τὴν
1044 4999 1287 5070 εἰρήνην,
1317 4999 1439 5052 ἐπεὶ
1465 5001 1494 5052 ὁ
1527 5001 1744 5071 Καῖσαρ
1789 5002 1931 5074 Περ-

353 5093 660 5164 σαρμενίας
707 5108 765 5144 τε
790 5091 884 5144 καὶ
915 5091 978 5160 δὴ
1013 5089 1252 5160 Ἰϐηρίας
1278 5089 1447 5160 αὐτῆς
1468 5091 1790 5160 ὲτοιμότατα
1811 5087 1925 5162 εϊχε

352 5186 754 5254 παραχωρῆσαι
794 5181 839 5215 ¹⁷
877 5178 1136 5252 Πέρσαις,
1169 5181 1483 5252 σαφέστατα
1504 5181 1928 5254 ἐξεπιστάμενος

351 5273 427 5337 ὠς
451 5275 514 5326 οὐ
549 5273 770 5325 πώποτε
797 5269 1077 5326 ἐνδώσοιεν
1121 5272 1395 5339 τοσαύτης
1442 5271 1794 5342 ἐστερημένοι
1826 5271 1930 5342 χώ-

355 5381 472 5434 ρας,
493 5363 614 5418 ούδέ
645 5379 712 5432 γε
744 5365 792 5416 εἰ
822 5363 866 5396 ι’
891 5361 1088 5425 τελέως
1138 5361 1516 5431 κατολισθήσοι
1559 5363 1655 5413 καὶ
1707 5359 1927 5431 ἐξίτηλα

2030 4554 2296 4609 iacturum
2339 4567 2460 4608 esse
2495 4551 2768 4607 indicavit.
2812 4549 2984 4617 Hujus
3030 4547 3112 4604 rei
3145 4547 3288 4602 fama
3346 4543 3598 4602 simulat-

2029 4659 2133 4713 que
2157 4643 2224 4698 ad
2275 4643 2476 4712 regiam
2532 4640 2720 4694 urbem
2771 4637 2980 4709 perlata
3032 4647 3136 4702 est,
3191 4649 3382 4690 omnes
3431 4633 3600 4688 laetati

2029 4739 2156 4788 sunt
2187 4741 2240 4786 et
2271 4739 2491 4786 senatus
2518 4736 2573 4784 et
2616 4728 2792 4799 plebs,
2820 4741 3050 4798 eamque
3079 4726 3261 4780 animo
3286 4723 3600 4795 opinionem

2028 4829 2422 4892 prmceperunt,
2452 4829 2668 4888 tempus
2699 4817 3010 4882 advenisse,
3055 4828 3163 4885 quo
3187 4815 3411 4889 ensibus
3444 4815 3600 4884 quie-

2031 4925 2141 4970 tem
2169 4912 2490 4976 indicerent,
2517 4919 2571 4965 et
2602 4911 2831 4966 ﬁrmiter
2852 4923 3040 4980 pacem
3061 4907 3304 4962 colerent
3328 4925 3341 4960 :
3369 4908 3622 4962 maxime.

2036 5019 2160 5061 cum
2187 5002 2372 5058 Caesar
2396 4999 2831 5058 Persarmeniam
2862 5011 2918 5054 et
2944 4997 3173 5054 lberiam
3197 4997 3379 5054 Persis
3410 4998 3626 5052 cedere-

2036 5101 2257 5165 paratus
2304 5103 2470 5148 esset.
2506 5093 2598 5148 Sic
2641 5093 2787 5149 enim
2816 5096 3109 5159 statuebat,
3139 5092 3354 5154 Persas,
3389 5085 3618 5144 etiamsi.

2035 5200 2222 5241 eorum
2262 5199 2349 5239 res
2389 5184 2611 5253 perditae
2637 5182 2831 5238 :forent
2870 5194 2926 5240 et
2974 5185 3039 5239 ad
3091 5184 3312 5239 nihilum
3355 5181 3626 5244 redactae,,,

2034 5289 2308 5343 nunquam
2346 5276 2647 5344 quieturos,
2683 5274 2940 5344 quamdiu
2970 5276 3056 5330 his
3095 5277 3258 5330 tantis
3294 5268 3604 5339 regionibus

2035 5365 2400 5434 privarentur.
2456 5351 2738 5437 Principes
2773 5376 2950 5423 tamen
2983 5363 3500 5425 Persarmeniorum,
3549 5365 3604 5412 et

1627 5471 1860 5528 VARle
1899 5475 2305 5532 LECTIONES.

423 5590 466 5621 '°
501 5589 622 5644 ὅτου
659 5589 802 5659 vulg.

348 5658 741 5729 ἀναθαρρῶσαι
759 5657 914 5727 'vulg.
994 5657 1114 5711 ηοἰ
1143 5657 1300 5712 uncis
1325 5659 1544 5712 inclusit

902 5589 942 5621 "
965 5579 1377 5671 Hspeappsyict;
1393 5587 1479 5654 13.,
1503 5606 1571 5670 πε
1609 5589 1632 5642 l.
1658 5589 1947 5688 Ἀρμενίας
1967 5593 2113 5662 vulg.
2212 5594 2254 5626 ¹¹
2282 5593 2510 5666 φωναῖςι
2539 5598 2752 5660 ποιναῖς
2789 5595 2932 5650 con'.
2956 5593 3018 5648 Β.
3042 5595 3054 5607 ”

902 5699 914 5711 .
994 5657 1038 5691 ¹¹δ
1065 5660 1114 5711 οἰ
1143 5674 1300 5712 uncus
1325 5659 1544 5712 mclusnt
1739 5661 1760 5692 ⁵
1792 5660 1914 5712 ὅσος
1947 5659 2165 5712 Β..ὅσοι
2191 5664 2333 5712 vuln.
2416 5665 2458 5695 ’⁸
2483 5665 2838 5712 ἐιιπεδώτατα
2993 5663 3054 5712 tu

350 5664 741 5729 ἀναθαρρῶσαι
768 5664 914 5727 vulg.
994 5664 1038 5691 “
1065 5664 1114 5711 οἰ
1143 5664 1300 5712 uncis
1325 5664 1544 5712 inclusit
1580 5664 1640 5711 B.
1721 5664 1760 5692 ³⁵
1792 5664 1914 5722 ὅσος
1947 5664 2165 5725 Β.,ὅσοι
2191 5664 2333 5734 vulg.
2416 5665 2458 5695 “
2483 5664 2519 5732 ἐχ

350 5729 801 5800 ’τπσραχωρῆσαι
851 5729 1097 5784 Canlucl.
1136 5729 1490 5799 παραρρῆσαι
1516 5729 1684 5799 vulg.,
1723 5729 2040 5801 παραρῦσαι
2071 5733 2287 5804 Πέρσας
2316 5749 2424 5806 mg.
2457 5732 2519 5788 ll.

3120 5593 3164 5666 if
3177 5591 3298 5666 *ἀνα
3303 5590 3334 5666 ρ
3340 5586 3512 5656 ῥῶσαι
3529 5585 3614 5666 IN.

2416 5657 2838 5734 ίθ-ξμπεδώτᾳξτα
2868 5657 2958 5734 Η.,
2993 5661 3211 5734 ἐμπεδῶ
3229 5657 3398 5712 ταῦτα
3452 5657 3603 5730 vulg,

2601 5734 2718 5785 ιεει
2743 5733 2881 5799 για..
2925 5733 2958 5801 ἦ
2992 5733 3133 5802 vulg.
