4076 6416
487 365 589 434 831

1326 359 1741 423 'EXCERPTA
1778 359 1882 421 EX
1921 358 2349 422 MENANDRO
2389 338 2927 422 PROTECTORE‘

3636 360 3740 421 832

488 485 581 553 qui
616 481 721 535 illis
749 494 949 551 genere
989 478 1265 547 conjuncti
1297 489 1473 544 erant,
1529 488 1583 534 et
1631 491 1843 542 omnes,
1889 477 1982 546 qui
2035 491 2065 531 a

2170 474 2344 529 έσοιτο
2394 476 2465 530 τὰ
2518 478 2820 548 πράγματα
2854 476 3099 548 Περσῶν.
3142 474 3283 538 Τοὺς
3311 475 3493 545 μέντοι
3525 477 3755 547 γενεάρ-

489 573 671 628 Persis
717 573 784 625 ad
815 570 1089 627 Romanos
1118 571 1507 642 confugissent,
1564 570 1714 626 nullo
1758 569 1920 624 modo
1954 580 2065 625 tra-

489 662 695 719 dendos
716 675 839 717 esse
871 662 1102 716 statuit:
1132 662 1241 716 iuno
1270 674 1375 715 non
1399 660 1504 714 alia
1539 660 1851 715 conditione
1874 672 2063 729 pacem

490 750 839 813 servandam,
868 750 973 803 nisi
1008 749 1241 804 liberum
1270 748 1342 803 sit
1366 748 1764 805 Persarmeniis
1792 758 1845 805 et
1873 748 2061 815 Iberis,

488 839 581 908 qui
605 855 755 895 suam
786 839 1019 908 patriam
1066 838 1407 908 reliquerint,
1432 840 1498 896 ad
1528 840 1893 897 Romanorum
1936 856 2065 912 par-

489 941 573 985 tes
613 932 866 986 transire.
907 930 1117 987 Etenim
1146 932 1330 988 Caesar
1358 933 1584 987 multum
1618 933 1673 988 in
1710 948 1776 989 eo
1812 947 2063 990 sermone

489 1030 738 1078 versatus
772 1030 878 1087 est,
928 1038 957 1076 a
995 1022 1301 1078 Iustiniano
1340 1024 1671 1094 imperatore
1706 1024 2062 1095 jurejurando

489 1113 649 1168 ﬁdem
692 1114 871 1168 datam
924 1114 1082 1184 122
1125 1129 1245 1170 esse
1274 1113 1667 1173 Persarmeniis
1711 1126 1767 1172 et
1814 1117 1919 1181 his,
1967 1117 2060 1186 qui

486 1218 554 1257 ex
584 1203 755 1259 Iberia
793 1206 1194 1274 migraverant;
1249 1216 1411 1275 atque
1442 1209 1578 1262 adeo
1608 1208 1785 1277 ipsum
1825 1208 2063 1278 impera-

487 1304 658 1349 torem
687 1295 925 1363 jurasse,
956 1307 1219 1366 quantum
1247 1298 1300 1352 in
1337 1311 1395 1353 se
1424 1309 1589 1364 esset,
1626 1298 1776 1353 omni
1818 1313 1921 1369 cpe
1965 1314 2062 1354 an-

485 1385 751 1452 nisurum,
794 1401 905 1455 quo
934 1396 1160 1451 terram,
1195 1402 1316 1456 qua:
1347 1387 1492 1457 ipsos
1522 1390 1751 1453 aluerat,
1789 1388 1891 1444 sibi
1932 1389 2063 1444 sub-

2169 583 2269 636 χας
2292 567 2741 639 Περσαρμενίων,
2763 571 2901 625 ἀλλά
2927 570 3035 641 γὰρ
3064 568 3305 633 καὶτοὺς
3324 569 3400 640 τῷ
3427 569 3572 638 γένει
3601 570 3758 639 σφῶν

2167 658 2499 728 ἡνωμένους,
2536 662 2631 715 καὶ
2674 662 2859 727 ἁπλῶς
2884 662 2979 716 τὸν
3024 662 3307 716 ὁντιναοῦν
3340 662 3398 715 οἵ
3415 679 3477 732 γε
3516 663 3755 731 αὐτομο-

2166 748 2430 819 λήσαντες
2470 748 2613 824 ἦσαν
2660 754 2737 819 ὡς
2776 755 3102 827 Ῥωμαίους,
3145 753 3270 808 οὔτε
3314 754 3573 809 ἐκδώσειν
3596 767 3610 781 ’
3634 754 3756 809 ἀλλ’

2163 842 2283 895 οὐδὲ
2323 844 2527 915 ἑτέρως
2558 846 2897 916 ἐμπεδώσειν
2942 848 3149 918 ἔφασκε
3195 849 3297 916 τὴν
3326 848 3572 919 εἰρήνην,
3616 846 3754 914 εἴγε

2168 930 2243 1003 μὴ
2290 934 2442 988 ἄδεια
2472 935 2649 991 ἔσοιτο
2694 941 2807 1002 τοῖς
2858 938 3204 1009 βουλομένοις
3227 937 3659 1009 Περσαρμενίων
3692 954 3754 991 τε

2164 1025 2258 1077 καὶ
2302 1025 2547 1097 Ἰϐήρων,
2576 1029 2677 1099 τὴν
2720 1029 2994 1101 σφετέραν
3044 1029 3390 1092 ἐκλιπόντας,
3439 1029 3756 1081 ἀνασκευά-

2165 1115 2360 1170 σασθαι
2398 1116 2454 1180 ἐς
2520 1117 2622 1189 τήν
2664 1119 2975 1190 Ῥωμαίων.
3024 1120 3197 1187 Λόγον
3250 1118 3359 1189 γάρ
3404 1118 3503 1187 οὐχ
3552 1118 3757 1185 ήκιστα

2163 1206 2402 1261 ἐποιεῖτο
2424 1208 2593 1263 πολὺν
2622 1211 2650 1262 ὁ
2674 1212 2893 1282 Καῖσαρ
2914 1211 3023 1265 τῶν
3045 1209 3458 1281 ὀμωμοσμένων
3484 1209 3587 1262 ὑπὸ
3622 1211 3758 1262 ἰου-

2164 1298 2436 1352 στινιανοῦ
2471 1299 2566 1353 τοῦ
2595 1300 2863 1370 βασιλέως
2889 1302 3001 1364 τοῖς
3038 1298 3474 1370 Περσαρμενίοις
3515 1298 3608 1351 καὶ
3641 1299 3757 1361 τοῖς

2164 1390 2623 1462 μεταχωρήσασιν
2658 1391 2903 1462 Ἰϐήρων.
2945 1390 3388 1461 Ὀμωμόκειγάρ
3412 1392 3439 1443 ό
3472 1389 3753 1461 βασιλεὺς,

482 1476 681 1546 jectam
715 1477 973 1535 ediceret.
1014 1477 1203 1548 Neque
1236 1490 1416 1536 tamen
1461 1482 1506 1536 si
1546 1481 1745 1537 bellum
1783 1479 1852 1535 ad
1898 1480 2059 1535 linem

2163 1483 2234 1547 ὥς
2260 1481 2490 1536 καθόσον
2521 1476 2634 1536 οἷόν
2663 1484 2722 1535 τέ
2766 1484 2917 1535 ἐστιν
2955 1482 3126 1549 αὐτῷ,
3165 1480 3382 1536 ἅπαντα
3403 1480 3771 1560 ἀνακινήσεινί

484 1584 658 1637 usque
696 1571 994 1640 perducere
1027 1586 1132 1625 non
1169 1580 1373 1640 posset,
1419 1571 1738 1628 defectionis
1786 1581 2056 1638 auctores,

485 1671 581 1715 aut
607 1662 700 1730 qui
724 1677 789 1716 ex
815 1677 1005 1717 eorum
1048 1677 1247 1733 genere
1277 1672 1333 1719 et
1356 1663 1827 1735 consanguinitate
1854 1672 2056 1731 essent,

485 1763 578 1807 aut
608 1754 770 1808 alium
810 1768 1157 1824 quemquam,
1191 1766 1246 1810 et
1279 1764 1338 1810 ut
1378 1755 1560 1811 omnia
1622 1757 1791 1811 verbo
1822 1757 2060 1827 comple-

2160 1575 2381 1645 τρόπον,
2422 1572 2497 1636 ὡς
2527 1572 2593 1627 ἂν
2624 1574 2716 1627 καὶ
2748 1573 2917 1643 αὑτήν
2946 1591 3007 1641 γε
3035 1573 3212 1643 δήπου
3251 1572 3351 1641 τὴν
3399 1570 3755 1642 θρεψαμένην

2162 1666 2309 1732 σφᾶς
2342 1664 2632 1734 ποιήσεται
2655 1662 2972 1733 ὑποχείριον
2999 1677 3013 1693 ⁸
3050 1662 3101 1715 εί
3137 1661 3195 1715 δέ
3224 1678 3288 1729 γε
3314 1659 3442 1732 ἄχρι
3468 1661 3661 1723 τέλους
3690 1658 3755 1711 οὔ

2162 1774 2213 1810 τι
2243 1755 2420 1809 ἔσοιτο
2449 1754 2677 1818 δυνατὸς
2732 1755 2870 1824 πρὸς
2919 1753 3015 1807 τὸν
3046 1753 3285 1824 πόλεμον
3314 1752 3581 1817 ἀνθέξειν,
3615 1752 3754 1805 ἀλλά

488 1846 865 1914 cteretur,qui
892 1849 1166 1915 particeps
1196 1845 1503 1914 reipublicm
1530 1846 1789 1901 Romanae
1820 1825 2064 1909 fierivel-

2165 1846 2291 1908 τοὺς
2335 1844 2545 1908 αίτίους
2604 1846 2703 1915 τῆς
2750 1843 3104 1907 ἀποστάσεως
3162 1842 3258 1897 καὶ
3285 1842 3413 1905 τοὺς
3440 1841 3517 1913 τῷ
3540 1841 3742 1910 αἵματι

488 1934 584 1999 let,
638 1950 875 2005 unquam
930 1935 1171 1991 deditum
1216 1936 1302 1990 iri.
1362 1936 1528 1992 Grata
1577 1946 1633 1992 et
1678 1937 1917 2007 jucunda
1972 1952 2062 1992 res

484 2026 777 2081 Persarum
816 2027 929 2095 regi
969 2028 1219 2095 contigit,
1249 2028 1521 2083 Romanos
1545 2028 1800 2083 Armenia
1851 2038 1907 2084 et
1944 2028 2063 2083 lbe-

484 2117 565 2171 ria
594 2118 806 2182 cedere,
828 2119 987 2172 modo
1016 2120 1203 2173 harum
1237 2119 1518 2189 regionum
1558 2120 1774 2186 incolis,
1802 2134 1910 2187 quo
1958 2120 2065 2175 vel-

483 2196 599 2262 lent
641 2210 723 2264 ire
763 2209 1087 2277 habitatum,
1140 2220 1464 2281 potestatem
1512 2210 1739 2267 faceret.
1810 2209 1921 2266 Nec
1946 2212 2065 2267 sine

482 2298 715 2364 ratione,
748 2311 867 2353 meo
894 2298 1114 2367 quidem
1133 2299 1363 2365 judicio.
1430 2298 1575 2354 Satis
1617 2301 1761 2354 enim
1813 2310 2061 2366 noverat,

482 2390 672 2459 paucis
713 2391 957 2460 exceptis
993 2404 1060 2446 ex
1093 2390 1471 2462 jprincipibus,
1520 2391 1612 2460 qni
1646 2391 1965 2447 deiectionis
1996 2392 2063 2447 ad

479 2478 759 2537 Romanos
790 2492 1042 2538 auctores
1076 2482 1313 2549 fuerant,
1344 2483 1486 2549 fore,
1540 2491 1600 2538 ut
1643 2483 1836 2553 reliqui
1880 2490 2071 2539 amore

479 2582 533 2627 et
568 2572 839 2629 desiderio
884 2582 1042 2629 terrae
1084 2574 1289 2630 altricis
1325 2575 1471 2645 capti
1518 2574 1643 2643 (hoc
1680 2575 1825 2629 enim
1867 2584 2062 2630 natura

477 2664 730 2721 omnibus
759 2666 1069 2722 hominibus
1112 2667 1356 2721 innatum
1395 2666 1524 2736 est,)
1560 2667 1783 2722 minime
1813 2668 1882 2722 ad
1912 2675 2065 2740 exte-

478 2770 572 2810 ros
632 2757 1022 2826 demigrarent.
1096 2757 1154 2812 In
1226 2773 1377 2827 spem
1437 2760 1601 2814 etiam
1672 2758 2059 2824 adducebatur,

482 2844 626 2899 bello
651 2846 830 2914 posito
858 2848 911 2901 in
946 2849 1372 2903 commodiorem
1399 2857 1601 2904 statum
1631 2864 1723 2904 res
1749 2849 2065 2906 Persarme-

481 2933 587 2988 nia:
637 2944 694 2990 et
743 2936 934 2991 Iberiae
1006 2937 1285 2992 redactum
1348 2937 1436 2991 iri.
1500 2937 1636 2992 Nam
1681 2937 1765 2993 ha:
1817 2938 2064 3008 regiones

480 3035 640 3079 erant
684 3024 928 3080 fecunda:
970 3036 1025 3080 et
1068 3027 1330 3091 omnium,
1383 3042 1503 3096 qua:
1537 3029 1603 3083 ad
1653 3028 1820 3083 vitam
1876 3043 2063 3085 neces-

481 3117 623 3170 saria
660 3126 809 3183 sunt,
840 3117 1072 3183 feraces,
1102 3119 1246 3173 unde
1270 3118 1446 3189 ampla
1473 3120 1671 3175 tributa
1697 3129 1751 3175 et
1782 3121 2059 3192 vectigalia

481 3206 659 3277 colligi
696 3217 965 3277 poterant.
1020 3209 1206 3279 Itaque
1243 3209 1538 3265 Persarum
1575 3211 1687 3282 regi
1728 3210 1934 3282 placuit
1975 3213 2059 3268 his

482 3298 885 3355 conditionibus
915 3314 945 3353 a
977 3300 1116 3355 bello
1151 3299 1454 3355 discedere.
1494 3302 1575 3356 Ad
1602 3302 1735 3369 haec,
1770 3316 1837 3358 ne
1867 3318 1971 3373 qua
2002 3304 2059 3359 in

480 3397 757 3456 posterum
782 3399 1015 3446 restaret
1041 3392 1167 3447 belli
1192 3406 1379 3458 causa,
1416 3391 1617 3449 Caesari
1646 3394 1796 3449 venit
1828 3395 1883 3449 in
1911 3410 2062 3451 men-

484 3487 595 3534 tem
619 3482 882 3551 cogitare,
908 3492 969 3537 ut
999 3498 1097 3551 pro
1119 3482 1494 3540 Pcrsarmenia
1521 3494 1576 3541 et
1610 3484 1783 3542 Iberia
1804 3487 2060 3557 oppidum

488 3571 661 3626 Daras
689 3587 717 3626 a
745 3572 927 3629 Persis
959 3572 1199 3630 vicissim
1227 3575 1538 3645 acciperet:
1575 3591 1681 3631 non
1717 3576 1862 3645 quod
1904 3577 1955 3631 in
1994 3591 2061 3633 eo

478 3662 677 3732 oppido
709 3673 973 3733 quaestum
1000 3665 1245 3721 faceret:
1294 3681 1419 3721 nam
1446 3667 1581 3722 nihil
1623 3668 1769 3723 aliud
1809 3668 2060 3725 utilitatis

475 3757 580 3813 hoc
604 3758 857 3828 oppidum
890 3761 1113 3830 praebet,
1141 3776 1302 3830 quam
1330 3761 1475 3831 quod
1509 3762 1931 3818 munitissimum
1977 3772 2063 3819 est

475 3859 531 3905 et
559 3853 948 3921 propugnaculi
973 3854 1094 3909 loco
1112 3854 1375 3910 Orientali
1391 3854 1621 3910 Romani
1649 3855 1858 3924 imperii
1887 3856 2055 3924 parti:

478 3945 576 3997 sed
625 3944 729 3998 hoc
772 3945 1019 4000 adversis
1064 3944 1436 4000 Romanorum
1491 3946 1655 4001 rebus
1700 3946 1894 4002 solatio
1940 3962 2062 4004 esse

480 4032 672 4099 voluit,
698 4035 841 4103 quod
863 4049 960 4090 sua
990 4044 1397 4104 recuperarent,
1430 4037 1589 4091 simul
1613 4046 1668 4092 et
1695 4037 1898 4093 nullam
1931 4038 2060 4094 belli

478 4123 773 4178 scintillam
812 4125 1122 4195 relinquere
1166 4127 1438 4196 cupiebat.
1494 4127 1569 4182 Ea
1608 4128 1675 4184 de
1703 4144 1865 4183 causa
1889 4129 2061 4186 Daras

479 4214 722 4283 recipere
756 4223 845 4270 aut
871 4217 1115 4287 pecuniis
1137 4225 1229 4271 aut
1252 4218 1359 4273 alio
1384 4220 1575 4288 quovis
1605 4219 1765 4275 modo
1787 4220 2057 4278 studebat.

480 4305 674 4363 Pacem
702 4306 867 4375 igitur
897 4307 1079 4365 facere
1102 4308 1273 4381 aequis
1298 4310 1724 4378 conditionibus,
1758 4320 2051 4382 antequam

478 4396 617 4452 bello
647 4396 701 4452 in
732 4398 993 4455 Armenia
1021 4401 1418 4467 decertaretur,
1448 4403 1688 4471 lubebat,
1717 4411 1776 4462 et
1801 4405 2061 4460 assentie-

2165 1936 2317 2005 σφίσι
2342 1936 2748 2007 προσήκοντας,
2792 1934 3081 2001 ξυνελόντα
3104 1935 3145 1967 ¹⁹
3177 1933 3234 1987 δὲ
3279 1933 3454 1986 εἰπεῖν
3480 1932 3606 1993 τοὺς
3632 1931 3753 1985 ὅσοι

2165 2026 2447 2097 βούλονται
2493 2025 2812 2096 Ῥωμαῖκῆς
2840 2025 3132 2095 μετασχεῖν
3176 2023 3476 2087 πολιτείας,
3517 2023 3579 2076 οὐ
3628 2022 3751 2075 πώ-

2164 2135 2295 2172 ποτε
2325 2118 2653 2187 ποιήσεσθαι
2682 2117 2957 2181 ἐκδότους.
3007 2114 3217 2189 Ἐδόκει
3250 2117 3306 2171 δὲ
3347 2115 3443 2170 καὶ
3491 2116 3755 2187 βασιλεὺς

2163 2211 2192 2263 ὁ
2233 2210 2461 2282 Περσῶν
2496 2210 2720 2282 ἥδεσθαι
2760 2211 2853 2263 ἐπὶ
2889 2210 3089 2275 τοῖσδε,
3118 2208 3195 2272 ὡς
3235 2208 3300 2262 ἂν
3337 2209 3600 2279 Ῥωμαῖοι
3650 2210 3754 2280 μὲν

2164 2300 2518 2371 ἐκστήσοιντο
2570 2300 2670 2370 τῆς
2724 2298 3144 2372 Περσαρμενίας
3168 2301 3213 2333 ὀ
3239 2316 3299 2352 τε
3348 2300 3444 2353 καὶ
3482 2300 3753 2371 Ἰϐηρίας,

2164 2390 2417 2456 ἐξουσίαν
2441 2392 2499 2445 δὲ
2532 2391 2699 2454 αὐτὸς
2732 2392 3054 2462 προσνέμοι,
3083 2392 3206 2445 ὅποι
3238 2390 3522 2446 ἐθέλουσιν
3548 2392 3598 2445 oi
3618 2393 3752 2461 τῇδε

2164 2483 2447 2553 οἰκήτορες
2479 2483 2638 2549 ἱέναι,
2677 2481 2737 2536 οὔ
2773 2499 2824 2535 τι
2852 2482 2959 2535 ἀπὸ
3000 2481 3200 2553 τρόπου
3258 2498 3322 2550 γε
3360 2476 3540 2550 οἴμαι.
3589 2481 3756 2534 Ἢπί-

2167 2591 2333 2629 στατο
2386 2575 2518 2644 γὰρ,
2567 2573 2708 2647 πλήν
2752 2574 3041 2642 ὀλιγίστων
3090 2573 3201 2627 τῶν
3247 2575 3306 2627 ἐν
3344 2572 3509 2637 τέλει,
3554 2573 3603 2625 οἳ
3646 2574 3751 2643 τῆς

2165 2664 2526 2727 ἀποστάσεως
2578 2657 2776 2733 ἦρξαν,
2826 2663 2903 2725 ὠς
2956 2662 3136 2725 οὐδεὶς
3175 2662 3603 2733 Περσαρμενίων
3652 2662 3755 2714 καὶ

2177 2756 2431 2829 Ἰϐήρων,
2460 2757 2610 2828 πόθῳ
2642 2758 2741 2829 τῆς
2768 2756 3116 2829 θρεψαμένης
3137 2757 3193 2821 ός
3218 2756 3377 2827 φύσει
3402 2758 3513 2820 τοῖς
3534 2755 3752 2826 ἀνθρώ-

2166 2868 2290 2913 ποις
2362 2849 2601 2913 ἐνιζάνει
2658 2866 2716 2902 τε
2789 2849 2885 2903 καὶ
2961 2849 3376 2919 προσπέπηγεν,
3444 2848 3752 2901 ἀνασκευά-

2168 2957 2313 2993 σοιτο
2335 2940 2378 2971 ¹¹
2422 2941 2479 3003 ἐς
2512 2938 2612 3011 τήν
2647 2939 2884 2994 ὀθνείαν.
2914 2939 3125 3002 ’Ἄλλως
3170 2956 3231 2993 τε
3260 2940 3355 2992 καὶ
3381 2940 3498 3011 ἅμα
3526 2938 3750 3009 ήλπιζε,

2164 3027 2259 3083 τοῦ
2289 3028 2529 3099 πολέμου
2586 3029 2944 3101 λωφήσαντος
2977 3031 3034 3082 ἐν
3080 3029 3253 3084 δέοντι
3277 3029 3468 3084 θέσθαι
3501 3030 3569 3083 τὰ
3602 3031 3753 3101 Περ-

2168 3118 2468 3189 σαρμενίας
2489 3136 2550 3171 τε
2584 3118 2679 3172 καὶ
2725 3119 2964 3192 Ἰϐηρίας
2984 3137 2999 3152 ·
3030 3120 3145 3173 αἵδε
3168 3119 3277 3191 γὰρ
3302 3119 3452 3190 αὐτῷ
3482 3119 3539 3173 αἱ
3568 3120 3751 3189 χῶραι

2167 3211 2452 3282 πάμφοροί
2479 3228 2537 3263 τε
2570 3211 2840 3281 ὑπῆρχον,
2866 3212 2963 3264 καὶ
2986 3212 3214 3265 πλεῖστα
3244 3210 3389 3264 ἐσότι
3437 3210 3753 3281 ἐδασμοφό-

2167 3315 2320 3369 ρουν.
2386 3298 2691 3370 Τοιγαροῦν
2741 3298 2830 3353 διὰ
2894 3300 3069 3354 ταῦτα
3123 3299 3391 3370 ἠρέσκετο
3414 3300 3459 3331 “
3491 3298 3751 3370 βασιλεὺς

2162 3391 2391 3461 Περσῶν
2419 3393 2514 3446 ἐπὶ
2542 3393 2716 3449 τοῖσδε
2752 3392 2845 3446 τὸν
2890 3391 3130 3463 πόλεμον
3180 3392 3539 3447 καταθέσθαι.
3570 3393 3751 3463 Προσ-

2162 3481 2291 3553 ῆλθε
2339 3484 2396 3537 δὲ
2440 3482 2519 3555 τῷ
2552 3472 2815 3554 ’Καίσαρι
2877 3482 3232 3550 διανοεῖσθαι,
3264 3484 3339 3547 ὼς
3368 3485 3436 3538 ἂν
3464 3485 3525 3538 τὸ
3554 3484 3751 3539 λοιπὸν

2166 3573 2410 3644 μηδεμία
2441 3573 2788 3628 ὑπολείποιτο
2834 3573 2929 3628 τοῦ
2982 3574 3223 3646 πολέμου
3262 3576 3434 3643 αἰτία,
3468 3576 3566 3646 τῆς
3604 3577 3751 3647 Περ-

2164 3668 2463 3741 σαρμενίας
2497 3687 2555 3723 τε
2583 3670 2677 3723 καὶ
2716 3670 2957 3740 Ἰϐηρίας
2986 3670 3147 3725 ἕκατι
3179 3672 3279 3743 τὴν
3302 3672 3455 3725 πόλιν
3476 3671 3538 3725 τὸ
3562 3671 3747 3742 Δάρας

2162 3761 2316 3833 παρά
2349 3761 2501 3831 σφῶν
2544 3760 2958 3833 ἀντιλήψεσθαι,
2997 3762 3199 3831 ήκιστα
3254 3763 3355 3834 μὲν
3388 3763 3482 3816 τοῦ
3539 3764 3746 3832 κερδα-

2161 3852 2284 3906 λέου
2315 3853 2477 3925 χάριν
2499 3870 2513 3885 ·
2548 3853 2607 3907 οὐ
2639 3852 2748 3925 γὰρ
2780 3852 2844 3924 δή
2873 3869 2927 3905 τι
2959 3854 3021 3906 τὸ
3065 3855 3248 3926 Δάρας
3283 3856 3315 3925 ή
3349 3855 3505 3918 πόλις
3549 3856 3607 3918 ἐς
3631 3856 3751 3908 ἐτε-

2164 3945 2259 4015 ρόν
2310 3963 2365 3999 τι
2394 3945 2722 4017 ὀνησιφόρος
2750 3945 2785 4015 ἦ
2815 3943 2895 4015 τῷ
2932 3945 3323 4014 ἀσφαλέστατα
3357 3946 3501 4017 ἔχειν
3529 3947 3621 3999 καὶ
3647 3947 3749 4016 τῆς

2164 4034 2273 4088 ὑπὸ
2313 4034 2622 4107 Ῥωμαίους
2650 4033 2793 4105 ἑῴας
2821 4035 3013 4107 ὥσπερ
3034 4054 3086 4090 τι
3109 4037 3291 4107 ἔρυμα
3314 4038 3740 4109 προϐεϐλῆσθαι.

2163 4126 2320 4196 ’Ἀμα
2349 4126 2446 4181 οὖν
2494 4127 2554 4181 τὸ
2600 4128 2863 4199 ἀτύχημα.
2924 4129 3233 4184 ἀκέσασθαι
3301 4127 3629 4199 βουλόμενος
3663 4128 3744 4199 τῷ

2160 4217 2530 4288 ἀπειληφέναι
2571 4219 2880 4292 Ῥωμαίους
2908 4220 2977 4275 τὰ
3004 4222 3201 4288 οἰκεῖα,
3233 4220 3352 4291 ἅμα
3394 4220 3451 4273 δέ
3498 4220 3593 4275 καὶ
3639 4238 3751 4290 μηο

2160 4308 2289 4365 δένα
2313 4311 2590 4383 σπινθῆρα
2618 4310 2713 4366 τοῦ
2736 4312 2977 4383 πολέμου
3002 4312 3327 4366 καταλιπεῖν
3347 4312 3571 4376 ἐθέλων,
3602 4310 3754 4379 ἔγνω

2160 4400 2545 4457 ἀνασώσασθαι
2572 4402 2634 4456 τὸ
2684 4401 2865 4474 Δάρας
2915 4403 2950 4475 ἢ
2994 4404 3272 4474 χρήμασιν
3322 4401 3522 4474 ἢγοῦν
3568 4400 3748 4470 ἐτέρῳ

476 4488 675 4542 bantur
694 4488 892 4545 Persae.
931 4489 1037 4546 Sed
1066 4507 1187 4547 cum
1210 4490 1390 4547 Persae
1434 4490 1547 4561 jam
1588 4493 1641 4549 in
1673 4509 1739 4549 eo
1760 4506 1968 4562 essent,
1994 4503 2055 4551 ut

2163 4492 2351 4564 τρόπῳ
2375 4494 2507 4550 τινί.
2543 4494 2679 4564 Περὶ
2716 4494 2819 4563 μὲν
2852 4494 2947 4550 οὖν
2985 4494 3081 4549 τοῦ
3122 4495 3322 4567 χρῆναι
3367 4495 3426 4562 ἐξ
3471 4494 3749 4564 ἰσοτιμίας

478 4578 740 4635 Romanis
783 4583 1040 4652 oppidum
1079 4584 1255 4640 Daras
1292 4586 1570 4652 cederent,
1610 4594 1707 4642 aut
1747 4587 1915 4654 nulla,
1964 4598 2059 4646 aut

474 4669 951 4741 quantulacunque
996 4684 1216 4743 accepta
1242 4674 1480 4743 pecuniae
1517 4690 1750 4747 summa,
1797 4678 1958 4734 simul
1990 4693 2056 4735 ac

474 4767 769 4828 constaret,
807 4762 1079 4818 Romanos
1106 4765 1365 4819 Armenia
1412 4774 1468 4820 et
1509 4766 1685 4822 Iberia
1730 4770 2053 4836 excessisse,

472 4858 528 4904 et
555 4864 719 4918 quum
765 4853 881 4907 haec
930 4851 1095 4923 legati
1139 4854 1282 4909 inter
1314 4870 1372 4909 se
1411 4855 1801 4927 disceptarent,
1837 4875 2051 4931 pugna-

476 4948 589 4994 tum
621 4948 703 4996 est
737 4943 787 4996 in
815 4941 1095 5010 Armenia,
1143 4945 1195 4999 in
1222 4961 1327 5016 qua
1362 4963 1537 5017 pugna
1569 4950 1799 5005 multum
1832 4967 1931 5007 sua
1960 4968 2055 5023 spe

472 5032 791 5089 exciderunt
815 5035 1045 5092 Romani
1070 5056 1083 5092 :
1121 5052 1245 5092 nam
1276 5039 1403 5095 victi
1430 5040 1666 5111 caesique
1688 5051 1836 5097 sunt.
1866 5043 2054 5113 Itaque

470 5139 594 5180 cum
626 5126 806 5183 Persa:
842 5142 910 5183 ex
959 5131 1214 5186 secundis
1268 5134 1382 5189 suis
1434 5134 1595 5189 rebus
1644 5135 1868 5204 spiritus
1912 5150 2058 5190 sum-

472 5219 734 5299 psissent,
781 5236 879 5277 rex
925 5236 1113 5277 eorum
1158 5224 1316 5290 dixit,
1344 5240 1402 5281 se
1434 5243 1709 5296 nunquam
1742 5244 2050 5297 passurum,

470 5309 635 5367 ullam
665 5314 995 5370 mentionem
1019 5315 1085 5371 de
1107 5318 1302 5386 oppido
1326 5319 1495 5375 Daras
1521 5320 1778 5375 Romanis
1808 5319 2052 5376 dedendo

2158 4580 2259 4654 τὴν
2299 4583 2525 4654 εἰρήνην
2567 4584 2876 4655 προελθεῖν,
2907 4585 3039 4655 πρὶν
3073 4585 3107 4656 ἢ
3151 4584 3500 4656 διακριθῆναι
3552 4581 3647 4636 τὸν
3688 4585 3751 4635 ἐν

2170 4670 2436 4746 Ἀρμενίᾳ
2499 4672 2737 4744 πόλεμον
2816 4674 2994 4729 ἐδόκει
3038 4675 3136 4728 καὶ
3174 4672 3457 4738 ξυνέθεντο
3511 4674 3744 4743 Πέρσαι.

2156 4767 2484 4825 Μελλόντων
2520 4765 2579 4820 δέ
2638 4764 2763 4819 ὅσον
2814 4762 2966 4818 οὔπω
3008 4763 3414 4834 παραχωρῆσαι
3449 4762 3747 4832 Ῥωμαίοις

2156 4861 2255 4915 καὶ
2286 4859 2380 4915 τοῦ
2405 4860 2586 4932 Δάρας
2620 4859 2653 4930 ἢ
2695 4858 2911 4921 οὐδενὸς
2959 4856 2992 4927 ἢ
3023 4854 3155 4925 γοῦν
3186 4856 3463 4926 ὁλιγίστης
3514 4854 3748 4924 χρυσίου

2157 4954 2479 5025 ποσότητος,
2535 4951 2761 5023 εὔδηλον
2810 4951 2855 4983 ’³
2901 4950 2963 5004 ὃν
3010 4950 3277 5022 πρότερον
3348 4947 3747 5018 ἀφισταμένων

2172 5044 2463 5114 Ῥωμαίων
2515 5041 2939 5113 Περσαρμενὶας
3002 5042 3098 5095 καὶ
3154 5040 3420 5111 Ἰϐηρίας,
3476 5040 3536 5094 ἐν
3584 5032 3629 5107 ᾧ
3674 5041 3748 5095 τὰ

2153 5134 2332 5188 τοιάδε
2365 5135 2416 5188 οἱ
2450 5133 2509 5200 ἐξ
2539 5134 2817 5203 ἐκατέρων
2846 5133 3228 5203 διαλεγόμενοι
3260 5133 3308 5165 ⁸⁸
3344 5130 3628 5204 πρέσϐεις,
3646 5131 3745 5199 γέ-

2154 5243 2279 5295 γονε
2313 5226 2384 5280 τὰ
2411 5228 2553 5282 κατά
2579 5227 2678 5298 τὴν
2719 5226 3016 5298 Ἀρμενίαν
3044 5224 3385 5297 ξυμπλοκήν,
3416 5225 3476 5278 ἐν
3564 5240 3757 5299 προσ-Δ

2155 5319 2481 5383 πταίσαντες
2523 5322 2573 5373 οἱ
2622 5320 2886 5391 Ῥωμαῖοι
2937 5320 3194 5390 μεγάλως
3236 5320 3389 5390 παρά
3446 5318 3581 5372 πολὺ
3637 5317 3738 5387 τῆς

1852 5469 2095 5527 ἾΛΒΙᾸΕ
2127 5470 2535 5529 LECTIONES.

544 5614 587 5645 ¹⁹
612 5611 896 5686 ξυνελόντα
924 5613 994 5686 δέ
1123 5611 1348 5686 λξύνολον
1373 5614 1504 5686 τάδε
1544 5615 1688 5686 vulg.

470 5682 697 5752 ᾀσοιντο
738 5682 879 5752 vulg.

1794 5618 1839 5648 ’θ
1881 5618 2294 5688 Περσαρμενίας
2341 5616 2479 5688 Val,
2524 5617 2749 5686 Περσῶν
2794 5616 3083 5688 ’Λρμενίας
3119 5617 3271 5688 vulg.

956 5684 1000 5712 ”
1030 5683 1299 5758 ᾕρέσκζετο
1366 5682 1619 5758 βασιλεὺς
1640 5682 1660 5686 ⁷
1682 5682 2000 5758 Βιηήρεσκε
2068 5682 2162 5758 τοῦ
2226 5687 2489 5758 βασιλέως
2519 5682 2659 5757 vulg.
2767 5688 2812 5719 ’³
2839 5682 2984 5757 εἶδ’δηὶ

3389 5617 3430 5647 ’ί
3464 5616 3742 5669 ἀνασκευ-

2767 5688 2812 5719 ²³
2839 5687 3060 5757 εὔδηλον
3107 5686 3192 5757 ὃνΙ
3223 5685 3463 5757 δηλονότι
3498 5687 3642 5757 conj.
3670 5685 3741 5742 Β.

472 5749 517 5779 ’δ
557 5749 891 5818 διαλέγονται
921 5749 1157 5822 ςοῐήῖῐὶ.
1196 5756 1225 5825 ἡ
1261 5749 1398 5808 κατὰ
1422 5774 1469 5809 τ.
1518 5757 1593 5811 Ἀ.
1628 5749 1910 5828 συμπλοκὴ
1935 5759 2077 5827 conj.
2111 5757 2169 5811 Β.
