2038 3222
182 157 237 189 833

572 157 621 187 DE
641 154 920 187 LEGATIONIBUS
940 154 1118 185 GENTIUM
1138 154 1188 183 AD
1206 154 1396 186 ROMANOS.

1749 156 1804 189 834

184 212 292 243 ἐλπίδος
306 211 335 242 ἐς
349 211 379 237 τὸ
394 208 475 246 ἧττον
489 210 655 246 ὼλίσθησαν.
676 211 721 238 Διὸ
733 211 765 246 δὴ
776 211 831 237 τῶν
855 211 969 244 Περσῶν
983 236 985 241 ,

1027 211 1090 242 ieri,
1115 211 1188 244 quod
1209 210 1234 237 vi
1252 214 1279 237 et
1294 210 1393 237 virtute
1406 217 1439 237 ex
1453 211 1589 238 communi
1607 211 1668 239 belli
1683 212 1740 248 lege
1757 221 1803 242 ce-

184 258 244 288 ταίς
282 257 451 290 εὐπραγίαις
478 256 654 292 ἐπηρμένων,
683 257 697 283 ὸ
730 256 806 291 σφῶν
840 256 969 291 βασιλεὺς

184 302 304 336 ἔφασκεν
318 302 387 333 ὅλως
406 302 470 337 περὶ
484 302 515 327 τδ
528 301 577 337 τὴν
595 302 671 328 πόλιν
680 301 717 327 ιτὺ
739 302 828 337 Δάρας
847 301 969 329 ἐνδοῦναι

190 348 336 383 Ῥωμαίοις
351 348 389 384 μὴ
402 348 560 380 ἐνδέξασθαι
571 348 650 381 λόγον
661 348 733 375 τινά.
749 347 834 378 Δὺτδς
853 347 903 382 μὲν
916 347 970 381 γὰρ

185 393 256 421 κατὰ
271 393 316 419 τὸν
334 393 424 419 κοινὸν
439 392 487 418 τοῦ
504 392 625 426 πολέμου
643 391 745 426 θεσμὸν
758 392 780 407 ¹¹
794 391 841 427 βίᾳ
864 391 911 418 καὶΙ
924 391 971 417 δυ-

185 440 265 473 νάμει
280 438 381 471 ἐξελεῖν
398 439 445 465 καὶ
467 438 693 474 προσκτήσασθαι
710 437 740 463 τδ
753 438 844 472 Δάρας
857 437 971 472 ἐπισχυ-

185 483 295 518 ρίζετω
310 483 374 515 τοὺς
387 483 417 510 δέ
431 492 462 517 γε
485 483 637 518 Ῥωμαίους
656 482 867 518 Περσαρμενίαν
880 490 909 509 τε
925 481 971 508 καὶ

191 527 310 562 Ἰϐηρίαν
336 528 490 563 ἀποστῆσαι
505 528 828 563 ¹⁸παρασπονδήσαντας,
852 527 922 562 πρὸς
942 524 970 553 δέ

185 581 216 607 γε
228 567 274 599 καὶ
287 573 491 608 ἀφηνιάσαντας
504 574 568 604 τοὺς
582 574 670 609 ταύτῃ
681 572 824 604 οἰκοῦντας
834 572 888 600 ἀπὸ
901 572 970 606 Περ-

186 617 241 643 σῶν
272 617 466 649 ὑποδέξασθαι.
493 618 549 644 Καὶ
577 618 668 644 τοίνυν
692 615 771 649 αὖθις
791 614 810 643 ό
830 616 971 651 Βάρϐαρος

185 662 288 698 θρασύς
303 671 333 689 τε
349 663 396 689 καὶ
412 662 538 698 ὑψαύχην
563 660 608 698 ἦν,
636 663 684 689 καὶ
710 662 761 697 μὲν
788 661 834 688 οὖν
848 661 894 688 ἐπὶ
915 662 972 692 τοῖς

185 707 382 742 ξυνενεχθεῖσιν
414 707 576 742 ὲὸρενθύετο
607 708 689 742 μέγα.
712 706 875 733 Ἦπείλειτε
889 706 911 723 ³⁷
925 705 972 732 καὶ

186 753 240 788 πρὸ
255 753 304 779 τοῦ
319 753 438 788 πέρατος
453 753 509 779 τῶν
519 753 604 788 τριῶν
615 753 683 779 ἑτῶν
699 752 749 787 τῆς
770 752 820 787 ήδη
841 750 972 783 ξυνεστιῦ-

188 807 238 833 σης
253 798 420 833 ἐκεχειρίας,
433 795 467 833 ἧς
479 798 502 814 ⁸⁸
516 797 592 829 me;
614 797 703 824 ἐδόκει
721 797 771 832 τὴν
792 797 903 832 εἰρήνην
920 795 972 822 ἀνὰ

189 843 236 877 τὴν
244 842 303 869 "Em
316 842 339 857 "
350 841 499 877 ἐρρῶσθαι,
511 841 545 868 τὰ
555 841 625 868 ὅπλα
637 841 771 876 κινήσειν,
785 840 833 868 καὶ
846 840 907 867 κατ’
919 839 971 867 αὐ-

191 870 237 922 τήν
249 896 281 921 γε
293 887 325 922 δή
331 870 390 913 ποι).
399 887 450 922 τὴν
463 870 532 920 πρὸς
547 886 623 920 ἥλιον
639 870 784 921 ἀνίσχοντα
799 884 892 920 χώραν
909 884 972 919 ξυγ-
985 870 1010 900 Β

192 933 333 967 κρατήσειν
360 931 406 959 τὸν
436 932 565 966 πόλεμον,
601 932 735 967 πρότερον
759 930 973 965 κατατιθέμενον

197 975 341 1010 Ῥωμαίοις
354 975 385 1002 τδ
397 975 467 1010 ὑπὲρ
487 976 537 1010 τῆς
551 975 677 1009 τοιαύτης
700 976 846 1009 ἀνακωχῆς
861 974 973 1009 δεδομέ-

189 1030 233 1048 νον
249 1021 372 1056 χρυσίον,
393 1020 476 1056 ήνίκα
493 1021 631 1056 Ζαχαρίας
648 1021 662 1047 ὁ
683 1020 775 1056 ἰατρὸς
790 1021 837 1047 καὶ
851 1020 911 1046 τόδε
925 1020 974 1054 ἑμ-

188 1067 313 1099 πεδώσας
329 1067 462 1102 ὑπῆρχεν.
478 1066 601 1101 Ἔφασκε
623 1066 651 1092 δὲ
665 1067 701 1093 τὰ
722 1066 853 1101 χρήματα
868 1064 974 1092 ἀποδώ-

189 1121 246 1139 σειν
259 1113 329 1140 κατὰ
336 1112 474 1146 τοσοῦτον,
487 1112 603 1139 καθόσον
612 1112 719 1138 ἐνέλιπε
731 1113 765 1146 τῇ
780 1111 885 1146 τριετίᾳ
897 1118 904 1125 ·
915 1108 974 1138 εἶτα

187 1158 275 1190 οὕτως
301 1158 421 1194 πολέμου
450 1157 622 1193 ἀπάρξεσοαι
637 1158 659 1173 ³ο
679 1156 766 1188 αὖθις.
794 1156 903 1191 Ταύτην
928 1154 974 1182 οὖν

188 1203 317 1231 Μεὸὡδοι)
332 1201 376 1231 οἶα
388 1204 420 1239 δὴ
435 1205 467 1230 ὲκ
480 1203 612 1239 βασιλέως
624 1203 737 1239 Περσῶν
757 1202 974 1237 ἀπαγγείλαντος

188 1249 239 1285 τὴν
254 1249 377 1285 γνώμην,
394 1250 419 1276 oi
448 1249 504 1276 τῶν
523 1248 665 1284 Ῥωμαίων
695 1248 825 1284 ἄρχοντες
851 1246 976 1282 παραϐή-

191 1296 285 1322 σεσθαι
301 1296 321 1311 ⁸³
342 1295 392 1331 μὲν
423 1295 478 1321 οἵδε
506 1295 555 1326 τὰς
581 1294 715 1329 ξυνθήκας
736 1294 837 1329 ἥκιστα
862 1293 974 1327 ἔλεγον⁸

190 1343 252 1369 οὐδὲ
265 1342 318 1377 γὰρ
338 1341 515 1377 ξυντετάχοαι
543 1342 572 1367 ἐν
601 1341 662 1373 ταῖς
680 1339 779 1372 ἐξεῖναι
792 1339 898 1377 θατέρῳ
915 1339 976 1374 βου-

190 1389 296 1424 λομένῳ
310 1389 363 1415 τῶν
377 1397 408 1423 με
414 1389 468 1424 ρῶν
485 1388 502 1423 ἢ
515 1389 536 1404 ¹¹
549 1387 596 1415 τοῦ
620 1387 732 1423 χρυσίου
765 1386 866 1418 παντὸς
879 1387 896 1421 ἢ
912 1386 977 1420 γοῦν

192 1432 290 1468 μοίρας
305 1432 378 1464 τινὸς
390 1432 428 1464 ὡς
443 1432 492 1468 τὴν
507 1433 715 1467 παρασχόμενον
733 1430 944 1466 ἀναδραμούσης
955 1431 978 1446 ³³

190 1479 387 1515 διαρρηγνύναι
402 1479 451 1510 τὰς
468 1479 592 1510 σπονδάς.
611 1479 705 1513 Ὅμως
720 1478 742 1504 δ’
760 1476 806 1505 οὖν
828 1478 892 1513 περὶ
911 1477 975 1504 τού-

1021 257 1105 290 pisset
1119 261 1148 284 et
1166 256 1338 284 obtinuisset.
1370 256 1507 284 Romanos
1531 257 1610 292 123
1627 265 1691 285 vero
1706 264 1800 286 contra

1021 301 1123 329 fmdera
1147 300 1362 329 Persarmeniam
1383 305 1412 329 et
1433 301 1549 329 lberiam
1568 302 1602 329 ad
1625 302 1804 331 deiectionem

1020 346 1165 379 excitasse,
1185 350 1213 374 et
1225 352 1318 373 earnm
1333 346 1472 380 regionum
1488 346 1600 379 incolas,
1625 347 1670 381 qui
1685 354 1699 373 ι
1714 347 1806 375 Persis

1021 390 1193 424 deﬁciebant,
1208 391 1277 418 tueri
1289 395 1316 418 et
1331 391 1480 425 suscipere.
1501 391 1594 425 Itaque
1608 392 1752 419 barbarum
1767 400 1808 420 se-

1021 437 1115 463 cundae
1129 444 1183 469 res,
1201 444 1262 471 qua:
1281 436 1318 464 illi
1334 440 1491 470 evenerant,
1503 437 1686 471 superbiorem
1698 443 1724 465 et
1736 438 1807 466 fero-

1021 482 1122 508 ciorem
1137 481 1295 509 reddebant.
1316 481 1468 509 Minabatur
1478 482 1571 513 etiam,
1587 488 1733 517 antequam
1752 489 1807 511 tres

1022 527 1086 553 anni
1102 526 1286 560 elaberentur,
1299 527 1396 562 quibus
1410 527 1524 555 inducite
1538 533 1601 555 tunc
1617 529 1744 563 temporis
1758 529 1809 556 du-

1022 572 1209 605 rabant,intra
1216 579 1284 606 quos
1299 579 1394 606 pacem
1409 572 1466 600 ﬁeri
1482 580 1529 605 per
1541 574 1679 601 Orientem
1696 573 1807 608 placue-

1023 622 1075 650 rat,
1093 617 1162 650 fore,
1175 621 1206 645 ut
1228 625 1303 644 arma
1332 623 1463 651 moveret,
1478 618 1531 646 imo
1548 623 1574 646 et
1590 619 1688 646 bellum
1709 620 1735 646 in
1753 619 1807 647 Oc-

1023 663 1170 691 cidentales
1181 663 1306 698 regiones
1316 662 1429 690 inferret
1441 672 1448 691 :
1468 664 1515 691 sed
1531 664 1605 698 prius
1617 671 1721 695 aurum.
1735 664 1808 698 quod

1022 707 1135 735 Romani
1152 714 1201 742 pro
1217 708 1334 735 induciis
1356 709 1542 743 impetrandis,
1568 717 1637 743 quas
1661 709 1808 736 Zacharias

1023 752 1171 786 pepigerat,
1185 752 1379 786 pependerant,
1395 752 1429 778 ad
1447 752 1578 780 rationem
1594 752 1653 787 ejus
1667 753 1807 787 temporis.

1023 798 1095 833 quod
1118 798 1152 825 de
1171 796 1289 824 triennio
1313 801 1477 832 superesset,
1501 798 1701 830 restituturum,
1721 803 1749 826 et
1770 799 1807 826 ita

1024 850 1053 870 se
1066 842 1165 870 bellum
1178 846 1384 869 renovaturum.
1406 841 1482 869 Hanc
1497 850 1560 870 cum
1575 844 1648 878 regis
1664 843 1807 872 Persarum

1023 887 1187 916 sementim
1203 893 1266 915 esse
1278 886 1403 914 Mebodes
1420 888 1599 920 renuntiaret,
1626 888 1808 916 Romanorum

1023 933 1171 968 principes,
1196 940 1226 960 se
1249 933 1357 967 quidem
1381 932 1491 961 minime
1515 933 1635 961 inducias
1658 939 1686 961 et
1707 934 1809 962 hedera

1025 985 1243 1014 transgressurus
1268 985 1339 1011 esse,
1363 979 1509 1006 dixerunt:
1539 986 1589 1007 nec
1608 984 1715 1014 pactum
1738 988 1810 1012 esse,

1024 1032 1055 1055 ut
1076 1026 1169 1054 liceret
1183 1025 1260 1053 alteri
1278 1025 1405 1060 partium,
1429 1026 1554 1053 restituto
1578 1027 1650 1054 omni
1675 1034 1741 1054 anro
1763 1032 1811 1054 aut

1025 1072 1117 1107 aliqua
1129 1071 1189 1106 ejus
1206 1076 1293 1106 parte,
1319 1071 1421 1099 hedera
1437 1078 1574 1106 rumpere.
1606 1071 1644 1100 De
1658 1072 1709 1099 hac
1720 1079 1748 1099 re
1764 1076 1811 1099 ta-

1025 1123 1086 1145 men
1111 1120 1218 1144 secreto
1229 1116 1357 1144 Mebodes
1376 1121 1402 1144 et
1417 1116 1567 1144 chiiarias
1588 1116 1689 1144 ibidem
1712 1124 1814 1145 conve-

1026 1163 1131 1190 n'entes
1145 1161 1269 1189 collocuti
1286 1157 1484 1189 disseruerunt.
1510 1161 1610 1189 Deinde
1632 1161 1659 1189 bi
1677 1161 1732 1189 duo
1749 1162 1811 1196 viri,

1025 1207 1227 1235 communicato
1247 1206 1372 1240 consilio,
1396 1206 1470 1233 inter
1483 1213 1513 1233 se
1528 1211 1733 1240 proposuerunt,
1753 1214 1814 1241 qua:

1027 1254 1061 1281 ad
1074 1261 1134 1281 eam
1151 1261 1209 1281 rem
1232 1253 1368 1287 pertinere
1389 1252 1621 1280 existimaverunt.
1644 1250 1712 1279 Tum
1729 1251 1813 1279 etiam

1026 1299 1094 1327 alter
1109 1298 1223 1326 alterum
1237 1301 1430 1333 percunctatus
1441 1301 1494 1329 est,
1506 1296 1603 1331 quibus
1613 1296 1813 1325 conditionibus

1027 1344 1100 1372 inter
1116 1348 1260 1379 utramque
1273 1347 1379 1379 gentem
1394 1350 1445 1377 pax
1461 1347 1489 1370 et
1506 1342 1651 1370 concordia
1670 1346 1753 1370 esset.
1780 1342 1814 1370 Et

1028 1389 1157 1419 Iiebodes
1167 1393 1359 1417 asseveranter
1370 1388 1524 1423 ailirmavit,
1536 1388 1588 1416 sibi
1598 1389 1626 1416 in
1635 1389 1727 1416 animo
1741 1395 1812 1421 esse,

1027 1442 1088 1470 quae
1108 1434 1227 1462 maxime
1248 1433 1350 1461 Cazsari
1372 1433 1533 1469 expedirent
1555 1441 1715 1469 proponere,
1735 1438 1762 1461 et
1776 1434 1813 1460 illi

1028 1489 1110 1517 quam
1123 1480 1241 1508 maxime
1257 1486 1360 1507 morem
1375 1486 1479 1513 gerere.
1498 1479 1642 1507 Zacharias
1657 1484 1746 1506 autem
1762 1487 1815 1507 ro—

191 1535 245 1553 των
264 1524 341 1557 αὖθις
356 1527 385 1552 ὲν
400 1526 550 1560 ἀπορρήτῳ
577 1525 701 1560 αλλήλοις
724 1524 857 1559 Μεῧώδης
875 1532 905 1550 τε
928 1523 976 1551 καὶ

1029 1527 1113 1562 gavit,
1131 1534 1166 1554 an
1182 1526 1240 1553 fieri
1257 1530 1360 1560 posset,
1378 1530 1408 1553 ut
1423 1532 1530 1558 aurum,
1547 1525 1571 1553 si
1581 1526 1654 1561 quod
1665 1531 1737 1552 esset
1753 1532 1816 1552 con-

192 1572 330 1608 Ζαχαρίας
346 1572 374 1598 ὲν
384 1572 422 1607 τῷ
447 1572 521 1607 αὐτῷ
544 1572 731 1607 ξυνερχομένω
750 1569 925 1605 διελεγέσθην
941 1570 976 1602 ³⁸,

192 1617 410 1652 ἐκοινολογοῦντό
424 1626 453 1644 τε
465 1618 512 1644 καὶ
525 1617 708 1653 προύτίθεσαν
724 1616 760 1643 τὰ
773 1617 823 1643 ὃσα
843 1616 927 1651 ἄμφω
938 1614 978 1642 τὼ

193 1663 273 1699 ἄνδρα
288 1663 374 1699 ᾤοντο
386 1663 485 1699 χρῆναι
497 1662 621 1698 είρῆσθαι
631 1671 637 1678 ·
653 1663 803 1698 ὲπειρῶντό
829 1671 860 1689 τε
885 1662 978 1697 ’ἐτερος

194 1709 300 1745 ἑτερου,
314 1710 389 1740 ὅπως
404 1708 556 1741 ξυνέλθοιεν
566 1709 595 1740 ἐς
608 1708 783 1742 καταλλαγὰς
792 1708 821 1734 αί
834 1707 977 1735 πολιτεῖαι.

195 1755 250 1781 Καὶ
262 1754 397 1790 Μεὸώδης
412 1754 462 1789 μὲν
474 1754 639 1789 ἰσχυρότατά
664 1762 723 1785 πως
749 1753 941 1789 ἀπομνύμενος
956 1754 978 1770 ³¹

194 1797 289 1835 ἧν,ὡς
303 1799 429 1835 βούλεται
444 1799 483 1834 τῷ
504 1800 625 1835 Καίσαρι
644 1798 842 1834 χρησιμώτατα
861 1799 980 1831 ἐξειπεῖν

195 1845 371 1881 αἰτήσασθαι,
399 1845 446 1872 καὶ
471 1844 520 1879 μὲν
535 1844 568 1879 δὴ
581 1843 800 1879 ἐπιτηδειότατος
816 1841 885 1870 εἷναί
907 1843 931 1869 οί
945 1843 978 1870 ³⁸.

196 1890 334 1927 Ζαχαρίας
352 1890 381 1917 δὲ
396 1890 430 1924 ³⁷,
446 1890 471 1916 εί
484 1887 540 1916 οἷόν
552 1898 582 1916 τε
597 1890 639 1925 εἴη
657 1889 840 1924 λαθραιότατα
860 1889 908 1915 καὶ
919 1889 981 1923 ἥκι-

197 1944 247 1964 στα
262 1935 478 1971 ἰξεπισταμένου
498 1935 570 1967 τινὸς
587 1935 657 1971 ὑπὲρ
680 1935 728 1970 τῆς
743 1935 847 1966 πόλεως
866 1934 914 1961 τοῦ
927 1934 980 1961 Δά-

199 1988 248 2016 ρας
273 1980 356 2016 ῥητόν
383 1989 411 2007 τι
436 1980 626 2015 παρασχέσθαι
655 1979 777 2015 χρυσίον.
792 1979 928 2015 Ζαχαρίας
952 1979 981 2006 δὲ

197 2027 299 2061 ἔφασκε
315 2026 350 2053 τὰ
366 2026 465 2059 τοιάδε,
489 2026 726 2061 ἐπιτετραμμένον
747 2025 821 2060 αὐτῷ
840 2024 907 2060 πρὸς
933 2024 981 2051 τοῦ

197 2072 347 2106 Καίσαρος,
373 2072 425 2098 οὐκ
453 2072 481 2103 ἐς
499 2071 530 2098 τὸ
546 2072 677 2106 ἐμφανὲς,
693 2070 754 2097 οὐδὲ
776 2070 831 2105 μὴν
847 2069 869 2086 ³⁸
887 2070 981 2105 ἑτέρου

198 2117 415 2152 ὲξεπισταμένου
439 2117 521 2150 τινὸς,
538 2116 555 2151 ἢ
576 2116 731 2150 Μαυρικίου
748 2115 794 2142 τοῦ
812 2114 930 2148 Παύλου,
948 2113 983 2140 τὰ

1030 1578 1140 1601 ventum
1156 1579 1205 1607 pro
1226 1572 1335 1600 civitate
1351 1571 1446 1604 Daras,
1469 1571 1538 1599 clam
1563 1570 1691 1599 omnibus
1715 1574 1744 1598 et
1766 1578 1817 1598 ne-

1029 1619 1105 1647 mine
1128 1619 1155 1646 id
1176 1618 1307 1646 resciente
1325 1617 1487 1645 solveretur.
1514 1616 1659 1644 Zacharias
1673 1615 1740 1644 dixit
1755 1615 1817 1648 hoc,

1029 1664 1092 1699 quia
1107 1672 1124 1691 a
1135 1664 1242 1692 Caesare
1256 1662 1308 1691 hoc
1322 1662 1481 1699 mandatum
1496 1661 1679 1696 occultissime
1689 1660 1743 1688 sibi
1758 1668 1818 1689 cre-

1022 1710 1115 1738 ditum
1130 1713 1199 1741 erat,
1217 1715 1305 1743 neque
1317 1707 1371 1736 ulto
1381 1708 1435 1735 alio
1446 1708 1661 1741 conscio,,qttam
1675 1706 1816 1737 Mauricio.

1031 1755 1107 1784 Pauli
1123 1755 1189 1787 illic,
1210 1754 1255 1789 qui
1270 1753 1370 1783 Caesari
1388 1753 1460 1781 bene
1478 1760 1512 1781 ex
1531 1753 1624 1780 animo
1637 1752 1774 1786 capiebat,
1790 1756 1819 1779 et

1032 1805 1095 1829 tunc
1110 1800 1243 1833 temporis
1256 1798 1386 1834 principis
1399 1797 1519 1826 rationes
1529 1798 1652 1829 curabat,
1677 1802 1708 1824 ut
1725 1804 1764 1824 ne
1778 1796 1820 1823 ul-

1031 1847 1074 1875 lus
1095 1846 1204 1882 quidem
1221 1844 1394 1879 imperatoris
1410 1843 1560 1871 scribarum
1574 1842 1721 1878 quidquam
1738 1842 1773 1870 de
1785 1849 1819 1869 es

1031 1900 1063 1921 re
1085 1892 1217 1927 scriptum
1240 1890 1360 1922 haberet,
1382 1896 1437 1924 quo
1451 1888 1567 1916 Caesaris
1583 1888 1696 1915 consilia
1720 1894 1820 1916 secre—

1033 1939 1103 1966 tiora
1116 1940 1221 1966 essent.
1248 1936 1342 1970 Itaque
1355 1935 1466 1969 scripsit
1478 1934 1514 1962 ad
1525 1933 1696 1966 Zachariam,
1723 1933 1745 1961 si
1767 1933 1819 1967 ipsi

1032 1983 1158 2012 Mebodes
1173 1981 1354 2017 polliceretur,
1377 1987 1467 2015 regem
1483 1979 1626 2007 Persarum
1645 1982 1820 2013 accepturum

1024 2027 1160 2063 pecunias
1183 2033 1233 2061 pro
1259 2025 1446 2060 redemptione
1466 2024 1542 2052 urbis
1563 2024 1658 2057 Daras,
1685 2024 1820 2051 timerem

1033 2073 1106 2102 nulla
1130 2079 1205 2100 mora
1239 2071 1401 2106 interposita
1432 2070 1576 2105 pecuniam
1616 2075 1821 2097 numeraturum

1034 2126 1106 2147 esse.
1125 2118 1188 2145 Haec
1201 2124 1263 2146 cum
1280 2124 1334 2145 non
1347 2120 1441 2152 aperte
1457 2117 1579 2151 quidem,
1599 2117 1646 2144 sed
1659 2116 1822 2144 obscuriori-

199 2162 316 2199 μάλιστα
328 2163 496 2190 εὐνούστατα
518 2162 556 2194 ὼς
570 2163 592 2178 ³³
605 2162 651 2189 τδν
662 2162 798 2196 ,Καίσαρα
823 2160 939 2195 ἔχοντος,
953 2159 982 2191 ὃς

1035 2165 1087 2193 bus
1110 2164 1200 2191 verbis
1218 2162 1364 2190 Zacharias
1380 2161 1484 2201 ﬂebodi
1512 2162 1654 2201 iqdicaret.
1680 2162 1822 2196 respondit

198 2210 227 2235 ὲν
239 2208 277 2244 τῷ
287 2208 350 2235 τότε
364 2208 411 2235 τὸν
425 2207 561 2243 βασίλειον
575 2207 673 2234 ἰθύνειν
688 2206 865 2242 ἐκληρώσατο
884 2206 963 2240 λόγον
974 2213 982 2221 '

1037 2209 1175 2242 lebodes,
1192 2208 1261 2236 nihil
1274 2208 1325 2236 sibi
1342 2215 1358 2235 a
1370 2214 1434 2242 rege
1448 2200 1592 2235 Persarum
1606 2207 1639 2234 de
1652 2213 1684 2234 ea
1696 2214 1727 2234 re
1742 2214 1821 2234 man-

198 2255 267 2281 ὧστε
280 2253 377 2289 ἀμέλει
393 2254 462 2289 μηδὲ
481 2254 551 2288 πρὸς
576 2253 631 2280 τῶν
647 2252 791 2288 βασιλείων
806 2250 935 2287 γραφέων
949 2249 983 2277 τὰ

199 2301 263 2336 περὶ¹
278 2300 326 2326 τοῦ
337 2299 441 2326 τοιοῦδε
453 2298 618 2334 γεγράφθαι,
632 2299 671 2334 τῷ
692 2298 765 2334 μάλα
775 2299 804 2325 ὲν
817 2296 983 2333 παραϐύστῳ

199 2344 268 2373 εἶναι
290 2346 325 2373 τὰ
348 2342 549 2381 βεϐουλευμένα
564 2345 603 2380 τῷ
625 2344 754 2379 Καίσαρι.
781 2344 884 2379 Γράφει
901 2343 923 2369 δ’
937 2340 983 2369 οὖν

201 2392 337 2428 Ζαχαρίας
353 2392 388 2424 δ’,
402 2391 440 2423 ὡς
456 2392 545 2422 εἴποις
559 2392 592 2418 σὺ
602 2390 736 2426 Μεὸώδης
748 2389 836 2424 λύτρα
846 2388 926 2424 δῆθεν
936 2386 984 2414 τοῦ

201 2437 290 2472 Δάρας
304 2437 351 2464 τὸν
366 2436 480 2471 βασιλέα
493 2435 661 2471 κομίσασθαι
686 2434 811 2470 Περσῶν,
828 2434 904 2469 αὐτῷ
922 2441 984 2460 πει-

202 2484 332 2518 σθήσεται
347 2484 361 2510 ὁ
372 2484 481 2518 Καῖσαρ
493 2483 527 2510 τὰ
546 2483 677 2518 χρήματα
700 2481 878 2518 καταθήσειν,
890 2481 939 2508 καὶ
953 2480 985 2516 δὴ

201 2529 250 2555 οὐκ
262 2530 291 2561 ἐς
307 2520 453 2563 ἀναϐολήν.
470 2528 564 2555 Ταῦτα
580 2528 670 2555 τοίνυν
686 2528 833 2563 Ζαχαρίου.
847 2528 871 2553 εί
891 2526 986 2561 καὶμὴ

201 2576 363 2611 ἀναφανδὸν,
380 2574 604 2610 ὑπαινιττομένου
632 2574 660 2600 δὲ
687 2572 761 2609 ὅμως
792 2572 831 2608 τῷ
855 2571 985 2608 Μεσώδῃ,

1037 2256 1139 2289 datum,
1168 2261 1258 2289 neque
1279 2254 1389 2282 omnino
1412 2260 1504 2288 regem
1519 2252 1603 2280 Daras
1628 2260 1678 2287 pro
1698 2253 1822 2288 pecuniis

1003 2333 1006 2336 λ
1036 2300 1143 2330 restitui
1153 2307 1297 2335 passurum
1309 2306 1380 2328 esse.
1395 2298 1578 2327 Nihilominus
1590 2303 1680 2326 tamen
1690 2303 1823 2326 conventa

1037 2354 1082 2375 res
1090 2350 1131 2375 est
1143 2351 1170 2374 et
1177 2346 1338 2381 quibusdam
1347 2345 1508 2381 iuramentis
1518 2345 1583 2373 lides
1594 2345 1730 2379 praestita:
1745 2344 1825 2379 124

1038 2391 1280 2423 sieonventiones.
1303 2395 1334 2418 ut
1355 2395 1420 2419 tunc
1444 2397 1474 2418 se
1498 2390 1644 2423 habebant,
1669 2394 1822 2421 manerent,

1040 2444 1131 2472 regem
1148 2436 1275 2471 deinceps
1289 2435 1389 2464 Caesari
1406 2435 1505 2470 petenti
1522 2435 1609 2463 Dares
1634 2440 1764 2469 tanquam
1777 2442 1825 2470 pe-

1040 2482 1142 2510 culiare
1155 2482 1257 2510 donum
1273 2481 1446 2509 traditurum.
1466 2481 1524 2514 Qua
1542 2481 1569 2508 in
1584 2488 1614 2509 re
1631 2481 1698 2509 satis
1711 2488 1825 2515 appare-

1040 2528 1096 2559 bat,
1111 2534 1174 2554 eum
1187 2526 1298 2558 minime
1309 2525 1441 2554 salutaria
1455 2525 1578 2553 Romano
1589 2525 1701 2560 imperio
1712 2525 1824 2555 sentire.

1040 2577 1068 2601 et
1081 2580 1142 2608 qua
1157 2580 1172 2600 a
1184 2579 1248 2601 vero
1261 2571 1452 2605 abhorrebant,
1476 2571 1577 2601 dicere.
1605 2571 1672 2599 Nam
1684 2578 1718 2599 eo
1732 2570 1822 2598 tende-

795 2631 798 2634 '
850 2640 967 2668 vanus
985 2640 1190 2668 LECTIONES.

238 2706 261 2722 "
281 2705 387 2740 θεσμὸν
396 2703 519 2740 Cantocl.
537 2702 637 2740 θερμὸν
666 2701 738 2740 vulg.

203 2734 338 2783 minus:
367 2739 390 2783 τ’
403 2734 664 2783 «egessiss-
693 2734 726 2783 ,ξ’
740 2734 834 2783 “:93?

217 2774 314 2810 ιούσηξ
331 2774 406 2809 vulg.
457 2774 480 2788 "
495 2774 670 2834 διελεγέσθὲν

217 2812 224 2826 ⁷
240 2811 305 2838 Post
318 2810 346 2836 δὲ
364 2810 415 2836 ins.
431 2809 513 2843 ἤρετο
527 2808 558 2836 N.
579 2808 622 2843 εἴη
660 2827 680 2839 .,

709 2808 733 2834 εί
749 2805 821 2840 vulg.

204 2846 229 2872 εί
245 2846 316 2879 λέγοι
334 2853 375 2872 σοι
388 2842 457 2872 Μεϐ.
473 2842 505 2870 Ν.

777 2700 801 2716 ’⁸
817 2699 961 2734 ἐπιστῆναι
992 2698 1066 2734 vulg.

857 2734 955 2761 σασθαι
979 2734 1022 2760 vul

457 2735 664 2773 ιρξασθαίνυις.
702 2735 724 2752 ¹¹
740 2735 834 2770 παρασ
857 2735 955 2761 σασθαι
979 2741 1008 2760 vu

457 2773 480 2788 “
495 2772 670 2821 malefice-3v
693 2771 736 2821 8.},
757 2735 897 2821 διελέέθέὶν
918 2768 1008 2821 ἔξιιὲῖῖ

860 2803 882 2821 ³⁸
898 2804 951 2840 μὴν
966 2803 1024 2831 Val.
1044 2803 1135 2839 μεῖναι
1152 2803 1236 2839 νυιδ.

1103 2700 1125 2715 ’⁷
1136 2707 1166 2725 τε
1181 2698 1223 2732 B.,
1239 2698 1267 2725 δέ
1281 2706 1310 2725 τε
1325 2698 1413 2734 vulg.”
1434 2697 1460 2734 7"
1470 2696 1503 2734 ἧς
1519 2698 1561 2729 B.,
1576 2696 1618 2734 οἷς
1629 2697 1701 2734 vnlg.
1740 2697 1762 2734 ff
1777 2697 1826 2734 τῆς

1025 2728 1055 2795 ξ
1088 2734 1110 2750 ⁵¹
1123 2734 1140 2769 ἢ
1165 2728 1222 2765 Β..’
1236 2734 1269 2760 ὲκ
1282 2734 1355 2768 vulg.
1372 2728 1416 2749 ”³³
1427 2728 1636 2768 ἀναδραμούσης
1649 2728 1721 2776 δίιῖιη
1741 2728 1826 2767 ἄνδρα

1050 2769 1210 2795 ιελένθησαν
1240 2768 1273 2795 Η.
1294 2768 1316 2785 ³⁸
1332 2769 1429 2795 ἐποαν.
1448 2767 1504 2794 Val.
1554 2767 1576 2783 “
1593 2768 1618 2793 οί
1634 2775 1704 2793 ειναι
1723 2767 1754 2794 H.
1772 2775 1825 2795 mtt.

1092 2765 1210 2804 έχσησαν
1240 2765 1429 2804 “afﬁrm”.
1448 2765 1504 2794 Val}
1516 2765 1539 2804 ς
1554 2767 1576 2783 ³⁸
1593 2765 1619 2804 ei
1632 2765 1704 2804 εἶναι

1276 2802 1298 2820 ⁸⁸
1312 2803 1350 2834 ὡς
1365 2800 1436 2838 vulg.
1450 2810 1500 2837 pro
1514 2802 1553 2833 ὃς.
1592 2801 1615 2817 ⁸⁸
1629 2802 1762 2836 Ζαχαρία,
1777 2800 1825 2833 ὡς,
