4076 6418
359 284 466 349 837

1140 279 1240 342 DE
1277 274 1847 340 LEGATIONIBUS
1882 268 2247 336 GENTIUM
2288 271 2389 334 AD
2428 266 2807 334 ROMANOS.

3511 281 3623 345 838

434 391 540 457 κζ’.
568 391 695 445 Ὅτι
744 387 1039 461 Ταχοσδρὼ
1054 388 1102 421 ⁸ο
1134 388 1325 458 σαφῶς
1369 386 1795 456 ἐξεπιστάμενος
1841 381 1969 441 καὶ.

2106 382 2198 438 27.
2241 381 2328 453 (Α.
2382 380 2450 437 C.
2499 379 2602 435 5'78
2658 379 2777 437 Ind.
2806 379 2895 435 ll.
2933 378 3132 437 Jttstini
3178 380 3291 456 ﬂ.)
3341 380 3480 444 Cum
3522 391 3626 444 Ta-

360 485 525 547 αὐτὸς
552 482 655 553 τὴν
686 480 930 552 Χοσρόου
959 480 1181 552 βουλὴν,
1212 478 1289 543 ὡς
1314 476 1584 547 Μεὸὡδης
1612 473 1938 547 ἀναπτερώ-

362 593 463 639 σας
494 574 660 627 αὐτὸν
695 572 782 644 είη
814 571 892 644 μὴ
929 572 1172 643 μεῖναι⁸¹
1206 570 1272 623 τὺ
1315 569 1493 640 πέρας
1525 568 1635 622 τῶν
1662 565 1941 639 τριετηρί-

359 667 469 721 δων
499 662 765 730 σπονδῶν,
822 664 884 718 αϊ
926 680 993 733 γε
1041 663 1189 735 ἀμφὶ
1231 662 1335 732 τῆς
1383 661 1501 716 Ἕω
1542 658 1942 730 ὶμπεδωθεῖσαι

362 753 687 824 ἐτύγχανον,
740 753 837 807 καὶ
865 753 950 807 ὅτι
979 752 1123 806 οὓτω
1149 750 1341 806 δοκοῦν
1370 749 1524 821 αὐτῷ
1555 745 1942 819 ἀναμφιϐόλως

362 843 628 914 ἐμϐαλεῖν
656 842 818 897 αὐτόν
840 859 900 895 τε
924 842 1192 913 Μεὸὡδην
1212 841 1308 895 καὶ
1330 839 1600 911 Σαπώρήν
1614 838 1711 891 τὸν
1726 837 1944 908 Μαιρά-

362 955 454 992 νου
482 936 627 990 κατά
652 938 751 1007 τῆς
786 936 922 1009 πρὸς
948 935 1048 1006 τὴν
1080 935 1198 989 Ἕω
1227 934 1337 988 τῶν
1376 932 1666 1003 Ῥωμαίων
1711 933 1944 1001 ὲπικρα⁴

361 1029 518 1091 τείας
545 1069 561 1095 ,
598 1029 715 1081 εἴτε
745 1026 1230 1098 προστεταγμένον
1274 1024 1322 1078 οἱ
1370 1022 1547 1076 τοιάδε
1579 1022 1643 1075 ὲκ
1675 1020 1941 1091 Χοσρῶυ,

361 1121 476 1173 εἴτε
526 1122 623 1173 καὶ⁵
673 1117 999 1188 αὐτομάτως
1056 1116 1217 1171 τοῦτο
1258 1116 1478 1169 σκοπῶν
1520 1111 1608 1183 ἐφ’
1659 1111 1855 1167 ἑαυτοῦ
1873 1111 1945 1178 ⁵³,

361 1210 557 1281 ὥσπερ
587 1210 780 1280 ἀμέλει
832 1209 1095 1279 δευτέραν
1124 1209 1288 1277 ἀφεὶς
1334 1207 1607 1281 ἄγκυραν,
1645 1204 1945 1276 ὲκτραπεὶς

361 1302 473 1355 ἀπὸ
507 1301 601 1357 τοῦ
632 1300 949 1373 Κιθαρίζων
968 1300 1014 1334 ⁸³
1057 1299 1287 1372 ὥρμησε
1321 1300 1418 1354 καὶ
1462 1298 1625 1362 αὐτὸς
1672 1297 1814 1350 κατὰ
1847 1296 1946 1366 τῆς

374 1393 668 1463 Ῥωμαίων
723 1393 781 1447 ὲν
831 1392 1067 1464 ἀνατολῇ
1103 1391 1290 1465 χώρας
1338 1390 1450 1445 ἀπὸ
1501 1389 1612 1444 τῶν
1654 1387 1946 1460 ’Δρμενίας

364 1483 638 1553 ἐμϐολῶν,
664 1483 861 1553 διπλῆν
903 1484 1084 1537 ἐκεῖσε
1116 1483 1215 1553 τὴν
1264 1481 1512 1554 ταραχήν
1557 1480 1941 1552 ποιησόμενος.

438 1574 545 1646 κη’.
577 1576 703 1628 Ὅτι
729 1574 1168 1647 πολιορκούντων
1197 1572 1487 1645 Ῥωμαίων
1516 1572 1578 1626 τὸ
1598 1572 1943 1644 Χλωμάρων,

368 1668 467 1720 καῖ
496 1666 812 1738 προσόολάς
839 1666 897 1721 ὲν
921 1664 1107 1738 κύκλῳ
1143 1665 1509 1737 ποιουμένων,
1541 1664 1641 1727 τάς
1662 1680 1723 1719 τε
1757 1663 1946 1717 ἑλεπό-

373 1758 481 1821 λεις
517 1756 769 1829 μηχανὰς
798 1757 1273 1830 περιστησάντων,
1309 1756 1447 1827 πρὸς
1488 1754 1546 1808 δέ
1576 1772 1641 1826 γε
1675 1755 1770 1809 καὶ
1808 1755 1945 1808 ὐπο-

371 1854 567 1924 νόμους
602 1849 826 1921 ἔνερθεν
856 1849 1270 1920 ύπορυττόντων
1298 1850 1356 1912 ἐς
1387 1848 1449 1902 τὸ
1473 1847 1700 1918 ἀφανὲς,
1734 1846 1946 1903 στέλλει

368 1942 647 2014 Βιγτάνης
691 1941 767 2006 ὡς
798 1941 1108 2025 Μαυρίκιον
1156 1942 1250 1995 τόν
1288 1938 1393 2012 [τε]
1423 1939 1515 1994 τοῦ
1546 1939 1811 2011 φρουρίου
1846 1940 1948 2011 ἀρ-

366 2037 593 2109 χιερέαο
628 2035 952 2105 Χριστιανοὶ
981 2033 1091 2103 γὰρ
1122 2027 1266 2103 ἦσαν
1310 2033 1361 2086 οἱ
1401 2032 1503 2101 τῆς
1546 2030 1882 2102 Ἀρζανηνῆς
1898 2028 1947 2061 ιι

372 2132 633 2189 ἅπαντες.
664 2124 851 2197 Ταύτῃ
876 2141 993 2189 τοι,
1023 2123 1099 2189 ὼς
1123 2123 1308 2187 αἰδοῦς
1341 2120 1779 2193 ἀξιωθησόμενον
1811 2119 1948 2193 πρὸς

382 2216 673 2289 Ῥωμαίων
706 2214 1051 2286 Χριστιανῶν
1098 2213 1270 2268 όντων
1316 2213 1410 2267 τὸν
1461 2210 1784 2283 προεστῶτα
1837 2208 1947 2263 τῶν

375 2308 543 2379 ἱερῶν
573 2308 667 2362 τοῦ
709 2307 973 2379 Χριστοῦ,
1011 2305 1277 2360 ἱκετεύειν
1341 2302 1613 2374 ἐπέτρεψε
1662 2301 1742 2373 τῷ
1771 2318 1945 2373 μυστ-

372 2400 603 2472 αγωγῷ,
638 2398 936 2470 εἰληφότας
984 2397 1186 2462 ὁπόσος
1216 2391 1287 2467 ἦν
1313 2393 1498 2459 αὐτοῖς
1523 2393 1725 2466 χρυσός
1754 2409 1816 2446 τε
1853 2391 1949 2447 καὶ

371 2499 614 2569 ἄργυρος
641 2492 1027 2560 ἀπαναστῆναι
1055 2490 1152 2544 καὶ
1179 2489 1257 2561 μὴ
1285 2486 1430 2559 πέρα
1455 2488 1658 2540 πονεῖν.
1677 2483 1815 2542 υύτε
1838 2483 1948 2555 γὰρ

370 2588 626 2644 ἐνδώσειν
668 2587 822 2651 ποτὲ,
873 2583 1146 2653 Βιγγάνου
1197 2582 1290 2637 τὸν
1322 2580 1475 2652 ἥλιον
1514 2577 1773 2650 ὁρῶντος,
1820 2575 1950 2639 τοὺς

373 2683 491 2737 ὅσοι
520 2696 585 2749 γε
614 2679 672 2743 ὲς
716 2677 779 2731 τὸ
822 2675 1146 2745 Χλωμάρων
1195 2673 1305 2727 εἱσὶ
1355 2671 1652 2742 Ῥωμαίοις
1682 2668 1945 2730 ἑαυτούς·

374 2772 795 2846 προσμενόντων
820 2784 881 2822 τε
908 2769 977 2839 τῇ
1020 2763 1309 2835 πολιορκίᾳ
1341 2761 1687 2833 Χριστιανῶν
1724 2758 1948 2813 ἔσεσθαι

354 2865 437 2935 ,τὸ
461 2860 912 2931 διαφθειρόμενον
938 2856 1164 2928 πλῆθος,
1214 2854 1310 2910 καὶ
1337 2852 1631 2924 ἀσεϐήσειν
1646 2849 1951 2921 Ῥωμαίους

348 2956 514 3027 [πρὸς
535 2953 669 3008 Θεὸν
685 2950 1062 3024 περιορῶντας
1087 2945 1346 3009 ἀναιτίως
1374 2946 1500 3007 τοὺς
1528 2943 1678 2999 ἔνδον
1703 2942 1946 2997 ἀπολλυ·
1970 2946 1975 2951 ’

376 3047 600 3119 μένους.
615 3042 805 3097 Ταῦτα
827 3038 1103 3109 Βιγγάνης
1127 3035 1342 3107 ἐδήλου.
1374 3032 1679 3104 Μαυρίκιος
1698 3033 1757 3088 δὲ
1780 3031 1948 3087 πολλά
1971 3050 2016 3114 c

375 3155 439 3193 τε
462 3137 560 3192 καὶ
584 3132 857 3203 ἱπαγωγὰ
872 3132 920 3165 ⁸⁸
950 3128 1030 3201 τῷ
1062 3122 1537 3199 ἱερεὶδιαλεχθεὶς
1563 3124 1661 3178 καὶ
1690 3125 1803 3188 τοῖς
1832 3125 1949 3195 ἃμα

376 3226 527 3298 αὐτῷ
558 3223 696 3297 πρὸς
724 3219 963 3298 ἱκετείαν
992 3216 1373 3287 ἀφικομένοις,
1406 3212 1621 3277 πίστεις
1644 3229 1707 3266 τε
1735 3212 1951 3275 εὐνοίας

376 3296 513 3393 πρὸς
559 3296 655 3372 τοῦ
707 3314 897 3384 ἱερέως
926 3296 1205 3380 ἐίληφὼς,
1267 3303 1634 3376 ἀπαγγέλλειν
1697 3302 1951 3375 ἐκέλευσε

378 3390 646 3481 Βιγγάνῃ,
671 3408 769 3472 ὠς,
793 3406 950 3473 εῐπερ
977 3399 1172 3455 ἑαυτὸν
1203 3397 1426 3481 ἐνδώσει
1455 3393 1771 3465 Ῥωμαίοις,
1784 3390 1951 3458 ἀξιώ-

382 3499 550 3574 ματός
582 3480 643 3551 τε
676 3494 925 3567 μείζονος
954 3491 1100 3562 ἢπερ
1133 3487 1218 3559 ὐφ’
1252 3480 1315 3541 οὗ
1342 3484 1437 3540 νῦν
1465 3487 1585 3538 ἐστι
1614 3483 1768 3556 παρὰ
1808 3482 1952 3553 Πέρ-

380 3572 504 3656 σαις
542 3587 917 3659 ἀξιωθήσεται
951 3583 1088 3654 πρὸς
1133 3578 1445 3650 Ῥωμαίων,
1494 3573 1740 3646 κτήσεώς
1770 3591 1831 3628 τε
1868 3572 1950 3628 δι-

381 3683 616 3746 πλασίας
654 3679 753 3735 καὶ
803 3677 969 3748 ἄλλης
1018 3670 1337 3744 εὐπορίας⁸⁸
1380 3670 1672 3740 γενήσεται
1723 3665 1952 3737 Κύριος.

382 3774 491 3829 Καὶ
522 3771 688 3843 ἔτερα
717 3768 796 3835 δὲ,
828 3766 1002 3819 ὁπόσα
1029 3760 1097 3835 ἦν
1122 3760 1352 3832 ὲφολκά,
1395 3759 1566 3813 εἰπὼν
1590 3759 1818 3829 ἀφίησιν
1854 3750 1953 3811 αὗ-

384 3866 468 3929 θις
496 3863 647 3935 ενδον
678 3860 773 3916 τοῦ
806 3855 1071 3930 φρουρίου
1120 3852 1377 3924 γενέσθαι
1401 3851 1493 3905 τὸν
1527 3850 1681 3922 ἱερέα
1706 3850 1800 3903 καλ⁵
1827 3848 1955 3913 τούς

385 3955 478 4023 ξὺν
502 3952 673 4026 αὐτῷ.
711 3949 873 4006 Ἀλλά
915 3948 1025 4019 γὰρ
1056 3947 1085 4001 ὁ
1117 3945 1395 4015 Βιγγάνης
1436 3941 1769 3996 εὐνούστατα
1814 3938 1956 4010 ἔχων

383 4045 457 4109 ὡς
484 4043 711 4117 βασιλέα
736 4038 964 4113 Περσῶν
987 4036 1085 4091 καὶ
1114 4038 1174 4100 ὲς
1195 4035 1294 4106 τὴν
1318 4034 1439 4089 κατ’
1463 4032 1626 4087 αὐτὸν
1655 4030 1956 4096 πολιτείαν,

384 4138 462 4193 ἔτι
496 4154 561 4207 γε
579 4136 623 4169 ⁸⁷
662 4133 770 4206 μὴν
800 4132 879 4202 τῷ
907 4128 1075 4201 χώρῳ
1103 4127 1327 4189 πίσυνος
1346 4165 1361 4194 ,
1414 4124 1617 4196 ἣκιστα
1647 4123 1769 4186 ταῖς
1795 4121 1957 4193 μεγί-

389 4245 546 4291 σταις
594 4222 922 4294 ὑποσχέσεσι
969 4215 1280 4287 Μαυρικίου
1312 4214 1383 4268 τὰ
1432 4207 1550 4269 ὦτα
1580 4209 1808 4279 ὑπέσχε,
1865 4209 1961 4262 καὶ

387 4318 562 4374 ταῦτα
602 4315 890 4391 Βάρθαρος
920 4309 996 4365 ὢν
1024 4308 1126 4363 οὐκ
1174 4305 1443 4378 ἀφηνίασε
1485 4302 1580 4357 τοῦ
1633 4301 1959 4373 πρέποντος,

2041 474 2281 531 cbosdro
2314 487 2530 543 quoque
2561 467 2825 529 Chosrois
2870 473 3096 528 consilia
3132 478 3464 545 rescivisset,
3504 480 3622 537 Me-

2039 564 2236 621 bodem
2271 564 2575 620 Chosroem
2609 563 2664 618 in
2689 577 2808 617 eam
2841 572 3074 619 mentem
3104 562 3404 635 impulisse,
3435 582 3620 625 utnon

2042 666 2387 728 exspectaret
2413 656 2583 723 diem,
2606 668 2715 724 qua
2738 654 2999 712 ﬁniebant
3024 658 3349 715 tricennaies
3371 660 3622 727 inducim,

2044 762 2166 819 quae
2199 747 2253 802 in
2289 746 2512 802 Oriente
2560 756 2838 802 conventa
2882 745 3117 811 fuerant,
3167 756 3223 802 et
3254 748 3415 815 illum
3451 749 3623 819 impe-

2046 852 2199 897 rasse
2258 836 2468 893 Μεδούί
2521 847 2575 891 et
2633 835 2848 905 Sapori,
2903 835 3106 891 Merani
3163 836 3305 901 ﬁlio,
3366 839 3625 894 invadere

2043 927 2413 986 Romanorum
2448 926 2708 983 ditionem
2754 928 2807 982 in
2859 925 3103 988 Oriente.
3166 927 3302 996 ipse,
3351 930 3469 987 sive
3520 932 3626 986 hoc

2046 1022 2357 1089 mandatum
2390 1020 2571 1076 fuerat
2607 1034 2639 1074 a
2683 1019 2951 1083 Chosroe.
2992 1021 3109 1076 sive
3141 1036 3234 1076 sua
3264 1031 3457 1091 sponte
3482 1025 3629 1090 apud

2046 1124 2108 1165 se
2142 1110 2389 1164 eamdem
2415 1123 2525 1162 rem
2560 1108 2742 1162 animo
2780 1106 3057 1169 volvisset.
3109 1116 3363 1175 tanquam
3417 1108 3629 1163 scilicet

2046 1190 2340 1257 secundam
2370 1201 2663 1255 anchoram
2696 1199 2971 1267 injiciens,
3002 1213 3031 1252 a
3060 1198 3370 1253 Citharizon
3400 1198 3625 1254 castello

2044 1303 2317 1360 egressus,
2361 1288 2414 1343 in
2448 1287 2812 1343 Romanorum
2845 1285 3066 1340 ditionis
3097 1285 3363 1355 regiones,
3404 1300 3525 1353 quae
3557 1285 3625 1338 ad

2047 1378 2329 1435 Orientem
2357 1386 2538 1441 erant,
2570 1377 2826 1445 impetum
2853 1374 3004 1439 fecit,
3039 1373 3184 1429 circa
3213 1374 3485 1429 Armeniae
3531 1372 3627 1428 ad-

2047 1470 2156 1525 itus
2189 1467 2455 1537 duplicem
2502 1465 2790 1520 tumultum
2825 1475 2880 1521 et
2917 1475 3184 1519 terrorem
3217 1463 3515 1519 oblaturus.

2116 1558 2206 1614 28.
2248 1560 2335 1630 (A.
2367 1556 2432 1612 C.
2466 1555 2572 1612 579
2599 1554 2715 1613 Ind.
2748 1554 2817 1609 η
2849 1552 3036 1611 Tiber.
3066 1553 3149 1623 2.)
3208 1552 3344 1609 Cum
3391 1552 3626 1610 Romani

2048 1649 2378 1706 Chlomaron
2422 1646 2678 1719 oppidum
2714 1645 3034 1701 obsiderent
3063 1654 3118 1699 et
3143 1645 3368 1701 armatis
3394 1644 3627 1700 homini-

2047 1741 2149 1797 bus
2169 1739 2471 1811 cingerent,
2500 1748 2556 1793 et
2584 1737 2887 1801 machinas,
2916 1734 3111 1805 quibus
3132 1735 3295 1789 urbes
3316 1736 3623 1804 capiuntur.

2048 1832 2421 1896 admoverent,
2447 1827 2686 1884 cuniculi
2709 1841 2926 1896 quoque
2957 1824 3299 1880 subterranei
3328 1822 3382 1878 in
3414 1819 3629 1880 occulto

2046 1923 2233 1977 subter
2261 1930 2459 1974 terram
2495 1916 2845 1980 ducerentur,
2880 1913 3111 1983 Biganes
3144 1913 3290 1968 misit
3319 1913 3471 1967 urbis
3510 1915 3628 1982 epi-

2048 2026 2267 2080 scopum
2322 2007 2499 2081 (erant
2528 2008 2672 2063 enim
2705 2004 2997 2060 Christiani
3047 2017 3237 2057 omnes
3306 2002 3494 2056 incolze
3533 2002 3633 2056 Ar-

2051 2099 2340 2171 zanenm),
2397 2114 2557 2168 quem
2595 2096 2897 2163 Romanos,
2949 2094 3073 2164 quia
3112 2092 3407 2148 Christiani
3452 2102 3627 2155 erant,

2049 2190 2255 2262 majore
2287 2187 2587 2244 reverentia
2634 2194 2689 2241 et
2735 2186 2942 2240 honore
2985 2191 3329 2251 excepturos,
3371 2191 3628 2251 tanquam

2048 2295 2328 2337 sacrorum
2385 2279 2712 2343 antistitem,
2761 2275 3114 2340 existimavit,
3173 2273 3241 2328 ad
3288 2271 3627 2336 Mauricium,

2049 2386 2280 2443 eumque
2311 2383 2469 2427 orare
2489 2367 2674 2439 jussit,
2710 2374 2771 2421 ut
2808 2373 3033 2435 accepto
3070 2360 3331 2437 quidquid
3356 2361 3497 2430 apud
3529 2359 3627 2413 ob-

2049 2478 2231 2521 sessos
2266 2471 2384 2517 erat
2410 2459 2529 2514 auri
2551 2467 2605 2512 et
2632 2454 2865 2527 argenti,
2896 2451 3126 2508 Romani
3153 2449 3489 2505 obsidionem
3515 2446 3630 2502 sol-

2056 2559 2264 2615 verent,
2317 2561 2492 2617 neque
2542 2544 2684 2599 ultra
2729 2543 2783 2598 in
2827 2555 3024 2595 vanum
3050 2539 3383 2595 laborarent.
3445 2533 3630 2606 Neque

2052 2643 2196 2699 enim
2227 2653 2487 2710 unquam,
2533 2635 2790 2709 quamdiu
2825 2631 3014 2704 Bigani
3059 2632 3228 2686 solem
3264 2629 3463 2684 intueri
3497 2628 3630 2684 licec

2054 2742 2156 2800 ret,
2206 2731 2568 2793 Christianos,
2634 2726 2727 2797 Qui
2774 2725 2830 2780 in
2878 2724 3079 2795 oppido
3116 2732 3322 2786 essent,
3370 2718 3632 2776 Romanis

2051 2838 2177 2881 sese
2231 2822 2543 2877 tradituros.
2602 2816 2804 2885 Quodsi
2854 2814 3189 2869 obsidionem
3230 2812 3630 2871 continuarent,

2054 2916 2190 2981 lore,
2229 2923 2289 2970 ut
2312 2912 2747 2968 Christianorum
2777 2905 3068 2961 multitudo
3113 2903 3338 2974 periret.
3398 2900 3479 2955 Ex
3520 2915 3631 2969 quo

2054 3009 2229 3073 ﬁeret,
2261 3014 2321 3060 ut
2342 3001 2572 3059 Romani
2599 3000 2750 3069 impii
2775 3011 2902 3068 erga
2930 2995 3096 3052 Deum
3121 3003 3329 3058 essent,
3359 2990 3451 3062 qui
3477 2988 3635 3044 Chri-

2051 3101 2280 3163 stianos,
2314 3094 2406 3166 qui
2452 3094 2596 3150 intra
2646 3091 2903 3160 oppidum
2953 3095 3161 3153 essent,
3206 3085 3326 3141 sine
3377 3082 3487 3137 ulla
3532 3094 3630 3136 sua

2050 3189 2207 3259 culpa
2244 3187 2442 3242 misere
2471 3182 2651 3253 perire
2686 3187 3026 3251 paterentur.
3067 3175 3196 3231 Haec
3236 3174 3467 3245 Biganes
3494 3185 3632 3242 pra:-

2050 3280 2268 3338 dicavit.
2333 3280 2404 3334 At
2445 3273 2762 3336 Mauricius,
2819 3285 2943 3328 cum
2995 3269 3224 3324 comiter
3274 3265 3443 3319 multa
3495 3277 3626 3318 cum

2050 3371 2304 3443 episcopo
2328 3375 2474 3424 esset
2501 3362 2821 3425 collocutus,
2853 3369 2908 3416 et
2939 3373 3063 3415 cum
3102 3357 3210 3421 his,
3261 3354 3356 3426 qui
3405 3366 3511 3409 una
3559 3353 3635 3406 ad

2052 3482 2362 3541 exorandus
2390 3480 2667 3535 Romanos
2700 3481 2986 3539 venerant,
3036 3470 3177 3525 bona
3231 3467 3337 3522 lide
3377 3465 3641 3534 utrinque

2052 3572 2403 3649 jurejurando
2432 3571 2666 3636 lirmata,
2711 3582 2839 3623 eum
2870 3563 3188 3620 renuntiare
3214 3559 3380 3628 jussit
3410 3556 3625 3626 Bigani.

2055 3670 2102 3727 si
2124 3682 2185 3724 se
2213 3664 2477 3720 Romanis
2514 3662 2778 3724 traderet,
2804 3658 2858 3713 in
2884 3655 3093 3726 majore
3116 3654 3323 3707 honore
3346 3664 3470 3703 eum
3492 3649 3639 3716 apud

2056 3760 2335 3815 Romanos
2355 3755 2620 3817 futurum,
2655 3765 2818 3821 quam
2863 3761 3006 3802 nunc
3052 3743 3197 3815 apud
3220 3740 3417 3795 Persas
3455 3738 3550 3802 sit,
3582 3748 3642 3791 et

2056 3847 2456 3921 possessionem
2492 3841 2658 3911 duplo
2709 3837 3029 3908 ampliorem
3079 3842 3138 3888 et
3177 3829 3418 3885 omnium
3456 3840 3640 3881 rerum

2057 3918 2389 3996 afﬂuentiam
2422 3943 2753 3997 nacturum;
2785 3928 3046 3998 pluraque
3081 3924 3208 3989 alia,
3244 3921 3441 3989 quibus
3481 3918 3636 3972 illum

2057 4032 2321 4094 alliceret,
2350 4025 2629 4090 dictitans,
2676 4020 2882 4076 dimisit
2910 4016 3249 4073 sacerdotem
3287 4020 3344 4068 et
3387 4025 3507 4077 eos,
3545 4011 3638 4078 qui

2058 4138 2182 4181 cum
2217 4136 2287 4178 eo
2329 4126 2507 4181 erant,
2546 4125 2606 4170 ut
2640 4114 2694 4169 in
2724 4119 2915 4170 urbem
2947 4117 3372 4163 reverterentur.
3412 4103 3521 4159 Sed
3549 4103 3641 4155 Bi-

2061 4215 2216 4288 ganis
2243 4224 2456 4269 summa
2481 4215 2600 4265 erat
2625 4219 2756 4275 erga
2784 4216 2965 4271 regem
2988 4211 3045 4255 et
3089 4196 3479 4266 rempublicam
3513 4193 3641 4248 Per-

2061 4285 2244 4365 sarum
2271 4304 2542 4366 voluntas,
2562 4306 2618 4354 et
2645 4310 2840 4365 magna
2861 4293 2964 4348 loci
2990 4290 3207 4346 ﬁducia.
3238 4285 3423 4355 Itaque
3446 4297 3641 4354 quam-

598 4407 658 4476 ἐξ
686 4370 1134 4481 ἀρχήςῠδουλείαν
1153 4370 1488 4470 τιμιωτέραν
1518 4370 1767 4467 ἡγήσατο
1794 4391 1962 4446 πλού-

2066 4398 2150 4454 vis
2178 4394 2447 4451 barbarus
2479 4396 2648 4454 esset,
2678 4383 2929 4439 maximis
2960 4378 3206 4435 Iauricii
3246 4375 3406 4444 116
3436 4370 3643 4441 pollici»

388 4521 504 4560 του.
535 4498 752 4555 Στέλλει
774 4496 833 4549 δὲ
858 4489 1015 4557 αὖθις
1041 4492 1116 4546 τά
1135 4492 1191 4555 ις
1219 4487 1506 4557 ἀγιστείαν
1521 4485 1617 4540 τοῦ
1646 4483 1783 4539 Θεοῦ
1811 4484 1962 4536 ἀνει-

394 4594 553 4667 μένα,
585 4582 1026 4661 περιρῤαντήριά
1074 4597 1133 4634 τε
1185 4580 1281 4633 καὶ
1328 4576 1639 4649 ἐκπώματα
1686 4574 1783 4629 καὶ
1829 4571 1966 4628 ἄλλα

392 4665 492 4740 ὁσα
533 4678 946 4755 τιμαλφέστατα
994 4673 1191 4746 σκεύη,
1224 4672 1299 4735 ὼς
1330 4669 1661 4741 Μαυρίκιον,
1712 4665 1967 4737 καθάπερ

395 4777 587 4850 ἀμέλει
613 4774 786 4842 λύτρα
807 4769 997 4824 τούτου
1022 4764 1117 4819 τοῦ
1144 4762 1406 4835 φρουρίου
1423 4758 1596 4815 ταῦτα
1614 4756 1968 4828 ὑποδέχεσθαι

397 4848 713 4933 ἀντιδολῶν,
756 4863 857 4936 τὴν
906 4857 1224 4930 πολιορκίαν
1269 4852 1664 4910 καταλύσοντα.
1730 4848 1892 4921 ’Δτάρ
1937 4849 1966 4903 ὁ

400 4959 704 5036 στρατηγὸς
737 4954 928 5028 ἐπειδὴ
970 4950 1146 5006 ταῦτα
1192 4946 1476 5012 ἐθεάσατο,
1522 4946 1583 4997 οὐ
1628 4944 1964 5015 προσήκατο,

401 5028 842 5119 καίτοινὲρίτιμα
858 5043 905 5075 ⁸⁸
937 5040 1275 5111 τυγχάνοντα
1298 5051 1311 5065 ·
1331 5036 1484 5106 ἥξειν
1509 5033 1618 5104 γὰρ
1647 5031 1885 5103 ἔφασκεν
1905 5028 1967 5089 οὐ

398 5142 467 5197 τά
499 5140 623 5214 ἱερά
661 5135 975 5194 σκυλεύσων
997 5131 1121 5187 οὔτε
1149 5128 1257 5201 μὴν
1302 5126 1525 5199 Χριστῷ
1565 5122 1968 5214 μαχησόμενος,

2066 4484 2362 4545 tationibus
2389 4480 2612 4537 minime
2637 4489 2799 4531 aures
2824 4470 3074 4543 prabuit,
3119 4480 3293 4537 neque
3325 4467 3395 4519 ab
3418 4464 3645 4518 honesto

2068 4574 2316 4635 recessit.
2351 4571 2560 4629 iustam
2588 4568 2736 4623 enim
2761 4572 2817 4619 et
2845 4560 3144 4631 legitimam
3172 4554 3489 4611 servitutem
3515 4563 3645 4620 erga

2072 4684 2221 4735 eum,
2259 4665 2353 4736 qui
2396 4675 2568 4733 regno
2604 4663 2858 4729 prastat,
2906 4653 3065 4721 longe
3109 4645 3317 4703 divitiis
3379 4640 3647 4736 honoriﬁ-

2072 4732 2369 4819 centiorem
2405 4732 2580 4809 duxit.
2632 4747 2993 4816 Quamobrem
3040 4744 3236 4799 iterum
3286 4732 3648 4805 aquiininaria

2074 4862 2129 4911 et
2159 4849 2355 4923 pocula
2384 4855 2442 4903 et
2480 4844 2586 4899 alia
2624 4840 2945 4913 pretiosiora
2976 4848 3126 4899 vasa,
3180 4844 3305 4901 quae
3335 4827 3430 4883 Dei
3478 4821 3649 4880 cultui

2074 4941 2466 5003 inserviebam,
2501 4935 2568 4990 ad
2596 4930 2915 4989 Haurieium
2945 4927 3114 4986 misit,
3140 4936 3327 4983 orans,
3361 4928 3421 4974 ut
3450 4931 3516 4972 ea
3549 4929 3651 4984 pre

2075 5033 2259 5107 oppidi
2289 5027 2661 5098 redemptione
2692 5029 2933 5078 sumeret
2957 5026 3012 5073 et
3051 5016 3121 5071 ah
3163 5012 3450 5069 obsidione
3507 5007 3653 5107 desit-

2077 5096 2267 5186 sleret.
2331 5120 2440 5177 Sed
2479 5096 2598 5174 idux
2652 5114 2742 5170 ubi
2796 5112 2913 5167 haec
2960 5109 3114 5174 vidit,
3164 5103 3415 5175 quamvis
3470 5096 3651 5166 magni

398 5186 1291 5303 alggzuvvipaaiipﬁnokspﬁ'cmv,
1323 5186 1417 5274 x'al
1448 5186 1969 5288 μάλλονηέξαιρησόξ

2079 5218 2239 5288 pretii
2277 5218 2482 5276 essent,
2524 5216 2707 5264 tamen
2748 5200 3098 5270 contempsit.
3150 5196 3281 5251 Illuc
3324 5192 3469 5247 enim
3515 5186 3654 5241 dixit

2950 5294 2980 5303 ..
3088 5299 3097 5303 ,
3237 5295 3251 5303 ,
3288 5282 3500 5303 nam
3535 5279 3617 5303 ,__,

403 5344 561 5398 μενος
591 5324 716 5389 τοὺς
739 5318 1029 5394 ὁμοδόξους
1072 5313 1207 5387 πρὸς
1248 5311 1357 5367 τῶν
1385 5309 1508 5383 ζούκ
1540 5305 1677 5379 ὁρθά
1712 5303 1972 5377 φρονούνο

2080 5279 2145 5371 se
2172 5307 2406 5370 venisse,
2434 5317 2542 5359 non
2568 5308 2629 5355 ut
2651 5311 2807 5356 sacra
2841 5294 3129 5364 expilaret,
3166 5295 3259 5343 aut
3285 5282 3505 5341 Christo
3534 5279 3654 5336 bel-

1651 5440 1886 5499 VARM‘J
1916 5441 2325 5501 LECTIONES.

475 5571 543 5638 ⁵⁸.
556 5561 853 5638 Ταχοσδρὼ
878 5561 1023 5638 Val.,
1044 5560 1118 5638 τὰ
1146 5557 1387 5638 .Χοσδρὼ
1409 5559 1556 5638 vulg.
1621 5560 1675 5638 _'_‘
1711 5562 1897 5638 μεῖναι
1935 5559 2030 5638 1_v.,

408 5630 713 5709 κιθᾱρεζέὶν
738 5630 915 5709 viilg.__
959 5632 1009 5709 ’ξ
1044 5630 1374 5709 ’ᾼρξανηνῆς
1399 5630 1543 5703 vulg.
1619 5632 1668 5666 ⁸⁵
1698 5630 1974 5702 άπαγωγὰ
1999 5646 2074 5689 vu

409 5710 475 5766 ll.
544 5700 594 5744 3°
611 5700 857 5778 'épirtpa'
872 5704 964 5770 H.,
994 5700 1242 5771 ὲρύτημα
1264 5700 1417 5770 vulg.

2075 5559 2266 5684 μείνας
2299 5556 2447 5627 vulg.
2522 5554 2568 5587 ³⁸
2600 5553 2693 5622 ἀφ’
2727 5545 2925 5603 ἑαυτοῦ
2956 5543 3023 5598 il.
3097 5540 3142 5573 ⁵³
3165 5535 3477 5608 Κιθαρίζων
3509 5532 3654 5596 γει..

2099 5646 2152 5684 ιι.
2228 5627 2278 5663 ⁵⁸
2296 5625 2569 5684 ἐμπορίας
2609 5623 2755 5684 vulg.
2788 5619 2835 5651 ⁸⁷
2851 5611 3059 5684 ἕτοιμοί
3078 5626 3140 5680 γε
3170 5609 3337 5678 vulg.,
3374 5605 3453 5658 ἔτι
3484 5618 3547 5673 γε
3574 5601 3654 5673 μή

2099 5601 2278 5703 an“
2296 5601 2569 5699 ἐμπορίας
2603 5601 2835 5692 iam?"
2851 5611 3059 5695 ἕτοιμοί
3078 5626 3140 5680 γε
3170 5601 3337 5678 vulg.)
3374 5605 3453 5658 ἔτι
3484 5618 3547 5673 γε
3574 5601 3655 5673 μὴ
