4076 6450
1729 157 1760 180 ρ

463 313 572 376 839
1342 296 1736 359 EXCERPTA
1770 295 1873 356 EX
1912 291 2340 354 MENANDRO
2377 270 2874 351 PROTECTORE
3611 281 3718 344 διο

468 423 580 475 lum
613 417 842 482 faceret,
891 410 985 467 sed
1039 409 1220 480 potius
1269 409 1329 462 u't
1376 406 1596 462 Christo
1649 403 1944 474 opitulante
1993 413 2047 457 et

2149 419 2256 455 των
2279 401 2526 472 Περσῶν.
2559 395 2689 453 Εἶτα
2722 401 2780 452 ἐν
2808 398 3106 469 ἀπορρήτῳ
3149 395 3296 460 ἔλεξε
3329 393 3406 465 τῷ
3447 391 3726 494 ίερουργιΞ)

463 512 678 562 favente
705 505 902 559 bellum
931 510 1160 571 gereret,
1213 505 1269 554 et
1315 505 1461 551 recta
1493 499 1558 550 de
1607 496 1710 548 lide
1756 494 2050 548 sentientes

2151 494 2250 546 ὅσα
2282 492 2472 562 ἐχρῆν,
2499 490 2844 561 συνεχώρησέ
2896 507 2955 543 τε
2984 489 3139 552 αὖθις
3166 489 3298 541 εἴσω
3336 486 3724 587 γενέσθαπτού

399 643 406 652 ς
464 606 652 652 contra
683 597 903 659 Persas,
957 592 1048 660 qui
1098 604 1128 644 a
1159 603 1284 644 vera
1329 587 1420 642 Dei
1477 583 1782 653 cognitione
1826 585 2048 639 aberra-

2149 581 2435 651 φρουρίου.
2474 581 2564 643 Ὠς
2591 579 2649 635 δέ
2711 579 2953 648 ἐπανῆκε
2983 577 3046 629 τὸ
3077 577 3388 629 τελευταῖον
3421 575 3450 627 6
3485 573 3666 643 ἱερεὺς
3700 573 3730 624 6

463 684 618 750 bant,
652 694 914 740 tueretur.
947 681 1150 735 Deinde
1175 678 1420 748 quaedam
1452 683 1664 730 secreto
1693 687 1818 728 cum
1851 687 2044 729 sacer-

2149 673 2448 746 βάρϐαρος,
2497 672 2592 749 καὶ
2617 672 2770 725 οὐδὲν
2801 669 2981 724 ὁτιοῦν
3023 670 3080 732 ἐς
3124 669 3186 720 τὸ
3240 667 3324 719 ίθὺ
3367 667 3463 767 τῆς
3498 667 3729 767 γνώμης

466 783 616 846 dote,
647 795 766 850 qua:
796 777 860 832 ad
893 775 1190 844 negotium,
1222 770 1365 841 quod
1396 770 1537 824 inter
1562 781 1658 822 eos
1681 767 2040 833 tractabatur,

2149 762 2474 832 ἐφθέγξατο,
2498 764 2554 826 ἐς
2586 762 2895 818 τούναντίον
2922 761 3021 831 μέν
3051 756 3145 813 οὖν
3166 759 3235 810 τὰ
3257 755 3484 826 Περσῶν
3515 754 3732 850 ἐπεφῴ

466 845 830 941 pertinebant,
858 867 1180 928 collocutus,
1213 860 1508 923 concessit,
1537 866 1596 911 ut
1628 871 1817 950 rursus
1858 857 1912 911 in
1942 870 2043 950 op-

2149 871 2280 925 ρατο
2309 853 2710 923 ἀσπαζόμενος,
2756 851 3194 922 ξυλλαμϐάνεται
3238 849 3339 919 μὲν
3384 849 3478 915 ὅγε
3533 845 3630 900 καὶ
3681 848 3730 898 oi

467 961 650 1030 pidum
693 957 911 1012 rediret.
948 953 1231 1010 Postremo
1271 961 1334 1005 ut
1373 963 1567 1006 rursus
1606 947 1865 1004 sacerdos
1915 946 2050 1002 exiit

2150 945 2242 1030 ξὺχ
2275 946 2446 1016 αὐτῷ,
2479 942 2634 1008 αὖθις
2686 945 2744 998 δέ
2776 945 2823 977 ⁸⁸
2873 943 3343 1012 ἐγκελευσαμένου
3386 942 3479 993 τοῦ
3533 952 3733 1009 στρατ-

468 1020 600 1102 nihil
649 1046 964 1114 quidquam,
1017 1041 1158 1110 quod
1199 1054 1265 1094 ex
1321 1053 1380 1093 re
1428 1047 1592 1105 esset,
1644 1037 1896 1105 aﬂ‘ereus,
1950 1036 2046 1092 sed

2154 1020 2314 1109 ηγοῦ,
2338 1039 2548 1114 εἴχοντο
2571 1037 2670 1107 τῆς
2697 1036 3013 1106 πολιορκίας
3042 1035 3091 1087 οἱ
3107 1033 3410 1124 ςΡωμαῖοι.

464 1144 654 1206 aperte
677 1133 970 1189 Persarum
998 1130 1160 1184 rebus
1197 1125 1426 1193 faveret,
1474 1127 1588 1196 ipse
1626 1137 1682 1183 et
1714 1125 1808 1197 qui
1864 1140 1986 1181 cum
2015 1141 2081 1182 eo
2119 1138 2275 1183 erant
2305 1126 2462 1196 jussu
2497 1128 2652 1184 ducis
2681 1129 2733 1183 in
2764 1127 2978 1183 vincula
3011 1123 3242 1195 coniecti
3275 1135 3423 1181 sunt.
3495 1123 3734 1181 Romani

463 1243 593 1286 vero
621 1225 960 1283 obsidionem
994 1219 1401 1276 continuarunt.

539 1326 630 1380 29.
671 1322 824 1378 Italia
863 1329 973 1375 tota
1007 1317 1120 1373 fere
1155 1330 1185 1370 a
1227 1315 1602 1384 Longobardis
1646 1323 1728 1370 est
1767 1315 1956 1370 evet'Sa
1987 1324 2044 1370 et

2223 1314 2328 1373 xO'.
2357 1316 2480 1370 Ὅτι
2519 1315 2716 1370 Ἰταλία
2763 1314 2856 1368 ἐπὶ
2877 1315 2922 1348 ⁸⁸
2965 1315 3075 1368 τῶν
3100 1315 3493 1387 Λογγιϐἀρδων
3538 1316 3732 1386 σχεδὸν

468 1417 665 1469 diruta.
689 1414 874 1480 Itaque
895 1406 1139 1464 nonnulli
1168 1422 1235 1462 ex
1263 1413 1459 1462 senatu
1481 1407 1680 1461 veteris
1700 1404 1887 1460 Romae
1917 1419 2040 1460 cum

2149 1403 2342 1458 ἅπασα
2377 1405 2742 1476 ἐπεπόρθητο.
2795 1405 2886 1458 Διὸ
2934 1405 2997 1475 δὴ
3027 1406 3124 1458 καὶ
3177 1405 3242 1458 ἐκ
3269 1406 3367 1475 τῆς
3422 1407 3729 1478 συγκλήτου

465 1505 788 1578 quibusdam
809 1500 1208 1565 sacerdotibus,
1233 1513 1370 1568 quos
1393 1499 1482 1567 qui
1510 1513 1737 1553 summa:
1763 1511 2040 1554 sacrorum

2149 1495 2353 1566 βουλῆς
2392 1497 2492 1568 τῆς
2542 1495 2921 1567 πρεσδυτέρας
2960 1495 3177 1567 Ῥώμης
3221 1498 3340 1568 ἅμα
3386 1497 3625 1570 ἱερεῦσιν
3667 1500 3733 1552 ἐκ

469 1589 704 1668 praeerat
743 1592 1105 1662 delegaverat,
1149 1589 1218 1644 ad
1273 1589 1657 1658 imperatorem
1687 1587 1849 1659 legati
1880 1601 2045 1666 vene-

2149 1586 2245 1640 τοῦ
2277 1587 2623 1659 προεστῶτος
2655 1586 2799 1659 [τῆς]
2827 1588 2883 1642 ἐν
2897 1587 3086 1660 Ῥώμῃ
3112 1588 3220 1641 τῶν
3253 1589 3416 1659 ίερῶν
3439 1591 3724 1660 πεμφθέν-

467 1695 597 1742 runt
624 1692 872 1747 orantes,
900 1691 958 1736 ut
993 1681 1079 1736 bis
1117 1680 1362 1750 partibus
1401 1679 1735 1734 subveniret.
1771 1677 1878 1734 Sed
1910 1679 2041 1734 Per-

2151 1694 2258 1730 των
2289 1675 2474 1742 τινῶν,
2510 1677 2875 1747 παρεγένοντο
2897 1679 3322 1750 πρεσϐευόμενοι
3349 1679 3426 1743 ὡς
3455 1681 3546 1734 τὸν
3567 1682 3730 1736 αύτο-

467 1781 640 1832 sicum
670 1774 870 1830 bellum
894 1772 995 1826 hoc
1025 1782 1269 1841 tempore
1293 1772 1345 1825 in
1370 1770 1627 1825 Armenia
1653 1781 1707 1827 et
1738 1770 1794 1825 in
1827 1771 2050 1827 Oriente

2149 1768 2415 1838 κράτορα,
2467 1769 2582 1831 τοῖς
2629 1769 2805 1822 ἐκεῖσε
2854 1770 3077 1839 μέρεσιν
3131 1769 3463 1840 ἐπαρκέσαι.
3527 1771 3672 1825 Ἀλλ’
3702 1775 3731 1826 6

466 1879 608 1932 crat,
643 1866 787 1935 quod
853 1878 959 1917 non
995 1863 1157 1918 modo
1213 1877 1319 1916 non
1363 1861 1798 1927 intermittebat,
1847 1862 1954 1918 imo
1996 1863 2050 1916 in

2149 1859 2426 1927 Περσικὸς
2457 1859 2694 1927 πόλεμος
2725 1860 2784 1912 ἐν
2826 1860 3089 1930 Ἀρμενίᾳ
3136 1877 3196 1913 τε
3239 1860 3381 1915 κατὰ
3404 1863 3599 1916 ταυτὸν
3634 1865 3734 1918 καὶ

469 1958 835 2012 ardentiorem
857 1954 1266 2009 contentionem
1289 1953 1724 2022 ingravescebat.
1747 1953 1824 2008 Eo
1847 1953 2049 2009 factum

2153 1950 2212 2010 ἐς
2245 1948 2315 2002 τά
2345 1950 2473 2018 περὶ
2499 1950 2600 2020 τὴν
2634 1949 2775 2019 ἐῴαν
2807 1950 3149 2020 ξυνεστηκώς
3174 1968 3231 2004 τε
3260 1952 3356 2005 καὶ
3386 1954 3485 2006 οὐκ
3513 1955 3734 2026 ἀπολή-

469 2057 574 2112 est,
610 2057 668 2100 ut
693 2044 990 2115 imperator
1012 2043 1188 2098 nullas
1213 2045 1433 2097 idoneas
1465 2043 1669 2112 copias,
1699 2058 1818 2112 quae
1839 2043 2048 2098 illarum

2149 2047 2287 2104 των,
2329 2037 2530 2106 μᾶλλον
2556 2037 2656 2107 μὲν
2685 2033 2778 2091 οὗν
2809 2039 2902 2092 ἐπὶ
2925 2038 2994 2091 τὰ
3031 2039 3254 2110 μείζονα
3286 2039 3520 2113 δυσχερῆ
3549 2043 3732 2097 ἐκτει-

471 2133 704 2201 partium
757 2131 920 2186 rebus
977 2129 1327 2185 sublevandis
1385 2130 1715 2197 suﬂicerent,
1781 2133 2042 2188 mitteret.

2151 2127 2396 2198 νόμενος,
2448 2130 2706 2199 οὐδεμίαν
2735 2130 3015 2198 ἀξιόλογον
3066 2131 3414 2204 συνεχώρησε
3466 2137 3734 2205 στρατιάν

477 2220 862 2277 Verumtamen
929 2221 1161 2287 delectu,
1213 2228 1274 2274 ut
1324 2235 1411 2276 res
1460 2221 1600 2288 tulit,
1639 2222 1844 2287 habito,
1889 2237 2050 2279 exer-

2149 2235 2212 2272 τε
2229 2221 2329 2272 τὸν
2352 2219 2751 2293 αὐτοκράτορα,
2770 2222 2891 2275 οὺδέ
2924 2223 3031 2292 μὴν
3051 2223 3382 2294 ἀποχρῶσαν
3403 2227 3514 2288 τοῖς
3545 2228 3731 2280 ἐκεῖσε

471 2313 668 2376 citum,
708 2325 870 2380 quem
906 2311 1102 2378 potuit,
1137 2309 1308 2373 misit,
1351 2318 1515 2380 atque
1543 2314 1707 2367 etiam
1742 2327 1905 2369 omne
1928 2325 2046 2369 stu-

2153 2311 2441 2382 πράγμασι
2485 2312 2718 2384 δύναμιν
2769 2313 2994 2367 στεῖλαι.
3045 2314 3237 2384 Ὅμως
3289 2315 3345 2369 δὲ
3387 2316 3481 2369 καὶ
3519 2317 3584 2370 ἐκ
3621 2319 3734 2370 τῶν

475 2402 621 2455 dium
654 2410 707 2456 et
745 2401 1076 2470 diligentiam
1120 2400 1393 2466 adhibuit,
1427 2417 1535 2470 quo
1568 2402 2048 2472 Longobardorum

2149 2401 2439 2471 παρόντων
2467 2418 2526 2454 τε
2553 2403 2648 2456 καὶ
2671 2403 3037 2473 ἐνδεχομένων
3063 2403 3376 2474 στράτευμα
3407 2404 3734 2476 ξυναγείρας

476 2491 641 2546 duces
677 2492 832 2545 donis
871 2491 1260 2553 demereretur,
1296 2506 1433 2560 quos
1464 2506 1656 2560 magna
1693 2494 1799 2550 illis
1829 2499 2049 2566 praemia

2149 2491 2404 2546 ἔστελλεν
2439 2495 2470 2546 6
2519 2493 2770 2563 βασιλεύς
2789 2509 2802 2523 ·
2833 2493 2930 2546 καὶ
2964 2493 3062 2564 τὴν
3089 2494 3257 2564 ἄλλην
3289 2494 3497 2547 ἐτίθετο
3526 2498 3731 2567 ἐπιμέ-

477 2579 860 2642 retribnturus.
893 2582 960 2632 ad
995 2594 1123 2634 suas
1154 2591 1335 2650 partes
1365 2583 1692 2638 traduceret.
1719 2583 1906 2655 itaque
1939 2587 2049 2656 ple-

476 2670 640 2739 rique
669 2683 735 2724 ex
795 2669 1273 2740 Longobardorum
1326 2673 1662 2743 principibus
1692 2715 1709 2743 ,
1764 2676 2048 2747 largitione

477 2761 830 2830 imperatoris
876 2772 1122 2836 accepta,
1162 2762 1228 2817 ad
1267 2761 1541 2821 Romanos
1569 2765 1903 2823 defecerunt.

547 3025 637 3080 30.
691 3024 960 3097 Bajanus,
1019 3026 1255 3083 Avarum
1303 3029 1599 3099 cbaganus,
1655 3032 1848 3086 eodem
1898 3019 2050 3088 anno

481 3114 782 3185 Targitium
815 3118 880 3171 ad
914 3119 1322 3188 imperatorem,
1358 3120 1448 3188 qui
1481 3122 1726 3188 praestari
1763 3122 1924 3177 solita
1954 3123 2048 3177 sti-

483 3207 679 3276 pendia
708 3208 968 3278 exigeret,
1009 3211 1158 3265 misit
1195 3210 1374 3281 (erant
1401 3219 1579 3265 autem
1621 3213 1896 3281 octoginta
1930 3213 2046 3267 mil-

481 3297 548 3349 lia
596 3313 960 3364 nummorum,
1010 3316 1129 3369 qua;
1176 3303 1472 3372 quotannis
1521 3303 1944 3376 pendebantur),
1999 3312 2054 3359 et

477 3390 569 3444 ubi
612 3404 734 3443 cunt
773 3389 993 3460 reliquis
1029 3393 1330 3458 mercibus,
1353 3395 1512 3462 (quas
1563 3403 1793 3461 emerat,
1827 3403 1881 3450 et
1925 3409 2049 3450 cum

475 3495 613 3535 auro
652 3481 722 3535 ad
755 3481 906 3536 illum
951 3483 1212 3546 redierat,
1264 3483 1550 3550 barbarus,
1588 3485 1734 3540 nulla
1764 3487 2053 3543 occasione

481 3581 576 3626 aut
601 3586 766 3628 causa
796 3571 1056 3640 conficta,
1079 3587 1148 3627 ne
1175 3572 1370 3629 Celsum
1402 3577 1617 3644 quidem
1642 3578 2048 3634 accusationem

480 3665 536 3716 in
561 3661 838 3718 Romanos
863 3663 1208 3730 comminisci
1245 3667 1522 3735 dignatus,
1558 3669 2050 3737 impudentissime,

475 3755 568 3824 qui
591 3756 841 3811 barbaris
871 3756 1040 3826 .127
1059 3771 1180 3813 mos
1203 3767 1312 3822 est,
1335 3758 1570 3824 foderit,
1589 3743 1858 3829 quaecum
1888 3761 2051 3816 Tibe-

479 3847 561 3900 rio
591 3847 750 3901 initio
783 3846 904 3915 ejus
940 3848 1156 3916 imperii
1183 3847 1415 3915 .fecenat,
1457 3852 1628 3919 rupit,
1652 3859 1712 3905 et
1747 3864 1872 3905 cum
1905 3851 2051 3906 omni

476 3939 718 3991 exercitu
790 3951 1016 3992 movens
1064 3939 1132 3992 ad
1201 3938 1410 3994 εονιιιιι
1441 3938 1686 3994 ﬂuvium
1747 3941 1890 3996 inter
1937 3940 2055 3996 ειν»

479 4027 650 4080 mium
705 4027 966 4096 oppidum
1018 4027 1149 4096 (hoc
1210 4041 1278 4082 ex
1320 4027 1530 4084 insidiis
1589 4043 1784 4098 capere
1821 4031 2054 4101 .cogita-i

481 4119 599 4185 bat)
650 4125 705 4171 et
736 4115 1096 4185 Singedonem
1127 4128 1306 4171 castra
1350 4119 1522 4185 ponit,
1551 4128 1618 4172 et.
1637 4118 1862 4176 ﬂuvium
1885 4134 2054 4192 ponte

477 4204 708 4275 iungere
731 4206 980 4274 suscipit.
1017 4204 1151 4260 Cum
1173 4215 1352 4262 autem
1381 4209 1616 4276 timeret,
1641 4226 1721 4266 ne.
1737 4227 1770 4266 a
1793 4211 2054 4271 Rotuanis

483 4297 847 4364 impediretur
904 4300 996 4366 qui
1055 4294 1370 4368 Singedone
1420 4299 1472 4353 in
1541 4303 1808 4370 praesidiis
1863 4316 2051 4370 erant,

487 4386 722 4440 maxime
747 4386 892 4456 quod
945 4387 1173 4442 multum
1202 4404 1360 4466 usum
1407 4400 1464 4445 et
1507 4393 1795 4449 scientiam
1827 4399 2046 4452 navium

483 4475 726 4532 ﬂuminis
748 4477 1042 4546 habebant,
1055 4468 1337 4534 consilium
1357 4497 1538 4549 suum,
1559 4493 1846 4555 antequam
1864 4488 1919 4542 in
1938 4489 2053 4543 vulé

478 4582 580 4634 gus
620 4568 1007 4635 innotesceret,
1048 4579 1428 4638 exsecuturus,
1460 4576 1626 4630 multa
1665 4579 1905 4633 vectoria
1933 4594 2051 4650 gra-

482 4659 678 4726 visque
711 4660 928 4727 navigia
957 4661 1010 4714 in
1043 4659 1182 4718 Istro
1218 4679 1314 4734 per
1343 4666 1683 4735 superiorem
1709 4668 2047 4726 Pannoniam

479 4749 680 4818 coegit,
713 4763 781 4802 ex
808 4750 1029 4818 quibus,
1065 4766 1418 4824 quaecumque
1443 4757 1688 4812 nancisci
1717 4761 1912 4826 potuit,
1943 4775 2047 4816 non

479 4842 698 4911 quidem
733 4843 800 4898 ad
839 4846 972 4900 artis
1003 4849 1222 4901 navium
1264 4849 1704 4904 adiﬁcandarum
1759 4853 2046 4918 rationem,

483 4945 666 4988 tamen
706 4949 872 4991 naves
917 4951 980 4991 ea
1027 4941 1419 5009 magnitudine,
1461 4949 1524 4997 ut
1564 4944 1634 4998 ad
1684 4944 1882 5000 bellum
1910 4957 2048 5016 apte

473 5035 685 5093 essent,
724 5028 1013 5093 exstruxit,
1045 5040 1100 5085 et
1140 5046 1234 5086 eas
1265 5033 1580 5090 hominibus
1619 5039 1843 5094 armatis
1876 5050 1931 5095 et
1965 5057 2049 5096 re-

483 5119 718 5190 migibus
748 5121 1025 5185 instruxit,
1065 5125 1158 5192 qui
1191 5124 1480 5180 barbarum
1530 5128 1585 5181 in
1621 5142 1827 5184 morem
1869 5133 2052 5188 incon-

481 5209 612 5264 ditis
659 5210 858 5266 ictibus
893 5225 1088 5280 aquam
1132 5215 1514 5272 verberabant.
1545 5219 1620 5272 Ita
1672 5221 1830 5275 simul
1880 5224 2053 5281 classe

489 5317 686 5372 niagno
707 5314 853 5359 motu
875 5303 1098 5360 aututino
1125 5306 1368 5374 derecta,
1389 5325 1511 5365 cum
1541 5313 1794 5368 omnibus
1815 5314 2052 5372 Avarum

2151 2584 2301 2638 λειάν
2329 2601 2391 2638 τε
2425 2585 2521 2638 καὶ
2556 2586 2794 2656 σπουδὴν
2815 2624 2830 2650 ,
2862 2586 2916 2638 εί
2943 2575 3062 2648 πώς
3101 2603 3252 2652 τινας
3276 2587 3386 2640 τῶν
3411 2589 3734 2657 ἡγουμένων

2151 2673 2248 2728 τοῦ
2282 2675 2672 2746 Λογγιωρδων
2702 2675 2889 2740 ἐθνους
2913 2675 3236 2748 δεξιώσηται
3269 2677 3462 2749 δώροις
3499 2680 3734 2732 ὑποπεί-

2153 2765 2261 2818 θων
2291 2765 2384 2819 καὶ
2416 2766 2677 2836 μεγίστας
2705 2765 3177 2836 ἐπαγγελλόμενος
3203 2767 3457 2836 χάριτας.
3493 2768 3634 2838 Ἤδη
3663 2785 3727 2820 τε

2153 2857 2396 2910 πλεῖστοι
2443 2857 2554 2910 τῶν
2616 2857 2858 2911 δυνατῶν
2894 2858 3233 2929 μετετίθεντο
3261 2859 3342 2922 ὡς.
3379 2860 3689 2928 Ῥωμαίους
3715 2901 3732 2922 ,

2075 2942 2126 3024 ρ’
2151 2949 2250 3020 τὴν
2297 2951 2362 3001 ἐκ
2410 2946 2506 3002 τοῦ
2537 2949 2938 3020 αὐτοκράτορος
2965 2949 3241 3018 ὠφέλειαν⁴
3276 2950 3725 3022 προσδεχόμενοι.

2223 3040 2286 3094 λ’.
2321 3041 2445 3093 Ὅτι
2475 3039 2702 3104 Βαῖανδς
2742 3041 2894 3094 ὁτῶν
2930 3041 3236 3112 ’Λϐάρων⁶¹
3271 3041 3533 3111 χαγάνος,
3573 3041 3734 3095 οὐδε-

2155 3132 2285 3201 μιᾶς
2340 3132 2598 3203 ἀφορμῆς
2639 3131 2673 3202 ἢ
2721 3132 2974 3202 σκήψεως
3026 3131 3346 3202 λαδόμενος,
3398 3133 3518 3186 οὒδέ
3554 3133 3730 3204 ψευδῆ

2152 3223 2285 3290 γοῦν
2315 3223 2454 3276 κατὰ
2481 3223 2770 3293 Ῥωμαίων
2799 3224 2980 3278 αἰτίαν
3009 3222 3245 3288 ἀξιώσας
3281 3225 3400 3278 τινὰ
3431 3226 3729 3290 συνθεῖναι,

2151 3313 2288 3366 ἀλλὰ
2316 3313 2425 3384 γὰρ
2471 3314 2566 3368 καὶ
2611 3315 2754 3368 κατὰ
2783 3316 2902 3369 τόδε
2933 3317 3136 3385 ὁμοίως
3164 3317 3226 3370 τὸ
3270 3316 3391 3381 ἐτος
3435 3319 3732 3388 Ταργίτιον

2153 3409 2291 3474 πρὸς
2321 3403 2548 3474 βασιλέα
2576 3406 2813 3472 στείλας,
2836 3406 2912 3470 ὡς
2940 3407 3009 3459 τὰ
3047 3409 3410 3479 συνταχθέντα
3441 3411 3734 3480 κομίσαιτο

2151 3491 2262 3544 τῶν
2300 3493 2603 3562 χρημάτων
2654 3494 3004 3566 (ὀγδοήκοντα
3029 3497 3092 3549 δέ
3118 3497 3354 3566 χιλιάδες
3377 3499 3626 3570 ὑπῆρχον
3651 3503 3734 3564 εἰς

2153 3583 2274 3648 ἐτος
2323 3585 2558 3640 ἐκαστον
2606 3588 3009 3658 νομισμάτων),
3060 3589 3249 3660 ἐπειδὴ
3293 3591 3384 3645 τόν
3442 3607 3503 3644 τε
3567 3591 3730 3646 ἄλλον

2155 3666 2374 3748 φόρτον,
2430 3677 2718 3733 ὃνέκτῶν
2751 3680 3050 3751 χρημάτων
3083 3682 3497 3753 ἐνεπορεύσατο,
3538 3683 3632 3736 καὶ
3669 3683 3733 3736 τὸ

2153 3767 2378 3838 χρυσίον
2404 3767 2542 3838 ἔχων
2568 3770 2842 3840 ἐπανῆκεν
2871 3771 2947 3835 ώς
2975 3772 3158 3836 αὐτὸν,
3193 3774 3401 3836 ἐκεῖνος
3425 3775 3731 3844 ’ἀναισχυν-

2153 3861 2351 3917 τότατα
2377 3864 2472 3916 καὶ
2504 3847 2908 3935 βαρϐαρώτατα
2931 3862 3089 3936 ἄφνω
3115 3868 3438 3938 παραλύσας
3467 3867 3569 3932 τὰς
3600 3886 3732 3923 συν-

2154 3951 2350 4020 θήκας,
2396 3952 2464 4016 ἃς
2505 3954 2642 4023 πρὸς
2689 3955 2939 4025 Τιόἐριον
2986 3957 3089 4027 τῆς
3139 3957 3733 4030 Καίσαροςέπιϐάντα

2153 4042 2324 4112 τύχης
2349 4044 2510 4124 εὐθὺς
2553 4045 2613 4098 ἐν
2633 4047 2841 4116 ἀρχαῖς
2890 4048 3203 4116 ἐποιήσατο,
3244 4053 3337 4103 καὶ
3386 4053 3732 4124 πανστρατιᾷ

2154 4123 2405 4203 κινήσας,
2441 4135 2766 4212 ’ἀφικνεῖται
2823 4138 2965 4191 κατὰ
3017 4140 3081 4210 δὴ
3134 4139 3226 4193 τὸν
3279 4136 3416 4195 Σάον
3459 4123 3732 4213 ποταμὸν,

2158 4224 2364 4294 μεταξὺ
2396 4225 2624 4297 Σιρμίου
2647 4227 2863 4292 πόλεως
2896 4230 2990 4283 καὶ
3019 4230 3366 4302 Σιγγηδόνος.
3416 4234 3527 4286 Καὶ
3557 4249 3730 4304 γεφυ-

2081 4306 2129 4362 D
2156 4315 2286 4385 ροῦν
2328 4317 2603 4396 ἐπεχείρει
2636 4317 2728 4372 τδν
2762 4317 2913 4388 ῥοῦν,
2948 4321 3317 4376 ἐπιϐουλεύων
3371 4323 3472 4394 μὲν
3520 4324 3733 4395 Σιρμίῳ

2155 4410 2221 4477 τῇ
2255 4408 2405 4461 πόλει
2465 4410 2559 4462 καὶ
2607 4409 3066 4481 παραστήσασθαι
3104 4413 3310 4484 ταύτην
3362 4413 3728 4486 βουλόμενος·

2157 4498 2344 4563 δείσας
2373 4499 2450 4564 δέ,
2484 4499 2560 4568 μὴ
2594 4500 2954 4573 διακωλυθείη
2984 4503 3122 4574 πρὸς
3149 4505 3258 4560 τῶν
3296 4504 3585 4576 Ῥωμαίων
3619 4508 3732 4561 τῶν

2157 4589 2630 4657 ἐπιφυλαττόντων
2673 4593 2730 4644 ἐν
2779 4594 3132 4663 Σιγγηδόνι⁶’
3152 4596 3266 4664 ᾗκαὶ
3293 4597 3392 4668 τὴν
3432 4598 3495 4651 ἐκ
3526 4598 3730 4652 πολλοῦ

2155 4679 2251 4733 τοῦ
2301 4682 2494 4752 χρόνου
2543 4683 2744 4754 πεῖράν
2775 4703 2835 4738 τε
2870 4689 2966 4740 καὶ
3013 4690 3324 4760 ἐπιστήμην
3353 4690 3412 4741 ἐν
3459 4692 3581 4754 ταῖς
3632 4691 3729 4742 τοῦ

2155 4773 2408 4844 ποταμοῦ
2456 4778 2650 4830 ναυσὶν
2695 4773 3088 4848 ὑπειδόμενος,
3133 4779 3458 4850 βουλόμενός
3509 4799 3568 4834 τε
3625 4781 3734 4851 πρδ

2155 4864 2314 4918 1:06“
2339 4867 2438 4936 τὴν
2461 4865 2672 4937 ’βουλὴν
2709 4870 2767 4932 ἐς
2797 4870 2858 4922 τὸ
2902 4871 3135 4941 φανερὸν
3169 4873 3423 4927 ἐκπεσεῖν
3443 4873 3503 4926 τὸ
3545 4875 3698 4943 ἐγχεί
3722 4903 3733 4909 -

2158 4973 2314 5027 ρημα
2333 4957 2725 5024 τελεώσασθαι,
2765 4960 2926 5014 πλοῖα
2957 4964 3288 5032 συναγείρας
3321 4965 3464 5017 κατὰ
3492 4964 3593 5033 τὴν
3619 4965 3732 5017 ἄνω

2157 5048 2470 5103 Παννωνίαν
2501 5051 2580 5114 είς
2606 5051 2697 5105 τὸν
2717 5053 2932 5124 Ἴστρον
2959 5055 3130 5107 πολλὰ
3155 5055 3347 5126 βαρέα,
3380 5055 3474 5108 καὶ
3499 5056 3561 5107 οὗ
3589 5054 3735 5107 κατά

2158 5138 2316 5207 λόγον
2341 5141 2439 5210 τῆς
2465 5143 2817 5213 ναυπηγικῆς
2843 5144 3058 5214 τέχνης,
3088 5146 3242 5214 ὅμως
3270 5147 3334 5198 ἐκ
3360 5145 3470 5198 τῶν
3502 5143 3732 5198 ἐνόντων

2162 5231 2380 5300 μακρὰς
2447 5234 2940 5306 συμπηξάμενος⁶⁸
2989 5237 3381 5306 στρατιώτιδας
3433 5237 3583 5304 ναῦς,
3636 5236 3733 5290 καί¹

2159 5320 2390 5384 πολλοὺς
2422 5325 2481 5377 ἐν
2509 5317 2702 5390 αὑταῖς
2729 5327 3056 5392 ἐπιϐιϐάσας
3081 5328 3305 5393 ὁπλίτας
3332 5327 3524 5398 ἐρέτας
3551 5346 3635 5391 τε,
3665 5328 3728 5380 οὐ

1788 5471 2020 5529 νΑΒΙᾸιἸ
2066 5473 2472 5537 LECTIONES.

557 5591 602 5686 ζ’
630 5591 686 5644 δέ
719 5608 827 5686 σπι.
871 5595 1016 5681 vnlg.
1046 5597 1137 5686 ’,σς
1168 5597 1271 5686 ὑτεξ
1296 5599 1359 5653 Ν.
1437 5602 1478 5633 ⁸⁸
1505 5603 2168 5686 ξᾼΰάρωνλιηβΛράόων
2197 5617 2345 5686 vulg.

485 5664 622 5732 πρὸς
671 5665 839 5736 vulg,
886 5664 1015 5737 πρῗν
1046 5667 1162 5724 Val.
1230 5669 1274 5701 “
1308 5664 1731 5744 συμπηξὰμενος
1766 5664 2179 5753 “adnuntiata.
2208 5664 2359 5757 ἷνῖλῖξέ.

2423 5618 2467 5652 ⁸³
2490 5619 2794 5691 Σιγγηδῶνι
2818 5625 3022 5693 passim
3086 5626 3226 5698 vulg.
3307 5628 3352 5660 “
3377 5627 3482 5698 πρὸ
3518 5625 3612 5680 τοῦ
3634 5624 3726 5696 Ν.,
