4076 6434
488 327 599 389 8ἱ3

1370 295 1763 387 EXCERPTA
1807 326 1910 384 EX
1944 321 2367 383 MENANDBO
2404 321 2898 383 PROTECTORE

3643 320 3752 384 διε

493 462 591 502 eos
612 444 1005 513 submergerct.
1030 442 1154 498 llaec
1178 444 1264 497 ubi
1304 435 1530 498 unrb'are
1553 443 1841 512 Cliaganus
1868 440 2068 497 emisit:

2180 456 2311 503 κους
2361 437 2492 508 γοῦν
2555 438 2719 493 αὐτὸν
2772 438 3001 509 ὀμνύναι
3058 437 3477 508 προεκαλοῦντο.
3532 439 3641 491 Καὶ
3692 440 3754 503 ὃς

495 558 512 589 ι
546 537 696 592 Nunc
712 550 830 605 ego,
852 535 1445 604 inquit,jusjuratnlum
1482 534 1851 587 Romanorum
1881 532 2068 603 jurare

490 627 813 683 volo.»Tum
851 627 1097 697 quresivit
1129 642 1191 682 ex
1221 627 1372 694 ipsis,
1393 625 1519 695 quid
1551 632 1719 690 esset,
1750 625 1895 694 quod
1937 640 2064 679 san-

498 733 642 774 t‘llllll
668 730 722 776 et
752 720 1063 787 religiosum
1099 719 1377 782 ducerent,
1407 734 1503 787 per
1534 719 1672 786 quod
1711 717 1979 787 jurantcs,
2024 716 2068 771 si

506 815 770 874 fallerent,
824 812 915 865 Dei
960 812 1097 864 iram
1147 810 1373 864 minime
1420 809 1723 864 evitaturos
1756 810 2068 864 crederent.

494 905 629 958 Tum
680 904 768 972 qui
817 902 867 956 in
918 900 1224 970 Singedone
1275 901 1409 956 urbe
1460 916 1725 955 summam
1789 916 2067 955 sacrorum

498 1005 816 1063 potestatem
852 995 1104 1060 habebat,
1137 993 1322 1048 statim
1356 1002 1543 1049 sancta
1566 993 1736 1050 Biblia
1767 1008 1863 1063 per
1896 994 2068 1047 inte:-

496 1088 712 1144 nnntios
744 1085 881 1141 tradi
914 1085 1103 1155 jussit.
1154 1085 1221 1139 Et
1268 1084 1358 1139 ille
1401 1085 1619 1155 quidem
1667 1085 1949 1140 occultans
1983 1101 2067 1146 ea,

489 1195 611 1251 qua:
633 1187 815 1234 mente
841 1177 1108 1240 volvebat,
1141 1177 1312 1231 multo
1353 1192 1475 1232 eum
1526 1187 1759 1231 tremore
1794 1186 1849 1232 et
1880 1191 2072 1244 magia

488 1288 614 1327 cum
648 1269 949 1324 reverentia
978 1284 1038 1323 se
1067 1284 1130 1325 ea
1176 1271 1458 1339 suscipere
1504 1269 1791 1333 simulans,
1826 1269 2072 1337 proci-dit

495 1381 526 1421 e
558 1362 843 1429 cathedra,
880 1369 934 1417 et
978 1362 1143 1417 alacri
1180 1363 1364 1417 animo
1412 1362 1465 1415 in
1510 1376 1683 1431 genua
1735 1359 2068 1428 provolutus,

488 1459 695 1528 juravit
730 1473 824 1527 per
876 1457 1069 1520 Deum,
1116 1457 1209 1526 qui
1242 1470 1525 1510 sacrorum
1562 1453 1852 1507 Librorum
1907 1451 2070 1504 verba

484 1550 780 1617 emisisset,
811 1565 869 1604 se
909 1550 964 1602 in
994 1548 1141 1602 nullo
1167 1563 1375 1612 eorum,
1410 1562 1529 1615 quae
1557 1546 1810 1607 dixisset,
1845 1542 2070 1597 mentiri

484 1653 545 1697 et
568 1642 779 1697 fallere.
816 1640 1006 1709 Itaque
1031 1639 1232 1694 Sethus
1262 1639 1483 1693 admisit
1511 1639 1713 1707 legatos
1746 1638 1813 1691 ab
1845 1650 1911 1691 eo
1941 1636 2074 1689 mis-

490 1750 602 1798 sos,
638 1742 694 1789 ct
721 1733 786 1789 ad
820 1732 1198 1801 imperatorem
1235 1726 1510 1784 Tiberium
1543 1731 1594 1783 itt
1644 1730 1850 1799 regiam
1883 1728 2069 1781 urbem

2175 531 2490 603 παραυτίκα
2522 529 2647 594 τούς
2676 548 2735 584 τε
2754 529 3080 600 Ἀϐαρικοῦς
3109 528 3324 600 ὤμνυεν
3348 530 3565 601 ὅρκους,
3598 531 3754 599 ξίφος

2148 626 2535 694 ,σπασάμενος
2580 624 2675 679 καὶ
2735 624 3157 693 ἐπαρασάμενος
3211 623 3391 694 ἐαυτῷ
3441 640 3499 675 τε
3546 624 3639 677 καὶ
3674 624 3756 694 τῷ

2187 717 2436 789 Ἀϐάρων
2483 716 2625 770 ἔθνει
2670 716 2854 779 παντὶ,
2903 716 2977 778 ὡς
2999 717 3079 779 ⁸η,
3109 716 3157 768 εί
3193 715 3333 768 κατὰ
3376 714 3664 785 Ῥωμαίων
3701 733 3755 769 τι

2179 808 2575 881 μηχανώμενος
2603 807 2876 877 γεφυροῦν
2925 807 3231 876 βουλεύοιτο
3264 808 3353 859 τὸν
3381 808 3538 871 Σάον,
3582 809 3689 862 ὑπὸ
3708 809 3759 843 ⁷³

2174 902 2363 972 ξίφους
2415 902 2511 971 μὲν
2545 901 2710 963 αὐτὸς
2738 917 2797 952 τε
2841 898 2935 953 καὶ
2970 899 3031 951 τὸ
3064 899 3312 970 ’Λϐάρων
3358 901 3506 953 ἅπαν
3543 901 3755 954 ἀναλω-

2176 993 2294 1064 θείη
2351 990 2537 1063 φῦλον,
2583 991 2674 1044 τὸν
2716 991 2773 1045 δέ
2807 990 3035 1061 οὐρανὸν
3079 990 3284 1043 ἀνωθεν
3326 992 3506 1054 αὐτοῖς
3542 995 3634 1044 καὶ
3663 992 3759 1045 τὸν

2176 1087 2265 1138 ἐπὶ
2324 1084 2416 1136 τοῦ
2468 1082 2697 1154 οὐρανοῦ
2763 1082 2896 1136 Θεὸν
2956 1081 3067 1153 πῦρ
3146 1084 3473 1153 ἐπαφήσειν,
3539 1083 3633 1136 καὶ
3691 1084 3762 1137 τὰ

2176 1176 2334 1244 ’πέριξ
2366 1176 2464 1244 ὅρη
2498 1174 2715 1237 καὶτὰς
2758 1174 2890 1236 ὔλας
2922 1173 3169 1236 αῦτοῖς;’¹⁵
3209 1174 3613 1237 ἐπιπεσεῖσθαι,
3657 1175 3759 1227 καὶ

2173 1269 2264 1320 τ’,ν
2311 1267 2445 1320 Σάον
2500 1265 2741 1335 ποταμὸν
2777 1263 3200 1334 ὑπερϐλύσαντα
3252 1264 3620 1332 συγκαλύψειν
3658 1265 3762 1318 αὐ-

2174 1360 2320 1424 τούς.
2361 1359 2600 1413 Τοιαῦτα
2638 1356 2990 1429 βαρϐαρικῶς
3050 1358 3474 1427 ἀπομοσάμενος
3508 1359 3536 1410 ὀ
3570 1358 3758 1431 Χαγά-

2175 1465 2293 1512 νος·
2369 1469 2386 1501 ι
2434 1448 2550 1501 Νῦν
2583 1490 2597 1514 ,
2656 1448 2803 1518 ἔφη,
2861 1448 2956 1500 καὶ
3011 1449 3134 1510 τοὺς
3202 1446 3507 1518 Ῥωμαίους
3556 1448 3758 1518 ὅρκους

2175 1542 2408 1612 ὀμνύναι
2451 1539 2736 1611 βούλομαι.
2773 1530 2793 1591 i
2838 1539 2948 1592 Καὶ
2980 1540 3097 1611 ἅμα
3133 1540 3254 1610 ᾔτει
3294 1540 3428 1611 παρ’
3455 1539 3654 1603 αὐτῶν,
3697 1542 3758 1593 τί

2175 1634 2239 1706 δὴ
2275 1634 2466 1687 πιστόν
2526 1650 2585 1685 τε
2640 1631 2733 1685 καὶ
2769 1630 3068 1701 σεϐάσμιον
3125 1629 3269 1701 ἔχειν
3301 1632 3597 1701 νομίζοιεν,
3629 1631 3757 1685 καθ’

2177 1720 2237 1779 οἶι
2268 1727 2452 1789 τοὺςτ³
2486 1724 2758 1793 ὀμνύντας
2803 1723 2904 1793 τὴν
2955 1723 3047 1774 τοῦ
3094 1721 3228 1775 Θεοῦ
3262 1722 3445 1792 μῆνιν,
3477 1722 3542 1793 ἦν
3559 1724 3605 1755 ’⁷⁸
3643 1727 3762 1777 ἐπιο

491 1826 821 1881 transntisit.
856 1823 988 1877 Dum
1022 1823 1182 1892 legati
1217 1822 1319 1875 iter
1362 1832 1649 1893 peragunt,
1694 1829 1748 1873 et
1780 1820 2068 1894 imperator

2175 1817 2412 1887 ορκοῖεν,
2465 1817 2565 1868 οὐκ
2617 1813 3002 1882 ἐκφεύξεσθαι.
3052 1813 3403 1885 Παραχρῆμα
3446 1813 3538 1867 οὖν
3578 1815 3607 1867 ὀ
3652 1816 3758 1885 τῆς

490 1933 585 1973 eos
616 1916 910 1971 admittere
962 1921 1135 1985 parat,
1178 1911 1474 1983 Cltaganus
1527 1912 1733 1965 interea
1770 1925 1905 1977 opus
1964 1924 2067 1962 non

496 2005 660 2077 129
681 2003 995 2069 intermisit,
1021 2002 1117 2057 sed
1140 2002 1288 2055 omni
1315 2015 1468 2063 cura,
1490 2001 1669 2053 studio
1696 2008 1750 2052 et
1770 1998 2072 2066 diligentia,

492 2112 605 2155 toto
627 2098 865 2154 Avarum
894 2094 1139 2150 exercitu
1170 2094 1222 2146 in
1253 2108 1371 2146 eam
1397 2106 1509 2145 rem
1546 2091 1914 2154 incumbente,
1937 2104 2075 2158 pon-

2178 1908 2506 1977 Σιγγηδόνος
2555 1906 2764 1971 πόλεως
2814 1907 2913 1976 τὴν
2956 1907 3368 1977 ἀρχιερωσύνην
3416 1905 3616 1960 διέπων
3655 1911 3758 1973 τὰς

2172 2000 2472 2061 θεσπεσίας
2500 1998 2724 2065 Βίϐλους
2744 1999 2892 2069 αὐτῷ
2921 1999 3007 2052 διὰ
3037 1999 3147 2052 τῶν
3181 2001 3238 2051 ἐν
3277 2000 3426 2070 μέσῳ
3454 1999 3552 2063 τάς
3588 2002 3760 2069 ἀγγε-

2173 2090 2291 2153 λίας
2322 2090 2753 2161 διακομιςόντων
2782 2091 3078 2161 ἐνεχείρισε
3094 2092 3163 2145 ’⁷.
3185 2091 3293 2143 Καὶ
3314 2090 3393 2155 ὃς,
3413 2091 3528 2144 δολε
3539 2091 3763 2162 ρώτατά

492 2204 599 2246 tem
635 2204 798 2259 super
849 2185 956 2242 Sao
1000 2184 1223 2240 ﬂumine
1273 2182 1524 2238 absolvit.
1562 2180 1775 2235 Etenim
1808 2181 2068 2250 perlicere

2176 2200 2294 2246 πως
2330 2183 2778 2255 ἐπικρυψάμενος
2825 2183 2916 2236 τὸν
2950 2181 3097 2249 νοῦν,
3146 2182 3427 2236 ἀνίσταταί
3460 2200 3517 2236 τε
3563 2185 3627 2237 ἐκ
3660 2184 3763 2253 τῆς

489 2298 625 2353 opus
662 2289 954 2346 statuerat,
1012 2286 1303 2345 antequam
1354 2290 1417 2330 ea
1481 2290 1566 2329 res
1626 2274 1692 2328 ad
1730 2274 2068 2343 imperatoris

2175 2274 2466 2346 καθέδρας,
2504 2278 2599 2330 καὶ
2622 2276 2722 2328 σὺν
2740 2276 2890 2346 φόϐῳ
2928 2276 3090 2345 δῆθεν
3120 2274 3298 2346 πολλῷ
3328 2276 3420 2328 καὶ
3449 2275 3761 2344 σεϐάσματι

487 2373 847 2444 cognitionem
884 2370 1114 2434 veniret,
1143 2383 1233 2434 ne,
1262 2367 1306 2420 si
1357 2367 1607 2431 resciret,
1654 2364 2068 2420 aediﬁcationem

2179 2367 2355 2421 ταῦτα
2382 2369 2894 2438 προσποιησάμενος
2931 2368 3332 2437 δέχεσθαι,,καὶ
3367 2370 3760 2439 προσκυνήσας

487 2466 799 2521 disturbare
829 2468 1084 2518 tentaret.
2180 2459 2571 2530 προθυμότατα
2589 2461 2655 2526 ⁷⁸,
2709 2460 2964 2530 δμνυσιτθ
3017 2463 3155 2513 κατά
3189 2461 3282 2513 τοῦ
3327 2460 3656 2531 λαλήσαντος
3691 2460 3762 2512 τὰ

485 2565 547 2618 ἐν
575 2564 695 2624 ταῖς
727 2559 911 2629 ἁγίαις
938 2557 1236 2627 Διφθέραις
1265 2556 1493 2625 ῥήματα
1552 2553 1710 2614 Θεοῦ,
1741 2553 1910 2622 μηδὲν
1936 2554 2045 2606 τῶν
2079 2554 2126 2587 ⁸⁸
2168 2555 2477 2626 εἰρημένων
2514 2556 2645 2628 παρ’
2694 2554 2861 2609 αὑτοῦ
2905 2554 3315 2621 διαψεύσεσθαι.
3359 2555 3586 2624 Δέχεται
3642 2571 3761 2606 τοι·

489 2655 746 2728 γαροῦνὸ
781 2652 951 2723 Σῆθος
979 2653 1105 2713 τοὺς
1138 2651 1268 2722 παρ’
1300 2649 1464 2704 αὐτοῦ
1497 2651 1780 2722 πρέσϐεις.
1840 2651 1934 2704 καὶ
2001 2651 2323 2704 ἀποστέλλει
2371 2652 2451 2715 είς
2500 2652 2598 2722 τὴν
2649 2650 2898 2721 βασιλίδα
2966 2649 3205 2719 Τιϐερίῳ
3260 2648 3338 2721 τῷ
3367 2650 3757 2721 αὐτοκράτορι.

487 2748 634 2811 Ἕως
664 2745 722 2799 δέ
750 2744 884 2798 οἵτε
926 2741 1184 2815 πρέσϐεις
1235 2741 1334 2812 τὴν
1368 2743 1446 2804 εἰς
1473 2741 1629 2812 silv“
1666 2742 2058 2811 βασιλεύουσιν
2136 2742 2294 2794 πόλιν
2351 2743 2471 2796 ὀδὶν
2522 2742 2740 2813 διήνυον
2794 2742 2861 2803 ⁸³,
2933 2741 3026 2794 καὶ
3075 2743 3102 2794 ὀ
3157 2741 3519 2814 αὐτοκράτωρ
3561 2740 3761 2812 ἔμελλε

485 2839 659 2898 ταῦτα
688 2834 1041 2899 ἀκούσεσθαι,
1066 2835 1095 2886 ὁ
1121 2834 1370 2900 Χαγάνος
1395 2833 1453 2884 ὲν
1501 2834 1650 2903 μέσῳ
1675 2833 2042 2905 διαμελλήσας
2081 2833 2255 2895 οὐδὲν,
2306 2834 2456 2906 πάσῃ
2516 2833 2719 2904 σπουδῇ
2754 2833 2847 2886 καὶ
2875 2832 3218 2904 πολυχειρίᾳ,
3254 2833 3549 2903 συμπάσης
3607 2833 3760 2904 αῦτῷ

486 2937 585 3005 τῆς
624 2931 872 3003 ’Λϐάρων
898 2972 911 2995 ,
948 2928 1023 2992 ὡς
1075 2929 1282 2991 εἰπεῖν,
1337 2928 1593 2998 στρατιᾶς
1646 2926 2069 2997 συμπονούσης,¹
2099 2926 2375 2997 ἐγεφύρου
2406 2927 2495 2981 τὸν
2535 2927 2802 2998 ποταμὸν,
2840 2926 3014 2979 θεῖναι
3069 2923 3116 2958 ⁸³
3148 2925 3471 2996 βουλόμενος
3540 2927 3672 2999 πρὶν
3713 2930 3747 2999 ἥ

488 3030 519 3080 ὀ
552 3025 910 3096 αὐτοκράτωρ
960 3019 1127 3075 αὐτοῦ
1173 3022 1471 3091 συννοήσας
1527 3021 1587 3073 τὸ
1629 3021 1901 3091 βούλευμα
1935 3020 2260 3075 διακωλύειν
2320 3021 2483 3074 αὐτον
2517 3025 2580 3075 ἐκ
2611 3022 2719 3075 τῶν
2751 3022 2981 3076 ἐνόντων
3012 3022 3375 3092 ἐπιχειρήσω.

564 3119 654 3174 5|.
694 3116 881 3186 Itaque
912 3115 1137 3185 profecti
1179 3113 1416 3167 Avarum
1457 3114 1612 3184 legati
1645 3113 1697 3166 in
1738 3115 1938 3184 regiam
1979 3129 2068 3167 ur-

2247 3109 2347 3166 ).a'.
2383 3112 2506 3166 Ὅτι
2540 3113 2892 3181 ἀφικομένων
2915 3111 3023 3163 τῶν
3053 3112 3334 3181 πρέσϐεων
3365 3110 3474 3165 τῶν
3504 3111 3757 3181 Ἀϐάρων

497 3215 650 3275 item,
674 3208 742 3265 ab
766 3208 1094 3278 imperatore
1125 3205 1416 3276 petierunt,
1449 3215 1507 3259 ut
1545 3219 1708 3260 naves
1741 3214 2072 3273 praepararet

492 3303 750 3372 (.‘ltagano
770 3309 824 3356 et
851 3300 1087 3353 Avarum
1122 3298 1410 3361 exercitui,
1442 3297 1641 3365 quibus
1672 3296 1812 3351 lslro
1843 3298 2073 3364 trajeeto

496 3412 547 3447 tu
579 3391 867 3447 Sclavinos
902 3401 1207 3444 moverent.
1231 3388 1443 3442 Etenim
1467 3386 1784 3458 Cltaganum
1816 3387 2070 3441 ﬁdentem

492 3481 753 3549 amicitia,
785 3494 907 3548 qua:
952 3478 1028 3532 illi
1082 3494 1203 3533 cum
1237 3478 1496 3532 Romanis
1532 3488 1673 3543 erat,
1699 3476 1812 3543 jam
1850 3486 2068 3546 pontem

492 3584 705 3629 struere
761 3587 922 3640 super
956 3570 1063 3627 Sao
1099 3570 1319 3624 ﬂumine
1367 3570 1812 3640 propositumque
1846 3571 2068 3637 habere,

490 3679 809 3721 tomntuues
830 3679 957 3719 suos
982 3663 1173 3719 hostes
1203 3674 1259 3718 et
1292 3662 1660 3717 Romanorum
1694 3672 1983 3719 conterere
2015 3672 2072 3718 et

492 3757 846 3814 labefactare.
873 3756 998 3811 Haac
1024 3757 1218 3827 legatis
1248 3755 1645 3822 nuntiantibus,
1671 3756 1854 3811 statim
1882 3765 2071 3827 aperte

491 3852 789 3922 imperator
835 3848 1089 3919 cognovit
1118 3858 1373 3902 conatum
1426 3856 1483 3903 et
1538 3858 1771 3902 mentem
1805 3846 2066 3919 Cltagani.

488 3945 623 3999 Cum
654 3942 798 3997 enim
852 3940 1051 4011 oppido
1112 3939 1317 3995 Sirmio
1372 3941 1533 4010 potiri
1574 3950 1815 4012 cuperet,
1851 3952 2067 4009 pontem

492 4031 721 4094 iecerat,
742 4036 800 4083 ut
818 4029 1000 4098 oppidi
1033 4029 1239 4084 incolas
1259 4029 1500 4089 omnium
1546 4044 1727 4087 rerum
1759 4040 2068 4087 commeatu

491 4119 874 4176 intercluderet
911 4126 966 4173 et
997 4117 1141 4174 fame
1194 4119 1260 4173 ad
1312 4119 1641 4176 deditionem
1695 4123 2067 4192 compelleret.

494 4213 624 4266 Nam
654 4226 776 4266 eum
816 4208 1111 4279 imperator
1169 4209 1395 4266 minime
1448 4212 1569 4282 paci
1614 4228 1737 4269 cum
1799 4214 2069 4270 Avaribus

491 4303 809 4375 composita:
833 4301 1121 4369 diuideret,
1155 4302 1211 4358 in
1244 4303 1436 4358 urbem
1464 4284 1804 4361 commeatus
1832 4305 1899 4361 ad
1920 4306 2067 4362 obsi-

2176 3207 2259 3268 είς
2289 3205 2386 3277 τὴν
2417 3205 2691 3276 βασιλίδα,
2745 3204 2842 3259 καὶ
2896 3204 3189 3258 αἰτούντων
3252 3204 3343 3257 τὸν
3377 3203 3761 3275 αὐτοκράτορα

2181 3297 2604 3369 παρασκευάσαι
2626 3292 2722 3359 τάς
2753 3295 2885 3359 ναῦς
2911 3295 2989 3366 τῷ
3020 3296 3260 3364 Χαγάνῳ
3303 3295 3395 3348 καὶ
3424 3296 3489 3367 τῇ
3522 3297 3761 3366 στρατιᾷ

2174 3389 2284 3444 τῶν
2347 3389 2598 3458 Ἀϐάρων
2659 3389 2717 3447 ἐς
2766 3387 2860 3440 τὸν
2912 3389 3125 3456 Ἴστρον
3189 3386 3556 3457 διαϐησομένη
3613 3387 3761 3441 κατὰ

2175 3482 2504 3552 Σκλαϐηνῶν
2558 3479 2889 3553 (θαρροῦντα
2933 3479 3040 3549 γὰρ
3088 3478 3188 3550 ήδη
3245 3480 3335 3532 τον
3382 3480 3631 3545 Χαγάνσν
3698 3481 3758 3542 ἐς

2171 3575 2272 3647 τὴν
2303 3574 2487 3643 φιλίαν
2522 3572 2620 3643 τὴν
2662 3572 2828 3626 αὑτοῦ
2860 3555 2959 3640 τήν
2992 3570 3238 3640 γέφυράν
3291 3587 3351 3623 τε
3384 3571 3442 3635 ἐς
3479 3569 3569 3623 τὸν
3615 3570 3759 3624 Σάον

2173 3665 2510 3738 ἐργάζεσθαι
2561 3665 2827 3735 ποταμὸν,
2889 3665 2984 3718 καὶ
3036 3662 3326 3734 βούλεσθαι
3366 3664 3491 3726 τοὺς
3535 3661 3757 3727 κοινοὺς

2173 3758 2407 3830 ἐχθροὺς
2436 3755 2603 3814 αὑτοῦ
2635 3773 2696 3810 τε
2732 3757 2825 3810 καὶ
2865 3754 3156 3825 Ῥωμαίων
3192 3754 3536 3823 Σκλαϐηνοὺς
3565 3753 3758 3824 ἐκτρί-

2170 3851 2315 3925 dum)
2347 3884 2417 3895 -
2442 3852 2617 3907 ταῦτα
2669 3849 3125 3920 ἀπαγγειλάντων
3160 3848 3324 3913 εὐθὺς
3375 3848 3476 3918 μὲν
3523 3847 3584 3900 τὸ
3626 3850 3755 3904 ἐπιδ

2170 3948 2416 4017 χείρημα
2437 3944 2532 3997 καὶ
2554 3943 2654 4013 τήν
2685 3941 2897 3996 ἔννοιαν
2926 3940 3019 3994 τοῦ
3047 3938 3304 4007 Χαγάνου
3338 3939 3539 4007 διέγνω
3558 3938 3761 4006 σαφῶς

2168 4036 2198 4089 ὀ
2248 4035 2625 4107 αὐτοκράτωρ,
2689 4032 2763 4097 ὡς
2810 4034 2910 4103 τήν
2955 4031 3113 4085 πόλιν
3162 4029 3224 4084 τὸ
3271 4030 3496 4101 Σίρμιον
3545 4029 3755 4096 ἐξελεῖν

2172 4125 2502 4198 βουλόμενος
2551 4124 2897 4196 ἐργάζοιτο⁸⁸
2940 4122 3041 4194 τήν
3092 4122 3361 4192 γέφυραν,
3395 4121 3756 4175 ἀποκωλῦσαι

2173 4220 2498 4291 βουλόμενος
2552 4217 2650 4287 τὴν
2704 4215 2814 4270 τῶν
2857 4214 3172 4280 ἀναγκαίων
3219 4212 3559 4283 είσκομιδὴν,
3600 4211 3761 4275 ὅπως.

2167 4310 2315 4383 λιμῷ
2338 4310 2749 4383 παραστήσοιτο
2775 4306 2874 4378 τήν
2901 4306 3076 4359 πόλιν.
3113 4305 3187 4359 Οὐ
3234 4305 3344 4373 γὰρ
3384 4298 3453 4374 ἧν
3498 4303 3757 4373 ἀποχρώ-

491 4398 708 4453 dionem
738 4396 1075 4453 tolerandam
1123 4396 1350 4453 idoneos
1385 4396 1566 4453 invehi
1613 4414 1719 4453 non
1755 4409 2067 4455 curaverat.

2173 4422 2274 4468 σας
2333 4403 2579 4464 δαπάνας
2632 4402 2690 4463 ἐς
2755 4400 2925 4469 αὐτὴν
2976 4396 3446 4468 προαποοέμενος,
3499 4398 3566 4468 τῇ
3626 4412 3755 4448 ow-

492 4488 758 4543 Praaterea
796 4487 1005 4557 copias,
1056 4500 1164 4542 non
1216 4486 1338 4542 dico
1370 4501 1490 4556 qua:
1514 4487 1649 4543 satis
1673 4498 1857 4544 essent
1880 4490 1947 4544 ad
1979 4504 2067 4545 re-

491 4578 796 4634 sistendum
824 4574 1114 4642 Avaribus,
1149 4578 1243 4634 sed
1286 4593 1354 4634 ne
1403 4578 1656 4635 minimas
1687 4580 1907 4650 quidem
1939 4594 2065 4636 om-

494 4672 622 4727 nino
647 4669 905 4724 babebat.
934 4669 1144 4723 Etenim
1180 4683 1370 4725 omnes
1412 4671 1710 4737 exercitus,
1747 4685 1887 4740 quos
1930 4686 2065 4727 con-

491 4764 810 4832 scripserat,
841 4762 1060 4818 Perstco
1107 4763 1248 4818 bello
1296 4765 1358 4818 in
1410 4764 1671 4819 Armenia
1715 4774 1774 4820 et
1813 4764 2064 4835 Mesopo-

491 4853 654 4908 tamia
685 4853 937 4923 occupati
976 4862 1151 4909 erant.
1182 4853 1313 4921 Qua:
1361 4863 1541 4909 tamen
1588 4854 1770 4909 omnia
1803 4855 2066 4911 dissimu-

491 4946 656 5010 labat,
679 4953 941 5015 tamquam
970 4959 1077 4999 non
1112 4945 1462 5016 intelligeret,
1486 4960 1596 5015 quo
1627 4944 1919 5017 Chaganus
1948 4956 2065 5001 ten-

490 5039 663 5093 deret.
690 5033 875 5105 Itaque
906 5035 1204 5106 imperator
1241 5035 1543 5105 respondit,
1588 5050 1648 5091 se
1679 5051 1894 5107 quoque
1923 5037 2063 5093 velle

491 5128 798 5193 Selavinos,
825 5127 1089 5199 quoniam
1114 5127 1402 5198 plerasque
1429 5128 1791 5182 Romanorum
1816 5129 2063 5199 regiones

492 5221 717 5293 pra-dati
775 5220 992 5276 Fuerant
1046 5229 1105 5275 et
1153 5220 1456 5276 latrociniis
1504 5229 1860 5285 vexaverant,
1923 5221 2064 5277 bello

496 5311 772 5383 persequi.
808 5309 919 5369 Sed
943 5318 1076 5381 tunc
1110 5309 1370 5376 temporis
1412 5324 1518 5365 non
1542 5319 1906 5380 Opportunum
1940 5326 2065 5368 esse

2172 4494 2391 4565 εστώσῃ
2423 4492 2562 4563 πρὸς
2605 4490 2873 4562 ’Δϐάρους
2903 4490 3100 4562 εἰρήνῃ
3136 4489 3379 4559 θαρρῶν.
3431 4486 3682 4557 ’Δπορῶν
3704 4487 3765 4520 ⁸⁵

2167 4586 2226 4640 δὲ
2260 4584 2544 4656 στρατιᾶς,
2570 4582 2633 4636 οὗ
2662 4600 2717 4636 τι
2742 4583 2887 4652 λέγω
2935 4582 3072 4654 πρὶς
3102 4582 3200 4651 τὴν
3236 4580 3483 4650 Ἀϐάρων
3518 4580 3756 4650 δύναμιν

2167 4674 2618 4746 ἀντιταξομένης,
2669 4674 2785 4729 ἀλλ’
2824 4673 2948 4728 οὐδὲ
2992 4673 3269 4742 ὀλιγίστης
3298 4671 3434 4734 ὅλως
3463 4670 3753 4741 ὑπαρχού-

2170 4785 2279 4838 σης
2301 4767 2473 4840 αὐτῷ,
2508 4768 2730 4822 πάντων
2758 4767 2870 4819 τῶν
2897 4764 3309 4837 στρατιωτικῶν
3337 4765 3658 4832 καταλόγων
3694 4768 3754 4829 ἐς

2172 4861 2265 4914 τὸν
2307 4860 2443 4930 πρὸς
2475 4859 2694 4931 Πέρσας
2739 4859 2978 4928 πόλεμον
3029 4860 3086 4913 ἐν
3123 4857 3391 4930 Ἀρμενίᾳ
3421 4874 3481 4911 τε
3531 4858 3633 4911 καὶ
3682 4861 3753 4930 τῇ

2176 4952 2321 5024 μέσῃ
2353 4951 2461 5006 τῶν
2485 4951 2748 5021 ποταμῶν
2782 4949 3254 5021 ἐνησχολημένων,
3288 4951 3756 5019 άπεπροσποιειτο

2169 5042 2329 5113 δῆθεν
2366 5041 2443 5107 ὡς
2490 5042 2551 5095 οὐ
2603 5042 2904 5111 συννοήσας
2936 5041 2998 5094 τὸ
3044 5040 3332 5111 βουλευθέν
3385 5040 3462 5110 τῷ
3488 5041 3753 5109 Χαγάνῳ.

2172 5131 2420 5200 Ἔφασκε
2448 5131 2513 5202 δὴ
2543 5131 2827 5201 βούλεσθαι
2888 5131 2988 5201 μὲν
3020 5132 3114 5184 καὶ
3141 5131 3303 5195 αὐτὸς
3331 5132 3475 5186 κατὰ
3500 5131 3755 5202 Σκλαϐη-

2173 5222 2282 5276 νῶν
2311 5224 2511 5288 αὐτοὺς
2542 5225 2811 5297 χωρῆσαι,
2865 5224 3038 5277 πολλά
3062 5224 3161 5293 τῆς
3202 5223 3491 5295 Ῥωμαίων
3519 5226 3760 5296 ἐπικρα-

2172 5314 2324 5378 τείας
2349 5315 2659 5389 δῃούντων·
2714 5316 2817 5369 οὑκ
2857 5311 3059 5369 sint“
3114 5314 3172 5368 δέ
3203 5315 3305 5385 τῆς
3353 5317 3755 5387 ἐπιχειρήσεως

1799 5424 2033 5481 VARUS
2068 5427 2477 5484 LECTIONES.

556 5522 606 5554 ἠ
653 5518 945 5583 παντοίως,
1002 5519 1051 5571 εἰ
1078 5516 1346 5588 _H.__mg.

1446 5514 1497 5549 "
1521 5516 1627 5590 ὑπὸ
1653 5518 2079 5590 om._ed.__Par.
2153 5519 2197 5551 7"
2224 5522 2415 5585 αὐτοῖς
2432 5520 2523 5584 Η..
2579 5520 2753 5590 αὐτῆς
2811 5520 2960 5590 vulg.
3036 5520 3081 5552 ⁷⁸
3113 5519 3179 5575 οὗ
3235 5521 3364 5584 τοὺς
3412 5519 3500 5587 B.,
3547 5512 3755 5587 αὖτοὺς

490 5592 642 5664 vulg.
716 5590 763 5664 ﬁ"
788 5588 1054 5664 ﬂv]_&vj,
1075 5583 1152 5664 ἦν
1295 5583 1370 5619 ⁷⁷⁷
1397 5585 1698 5664 ἐνεχείρισε
1724 5587 1853 5643 add.
1879 5587 1952 5664 μί.
2016 5583 2720 5664 ,⁷⁸-προθυμὼταταᾲνιι18ίξ
2768 5592 2817 5664 ’,θ
2850 5583 3061 5664 ὄμνυμι
3086 5592 3282 5664 vulg._
3312 5593 3359 5625 ⁸ο
3383 5583 3495 5664 τῶν
3522 5607 3551 5645 a
3574 5595 3647 5664 ιιι.
3678 5583 3750 5647 Ν.

497 5661 543 5739 ξι
572 5655 654 5739 εἷς
678 5661 777 5739 τῂν
805 5655 947 5739 add._
966 5655 1034 5712 ΝΣ
1083 5655 1154 5739 3'
1171 5658 1397 5739 διήνυον
1413 5655 1527 5739 ’μδ
1550 5655 1773 5739 διδώνου
1799 5659 1973 5739 vulg“
2010 5655 2265 5739 διώδευον
2431 5662 2477 5739 ’ξ
2512 5655 2709 5739 Bis-ivit]
2730 5655 2904 5739 πέρας
2925 5655 3210 5739 ἐπιθεῖναι
3238 5661 3307 5718 Ν.
3382 5662 3428 5695 ⁸⁸
3454 5662 3755 5734 ἐργάζοιτο

494 5729 580 5794 8.,
605 5726 831 5799 ἐργάζοι
861 5728 1007 5800 vulg.
1083 5729 1129 5762 ⁸⁸
1160 5726 1383 5798 ἀπορῶν
1413 5727 1479 5782 ll.
1511 5741 1645 5799 mg.,
1676 5726 1936 5799 ἀπορῤῶῖ)
1970 5731 2115 5800 vulg.
2191 5731 2237 5763 “
2265 5731 2364 5785 οὐκ
2422 5726 2563 5784 εἶναι
2612 5726 2709 5797 Ν.ζ
2774 5726 2835 5782 οὖ
2883 5732 3058 5800 μεῖναι
3100 5733 3245 5804 vulg.
