4076 6434
550 361 658 425 847

1428 361 1822 421 EXCERPTA
1866 361 1969 419 EX
1999 360 2424 421 MENANDRU
2462 357 2957 420 PROTECTCRE

3691 354 3801 417 848

551 489 803 546 tempore
836 472 1160 543 procedente
1195 472 1510 541 subegerint
1552 481 1605 527 et
1639 471 1882 547 funditus
1915 480 2125 526 everte-

2229 472 2428 545 χρυσὸν
2466 472 2562 525 καὶ
2590 470 2832 540 ἄργυρον
2862 467 2955 521 καὶ
2992 465 3091 534 μὲν
3125 464 3220 518 οὖν
3270 464 3472 528 ἐσθῆτα
3523 467 3762 536 σηρικήν
3784 482 3798 495 ’

554 568 684 627 rint,
718 577 895 633 neque
928 562 1108 626 donis,
1151 575 1326 629 neque
1353 560 1654 631 promissis,
1680 574 1854 629 neque
1880 559 1986 613 ulla
2018 560 2119 612 alia

554 672 612 712 re
644 656 793 709 illum
829 654 1030 708 moveri
1057 667 1234 722 posse,
1272 661 1329 706 ut
1362 651 1586 707 desistat
1633 652 1702 707 ab
1732 652 1988 721 inempto,
2028 667 2122 706 ne-

553 762 659 817 que
699 746 1009 815 quieturum
1069 743 1243 796 donec
1299 740 1485 795 urbem
1527 742 1752 810 ceperit,
1800 750 1853 796 et
1905 756 2119 796 omnem

554 838 881 894 Sirmianam
918 831 1146 886 insulam
1183 831 1455 900 propriam
1516 830 1617 884 sibi
1682 828 1891 883 fecerit.
1942 827 2121 898 Seque

543 936 665 1001 jure
700 930 751 985 id
790 929 1005 987 facere,
1054 922 1179 991 quia
1210 920 1540 990 Gepidarum
1582 920 1732 990 prius
1779 921 1894 975 haec
1942 920 2118 975 insula

550 1021 731 1086 fuerit,
762 1032 990 1089 quorum
1021 1027 1105 1067 res
1137 1021 1191 1066 et
1215 1012 1377 1068 urbes
1402 1011 1604 1081 justius
1629 1013 1834 1068 Avares
1872 1011 1973 1067 sibi
2003 1013 2121 1065 vin—

551 1119 733 1170 dicare
776 1121 1018 1184 possent,
1047 1111 1135 1178 qui
1176 1121 1271 1161 eos
1302 1108 1624 1173 deviceriut,
1664 1122 1828 1176 quam
1859 1105 2115 1162 Romani.

551 1198 1087 1273 llmcintiieratoreiit
1121 1198 1273 1253 valde
1323 1198 1729 1267 perturbarunt,
1772 1206 1827 1251 ct
1883 1197 2120 1265 graviter

547 1300 665 1369 ejus
689 1309 920 1355 mentem
947 1296 1100 1365 131
1132 1296 1211 1348 ira
1236 1305 1289 1348 et
1317 1293 1501 1348 dolore
1533 1290 1900 1361 perculerunt,
1938 1299 2115 1345 tamen

549 1394 737 1448 idonea
770 1400 820 1444 et
857 1390 992 1457 ipse,
1019 1394 1279 1456 quantum
1336 1383 1803 1452 potuit,oratioue
1858 1396 1987 1435 usus
2044 1382 2115 1434 ita

549 1477 826 1553 respondit
856 1499 870 1534 :
907 1480 1092 1547 Neque
1121 1475 1309 1546 copiis,
1343 1488 1516 1544 neque
1548 1472 1863 1528 fortitudine
1903 1486 2115 1534 manus,

552 1588 729 1643 neque
787 1570 1070 1640 prudentia
1130 1584 1228 1622 nos
1277 1567 1566 1636 Chagauus
1609 1564 1990 1629 circumvenit,
2024 1564 2117 1619 sed

529 1686 669 1724 ~eutu
714 1683 905 1738 pacem
940 1677 995 1722 et
1028 1665 1222 1728 Deum,
1256 1677 1351 1732 per
1384 1678 1543 1731 quem
1572 1662 1797 1731 juravit,
1832 1660 2116 1726 delusisse,

2225 566 2480 619 ἁπάντων
2506 564 2550 618 δ’
2584 563 2677 616 οὖν
2703 561 3150 631 ἀξιοκτητὸτερον
3187 555 3329 610 εἶναι
3360 557 3567 609 τούτων
3595 558 3689 610 καὶ
3719 575 3802 611 τι·

2228 659 2495 728 μιώτερον
2532 656 2629 726 τὴν
2665 655 2864 725 ψυχὴν,
2890 653 3021 724 περὶ
3046 645 3116 723 ἦς
3149 650 3487 720 φοϐούμενον
3517 649 3682 701 αὐτὸν
3705 650 3803 701 καὶ

2223 746 2677 817 ἀναλογιζόμενον
2729 734 2803 807 ὧς
2833 744 2902 798 τὰ
2934 743 3108 796 πολλὰ
3143 742 3253 794 τῶν
3274 742 3364 803 ἐἰς
3396 740 3487 793 τὸν
3515 739 3805 809 φθάσαντα

2223 840 2415 910 χρόνον
2448 839 2566 892 κατ’
2596 838 2812 908 ἐκείνην
2852 837 3023 906 δήπου
3078 834 3177 904 τὴν
3214 832 3402 903 χώραν
3461 831 3801 884 ἐπελθόντων

2221 918 2391 984 ἐθνῶν
2449 927 2712 990 τοιούτοις
2760 927 2954 997 δώροις
3014 926 3279 993 Ῥωμαῖοι
3328 922 3800 992 προκαλέσαντες,

2221 1023 2372 1085 τέλος
2400 1023 2454 1085 ἐς
2489 1021 2678 1091 καιρὸν
2714 1019 3026 1087 ἐπιθέμενοι
3073 1015 3418 1086 πανωλεθρία
3451 1014 3796 1083 διέφθειραν,

2221 1114 2321 1167 οὐκ
2345 1110 2748 1181 ἀποστήσεσθαι
2772 1110 2869 1179 τῆς
2897 1108 3314 1178 ἐπιχειρήσεως,
3344 1107 3405 1159 οὐ
3440 1105 3655 1175 δώροις,
3698 1106 3805 1156 οὐκ

2222 1201 2601 1271 ἐπαγγελίαις,
2630 1201 2727 1270 οὐχ
2762 1199 2935 1270 ἑτέρῳ
2965 1200 3075 1251 τινὶ
3118 1197 3228 1250 τῶν
3282 1198 3522 1260 πάντων,
3566 1197 3699 1266 πρὶν
3735 1199 3805 1249 ἂν

2221 1294 2321 1364 τὴν
2372 1293 2526 1346 πόλιν
2571 1292 2631 1344 τὸ
2684 1292 2908 1361 Σίρμιον
2960 1288 3397 1362 χειρωσάμενος“
3425 1288 3525 1359 τήν
3571 1289 3807 1358 Σιρμια-

2222 1385 2319 1453 νὴν
2336 1385 2381 1416 ⁸³
2418 1384 2637 1438 ἃπασαν
2672 1381 3027 1450 οἱκειώσηται
3072 1382 3259 1451 νῆσον,
3308 1380 3376 1450 ἢν
3421 1380 3806 1432 δικαιόταταθδ

2221 1476 2316 1530 zal.
2347 1477 2651 1547 προσήκειν
2680 1475 2830 1544 αὐτῷ
2853 1473 3142 1543 Γηπαίδων
3171 1472 3437 1543 πρότερον
3477 1474 3669 1542 κτῆμα
3707 1489 3805 1538 γε-
3894 1536 3905 1545 _

2219 1569 2473 1638 νομένην,
2506 1567 2685 1620 αὐτῶν
2731 1567 2789 1620 δὲ
2836 1567 2943 1620 ὑπὸ
2989 1565 3236 1634 Ἀϐάρων
3283 1564 3705 1635 πολεμηθέντων
3724 1564 3799 1627 ’³,

2220 1659 2295 1723 ὡς
2325 1658 2572 1712 ἐντεῦθεν
2618 1659 2712 1711 καὶ
2759 1658 2828 1710 τά
2878 1658 3136 1727 κτήματα
3167 1656 3309 1710 κατὰ
3367 1656 3427 1709 τὸ
3458 1656 3606 1718 είκδς
3645 1655 3803 1722 αὐτῷ

522 1761 799 1816 “omnibus
826 1756 1169 1813 manifestum
1202 1762 1304 1809 est.
1335 1752 1700 1807 Nihilominus
1733 1751 1809 1805 illi
1836 1752 2116 1822 perfidiam

2225 1751 2427 1820 μᾶλλον
2458 1749 2555 1803 καὶ
2584 1750 2645 1802 οὐ
2687 1748 2978 1819 Ῥωμαίοις
3008 1748 3292 1818 ἁρμόζειν.
3349 1747 3537 1801 Ταῦτα
3564 1744 3801 1816 ἐτάραξε

535 1862 739 1918 parum
758 1844 1106 1915 profuturam
1136 1857 1256 1903 esse
1291 1857 1472 1912 spero.
1501 1842 1607 1897 Sed
1645 1842 1824 1911 potius
1855 1857 2015 1895 uuam
2048 1856 2116 1896 ex

536 1936 785 2002 filiabus,
819 1950 955 2005 quas
980 1933 1117 1989 duas
1144 1933 1340 1998 habeo,
1378 1931 1451 1985 illi
1497 1931 1912 2001 despanderem,
1953 1947 2114 2000 quam

551 2025 809 2080 Sirmium
840 2022 1092 2094 oppidum
1122 2021 1309 2077 volens
1339 2021 1627 2075 traderem.
1670 2020 1821 2088 Quod
1858 2022 1901 2075 si
1937 2022 1986 2075 vi
2025 2038 2118 2076 cx-

526 2115 823 2186 wpugnarit,
857 2129 957 2184 ego
990 2115 1155 2168 Deum
1181 2113 1412 2168 ultorem
1442 2121 1792 2182 exspectans,
1826 2113 1979 2183 cujus
2017 2129 2116 2167 nu-

499 2187 673 2260 .1ne'n
724 2204 981 2267 violavit,
1019 2204 1247 2275 imperio
1304 2202 1549 2257 Romano
1586 2217 1671 2257 me
1726 2218 1832 2257 non
1880 2202 2119 2260 defuisse

525 2299 897 2355 'existimabo.
964 2298 1099 2352 Tum
1143 2295 1368 2351 dimisso
1420 2295 1617 2366 legato,
1672 2295 1789 2350 urbi
1841 2298 2119 2367 suppetias

529 2391 701 2446 'ferre
746 2390 924 2460 quoad
978 2388 1173 2459 potuit,
1206 2387 1441 2457 paravit.
1483 2385 1716 2452 Etenim,
1772 2396 1831 2442 ut
1871 2389 2121 2458 superius

529 2483 680 2547 dixi,
715 2481 890 2538 nullas
910 2480 1159 2535 habebat
1184 2478 1390 2548 copias,
1410 2477 1594 2547 itaque
1617 2479 1956 2533 exercituum
1988 2494 2121 2548 pra:-

526 2575 741 2641 -fecms,
793 2574 965 2629 duces
992 2580 1048 2626 et
1080 2579 1379 2625 turmarum
1422 2568 1698 2636 ductores,
1743 2569 1841 2625 bos
1865 2584 1959 2641 per
1992 2568 2119 2642 Illy-

500 2668 712 2731 ἰ’τὶιτιη,
746 2665 880 2718 alios
913 2679 1008 2732 per
1034 2661 1353 2715 Dalmatiam
1379 2660 1568 2723 mittit,
1603 2669 1659 2713 ut
1696 2661 1906 2723 urbem,
1940 2660 2118 2731 quoad

528 2755 669 2812 .vfieri
702 2764 904 2825 posset,
939 2754 1317 2809 custodirent."

2225 1844 2345 1913 μὲν,
2377 1842 2472 1895 καὶ
2498 1841 2595 1912 τὴν
2625 1840 2864 1895 διάνοιαν
2896 1841 3089 1903 δεινῶς
3129 1839 3235 1893 ὑπό
3265 1855 3324 1892 τε
3367 1838 3537 1909 ὀργῆς
3577 1839 3672 1891 καὶ
3702 1837 3803 1891 λύ-

2225 1951 2333 2001 πης
2362 1934 2584 2003 συνέχεε
2624 1931 2714 1985 τοῦ
2750 1931 3153 2002 αὐτοκράτορος
3177 1944 3193 1961 ⁶
3238 1930 3356 1992 τοῖς
3388 1928 3561 1982 εἰκόσι
3598 1927 3675 1992 δὲ,
3719 1929 3802 1992 ὡς

2224 2027 2372 2097 ἐνῆν,
2396 2025 2577 2094 λόγοις
2613 2027 2707 2078 xal.
2742 2025 2905 2087 αὐτὸς
2935 2025 3285 2094 χρησάμενος
3328 2022 3612 2087 ἁντέλεξεν
3656 2013 3764 2073 ὧδε
3786 2061 3802 2083 ,

2233 2140 2250 2173 ι
2293 2122 2382 2184 Ὧς
2427 2118 2553 2175 οὔτε
2583 2119 2811 2189 δυνάμει
2840 2120 2935 2172 καὶ
2982 2118 3206 2188 ἀνδρείᾳ
3249 2116 3430 2187 χειρὸς
3476 2114 3599 2168 οὔτε
3635 2113 3807 2183 σοφίᾳ

2227 2212 2520 2284 περιῆλθεν
2548 2213 2694 2282 ἡμᾶς
2710 2212 2757 2248 ’⁸
2785 2211 2815 2262 ὁ
2844 2209 3119 2277 Χαγάνος,
3163 2207 3300 2261 άλλά
3323 2208 3550 2277 είρήνας
3597 2221 3656 2258 τε
3704 2206 3804 2257 καὶ

2227 2296 2500 2369 συνθήκας
2524 2300 2620 2351 καὶ
2649 2297 2782 2351 Θεὸν
2811 2297 2904 2350 τὸν
2926 2295 3200 2367 ὁμοθέντα
3229 2294 3593 2366 καθυϐρίσας,
3636 2293 3807 2345 παντί

2224 2407 2328 2441 που
2361 2388 2539 2458 δῆλον.
2564 2387 2734 2441 Πλέον
2766 2388 2825 2441 δὲ
2868 2388 3017 2457 ὅμως
3046 2386 3167 2438 οὐδὲ
3198 2383 3350 2453 αὐτῷ
3393 2385 3494 2454 τὴν
3538 2384 3805 2436 ἀπιστίαν

2221 2475 2377 2548 οἶμαι
2409 2479 2669 2551 παρέξειν
2691 2494 2705 2508 ·
2732 2479 2925 2532 θᾶττον
2959 2480 3069 2548 γὰρ
3114 2475 3178 2529 Ξιν
3218 2474 3370 2545 αὐτῷ
3401 2474 3528 2544 μίαν
3556 2475 3667 2527 τῶν
3707 2473 3808 2525 θυ-

2221 2572 2473 2643 γατέρων
2502 2570 2885 2640 κατεγγυήσω,
2920 2569 3067 2623 δυοῖν
3110 2565 3548 2636 ὑπαρχουσῶν,ἢ
3578 2564 3639 2617 τὸ
3674 2564 3809 2633 Σίρ-

2228 2681 2351 2737 μιον
2401 2662 2501 2734 τὴν
2547 2662 2704 2716 πόλιν
2748 2660 2893 2715 ἑκὼν
2925 2659 3262 2732 παραδώσω.
3294 2658 3358 2713 Ei
3389 2658 3443 2711 δέ
3474 2673 3536 2724 γε
3567 2656 3804 2722 δυνάμει

2227 2756 2323 2811 καὶ
2383 2755 2473 2826 βίᾳ
2517 2754 2724 2822 ταύτην
2772 2754 2964 2820 ἐξέλοι,
3024 2752 3119 2805 καὶ
3164 2750 3309 2805 οὕτω
3334 2750 3426 2803 τὸν
3473 2745 3809 2817 ὑϐρισμένον

549 2848 684 2918 παρ’
732 2844 900 2900 αὐτοῦ
952 2842 1087 2896 Θεδν
1124 2841 1338 2895 ἔκδικον
1372 2843 1660 2913 ἀναμένων
1692 2842 1855 2907 αὐτὸς
1880 2843 2082 2912 ἥκιστά
2125 2861 2177 2899 τι
2237 2845 2644 2917 καταπροέσθαι
2683 2845 2783 2914 τῆς
2830 2843 3116 2913 Ῥωμαίων
3165 2843 3443 2906 πολιτείας
3490 2837 3810 2909 ἐννοηθείην

549 2938 761 2994 nocte
804 2937 936 2990 -Ἐπὶ
973 2934 1187 2997 τούτοις
1254 2935 1347 2988 τὸν
1380 2935 1722 3006 πρεσϐευτὴν
1787 2936 2277 3007 ἀποπεμψάμενος,
2327 2936 2771 3009 παρεσκευάζετο
2812 2937 2876 2989 ἐκ
2912 2935 3030 2989 τῶν
3064 2934 3293 2988 ἐνόντων
3349 2936 3416 3004 τῇ
3467 2933 3616 2985 πόλει
3656 2928 3803 2999 ἀμύ-

533 3047 693 3094 -νειν,
748 3027 1011 3099 στρατιὰν
1054 3025 1175 3096 μὲν,
1245 3025 1321 3089 ὡς
1389 3025 1563 3097 ἔφθην
1619 3026 1882 3099 εἰρηκὼς,
1950 3028 2073 3082 οὐδὲ
2131 3029 2390 3100 βραχεῖάν
2426 3048 2551 3084 τινα
2602 3029 2764 3099 έχων,
2799 3027 3139 3098 στρατηγοὺς
3167 3026 3227 3080 δὲ
3260 3027 3356 3080 καὶ
3387 3025 3664 3097 ἡγεμόνας
3705 3022 3806 3075 καὶ

549 3124 816 3194 λοχαγοὺς
840 3118 1265 3185 στέλλωνγτοὺς
1306 3118 1429 3190 μὲν
1456 3119 1546 3174 διὰ
1568 3118 1674 3189 τῆς
1714 3120 2010 3191 Ἰλλυριῶν,
2057 3120 2189 3185 τοὺς
2229 3122 2287 3176 δὲ
2315 3122 2404 3178 διὰ
2434 3122 2768 3193 Δαλματίας,
2821 3119 2898 3185 ὡς
2955 3119 3023 3175 ἂν
3078 3119 3177 3191 τὴν
3211 3119 3366 3173 πόλιν
3415 3118 3501 3172 διὰ
3554 3118 3807 3187 φρουρᾶς

537 3216 751 3287 Δεχοιεν.

619 3306 709 3360 52.
753 3303 840 3374 (Α.
866 3301 929 3357 C.
962 3299 1102 3366 ‘580,
1127 3298 1362 3366 ind-13,
1388 3298 1579 3354 ’l‘iber.
1621 3299 1699 3371 5.)
1728 3300 2005 3373 Theognis
2029 3304 2115 3359 ubi

2291 3304 2395 3376 λβθ.
2433 3305 2555 3359 Ὀτι
2589 3302 2812 3379 Θεργνις
2834 3304 2879 3338 ⁸⁷
2908 3303 3032 3357 ἐπεὶ
3065 3304 3124 3359 ὲν
3150 3302 3336 3374 Κασίᾳ
3368 3303 3465 3357 καὶ
3499 3300 3813 3371 Καρϐωνα-

549 3403 603 3455 in
630 3398 845 3452 Casiarn
872 3404 928 3449 et
952 3392 1579 3449 (Iarbonariam'iusulas
1608 3395 1874 3463 pervenit,
1915 3410 2125 3451 sermo-

547 3503 646 3543 nes
668 3488 732 3541 ad
760 3499 843 3546 se,
865 3492 923 3536 ut
948 3482 1150 3537 fmdera
1187 3480 1402 3547 ﬁerent,
1430 3481 1636 3537 delatos
1663 3484 1878 3553 excepit
1903 3503 1916 3539 :
1946 3486 2127 3554 itaque

534 3577 784 3646 iBajanus
813 3572 1050 3636 advenit,
1091 3579 1147 3626 et
1195 3572 1261 3625 de
1312 3585 1452 3640 equo
1478 3572 1831 3639 descendens,
1889 3573 1944 3628 in
1989 3575 2123 3630 sella

548 3681 711 3721 aurea
740 3662 1010 3727 consedit,
1056 3676 1178 3731 qua:
1221 3662 1479 3731 stragulis
1521 3664 1752 3733 gemmis
1801 3667 2013 3722 ornatis
2071 3668 2124 3722 in

538 3760 780 3812 formam
806 3754 1023 3811 teutorii
1056 3765 1373 3824 comparata
1401 3764 1539 3810 erat.
1575 3754 1718 3811 Ante
1744 3764 1939 3827 pectus
1972 3756 2126 3812 illius

546 3859 598 3904 et
622 3848 829 3901 vultum
851 3844 1234 3915 propugnaculi
1264 3846 1422 3900 modo
1444 3855 1563 3899 erat
1586 3846 1854 3916 obiectum
1884 3858 2124 3915 scutum,

550 3959 619 3997 ne
644 3958 672 3995 a
705 3940 967 3994 Romanis
989 3940 1129 3992 forte
1168 3939 1221 3993 in
1247 3954 1372 3994 eum
1412 3939 1514 3993 tela
1553 3940 1921 4008 jaculantibus
1962 3958 2126 4012 appeo

555 4044 784 4091 teretur.
818 4032 1028 4087 Etenim
1060 4031 1150 4099 qui
1179 4044 1301 4084 cum
1338 4028 1581 4096 TbeOgni
1622 4040 1802 4096 erant,
1833 4048 1938 4087 non
1968 4035 2126 4104 longo

553 4125 838 4182 intervallo
873 4122 1150 4177 distabant
1194 4138 1223 4175 a
1272 4122 1414 4186 loco,
1464 4123 1552 4177 ubi
1584 4121 1818 4190 Bajanus
1856 4127 2121 4181 sedebat:

554 4222 733 4288 itaque
757 4215 939 4271 Hunni
973 4215 1296 4283 interpretes
1335 4213 1481 4267 clara
1506 4229 1639 4270 voce
1666 4215 1823 4270 ﬁdem
1855 4218 2034 4272 datam
2059 4220 2127 4275 de

554 4305 782 4360 induciis
808 4302 1253 4372 pronuntiarunt.
1298 4299 1434 4354 Tum
1473 4301 1709 4368 Bajanus
1758 4305 1909 4368 dixit,
1961 4320 2124 4374 opor-

551 4407 663 4449 tere
695 4393 969 4447 [tertianos
1039 4389 1114 4443 illi
1169 4391 1291 4444 sine
1347 4406 1525 4460 pugna
1582 4392 1844 4448 Sirmium
1897 4395 2122 4462 cedere,

551 4486 677 4548 quia
718 4483 852 4538 nihil
877 4482 982 4536 illis
1013 4483 1132 4550 opis
1150 4482 1261 4550 jam
1306 4481 1502 4550 reliqui
1534 4492 1672 4547 erat,
1712 4487 2002 4554 quominus
2028 4502 2126 4556 op-

549 4576 737 4645 pidum
793 4581 1107 4640 caperetur.
1151 4569 1285 4624 Nam
1343 4581 1703 4643 praeterquam
1763 4575 1903 4643 quod
1936 4576 2122 4631 urbem

552 4680 644 4720 res
666 4664 990 4718 necessaria:
1016 4664 1335 4723 deficerent.
1356 4665 1612 4731 impedita
1645 4666 1712 4720 ab
1736 4677 1965 4734 utraque
1992 4682 2121 4735 par-
2155 4653 2200 4708 Ῑ)

556 4769 606 4810 te
632 4755 888 4810 frumenti
920 4753 1247 4820 invectione,
1270 4753 1432 4812 etiam
1460 4753 1697 4809 Avarum
1723 4757 2121 4813 multitudinem

552 4849 715 4904 nullis
739 4848 1013 4903 laboribus
1061 4846 1418 4917 defatigatum
1453 4847 1541 4910 iri,
1574 4862 1745 4915 usque
1777 4848 1903 4903 dum
1932 4849 2121 4905 urbem

552 4957 663 4998 sua:
698 4940 947 5010 potestati
992 4940 1305 5007 subjiciunt.
1342 4939 1629 5008 Proposuit
1668 4940 1833 4994 etiam
1887 4941 2124 5011 aliquam

552 5032 902 5090 verisimilem
944 5046 1187 5095 causam,
1230 5046 1327 5084 cur
1374 5031 1712 5086 desideraret
1755 5033 1905 5088 urbis
1946 5033 2127 5088 domi-

552 5127 701 5181 nium
733 5122 986 5194 adipisci,
1018 5135 1088 5176 ne
1126 5120 1418 5192 transfugae
1466 5136 1530 5177 ex
1563 5123 1797 5178 Avarico
1851 5126 2120 5191 exercitu,

550 5217 680 5286 quia
715 5217 845 5271 urbs
877 5222 1023 5269 esset
1048 5211 1157 5266 illis
1178 5215 1534 5281 contermina,
1573 5216 1638 5268 ad
1664 5216 1941 5271 Romanos
1972 5231 2123 5272 rece-

2228 3395 2322 3466 ρίᾳ
2368 3396 2492 3457 ταῖς
2536 3394 2721 3465 νήσοις
2768 3396 3005 3463 ἐγένετο,
3051 3393 3226 3463 λόγων
3273 3392 3422 3462 αὐτῷ
3466 3392 3812 3463 κινηθέντων

2228 3487 2358 3558 περὶ
2392 3485 2663 3551 σπονδῶν,
2697 3486 3083 3558 προσεδέξατο.
3119 3485 3578 3556 Παραγενομένου
3610 3501 3673 3537 τε
3705 3482 3809 3536 τοῦ

2227 3576 2460 3630 Βαϊανοῦ
2506 3578 2602 3629 καὶ
2637 3576 2732 3630 τοῦ
2775 3577 2943 3645 ίππου
2988 3577 3417 3646 ἀποϐεϐηκότος,
3456 3575 3712 3644 τεθείσης
3755 3577 3814 3628 οῖ

2227 3666 2496 3738 καθέδρας
2512 3668 2727 3738 οχρυσῆς
2758 3668 2990 3732 ὲνιζάνει
3018 3667 3206 3733 αὑτοῦ,
3231 3670 3296 3722 ἐκ
3321 3666 3573 3721 διαλίθων
3594 3667 3639 3697 ⁸³
3665 3666 3815 3735 ὑφα-

2229 3761 2453 3831 σμάτων
2491 3759 2888 3831 σκευασθείσης
2931 3759 3082 3832 αὑτῷ
3119 3760 3311 3832 ὥσπερ
3350 3759 3595 3829 καλύϐης
3631 3759 3809 3822 τινός.

2241 3852 2401 3906 Ἀλλὰ
2434 3854 2544 3922 γὰρ
2575 3854 2668 3906 καὶ
2699 3852 2889 3922 ὥσπερ
2922 3852 3037 3906 ἀντ’
3055 3852 3331 3924 ἐρύματος
3366 3852 3473 3923 πρὸ
3504 3852 3614 3905 τῶν
3643 3850 3813 3922 στέρ-

2227 3961 2335 3998 νων
2362 3943 2513 4015 αὑτῷ
2545 3945 2637 3998 καὶ
2664 3943 2758 3997 τοῦ
2788 3943 3086 4015 προσώπου
3118 3941 3519 4014 προύϐάλλοντο
3550 3941 3813 4010 θυρεοὺς,

2226 4034 2316 4087 διὰ
2330 4035 2391 4088 τὸ
2416 4036 2490 4105 μὴ
2513 4034 2834 4102 ὲκτοξεῦσαι
2857 4035 3162 4104 Ῥωμαίους
3177 4035 3341 4105 τυχὸν
3356 4032 3501 4087 οὕτω
3522 4033 3587 4104 δὴ
3608 4032 3817 4102 ἀθρόον

2227 4128 2285 4189 ἐς
2319 4126 2499 4179 αὐτόν.
2531 4126 2700 4197 Ἀτάρ
2733 4126 2787 4179 oi'
2818 4143 2881 4193 γε
2913 4126 3058 4196 ἀμφὶ
3085 4125 3310 4194 Θεόγνιν
3344 4124 3814 4194 παραγενόμενοι,

2229 4216 2402 4288 βραχύ
2424 4235 2478 4271 τι
2493 4218 2539 4249 ’⁸
2563 4217 2875 4287 ἀφεστῶτες
2896 4216 2989 4270 τοῦ
3008 4216 3240 4287 χωρίου,
3288 4216 3377 4268 ἵνα
3401 4215 3428 4268 ὁ
3452 4214 3683 4277 Βαῖανδς
3710 4215 3818 4282 έφ-

2226 4307 2484 4378 εζόμενος
2506 4304 2598 4379 ἦν,
2618 4308 2888 4377 διελέγετο
2907 4308 3220 4380 ίέρμηνέων
3242 4307 3456 4360 Οὖννων
3484 4307 3756 4370 τὰς’πίστε
3766 4324 3818 4369 ις

2228 4399 2677 4470 διεσαφηνίζοντο
2723 4401 2855 4469 οπερ)⁵
2898 4399 3160 4453 σπονδῶν.
3206 4400 3318 4453 Kal.
3359 4401 3389 4452 ὁ
3435 4398 3535 4469 μὲν
3578 4399 3818 4461 Batavo;

2226 4490 2431 4558 ἔφασκε
2456 4490 2565 4543 δεῖν
2590 4490 2839 4543 ὑπείκειν
2866 4490 2916 4543 oi
2942 4489 3251 4558 Ῥωμαίους
3278 4489 3526 4559 ἀμαχητὶ
3554 4486 3649 4540 τοῦ
3683 4489 3821 4557 Σιρ-

2231 4582 2375 4651 μίου,
2404 4576 2491 4657 οζα
2518 4582 2581 4653 δὴ
2605 4584 2667 4636 τὸ
2693 4582 2880 4635 λοιπὸν
2907 4581 3179 4652 μηδεμιᾶς
3209 4580 3678 4651 ὑπολελειμμένης
3709 4597 3823 4649 μη-

2228 4673 2398 4744 χανῆς
2425 4675 2483 4736 ἐς
2509 4674 2571 4726 τὸ
2589 4674 2609 4704 ’
2644 4674 2718 4744 μὴ
2746 4674 2952 4728 ἁλῶναι
2979 4676 3041 4727 τὸ
3070 4672 3228 4728 ἄστυ.
3257 4672 3398 4742 Πρὸς
3426 4671 3504 4742 τῷ
3532 4672 3628 4725 καὶ
3651 4672 3672 4702 ³
3701 4672 3820 4724 τῶν

2192 4808 2195 4811 .
2230 4765 2544 4832 ἀναγκαίων
2588 4767 2780 4820 θᾶττον
2821 4768 3359 4840 ὑποϐληθήσεσθαιδ,
3402 4767 3563 4822 τοῦτο
3607 4766 3713 4837 μὲν
3753 4765 3822 4830 ἐξ

2230 4857 2432 4927 ἀμφοῖν
2458 4859 2571 4909 τοῖν
2605 4860 2791 4927 μεροῖν
2820 4859 3209 4929 κεκωλυμένης
3240 4853 3376 4928 α’ὑτῇ
3408 4859 3506 4928 τῆς
3538 4870 3816 4925 σιτοπομ-

2230 4949 2383 5013 πίας,
2403 4948 2562 5001 τοῦτο
2585 4949 2640 5002 δὲ
2670 4950 2884 5020 καὶτῆς
2904 4952 3013 5006 τῶν
3030 4952 3278 5022 Ἀϐάρων
3302 4951 3584 5018 δυνάμεως
3607 4948 3688 5019 τῷ
3713 4965 3821 5001 πο-

2228 5036 2379 5108 λέμῳ
2404 5039 2479 5108 μὴ
2503 5039 2886 5112 ὑποχαλώσης,
2903 5043 3064 5113 ἄχρις
3085 5037 3145 5097 οὗ
3169 5041 3477 5112 ὑποχείριον
3494 5040 3822 5109 ποιήσοιντο

2229 5128 2328 5198 τὴν
2360 5129 2538 5183 πόλιν.
2570 5131 2949 5208 Προύϐάλλετο
2975 5132 3033 5186 δὲ
3062 5134 3157 5188 καί
3184 5150 3306 5187 τινα
3335 5133 3698 5204 εὐπρόσωπον
3723 5134 3824 5185 αἰ-

2231 5218 2351 5272 τίαν
2388 5219 2483 5274 τοῦ
2530 5221 2764 5293 ἱμείρειν
2794 5224 3056 5279 δεσπόσαι
3090 5225 3188 5280 τοῦ
3226 5226 3472 5292 ἄστεως,
3506 5224 3596 5277 διὰ
3627 5223 3693 5277 τὸ
3735 5224 3825 5294 μὴ

1861 5348 2094 5406 VARIAEI
2130 5351 2541 5411 LECTIONES.

623 5469 670 5502 ⁸⁸
701 5453 1003 5551 Σιρμιανῇν
1032 5452 1520 5551 ἰξί,.Σιρμισιανὴν
1547 5467 1733 5551 λης..
1785 5469 1831 5501 ⁸⁸
1868 5453 2460 5551 ἢνδικαιόταταγοιη
2503 5474 2569 5545 ἢν
2615 5468 2967 5551 δικαιώματα
2996 5484 3142 5551 vulg.

869 5605 881 5618 .
1022 5537 1275 5622 .,’,‘,,iris
1326 5537 1485 5622 νυιβέ
1547 5537 1591 5571 ’⁷
1631 5537 2008 5622 θεέγνιςνξξίοε
2035 5540 2420 5622 παροξυτάνευς
2444 5537 2668 5622 initas-
2690 5548 2744 5622 in
2768 5537 3037 5622 ξέείριστςι

553 5620 668 5666 tare
734 5609 907 5669 nolui,
947 5609 1185 5674 antiqua:
1222 5609 1278 5659 in
1332 5609 1523 5661 eodem
1571 5609 1794 5664 nomine
1818 5610 2042 5664 ratiOnis
2066 5609 2176 5666 non
2206 5611 2447 5668 nescius.
2479 5609 2545 5670 N.

550 5557 660 5596 των
717 5534 877 5606 conj.
915 5534 981 5588 Ν.
1044 5535 1102 5606 λ⁹⁶
1129 5534 1275 5606 ὑμᾶς

518 5729 525 5735 .
550 5682 597 5714 ’⁸
622 5696 676 5732 τι
696 5676 781 5742 Β.,
808 5692 869 5729 τε
891 5676 1038 5744 vulg.

555 5746 615 5802 Β.
650 5761 748 5816 pro
794 5743 1055 5815 ὑποϐλήθ.

3182 5518 3211 5525 —
3250 5484 3297 5517 ”
3322 5482 3829 5552 καταπολεμηθέν-

3118 5553 3138 5606 l
3193 5553 3378 5609 saeculi
3405 5554 3658 5608 exeuntis
3682 5569 3829 5606 mn—

2624 5617 3049 5695 ‘f‘ﬁtaliﬂmvﬂ.
3079 5638 3241 5695 ⁸ξιιμ,
3284 5623 3395 5695 δύο
3421 5622 3608 5695 μλίθῳν
3659 5624 3824 5695 vulg.

1118 5674 1446 5748 ἓδιελέγετο]
1467 5676 1536 5731 δι’
1572 5676 1656 5746 Β.,
1687 5678 1990 5749 διελέγοντο
2018 5678 2087 5734 Η.
2161 5682 2182 5712 ¹
2210 5679 2271 5734 τὸ
2295 5681 2442 5755 vulg.
2519 5687 2540 5718 ³
2573 5685 2692 5760 καὶ]
2734 5689 2829 5743 καὶ
2858 5674 3053 5747 σπάνει
3078 5674 3241 5748 Nic".
3269 5674 3827 5749 ἀποκλεισθῆσεσθαῗί
