4076 6450
349 368 455 429 853

1166 363 1275 424 DE
1306 362 1878 424 LEGATIONIBUS
1920 360 2407 421 ROMANORUM
2441 361 2540 420 AD
2567 358 2886 421 GENTES.

3491 353 3599 419 835

349 476 610 532 ταθέσθαι
648 476 717 531 τὰ
761 477 902 532 ὅπλα
945 478 1314 548 ἑκασταχόσε,
1354 477 1699 550 ἐκπέμπεται
1744 476 1928 530 αὐτόοι

2033 488 2245 545 quoque
2284 474 2478 529 missus
2522 489 2550 527 a
2599 473 2779 529 Persis
2819 473 3029 542 legatus
3070 472 3327 541 dignitate
3374 472 3596 536 lichus,

350 569 442 622 καὶ
469 568 695 640 Περσῶν
719 568 1076 638 πρεσδευτὴς,
1102 562 1147 636 ᾧ
1169 567 1306 638 δῆτα
1336 568 1548 639 ὑπῆρχε
1582 569 1681 637 μὲν
1705 568 1922 638 ἀξίωμα

347 660 469 713 ei.“
500 660 599 730 Ζὶχ
620 699 635 723 ,
671 661 932 731 μέγιστόν
960 679 1011 714 τι
1042 659 1201 714 τοῦτο
1234 660 1386 729 παρὰ
1409 664 1523 724 τοῖς
1559 660 1797 732 Πέρσαις
1826 660 1922 728 γέ-

352 768 481 823 ρας,
521 753 862 824 προσηγορία
899 753 957 806 δὲ
994 753 1162 806 αὐτοῦ
1197 752 1625 821 Ἰεσδεγουσνάφ.
1663 746 1831 816 Οὗτος
1865 753 1920 807 δὲ

349 839 736 910 ωρευναστὴρ
758 840 852 892 τοῦ
878 841 997 893 κατ’
1010 841 1171 894 αὐτὸν
1184 843 1233 875 ⁸³
1258 840 1523 912 βασιλέως
1548 842 1779 912 ὑπῆρχε.
1810 845 1922 898 Καὶ

346 932 523 982 τοίνυν
558 931 617 982 ἐν
656 929 842 999 ταυτῷ
865 930 910 960 ⁸⁵
944 929 1228 1000 γενόμενοι
1265 931 1315 983 οἱ
1356 932 1645 1001 πρέσϐεις,
1685 933 1780 986 καὶ
1813 932 1922 984 τῶν

348 1019 655 1074 κατάὑτῶν
680 1020 992 1091 ἐπιχωρίων
1014 1020 1293 1091 ἀρχόντων
1318 1022 1399 1085 είς
1426 1022 1484 1074 ἓν
1509 1022 1922 1091 ξυναθροισθέν-

344 1130 474 1176 των,
512 1112 855 1181 κατέστησαν
886 1114 946 1175 ἐς
990 1112 1310 1184 ἐκκλησίαν.
1350 1115 1461 1169 Καὶ
1504 1114 1712 1185 Πέτρος
1749 1117 1777 1169 ὁ
1816 1115 1924 1168 τῶν

361 1206 644 1275 Ῥωμαίων
670 1205 1034 1277 πρεσϐευτὴς,
1063 1206 1430 1279 ἀποχρώντως
1457 1207 1597 1280 ἔχων
1620 1210 1718 1278 τῆς
1744 1223 1803 1260 τε
1831 1208 1924 1261 ἄλ-

344 1298 441 1366 λης
464 1280 708 1361 παιδείας
726 1297 946 1367 καὶτῆς
973 1300 1080 1352 τῶν
1108 1301 1309 1370 νόμων,
1339 1299 1519 1367 ἔλεξεν
1545 1293 1647 1354 ὧδε
1665 1316 1679 1330 ο
1721 1318 1741 1352 ι
1774 1300 1924 1371 Ηάρ-

344 1406 533 1458 εσμεν,
582 1383 627 1443 ὦ
654 1390 846 1460 ἄνδρες
873 1390 1101 1459 Πέρσαι,
1131 1391 1268 1463 πρὸς
1295 1391 1395 1445 τοῦ
1441 1390 1727 1462 Ῥωμαίων
1767 1391 1921 1462 βασι-

344 1482 485 1544 λέως,
525 1481 832 1545 σταλέντες.
870 1482 1085 1546 Ὀποτος
1124 1483 1182 1536 δὲ
1222 1486 1250 1538 ὁ
1289 1483 1415 1537 καθ’
1438 1485 1588 1555 ἡμᾶς
1631 1483 1922 1554 βασιλεὺς,

348 1567 598 1633 περιττὸν
631 1566 698 1621 ἂν
733 1568 816 1638 εἴη
855 1567 1039 1637 λέγειν
1064 1610 1079 1633 ,
1140 1570 1485 1642 πραγμάτων
1516 1572 1607 1625 τὸν
1640 1571 1810 1645 ἄνδρα
1841 1572 1925 1626 δι-

345 1656 666 1725 ηγουμένων
703 1660 851 1729 ὑμῖν.
888 1660 1130 1731 Πάρειμι
1156 1662 1253 1731 μὲν
1284 1661 1377 1725 οὖν
1410 1663 1498 1731 ἐφ’
1521 1658 1566 1731 ᾧ
1598 1662 1666 1716 τὰ
1697 1661 1798 1731 τῆς
1819 1662 1922 1733 ἥδη

350 1749 718 1818 γεγενημένης
755 1752 813 1812 ές
844 1751 1187 1822 τελεωτάτην
1218 1753 1445 1824 εἰρήνην
1486 1752 1941 1823 μετασκευάσαι.,

2025 578 2145 632 qua:
2179 564 2429 618 inanimae
2448 572 2535 620 est
2567 565 2708 633 apud
2752 559 2949 617 Persas
2994 562 3349 626 anctmitatis,
3384 563 3603 616 t‘mtuine

2020 652 2450 724 Jesdegusnaph,
2504 653 2596 721 qui
2644 658 2764 706 erat
2803 650 2966 705 etiam
3013 649 3159 719 regis
3207 648 3597 714 cubicularius,

2024 747 2259 801 advenit.
2293 744 2479 816 Legati
2529 746 2690 815 igitur
2726 752 3116 805 convenerunt,
3146 749 3201 797 et
3251 754 3357 795 una
3384 754 3604 810 quoque

2023 852 2145 891 cum
2176 837 2283 891 ill's
2314 838 2553 907 ipsarum
2590 836 2869 905 regionum
2905 834 3001 887 viri
3037 833 3308 902 primarii,
3340 840 3412 887 ut'
3430 832 3496 886 de
3520 832 3611 886 his

2024 929 2188 983 rebus
2212 929 2596 990 deliberarent,
2627 935 2752 980 sunt
2792 926 3132 995 congregati.
3166 925 3320 994 Apud
3343 938 3481 992 quos
3503 923 3606 978 Ee-

2025 1030 2162 1084 trus,
2195 1017 2558 1073 Romanorum
2589 1017 2816 1087 legatus,
2855 1029 2976 1070 cum
3008 1016 3264 1070 omnibus
3296 1013 3605 1082 disciplinis

2024 1110 2178 1164 valde
2198 1110 2467 1173 excultus,
2499 1119 2608 1163 tum
2639 1101 2909 1176 praecipue
2936 1108 2988 1161 iu
3011 1107 3132 1175 jure
3163 1115 3434 1172 versatus,
3458 1123 3477 1158 ι
3503 1105 3609 1158 Ad-

2023 1217 2235 1266 sumus,
2266 1217 2300 1256 o
2326 1198 2655 1261 viriPersaa,
2680 1199 2875 1269 inquit,
2905 1213 2934 1253 a
2967 1198 3331 1253 Romanorum
3369 1198 3606 1267 impera-

2027 1301 2143 1346 tore
2171 1290 2494 1358 missi.0uis
2517 1304 2649 1345 vero
2677 1299 2732 1344 et
2766 1290 2943 1359 qualis
2965 1289 3251 1344 sitnostcr.
3280 1290 3608 1360 imperator,

2025 1397 2417 1451 supervacuum
2464 1389 2549 1437 est
2597 1382 2798 1436 dicere.
2846 1382 3055 1435 Etenim
3089 1381 3205 1452 ejus
3248 1396 3412 1450 opera
3453 1380 3610 1437 vob's

2025 1475 2198 1527 virum
2225 1474 2600 1528 demonstrant
2626 1483 2678 1529 et
2712 1474 2973 1528 indicant.
2997 1473 3200 1529 Adsum
3235 1474 3393 1542 igitur
3415 1482 3471 1525 ut
3494 1472 3605 1541 jam

2028 1566 2190 1620 initas
2216 1576 2268 1619 et
2301 1567 2475 1621 factas
2509 1566 2900 1621 conventinnes
2927 1568 2994 1618 ad
3032 1566 3327 1634 perfectam
3353 1575 3408 1618 et
3437 1566 3608 1618 abso-

2026 1656 2190 1710 lutam
2225 1672 2410 1726 pacem
2456 1658 2756 1712 traducam.
2790 1656 2904 1726 Ego
2939 1671 3068 1711 vero
3110 1657 3341 1725 primum
3373 1655 3518 1725 quali
3554 1664 3612 1709 et

2027 1760 2190 1815 quam
2239 1747 2444 1816 potenti
2493 1762 2613 1800 cum
2672 1750 2869 1816 populo
2920 1746 3216 1800 amicitiam
3267 1746 3603 1800 contractuvi

363 1838 695 1903 Ἀναδιδάξαι
725 1840 781 1893 δὲ
814 1840 1078 1912 βούλομαι
1111 1843 1376 1913 πρότερον
1404 1844 1540 1915 πρὸς
1569 1845 1689 1898 οἷαν
1713 1845 1758 1877 ³⁸
1789 1845 1919 1915 ὑμῖν

2033 1840 2166 1903 sitis,
2192 1838 2655 1895 vobisostendere
2689 1840 2831 1896 volo.
2860 1839 3012 1907 Quod
3037 1840 3079 1893 si
3113 1838 3312 1892 inultus
3338 1838 3390 1890 in
3427 1837 3605 1891 dicett~

347 1930 623 1984 πολιτείαν
649 1933 743 1984 καὶ
772 1932 905 2001 ὅσην
929 1934 988 1985 at
1018 1933 1244 1986 σπονδαὶ
1272 1932 1756 2006 βεϐαιωθήσονται.
1777 1935 1919 1989 Ἀλλ’

345 2022 391 2075 εί
435 2021 528 2075 καί
569 2039 654 2086 τις
703 2023 1143 2096 μεγαλοῤῥήμων
1183 2019 1322 2078 εἶναι
1365 2024 1526 2091 δόξω,
1566 2027 1628 2079 τὸ
1675 2028 1922 2082 συνοῖσον

343 2114 678 2184 ἀμφοτέραις
700 2116 823 2178 ταῖς
846 2115 1149 2179 πολιτείαις
1177 2115 1485 2186 θηρώμενοι
1512 2116 1921 2187 μὴάχθεσθῆτε

341 2210 412 2273 τῇ
450 2207 852 2279 περιττολογίᾳ.
888 2209 1003 2262 Οὐκ
1042 2209 1100 2272 ἐς
1143 2208 1363 2279 μακρὰν
1396 2208 1506 2280 γὰρ
1545 2211 1602 2262 ὲν
1636 2210 1807 2263 δέοντι
1843 2210 1923 2264 δηῦ-

343 2297 486 2369 ξει²⁶
521 2296 589 2350 τὰ
632 2298 861 2361 τοιαῦτα
899 2299 1174 2370 λελέχθαι,
1213 2301 1645 2372 ὲπαινεθήσομαί
1684 2319 1744 2356 τε
1784 2303 1922 2374 πρὸς

343 2388 518 2457 ὑμῶν,
547 2388 656 2442 τῶν
685 2391 1028 2461 πραγμάτων
1058 2392 1203 2462 ὑμᾶς
1235 2393 1702 2448 ἀναδιδασκόντων
1730 2396 1829 2466 τὴν
1856 2397 1921 2450 ὲκ

342 2479 452 2532 τῶν
480 2479 654 2548 λόγων
680 2469 975 2549 ὠφέλειαν(
997 2483 1324 2554 Γενήσονται,
1348 2483 1527 2538 τοίνυν
1555 2484 1683 2555 ὑμῖν
1711 2488 1765 2538 αἱ
1798 2485 1923 2552 ξυν-

344 2573 509 2640 θηκαι
529 2572 666 2642 πρὸς
690 2572 1015 2642 Ῥωμαίους.
1029 2573 1282 2645 ’Λρκέσει
1304 2575 1362 2629 δὲ
1384 2575 1691 2647 Ῥωμαίους
1712 2579 1886 2630 εἰπεῖν
1905 2593 1921 2607 ο

341 2664 494 2732 δηλοῖ
533 2665 641 2735 γὰρ
666 2668 719 2735 ,ἠ
759 2666 1204 2736 προσηγορία,τὰ
1245 2668 1563 2737 λειπόμενα.
1599 2669 1794 2740 Χρεὼν
1829 2667 1923 2722 οὖν

346 2756 520 2824 ὑμᾶς,
547 2757 624 2820 ὼς
651 2759 786 2827 πρὸς
812 2759 1079 2830 τοσαύτην
1106 2760 1383 2814 πολιτείαν
1410 2762 1799 2831 σπεισομένους
1829 2761 1924 2815 καὶ

343 2849 407 2900 οὐ
436 2850 566 2919 περὶ
598 2849 846 2919 βραχέων
875 2849 1318 2921 βουλευομένους,
1346 2851 1417 2904 τὰ
1444 2852 1708 2906 κάλλιστά
1736 2870 1795 2905 τε
1829 2852 1923 2906 καὶ

349 2938 660 2999 συνοίσοντα
690 2940 891 3010 μᾶλλον
922 2940 1164 3005 ἑλέσθαι,
1194 2942 1287 2996 καὶ
1315 2943 1437 2996 ἀντὶ
1462 2943 1572 2996 τῶν
1597 2943 1804 3014 ἀδήλων
1828 2943 1922 2997 toﬁ

350 3030 589 3101 πολέμου
619 3032 682 3084 τὸ
716 3032 1118 3102 προδηλότατον
1148 3034 1312 3087 πᾶσιν
1343 3032 1686 3104 ἀνθρώποις,
1715 3034 1815 3105 τὴν
1844 3036 1946 3086 εἰ-.

357 3123 545 3193 ρὴνην,
577 3123 786 3191 ἀγαθὸν
816 3124 1180 3190 ἀσπάζεσθαι.
1216 3126 1327 3179 Καὶ
1364 3126 1438 3195 μή
1473 3143 1558 3188 τις
1595 3126 1741 3195 ὑμᾶς
1774 3128 1921 3180 ἁπα-

350 3214 493 3267 τάτω
524 3215 817 3284 λογισμὸς,
850 3215 1281 3285 ὼςννενικήκατε
1308 3217 1646 3288 Ῥωμαίους,
1681 3219 1927 3289 ἐπηρμέ-

346 3320 427 3357 νοι
457 3305 533 3374 τῷ
561 3307 662 3375 τὴν
695 3305 1026 3376 Ἀντιόχειαν
1060 3305 1262 3360 ἁλῶναι
1297 3308 1438 3378 πρὸς
1464 3307 1628 3377 ,ὑμῶν
1661 3308 1756 3360 καὶ
1788 3308 1927 3363 ἄττα

360 3394 645 3466 Ῥωμαῖκὰ
673 3396 867 3469 χωρία,
893 3397 966 3451 Τὸ
990 3398 1100 3468 γὰρ
1124 3398 1465 3469 ὑπερὸἁλλον
1487 3399 1586 3470 τῆς
1612 3398 1945 3472 Ῥωμαῖκῆς

346 3488 601 3557 εὐτυχίας
634 3491 663 3542 ὁ
683 3490 815 3553 Θεὸς
850 3491 1111 3544 ἐκόλασεν
1142 3493 1201 3543 ἐν
1229 3490 1426 3560 τούτῳ,
1457 3490 1537 3562 τῷ
1573 3491 1649 3562 μὴ
1679 3491 1925 3562 νομίζειν

343 3574 633 3645 ἄνθρωπον
663 3578 952 3650 ἀνθρώπου
987 3581 1269 3651 διαφέρειν
1301 3580 1460 3643 πολύ.
1495 3581 1605 3634 Καὶ
1644 3581 1694 3634 εί
1734 3581 1835 3651 μὲν
1864 3581 1927 3636 τὸ

347 3666 515 3736 φύσει
555 3669 767 3723 δίκαιον
811 3671 1071 3742 ἐκράτει,
1115 3669 1241 3725 οὔτε
1291 3672 1539 3743 ῥητόρων
1580 3669 1704 3725 οὔτε
1745 3672 1928 3743 νόμων

345 3759 638 3829 ἀκριϐείας
674 3758 800 3813 οὕτε
838 3762 945 3831 μὴν
981 3761 1277 3831 ἐκκλησίας
1316 3762 1414 3817 καὶ
1448 3762 1548 3831 τῆς
1586 3763 1716 3831 περὶ
1752 3761 1929 3816 ταῦτα

348 3852 623 3916 ποικιλίας
653 3850 762 3907 τῶν
789 3852 964 3920 λόγων
992 3853 1100 3906 ἔδει
1125 3868 1138 3882 ⁸
1170 3853 1473 3922 αὐθαίρετα
1508 3852 1619 3923 γὰρ
1647 3855 1759 3914 τοῖς
1799 3853 1926 3924 βιω-

347 3943 538 4010 φελέσι
567 3944 678 3997 τῶν
707 3945 1051 4014 πραγμάτων
1080 3943 1490 4015 προσετέθημεν
1514 3945 1583 3998 ³⁷.
1619 3944 1838 4016 Ἐπειδὴ
1870 3945 1927 3998 δὲ

348 4036 549 4097 πάντες
594 4036 872 4107 ἄνθρωποι
920 4037 1104 4090 δίκαια
1156 4036 1490 4091 καθεστάναι
1539 4036 1834 4108 νομίζομεν
1857 4038 1926 4103 ⁸⁸,

348 4126 573 4195 προσδεῖ
596 4127 640 4158 ²⁹
682 4128 776 4180 καὶ
817 4127 916 4197 τῆς
962 4131 1027 4180 ὲκ
1068 4128 1176 4180 τῶν
1219 4126 1393 4194 λόγων
1434 4127 1721 4198 τερθρείας
1772 4128 1925 4197 ἡμῖν.

347 4220 653 4289 Τοιγαροῦν
687 4220 781 4273 καὶ
817 4221 874 4283 ἐς
913 4220 1211 4290 ἐκκλησίαν
1253 4219 1712 4290 ξυνεληλύθαμεν,
1747 4219 1823 4282 ὡς
1862 4219 1929 4273 ἂν

350 4311 637 4381 πείσοιμεν
655 4312 700 4343 ³⁸
741 4311 964 4366 ’ἐκαστοι
1005 4314 1130 4375 τοὺς
1151 4313 1194 4345 ³⁸
1232 4311 1498 4382 δεινότητι
1540 4311 1718 4379 λόγων
1759 4312 1932 4364 ἐπιει-

348 4405 467 4466 κεῖς
502 4400 666 4457 εἶναι.
687 4404 813 4456 Ὅτι
848 4403 948 4473 μὲν
977 4403 1070 4458 οὖν
1104 4404 1311 4472 ἀγαθὸν
1345 4405 1536 4474 εἰρήνη
1575 4405 1672 4458 καὶ
1704 4405 1929 4457 τούναν-

2029 1929 2100 1984 do
2122 1942 2243 1983 esse
2267 1928 2510 1994 videbor,
2541 1937 2718 1984 tamen
2745 1931 2886 1999 quod
2912 1929 3175 1984 Romanis
3198 1937 3251 1983 et
3276 1928 3458 1985 Persis
3480 1942 3611 1980 con-

2029 2021 2189 2074 ducat
2222 2021 2602 2089 respicientes,
2635 2036 2822 2090 qumso
2864 2036 2936 2076 ne
2965 2020 3231 2075 orationis
3279 2017 3611 2086 longitudine

2027 2112 2399 2167 oti‘eudamini.
2440 2111 2574 2166 Nam
2607 2114 2781 2177 brevi,
2815 2114 2928 2167 haec
2952 2122 3259 2183 Opportune
3292 2111 3434 2163 dicta
3466 2120 3629 2171 esse;

2031 2204 2333 2273 apparebit,
2374 2208 2451 2272 et:
2470 2204 2682 2260 laudem
2721 2219 2753 2260 a
2786 2204 2943 2260 vobis
2985 2217 3315 2273 consequar,
3349 2217 3472 2256 cum
3519 2215 3607 2255 res

2031 2298 2162 2364 ipsa!
2198 2294 2358 2366 135.
2388 2310 2484 2351 vos
2513 2297 2797 2351 docuerint
2826 2312 2943 2352 eam
2962 2311 3122 2366 quam
3141 2310 3213 2349 ει·
3232 2295 3475 2350 oratione
3493 2307 3611 2347 mea

2030 2388 2256 2457 capietis
2288 2388 2599 2443 utilitatem.
2654 2389 2757 2444 Vos
2801 2389 2968 2459 igitur
3004 2387 3182 2443 fmdus
3215 2394 3270 2442 et
3309 2385 3619 2441 amicitiam

2029 2482 2361 2536 contrahatis
2390 2496 2511 2535 cum
2550 2480 2841 2547 Romanis;
2876 2481 3077 2537 snﬂicit
3116 2495 3246 2534 vero
3278 2480 3460 2533 dicere
3503 2477 3612 2532 Ro-

2036 2582 2242 2625 manos.
2278 2570 2492 2625 Etenim
2531 2571 2633 2624 hac
2671 2571 2786 2626 sola
2827 2570 3268 2627 denominatione
3295 2568 3504 2637 reliqua
3530 2566 3613 2621 fa-

2034 2662 2137 2718 ἄιε
2163 2662 2559 2733 intelliguntur.
2587 2648 2813 2731 Oportet
2835 2662 3020 2733 igitur,
3049 2662 3488 2733 quandoquidem
3517 2675 3616 2716 vos

2035 2767 2157 2806 cum
2185 2761 2293 2807 tam
2325 2753 2534 2824 potenti
2563 2764 2722 2822 gente
2747 2754 2923 2809 lendus
2957 2755 3124 2820 initis,
3155 2767 3330 2823 neque
3355 2754 3421 2806 de
3453 2753 3621 2807 rebus

2036 2845 2187 2912 parvi
2234 2847 2491 2900 momenti
2529 2848 2817 2901 consilium
2854 2848 3090 2915 habetis,
3131 2846 3515 2904 honestissima
3559 2853 3616 2898 et

2037 2941 2324 2996 utilissima
2361 2957 2591 3013 qua-que
2643 2958 2928 3014 capessere
2976 2955 3030 3000 et
3076 2961 3173 3013 pro
3216 2944 3441 3001 incertis
3486 2941 3615 3000 belli

2032 3031 2402 3089 certissimum
2461 3033 2714 3088 omnibus
2765 3034 3089 3089 mortalibus
3135 3037 3356 3101 bonum,
3400 3050 3611 3105 pacem,

2034 3121 2285 3191 amplecti
2323 3132 2377 3177 et
2401 3137 2639 3178 servare.
2674 3124 2743 3178 At
2772 3138 2837 3178 ne
2870 3139 2974 3192 qua
3006 3125 3202 3181 blanda
3228 3127 3491 3196 cogitatio
3518 3142 3615 3183 vos

2036 3214 2289 3277 deludat,
2347 3223 2604 3283 tanquam
2648 3215 2927 3271 Romanos
2977 3217 3233 3281 viceritis,
3277 3217 3423 3283 elati,
3470 3222 3613 3287 qund

2034 3301 2378 3359 Antiochiam
2407 3314 2460 3360 et
2491 3307 2594 3360 alia
2631 3310 2877 3377 quaedam
2904 3309 3155 3379 ignobilia
3190 3309 3329 3375 loca,
3360 3325 3478 3380 qua:
3509 3310 3616 3365 Ro-

2037 3407 2322 3448 manorum
2362 3403 2555 3459 erant,
2596 3398 2838 3465 cepistis,
2887 3399 2939 3452 in
2983 3400 3085 3454 hoc
3113 3398 3258 3454 Deus
3302 3399 3613 3455 felicitatem

2035 3483 2428 3549 Romanorum,
2456 3501 2576 3556 qua:
2611 3487 2775 3541 nimia
2812 3497 2950 3555 erat,
2974 3491 3199 3558 punivit,
3224 3505 3405 3562 neque
3436 3492 3615 3546 homi-

2038 3590 2161 3630 nem
2216 3577 2441 3633 homine
2486 3579 2713 3633 multmn
2762 3591 3024 3650 praestare
3075 3582 3270 3637 debere
3332 3584 3612 3640 indicavit.

2036 3664 2189 3732 Quod
2227 3668 2272 3723 si
2302 3669 2446 3736 quod
2480 3679 2675 3723 natura
2695 3670 2900 3740 justum
2936 3682 3024 3727 est
3052 3672 3446 3738 dominaretur,
3481 3675 3625 3733 nihil

2035 3774 2171 3828 Opus
2196 3770 2340 3815 esset
2383 3774 2555 3829 neque
2595 3762 2896 3826 rhetorum,
2936 3778 3112 3834 neque
3159 3765 3339 3836 legum
3374 3768 3518 3821 cultu
3561 3778 3655 3821 ct-

2035 3851 2332 3921 diligeutia,
2369 3867 2468 3907 nec
2494 3854 2872 3921 concionibus,
2896 3864 2991 3910 aut
3013 3857 3318 3912 orationum
3345 3857 3613 3924 ubertate,

2036 3957 2158 4013 qua:
2185 3945 2237 3997 in
2264 3944 2346 3999 his
2373 3955 2683 4014 usurpatur.
2709 3945 2912 4017 Sponte
2937 3948 3081 4002 enim
3113 3964 3293 4004 rerum
3327 3950 3613 4006 utilitatem

2036 4045 2412 4099 sequeremur.
2461 4033 2566 4089 Sed
2614 4050 2781 4104 quum
2807 4050 3000 4093 omnes
3041 4040 3316 4106 mortales,
3352 4057 3473 4112 qua:
3511 4042 3613 4097 sibi

2037 4124 2275 4192 placent,
2293 4125 2438 4194 justa
2469 4139 2589 4180 esse
2613 4127 2776 4181 velint
2806 4146 2822 4182 :
2855 4130 3015 4184 etiam
3045 4132 3308 4187 orationis
3345 4133 3617 4190 illecebris

2039 4216 2195 4270 nobis
2228 4231 2363 4285 opus
2412 4230 2521 4272 est.
2564 4217 2715 4275 Hanc
2762 4222 2831 4276 ob
2874 4237 3093 4277 causam
3139 4227 3510 4295 convenimus,
3560 4238 3620 4281 ut
3652 4270 3665 4283 ι

2039 4311 2414 4381 unusquisque
2440 4322 2686 4368 nostrum
2719 4316 2936 4370 evincat
2971 4320 3236 4381 orationis
3269 4321 3319 4374 vi
3358 4329 3410 4374 et
3437 4324 3618 4391 gravi—

2040 4412 2171 4469 tate,
2206 4419 2266 4459 se
2297 4405 2505 4473 justum
2541 4423 2683 4461 esse.
2718 4408 2913 4464 Pacem
2950 4426 3078 4466 vero
3110 4411 3304 4467 bonum
3333 4428 3474 4477 esse,
3504 4416 3619 4471 bels

346 4499 464 4553 τίον
498 4486 736 4569 πονηρὸν
764 4501 794 4553 ό
825 4500 1087 4570 πόλεμος,
1119 4500 1298 4564 οὐδεὶς
1334 4502 1570 4571 ἀντερεῖ.
1598 4500 1662 4554 Ei
1692 4500 1802 4569 γὰρ
1828 4500 1928 4554 ,καὶ

2039 4492 2148 4547 lum
2212 4504 2395 4551 autem
2454 4513 2567 4552 rem
2610 4500 2831 4566 malam,
2884 4515 3044 4556 nemo
3089 4502 3321 4570 dubitat,
3379 4506 3615 4575 etiamsi,
3658 4570 3661 4573 _

348 4593 506 4661 παρὰ
532 4590 631 4661 τὴν
662 4591 847 4659 κοινὴν
876 4593 985 4645 τῶν
1015 4590 1320 4661 ἀνθρώπων
1349 4592 1507 4653 δόξαν
1540 4591 1755 4661 βέϐαιον
1786 4594 1929 4662 ἡγη-

352 4680 561 4751 σόμεθα
594 4682 654 4733 τὸ
684 4683 865 4752 νικᾷν,
899 4675 1056 4751 οἶμαι
1085 4681 1177 4735 τὸν
1207 4683 1530 4750 νενικηκότα
1560 4682 1798 4735 κάκιστα
1833 4685 1934 4754 ζῇν

351 4774 413 4840 ἐξ
440 4767 517 4827 ὧν
539 4771 868 4843 δακρύουσιν
894 4772 1095 4843 ἕτεροι.
1120 4771 1277 4826 Οὕτω
1304 4772 1477 4841 δήπου
1507 4773 1685 4825 καὶτὸ
1714 4778 1936 4844 κρατεῖν

349 4866 623 4938 λυπηρὸν,
654 4868 728 4935 μή
765 4866 818 4919 τί
858 4882 920 4934 γε
959 4865 1019 4917 τὸ
1059 4863 1381 4932 κρατεῖσθαι
1416 4864 1810 4935 λυπηρότερον.
1845 4866 1938 4927 Διὸ

348 4959 533 5012 τοίνυν
574 4960 601 5012 ό
645 4957 768 5011 καθ’
794 4959 941 5027 ἡμᾶς
982 4954 1235 5026 βασιλεὺς
1279 4956 1590 5009 ἀπέσταλκε
1635 4959 1935 5028 σπεισομέ-

352 5067 484 5113 νους
519 5051 671 5120 ἡμᾶς
715 5050 808 5103 καὶ
840 5048 1145 5120 προτέρους
1185 5045 1564 5112 ίκετεὺσοντας
1601 5049 1936 5103 καταθέσθαι

352 5141 451 5193 τὸν
481 5138 746 5209 πόλεμον,
769 5140 869 5208 οὐχ
894 5137 971 5201 ὡς
1001 5136 1188 5200 δεδιὼς
1221 5136 1417 5209 μὲνίτὰ
1446 5136 1706 5206 πολέμια,
1740 5138 1937 5206 φοίὶού-
1978 5179 1995 5195 .

358 5248 525 5302 μενος
571 5232 665 5295 δὲ,
721 5231 799 5301 μὴ
847 5230 1215 5301 προφθάσοιτε
1263 5227 1637 5297 διαλεγόμενοι
1683 5228 1963 5300 πρότεροι.

356 5325 495 5395 περὶ
518 5327 619 5396 τῆς
652 5325 877 5396 εἰρήνης
904 5326 1004 5396 τῆς
1038 5323 1300 5393 φιλτάτης
1333 5322 1495 5392 ἡμῖν.
1517 5321 1610 5391 Μὴ
1642 5320 1779 5392 δῆτα
1810 5316 1939 5386 οὖν,

2040 4593 2230 4639 contra
2281 4586 2356 4651 id,
2385 4591 2528 4656 quod
2572 4591 2731 4661 vulgo
2760 4591 3010 4645 homines
3060 4595 3371 4663 opinantur,
3411 4608 3618 4653 certum

2041 4675 2497 4745 exploratumque
2518 4678 2853 4734 haberemus
2881 4681 3278 4737 uosvietoriam
3306 4685 3621 4753 adepturos,
3666 4746 3673 4749 τ

2041 4769 2233 4836 opinor
2257 4778 2461 4831 tamen,
2490 4772 2746 4840 eum,qui
2774 4771 2927 4835 vicit,
2959 4773 3251 4831 infeliciter
3272 4791 3451 4846 agere,
3479 4780 3623 4847 quod

2044 4859 2272 4914 alterum
2312 4860 2548 4929 graviter
2576 4861 2827 4917 amictum
2877 4864 3044 4918 videt.
3088 4864 3183 4920 Sic
3219 4868 3381 4935 igitur
3408 4870 3626 4925 vincere

2046 4967 2263 5021 quoque
2303 4953 2592 5008 molestum
2628 4963 2731 5019 est,
2767 4956 2871 5009 etsi
2901 4956 3041 5012 vinci
3070 4967 3152 5013 est
3180 4962 3483 5016 molestius.
3515 4959 3625 5016 Ita-

2047 5059 2153 5114 que
2182 5055 2371 5099 noster
2398 5045 2692 5114 imperator
2717 5046 2864 5101 misit
2892 5062 3010 5114 nos,
3035 5060 3093 5104 ut
3120 5050 3325 5107 fmdera
3345 5053 3622 5109 vobiscum

2049 5136 2337 5202 iniremus,
2363 5146 2417 5190 et
2448 5137 2657 5205 prietes
2679 5140 3118 5209 deprecaremur,
3150 5154 3204 5197 ut
3236 5145 3429 5199 bellum
3454 5146 3620 5214 depo-
3658 5194 3661 5199 .

2052 5230 2197 5283 natis
2233 5247 2248 5283 :
2287 5243 2394 5283 non
2433 5230 2575 5298 quod
2609 5230 2797 5285 timeat
2841 5231 3129 5291 adversam
3177 5235 3298 5291 belli
3332 5236 3622 5304 fortunam,

2048 5319 2144 5375 sed
2176 5335 2245 5376 ne
2271 5334 2392 5374 eum
2426 5322 2837 5390 praeveniatisin
2864 5339 3014 5395 pace,
3042 5342 3161 5397 quae
3184 5327 3341 5382 nobis
3370 5338 3473 5382 tam
3498 5342 3621 5381 cara
3660 5375 3673 5385 .

1664 5461 1901 5518 VAlll/E
1945 5462 2335 5519 LECTIONES

440 5589 486 5620 ι’
513 5583 1280 5661 ἀξίωμαῗτδ-Ηη-ᾁξιῴματι
1318 5568 1464 5661 vulg.
1522 5580 1587 5661 ,ξ’
1613 5580 1777 5634 αὐτὸν
1806 5579 1896 5661 iis“.
1927 5578 2078 5661 αὑτῷ
2115 5578 2260 5661 vulg.
2338 5578 2468 5661 ‘fnév
2498 5578 2683 5661 ταδὶ-τῷ
2717 5579 2800 5661 Βζ,
2831 5583 2888 5661 ἐν
2913 5579 3248 5661 auctir-vulg,
3314 5583 3359 5614 "
3389 5582 3509 5661 οξαν
3536 5584 3625 5661 lla;

359 5653 456 5713 οἷα
487 5659 630 5729 vulg.
659 5653 672 5660 ’
708 5656 918 5722 Μδόξει
969 5654 1050 5729 Cl.
1088 5653 1444 5729 Δδείξει-ναις.

360 5730 416 5761 ⁸³
479 5723 703 5799 προσδεῖ
759 5728 852 5796 Ν.,
897 5725 1036 5795 πρὸς
1083 5724 1148 5794 δὴ
1192 5723 1338 5794 vulg.

362 5799 492 5856 add.
525 5800 589 5855 N.

1522 5652 1564 5683 ⁸⁷
1624 5650 1930 5721 προσετέθη
1964 5650 2065 5721 μὲν
2105 5650 2252 5721 vulg.

1436 5722 1483 5755 ”
1517 5721 1779 5790 πείσομεν
1822 5719 1925 5774 ed.
1963 5720 2083 5774 Par.
2161 5720 2203 5752 ³¹
2233 5719 2453 5774 ἕκαστοι
2499 5719 2647 5789 τοὺς]

2361 5649 2408 5681 ’⁸
2457 5647 2774 5723 νομξξρὲιεν]
2815 5651 2913 5723 τάκ
2944 5647 3317 5723 κεχαρισεξένα
3371 5653 3498 5723 τυπά-
3562 5647 3627 5708 Νι

2679 5721 2827 5790 ἡμᾶς
2854 5721 3053 5783 αὐτοὺς
3097 5721 3242 5792 conj.
3292 5722 3377 5790 8.,
3435 5722 3643 5788 ἄλλους,
