4076 6444
451 321 558 388 .839

1341 313 1735 375 EXCERPTA
1768 312 1872 371 EX
1905 310 2333 372 MENANDRO
2365 310 2859 372 PROTECTORE
2938 327 2945 335 '

3599 311 3719 373 8ίῦ

456 440 784 485 meraturnm
816 434 1054 483 caveret.
1095 424 1253 496 137
1292 423 1512 478 Paetum
1557 437 1774 493 quoque
1812 432 1917 486 est,
1966 429 2027 476 ut

2135 421 2334 491 ἔϐησαν
2367 422 2424 477 δὲ
2474 422 2570 475 καὶ
2621 425 2678 485 ἐς
2716 422 2919 489 τοῦτο,
2963 420 3106 475 ὥστε
3155 423 3299 477 κατὰ
3347 423 3477 493 μίαν
3512 426 3710 496 μοῖραν

456 522 744 576 Persarum
773 532 863 570 rex
900 516 1205 571 cautionem
1245 514 1633 581 interponeret,
1662 527 1744 576 se,
1777 510 2023 566 simulat-

455 629 562 683 que
591 627 816 677 aurum,
848 608 991 677 quod
1035 605 1325 676 stipulatus
1357 612 1496 668 erat,
1532 619 1631 673 pro
1663 604 1835 658 tribus
1868 598 2040 658 aunis'

458 706 776 774 recepisset,
819 699 1129 755 securitatis
1164 699 1372 750 litteras
1406 696 1722 764 imperatori
1771 694 2024 749 Romano

458 799 803 854 traditurum.
827 793 893 846 Et
912 790 1138 845 Romani
1167 787 1511 856 imperatoris
1534 788 1685 857 pacis
1708 787 2024 841 ratihabitio

457 891 671 947 solitam
697 902 805 956 prae
824 900 884 939 se
908 882 1115 936 ferebat
1149 881 1579 947 inscriptionem,
1600 894 1720 948 qua:
1745 881 1876 933 satis
1901 888 2023 933 nota

459 992 562 1038 est.
616 979 900 1033 Persarum
954 989 1079 1029 vero
1120 972 1264 1042 regis
1313 971 1530 1025 Persica
1585 971 1761 1040 lingua
1810 970 2027 1038 scripta;

457 1073 620 1129 verba
656 1069 841 1124 Graece
872 1068 985 1121 hazc
1013 1075 1247 1119 sonant:
1278 1082 1296 1114 ι
1340 1062 1581 1125 Divinus,
1611 1063 1805 1126 bonus,
1838 1062 2026 1130 pacili-

454 1179 572 1227 cus,
602 1172 847 1216 summus
880 1157 1146 1226 princeps,
1177 1155 1469 1218 Chosroes,
1503 1168 1599 1208 rex
1636 1167 1842 1221 regum,
1876 1150 2029 1217 felix,

453 1253 592 1320 pius,
649 1248 947 1311 beneficus,
1004 1246 1088 1299 cui
1145 1244 1225 1297 Dii
1265 1260 1517 1313 magnum
1563 1241 1849 1312 imperium
1903 1256 2024 1294 cum

455 1341 663 1411 magnis
683 1339 875 1409 opibus
902 1337 1262 1401 indulserunt,
1289 1336 1438 1404 gigas
1472 1334 1770 1404 gigantum,
1806 1333 1872 1387 ad
1896 1333 2024 1387 deo-

456 1450 570 1487 rum
598 1432 873 1499 exemplar
906 1428 1255 1497 compositus,
1278 1425 1587 1480 Iustiniano
1616 1424 1839 1490 Caesari,
1870 1423 2030 1480 fratri

455 1535 663 1580 nostro.
705 1543 722 1575 ι
760 1524 935 1593 Atque
975 1520 1254 1589 inscriptio
1287 1528 1406 1573 erat
1437 1518 1767 1585 huiusmodi.
1802 1517 1896 1571 Vis
1933 1532 2029 1570 au-

457 1630 561 1670 lem
609 1630 831 1679 eorum,
867 1628 983 1683 qum
1029 1613 1418 1683 comprehensa
1465 1621 1588 1669 sunt
1640 1611 1856 1673 litteris,
1909 1609 2033 1664 talis

453 1709 569 1762 l'n‘t.
616 1705 865 1760 ltel'eram
898 1720 997 1772 ego
1053 1704 1224 1772 ipsam
1269 1702 1554 1757 verborum
1605 1708 1931 1756 structuram
1977 1710 2032 1756 et

2130 512 2414 582 προελθεῖν
2450 514 2496 546 δ’
2535 512 2634 585 τὴν
2679 513 3023 583 καλουμένην
3065 512 3276 585 σάκραν
3331 514 3397 566 ἐκ
3437 513 3533 568 τοῦ
3590 517 3711 569 Ρω-

2133 605 2309 675 μαίων
2340 605 2627 672 βασιλέως,
2675 604 3152 676 ὲπιψηφιζομένην
3186 605 3315 677 περὶ
3352 604 3463 659 τῶν
3506 607 3711 678 προδο-

2132 697 2447 768 θησομένων
2486 698 2785 768 χρημάτων
2826 697 2928 765 τῆς
2973 696 3220 767 τριετίας
3270 698 3409 767 μετὰ
3437 697 3531 750 τδν
3558 696 3714 750 ἐϐδο-

2134 804 2233 856 μον
2289 786 2576 854 ἐνιαυτὸν,
2639 786 2716 851 ὡς
2779 787 3154 857 καταθήσουσι
3211 785 3385 841 ταῦτα
3446 786 3714 857 Ῥωμαῖοι

2130 879 2387 950 Πέρσαις.
2446 878 2729 949 Ἐκυρώθη
2758 880 2829 942 ⁵ο,
2879 878 3024 932 ὥστε
3060 879 3158 932 κα⁸ι
3211 879 3278 932 ὲκ
3307 878 3403 932 τοῦ
3444 877 3712 949 βασιλέως

2131 969 2361 1039 Ηερσῶν
2384 970 2675 1040 ὁμολογίαν
2702 973 2762 1024 έν
2777 969 3069 1042 γράμμασι
3093 970 3398 1040 προελθεῖν,
3419 969 3517 1035 ὡς,
3547 970 3715 1040 ἡνίκα

2133 1062 2454 1133 πορίσαιντο
2482 1064 2527 1099 ⁵⁸
2567 1063 2778 1133 Πέρσαι
2805 1063 2915 1117 τῶν
2941 1062 3111 1134 τριῶν
3154 1062 3293 1116 ἐτῶν
3330 1062 3392 1116 τὸ
3423 1062 3716 1132 ὀφειλόμεο

2132 1172 2224 1208 νον
2278 1156 2501 1227 χρυσίον
2528 1194 2546 1221 ,
2597 1155 2806 1226 βασιλεῖ
2859 1155 3148 1226 Ῥωμαίων
3204 1155 3268 1209 τὸ
3319 1155 3453 1225 περὶ
3503 1154 3717 1209 τοιοῦδε

2136 1246 2494 1316 βεϐαιωτικὸν
2548 1247 2945 1318 ἀναδοθήσεται
3001 1247 3263 1318 γράμμα.
3343 1247 3410 1300 Ἦ
3470 1248 3572 1317 μὲν
3617 1247 3733 1304 τοῦ,

2148 1336 2421 1407 Ῥωμαίου
2454 1337 2857 1409 αὐτοκράτορος
2889 1337 3143 1408 περὶτῆς
3173 1338 3397 1408 εἰρήνης
3427 1335 3735 1406 ὁμολογία,

2133 1429 2231 1501 τὴν
2264 1429 2467 1501 συνήθη
2511 1430 2759 1500 φέρουσα
2805 1429 3155 1501 προγραφὴν,
3184 1429 3463 1500 γνώριμος
3496 1431 3632 1501 ἡμῖν
3660 1432 3719 1493 ἒς

2134 1520 2202 1573 τὰ
2236 1520 2473 1589 μάλιστα
2517 1520 2796 1589 τυγχάνει.
2860 1519 2925 1572 Ἦ
2965 1518 3024 1572 δὲ
3058 1519 3154 1572 τοῦ
3185 1518 3413 1589 Περσῶν
3449 1517 3720 1589 βασιλέως

2137 1610 2433 1683 γράμμασι
2484 1610 2585 1680 μὲν
2618 1610 2834 1682 ἐγράφη
2866 1611 3196 1679 Περσικοῖς,
3239 1612 3306 1680 τῇ
3348 1609 3407 1664 δὲ
3452 1611 3721 1680 Ἑλληνίδι

2140 1703 2292 1772 φωνῇ
2352 1701 2492 1756 κατὰ
2551 1701 2723 1755 ταῦτα
2771 1701 3042 1772 δήπουθεν
3089 1700 3265 1772 ἰσχύει
3323 1702 3394 1755 τά
3431 1703 3717 1773 ῥήματα·

452 1799 881 1865 dispositionem.
912 1794 1287 1849 Necessarium
1310 1793 1454 1847 enim
1480 1808 1604 1848 esse
1631 1793 1758 1849 duxi
1790 1810 1894 1847 non
1922 1792 2026 1848 ali-

2137 1812 2156 1845 ι
2182 1793 2356 1858 Θείος,
2403 1793 2631 1861 ἀγαθὸς,
2669 1793 3110 1865 εἰρηνοπάτριος,
3161 1794 3392 1863 ἀρχαῖος
3441 1794 3719 1864 Χοσρόηςς

454 1902 539 1957 ter
568 1890 766 1954 facere,
805 1903 873 1943 ne
908 1887 1029 1956 quis
1058 1886 1446 1955 suspicaretur,
1472 1900 1534 1939 ex
1568 1886 1796 1939 veritate
1823 1886 2028 1953 aliquid

453 2001 483 2038 a
513 1998 598 2036 me
632 1983 994 2035 immutatum.
1021 1978 1149 2037 llaec
1175 1979 1253 2032 sic
1275 1994 1335 2032 se
1361 1978 1564 2033 habent
1590 1996 1604 2033 :
1637 1976 1896 2032 cGtratias
1917 1977 2031 2047 agi—

455 2094 576 2133 mus
605 2075 834 2131 Caesaris
863 2072 1188 2135 fraternitati
1215 2086 1313 2141 pro
1344 2087 1474 2141 pace
1502 2072 1643 2127 inter
1671 2072 1772 2127 ista
1805 2071 1913 2127 duo
1951 2087 2032 2127 re-

455 2184 556 2241 gna
587 2165 914 2222 consrituta.
947 2164 1062 2218 Nos
1094 2162 1313 2232 quidem
1345 2160 1809 2232 Jesdegusnapho,
1846 2162 2031 2218 divino

452 2257 788 2313 cubiculario
816 2266 1021 2318 nostro,
1036 2254 1297 2320 iussimus
1317 2262 1377 2307 et.
1399 2261 1728 2320 potestatem
1758 2253 2035 2320 dedimus,

452 2351 506 2407 id
535 2348 737 2421 ιιι-εοήί
765 2346 1054 2401 coniicere.
1080 2344 1419 2398 Fraternitas
1445 2353 1623 2397 autem
1653 2343 1885 2399 Caesaris
1910 2345 2046 2412 ejus-

452 2443 888 2512 procurationem
922 2438 1104 2502 Petro,
1143 2434 1505 2492 Romanorum
1540 2436 1819 2505 magistro,
1846 2447 1901 2491 et
1924 2435 2028 2490 Eu.

453 2533 604 2599 schio
636 2529 929 2605 commisit,
958 2540 1015 2581 ut
1053 2528 1120 2581 de
1148 2540 1281 2594 pace
1321 2526 1652 2595 colloquium
1692 2529 1952 2581 haberent
1979 2536 2035 2581 et

453 2631 770 2679 tractarent.
801 2622 863 2675 Et
882 2619 1098 2689 quidem
1124 2617 1345 2687 Zichus,
1369 2626 1422 2673 et
1444 2618 1533 2684 qui
1559 2632 1587 2671 a
1618 2617 1880 2681 Romanis
1915 2634 2031 2680 una-

452 2718 618 2787 gister
649 2716 866 2779 dicitur,
901 2722 955 2766 et
984 2711 1270 2775 Eusebius,
1304 2724 1364 2766 re
1394 2710 1542 2767 inter
1569 2723 1628 2763 se
1658 2708 1951 2763 deliberata
1978 2718 2041 2769 et,

453 2820 739 2877 perpensa,
770 2811 1140 2859 tractaverunt
1168 2809 1233 2859 et,
1256 2800 1308 2853 in
1340 2798 1556 2866 scriptis
1591 2798 1909 2865 redegerunt
1939 2814 2037 2867 pa-

452 2916 571 2959 cem
607 2901 659 2955 in
684 2898 1074 2967 quinquaginta
1107 2909 1279 2947 annos
1294 2891 1484 2951 Persis
1508 2904 1562 2946 et
1604 2890 1862 2946 Romanis
1887 2907 2030 2953 esse,

452 3003 509 3045 et
534 3006 654 3059 quae
684 2989 888 3055 scripta
912 2995 1056 3049 sunt,
1088 2985 1203 3039 suis
1232 2983 1738 3052 sigillisimpressis
1761 2983 2026 3051 approhav

453 3086 668 3133 verunt.
707 3074 891 3141 Itaque
930 3087 1029 3135 nos
1056 3071 1258 3132 omnia,
1305 3085 1426 3138 quae
1467 3068 1667 3124 Zichus
1694 3079 1749 3127 et
1780 3069 2035 3138 magister

454 3167 820 3223 Romanorum
846 3173 897 3217 et
918 3161 1181 3215 Eusebius
1211 3162 1276 3214 de
1310 3176 1443 3229 pace
1484 3168 1872 3221 convenerunt.
1919 3169 2035 3213 rata

455 3259 611 3312 ﬁrma
644 3256 824 3309 valere
855 3253 1138 3318 volumus,
1174 3261 1232 3304 et
1276 3250 1676 3305 conditionibus
1708 3250 1867 3304 dictis
1917 3260 2031 3303 sla-

456 3359 598 3398 Inus.
639 3363 659 3396 ι
693 3345 758 3397 Et.
790 3344 899 3397 ista
926 3341 1139 3411 quidem
1172 3340 1235 3393 ad
1271 3339 1495 3394 verbum
1528 3339 1598 3393 ita
1634 3340 1831 3409 seripta
1859 3355 1918 3393 se
1940 3341 2034 3392 ha-

454 3432 673 3488 bebant.
699 3432 898 3487 Eodem
928 3446 1091 3485 sensu
1114 3414 1481 3485 Romanordm
1524 3431 1872 3500 imperatoris
1905 3433 2034 3487 rati-

2133 1885 2386 1956 βασιλεὺς
2431 1884 2721 1955 βασιλέων,
2768 1886 3029 1956 εὐτυχὴς,
3068 1883 3324 1954 εὐσεϐὴς,
3357 1885 3717 1953 ἁγαθοποιὺς,

2130 1969 2282 2045 ᾧτινι
2323 1976 2435 2029 θεοὶ
2467 1976 2710 2047 μεγάλην
2756 1977 2924 2048 τύχην
2945 1977 2992 2008 ⁸³
3019 1976 3116 2030 καὶ
3151 1975 3398 2045 μεγάλην
3431 1974 3741 2046 βασιλείαν,

2130 2065 2418 2133 δεδώκασι,
2447 2068 2613 2135 γίγας
2639 2068 2938 2135 γιγάντων,
2969 2066 3027 2129 ὃς
3057 2068 3123 2120 ἑκ
3147 2064 3286 2120 θεῶν
3313 2067 3724 2138 χαρακτηρίζε-

2133 2176 2247 2226 ται,
2291 2158 2662 2231 Ἰουστινιανῷ
2714 2160 2976 2232 Καίσαρι,
3017 2161 3239 2232 ἀδελφῷ
3266 2162 3539 2231 ἡμετέρῳ.
3578 2180 3599 2212 ι
3655 2161 3723 2213 Ἦ

2141 2250 2243 2321 μὲν
2265 2251 2359 2305 οὖν
2381 2252 2677 2322 προγραφὴ
2706 2250 2850 2305 οὕτω
2881 2267 2959 2323 πη
2989 2252 3206 2324 ἐδήλου,
3244 2252 3388 2323 ἀτὰρ
3422 2253 3455 2323 ή
3489 2253 3724 2322 δύναμις

2129 2344 2242 2397 τῶν
2270 2343 2578 2413 λεχθέντων
2606 2345 2788 2397 τοιάδε
2813 2343 3081 2415 ὑπῆρχεν.
3114 2342 3343 2413 Εἵποιμι
3372 2344 3430 2397 δὲ
3456 2344 3627 2412 αὑτήν
3652 2352 3723 2411 γε

2130 2434 2301 2504 δήπου
2341 2432 2451 2485 τῶν
2503 2433 2681 2501 λόγων
2738 2433 2839 2504 τὴν
2888 2434 3169 2504 συνθήκην
3192 2449 3207 2464 ο
3258 2434 3555 2502 ἀναγκαῖον
3609 2435 3743 2504 γὰρ.

2132 2526 2307 2594 ἔγωγε
2347 2524 2536 2596 ᾠήθην
2577 2525 2815 2596 χρῆσθαι
2860 2525 2964 2579 οὐκ
2991 2526 3185 2592 άλλως,
3215 2527 3291 2589 ὡς
3323 2526 3388 2579 ἂν
3418 2526 3492 2596 μὴ
3525 2527 3724 2579 ὑποτο-

2133 2618 2300 2684 πήσοι
2336 2630 2421 2677 τις
2467 2614 2631 2684 ἑτέρᾳ
2670 2615 2872 2683 φράσει
2910 2614 3369 2685 παρατετράφθαι
3424 2633 3478 2667 τι
3529 2615 3637 2668 τῶν
3674 2615 3747 2649 ⁸⁸-

2132 2705 2348 2774 ἀληθῶς
2377 2705 2424 2738 ⁸⁸
2455 2746 2471 2761 .
2501 2745 2516 2760 .
2552 2745 2567 2762 .
2599 2701 2748 2775 εἶχεν
2790 2704 2965 2760 οὕτωσ
3000 2724 3017 2757 ι
3057 2706 3234 2777 χὰριν
3262 2706 3613 2777 άπονέμομεν
3649 2709 3723 2777 τῇ

2132 2798 2457 2867 ἀδελφότητι
2485 2796 2581 2850 τοῦ
2604 2798 2884 2869 Καίσαρος
2920 2799 3048 2867 περί
3083 2798 3182 2868 τῆς
3212 2798 3400 2869 χρείας
3441 2800 3542 2869 τῆς
3564 2800 3725 2869 εἰρή-

2132 2907 2229 2960 νης
2256 2890 2356 2958 τῆς
2388 2889 2593 2958 μεταξὺ
2618 2890 2825 2942 τούτων
2864 2889 2973 2941 τῶν
3022 2888 3116 2942 δύο
3162 2890 3478 2944 πολιτειῶν.
3527 2889 3745 2960 Ἡμεῖς

2138 2981 2237 3050 μὲν
2295 2980 2731 3049 Ἰεσδεγουσνὰφ,
2780 2980 2909 3050 θείῳ
2936 2980 3390 3054 κουϐικουλαρίῳ,
3426 2982 3721 3036 ἐκελεύσα-

2139 3086 2238 3140 μεν
2263 3069 2358 3124 καὶ
2386 3069 2635 3133 ἐξουσίαν
2658 3070 2995 3141 δεδώκαμενο
3023 3074 3056 3142 ή
3092 3072 3392 3143 ἀδελφότης
3439 3073 3533 3127 τοῦ
3573 3074 3721 3128 Καίο

2139 3175 2304 3230 αιρος
2330 3161 2522 3233 Πέτρῳ
2550 3162 2836 3232 μαγίστρῳ
2875 3160 2985 3215 τῶν
3030 3162 3321 3233 Ῥωμαίων
3349 3166 3444 3220 καὶ
3475 3165 3752 3237 Εὐσεϐίῳ.

2137 3253 2396 3308 ἐκέλευσε
2431 3255 2526 3308 καὶ
2550 3256 2819 3325 ἐπέτρεψε
2849 3257 2946 3309 καὶ
2979 3256 3231 3321 ἐξουσίαν
3258 3257 3459 3311 δέδωκε
3489 3257 3727 3328 λαλῆσαι

2135 3347 2233 3399 καὶ
2269 3347 2622 3417 τρακταῖσαι.
2687 3349 2797 3400 Καὶ
2830 3349 2859 3401 ὁ
2898 3348 2997 3419 Ζὶχ
3030 3351 3127 3402 καὶ
3163 3351 3191 3402 ὁ
3240 3348 3533 3419 λεγόμενος

2152 3433 2448 3504 Ῥωμαίοις
2504 3436 2809 3507 μάγιστρος
2864 3437 2962 3491 καὶ
3014 3437 3271 3501 Εὐσέϐιος
3339 3438 3408 3492 τὰ
3446 3438 3575 3508 περὶ
3621 3441 3730 3509 τῆς

457 3525 660 3579 habitio
693 3525 895 3591 scripta
920 3524 1045 3588 fuit,
1078 3524 1169 3578 sed
1198 3524 1319 3577 sine
1344 3522 1702 3590 inscriptione
1735 3524 1846 3587 illa,
1877 3540 2036 3591 quam

2138 3527 2368 3597 εἰρήνης
2397 3526 2592 3589 κοινῶς
2620 3526 2892 3595 ἐλάλησαν
2924 3528 3018 3580 καὶ
3043 3529 3431 3595 ὲτρακτάῖσαν,
3467 3529 3565 3581 καὶ
3598 3530 3728 3581 ὲτύ-

452 3616 644 3671 litterac
672 3616 811 3684 regis
831 3614 1117 3670 Persarum
1145 3614 1438 3668 habebant.
1474 3615 1650 3683 Super
1682 3616 1765 3671 his
1795 3618 2033 3677 solutqu

2136 3635 2326 3671 πωσαν
2381 3618 2478 3689 τὴν
2553 3620 2778 3689 εἰρήνην
2847 3623 3187 3690 πεντήκοντα
3259 3620 3523 3673 ἐνιαυτῶν
3550 3661 3566 3685 ,
3628 3622 3747 3673 καὶ

451 3717 534 3762 est
570 3708 710 3759 inter
739 3706 955 3775 legatos.
976 3704 1324 3773 colloquium.

2135 3710 2390 3782 ἔγγραφα
2420 3711 2620 3773 πάντες
2650 3712 3011 3784 ὲσφράγισαν.
3060 3710 3252 3782 Ἡμεῖς
3279 3711 3370 3765 οὖν
3410 3710 3532 3766 καθ’
3553 3712 3601 3743 ⁸⁵
3631 3711 3668 3765 ἃ.
3696 3719 3732 3771 ὁ

449 3799 547 3867 Ζὶχ
577 3796 671 3849 καὶ
714 3797 741 3848 ὁ
773 3796 1072 3864 μάγιστρος
1119 3794 1228 3847 τῶν
1287 3793 1575 3863 Ῥωμαίων
1632 3796 1727 3848 καὶ
1797 3796 2060 3864 Εὐσέϐιος
2100 3801 2388 3870 ἐποίησαν,
2450 3802 2680 3872 βεϐαίως
2721 3803 2921 3874 ἔχομεν
2956 3804 3056 3873 τὴν
3126 3805 3372 3874 εἰρήνην,
3410 3805 3504 3857 καὶ
3537 3802 3727 3873 ὲμμέ-

450 3906 614 3957 νομεν
644 3889 848 3951 αὐτοῖς.
890 3907 907 3939 ι
944 3886 1102 3940 Οὕτω
1151 3887 1248 3957 μὲν
1276 3886 1369 3940 ἐπὶ
1397 3887 1596 3953 λέξεως
1628 3884 1799 3958 εἶχεν.
1879 3890 2285 3966 Ὀμοιοτρόπως
2342 3897 2399 3950 δὲ
2429 3897 2523 3951 καὶ
2581 3899 2614 3966 ή
2679 3897 2774 3951 τοῦ
2823 3897 3112 3967 Ῥωμαίων
3135 3896 3401 3967 βασιλέως
3427 3898 3729 3966 ἐτύγχανεν

451 3978 587 4036 οὖσα
615 3982 897 4052 ὁμολογία,
928 3983 1056 4037 ἄνευ
1080 3982 1177 4051 τῆς
1205 3985 1531 4053 προγραφῆς
1552 3978 1619 4056 ἦς
1645 3979 1758 4054 εἶχε
1785 3986 1848 4039 τὸ
1878 3985 2150 4057 βασίλειον
2216 3994 2454 4062 γράμμα
2522 3997 2583 4045 τὸ
2615 3992 2905 4063 Περσικόν.
2970 3992 3081 4046 Καὶ
3109 3992 3167 4045 ἐν
3189 3992 3421 4046 τοιοῖσδε
3470 3994 3499 4045 ὁ
3528 3989 3718 4055 ξύλλο-

451 4094 546 4145 γος
568 4076 916 4145 διελύθησαν.

523 4168 658 4222 Cum
686 4168 861 4223 denuo
893 4168 961 4222 ad
983 4168 1310 4237 colloquium
1336 4170 1679 4224 venissentet
1706 4170 1902 4227 Zichus
1927 4170 2042 4235 uta--~

453 4260 664 4328 guilicis
697 4260 877 4314 verbis
902 4258 1155 4327 iactaret,
1187 4273 1241 4315 et
1267 4260 1538 4316 attolleret
1559 4262 1931 4330 Chosroeu,et
1957 4267 2040 4322 di-

2228 4172 2318 4226 Ἑν
2361 4171 2419 4225 δὲ
2477 4171 2547 4241 δὴ
2575 4171 2740 4241 ἑτέρᾳ.
2780 4169 3090 4237 ξυνελεύσει
3124 4169 3597 4241 μεγαλαυχοῦντος
3624 4168 3723 4224 τοῦ

2071 4212 2121 4266 D
2143 4265 2242 4334 Ζὶχ
2275 4264 2369 4317 καὶ
2407 4264 2500 4316 ἐπὶ
2530 4212 2753 4334 keep?)
2780 4212 2999 4331 ἑασιλεῖ
3033 4212 3724 4334 κομηπάλογίᾳῆχρωμένου,

456 4363 628 4412 ceret,
660 4349 809 4403 illum
842 4349 1100 4405 invictum
1136 4365 1256 4406 esse
1282 4358 1337 4406 et
1369 4351 1571 4409 multas‘
1603 4355 1858 4411 victorias
1879 4368 2041 4411 retu-

453 4439 602 4505 lisse,
636 4450 692 4496 et
727 4441 796 4495 ab
828 4456 894 4495 eo
935 4450 1196 4510 tempore,
1221 4456 1333 4511 quo
1366 4443 1536 4496 cidari
1578 4444 1865 4501 redimitus
1902 4445 2039 4501 l‘uis-

455 4537 557 4593 set.
590 4533 772 4586 decem
809 4541 1018 4600 gentes,
1047 4542 1170 4586 cum
1195 4532 1390 4600 quibus
1412 4532 1747 4601 dimicasset,
1770 4536 2035 4590 tributum

456 4620 693 4691 pendere
722 4623 990 4691 coegisse,
1019 4630 1076 4677 et
1094 4620 1536 4691 Ephthalitarum
1564 4624 1863 4695 potentiam
1888 4639 2042 4679 ever-

455 4713 606 4777 tisse,
632 4723 689 4768 et
734 4713 932 4768 multos
960 4728 1114 4785 reges
1160 4715 1464 4784 subegisse,
1508 4724 1562 4770 et
1596 4730 1788 4770 omnes
1823 4716 2036 4771 illarum

457 4816 726 4859 terrarum
759 4805 1030 4860 Barbaros
1074 4806 1250 4874 ipsum
1293 4806 1476 4864 colere
1506 4817 1563 4862 et
1594 4810 1864 4877 venerari,
1898 4811 2043 4865 unde

448 4896 574 4964 jure
595 4906 650 4951 et
680 4898 871 4952 merito
903 4898 1045 4968 regis
1078 4912 1260 4966 regum
1286 4899 1697 4969 appellationem
1721 4901 1825 4955 sibi
1855 4916 2034 4956 sume-

456 4995 560 5041 ret:
579 5002 701 5041 eum
721 4987 833 5042 haec
854 4997 908 5042 et
927 4988 1231 5055 huiusmodi
1258 4987 1461 5044 Ziehus
1480 4989 1547 5044 de
1572 4988 1815 5045 Chosroe
1834 4992 2032 5061 pradi-

457 5089 628 5145 caret,
653 5089 707 5134 et
726 5079 1011 5150 magniﬁce
1032 5078 1366 5150 loqueretur,
1403 5081 1595 5137 Petrus
1626 5082 1841 5152 paulum
1854 5100 2039 5153 a.pro-

457 5172 639 5242 posito
685 5172 1013 5243 digrediens.
1056 5174 1199 5228 hanc
1248 5174 1533 5229 historiam
1569 5174 1837 5229 recitavit.
1877 5175 2047 5249 138,

458 5264 607 5329 Erat,
644 5264 842 5333 inquit,
868 5265 997 5319 olim
1029 5266 1218 5332 priscis
1252 5266 1599 5336 temporibus
1617 5265 1837 5336 quidam
1877 5266 2043 5337 [Egy-

459 5356 693 5425 ptiorum
725 5372 840 5422 rex,
873 5358 1091 5412 nomine
1116 5356 1405 5412 Sesostris.
1437 5356 1508 5424 ls,
1545 5373 1667 5412 cum
1701 5358 1775 5412 illi
1810 5358 2042 5412 fortuna:

2145 4353 2447 4424 φάσκοντός
2477 4370 2560 4417 τε,
2603 4353 2679 4415 ὡς
2736 4351 3099 4422 ἁμαχώτατός
3137 4353 3198 4404 τέ
3247 4353 3365 4404 ἐστι
3424 4352 3519 4405 καὶ
3566 4352 3730 4429 νίκαις

2143 4446 2496 4516 περιεϐάλετο
2526 4444 2748 4509 πολλὰς,
2767 4443 2859 4496 καὶ
2888 4442 2964 4506 ὡς
2993 4440 3054 4507 ἐξ
3077 4437 3139 4498 οὗ
3168 4443 3362 4514 χρόνου
3391 4443 3489 4512 τὴν
3510 4442 3730 4513 κίδαριν

2142 4538 2473 4609 ἀνεδήσατο,
2519 4538 2664 4607 ἀμφὶ
2707 4535 2780 4589 τά
2831 4533 2967 4593 δέκα
3018 4534 3147 4605 ἔθνη
3205 4536 3734 4603 καταγωνισάμενος

2142 4629 2480 4699 κατέστησεν
2533 4630 2590 4691 ἐς
2641 4628 2828 4699 φόρου⁴
2871 4627 3213 4698 ἀπαγωγὴν,
3251 4627 3345 4680 καὶ
3374 4627 3457 4680 ὅτι
3487 4625 3587 4697 τὴν
3617 4625 3731 4679 τῶν

2153 4722 2490 4792 Ἐφθαλιτῶν
2534 4720 2945 4791 κατεστρέψατο
2994 4720 3262 4791 δύναμιν,
3316 4720 3438 4785 καὶ,
3476 4720 3577 4791 μὲν
3632 4719 3757 4775 οὖν.

2143 4812 2381 4883 βασιλεῖς
2420 4810 2752 4882 ἐχειρώσατο
2788 4810 3098 4875 πλείστους,
3154 4811 3248 4862 καὶ
3274 4809 3351 4874 ὡς
3383 4809 3615 4878 ἄγανταί
3663 4826 3729 4862 τε

2142 4903 2306 4956 αὐτὸν
2338 4902 2434 4955 καὶ
2458 4901 2764 4972 τεθήπασιν
2797 4901 2846 4954 ei
2886 4899 3081 4974 ἐκείνῃ
3102 4899 3492 4972 ⁸⁸-Βάρ6αροι,
3522 4901 3617 4961 καὶ
3651 4900 3733 4964 ὡς

2145 4991 2288 5047 κατὰ
2320 4991 2379 5044 τὸ
2405 4993 2681 5061 προσῆκον
2705 4992 2800 5045 καὶ
2825 4990 2924 5043 οὐκ
2945 4990 3173 5053 ἀπεικὸς
3194 4990 3346 5060 αὐτῷ
3376 4992 3408 5061 ή
3439 4991 3743 5060 ἐπωνυμίαΒ

2142 5082 2514 5153 κεκόμψευται
2541 5082 2601 5135 τὸ
2637 5082 2865 5153 βασιλέα
2892 5082 3401 5151 προσαγορεύεσθαι
3433 5082 3758 5155 βασιλέων,-

2143 5174 2317 5229 ταῦτα
2351 5174 2446 5234 καὶ
2474 5172 2545 5226 τά
2575 5174 2755 5227 τοιάδε
2781 5172 2876 5226 τοῦ
2910 5174 3009 5242 Ζὶχ
3050 5173 3179 5244 περὶ
3212 5174 3455 5245 Χοσρόου
3490 5173 3732 5243 μεγαλη-

2143 5262 2304 5334 γορίᾳ,
2357 5263 2707 5334 χρησαμένου
2735 5267 2792 5317 ἐν
2826 5264 3132 5334 διηγήματι
3179 5262 3403 5333 ἐξῆλθεν
3453 5264 3481 5313 ὁ
3516 5264 3726 5331 Πέτρος

2143 5355 2351 5409 τοιάνδε
2377 5357 2618 5428 ἱστορίαν
2645 5357 2788 5423 τινὰ,
2823 5356 2897 5421 ὡς
2941 5356 3188 5425 Ἐγένετό
3222 5372 3305 5417 τις
3336 5357 3394 5408 ἐν
3417 5358 3527 5425 τοῖς
3555 5354 3753 5421 πάλαι,

1728 5471 1965 5529 VARUE
1996 5471 2407 5528 LECTlONES.

567 5587 612 5619 "
639 5587 861 5670 etinfra
887 5658 897 5671 '
924 5588 1209 5671 προελθεῖν
1248 5587 1333 5671 βη
1386 5589 1710 5671 προσελθεῖν
1746 5590 1916 5671 λαις,

2024 5588 2070 5654 '__°
2100 5587 2354 5654 ἐκυρώθη
2401 5586 2457 5638 δὲ
2515 5586 2656 5637 ὥστε
2691 5584 2838 5653 conj.
2882 5582 2949 5638 N.

3053 5582 3456 5657 ⁸¹λιομέςηινῖρ
3487 5582 3632 5657 cuni
3659 5582 3725 5657 Εἲς

464 5656 791 5731 ξξᾳμεγάληγ
816 5651 983 5731 ’τύχξ
1010 5658 1103 5731 Ν..
1136 5658 1275 5731 μετὰ
1338 5651 1461 5729 τύχζ
1520 5660 1666 5731 vulg.
1745 5660 1790 5693 ⁸³
1851 5651 1983 5731 τῶν]
2022 5651 2099 5713 ὧν
2150 5656 2219 5712 H.
2284 5651 2602 5725 ⁵⁵άληθῶν.
2638 5656 2671 5725 ή
2731 5654 2775 5707 δ’
2797 5651 2895 5725 ἄρ’
2929 5654 3075 5725 εἶχεν
3099 5652 3164 5707 Ν.
3208 5651 3287 5685 ’⁸³
3319 5653 3443 5706 καθ’
3506 5653 3630 5708 add.
3656 5651 3728 5710 Ν..

467 5725 515 5757 ⁵⁸
531 5726 717 5796 ἐκείνῃ
739 5725 880 5791 Val.,
911 5725 1107 5781 ξκεῖνοι
1134 5725 1279 5798 vulg.
