4076 6424
361 319 463 372 ἓϋΙ

1147 310 1244 370 DE
1280 311 1850 372 LEGATIONlBUS
1891 316 2384 377 ROMANORUM
2433 321 2535 379 AD
2573 320 2892 381 GENTES.

3523 325 3632 387 869.

356 447 415 481 τε
452 430 548 481 καὶ
580 428 840 482 ἀνωτάτω
872 425 1086 496 χρόνοις
1121 425 1376 494 βασιλεὺς
1408 427 1730 494 Αἰγύπτιος,
1759 428 1932 496 ὄνομα

2041 447 2171 483 aura
2219 432 2450 495 alllaret,
2492 445 2721 500 magnos
2755 431 2983 497 spiritus
3014 433 3268 500 sumpsit,
3299 443 3350 488 et
3383 445 3633 504 potentes

358 523 684 589 Σέσωστρις,
705 521 798 573 καὶ
825 515 918 574 οὖν
953 535 1016 587 γε
1050 519 1436 589 συμπνεούσης
1469 520 1618 589 αὐτῷ
1651 524 1746 591 τῆς
1770 521 1940 592 τύχης

369 615 581 683 μεγάλα
621 614 797 680 ἐφύσα
832 612 924 667 καλ¹
957 612 1085 681 ἔθνη
1127 613 1363 681 μέγιστα
1396 613 1665 677 καθεῖλεν,
1694 613 1767 677 ὼς
1791 615 1942 670 δούλη

356 709 646 777 αγωγῆσιι
695 706 787 758 καὶ
823 705 1082 776 βασιλεῖς,
1117 706 1210 758 καὶ
1247 707 1338 757 ἐπὶ
1391 706 1645 759 τοσοῦτον
1695 707 1928 777 ἀρθῆναι

359 801 698 864 ἀλαζονείας,
730 799 806 861 ὡς
834 799 928 851 καὶ
963 798 1150 868 ὄχημα
1180 799 1610 868 χρυσοκόλλητον
1653 800 1940 869 συμπήξα-

362 893 508 954 σθαι,
542 890 798 943 καὶ-ἀνθ’
831 883 906 942 ὧν
939 891 1142 951 ἵππους
1185 889 1304 942 δέον
1335 890 1366 958 ἦ
1400 890 1562 962 ἕτερα
1607 891 1942 961 ἐλκυστήρια

360 983 497 1044 ζῶα,
529 983 655 1043 τοὺς
682 979 1043 1048 δοριαλώτους
1078 979 1320 1041 ἐκείνους
1358 979 1597 1049 βασιλεῖς
1629 983 1938 1050 ὑπαγαγεῖν

355 1073 434 1142 τῷ
468 1071 638 1139 ζυγῷ,
689 1069 831 1124 οὕτω
873 1087 933 1122 τε
971 1071 1360 1140 διφρευόμενον
1389 1070 1478 1124 διὰ
1512 1070 1613 1123 τῶν
1644 1071 1938 1141 λεωφόρων

357 1165 722 1235 ἐπιφέρεσθαι
751 1166 795 1197 ⁵⁷
820 1167 935 1227 τοῖς
965 1164 1248 1235 ὑπηκόοις.
1302 1163 1474 1218 Τοῦτο
1514 1166 1640 1218 ἐπεὶ
1667 1167 1936 1237 ὁσημέραι

356 1257 627 1319 ἐπετέλει,
659 1254 766 1308 τῶν
790 1271 873 1317 τις
887 1255 1165 1325 βασιλέων
1196 1255 1258 1307 τὸ
1283 1255 1382 1325 δχη
1393 1272 1469 1324 μα
1499 1255 1769 1309 ἑλκόντων
1796 1257 1937 1308 κατὰ

354 1351 416 1413 τὸ
446 1350 616 1417 ἄκρον
647 1347 1001 1416 ἐξευγμένος,
1046 1347 1414 1416 συνεχέστατα
1444 1365 1561 1410 πως
1592 1349 1686 1402 καὶ
1714 1347 1936 1418 λεληθόο

353 1459 464 1502 τως
491 1441 536 1472 ⁸⁸
588 1440 669 1502 είς
723 1433 968 1492 τούπίσω
1001 1439 1062 1491 τὸ
1099 1438 1318 1509 βλέμμα
1351 1439 1714 1509 ἐπιστρέφων,
1745 1441 1936 1494 ἐθεᾶτο

355 1541 446 1584 τὸν
499 1531 693 1602 τροχδν
739 1529 1158 1599 κυλινδούμενόν
1207 1547 1264 1582 τε
1297 1531 1392 1582 καὶ
1424 1533 1488 1600 τῇ
1531 1531 1630 1600 τῆς
1667 1533 1935 1598 κινήσεως

357 1627 612 1698 συνεχείᾳ.
656 1627 714 1678 ἐν
761 1623 939 1694 ἐαυτῷ
971 1623 1464 1692 περιελιττόμενον.
1537 1624 1934 1693 Ἐποχούμενος

353 1725 416 1791 δὴ
447 1718 540 1775 οὖν
584 1723 612 1773 ὁ
647 1719 950 1787 Σέσωστρις
1001 1715 1301 1786 (ἐπέσκηψε
1363 1715 1492 1784 γὰρ)
1526 1756 1542 1779 ,
1600 1734 1618 1766 ι
1650 1716 1717 1767 Τί
1766 1715 1924 1784 δῆτα,

356 1820 478 1884 ἔφην
533 1811 684 1866 τοῦτο
711 1812 884 1872 ποεῖς.
933 1803 977 1861 ὢ
1017 1799 1202 1869 οὖτοςς
1232 1827 1250 1858 ι
1302 1805 1360 1859 '0
1389 1807 1445 1859 δὲ
1484 1805 1775 1876 ἀμοιϐαδὸν
1801 1806 1927 1875 εφηο

359 1932 378 1962 σ
414 1906 488 1960 Ὦ
529 1906 785 1966 εὲσποτα,
817 1901 959 1970 ὀρῶν
987 1900 1076 1953 τὸν
1097 1899 1310 1967 τροχὸν,
1343 1899 1418 1961 ὡς
1448 1899 1599 1968 θαμὰ
1630 1898 1932 1967 περιδινού-

355 2012 514 2066 μενος
564 1993 664 2044 οὐκ
697 1991 792 2042 ἐπὶ
833 1989 932 2056 τῆς
965 1987 1135 2056 αὐτῆς
1193 1987 1406 2055 βάσεως
1453 1987 1606 2056 μέτει
1653 1987 1763 2051 ὅδε,
1796 1986 1936 2040 ἀλλὰ

350 2083 462 2153 γὰρ
490 2081 601 2135 ἄνω
631 2078 783 2132 κάτω
812 2075 1112 2146 φερόμενος
1157 2073 1255 2144 τὴν
1295 2073 1734 2142 ἁρματοτροχίαν
1768 2073 1935 2142 ἐργά-

351 2176 526 2242 ζεται.
557 2190 575 2222 ι
608 2169 780 2224 Τοῦτο
825 2165 1082 2236 ἀκηκοὼς
1118 2167 1148 2218 ὁ
1195 2165 1520 2232 Αἰγύπτιος,
1556 2165 1651 2220 καὶ
1686 2165 1788 2234 μὲν
1831 2160 1928 2220 οὖν

347 2263 770 2334 τεκμηράμενος
802 2299 818 2320 ,
852 2258 928 2323 ὡς
964 2258 1336 2311 ὑπαινίττεται
1388 2257 1449 2310 τὸ
1481 2257 1829 2328 ἀστάθμητόν
1872 2279 1932 2314 τε

350 2358 447 2410 καὶ
479 2351 811 2423 παλίμϐολον
842 2351 941 2420 τῆς
973 2349 1145 2419 τύχης
1176 2349 1270 2403 καὶ
1310 2347 1385 2412 ὡς
1414 2348 1596 2419 τροχῷ
1627 2350 1932 2422 κυλιομένῳ

348 2449 494 2503 ἔοικε
531 2447 597 2499 τὰ
654 2444 994 2514 ἀνθρώπεια,
1054 2441 1278 2509 ξυνῆκε,
1331 2441 1406 2511 μὴ
1469 2441 1576 2511 ἄρα
1629 2445 1723 2496 καὶ
1769 2443 1933 2507 αὐτὸς

347 2541 528 2610 χρόνῳ
578 2537 709 2594 ποτε
757 2534 983 2604 τοιούτῳ
1031 2533 1390 2604 προσπταίσῃ·
1407 2532 1806 2604 δυστυχήματι,
1837 2534 1941 2587 τοῦ.

345 2631 535 2684 λοιποῦ
568 2647 630 2682 τε
671 2625 949 2680 ἐπαύσατο
997 2625 1140 2680 κατὰ
1184 2624 1276 2677 τὸν
1318 2624 1689 2695 προλεχθέντα
1733 2626 1940 2697 τρόπον.

343 2718 774 2790 ἁρματηλατεῖν.
834 2715 978 2786 Πρὸς
1008 2717 1121 2777 τοῖς
1156 2715 1201 2748 ⁵⁸
1227 2713 1660 2785 δεδουλωμένους
1697 2716 1746 2768 οἱ
1777 2715 1931 2785 βασι-

343 2809 458 2870 lsi;
486 2809 666 2876 ἀφῆκε
715 2807 809 2861 καὶ
839 2809 960 2869 ταῖς
1012 2805 1163 2874 σφῶν
1194 2806 1376 2860 αὐτῶν
1410 2806 1726 2877 ἡγεμονίαις
1755 2807 1932 2861 ἐνεϐίο

347 2898 513 2951 ϐασεν
530 2896 708 2960 αὖθις.
736 2895 1002 2950 Ἐνταῦθα
1035 2894 1226 2966 Πέτρῳ
1257 2895 1534 2949 ἐπαύσατο
1557 2899 1658 2967 τῆς
1693 2898 1932 2970 ἱστορίας

349 2995 378 3045 ὁ
404 2992 582 3058 λόγος,
616 2988 1050 3060 ἐγχαλινώσαντι
1089 2988 1189 3058 τὴν
1222 2988 1316 3042 τοῦ
1361 2990 1460 3058 Ζὶχ
1507 2992 1636 3061 περὶ
1687 2991 1931 3062 Χοσρόου

2053 538 2085 589 g
2107 533 2243 576 -ntes
2278 523 2506 586 domuit,
2531 532 2585 576 et
2607 537 2792 576 earum
2826 537 2982 590 reges
3010 523 3254 591 captivos
3275 523 3425 590 fecit,
3458 541 3632 596 eoque

2044 612 2263 666 devenit
2292 613 2636 680 arrogantiae,
2676 624 2733 667 ut
2758 628 2979 668 currum
3026 613 3348 669 deauratum
3395 617 3630 672 fabrica-

2047 711 2155 764 ret,
2185 711 2240 755 et
2265 717 2532 769 equorum
2563 713 2617 757 ct
2658 703 2886 758 aliorum
2917 703 3233 757 animalium
3276 715 3509 760 vecturae
3534 723 3630 776 ap-

2046 801 2218 847 torum
2256 793 2377 849 loco
2409 811 2563 862 reges
2593 795 2714 848 illos
2749 795 2994 864 captivos
3026 795 3156 866 jngo
3185 806 3414 864 aptaret.
3448 798 3512 851 Et
3555 800 3625 851 ita

2041 894 2228 939 vectus
2286 901 2381 953 per
2425 886 2540 941 vias
2580 886 2823 954 publicas
2870 901 2994 941 sese
3040 887 3276 942 subditis
3312 889 3624 944 exhibebat.

2041 976 2172 1042 Qum
2202 992 2324 1032 cum
2376 979 2618 1046 quotidie
2647 977 2971 1042 lactitasset,
3023 979 3242 1043 accidit,
3280 990 3339 1034 ut
3386 983 3624 1051 quodam

2041 1070 2127 1124 die
2158 1086 2298 1124 unus
2329 1086 2392 1125 ex
2432 1069 2536 1123 illis
2564 1070 2797 1139 regibus,
2841 1073 2933 1140 qui
2965 1079 3087 1124 erat
3120 1072 3484 1140 summojugo
3512 1087 3626 1141 ap-

2042 1170 2202 1225 tatus,
2243 1161 2451 1215 intente
2481 1170 2534 1214 et
2557 1161 2733 1215 deﬁxa
2756 1162 2958 1215 vultum
2989 1171 3328 1228 retorquens,
3359 1171 3629 1229 spectaret

2041 1264 2212 1309 rutam
2248 1270 2306 1308 se
2343 1254 2860 1308 circumvolventem
2911 1264 2965 1308 et
2999 1254 3413 1308 continuatione
3445 1265 3656 1308 motus-

2041 1345 2093 1398 in
2129 1360 2187 1399 se
2227 1345 2395 1414 ipsam
2436 1353 2819 1399 revertentem.
2850 1343 2983 1399 Cum
3011 1345 3061 1398 id
3094 1344 3382 1411 Sesostris,
3412 1346 3501 1414 qui
3530 1361 3620 1399 ve-

2037 1438 2290 1504 hebatur,
2345 1438 2844 1500 animadvertisset,
2881 1451 3004 1491 eum
3067 1438 3377 1506 increpans,
3417 1455 3436 1490 ‹
3485 1436 3622 1502 Quid

2037 1545 2215 1582 rerum
2248 1527 2397 1596 agis?
2425 1546 2443 1579 ι
2479 1529 2672 1595 inquit.
2717 1545 2736 1578 ι
2782 1527 3160 1596 Contemptor,
3194 1527 3474 1596 respondit
3511 1527 3622 1592 ille,

2037 1622 2274 1685 domine,
2307 1621 2448 1674 hanc
2483 1631 2677 1684 rotam,
2711 1636 2831 1687 quae
2855 1636 2913 1674 se
2946 1622 3175 1675 alternis
3213 1620 3528 1689 frequenter
3561 1620 3616 1674 in

2038 1713 2224 1766 orbem
2253 1713 2598 1778 circumagit,
2630 1727 2750 1780 qum
2768 1728 3040 1781 nunquam
3067 1713 3253 1766 eodem
3275 1712 3392 1766 loco
3419 1723 3621 1774 manet,

2001 1802 2006 1844 τ
2035 1804 2128 1858 sed
2157 1802 2326 1858 fertur
2363 1804 2524 1857 modo
2550 1805 2819 1870 superius,
2855 1805 3010 1858 modo
3041 1803 3286 1867 inferius,
3313 1813 3367 1857 et
3398 1803 3468 1856 ita
3489 1818 3559 1858 cu
3573 1819 3624 1855 r-

2035 1911 2128 1948 rus
2155 1895 2501 1963 agitationem
2539 1895 2677 1948 facit
2701 1903 2755 1948 et
2789 1906 3070 1964 operatur.
3113 1913 3132 1946 ι
3172 1895 3293 1949 ΙΙωο
3325 1910 3488 1962 quum
3522 1909 3621 1953 au-

2035 1986 2205 2040 disset
2231 2001 2320 2039 rex
2353 1984 2660 2055 IEgyptius,
2690 1995 2743 2038 et
2776 1988 3026 2050 sentiret,
3056 1987 3202 2039 llitllll
3246 1986 3486 2039 indicare
3509 1984 3620 2039 for-

2036 2086 2178 2132 tunae
2231 2079 2652 2133 inconstantiam
2689 2089 2743 2132 et
2796 2078 3208 2143 volubilitatem,
3241 2093 3360 2147 quae
3409 2092 3624 2146 semper

2032 2168 2291 2232 volvitur,
2317 2183 2492 2239 neque
2515 2170 2705 2224 eodem
2753 2169 2874 2222 loco
2901 2177 3206 2238 permanet,
3237 2176 3290 2222 et
3319 2178 3450 2222 rota:
3471 2182 3622 2221 sem-

2034 2275 2132 2331 per
2169 2261 2406 2315 volventi
2437 2277 2525 2316 res
2557 2263 2822 2316 humanas
2851 2261 3058 2316 similes
3088 2275 3210 2316 esse
3244 2278 3258 2314 :
3295 2261 3523 2323 veritus,
3555 2275 3623 2313 ne

2033 2352 2148 2421 ipse
2177 2353 2403 2422 posthac
2440 2354 2492 2408 in
2529 2353 2762 2422 aliquam
2795 2352 3161 2407 calamitatem
3196 2351 3483 2415 incideret,
3518 2352 3617 2405 ab-

2033 2441 2234 2496 stinuit
2256 2442 2510 2509 deinceps
2534 2457 2600 2494 eo
2630 2443 2807 2506 modo,
2845 2457 2955 2511 quo
2983 2442 3239 2499 diximus.
3278 2441 3420 2502 vehi,
3454 2451 3508 2494 et
3539 2455 3620 2494 re-

2034 2546 2127 2599 ges
2154 2533 2293 2600 apud
2320 2547 2378 2586 se
2422 2532 2738 2586 servitutem
2781 2532 3084 2586 servientes
3116 2531 3168 2583 in
3203 2547 3303 2585 sua
3331 2545 3517 2596 regna,
3561 2544 3618 2582 ιιι

2035 2622 2164 2687 illic,
2220 2624 2672 2692 quemadmodum
2727 2633 2907 2686 antea,
2963 2633 3278 2693 regnarent,
3331 2624 3556 2676 dimisit.
3595 2642 3613 2673 ι

2035 2714 2136 2770 llic
2167 2714 2330 2769 linem
2366 2715 2577 2784 accepit
2608 2715 2749 2769 Petri
2781 2729 2964 2770 sermo
2994 2715 3280 2770 historiam
3309 2715 3614 2774 recitantis.

2032 2822 2142 2877 quo
2172 2805 2320 2862 Zicbi
2349 2807 2868 2876 magniloquentiam
2904 2806 3189 2874 repressit.
3223 2806 3427 2860 Deinde
3447 2805 3620 2860 disse-

2033 2909 2256 2954 ruerunt
2292 2900 2360 2953 de
2383 2900 2486 2964 his,
2517 2915 2640 2968 qua:
2669 2900 2876 2968 agenda
2907 2898 3202 2954 restabant.
3239 2899 3444 2952 (latera
3475 2898 3617 2952 enim

2034 2992 2240 3054 omnia,
2279 2993 2422 3058 quad
2452 2990 2570 3057 ejus
2607 2991 2721 3043 fieri
2765 2999 3036 3060 potuerat,
3070 3004 3191 3059 quas
3221 2990 3272 3043 in
3308 2997 3624 3043 controver-

359 3083 784 3154 μεγαληγορίαν.
870 3076 1007 3136 Εἶτα
1057 3080 1360 3148 διελέγοντο
1413 3079 1570 3144 αὖθις
1634 3083 1762 3152 περὶ
1821 3083 1929 3136 τῶν

2036 3083 2114 3137 sia
2151 3083 2348 3145 fuerat,
2413 3083 2714 3151 composita
2745 3092 3138 3152 transactaque
3175 3081 3622 3148 erant,exceptis

352 3174 657 3244 πρακτέων.
695 3173 950 3231 ’Λπαντα
979 3169 1077 3240 μὲν
1107 3170 1238 3240 γὰρ,
1267 3169 1342 3231 ὡς
1377 3170 1525 3237 ἐνῆν,
1565 3169 1842 3238 ἀμφίϐολα
1871 3172 1929 3225 ἐν

345 3266 607 3330 τάξεικαὶ
643 3265 834 3332 κόσμῳ
869 3261 1241 3331 καθειστήκει.
1267 3261 1351 3314 Τὰ
1373 3257 1465 3314 οὖν
1492 3263 1620 3330 περὶ
1669 3263 1930 3316 Σουανίαν

345 3358 429 3414 ἔτι
474 3360 532 3409 ἐν
591 3354 852 3426 μετεώρῳ
914 3354 1166 3423 ὑπῆρχε,
1223 3354 1318 3404 καὶ
1373 3352 1732 3405 ὑπελέλειπτό
1777 3371 1930 3422 σφισι

349 3451 484 3517 μόνα
520 3453 564 3481 ⁶⁰
593 3449 681 3502 ἐπ’
710 3446 1020 3516 ἀμφιϐόλῳ.
1078 3446 1168 3515 Τῷ
1214 3462 1296 3498 ττι
1346 3445 1528 3511 ἔλεξεν
1563 3439 1666 3502 ὦδε
1703 3447 1926 3516 Πέτρος·

353 3563 371 3593 σ
401 3543 674 3595 Πλείστων
727 3540 966 3593 ἐπαίνων
1018 3539 1167 3602 ἄξιός
1226 3541 1374 3592 ἐστιν
1437 3537 1598 3608 ἀνὴρ,
1647 3538 1705 3598 ὃς
1746 3539 1928 3592 τέλεια

348 3633 736 3703 βουλευόμενος
766 3631 970 3692 τέλειον
1005 3631 1256 3700 ἐπιθήσοι
1301 3633 1422 3692 ταῖς
1473 3630 1703 3699 πράξεσι
1730 3631 1792 3682 τὸ
1826 3632 1929 3686 πέ-

349 3743 470 3796 ρας.
513 3725 576 3780 Ei
611 3725 713 3793 γὰρ
742 3722 980 3775 ἐλλείπει
1005 3739 1058 3774 τι
1093 3721 1490 3784 τῶνδεόντων,
1527 3721 1755 3784 ἐλλιπὲς,
1773 3718 1930 3791 οἶμαι

345 3817 443 3870 καὶ
496 3816 576 3886 τῷ
628 3815 999 3886 βουλευομένῳ
1047 3815 1324 3885 φρόνημα.
1390 3814 1519 3868 Οὐκ·
1553 3815 1676 3884 είκῆ
1729 3815 1785 3869 δέ
1835 3815 1929 3870 καὶ

349 3910 530 3978 μάτην
561 3910 776 3979 εἴρηται
815 3907 910 3961 νῦν
939 3910 1070 3978 ἡμῖν
1105 3909 1138 3960 ὁ
1180 3908 1368 3974 λόγος’
1422 3907 1554 3977 πρὸς
1589 3907 1647 3960 σέ
1681 3907 1738 3962 δὲ
1771 3908 1930 3978 φερό-

350 4018 534 4069 μενος,
567 3995 612 4054 ὦ
653 4001 770 4069 Ζὶχ,
821 3998 1114 4068 Ῥωμαίοις
1139 4015 1202 4050 τε
1242 3999 1337 4053 καὶ
1368 3999 1603 4067 Πέρσαις
1631 4001 1930 4066 φανήσεται

344 4090 806 4160 λυσιτελέστερος.
840 4089 1068 4156 Εἴποιμι
1095 4089 1153 4142 δέ
1178 4105 1298 4151 πως,
1326 4087 1728 4159 φανερώτερον.
1762 4091 1930 4144 Eoum.-

344 4184 435 4236 νία
495 4182 786 4250 Ῥωμαίοις
812 4181 1044 4251 ὑπῆρχε,
1087 4181 1182 4235 καὶ
1220 4177 1482 4246 Ῥωμαῖοι
1510 4180 1765 4243 Σουάνοις
1799 4182 1922 4236 ἐκέ-

346 4276 526 4329 λευον.
591 4275 807 4344 Ἀμέλει
853 4273 1083 4342 Τζαθίου
1114 4272 1366 4326 Σουὰνων
1410 4270 1776 4342 ἐξηγουμένου
1805 4274 1946 4327 Δείδ,

342 4369 508 4431 τατός
542 4369 584 4398 ⁸³
615 4385 701 4430 τις
741 4365 1181 4435 Ῥωμαίοςηὰνὴρ
1220 4363 1333 4417 τῶν
1371 4366 1568 4416 ἐκεῖσε..
1599 4365 1929 4433 Ῥωμαϊκῶν

2033 3187 2155 3242 qua:
2187 3174 2254 3226 ad
2293 3171 2550 3226 Suaniam
2583 3173 2948 3242 pertinebant,
2989 3189 3112 3241 quae
3143 3173 3253 3227 sola
3275 3173 3326 3226 in
3352 3185 3622 3239 suspenso

2033 3267 2209 3320 adhuc
2236 3274 2292 3320 et
2326 3267 2528 3320 incerta
2562 3266 2871 3320 manebant.
2900 3264 3089 3334 Itaque
3115 3265 3309 3319 Petrus
3344 3263 3512 3318 Zieho
3542 3263 3622 3316 di-

2033 3359 2114 3413 xit
2145 3375 2158 3411 :
2203 3377 2222 3408 ι
2259 3357 2441 3410 Multis
2476 3356 2726 3411 laudibus
2775 3359 2855 3411 vir
2891 3358 2978 3411 ille
3001 3357 3196 3425 dignus
3233 3367 3335 3419 est,
3370 3355 3459 3424 qui
3488 3370 3616 3423 per-

2033 3451 2172 3506 fecte
2224 3449 2379 3504 utilia
2419 3449 2635 3513 suadet,
2683 3450 2984 3516 eademque
3029 3446 3266 3515 perfecte
3297 3447 3360 3500 ad
3410 3446 3618 3500 exitum

2033 3542 2297 3610 perducit.
2338 3541 2571 3605 Etenim,
2596 3541 2638 3594 si
2670 3540 2800 3609 quid
2833 3540 2884 3592 iu
2916 3539 3001 3593 his
3027 3540 3202 3600 deest,
3254 3536 3618 3591 imbecillitati

2031 3633 2224 3700 Opinor
2250 3631 2442 3700 judicii
2471 3630 2610 3697 ejus,
2642 3629 2737 3698 qui
2768 3631 3043 3699 uegouum
3070 3628 3330 3694 suscepit,
3369 3627 3620 3681 attribui-

2035 3731 2145 3775 tur.
2185 3719 2303 3773 Non
2343 3719 2616 3774 immerito
2646 3733 2824 3788 neque
2855 3728 3058 3771 temere
3098 3718 3212 3770 haec
3253 3731 3282 3769 a
3323 3731 3408 3770 me
3455 3716 3620 3770 habe-

2034 3826 2122 3867 tur
2151 3814 2348 3876 oratio,
2395 3827 2514 3880 qua:
2547 3813 2613 3865 ad
2651 3822 2701 3865 te
2725 3811 2958 3873 directa,
3001 3827 3034 3864 ο
3085 3810 3276 3873 Ziche,
3306 3808 3526 3862 tandem
3563 3809 3616 3860 in

2040 3919 2291 3974 magnam
2358 3903 2729 3958 Romanorum
2778 3911 2834 3956 et
2881 3901 3169 3956 Persarum
3214 3903 3496 3955 utilitatem
3535 3912 3618 3954 est

2033 3997 2335 4051 redumlatu
2347 4012 2422 4050 ra.
2456 3995 2640 4052 Dicam
2664 4011 2762 4066 ego
2784 3996 2940 4065 paulo
2959 3997 3214 4063 apertius.
3235 3996 3430 4049 Suania
3445 3996 3618 4047 ditio—

2033 4092 2119 4143 nis
2150 4088 2516 4144 Romanorum
2550 4089 2669 4150 fuit,
2695 4096 2746 4142 et
2773 4087 2971 4142 Suanis
3002 4087 3227 4142 Romani
3264 4087 3616 4154 imperarunt.

2035 4181 2153 4248 Quo
2186 4191 2426 4250 tempore
2447 4192 2632 4236 autem
2673 4181 2946 4234 Tzatheus
2981 4195 3169 4234 eorum
3203 4179 3308 4233 dux
3338 4187 3480 4242 erat,
3528 4177 3621 4230 Di.

2036 4285 2180 4332 tatus
2211 4277 2458 4346 quidam,
2483 4277 2783 4340 Romanus,
2803 4284 3032 4345 premat
3055 4275 3318 4330 Romanis
3336 4275 3616 4329 militibus.

2033 4373 2123 4440 qui
2166 4371 2277 4426 illic
2325 4371 2378 4425 iu
2429 4370 2694 4440 prresidils
2728 4369 2964 4436 agebant
2998 4385 3011 4421 :
3042 4378 3152 4421 tum
3187 4382 3410 4437 quoque
3463 4367 3614 4420 multi

345 4451 666 4526 καταλόγων
722 4459 987 4530 ἐτύγχανε
1037 4459 1320 4524 προεστώς
1349 4473 1362 4488 ο
1422 4456 1564 4508 ἀλλὰ
1605 4457 1699 4509 καὶ
1753 4456 1931 4527 ἕτεροί

2038 4438 2268 4518 Ποπιοηί
2309 4438 2454 4518 inter
2483 4461 2698 4516 Suanos
2720 4459 3052 4514 domicilium
3087 4457 3361 4512 habebant
3391 4469 3445 4512 et
3471 4471 3622 4510 com-

345 4576 493 4620 τινες
539 4557 823 4626 Ῥωμαίων
873 4558 931 4607 ἐν
964 4552 1220 4616 Σουὰνοις
1274 4550 1552 4611 ἐποιοῦντο
1589 4550 1689 4614 τὰς
1721 4550 1931 4620 διατρι-

349 4653 470 4714 εέἁς.
537 4648 868 4715 Δυσμενείας
925 4646 983 4698 δέ
1032 4661 1178 4705 τινος
1225 4644 1282 4686 ⁸³-
1314 4682 1330 4697 .
1373 4679 1389 4696 .
1437 4682 1452 4696 .
1495 4680 1512 4696 .
1567 4643 1768 4712 μεταξὺ
1832 4641 1930 4694 τοῦ

348 4742 544 4805 Λαζῶν
578 4738 844 4810 βασιλέως
884 4738 974 4788 καὶ
1005 4731 1283 4803 Μαρτίνου
1319 4729 1414 4784 τοῦ
1457 4730 1730 4799 Ῥωμαίου
1782 4748 1930 4800 τηνι-

351 4834 534 4887 καῦτα
563 4835 741 4884 ἐκεῖσε
767 4825 1224 4898 στρατηγοῦντος,
1255 4822 1445 4874 τούτου
1472 4821 1691 4874 ἐνεκαό
1724 4822 1931 4892 Κόλχος

349 4927 450 4978 οὔκ
481 4920 772 4978 ἀπέστειλε
802 4918 1057 4978 Σουὰνοις
1086 4916 1148 4966 τὸ
1167 4913 1406 4983 ,σύνηθες
1435 4915 1746 4984 σιτηρέσιον
1765 4930 1780 4944 ο
1810 4914 1930 4977 ἔθος

349 5019 462 5088 γὰρ
501 5013 820 5084 πέμπεσθαι
865 5014 1009 5064 σῖτον
1033 5011 1098 5060 ἐκ
1124 5005 1218 5058 τοῦ
1241 5004 1472 5075 Κόλχων
1508 5004 1791 5073 βασιλέως.
1841 5005 1932 5058 Διὸ

349 5102 876 5175 δυσανασχετοῦντες
938 5101 988 5152 οἱ
1043 5097 1266 5156 Σουάνοι
1323 5095 1368 5126 ⁸³
1420 5093 1499 5164 τῷ
1557 5093 1666 5146 τῶν
1718 5111 1932 5164 νενομι-

353 5202 569 5270 σμένων
608 5195 941 5268 στερηθῆναι
973 5194 1047 5272 f‘,
1095 5189 1396 5258 κατάδηλον
1430 5189 1758 5258 ἐποιήσαντο
1789 5188 1932 5255 Πέρ-

353 5313 496 5359 σαις,
529 5294 626 5358 ὡς,
664 5293 713 5346 εί
747 5295 1062 5360 γενήσοιντο
1091 5282 1279 5348 αὑτοῦ,
1318 5279 1578 5333 Σουανίαν
1617 5278 1662 5312 ⁸³
1691 5278 1931 5351 ἐγχειρί-

2041 4557 2416 4611 morabantur.
2470 4553 2600 4608 Orta
2634 4555 2863 4623 quadam
2902 4553 3045 4606 inter
3072 4551 3334 4606 Lazorum
3359 4565 3540 4620 regem
3566 4562 3622 4605 et

2038 4649 2328 4701 Martiuum
2369 4647 2735 4700 Romanorum
2795 4628 3114 4716 I3§tunc
3150 4644 3408 4714 temporis
3445 4645 3498 4698 in
3536 4645 3621 4699 his

2037 4737 2283 4809 partibus
2306 4739 2524 4803 ducem,
2553 4737 2840 4802 discordia,
2888 4737 3127 4791 Colchus
3160 4737 3376 4790 mittere
3421 4736 3621 4792 Suanis

2039 4828 2279 4896 μεωειλτὶ
2301 4828 2518 4881 solitum
2543 4827 2872 4881 frumentum
2891 4827 3183 4882 recusavit.
3213 4826 3326 4882 Mos
3342 4827 3485 4881 enim
3501 4838 3623 4882 crat

2039 4916 2176 4971 mitti
2203 4932 2231 4969 a
2270 4932 2394 4986 rege
2431 4916 2758 4972 Colchorum
2785 4915 3135 4987 frumentum.
3181 4915 3348 4970 Suani
3376 4917 3622 4987 graviter

2037 5018 2091 5064 et
2116 5009 2301 5078 iniquo
2323 5011 2508 5062 animo
2540 5009 2804 5073 tulerunt,
2843 5024 2902 5064 se
2933 5010 3174 5079 privatos
3204 5023 3325 5064 esse
3365 5009 3469 5074 his,
3497 5022 3617 5077 qua:

2038 5102 2138 5154 sibi
2163 5116 2228 5154 ex
2247 5101 2601 5156 conventione
2618 5100 2974 5156 debebantur.
2995 5101 3167 5168 Quam
3185 5101 3256 5156 ob
3277 5115 3389 5154 rem
3415 5100 3620 5166 signiti-

2038 5202 2232 5246 carunt
2255 5192 2552 5260 Persis,se,
2571 5194 2615 5249 si
2643 5195 2769 5249 illuc
2795 5195 3133 5263 accederent,
3159 5209 3346 5250 eorum
3368 5194 3618 5248 manibus

2041 5282 2300 5337 Suaniam
2333 5287 2653 5342 tradituros.
2684 5285 2886 5343 Eodem
2907 5296 3148 5358 tempore
3194 5287 3416 5341 Exisato
3441 5294 3495 5340 et
3527 5300 3617 5339 re-

1620 5419 1858 5475 νΑιιιικ
1897 5422 2314 5482 LECTIONES.

424 5557 464 5589 "
503 5550 888 5620 tmahtvac'mt
942 5543 1214 5620 (ἕθηίκ-ΒῩ

356 5628 401 5659 ⁸ο
423 5626 562 5696 μόνα
595 5618 684 5696 ll
717 5621 851 5690 μόνη
879 5618 1024 5696 vulg:

1290 5543 1335 5576 ⁸⁸
1379 5543 1706 5608 πεπηγότως
1737 5543 1888 5610 conj.
1921 5544 1979 5597 Β.

1103 5616 1144 5646 ⁶¹
1177 5615 1431 5676 Δείτατος
1457 5629 1469 5641 ο
1505 5613 1670 5677 idem,
1699 5614 1800 5666 col.
1837 5615 1960 5670 864,
1997 5615 2034 5669 l.
2073 5617 2120 5675 l.
2167 5613 2446 5683 Ἐξίσατος
2471 5613 2807 5675 nominatur.

2059 5546 2122 5621 5",
2140 5547 2277 5621 πρός
2303 5565 2366 5616 γε
2391 5551 2517 5612 τοὺς
2545 5550 2688 5619 conj.
2717 5549 2805 5616 IL,
2829 5549 2966 5621 πρὸς
3002 5550 3112 5610 τοῖς
3130 5547 3264 5621 τοὺς
3285 5547 3352 5621 Δδ.
3372 5549 3516 5616 conj.

2893 5621 2937 5651 ⁸³
2975 5617 3147 5689 τινος]
3179 5618 3383 5674 excidit
3443 5620 3616 5687 parti-

354 5683 580 5766 cipium,
623 5683 986 5766 οὔσηςὶηυοᾶ
1013 5686 1077 5766 il.
1120 5685 1356 5766 supplet,
1395 5683 1826 5766 velyevopévqg.
1905 5687 1948 5717 ⁸-⁸
1972 5687 2199 5741 Τονάνοι
2237 5688 2326 5766 ll.,
2371 5690 2563 5750 Σαυνοὶ
2594 5691 2738 5761 vulg.
2817 5691 2864 5723 “
2893 5683 3221 5760 στερηθῆναι
3249 5689 3337 5754 B.,
3369 5683 3609 5760 ὑστερηυ

356 5754 517 5840 θῆναι
554 5754 697 5836 vulg.
745 5754 824 5792 ’⁸⁵
850 5754 1111 5813 Σουανίαν
1138 5755 1229 5820 ll.,
1268 5754 1536 5809 Σουανιῶν
1563 5754 1702 5825 vuig.
