4076 6416
437 291 607 378 εὗδ’

437 427 599 498 liquis
631 425 887 488 Romanis
909 426 1160 482 ordinum
1188 426 1416 480 ducibus
1456 425 1726 490 dixerunt,
1755 440 2001 494 magnam

2115 438 2297 475 σουσιν
2356 424 2560 485 αὐτοῖς.

437 522 724 576 Persarum
767 533 979 574 manum
1017 515 1214 572 Suanis
1254 517 1446 570 bellum
1500 519 1701 571 inferre
1746 518 2007 572 nuntiari.

437 609 798 676 Quamobrem
837 623 958 662 cum
1015 623 1118 662 non
1154 608 1377 661 idoneas
1421 609 1487 661 ad
1523 609 1880 662 resistendum
1914 609 2010 661 lia-

439 700 635 762 bercnt
658 699 861 768 cupias,
895 709 1094 766 petere,
1126 707 1180 751 ut
1210 699 1446 766 ipsorum
1473 699 1662 753 salutis
1693 714 1862 753 causa
1885 715 2007 752 cum

438 789 805 844 Romanorum
825 791 990 858 copiis
1009 790 1268 846 exercitui
1295 790 1582 844 Persarum
1608 793 1818 846 obviam
1847 793 2006 846 irent.

439 881 550 935 lloc
572 882 694 936 dolo
727 880 893 933 Suani
927 881 1030 943 usi,
1056 891 1108 933 et
1133 881 1292 935 donis
1339 882 1584 936 demeriti
1614 884 1880 950 legionum
1915 901 2010 938 no-

438 983 670 1034 strarum
722 973 908 1033 duces,
956 970 1317 1024 Romanorum
1353 974 1658 1040 praesidium
1711 975 2006 1041 ejece-runt.

436 1061 613 1120 Persa:
638 1070 816 1113 autem
836 1061 1085 1114 celeriter
1118 1065 1461 1124 accedentes.
1486 1064 1744 1116 Suauiam
1772 1079 1883 1118 sue
1915 1080 2011 1130 po-

439 1155 647 1208 testatis
695 1153 962 1208 fecerunt.
1022 1153 1157 1208 Hinc
1204 1155 1358 1209 facile
1411 1166 1493 1210 est
1524 1157 1838 1222 intelligere,
1883 1159 2009 1212 olim

440 1241 804 1296 liornmnorunt
823 1243 962 1311 juris
983 1243 1149 1298 fuisse
1177 1245 1460 1307 Suaniam,
1487 1246 1755 1316 hodieque
1774 1248 1898 1315 jure
1946 1250 2010 1303 il-

437 1334 503 1387 lis
530 1343 850 1403 competere.
886 1333 1020 1388 Nam
1053 1337 1098 1390 si
1132 1337 1335 1405 optimo
1357 1340 1482 1404 jure
1515 1341 1796 1393 constituti
1826 1358 2012 1396 sumus

438 1426 638 1478 domini
666 1425 872 1480 Lazicae
917 1428 1018 1497 (sic
1049 1430 1190 1482 enim
1209 1439 1265 1486 et.
1291 1445 1386 1484 vos
1435 1431 1753 1499 jampridem
1797 1448 2009 1502 {equum

435 1515 729 1570 ceusuistis
753 1516 794 1585 ),
834 1532 938 1578 non
976 1517 1178 1584 absque
1209 1518 1422 1576 ratione
1453 1520 1677 1581 Suauia,
1714 1537 1834 1589 quae
1870 1523 2010 1576 iulia

439 1604 683 1657 Lazicam
717 1606 948 1669 sila_est,
983 1607 1032 1659 in
1060 1617 1303 1662 nostrum
1339 1608 1426 1675 jus
1460 1607 1462 1610 ’
1491 1610 1900 1681 dominiumque
1926 1629 2012 1667 ce-

437 1697 759 1751 dcredebet.
797 1715 814 1747 ›
840 1698 937 1751 Cui
961 1697 1196 1753 Surenas
1223 1702 1504 1767 respondit
1534 1715 1549 1754 :
1580 1720 1596 1752 ι
1631 1703 1707 1757 Eo
1755 1705 2010 1772 iniquiori

436 1788 617 1840 animo
640 1798 688 1840 et
712 1789 927 1856 gravius
959 1789 1056 1842 ista
1085 1788 1260 1853 fertis,
1287 1805 1318 1843 o
1347 1790 1595 1856 Romani,
1620 1795 1771 1862 quod
1795 1811 1854 1849 ea
1880 1812 2010 1866 gens

437 1894 531 1929 sua
561 1886 752 1945 sponte
778 1889 833 1932 et
861 1879 1001 1933 ultro
1030 1895 1150 1934 sese
1177 1896 1374 1944 nostra:
1399 1885 1649 1951 potestati
1701 1888 1950 1953 permisit
1989 1907 2008 1940 ι

438 1966 633 2032 Ζί‹·Ιιιιε
671 1967 784 2033 ejus
818 1969 976 2022 verba
1004 1969 1302 2038 suscipiens
1332 1987 1346 2024 :
1393 1988 1420 2027 ι,
1451 1973 1614 2032 Suani
1648 1977 1761 2030 suis
1808 1976 2016 2046 legibus

436 2067 566 2112 sunt
605 2060 707 2123 usi,
747 2060 947 2129 inquit,
991 2075 1164 2129 neque
1197 2079 1431 2132 unquam
1465 2065 1784 2120 Colchorum
1842 2069 2012 2139 impe-

439 2150 518 2202 rio
545 2160 892 2218 paruerunlJ
924 2152 1067 2206 Tum
1097 2152 1288 2208 Petrus
1317 2169 1332 2208 :
1365 2174 1384 2207 ι
1417 2157 1473 2209 Si
1500 2166 1578 2222 tu,
1607 2173 1640 2212 o
1663 2157 1852 2224 Ziclie,
1876 2160 2014 2217 Sua-

438 2241 539 2294 nize
574 2257 770 2298 nomen
823 2244 876 2296 in
912 2245 1272 2300 conventione
1300 2248 1447 2316 pacis
1491 2249 1667 2303 omitti
1698 2252 1890 2316 mavis,
1916 2253 2026 2311 hoc,

441 2343 619 2386 tamen
667 2349 1052 2400 commemora,
1095 2339 1299 2392 temilii
1334 2337 1585 2403 Lazicam
1637 2343 2012 2398 redderecum

435 2424 704 2489 gentibus,
731 2441 849 2494 quae
881 2427 1012 2482 huic
1034 2429 1236 2498 regioni
1266 2431 1526 2502 subjectae
1551 2445 1696 2490 sunt.
1734 2455 1753 2488 ι
1776 2467 1846 2476 -—
1881 2457 1899 2488 ι
1925 2439 2015 2493 Sic

439 2517 540 2569 hoc
593 2518 752 2583 facio,
785 2519 960 2587 inquit
1013 2519 1236 2585 Zichus,
1293 2525 1474 2580 aditus
1515 2527 1607 2581 tibi
1639 2529 1920 2595 aperietur
1948 2532 2015 2588 de

437 2605 607 2661 Iberia
651 2625 870 2678 quoque
921 2615 1345 2668 controversiam
1373 2631 1612 2674 movere.
1650 2619 1781 2674 Nam
1822 2621 1878 2674 iu
1923 2637 2014 2678 tuo

441 2701 666 2754 arbitrio
689 2701 795 2755 erit
825 2702 1028 2768 dicere,
1064 2706 1233 2773 ipsam
1264 2721 1479 2777 quoque
1513 2709 1815 2778 sulijectarn
1847 2699 2015 2770 fuisse

442 2791 620 2850 Lazis.
660 2810 679 2843 ι
701 2821 770 2833 -
797 2811 816 2845 ι
841 2792 1181 2850 Manifestum
1205 2798 1493 2868 estigitur,
1519 2814 1552 2854 ο
1575 2799 1757 2869 Zicbe,
1795 2815 1846 2858 te
1873 2806 2020 2861 nolle,

441 2884 600 2936 nobis
615 2885 877 2954 integram
900 2885 1150 2942 Lazicam
1173 2890 1478 2957 restituere,
1500 2893 1595 2946 sed
1611 2891 1726 2960 ejus
1746 2906 1975 2962 partem.
1991 2919 2008 2950 ι

438 3001 509 3014 -ο
543 2973 706 3026 Multa
743 2975 906 3028 etiam
931 2975 1034 3028 alia
1066 2976 1206 3031 ultro
1226 2977 1472 3046 citroque
1489 2979 1669 3036 Persae
1695 2994 1749 3037 et
1777 2984 2008 3041 Romani

1310 311 1706 375 EXCERPTA
1743 313 1844 372 EX-
1881 295 2309 372 MENANDRU
2346 309 2840 372 PROTECTOBE

3578 307 3681 369 8M

2643 425 2732 474 Ἐν
2795 422 3036 491 τοσούτῳ
3106 421 3368 490 Ἐξισάτῳ
3426 422 3517 473 καί
3576 425 3687 483 τοῖς

2114 515 2324 586 ἑτέροις
2353 516 2615 584 ἡγεμόσιν
2641 515 2748 568 τῶν
2781 515 3108 584 Ῥωμαϊκῶν
3139 514 3434 583 ταγμάτων
3458 513 3689 582 ἔφησαν,

2111 605 2193 658 ὅτι
2231 625 2250 656 ί
2297 605 2645 674 Πολυπληθία
2690 606 2914 676 Περσῶν
2958 605 3290 673 ἀγγέλλεται
3319 606 3365 637 ⁶⁶
3434 604 3690 675 χωροῦσα

2113 697 2254 750 κατὰ
2319 696 2600 762 Σουάνων,
2653 698 2791 765 πρὸς
2847 698 2912 768 ἢν
2970 697 3266 766 ἀξιόμαχον
3321 696 3423 748 οὐκ
3483 696 3684 766 ἔχομεν

2113 784 2363 853 δύναμιν.
2400 785 2561 838 ’Λλλά
2591 785 2651 836 τὸ
2681 789 2926 838 συνοῖσον
2971 785 3334 855 βουλεύσασθε
3363 787 3426 848 ⁸⁷,
3462 785 3555 850 ξὺν
3578 788 3694 846 τοῖς

2112 874 2349 927 ἐνταῦθα
2420 874 2702 944 Ῥωμαίων
2763 876 3088 942 καταλόγοις
3157 875 3570 945 ὑποχωροῦντες
3622 877 3689 942 τῇ

2112 965 2329 1036 Μηδικῇ
2373 967 2624 1035 στρατιᾷ.
2653 984 2670 1015 ι
2717 964 2968 1034 Τοσούτῳ
2997 965 3342 1035 χρησάμενοι,
3385 964 3606 1016 Σουάνοι
3644 963 3693 993 ⁸⁸

2113 1057 2270 1126 δόλῳ,
2305 1057 2400 1109 καὶ
2428 1056 2622 1127 δώροις
2655 1058 3050 1120 ἀναπείσαντες
3082 1057 3208 1117 τοὺς
3236 1055 3342 1109 τῶν
3376 1055 3698 1122 καταλόγων

2114 1149 2156 1182 δ’
2179 1150 2495 1213 ἐπιστάτας,
2531 1148 2870 1202 ἁπεϐἀλοντο
2901 1148 2946 1180 ⁷⁸
2984 1148 3138 1218 παρά
3189 1148 3341 1216 σφῶν
3393 1148 3493 1217 τὴν
3559 1148 3702 1200 Ῥω-

2117 1244 2292 1313 μαίων
2328 1244 2599 1313 φυλακήν.
2652 1242 2720 1298 Οἱ
2762 1243 2820 1296 δὲ
2861 1245 3067 1314 Πέρσαι
3113 1243 3207 1308 ξὺν
3238 1244 3393 1313 τάχει
3444 1261 3700 1315 παραγε-

2115 1333 2331 1404 νόμενοι
2359 1333 2626 1386 Σουανίαν
2649 1334 2861 1388 ἔλαϐον.
2908 1335 3157 1404 Ληπτέον
3183 1329 3277 1386 οὖν
3307 1333 3574 1398 ἐντεῦθεν,
3604 1326 3698 1396 κὼς

2116 1425 2212 1477 καὶ
2251 1424 2540 1494 Ῥωμαίων
2569 1425 2832 1478 ἀνέκαθεν
2862 1415 3104 1494 ὑπῆρχεν
3135 1425 3204 1486 τί,
3247 1425 3340 1476 καὶ
3396 1424 3699 1492 Ῥωμαίοις

2113 1516 2344 1588 ἁρμόζει
2414 1519 2676 1588 τήμερον.
2768 1518 2830 1570 El
2889 1519 2996 1586 γὰρ
3069 1518 3381 1570 δικαιότατα
3450 1516 3700 1586 Λαζικῆς

2116 1607 2293 1676 κύριοι
2329 1606 2777 1676 κςθεστήκαμεν,
2819 1608 2961 1660 καθὰ
3008 1608 3278 1678 δήπουθεν
3313 1609 3472 1678 ὑμεῖς
3496 1609 3700 1677 ἐψηφί-

2116 1699 2303 1762 σασθε,
2344 1700 2605 1761 Σουανίας
2650 1701 2748 1769 τῆς
2793 1700 2898 1752 ὑπὸ
2927 1699 3168 1770 Λαζικὴν
3197 1702 3298 1753 οὐκ
3329 1701 3436 1753 ἀπὸ
3486 1700 3698 1770 τρόπου

2118 1792 2475 1861 ὃεσπόσομεν.
2507 1812 2524 1843 ι
2623 1793 2685 1847 '0
2741 1793 2799 1844 δὲ
2865 1793 3140 1863 Σουρήνας
3183 1793 3287 1862 ἐφη
3321 1808 3334 1822 ⁸
3375 1812 3393 1844 ι
3425 1793 3699 1863 Ἀχθεσθε

2122 1886 2348 1954 μᾶλλον,
2387 1887 2668 1956 Ῥωμαῖοι,
2699 1887 2780 1938 ὅτι
2809 1885 2961 1948 ἔθνος
2991 1886 3291 1956 αὐθαίρετα
3315 1885 3408 1938 καὶ
3437 1885 3699 1948 ἑκουσίως

2119 1976 2530 2046 προσεπέλασεν
2585 1978 2740 2047 ἡμῖν.
2796 1995 2814 2028 ι
2908 1975 2968 2029 Ὀ
3029 1976 3126 2046 Ζὶχ
3196 1975 3485 2028 ὑπολαὸὼν
3547 1976 3650 2044 ἔφη
3683 1992 3695 2004 ο

2123 2085 2140 2117 ι
2173 2067 2472 2134 Αὑτόνομοι
2517 2052 2794 2134 γεγόνασί
2833 2067 3080 2131 Σουάνοι,
3134 2067 3229 2120 καὶ
3266 2067 3331 2118 οὐ
3361 2065 3578 2118 πώποτε
3631 2069 3703 2135 τῇ

2118 2157 2342 2227 Κόλχων
2393 2157 2766 2225 ὑ-πεκλίθησαν
2825 2155 2990 2225 ἀρχῇ.
3026 2173 3044 2206 ι
3103 2150 3270 2217 Αὖθις
3322 2155 3398 2218 ὡς
3450 2155 3543 2208 τὸν
3603 2157 3716 2222 Ζὶχ.

2119 2247 2298 2315 ἔλεξεν
2342 2250 2372 2301 6
2404 2247 2606 2318 Πέτρος
2635 2265 2649 2280 ·
2703 2265 2722 2299 ι
2757 2244 2887 2314 Εἷγε
2923 2247 2996 2317 μὴ
3027 2246 3242 2315 βούλει,
3276 2239 3321 2300 ὧ
3350 2249 3468 2318 Ζὶχ,
3503 2249 3560 2300 ἐν
3589 2249 3704 2315 τοῖς

2116 2342 2215 2411 τῆς
2271 2341 2498 2409 εἰρήνης
2552 2338 2940 2409 συμϐουλαίοις
3011 2339 3183 2408 ὄνομα
3224 2339 3268 2370 ⁷³
3325 2338 3384 2390 τὸ
3436 2339 3703 2400 Σουανίας

2119 2432 2442 2502 ἐγχαράξαι,
2483 2432 2746 2501 σήμανον,
2794 2430 2868 2490 ὡς
2895 2430 3164 2494 ἀποδίδως
3215 2447 3304 2500 μοι
3329 2429 3576 2498 Λαζικὴν
3607 2428 3705 2493 ξὺν

2116 2526 2227 2585 τοῖς
2264 2523 2727 2592 ὑποτεταγμένοις
2782 2521 2991 2575 ἔθνεσιν
3039 2523 3198 2592 αὐτῇ.
3228 2540 3245 2572 ι
3316 2522 3374 2574 Ὀ
3425 2521 3544 2591 Ζὶχ,
3588 2539 3608 2572 ‹
3639 2522 3704 2573 Εἰ

2117 2618 2275 2669 τοῦτο
2309 2657 2322 2682 ,
2391 2616 2494 2686 ἔφη
2525 2656 2539 2680 ,
2611 2616 2862 2684 ποιήσω,
2920 2615 3074 2669 ἀδειά
3146 2631 3228 2667 σοι
3271 2615 3556 2683 δοθήσεται
3608 2615 3706 2666 καὶ

2092 2711 2248 2779 ,περὶ
2289 2708 2531 2778 Ἰϐηρίας
2561 2706 2948 2777 ἀμφισϐητεῖν,
2991 2705 3112 2759 κατ’
3156 2705 3406 2770 ἐξουσίαν
3435 2723 3496 2758 τε
3527 2706 3705 2768 εἴποις

2119 2800 2204 2864 ἂν,
2227 2799 2302 2860 ὡς
2321 2803 2414 2852 καὶ
2441 2798 2577 2869 αὐτὴ
2604 2799 2869 2866 κατήκοος
2890 2799 3132 2866 ἐγεγόνε.
3155 2797 3371 2862 Λαζῶν.
3405 2817 3424 2850 ι
3453 2829 3523 2838 -
3550 2818 3567 2850 ι
3613 2799 3708 2851 Ἑν

2118 2890 2351 2960 δηλώσει
2383 2891 2460 2954 δέ,
2497 2910 2516 2941 ι
2571 2893 2598 2943 ὁ
2626 2891 2856 2960 Πέτρος,
2909 2909 2928 2944 ι
2963 2890 3282 2958 γεγένησαι,
3316 2885 3360 2943 ὧ
3391 2892 3507 2958 Ζὶχ,
3537 2891 3612 2952 ὼς
3639 2893 3705 2944 οὐ

2121 2983 2300 3053 βούλει
2345 2984 2527 3036 πᾶσαν
2583 2984 2714 3052 ἡμῖν
2765 2981 3056 3038 ἀποδοῦναι
3102 2981 3368 3052 Λαζικὴν,
3408 2983 3548 3035 ἀλλά
3581 2999 3707 3036 τινα

434 3073 491 3118 et
525 3066 777 3119 dixerunt.
813 3075 868 3121 et
918 3068 1206 3123 audierunt
1253 3071 1320 3125 de
1373 3069 1596 3140 Suauia,
1632 3090 1807 3146 neque
1841 3087 2016 3134 tamen

2129 3079 2321 3147 μοῖραν
2353 3075 2544 3142 αὐτῆς.
2583 3092 2600 3124 ι
2645 3074 2820 3127 Πολλὰ
2852 3075 2949 3145 μὲν
2987 3072 3081 3128 οὖν
3108 3076 3205 3128 καὶ
3234 3075 3398 3145 ἕτερα
3436 3074 3722 3142 ’Βωμαῖοί

433 3153 728 3207 convenire
767 3163 1076 3221 potuerunt.
1116 3157 1224 3212 Sed
1279 3167 1445 3214 totam
1472 3176 1585 3216 rem
1615 3166 1681 3218 ad
1702 3167 1842 3236 regis
1883 3166 2010 3223 Per-

437 3260 618 3297 sarum
649 3246 934 3300 arbitrium
983 3249 1308 3315 rejecerunt,
1342 3253 1483 3321 apud
1515 3268 1673 3322 quem
1727 3255 1926 3313 Zichus
1955 3274 2012 3314 se

436 3336 596 3390 Petro
624 3351 798 3405 neque
828 3339 1009 3393 studio
1040 3355 1215 3409 neque
1249 3343 1419 3410 gratia
1466 3343 1809 3413 defuturum,
1847 3365 2011 3418 quum

437 3426 672 3494 primum
694 3426 762 3480 ad
801 3426 1097 3483 Cltosroem
1141 3429 1413 3494 rediisset,
1438 3431 1816 3502 jurejurando,
1868 3440 2010 3506 quod

436 3518 576 3586 apud
604 3519 797 3573 Persas
826 3529 1230 3575 sacrosanctum
1263 3522 1509 3590 habetur,
1545 3527 1703 3581 fidem
1735 3543 1886 3582 suam
1915 3531 2013 3584 ob-

434 3605 674 3660 strinxit.
702 3606 904 3661 Deinde
931 3605 1130 3662 Ziclius
1168 3622 1475 3666 sermonem
1495 3615 1667 3669 movit
1699 3615 1766 3669 de
1789 3616 2009 3682 Ambro,

437 3698 790 3753 Alamundari
833 3699 966 3766 filio,
1002 3701 1424 3770 lSaraCenorum
1457 3706 1616 3772 duce,
1647 3707 1892 3776 dixitque
1932 3709 2016 3762 illi-

437 3787 638 3844 debere
688 3799 905 3843 centum
947 3792 1064 3845 auri
1108 3791 1277 3848 libras
1325 3802 1381 3847 et
1417 3808 1630 3861 aequum
1661 3809 1803 3862 esse,
1829 3805 1888 3850 ut
1916 3811 2012 3853 eas

436 3879 726 3946 acciperet,
773 3879 915 3935 sicut
964 3891 1016 3935 et
1047 3881 1112 3946 is,
1165 3883 1420 3952 quiante
1477 3884 1873 3941 Saracenorum
1903 3887 2010 3943 dux

439 3968 638 4028 fuerat.
661 3971 859 4026 Contra
884 3975 1021 4028 dixit
1045 3974 1239 4030 Petrus
1263 3990 1282 4028 :
1318 3992 1338 4027 ι
1377 3975 1774 4032 Saracenorum
1795 3980 2006 4046 ducem,

436 4058 535 4127 qui
575 4069 700 4115 ante
727 4061 988 4121 Ambrum
1035 4063 1232 4127 fuerat,
1289 4066 1586 4135 imperator
1623 4078 1809 4124 noster
1839 4071 2011 4127 libero

437 4152 555 4206 auri
581 4151 720 4205 dono
745 4152 908 4213 nullis
931 4153 1129 4208 litteris
1172 4155 1458 4219 obstricto,
1496 4158 1713 4225 quando
1748 4159 1849 4228 ipsi
1899 4159 2026 4228 pla-5

437 4242 612 4312 ciebat,
643 4242 802 4314 140
824 4258 1018 4299 ornare
1046 4244 1271 4300 solebat.
1290 4244 1604 4300 Mi‘ttebatur
1625 4248 1787 4318 igitur
1813 4250 1880 4304 ad
1906 4251 2010 4305 Sa-

437 4349 693 4392 racenum
749 4335 990 4401 nuntius,
1038 4337 1132 4406 qui
1188 4347 1376 4392 vectus
1417 4338 1697 4393 celeritate
1745 4355 2008 4409 equorum

2113 3186 2172 3221 τε
2200 3168 2292 3220 καὶ
2328 3167 2532 3234 Πέρσαι
2577 3165 2823 3228 εἰπόντες
2859 3182 2919 3220 τε
2967 3167 3060 3220 καὶ
3100 3165 3399 3234 ἀκηκοότες
3435 3165 3701 3226 Σουανίας

2115 3262 2265 3330 πέρι,
2313 3259 2462 3328 ὅμως
2520 3259 2580 3309 ού
2615 3255 2940 3326 ξυνέϐησαν.
2993 3260 3153 3311 Δοκεῖ
3193 3255 3485 3325 τοιγαροῦν
3515 3255 3707 3316 αὐτοῖς

2118 3351 2248 3421 περὶ
2279 3349 2374 3402 τοῦ
2403 3347 2608 3401 τοιοῦδε
2639 3349 2731 3402 τὸν
2761 3349 2984 3420 βασιλέα
3035 3349 3407 3416 ἐπισκοπῆσαι
3451 3347 3704 3417 Περσῶν.

2116 3443 2226 3494 Καὶ
2253 3442 2400 3511 ὅρκῳ
2423 3440 2763 3494 ἐπιστώσατο
2782 3443 2818 3494 6
2839 3443 2958 3510 Ζὶχ,
3048 3441 3111 3493 ".-
3130 3441 3446 3508 νενόμισται
3469 3440 3708 3507 Πέρσαις

2112 3533 2333 3603 ὀμνύειν
2366 3574 2381 3599 ,
2432 3533 2890 3597 ξυνεπιλαόἐσθαι
2952 3534 3146 3603 Πέτρῳ
3183 3533 3258 3595 ὡς
3301 3533 3548 3602 Χοσρόην
3593 3535 3708 3598 ἀερ-

2117 3625 2420 3696 ικνουμὲνῳ
2459 3625 2624 3680 ἕνεκα
2673 3627 2957 3689 Σουανίας.
2987 3621 3122 3679 Εἶτα
3163 3625 3258 3678 τοῦ
3294 3627 3391 3694 Ζὶχ
3420 3628 3544 3687 τοὺς
3576 3627 3728 3694 περὶ.

2117 3716 2368 3786 Ἀμϐρου
2411 3715 2505 3769 τοῦ
2554 3715 2990 3786 Ἀλαμουνδάρου
3025 3716 3073 3748 ⁷⁸
3100 3715 3193 3768 τοῦ
3229 3715 3338 3768 τῶν
3366 3715 3714 3786 Σαρακηνῶν,

2112 3797 2413 3876 ἡγουμένου
2468 3807 2788 3877 κινήσαντος
2840 3806 3058 3873 λόγους,
3127 3807 3428 3875 φάσκοντός
3483 3822 3565 3871 τε,
3613 3806 3708 3858 ὅτι,

2110 3915 2174 3966 γε
2224 3897 2396 3968 δήπου
2447 3897 2543 3953 καὶ
2581 3897 2780 3962 αὑτὸν,
2841 3897 3033 3968 ὥσπερ
3078 3899 3172 3950 καὶ
3222 3899 3315 3951 τὸν
3369 3896 3478 3967 πρὸ
3536 3899 3706 3949 αὐτοῦ

2113 3989 2353 4058 ἡγεμόνα
2381 3986 2476 4039 τοῦ
2504 3987 2882 4059 Σαρακηνικοῦ
2914 3989 2997 4054 ⁷⁵,
3026 3987 3364 4068 κομίζεσθαι
3395 3986 3575 4057 χρεὼν
3605 3988 3703 4048 τὰς

2112 4079 2307 4132 ἑκατὸν
2356 4080 2580 4150 χρυσίου
2640 4079 2851 4150 λίτρας,
2902 4081 3162 4134 ἀντεῖπεν
3209 4082 3237 4133 6
3286 4080 3520 4150 Πέτρος,
3559 4080 3697 4132 ὥστε

2119 4189 2137 4221 ι
2165 4169 2268 4221 τὸν
2314 4167 2422 4238 πρὸ
2479 4167 2728 4237 Ἀμϐρου
2765 4169 3008 4238 ἡγεμόνα
3057 4171 3237 4239 δωρεᾷ
3284 4185 3392 4222 τινι
3446 4169 3701 4237 ἀγράφῳ,

2112 4258 2222 4325 ὅσῳ
2254 4257 2320 4310 ἂν
2357 4255 2460 4326 ήὸο
2474 4255 2634 4314 ύλετο
2668 4257 2877 4328 χρυσίῳ
2910 4259 3004 4310 καὶ
3033 4258 3292 4327 ὁπηνίκα,
3327 4261 3356 4311 6
3385 4259 3506 4311 καθ’
3558 4260 3706 4328 ἡμᾶς

2115 4348 2522 4418 ἐφιλοφρονεῖτο
2565 4349 2853 4417 δεσπότης.
2940 4349 3242 4420 Τοιγαροῦν
3309 4349 3588 4402 ἐστέλλετο
3636 4353 3706 4420 τῇ

435 4426 798 4494 publicorum,
855 4428 1106 4483 redderet
1142 4430 1285 4498 quod
1312 4429 1387 4483 illi
1420 4429 1714 4499 imperator
1743 4435 2000 4489 donatum

2116 4443 2378 4511 ταχυτῆτι
2443 4440 2551 4494 τῶν
2624 4441 2900 4512 δημοσίων
2963 4442 3146 4496 ἕππων
3205 4441 3500 4512 ὀχούμενος
3562 4443 3707 4510 ἀνὴρ

435 4518 668 4574 volebat.
695 4518 802 4574 Sed
823 4529 947 4574 ante
968 4519 1275 4578 Saraceuus
1296 4535 1392 4591 per
1415 4521 1673 4592 legatum,
1694 4540 1852 4593 quem
1887 4526 2012 4579 mit-

437 4611 602 4675 tebat,
630 4611 1011 4682 imperatorem
1044 4622 1286 4669 nostrum
1336 4614 1491 4670 donis
1520 4616 1620 4670 sibi
1665 4617 2008 4672 conciliabat.

435 4699 590 4757 Tunc
616 4701 812 4761 iterum
839 4704 1131 4772 imperator
1167 4704 1408 4762 vicissim
1450 4705 1629 4777 aliqua
1688 4707 2013 4763 liberalitate

438 4790 769 4853 Saracentnn
798 4794 904 4864 sibi
923 4795 1194 4849 devincire
1235 4794 1507 4850 studebat.
1550 4796 1607 4850 Si
1637 4798 1872 4858 Ambrus
1905 4799 2006 4868 igi-

440 4893 525 4934 tur
559 4883 629 4933 ita
666 4881 846 4938 facere
869 4885 1191 4952 decreverit,
1215 4898 1270 4943 et
1301 4888 1614 4959 imperatori
1644 4899 1834 4945 nostro
1865 4891 2005 4945 idem

437 4971 723 5039 placuerit,
753 4974 888 5034 bene
913 4983 1030 5042 est;
1057 4977 1140 5032 sin
1161 4978 1360 5044 minus,
1393 4980 1594 5034 frustra
1625 4981 1924 5044 contendit,
1955 4991 2010 5034 et

437 5063 656 5116 demens
687 5073 790 5128 est,
811 5079 985 5133 neque
1043 5069 1336 5137 quidquatn
1368 5071 1698 5141 impetrabit.
1731 5092 1749 5124 θ

435 5156 584 5208 δοκεῖ
612 5159 706 5209 καὶ
730 5157 808 5228 τῷ
839 5158 956 5212 καθ’
981 5161 1130 5230 ἡμᾶς
1157 5161 1384 5232 βασιλεῖ·
1415 5166 1462 5219 εί
1489 5165 1545 5218 δέ
1566 5183 1628 5234 γε
1654 5169 1716 5220 οὐ
1785 5169 2052 5239 βούλεται,

449 5251 760 5305 ’Λποίσεται
795 5253 903 5324 γὰρ
935 5255 1086 5308 οὐδὲν
1120 5257 1353 5316 suam.»

511 5342 637 5398 llaec
667 5353 720 5399 et
742 5344 845 5399 alia
877 5346 1046 5400 multa
1075 5362 1197 5402 eum
1230 5348 1370 5403 inter
1402 5365 1461 5406 se
1486 5353 1803 5422 agitassent,
1841 5354 2013 5411 foede-

2116 4532 2518 4603 ἀγγελιαφόρος
2543 4532 2618 4597 ὡς
2645 4533 2738 4586 τὸν
2783 4535 3122 4604 Σαρακηνδν,
3152 4537 3622 4607 ἀποκαταστήσων
3653 4538 3705 4588 οἱ

2113 4625 2174 4679 τὸ
2235 4626 2372 4694 ὅπερ
2410 4627 2706 4694 ἐτύγχανεν
2737 4625 2885 4696 αὐτῷ
2930 4627 3182 4697 πεμφθὲν
3236 4628 3372 4696 πρὸς
3420 4627 3516 4679 τοῦ
3565 4626 3705 4679 Ῥω-

2125 4714 2284 4783 μαίου
2337 4714 2621 4783 βασιλέως.
2704 4714 2862 4769 Οῦτω
2903 4733 2967 4768 τε
3016 4719 3076 4779 ἐς
3123 4716 3434 4786 τοῦμπαλιν
3480 4719 3546 4768 ὲκ
3602 4717 3701 4768 τοῦ

2119 4804 2436 4875 Σαρακηνοῦ
2497 4789 2582 4868 ’ὡς
2658 4805 2881 4876 βασιλέα
2931 4807 3056 4860 τὸνς
3086 4809 3364 4877 ἡμεδαπὸν
3421 4809 3704 4877 ἐπέμπετο

2119 4897 2446 4967 δωροφορῶν
2486 4897 2848 4968 πρεσϐευτής.
2903 4895 3036 4950 Εἶτα
3065 4899 3349 4970 ἁντιδώρῳ
3381 4895 3538 4962 αὖθις
3579 4901 3703 4969 ἐφι-

2114 4988 2426 5059 λοφρονεῖτο
2471 4989 2562 5041 τὸν
2594 4989 2910 5060 Σαρακηνδν
2929 4993 2957 5043 6
2996 4990 3116 5043 καθ’
3145 4993 3294 5061 ἡμᾶς
3319 4992 3698 5062 αὐτοκράτωρ.

2116 5081 2179 5133 Εἰ
2215 5079 2460 5148 βούλεται
2489 5075 2583 5133 οὖν
2613 5081 2709 5133 καὶ
2742 5080 2988 5152 Ἀμὸρος
3027 5082 3169 5135 κατά
3205 5082 3382 5136 ταῦτα
3417 5085 3615 5146 ποιεῖν,
3649 5085 3702 5134 εἰ

2129 5175 2269 5226 κινεῖ
2311 5171 2610 5242 τηνάλλως,
2666 5173 2802 5243 πρός
2853 5189 2914 5235 γε
2969 5174 3065 5225 καὶ
3109 5173 3441 5242 ἠλιθιώτατα
3485 5176 3694 5243 φρονεῖ-

2195 5357 2423 5412 Τούτων
2455 5357 3034 5429 διαμφισϐητηθέντων
3062 5358 3158 5410 καὶ
3188 5360 3410 5430 ἑτέρων,
3451 5361 3699 5430 ἐγράφη-

1754 5471 1992 5529 VARUE
2032 5475 2435 5533 LECTlONES.

509 5584 553 5614 ⁵⁶
581 5584 904 5674 ἀγγέλλεται
943 5586 1033 5674 Νέ,
1059 5589 1364 5674 exangui
1389 5593 1547 5674 vulg.
1622 5596 1665 5674 εἶ
1699 5595 2094 5674 βουλεύσασθαι
2127 5600 2272 5670 vulg.
2353 5601 2398 5632 ⁸⁸
2435 5601 2658 5654 Σουάνοι
2711 5598 2802 5674 H._,
2864 5603 3110 5674 Σουάνιοι
3164 5603 3308 5674 vulg.
3334 5603 3430 5674 ﬂ"
3465 5601 3697 5674 καταλό-

442 5670 553 5739 γωὶν
587 5654 876 5739 Νπθλόγςον
916 5659 1086 5739 vulg?
1109 5654 1295 5739 λόχων
1314 5654 1575 5739 Canto‘cl.
1604 5735 1611 5739 _
1649 5654 2097 5739 ⁷⁸³’ἀῖτε6ᾰλλοντο
2136 5654 2281 5739 νιιΙξζ.

445 5721 588 5789 τυις.
664 5725 707 5754 ⁷³
735 5721 889 5798 ﬁll"
914 5726 946 5796 ἢ
973 5721 1115 5798 vulg.
1183 5721 1239 5761 '7"
1284 5732 1715 5804 Άλαμουνδάρου
1743 5735 1830 5800 N.,

1877 5739 2248 5808 Ἀλαμάνδρου
2270 5740 2410 5809 vulg.

2362 5672 2402 5700 ⁷³
2439 5671 2683 5739 ὑπῆρχον
2709 5672 2854 5740 vulg.
2933 5673 2976 5703 ⁷³
3008 5673 3178 5741 ὄνομα
3227 5671 3286 5725 τδ
3332 5672 3419 5736 N.,
3469 5673 3696 5742 ὀνόματι

2488 5743 2532 5772 ’⁷⁵
2552 5741 2870 5810 Σαρακηνοῦ
2893 5743 2976 5796 ed.
3005 5742 3124 5796 l’ar.
