4076 6432
399 342 506 406 865

1182 349 1278 408 DE
1316 349 1876 411 LEGATIONIBUS
1919 353 2408 414 nomnenuu
2455 325 2553 412 AD
2591 325 2908 415 usuras.

3553 361 3660 421 966

404 468 503 504 σαν
570 451 630 504 αἱ
695 451 1206 520 πεντηκοντούτιδες
1271 455 1498 508 σπονδαὶ
1555 457 1821 527 ΠερσιστὶΙ
1883 457 1976 510 καὶ

2085 473 2201 511 rum
2229 458 2278 510 in
2326 460 2717 528 quinquaginta
2760 476 2930 514 annos
2965 463 3299 520 conditiones
3346 479 3474 524 sunt
3522 485 3654 536 pra}-

410 545 734 614 Ἑλληνιστὶ,
759 545 1062 617 μετεὸλήθη
1098 563 1156 599 τε
1182 547 1245 600 τὸ
1281 547 1593 618 Ἑλληνικὸν
1628 551 1708 612 είς
1743 549 1977 618 Περσίδα

399 636 584 706 φωνὴν
643 638 739 702 καὶ.
777 636 838 688 τὸ
879 637 1145 707 Περσικὸν
1174 640 1254 698 είς
1309 637 1614 709 Ἑλληνίδα.
1667 643 1730 694 Οἱ
1775 641 1832 694 δὲ
1879 641 1978 704 τὰς

399 723 670 793 ξυνθήκας
699 722 1044 792 βεϐαιοῦντες
1098 725 1385 795 Ῥωμαίων
1433 726 1532 796 μὲν
1572 728 1780 796 Πέτρος
1811 730 1838 781 ὁ
1868 727 1977 780 τῶν

399 815 525 883 περὶ
569 814 795 884 βασιλέα
841 814 1158 882 καταλόγων
1191 815 1415 884 ἡγεμὼν
1455 816 1546 868 καὶ
1580 816 1835 880 Εὺσὲὁιος
1885 818 1978 870 καὶ

397 907 598 979 ἕτεροι,
652 907 884 977 Περσῶν
923 907 981 960 δὲ
1023 909 1052 959 ὁ
1097 905 1505 976 Ἰεσδεγουσνάφ
1553 909 1646 960 καὶ
1702 909 1976 978 Σουρήνας

400 1001 494 1053 καὶ
543 1001 742 1070 ἕτεροι.
780 999 908 1054 Τῶν
943 995 1036 1054 οὖν
1069 1000 1126 1066 ἐξ
1162 1001 1424 1072 ἐκατέρου
1454 1002 1652 1072 μέρους
1677 1001 1976 1071 ὁμολογιῶν

401 1094 461 1144 ἐν
521 1091 812 1156 συλλαϐαῖς
887 1092 1303 1164 ἀναληφθεισῶν
1338 1133 1352 1157 ,
1426 1092 1976 1163 ἁντιπαρεόλήθησαν

397 1183 656 1253 ἀλλήλαις
701 1183 780 1252 τῷ
833 1182 1142 1254 ίσοδυνάμῳ
1187 1185 1298 1238 τῶν
1332 1185 1736 1255 ἐνθυμημάτων
1787 1202 1844 1237 τε
1880 1185 1976 1238 καὶ

399 1275 679 1342 ῥημάτων.
713 1273 852 1326 Ὅσα
879 1273 935 1326 δὲ
962 1274 1205 1344 ἐσήμηνε
1238 1274 1308 1328 τά
1335 1275 1432 1345 τῆς
1460 1275 1684 1345 είρήνης
1705 1291 1975 1344 γραμμα-

395 1367 536 1427 τεῖα,
572 1363 859 1428 λελέξεται.
910 1365 1018 1418 Καὶ
1053 1365 1116 1436 δὴ
1145 1365 1323 1436 δόγμα
1365 1366 1580 1435 ἐγράφη
1625 1365 1864 1436 πρῶτον,
1897 1365 1973 1428 ὼς

394 1440 484 1509 διὰ
536 1456 636 1526 τῆς
692 1454 1046 1526 στενοπορίας
1111 1457 1209 1526 τῆς
1269 1457 1476 1509 εἰσόδου
1526 1456 1620 1510 τοῦ
1682 1456 1974 1525 λεγομένου

397 1541 704 1622 Χορουτζδν
765 1547 858 1600 καὶ
900 1546 1021 1600 -τῶν
1077 1547 1342 1600 Κασπίων
1389 1546 1573 1600 πυλῶν
1633 1547 1706 1616 μὴ
1767 1548 1975 1615 ἐφεῖναι

400 1637 673 1706 Πέρσαςῆ
723 1637 957 1701 Οὓννους
987 1640 1019 1710 ἢ
1050 1640 1305 1704 Ἀλανοὺς
1339 1641 1371 1711 ἢ
1407 1641 1628 1712 ἐτέρους
1660 1641 1977 1711 Βαρῦἀρους

399 1725 633 1795 πάροδον
659 1727 929 1781 ποιεῖσθαι
961 1730 1103 1784 κατά
1128 1730 1230 1799 τῆς
1273 1729 1561 1800 Ῥωμαίων
1592 1732 1973 1801 ἐπικρατείας·

2081 548 2498 617 seriptmGrzece
2525 561 2579 604 et
2606 551 2844 605 Persice.
2915 554 3119 606 Deinde
3147 554 3332 609 Graeca
3362 557 3411 609 in
3451 575 3660 614 sermo-

2081 650 2200 688 nem
2227 635 2524 700 Persieutn,
2549 647 2603 691 et
2627 635 2846 692 Persica
2877 639 2927 694 in
2951 641 3196 694 Grzrcum
3219 654 3342 696 sunt
3376 648 3655 701 translata.

2083 725 2399 781 Fmderibus
2421 743 2600 782 autem
2635 729 2934 784 scribendis
2964 741 3019 786 et
3055 731 3312 788 facicmlis
3338 735 3606 790 aﬂ'uerunt
3629 755 3660 792 e

2083 815 2340 871 Romanis
2357 817 2569 881 Petrus,
2592 820 2696 872 dux
2719 821 2971 884 militum,
2993 823 3086 888 qui
3107 822 3252 877 circa
3277 825 3656 891 imperatorem

2081 908 2404 972 militabant,
2433 909 2694 964 Eusebius
2714 922 2767 966 et
2793 913 2906 978 alii;
2926 928 2989 967 ex
3023 913 3203 969 Persis
3238 915 3658 988 lrsdc-gusnaph,

2083 998 2330 1054 Surenas
2361 1011 2413 1054 et
2451 1002 2564 1056 alii.
2599 1001 2780 1067 Quum
2809 1005 2972 1072 igitur
2997 1008 3383 1062 conventiones
3420 1011 3487 1062 ab
3513 1021 3659 1063 utra-

2082 1106 2186 1158 que
2263 1100 2416 1159 parte
2489 1092 2684 1148 litteris
2752 1098 3020 1151 mandaue
3091 1111 3306 1163 essent,
3373 1109 3660 1169 utramque

2082 1182 2222 1235 inter
2290 1197 2347 1236 se
2415 1197 2834 1253 compararunt,
2903 1198 2961 1240 ut
3027 1191 3190 1242 verba
3259 1199 3313 1244 et
3379 1192 3661 1245 sententia:

2081 1274 2223 1327 idrm
2259 1275 2521 1330 valerent.
2552 1278 2680 1342 Quze
2709 1290 2889 1331 autem
2922 1279 3072 1346 pacis
3104 1278 3266 1333 libelli
3295 1281 3658 1344 continerent,

2080 1366 2346 1422 dicentur.
2387 1367 2627 1420 Primum
2659 1369 2820 1438 igitur
2861 1371 3139 1422 decretum
3176 1369 3274 1423 fuit
3305 1385 3319 1422 :
3349 1385 3414 1423 ne
3441 1387 3534 1440 per
3557 1388 3657 1425 an-

2080 1459 2286 1523 gustias
2320 1460 2436 1526 ejus
2466 1461 2732 1524 introitus,
2765 1465 2853 1529 qui
2889 1462 3194 1517 Chorutson
3237 1465 3559 1533 appellatur,
3604 1476 3658 1520 et

2081 1553 2263 1612 portas
2295 1548 2517 1616 CaSpias
2561 1549 2760 1613 Persis,
2802 1561 2895 1604 aut
2948 1552 3175 1618 llunnis,
3209 1565 3301 1607 aut
3330 1555 3538 1621 Alanis,
3565 1565 3660 1610 aut.

2080 1631 2202 1686 aliis
2235 1631 2486 1689 Barbaris
2527 1641 2579 1689 in
2615 1636 2984 1693 Romanorum
3017 1641 3152 1696 lines
3182 1645 3413 1699 transire
3444 1645 3657 1709 liceret,

2083 1735 2220 1775 neve
2268 1721 2497 1778 [tornani
2529 1730 2579 1778 in
2613 1743 2673 1780 ea
2714 1728 2826 1782 loca
2859 1742 2950 1783 aut
3001 1732 3050 1784 in
3083 1733 3245 1786 aliam
3279 1750 3660 1806 quamcunque

402 1791 536 1886 μήτε
567 1816 624 1870 δὲ
669 1817 972 1885 Ῥωμαίους
1022 1821 1080 1872 ἐν
1111 1791 1260 1891 αὐτῷ
1292 1791 1464 1892 δήπου
1496 1822 1573 1892 τῷ
1604 1791 1785 1894 χώρη),
1836 1791 1973 1894 μήτε

2085 1822 2290 1880 partem
2322 1815 2505 1868 linium
2538 1815 2868 1872 Medicorum
2915 1823 3210 1877 exercitum
3245 1834 3432 1879 contra
3470 1826 3661 1882 Persas

395 1909 506 1976 μὴν
534 1909 590 1960 ἐν
634 1907 814 1972 ἄλλοις
856 1911 1120 1979 Μηδικοῖς
1154 1913 1323 1982 ὁρίοις
1373 1913 1688 1984 στράτευμα
1734 1915 1974 1969 στέλλειν

398 1998 537 2051 κατά
570 1998 812 2068 Περσῶν.
861 2002 1144 2072 Δεύτερον,
1188 2002 1262 2066 ὡς
1295 2003 1362 2056 ἂν
1396 2007 1444 2057 οἱ
1476 2005 1757 2075 σύμμαχοι
1794 2007 1972 2078 Σαρα-

397 2090 555 2157 κηνοὶ
609 2091 878 2161 ἑκατέρας
935 2093 1211 2156 πολιτείας
1267 2095 1558 2165 ἐμμένοιεν
1613 2098 1710 2149 κα)⁵
1765 2099 1814 2151 οἳ
1865 2101 1976 2162 τοῖς

397 2181 763 2251 βεόαιωῢεῑσι,
793 2183 888 2235 καὶ
913 2185 1053 2254 μήτε
1075 2183 1202 2248 τοὺς
1235 2181 1463 2256 Περσῶν
1489 2189 1630 2241 κατά
1683 2189 1974 2259 Ρωμαίων,

397 2269 539 2341 μήτε
601 2271 729 2334 τοὺς
801 2261 1090 2348 Ῥωμαίων
1143 2275 1459 2338 ὁπλίζεσθαι
1524 2279 1669 2331 κατὰ
1724 2279 1972 2349 Περσῶν.

397 2361 557 2414 Κατὰ
585 2361 775 2432 τρίτην
804 2361 976 2427 τάξιν,
1014 2362 1156 2416 ὥστε
1199 2365 1326 2429 τοὺς
1355 2367 1632 2436 ἐμπόρους
1689 2368 1976 2438 Ῥωμαίων

393 2469 457 2505 τε
492 2455 585 2506 καὶ
618 2453 842 2524 Περσῶν
868 2454 974 2506 τῶν
1012 2456 1309 2510 ὁποιωνοῦν
1356 2459 1613 2528 φορτίων,
1650 2460 1874 2523 τούτους
1917 2461 1974 2513 δὲ

399 2550 494 2600 καὶ
533 2549 657 2612 τοὺς
700 2547 940 2602 τοιούσδε
965 2551 1227 2621 ποριστάς
1259 2553 1403 2606 κατὰ
1433 2550 1494 2605 τὸ
1531 2552 1591 2618 ἐξ
1624 2555 1798 2624 ἀρχῆς
1839 2573 1975 2625 κραο

397 2642 569 2712 τῆσαν
600 2641 718 2704 ἔθος
754 2642 1164 2713 ἐμπορεύεσθαι
1206 2644 1293 2696 διὰ
1331 2645 1440 2697 τῶν
1471 2646 1778 2716 εἰρημένων
1818 2647 1977 2701 δεκα-

397 2732 721 2804 τευτηρίων.
757 2737 832 2799 Δ’,
866 2733 942 2797 ὡς
973 2733 1038 2787 ἂν
1067 2734 1114 2788 οί
1146 2733 1402 2806 πρέσϐεις
1428 2736 1520 2788 καὶ
1548 2739 1595 2789 οἱ
1621 2740 1685 2807 τῇ
1713 2739 1976 2808 ταχυτῆτι

398 2824 671 2896 χρώμενοι
691 2827 800 2880 τῶν
831 2827 1106 2898 δημοσίων
1129 2826 1310 2880 ἵππων
1331 2827 1466 2898 πρὸς
1493 2829 1590 2890 τὰς
1616 2830 1974 2896 ἀπαγγελίας,

395 2917 426 2968 ὁ
454 2917 550 2986 μὲν
581 2916 638 2980 ἐς
671 2916 740 2970 τά
796 2918 1104 2986 Ῥωμαίων,
1157 2917 1186 2968 ὁ
1224 2917 1269 2969 δ’
1312 2919 1366 2981 ἐς
1398 2919 1445 2948 ⁷⁸
1489 2918 1556 2969 τὰ
1589 2919 1817 2988 Περσῶν
1871 2919 1975 2990 ἤθη

398 3003 806 3080 ἀφικνούμενοι,
851 3007 994 3061 κατά
1037 3007 1241 3078 ταύτην
1281 3008 1438 3072 ἀξίαν
1489 3010 1674 3061 καὶτὸ
1703 3009 1978 3078 προσῆκον

404 3092 623 3150 ἕκαστοι
644 3097 946 3168 τιμηθεῖεν,
979 3097 1195 3167 καὶτῆς
1225 3099 1452 3169 δεούσης
1475 3098 1754 3163 τεύξονται
1781 3101 1976 3171 ἐπιμε-

401 3185 566 3250 λείας⁶
590 3187 1029 3242 ἀπαλλάττεσθαί
1051 3206 1107 3241 τε
1142 3189 1281 3258 σφᾶς
1313 3190 1386 3258 μὴ
1409 3189 1890 3259 χρονοτριόοῦντας
1907 3192 1976 3244 ⁷⁷.

413 3277 573 3331 Ἀλλά
597 3278 706 3349 γὰρ
737 3280 830 3332 καὶ
858 3280 958 3341 τάς
993 3280 1284 3350 ἐμπορίας,
1317 3279 1382 3344 ἃς
1415 3281 1792 3350 ἐπιφέρονται,
1818 3283 1979 3350 ἀμοι-

401 3367 588 3432 ϐάζειν
621 3369 916 3433 ἀκωλύτως
962 3387 1022 3422 τε
1069 3370 1164 3424 καὶ
1196 3370 1324 3423 ἄνευ
1361 3370 1665 3432 συντελείας
1713 3372 1878 3434 τινός.
1923 3373 1977 3422 E'

397 3461 729 3531 διετυπώϐη,
758 3462 898 3516 ὥστε
928 3464 1054 3526 τοὺς
1086 3464 1434 3532 Σαρακηνοὺς
1466 3465 1562 3517 καὶ
1602 3465 1729 3527 τοὺς
1766 3467 1980 3517 ὁποιου-

403 3553 530 3606 σοῦν
571 3553 892 3626 Βαρϐἁρους
938 3555 1213 3626 ἐμπόρους
1265 3555 1529 3624 ἐκατέρας
1585 3555 1860 3618 πολιτείας
1903 3555 1980 3626 μὴ

403 3636 492 3698 διὰ
525 3645 691 3710 ξένων
721 3645 983 3716 ἀτραπῶν
1035 3646 1307 3700 ποιεῖσθαι
1356 3647 1455 3709 τὰς
1489 3647 1735 3716 πορείας,
1781 3647 1980 3714 μᾶλλον

407 3736 505 3806 μέν
533 3733 626 3789 οὖν
653 3737 743 3790 διὰ
771 3738 868 3806 τῆς
909 3738 1179 3801 Νισίόεως
1210 3738 1306 3791 καὶ
1333 3739 1424 3792 τοῦ
1467 3741 1666 3808 Δάρας,
1701 3739 1836 3809 μήτε
1875 3739 1980 3809 μὴν

403 3828 530 3881 ἄνευ
566 3828 873 3891 κελεύσεως
905 3829 1141 3898 ἀρχικῆς
1174 3831 1310 3882 ίέναι
1353 3830 1492 3884 κατά
1522 3831 1619 3901 τὴν
1652 3829 1978 3902 ἀλλοδαπήν.

406 3918 465 3969 El
498 3918 678 3988 μέντοι
723 3920 872 3989 παρὰ
905 3920 966 3972 τὸ
997 3921 1186 3975 δοκοῦν
1228 3923 1544 3992 τολμήσωσί
1588 3940 1660 3986 τι,
1692 3924 1881 3992 ἤγουν,
1920 3925 1981 3975 τὸ

403 4007 715 4078 λεγόμενον,
744 4011 1367 4083 κλεπτοτελωνήσουσιν,
1397 4016 1845 4084 ἀνιχνευομὲνους
1877 4016 1983 4067 ὑπὸ

405 4099 452 4131 ⁷⁸
483 4099 591 4153 τῶν
619 4103 678 4153 ἐν
705 4104 817 4166 τοῖς
840 4103 1007 4173 ὁρίοις
1034 4106 1332 4175 ἀρχόντων,
1379 4103 1472 4168 ξὺν
1514 4108 1624 4164 τοῖς
1657 4106 1756 4158 ὅσα
1796 4107 1982 4173 ἐπιφέ-

408 4209 612 4262 ρονται,
647 4193 760 4246 εἴτε
812 4195 1072 4266 ’Δσσύρια
1125 4197 1322 4267 φορτία
1363 4193 1476 4249 εἶεν
1532 4198 1641 4248 εἴτε
1713 4198 1981 4267 Ῥωμαῖα,

405 4280 793 4349 παραδίδοσθαι
833 4283 1064 4347 εὐθύνας
1125 4284 1440 4354 ὑφέξοντας.
1506 4285 1596 4352 ς’,
1639 4287 1712 4348 ὡς
1734 4287 1787 4337 εί
1816 4304 1981 4352 τινες,

407 4371 464 4422 ἐν
505 4362 550 4436 ᾧ
591 4372 768 4442 χρόνῳ
821 4375 848 4427 ὁ
883 4375 1117 4446 πόλεμος
1171 4377 1533 4445 ξυνειστήκει,
1581 4377 1980 4446 ηὐτομόλησαν,

2080 1905 2384 1970 mitterent;
2409 1909 2735 1972 secundum,
2755 1919 2811 1963 ut
2833 1910 3117 1977 Saraceni,
3135 1916 3413 1986 utriusque
3427 1917 3665 1971 civitatis

2076 1997 2229 2060 socii,
2267 1997 2455 2050 eadem
2485 2011 2636 2066 pacta
2671 2013 2972 2066 servarent,
3007 2020 3180 2073 neque
3235 2006 3286 2060 lii
3326 2008 3417 2076 qui
3463 2008 3660 2064 Roma-

2079 2102 2274 2140 norum
2311 2089 2542 2157 partium
2591 2102 2779 2144 essent
2804 2132 2819 2156 ,
2852 2104 3039 2147 contra
3070 2095 3302 2160 Persas,
3349 2113 3524 2168 neque
3565 2101 3656 2169 qui

2077 2176 2388 2243 Persarum,
2439 2190 2628 2234 contra
2686 2179 2958 2237 ltonranos
3008 2200 3156 2238 arma
3201 2185 3405 2242 ferrent
3460 2208 3474 2244 :
3547 2201 3659 2244 ter-

2081 2268 2154 2321 tio
2186 2267 2361 2336 capite
2415 2279 2656 2331 cavetur,
2703 2280 2758 2322 ut
2813 2272 3038 2329 Romani
3073 2287 3128 2332 et
3170 2277 3370 2340 Persa},
3403 2293 3662 2347 quarnm~

2079 2371 2290 2426 cunque
2318 2359 2578 2412 mercium
2603 2374 2938 2418 mercatores
2967 2375 3019 2419 et
3050 2369 3434 2436 negotiatores,
3469 2385 3662 2424 secun-

2081 2447 2207 2499 dum
2241 2456 2477 2502 veterem
2515 2464 2719 2505 morem
2750 2469 2922 2522 neque
2956 2455 3009 2508 in
3041 2457 3163 2511 aliis
3219 2459 3372 2522 locis,
3405 2474 3566 2528 quam
3597 2461 3652 2513 in

2082 2540 2277 2608 quibus
2329 2541 2661 2596 decimarum
2697 2545 2893 2599 solutio
2926 2558 3010 2601 est
3046 2549 3272 2613 indicta,
3318 2560 3659 2606 mercaturas

2086 2631 2288 2686 faciant
2317 2647 2333 2698 ;
2366 2644 2566 2702 quarto
2615 2644 2669 2686 ut
2706 2635 2863 2704 legati
2898 2647 2950 2690 ct
2994 2639 3208 2708 reliqui,
3239 2642 3352 2709 qui,
3383 2656 3502 2694 cum
3531 2642 3660 2710 quid

2089 2725 2268 2778 nuntii
2289 2725 2584 2793 perferant,
2611 2728 2766 2801 cquis
2785 2729 3012 2796 publicis
3039 2741 3428 2796 utantur,.tum
3455 2735 3546 2803 qui
3567 2748 3664 2802 per

2087 2817 2479 2884 Romanorum,
2505 2828 2614 2872 tum
2635 2820 2725 2888 qui
2755 2835 2848 2887 per
2875 2819 3158 2875 Persarum
3180 2824 3422 2893 regiones
3449 2827 3551 2879 iter
3577 2826 3660 2880 Ιιιιη

2081 2905 2381 2974 heanl,pro
2405 2908 2662 2977 cujusque
2711 2918 2877 2979 gradu
2919 2921 2974 2964 et
3005 2912 3262 2980 dignitate
3295 2915 3498 2969 honore
3543 2915 3662 2968 alii-

2082 2996 2322 3064 ciat:tur,
2348 3008 2402 3052 et
2429 2998 2607 3053 debita
2640 3015 2767 3054 cura
2808 3002 3170 3071 excipiantur,
3199 3019 3373 3074 neque
3397 3017 3662 3060 cuncten-

2086 3099 2194 3152 tur,
2223 3098 2276 3142 et
2328 3105 2539 3144 merces
2577 3091 2622 3144 si
2661 3085 2796 3160 quas
2848 3093 3118 3161 aﬂ'et‘unt,
3181 3105 3486 3164 permutent
3541 3099 3659 3152 sine

2086 3181 2192 3233 ullo
2223 3181 2612 3248 impedimento
2655 3191 2748 3236 aut
2803 3184 2990 3237 tributi
3025 3186 3352 3241 exactione:
3396 3185 3660 3241 sancitum

2091 3274 2285 3342 quinto
2323 3283 2426 3337 est,
2461 3286 2531 3328 ne
2565 3286 2899 3330 mercatores
2945 3277 3202 3332 Saraceni
3265 3288 3358 3331 aut
3408 3279 3497 3332 alii
3531 3280 3655 3348 qui-

2084 3379 2296 3433 cunque
2319 3362 2540 3418 Barbari
2579 3367 2630 3420 in
2676 3368 2958 3422 amborum
3013 3385 3198 3438 regum
3230 3371 3539 3438 regionibus
3569 3387 3663 3439 per

2085 3455 2388 3524 incognitas
2405 3466 2460 3510 et
2496 3458 2722 3512 minime
2757 3459 2913 3512 tritas
2941 3459 3056 3512 vias
3087 3460 3354 3525 incedant,
3403 3465 3498 3516 scd
3522 3463 3663 3517 Nisi-

2083 3545 2192 3599 bim
2230 3546 2506 3600 autDaras
2527 3556 2728 3616 petant,
2759 3565 2934 3618 neque
2976 3551 3094 3605 sine
3146 3552 3302 3620 jussu
3356 3554 3658 3624 principum

2084 3637 2314 3691 alienam
2369 3639 2639 3707 regionem
2695 3641 2910 3695 adeant.
2971 3640 3027 3694 Si
3063 3644 3190 3709 quid
3236 3655 3413 3698 tamen
3467 3658 3663 3714 praeter

2083 3731 2225 3799 quod
2280 3739 2534 3784 statutum
2577 3740 2661 3786 est
2691 3734 2949 3798 audeant,
2994 3744 3106 3800 aut,
3136 3745 3193 3788 ut
3243 3737 3462 3800 dicitur,
3503 3739 3656 3810 14],

2085 3823 2368 3892 vectigalia
2388 3821 2782 3887 l‘raudavcrint,
2809 3825 2852 3878 si
2870 3825 3340 3894 deprehendantur
3357 3830 3553 3893 abhis,
3569 3832 3660 3898 qui

2089 3915 2350 3969 hmitibus
2377 3920 2633 3984 prtesunt',
2664 3932 2767 3970 una
2814 3933 2936 3970 cum
2970 3918 3259 3981 mercibus,
3284 3934 3419 3988 quas
3443 3922 3660 3985 vehunt,

2088 4009 2200 4061 sive
2228 4007 2336 4061 sint
2362 4022 2573 4061 merces
2598 4007 2855 4078 Assyria),
2895 4009 3008 4063 sive
3041 4009 3320 4069 Romanae.
3374 4027 3561 4080 poenas
3608 4024 3664 4068 et

2091 4100 2284 4153 multas
2303 4117 2327 4150 a
2358 4099 2566 4169 legibus
2589 4109 2824 4155 statutas
2854 4101 3204 4156 luantzsexto
3227 4114 3283 4156 ut
3301 4103 3402 4163 his,
3428 4105 3516 4171 qui
3539 4105 3662 4157 dum

2089 4190 2286 4242 bellum
2323 4199 2460 4253 erat,
2487 4189 2604 4244 sive
2632 4205 2659 4242 a
2695 4191 2956 4246 Romanis
2987 4194 3053 4246 ad
3084 4192 3300 4256 Persas,
3327 4196 3438 4247 sive
3471 4211 3502 4248 a
3535 4195 3667 4250 Per-

2089 4285 2163 4335 sis
2188 4282 2250 4335 ad
2289 4281 2559 4335 Romanos
2618 4283 2969 4346 transierunt,
3005 4283 3049 4338 si
3099 4285 3309 4352 regredi
3355 4297 3410 4339 et
3459 4287 3520 4338 ad
3568 4303 3664 4340 sua

2093 4374 2266 4426 redire
2303 4373 2592 4437 voluerint,
2625 4373 2826 4426 nullum
2881 4375 3321 4443 impedimentum
3355 4387 3442 4428 aut
3485 4376 3667 4432 mole—

404 4462 562 4516 τοῦτο
621 4463 720 4532 μὲν
765 4464 841 4527 ὡς
898 4467 1111 4536 Πέρσας
1157 4469 1266 4520 ἀπὸ
1302 4469 1346 4500 ⁷⁸
1395 4467 1702 4537 Ῥωμαίων,
1744 4467 1902 4521 τοῦτο
1931 4470 1979 4522 δὲ

2095 4467 2192 4518 stia
2228 4465 2354 4531 ﬁat;
2395 4465 2486 4518 sed
2514 4465 2604 4534 qui
2653 4480 2748 4533 per
2781 4481 2966 4534 pacem
3005 4467 3259 4534 deinceps
3310 4467 3587 4536 aufugicnt
3613 4479 3667 4523 et

407 4553 516 4605 ἀπὸ
555 4554 782 4624 Περσῶν
811 4555 886 4618 ὡς
927 4555 1252 4627 Ῥωμαίους,
1292 4560 1410 4626 εἴγε
1444 4559 1718 4629 βούλοιντο
1743 4559 1792 4611 οἱ
1824 4577 1990 4628 προσ-

409 4648 787 4718 κεχωρηκότες
833 4650 880 4683 ⁸⁸
921 4653 977 4713 ἐς
1037 4651 1106 4704 τὰ
1171 4651 1312 4704 οἴκοι
1363 4654 1835 4724 ἐπαναστρέφειν,
1907 4653 1982 4724 μὴ

410 4737 656 4804 γίνεσθαί
709 4755 892 4807 σφισιν
938 4739 1194 4811 ἐμποδὼν
1221 4743 1358 4812 μήτε
1388 4743 1494 4811 μὴν
1529 4744 1761 4816 κωλύμη
1784 4746 1992 4814 χρήσα-

413 4828 536 4881 σθαί
557 4846 686 4884 τινι.
723 4831 862 4896 Τοὺς
895 4832 1080 4901 μέντοι
1108 4835 1166 4885 ἐν
1197 4833 1374 4903 καιρῷ
1401 4834 1625 4905 εἰρήνης
1656 4835 1990 4904 αὐτομόλους

411 4922 582 4990 ἦγουν
630 4924 1074 4993 καταφεύγοντας
1132 4924 1190 4991 ἐξ
1245 4925 1449 4994 ἐτέρων
1501 4928 1580 4988 εἰς
1633 4927 1856 4996 ἐτέρους
1915 4927 1991 4997 μὴ

415 5013 798 5084 ὑποδέχεσθαι,
852 5015 968 5068 ἀλλ’
1003 5016 1069 5068 ἐκ
1115 5015 1318 5078 παντὸς
1368 5017 1570 5087 τρόπου
1625 5016 1720 5068 κα)⁵
1757 5017 1992 5077 ἄκοντας

413 5105 814 5175 ἐγχειρίζεσοαι
840 5109 954 5169 τοῖς
974 5106 1032 5170 ἐξ
1063 5106 1108 5137 ⁸¹
1132 5099 1210 5160 ὧν
1243 5107 1338 5160 καὶ
1375 5107 1709 5176 ἀπέδρασαν.
1738 5109 1790 5158 Z'
1823 5105 1987 5176 μέρος

412 5195 520 5248 τῶν
562 5195 840 5260 σπονδῶν,
882 5197 1022 5251 ὥστε
1059 5198 1186 5261 τοὺς
1228 5196 1668 5265 ἐπεγκαλοῦντας
1716 5197 1846 5268 περὶ
1893 5197 1988 5250 τοῦ

416 5285 658 5338 σίνεσθαι
711 5303 764 5340 τι
836 5289 978 5358 σφᾶς
1036 5289 1163 5352 τοὺς
1225 5289 1800 5358 ἀντιπολιτευομένους
1864 5289 1987 5359 δίκῃ

413 5374 709 5447 τέμνεσθαι
737 5378 800 5432 τὸ
837 5379 1336 5450 φιλονεικούμενον,
1367 5381 1400 5451 ἦ
1426 5381 1494 5435 δι’
1515 5380 1725 5433 ἑαυτῶν
1753 5380 1863 5432 τῶν
1890 5381 1989 5452 τὴν

2095 4556 2402 4624 ιιιίετςιιιυιιι
2423 4570 2488 4608 ex
2511 4555 2736 4608 alterius
2761 4555 2981 4607 ditionis
3013 4557 3194 4618 terris,
3240 4556 3291 4608 in
3333 4556 3556 4611 alterius
3587 4573 3670 4611 re-

2093 4647 2304 4716 gionem
2334 4646 2557 4700 minime
2603 4645 2980 4711 admittantur,
3012 4649 3104 4700 sed
3135 4649 3280 4701 omni
3316 4649 3474 4702 modo
3502 4649 3666 4703 etiam

2095 4737 2244 4789 inviti
2300 4736 2592 4790 reddantur
2640 4732 2746 4799 his,
2782 4751 2810 4786 a
2865 4750 3094 4803 quorum
3141 4738 3412 4792 dominatu
3466 4739 3665 4805 etinge-

2094 4838 2218 4881 runt
2247 4845 2262 4892 ;
2294 4843 2420 4898 pars
2456 4827 2707 4896 septima
2743 4827 3007 4881 [φάει-μω
3043 4827 3162 4890 fuit,
3196 4839 3253 4881 ut
3281 4828 3324 4882 si
3350 4830 3438 4896 qui
3475 4844 3668 4898 quere-

2098 4933 2308 4984 rentur,
2340 4919 2441 4972 sibi
2486 4904 2614 4987 quid
2653 4919 2832 4971 damni
2884 4917 3087 4970 illatmn
3139 4934 3259 4973 esse
3295 4935 3325 4973 a
3382 4924 3668 4974 contraria:

2095 5012 2265 5081 partis
2312 5010 2538 5075 civibus,
2573 5009 2772 5063 indicio
2819 5011 3107 5062 dirimatur
3137 5012 3506 5066 controversia
3551 5013 3666 5066 sive

2095 5119 2193 5174 per
2209 5103 2464 5171 eosipsos
2494 5141 2508 5163 ,
2545 5102 2635 5171 qui
2670 5101 2919 5170 injuriam
2943 5102 3085 5170 passi
3115 5103 3244 5163 sint,
3286 5104 3401 5157 sive
3435 5117 3531 5170 per
3547 5117 3665 5155 cer-

2099 5206 2182 5249 tos
2217 5194 2484 5259 homines,
2515 5194 2604 5261 qui
2655 5193 2706 5274 in
2746 5193 3000 5248 conﬁniis
3024 5195 3162 5264 apud
3189 5195 3466 5260 utriusque
3501 5194 3668 5261 partis

2100 5285 2387 5355 praefectos
2421 5285 2770 5351 conveniant,
2806 5293 2860 5338 et
2883 5287 2978 5352 ita,
3009 5285 3100 5356 qui
3121 5283 3443 5352 peccaverit,
3472 5282 3668 5334 damno

2098 5376 2406 5443 medeatur;
2423 5385 2641 5440 octava,
2657 5378 2784 5431 utin
2801 5387 3077 5447 posterum
3092 5375 3271 5430 Persa:
3286 5374 3544 5430 Romanis
3561 5389 3669 5428 non

1695 5512 1929 5567 VARle
1968 5509 2372 5602 LEQTIONES.

486 5655 533 5726 ⁷⁸
557 5657 584 5709 ὁ
611 5655 656 5708 δ’
681 5656 738 5716 ἐς
771 5653 862 5719 IL,
890 5654 994 5726 es:
1024 5655 1169 5726 vulg.
1231 5656 1277 5687 ⁷⁷
1312 5655 1789 5725 χρονοτριόοῦντες
1817 5654 1962 5723 vulg.

2097 5651 2323 5726 uno)!“
2352 5653 2460 5726 ἀπὸ
2488 5655 2633 5726 vulg.
2695 5657 2740 5689 "
2769 5656 2876 5712 ἀπὸ
2896 5665 3020 5712 ante
3046 5653 3272 5726 Περσῶν
3303 5670 3366 5710 ex
3397 5654 3542 5725 conj.
3572 5656 3668 5711 ad-

419 5725 622 5782 didisse
653 5726 864 5780 videtur
892 5723 959 5778 H.
1033 5724 1080 5757 "
1107 5723 1595 5796 προκεχιὲὶρηκότες
1618 5726 1760 5794 vulg.

1840 5725 1880 5755 ³¹
1913 5725 2025 5784 τοῖς
2073 5724 2133 5787 ἐξ
2195 5723 2284 5789 ΙΙ.,
2327 5725 2454 5786 τοὺς
2508 5723 2748 5794 ἐξίἰιῐε.
