4076 6418
396 348 500 437 867

1238 349 1629 414 EXCERPTA
1670 347 1771 406 EX
1807 335 2236 403 MENANDRO
2273 330 2769 395 PROTECTORE

3548 314 3658 377 8f8

399 483 776 537 succenseant,
796 469 940 542 quod
961 464 1131 520 Daras
1154 462 1421 524 muniant,
1444 456 1664 528 placuit,
1688 464 1972 519 utramque
2004 451 2020 503 ἐ

2106 445 2295 515 ῑλάϐην
2335 437 2736 510 πεπονθότωνῆ
2774 436 2842 490 δι’
2870 433 3088 489 οἰκείων
3119 428 3423 499 ἀνθρώπων
3455 428 3510 478 ὲν
3545 428 3658 488 τοῖς

2166 539 2179 542 Α
2265 538 2275 542 _
2529 534 2541 542 .
2678 535 2703 542 -
2774 530 2802 542 Α.
3079 527 3095 542 ο
3223 524 3342 542 l_,-
3384 519 3658 542 “‘-_-.’--

404 588 514 628 rem
560 567 878 640 publicama
916 556 1221 615 muniendis
1271 552 1402 606 locis
1450 561 1616 618 prepc
1681 544 1814 599 lines
1858 542 1975 640 sitis

403 633 576 733 porro-
618 658 913 717 abstinere,
945 663 1122 719 neque
1148 660 1210 700 ea
1239 643 1410 697 muris
1459 651 1515 694 et
1564 633 1981 733 propugnaculis

403 724 761 811 circumdare,
777 761 842 799 ne
860 742 983 796 inde
998 739 1276 795 turbarum
1294 731 1513 788 occasio
1526 737 1804 792 nascatur,
1816 736 1870 779 et
1888 724 1983 780 ιω-

405 847 533 899 dera
560 839 954 898 dissolvantur;
976 845 1144 896 nona,
1162 827 1433 881 neminem
1453 823 1706 877 invadere
1730 829 1822 873 aut
1841 817 1980 873 bello

408 938 676 990 laceSsere
735 935 947 998 gentem
982 931 1077 977 aut
1120 921 1417 991 regionem,
1448 929 1566 984 quae
1621 913 1724 967 sub
1754 910 1981 965 alterius

408 1015 637 1092 imperio
662 1020 752 1082 sit,
772 1017 865 1071 sed
883 1013 1064 1085 potius
1086 1023 1276 1067 omnes
1300 1007 1442 1062 nulla
1473 1004 1667 1076 injuria
1697 1001 1981 1056 lacessitos

406 1116 592 1170 collem
613 1119 754 1165 statu
768 1120 1025 1176 ,manere,
1045 1112 1102 1158 ut
1127 1103 1232 1157 illis
1246 1115 1464 1171 quoque
1484 1113 1617 1167 pace
1651 1095 1754 1151 frui
1786 1096 1940 1150 liceat
1961 1111 1976 1159 ;

405 1205 644 1267 decima,
671 1216 738 1256 ne
767 1212 961 1269 magna
995 1194 1223 1251 militum
1251 1206 1442 1248 manus
1463 1191 1632 1244 Daras
1656 1188 1795 1242 ultra
1817 1200 1978 1257 quam

336 1328 341 1333 ο
409 1294 761 1351 custodiendo
795 1289 993 1360 oppido
1015 1288 1148 1343 satis
1171 1287 1267 1350 sit,
1299 1284 1608 1348 conveniat,
1651 1293 1825 1349 neque
1873 1277 1984 1332 dux

409 1388 645 1443 Orientis
693 1386 838 1440 circa
871 1398 932 1437 ea
979 1380 1098 1437 loca
1148 1386 1536 1439 commoretur,
1586 1388 1653 1429 ne
1685 1370 1820 1426 ﬁant
1862 1369 1987 1424 inde

411 1479 763 1535 excursiones
803 1477 856 1530 in
898 1472 1121 1539 Persas,
1175 1480 1229 1525 et
1273 1471 1470 1524 damna
1505 1468 1611 1521 illis
1662 1464 1983 1518 inferantur.

412 1568 565 1637 Quod
587 1570 630 1621 si
662 1566 789 1637 quid
814 1567 917 1620 tale
945 1562 1254 1631 contigerit,
1290 1568 1554 1615 statutum
1587 1564 1690 1620 est,
1713 1563 1769 1607 ut
1799 1550 1991 1612 nra‘fe-

413 1672 534 1716 ctus
569 1657 739 1714 Daras
765 1657 945 1727 oppidi
969 1657 1224 1711 damnum
1261 1651 1543 1722 rependat.
1565 1648 1857 1705 Undecima
1888 1643 1990 1700 Γω-

414 1754 562 1810 deris
578 1752 820 1807 conditio
840 1751 953 1803 haec
970 1757 1084 1802 est:
1104 1730 1169 1800 Si'
1184 1761 1287 1800 una
1307 1743 1501 1798 civitas
1526 1741 1679 1794 alteri
1701 1737 1995 1793 detrimen--

421 1854 477 1897 to
506 1842 705 1904 fuerit,
733 1850 784 1893 et
823 1852 1145 1907 quocunque
1199 1834 1376 1899 modo,
1414 1846 1517 1886 non
1568 1829 1804 1898 legitimo
1830 1826 1992 1889 bello,
2029 1862 2072 1921 Β

425 1948 596 2004 neque
625 1931 898 1987 exercitus
923 1930 993 1990 vi,
1030 1926 1122 1983 sed
1142 1926 1263 1980 dolo
1288 1936 1336 1979 et
1361 1923 1695 1978 clandestina
1719 1920 1998 1974 invasioue

422 2028 674 2080 damnum
707 2022 946 2077 intulerit
967 2024 1115 2089 (sunt
1146 2019 1287 2073 enim
1320 2016 1472 2070 multi
1535 2014 1785 2069 homines
1821 2014 1886 2067 ad
1908 2011 2003 2065 liu-

420 2115 656 2186 jusmodi
705 2114 942 2169 facinora
996 2109 1351 2182 perpetranda
1386 2104 1676 2162 admodum
1714 2103 2001 2175 proclives,

423 2225 531 2278 quo
560 2208 681 2262 belli
707 2208 830 2261 inde
874 2208 1092 2261 Occasio
1130 2204 1394 2267 oriatur),
1420 2208 1680 2255 statutum
1715 2206 1816 2264 est,
1860 2208 1918 2252 ut
1948 2196 2000 2252 in

424 2300 689 2370 ejusmodi
726 2297 953 2367 injurias
985 2297 1283 2367 diligenter
1327 2292 1660 2363 inquiratur,
1694 2290 1999 2360 eljudiccs,

425 2391 515 2461 qui
554 2391 603 2444 in
639 2389 919 2458 utriusque
965 2389 1112 2458 regni
1160 2386 1409 2442 conﬁniis
1453 2384 1561 2452 juri
1607 2383 1840 2439 dicundo
1880 2391 2007 2437 sunt

427 2481 723 2552 prmpositi,
752 2479 807 2533 in
836 2495 931 2535 eos
965 2479 1420 2532 animadvertant.
1480 2473 1584 2541 Qui
1615 2474 1659 2529 si
1690 2473 2005 2528 coercendis

430 2573 703 2627 ﬁnitorum
736 2571 975 2627 dissidiis
1002 2585 1106 2625 non
1130 2569 1419 2633 sulllciant,
1440 2567 1709 2629 sancitur,
1739 2575 1796 2618 ut
1829 2564 2008 2619 disce-

429 2662 598 2729 ptatio
624 2662 688 2715 ad
729 2661 1039 2731 pra-lectum
1075 2658 1316 2714 Orientis
1369 2658 1789 2721 transmittatur,
1836 2655 1924 2726 qui
1959 2654 2004 2709 si

429 2753 570 2807 intra
599 2768 694 2808 sex
737 2766 948 2807 menses
977 2752 1412 2807 concertationes
1453 2747 1573 2802 illas
1611 2762 1719 2801 non
1756 2760 2010 2801 resecue~

431 2845 521 2909 rit,
556 2854 611 2898 et
642 2845 836 2897 damno
858 2843 1080 2897 allectus
1120 2850 1224 2894 nOn
1252 2838 1538 2909 receperit,
1573 2838 1715 2906 quod
1753 2837 2006 2908 perdidit,

431 2950 579 2999 eum,
624 2932 781 3004 142
803 2934 892 3003 qui
924 2932 1176 3001 injuriam
1210 2928 1411 2996 intulit,
1449 2929 1741 2983 obnoxium
1784 2927 1897 2981 fore
1930 2926 2012 2980 al-

435 3024 536 3079 teri
571 3025 622 3077 in
659 3025 897 3092 duplum.
929 3024 987 3076 Si
1024 3037 1091 3077 ne
1120 3023 1197 3076 sic
1229 3022 1444 3090 quidem
1492 3036 1577 3074 res
1607 3020 1765 3073 linem
1791 3034 2013 3087 accepe-

437 3117 526 3183 rit,
567 3130 691 3184 pars
724 3128 845 3182 qua:
870 3127 1128 3183 oppressa
1164 3112 1350 3179 fuerit,
1384 3112 1705 3183 legationem
1734 3110 1912 3165 mittat
1944 3112 2010 3164 ad

2088 538 2358 610 μεθορίοις
2406 534 2555 606 παρᾶ
2616 535 2730 595 τοῖς
2772 530 3031 601 ἄρχουσιν
3075 524 3343 593 ἑκατέρας
3382 519 3661 610 πολιτείας

2084 608 2371 694 ξυνιόντων
2394 642 2408 655 ·
2445 624 2589 678 οὓτω
2618 621 2677 677 δὲ
2727 622 2819 675 τὸν
2871 616 3226 689 ζημιώσαντα
3267 610 3570 667 ἀκέσασθαι
3601 608 3663 659 τὸ

2084 721 2304 785 σκάζον.
2336 721 2422 786 Η’,
2472 717 2614 770 ὥστε
2664 712 2759 769 τοῦ
2805 709 2997 765 λοιποῦ
3032 708 3108 779 μὴ
3144 704 3402 775 ἐγκαλεῖν
3446 700 3666 770 Πέρσας

2091 811 2387 882 Ῥωμαίοις
2416 808 2583 861 ἕνεκα
2619 803 2717 859 τοῦ
2757 798 3139 864 ὲπικτίζεσθαι
3172 796 3233 849 τὺ
3275 795 3475 866 Δάρας,
3513 791 3664 856 ἔδοξε

2083 906 2177 961 καὶ
2206 902 2526 974 ἀμεροτέραν
2560 897 2839 951 πολιτείαν
2870 894 2965 947 τοῦ
3002 889 3194 945 λοιποῦ
3232 886 3499 959 μηδαμῶς
3543 886 3668 974 ἑπι-

2081 972 2362 1067 τειχίξειν,
2407 993 2578 1063 ἤγουν
2622 990 2851 1061 περιοχῇ
2893 1003 3001 1040 τινι
3027 979 3455 1049 κατασφαλίζειν
3478 994 3531 1029 τι
3556 972 3671 1027 τῶν

2085 1091 2142 1143 ὲν
2162 1066 2274 1151 τοῖς
2296 1085 2592 1158 ὁροθεσίοις
2614 1080 2848 1154 χωρίων,
2870 1076 2959 1132 ἴνα
2999 1074 3074 1147 μὴ
3104 1074 3383 1145 πρόφασις
3412 1066 3671 1157 ἐντεῦθεν

2085 1180 2261 1232 ἔσοιτο
2315 1176 2584 1246 ταραχῆς,
2645 1174 2740 1227 καὶ
2791 1172 2857 1224 ὲκ
2895 1169 3088 1223 τούτου
3144 1161 3565 1232 διαλυθήσονται
3610 1159 3670 1210 αἱ

2088 1270 2335 1326 σπονδαί.
2366 1269 2455 1333 6',
2489 1269 2563 1338 μὴ
2594 1266 2803 1319 ἐπιέναι
2832 1260 2866 1335 ἢ
2903 1262 3162 1331 πολεμεῖν
3190 1254 3417 1326 ὑπηκόῳ
3463 1252 3607 1306 ἔθνει
3639 1249 3673 1320 ἦ

2088 1363 2243 1435 χώρᾳ
2281 1363 2390 1415 τινὶ
2429 1359 2563 1431 ἄλλη
2598 1359 2724 1421 τοὺς
2765 1358 2959 1425 ἑτέρας
2999 1346 3308 1412 πολιτείας·
3349 1345 3546 1416 μᾶλλον
3572 1341 3675 1435 μὲν

2088 1434 2182 1509 οὖν
2215 1452 2343 1508 ἄνευ
2381 1450 2588 1522 βλάϐης
2628 1450 2721 1502 καὶ
2776 1446 2900 1501 κατ’
2930 1444 3080 1498 οὐδὲν
3116 1440 3293 1496 ὁτιοῦν
3322 1434 3677 1522 πημαιερμέ-

2091 1563 2213 1609 νους
2247 1544 2293 1576 ⁸⁸
2335 1544 2393 1595 ὲν
2418 1540 2496 1611 τῷ
2524 1538 2673 1609 αὐτῷ
2712 1539 2917 1608 μένειν,
2953 1535 3031 1597 ὡς
3071 1532 3137 1586 ἂν
3178 1531 3271 1583 καὶ
3295 1528 3405 1581 οἶδε
3434 1521 3679 1578 ἀπολαύ-

2092 1653 2203 1691 οιεν
2244 1637 2342 1703 τῆς
2375 1633 2618 1705 εἰρήνης.
2650 1627 2707 1695 l',
2746 1628 2886 1682 ὥστε
2920 1628 2995 1697 μὴ
3037 1619 3411 1691 πολυπληθίαν
3444 1613 3679 1687 στρατοῦ

2094 1731 2153 1793 ἧς
2182 1728 2240 1782 τδ
2282 1728 2464 1797 Δὰρας
2498 1722 2785 1788 ὲνιζάνειν,
2838 1720 2975 1789 πλὴν
3014 1719 3114 1786 ὅση
3166 1730 3229 1784 γε
3271 1712 3494 1784 ἀρκέσει
3544 1707 3681 1797 προς

2099 1816 2346 1888 φυλακὴν
2366 1796 2462 1868 τοῦ
2485 1813 2698 1875 ἄστεος.
2724 1811 2878 1882 Μήτε
2906 1809 2961 1862 δὲ
2983 1808 3074 1861 τὸν
3093 1808 3192 1877 τῆς
3224 1804 3339 1862 Ἕω
3373 1796 3683 1870 στρατηγὸν

2101 1910 2243 1964 κατὰ
2284 1906 2490 1972 ταύτην
2535 1903 2868 1968 ὲνιδρῦσθαι,
2926 1899 3019 1953 τοῦ
3069 1899 3144 1969 μὴ
3172 1903 3178 1909 “
3205 1897 3269 1947 ὲκ
3327 1892 3422 1946 τοῦ
3469 1888 3682 1943 «res:

2101 1996 2457 2068 ἐπιδρομάςῆ
2487 1993 2689 2067 βλάϐας
2718 1992 2961 2061 γίνεσθαι
2989 1989 3131 2042 κατά
3160 1984 3406 2057 Περσῶν.
3445 1984 3506 2035 Εἰ
3531 1981 3587 2034 δέ
3620 1995 3687 2046 γε

2101 2093 2210 2165 ἄρα
2237 2109 2291 2145 τι
2322 2089 2563 2144 τοιοῦτον
2586 2084 2952 2156 ξυνενεχθείη,
2991 2080 3273 2149 ὲπαγιὼθη
3315 2079 3405 2130 τὸν
3446 2078 3686 2145 ἄρχοντα

2100 2184 2196 2239 τοῦ
2230 2184 2411 2255 Δάρας
2430 2179 2728 2236 διατιθέναι
2762 2178 2823 2231 τὸ
2844 2172 3261 2246 πλημμεληθέν.
3289 2168 3403 2224 Μίὰ
3449 2168 3583 2241 πρὸς
3619 2170 3686 2236 τῇ

2102 2277 2303 2346 δεκάτῃ
2349 2274 2457 2327 τῶν
2510 2270 2752 2325 σπονδῶν
2806 2266 3136 2339 βεϐαίωσις,
3187 2262 3363 2325 ὥστε,
3427 2263 3474 2313 εί
3530 2259 3689 2319 πόλις

2105 2368 2299 2438 ἑτέραν
2338 2366 2384 2399 ⁸³
2423 2363 2693 2436 ζημιώσει
2729 2359 2949 2429 πόλινῆ
2999 2355 3249 2412 ὁπωσοῦν
3287 2352 3591 2423 διαςρθείρει
3632 2367 3687 2404 τι

2105 2462 2216 2514 τῶν
2242 2459 2435 2529 αὐτῆς,
2501 2456 2577 2529 μὴ
2636 2455 2713 2527 τῷ
2752 2455 2903 2526 νόμῳ
2948 2451 3044 2506 τοῦ
3097 2449 3335 2519 πολέμου
3391 2448 3527 2518 μήτε
3581 2445 3693 2515 μὴν

2107 2552 2337 2621 δυνάμει
2369 2549 2758 2621 στρατιωτικῇ,
2784 2545 2959 2609 ἄλλως
2987 2543 3044 2598 δὲ
3087 2542 3224 2613 δόλῳ
3252 2539 3358 2593 τινλ⁸
3387 2540 3481 2593 καὶ
3512 2536 3691 2605 κλοπῇ

2115 2643 2248 2712 (εἰσὶ
2292 2642 2401 2713 γὰρ
2430 2638 2621 2695 τοιοίδε
2647 2639 2788 2701 τινὲς
2831 2635 3184 2708 ἀτοσιουργοὶ
3228 2632 3278 2686 oi
3311 2632 3485 2686 ταῦτα
3516 2629 3697 2700 πράσα

2110 2750 2316 2798 σοντες,
2348 2733 2423 2794 ὡς
2452 2732 2517 2785 ἂν
2546 2730 2785 2800 πολέμου
2820 2729 2996 2781 ἔσοιτο
3024 2725 3346 2798 πρόφασις),
3384 2720 3696 2789 ἐϐεϐαιώθη

2110 2826 2399 2897 τοιγαροῦν
2428 2826 2496 2878 τὰ
2527 2825 2919 2893 τοιουτότροπα
2950 2822 3244 2892 ἀναζητεῖν
3277 2822 3333 2881 ἐς
3355 2817 3416 2870 τὸ
3441 2814 3697 2888 ἀκριϐὲς,

2112 2922 2205 2974 καὶ
2239 2917 2674 2990 ἐπανορθοῦσθαι
2694 2919 2817 2980 τοὺς
2840 2914 3101 2978 δικαστὰς
3126 2914 3251 2977 τοὺς
3286 2913 3343 2965 ἐν
3370 2913 3483 2973 τοῖς
3522 2911 3704 2979 πέρα-

2116 3030 2198 3067 σιν
2237 3013 2502 3083 ἑκατέρας
2538 3010 2815 3073 πολιτείας
2858 3006 3203 3079 ἱδρυμένους.
3254 3004 3317 3057 Ei
3347 3002 3403 3057 δέ
3445 3019 3506 3071 γε
3540 3000 3704 3053 αὐτοὶ

2116 3105 2215 3158 οὐκ
2265 3104 2477 3156 ἔσονται
2519 3104 2696 3156 ἱκανοὶ
2735 3101 3085 3156 ἀναστέλλειν
3134 3099 3233 3162 τὰς
3273 3099 3407 3168 πρὸς
3431 3095 3704 3167 ἀλλήλους

436 3221 616 3278 regem
638 3207 776 3272 eius,
808 3206 899 3275 qui
932 3206 1039 3259 vim
1071 3203 1280 3269 iecerit,
1322 3218 1351 3257 a
1386 3218 1494 3275 quo
1517 3218 1644 3274 rege
1684 3203 1939 3256 damnum
1967 3202 2012 3256 si

2116 3199 2224 3251 τῶν
2278 3196 2679 3265 ἀστυγειτόνων
2727 3195 2934 3266 φθορὰς
2962 3235 2981 3264 ,
3040 3194 3306 3265 ὲστέρχθη
3334 3235 3348 3259 ,
3414 3192 3554 3246 ὥστε
3599 3193 3704 3260 τὴν

437 3312 546 3353 non
578 3297 931 3366 rependatur,
962 3309 1134 3365 neque
1161 3295 1428 3364 duplicem
1465 3295 1675 3365 injuriae
1705 3296 2012 3350 rcStitutio-

439 3401 562 3441 nem
590 3386 746 3442 laesus
776 3386 919 3440 intra
962 3387 1333 3456 praescriptum
1368 3388 1493 3439 anni
1525 3397 1734 3455 tempus
1762 3385 2011 3456 accipiat,

437 3475 620 3533 fiedus
655 3479 757 3533 hoc
779 3476 998 3547 quidem
1027 3478 1203 3547 capite
1231 3478 1486 3531 violatum
1521 3477 1646 3534 erit.
1679 3476 1733 3530 In
1760 3477 2015 3530 duodeci-

440 3583 525 3621 ma
556 3567 817 3623 ftederum
842 3577 995 3637 parte
1025 3568 1233 3623 videbis
1255 3569 1317 3620 ad
1356 3567 1521 3622 Deum
1546 3582 1754 3637 preces,
1782 3578 1835 3621 et
1854 3581 2015 3621 exse-

437 3660 707 3714 cratlones
741 3670 982 3729 quoque,
1010 3658 1219 3714 scilicet
1250 3668 1306 3713 ut
1334 3657 1475 3715 Deus
1501 3674 1687 3729 pacem
1718 3658 1917 3713 colenti
1947 3658 2019 3713 sit

437 3753 703 3823 propitius
745 3761 800 3806 et
845 3762 1138 3822 perpetuus
1185 3752 1402 3821 a‘djutor
1436 3770 1449 3807 :
1483 3761 1671 3807 contra
1728 3750 2015 3821 decipieuti

438 3854 494 3898 et
517 3843 723 3914 aliquid
760 3844 811 3897 in
846 3844 1247 3899 conditionibus
1270 3858 1471 3898 novare
1502 3843 1739 3912 cupienti
1768 3843 1940 3897 hostis
1963 3851 2019 3897 et

440 3936 716 3991 inimicus.
750 3935 937 3991 Tertio
964 3948 1020 3992 et
1044 3936 1255 3991 decimo
1282 3936 1465 4004 capite
1481 3937 1718 4000 additur,
1747 3936 2018 4006 quinqua-

440 4028 690 4096 genarias
723 4040 843 4080 esse
897 4028 1201 4095 pactiones,
1249 4035 1304 4080 et
1334 4027 1386 4080 in
1421 4027 1812 4098 quinquaginta
1848 4041 2020 4080 annos

441 4120 636 4171 durare
660 4131 845 4186 pacem
873 4134 889 4168 ι
920 4132 1119 4171 annum
1140 4121 1531 4172 numerandum
1555 4132 1696 4184 esse,
1723 4120 2019 4173 secundmu

442 4223 649 4263 morem
726 4209 1034 4278 antiquum,
1094 4209 1185 4278 qui
1254 4210 1576 4264 terminatur
1644 4209 2022 4264 trecentesimo

442 4300 783 4371 settagcsimo
815 4301 1004 4371 quinto
1052 4301 1162 4355 die.
1195 4298 1326 4355 Illud
1368 4315 1587 4371 quoque
1639 4301 1909 4363 obtinere,
1965 4309 2021 4353 ut

444 4395 734 4464 utrimque,
769 4393 926 4447 sicuti
979 4393 1183 4448 dictum
1223 4403 1380 4459 erat,
1425 4394 1751 4448 all’crrentur
1805 4394 2019 4455 litterar,

439 4498 561 4555 qua:
591 4484 953 4551 declararent,
999 4493 1292 4553 utrumque
1343 4499 1523 4555 regem
1583 4484 1882 4553 approbare
1932 4499 2017 4549 ea,

2114 3289 2452 3344 διαδικασίαν
2478 3289 2525 3321 ⁸⁸
2547 3282 2968 3360 ἀναπέμπεσθαι
2993 3286 3068 3352 ὡς
3103 3287 3196 3340 τὸν
3226 3287 3325 3357 τῆς
3357 3286 3473 3339 Ἕω
3497 3300 3706 3355 στρατ-

2117 3384 2273 3455 ηγὸν,
2301 3383 2377 3445 ῶς
2403 3423 2418 3447 ,
2449 3382 2503 3436 εῐ
2544 3400 2607 3451 γε
2642 3380 2772 3436 εἵσω
2804 3381 2991 3453 μηνῶν
3022 3381 3079 3447 ἓξ
3124 3380 3201 3452 μὴ
3228 3380 3467 3450 τμηθείη
3505 3381 3573 3434 τὰ
3603 3380 3707 3449 τῆς

2118 3475 2349 3547 ἁμίλλης
2392 3478 2484 3529 καί
2521 3478 2549 3530 ὁ
2582 3474 2889 3546 ζημιωθεὶς
2937 3475 3012 3546 μὴ
3042 3474 3273 3546 λήψεται
3300 3472 3361 3527 τὸ
3395 3471 3705 3537 ἀπολωλὸς,

2118 3566 2208 3619 τὸν
2254 3566 2591 3638 ἀδικήσαντα
2629 3565 2818 3619 λοιπὸν
2879 3566 2971 3618 ἐπὶ
3005 3568 3167 3637 ποινῇ
3228 3566 3287 3627 ὲς
3328 3564 3388 3617 τὸ
3420 3563 3707 3617 διπλάσιον

2118 3661 2196 3730 τῷ
2256 3661 2576 3731 ἠδικημένῳ
2628 3655 2768 3714 εἶναι
2808 3659 3129 3715 ὑπεύθυνον.
3198 3657 3318 3724 Ὡς,
3356 3658 3411 3711 ετ
3450 3674 3514 3726 γε
3564 3657 3708 3728 μηδὲ

2119 3753 2262 3807 οὕτω
2295 3754 2466 3823 πέρας
2507 3753 2642 3819 ἕξοι,
2674 3751 2983 3823 διετυπὼθη
3008 3753 3069 3805 τὸ
3119 3752 3310 3805 ποιοῦν
3356 3750 3520 3821 μέρος
3560 3766 3705 3820 πρε-

2122 3845 2311 3898 σόείαν
2366 3844 2610 3898 στέλλειν
2659 3847 2732 3908 ὠς
2787 3844 2878 3900 τὸν
2929 3844 3155 3914 βασιλέα
3208 3843 3301 3898 τοῦ
3352 3841 3703 3913 ἡδικηκότος.

2120 3933 2252 3990 Εἶτα
2291 3936 2340 3988 εί
2384 3936 2521 4007 μηδὲ
2557 3937 2662 3990 ὑπὸ
2723 3934 2816 3989 τοῦ
2864 3934 3130 4007 βασιλέως
3187 3936 3480 4007 γενήσεταί
3530 3935 3580 3988 oi
3641 3934 3704 3986 τὸ

2122 4027 2382 4099 ἀποχρῶν
2417 4029 2515 4083 καὶ
2552 4027 2775 4081 διπλοῦν
2810 4029 2872 4085 τὸ
2914 4027 3151 4098 ὀφληθὲν
3178 4027 3520 4098 ἀναλήψεται
3558 4026 3695 4079 κατά

2120 4119 2180 4171 τὸ
2221 4116 2523 4189 ὡρισμένον
2562 4117 2712 4180 ἐντὸς
2757 4118 3031 4184 ἐνιαυτοῦ,
3092 4119 3216 4172 ὅσον
3266 4119 3352 4172 ἐπ’
3405 4118 3600 4189 ἐκείνῳ
3621 4118 3700 4190 τῷ

2120 4210 2347 4280 δόγματι
2378 4208 2708 4263 διαλελύσθω
2736 4208 2804 4262 τὰ
2834 4210 2940 4263 τῶν
2968 4210 3233 4264 σπονδῶν.
3260 4211 3539 4282 Δευτέραν
3565 4212 3707 4281 πρὸς

2121 4302 2187 4370 τῇ
2243 4300 2449 4369 δεκάτῃ
2500 4303 2695 4371 μοῖραν
2748 4300 2857 4353 τῶν
2918 4301 3163 4354 σπονδῶν
3212 4304 3575 4372 κατανοήσεις
3606 4303 3707 4365 τὰς

2123 4391 2261 4461 πρὸς
2293 4392 2430 4444 Θεὸν
2469 4392 2729 4454 ἱκετείας,
2771 4390 2853 4443 ἔτι
2893 4409 2953 4445 τε
2990 4393 3085 4445 καὶ
3121 4392 3221 4461 τὰς
3253 4393 3393 4464 ἀρὰς
3420 4433 3435 4457 ,
3466 4389 3578 4447 οἷον
3628 4393 3711 4463 τῷ

2128 4484 2224 4555 μὲν
2278 4484 2560 4553 στέργοντι
2594 4484 2693 4553 τὴν
2733 4485 2955 4555 εἰρήνην
2986 4479 3126 4536 εἶναι
3154 4485 3247 4537 τὸν
3286 4484 3418 4539 Θεὸν
3460 4484 3621 4538 ἴλεών
3645 4501 3710 4538 τε

441 4590 563 4642 quae
592 4590 620 4627 ι
649 4575 838 4643 legatis
874 4585 1025 4645 gesta
1057 4585 1438 4645 transactaque
1463 4585 1641 4631 erant.
1695 4574 2020 4631 Constitutis

2129 4578 2222 4629 καὶ
2262 4575 2549 4646 ξύμμαχον
2589 4576 2677 4629 διὰ
2720 4576 2943 4643 παντὸς,
2986 4576 3064 4648 τῷ
3108 4577 3165 4630 δὲ
3198 4578 3464 4648 ἀπατηλῷ
3504 4578 3612 4632 τῶν
3644 4596 3709 4631 τε

444 4664 606 4731 igitur
640 4665 787 4733 pacis
810 4664 1234 4730 conditionibus,
1272 4675 1459 4739 mutuo
1483 4676 1612 4721 sunt
1648 4666 1879 4732 traditzc,
1903 4682 2024 4735 qua:

443 4768 675 4809 vocautu
686 4771 709 4807 Ι·
730 4769 920 4810 sacrm.

2142 4667 2569 4739 ἐμπεδωοέντων
2618 4668 2929 4739 νεοχμῶσαί
2984 4686 3037 4721 τι
3091 4668 3402 4741 βουλομένῳ
3446 4670 3537 4724 τὸν
3575 4671 3712 4724 Θεὸν

2131 4760 2350 4814 ἔσεσθαι
2384 4760 2675 4815 ἀντίπαλόν
2721 4777 2779 4813 τε
2806 4760 2899 4812 καὶ
2944 4761 3222 4831 πολέμιον.
3272 4761 3442 4835 Τρίτη
3471 4764 3607 4834 πρὸς
3641 4765 3710 4832 τῇ

443 4845 643 4916 δεκάτῃ
698 4845 806 4899 τῶν
863 4845 1226 4916 νομισθέντων
1276 4846 1449 4918 ίσχὺς,
1503 4848 2020 4917 πεντηκοντούτιδας
2096 4845 2236 4904 εἶναι
2283 4850 2380 4913 τὰς
2413 4851 2666 4915 σπονδὰς,
2699 4851 2979 4922 ἐρρῶσθαι
3017 4869 3079 4905 τε
3134 4852 3203 4907 τὰ
3235 4852 3335 4920 τῆς
3362 4854 3587 4925 εἰρήνης
3617 4849 3714 4907 ἐπὶ

443 4943 780 5013 πεντήκοντα
826 4944 1125 5006 ἐνιαυτοὺς,
1158 4941 1562 5013 ἀριθμουμένου
1609 4942 1702 4996 τοῦ
1750 4945 1997 5000 ἐνιαυτοῦ
2030 4948 2171 5001 κατὰ
2218 4947 2277 4999 τὸ
2306 4948 2532 5018 ἀρχαῖον
2559 4946 2700 5012 ἔθος,
2747 4946 2983 5001 ἑκάστου
3037 4947 3192 5011 ἔτους
3229 4951 3294 5020 τῇ
3324 4952 3711 5019 τριακοσιοστῇ

443 5038 540 5093 καὶ
598 5040 864 5110 ἑξηκοστῇ
890 5039 984 5091 καὶ
1004 5038 1230 5109 πέμπτῃ
1258 5038 1441 5110 ἡμέρᾳ
1493 5043 1927 5109 περατουμένου.
1968 5041 2207 5114 Ἰσχῦσαι
2238 5043 2295 5095 δὲ
2325 5043 2419 5096 καί⁸
2450 5041 2630 5107 τοῦτο,
2677 5040 2821 5095 καθὰ
2866 5042 3027 5111 ἔφην,
3069 5041 3211 5097 ὥστε
3238 5043 3298 5108 ἐξ
3333 5045 3539 5113 ἀμφοῖν
3578 5046 3717 5098 ἀπο-

444 5137 770 5210 κομισθῆναι
822 5137 1091 5199 συλλαϐὰς
1140 5137 1319 5190 ἐκεῖσε
1344 5177 1358 5202 ,
1400 5134 1667 5205 δηλούσας
1707 5137 1780 5200 ὡς
1815 5137 1923 5191 καὶ.
1947 5139 2114 5209 ἄμφω
2172 5138 2391 5210 στέρξαι
2442 5136 2614 5192 ταῦτα
2643 5138 2688 5172 ⁸⁸
2722 5139 2809 5209 ἐφ’
2845 5134 2925 5203 οἷς
2957 5139 3294 5194 ἐϐεϐαίωσαν
3331 5142 3382 5193 oi
3421 5139 3712 5210 πρέσϐεις.

445 5237 629 5309 Πέρας
658 5252 717 5289 τε
746 5232 1055 5306 δεξαμένων
1088 5234 1194 5287 τῶν
1230 5232 1535 5304 συνθηκῶν,
1571 5234 1901 5306 ἀντεδόθησα
1959 5238 2015 5288 αί
2041 5236 2334 5307 λεγόμεναι
2363 5236 2586 5306 σάκραι.

521 5333 615 5388 llis
657 5335 729 5388 ita
772 5331 1005 5387 decretis
1039 5340 1091 5384 et
1117 5331 1479 5396 confirmatis,
1507 5332 1801 5400 separatim
1853 5344 2014 5401 pacta

445 5434 570 5481 sunt
606 5425 921 5494 interposita
947 5423 1016 5480 de
1059 5421 1412 5489 Christianis,
1458 5422 1548 5491 qui
1590 5424 1642 5477 in
1679 5420 1902 5478 Perside
1934 5424 2014 5478 vi-

2200 5332 2420 5387 Τούτων
2448 5332 2791 5398 δὲδοξάντων
2848 5333 2945 5388 καὶ
2985 5333 3515 5406 ίσχυροποιηθέντων
3552 5336 3714 5398 ἐκτὸς

2127 5422 2393 5495 ἐνομίσθη
2432 5423 2503 5477 τὰ
2536 5424 2668 5495 περὶ
2690 5425 2801 5479 τῶν
2839 5427 2896 5480 ἐν
2924 5426 3153 5497 Περσίδι
3183 5426 3547 5499 Χριστιανῶν,
3568 5426 3712 5479 ὥστε

1717 5562 1954 5620 VARUS
1991 5563 2400 5623 LECTIONES.

448 5752 586 5821 vulg.
660 5754 705 5785 ⁸⁵
736 5752 909 5808 ταῦτα
937 5755 1137 5819 Η.,τδν
1152 5755 1217 5808 τὰ
1243 5754 1387 5824 vulg.

513 5685 563 5765 ξι
591 5684 1033 5765 πημαινομένρυς
1080 5682 1278 5765 μηιπη
1312 5682 1639 5765 μενομένους
1677 5683 1823 5753 vulg.
1899 5686 1948 5719 ⁸³
1981 5686 2176 5757 ἑτέραν
2197 5687 2286 5754 B.,
2326 5688 2491 5760 ἑτέρα
2514 5690 2662 5762 vulg.
2738 5691 2785 5725 “
2817 5691 3162 5751 διαδικασίαν
3218 5693 3308 5762 Η.,
3354 5694 3444 5748 διὰ
3492 5690 3710 5745 δικαίαν
