4076 6416
326 329 430 390 869

1075 331 1172 390 DE
1211 327 1784 390 LEGATIONIBUS
1819 330 2310 391 ROMANORUM
2352 334 2452 393 AD
2489 335 2805 398 GENTES.

3479 348 3586 407 δῖε)

325 440 416 494 καὶ
449 439 584 502 νεὼς
617 440 923 510 οἰκοδομεῖν
943 443 1036 494 καὶ
1058 442 1399 508 ἐπιθειάζειν
1425 445 1566 513 σφᾶς
1589 444 1782 507 ἀδεῶς,
1815 445 1892 497 κα¹

2014 455 2167 508 vunt,
2202 456 2259 499 ut
2280 447 2611 503 illis‘liceret
2642 452 2840 520 templa
2867 464 3204 518 construere,
3242 467 3294 510 ct
3325 459 3443 512 sine
3477 461 3587 513 ullo

322 531 447 594 τοὺς
488 531 879 601 χαριστηρίους
928 531 1153 603 ὕμνους.
1209 535 1354 588 καθὰ
1383 536 1694 604 νενόμισται
1726 537 1858 605 ἡμῖν
1883 577 1899 602 ,

323 619 616 682 ἀκωλύτως
649 620 940 685 ἐπιτελεῖν,
973 621 1111 675 ἀλλὰ
1156 622 1266 693 γὰρ
1315 624 1452 694 μήτε
1488 624 1900 691 καταναγκάζε-

301 709 449 762 »σθαι
485 707 728 780 μαγικὴν
757 709 805 742 ⁸⁸
840 711 1082 778 μετιέναι
1115 711 1432 783 θρησκείαν,
1473 715 1609 786 μήτε
1636 715 1744 784 μὴν
1772 713 1894 766 Oso-

321 802 538 853 κλυτεῖν
569 801 841 865 ἀκουσίως
879 802 1004 865 τοὺς
1045 803 1196 873 παρὰ
1245 805 1451 874 Μήδοις
1482 805 1901 874 νενομισμένους

317 892 496 955 θεούς.
534 893 644 945 Καὶ
671 894 718 945 οἰ
753 894 1071 963 Χριστιανοὶ
1114 895 1192 955 δὲ,
1245 895 1386 948 ὥστε
1418 897 1619 966 ἥκιστα
1672 897 1767 948 καὶ
1791 897 1900 950 οἵδε

317 982 566 1052 mea“
609 984 956 1051 μετατιθέναι
993 985 1200 1054 μάγους
1248 987 1303 1048 ἐς
1333 986 1432 1056 τὴν
1469 985 1592 1039 καθ’
1638 989 1786 1057 ἡμᾶς
1815 987 1902 1040 δό-

317 1075 437 1138 ξαν.
481 1075 785 1145 Ἐκράτησε
815 1075 873 1128 δέ
925 1075 1067 1128 ὥστε
1095 1078 1190 1129 καὶ
1243 1077 1369 1139 τοὺς
1427 1077 1760 1147 θνήσκοντας
1789 1080 1900 1140 τοῖς

317 1165 669 1230 Χριστιανοῖς
687 1165 772 1215 ἐπ’
800 1164 1047 1228 ἐξουσίας
1064 1161 1203 1217 εἶναι
1227 1165 1452 1220 θάπτειν
1478 1171 1536 1220 ἐν
1555 1169 1764 1235 τάφοις,
1851 1169 1895 1199 ⁸⁷

322 1253 637 1321 νενόμισται
696 1254 839 1323 παρ’
871 1255 1024 1322 ἡμῖν.
1057 1253 1272 1307 Τούτων
1331 1255 1471 1308 οὕτω
1530 1256 1900 1326 προελθόντων

317 1344 414 1394 καὶ
445 1345 500 1394 ἐν
527 1342 720 1411 κόσμῳ
747 1343 840 1395 καὶ
870 1342 1021 1406 τάξει
1051 1345 1376 1414 γενομένων,
1428 1346 1548 1397 ἐπεὶ
1579 1344 1898 1408 ἀνεδέξαντο

313 1433 371 1484 οἵ
395 1449 458 1498 γε
495 1433 550 1494 ἐς
585 1432 744 1485 τοῦτο
792 1434 1121 1504 τεταγμένοι
1150 1435 1248 1497 τὰς
1292 1435 1559 1498 συλλαϐὰς
1608 1438 1719 1488 τοῖν
1753 1437 1897 1490 δυοῖν

315 1523 566 1591 βιϐλίοιν,
612 1525 707 1577 καὶ
760 1525 1160 1594 ἀπηκρίόωσαν
1199 1526 1473 1597 ἰσορρόπῳ
1519 1525 1597 1594 τῷ
1637 1528 1730 1580 καὶ
1785 1529 1898 1581 ἰσο-

316 1616 543 1685 δυνάμῳ
580 1615 690 1667 τῶν
721 1615 979 1686 ῥημάτων
1012 1617 1079 1668 τὰ
1137 1616 1520 1685 ἐνθυμήματα,
1551 1617 1748 1670 αὐτίκα
1778 1618 1895 1685 οἶγε

321 1707 592 1775 ἰσόγραφα
651 1706 815 1775 ἕτερα
879 1707 1188 1758 ἐπετέλουν.
1233 1707 1341 1759 Καὶ
1390 1707 1456 1760 τὰ
1518 1707 1616 1776 μὲν
1689 1707 1894 1778 κυριώ-

2008 537 2200 590 timore
2232 553 2384 592 sacra
2420 554 2699 609 peragere,
2757 551 2811 594 et
2862 542 3158 611 gratiarum
3215 549 3454 603 actiones
3489 567 3582 617 per

2006 629 2231 698 hymnos
2297 629 2427 694 Deo.
2461 634 2602 686 sicut
2652 634 2791 700 apud
2834 649 2931 688 nos
2983 635 3098 689 ﬁeri
3151 637 3309 702 solet,
3365 655 3582 706 canere,

2003 736 2138 776 neve
2158 734 2481 791 cogerentur
2526 726 2750 795 magicis
2791 729 3414 796 cerimoniisiuteresse,
3446 744 3586 786 auiae

2004 813 2204 868 invitos
2237 815 2416 870 colere
2444 825 2497 868 et
2525 819 2795 883 venerari,
2827 820 2918 887 qui
2955 824 3095 889 apud
3130 821 3312 877 Medos
3358 827 3581 878 deorum
3638 867 3654 882 .

2004 917 2230 958 numero
2258 905 2545 960 habentur.
2576 906 2762 974 Neque
2791 918 2973 963 tamen
3007 910 3128 964 ideo
3155 911 3450 966 Christiani
3479 929 3577 966 au-

2002 995 2190 1050 derent
2217 997 2402 1050 conari
2431 998 2631 1066 magica
2675 1009 2948 1054 sectantes
2983 1001 3034 1053 in
3064 1012 3307 1055 nostram
3361 1006 3579 1073 religio-

2003 1099 2122 1138 ncm
2173 1086 2512 1152 pertrahere.
2558 1088 2810 1142 Obtinuit
2862 1105 3098 1160 quoque,
3143 1101 3202 1144 ut
3251 1092 3580 1148 Christianis

2001 1182 2240 1241 potestas
2257 1187 2406 1230 esset
2436 1187 2676 1231 mortuos
2705 1178 2972 1247 sepulcris
2992 1183 3250 1246 condere,
3284 1193 3339 1236 et
3369 1185 3473 1238 illis
3513 1190 3578 1238 ad

2002 1278 2244 1321 nostrum
2278 1284 2482 1323 morem
2505 1270 2650 1338 justa
2684 1273 3014 1340 persolvere,
3051 1271 3176 1329 lla-c
3207 1291 3327 1328 cum
3371 1277 3440 1329 ita
3477 1279 3583 1331 rite

1999 1366 2055 1411 et
2083 1358 2273 1412 ordine
2297 1367 2450 1428 gesta
2479 1361 2970 1432 administrataque
2994 1363 3241 1430 fuissent,
3268 1366 3477 1421 litteras
3501 1367 3576 1429 lii,

1998 1447 2192 1512 quibus
2228 1448 2344 1513 ejus
2376 1448 2450 1501 rei
2484 1463 2611 1502 cura
2646 1452 2966 1506 demandata
3003 1463 3141 1513 erat,
3175 1455 3387 1511 duobus
3420 1457 3576 1510 hbcl-

1999 1535 2066 1588 lis
2097 1546 2352 1591 exaratas
2383 1551 2757 1606 susceperunt,
2815 1552 2866 1595 et
2911 1559 3095 1596 earum
3129 1546 3234 1598 vim
3267 1556 3318 1599 et
3353 1562 3578 1601 sensum

2000 1639 2254 1682 accurate
2278 1629 2422 1682 inter
2448 1645 2506 1684 se
2535 1631 2900 1696 contulerunt,
2927 1649 3154 1702 quarum
3181 1639 3365 1690 statim
3399 1638 3578 1692 altera

1997 1721 2239 1789 exeiripla
2267 1721 2640 1776 confecerunt.
2684 1723 2748 1776 Et
2773 1726 2989 1792 quidem
3021 1742 3097 1780 ea:
3134 1729 3348 1796 tabulae,
3378 1731 3575 1796 (ιιιείιιιε

321 1813 450 1866 τερα
481 1796 865 1864 ξυνειληθέντα
914 1815 972 1850 τε
1032 1798 1125 1850 καὶ
1175 1800 1684 1865 κατασφαλισθέντα
1720 1803 1892 1870 ἐκμα-

1998 1813 2211 1880 plenior
2243 1812 2374 1866 ﬁdes
2419 1812 2734 1873 haberetur,
2775 1814 3064 1883 diligenter
3095 1817 3368 1880 involutae,
3408 1829 3462 1871 et
3488 1832 3574 1870 se-

319 1888 483 1954 γείοις
514 1904 576 1939 τι
632 1891 896 1958 κηρίνοις,
947 1889 1154 1958 ἑτέροις
1203 1907 1261 1941 τε
1296 1885 1377 1952 οἷς
1414 1891 1637 1943 εἰώθασι
1687 1891 1893 1962 Πέρσαι

313 1980 574 2050 χρῆσθαι,
610 1979 703 2033 καὶ
734 1980 1098 2048 ἐκτυπώμασι
1123 1981 1422 2035 δακτυλίων
1457 1984 1569 2036 ὑπὸ
1596 1983 1705 2036 τῶν
1759 1984 1894 2053 πρέ-

314 2071 512 2137 σϐεων,
560 2071 640 2125 ἐτι
692 2074 799 2141 μὴν
841 2075 934 2125 καὶ
979 2073 1261 2142 ἑρμηνέων
1285 2074 1416 2126 δέκα
1465 2075 1601 2144 πρὸς
1631 2077 1740 2137 τοῖς
1777 2075 1891 2139 δύο,

312 2161 377 2227 ἐξ
403 2162 501 2229 μὲν
542 2163 849 2232 Ῥωμαίων.
880 2165 978 2232 οὐχ
1007 2157 1173 2235 ἦττον
1206 2165 1262 2217 δὲ
1320 2165 1569 2231 Περσῶν,
1621 2165 1895 2236 ἀμοιϐαία

309 2258 379 2323 τῇ
403 2255 544 2308 δόσει
567 2255 634 2308 τὰ
668 2255 766 2324 τῆς
789 2255 1010 2326 εἰρήνης
1048 2255 1229 2324 βιϐλία
1256 2257 1587 2327 παρέσχοντο
1621 2257 1893 2326 ἀλλήλοις.

311 2347 388 2398 Τὸ
413 2345 512 2414 μὲν
541 2349 605 2415 τῇ
630 2345 857 2416 Περσῶν
885 2349 1036 2417 φωνῇ
1059 2350 1444 2418 γεγραμμένον
1468 2351 1764 2419 ἐνεχείρισε
1791 2350 1894 2406 Πέ-

309 2433 428 2502 τρῷ
459 2435 488 2485 ὁ
515 2433 634 2502 Ζὶχ,
670 2434 764 2488 καὶ
796 2433 1000 2504 Πέτρος
1031 2435 1088 2487 δὲ
1113 2435 1190 2505 τῷ
1219 2437 1316 2506 Ζὶχ
1347 2439 1407 2490 τὸ
1457 2440 1524 2507 τῇ
1571 2437 1842 2507 Ἑλληνίδι
1876 2454 1890 2468 ⁸

310 2526 408 2577 καὶ
437 2519 592 2588 αὖθις
615 2523 706 2576 τοῦ
728 2524 826 2594 Ζὶχ
850 2524 910 2577 τὸ
938 2527 1258 2597 ἰσ-ιρροποῦν
1286 2531 1352 2598 τῇ
1390 2527 1652 2600 Ἑλληνίδι
1686 2528 1894 2598 βιϐλίον

307 2614 602 2683 γράμμασι
629 2613 917 2684 Περσικοῖς
941 2614 1472 2686 διασεσημασμένον,
1503 2617 1632 2671 ἄνευ
1662 2616 1761 2685 τῆς
1785 2615 1892 2668 τῶν

309 2705 726 2774 ὲκτυπωμάτων
755 2706 1090 2778 ἀσφαλείας,
1121 2709 1425 2778 εἰληφότος,
1463 2709 1526 2763 τὸ
1563 2710 1608 2741 ⁸⁸
1642 2709 1890 2780 σωθήσει

311 2795 438 2850 σθαι
461 2798 509 2849 οἱ
541 2797 640 2858 τὰς
683 2798 928 2867 μνήμας,
963 2798 1058 2852 καὶ
1114 2799 1318 2871 Πέτρος
1346 2803 1444 2854 οὐκ
1489 2801 1663 2866 ἄλλως
1694 2803 1892 2855 ἐπετέ-

311 2888 464 2941 λεσεν
495 2888 820 2960 ἀμοιϐαίως.

385 2973 513 3031 Εἶτα
549 2979 643 3031 ἐπὶ
679 2978 892 3042 τούτοις
945 2980 1292 3050 διελύθησαν,
1349 2982 1456 3038 τῶν
1501 3001 1560 3036 τε
1593 2984 1754 3055 ὁρίων
1784 2987 1892 3040 ἄπο

314 3068 578 3136 ἐγένοντο,
615 3071 712 3123 καὶ
765 3070 794 3122 ὁ
828 3071 926 3140 Ζίχ
965 3072 1044 3135 είς
1081 3074 1149 3125 τὰ
1187 3073 1394 3142 πάτρια
1433 3073 1535 3145 ήθη
1575 3075 1886 3145 ἐπορεύετο.

1996 1904 2245 1957 curitatis
2275 1919 2438 1956 causa
2461 1918 2585 1957 cera
2621 1904 2815 1957 iterum
2842 1921 3136 1974 expressae,
3171 1919 3221 1959 et
3242 1908 3364 1960 aliis
3393 1909 3574 1967 rebus,

1994 2011 2113 2065 quae
2141 1997 2279 2064 apud
2314 1995 2510 2050 Persas
2540 2006 2665 2049 sunt
2719 1997 2770 2049 in
2823 2013 2944 2062 usu,
2986 1999 3211 2052 ﬁrmata:
3257 2007 3387 2053 Sunt
3421 2015 3436 2052 :
3465 2012 3574 2050 tum

1994 2089 2154 2142 etiam
2185 2090 2487 2156 legatorum
2513 2087 2683 2156 sigilla
2719 2088 2932 2142 aunulis
2967 2089 3252 2158 impressa,
3285 2100 3340 2143 et
3375 2089 3577 2142 duode-

1995 2179 2098 2231 cim
2162 2179 2516 2246 interpretum
2553 2217 2568 2240 .
2622 2193 2718 2232 sex
2780 2179 3169 2244 Romanorum,
3242 2190 3296 2233 et
3353 2180 3574 2236 totidem

1994 2268 2306 2323 Persarum.
2342 2268 2432 2323 Sic
2457 2277 2641 2322 mutua
2673 2271 2970 2325 traditione
3015 2271 3154 2324 inter
3188 2287 3247 2325 se
3276 2273 3379 2327 sibi
3427 2273 3576 2341 pacis

1998 2358 2210 2412 tabulas
2247 2357 2448 2413 Ziehus
2488 2359 2654 2413 Petro
2687 2359 2976 2412 Persarum
3004 2359 3181 2428 lingua
3215 2362 3465 2429 scriptas,
3521 2371 3576 2414 et

1993 2448 2193 2539 Graeca.
2221 2448 2416 2504 Petrus
2461 2448 2626 2504 Zicho
2659 2451 3024 2504 tradiderunt.
3062 2449 3271 2506 Rursus
3319 2465 3442 2504 cum
3488 2451 3576 2504 Zi-

1993 2545 2127 2597 chus
2155 2544 2454 2612 accepisset
2482 2559 2511 2597 a
2545 2542 2706 2598 Petro
2732 2543 2878 2598 aliud
2909 2543 3057 2599 illius
3091 2545 3356 2611 pactionis
3385 2559 3576 2599 exem-

1994 2637 2138 2704 plum
2168 2635 2354 2690 Graeca
2384 2636 2587 2704 lingua,
2612 2637 2706 2690 sed
2753 2635 2948 2691 litteris
2986 2637 3224 2691 Persicis
3265 2647 3571 2701 exaratum,

1992 2727 2110 2780 sine
2135 2727 2240 2780 ulla
2270 2727 2572 2788 sigillorum
2617 2727 2995 2796 impressione,
3026 2728 3168 2796 quod
3205 2727 3360 2799 153
3391 2730 3456 2782 ad
3483 2745 3575 2784 so-

1991 2816 2096 2870 lam
2153 2818 2230 2870 rei
2285 2827 2450 2883 gesta:
2493 2818 2810 2872 memoriam
2860 2817 3092 2882 valeret,
3144 2821 3332 2872 eadem
3385 2820 3569 2874 itidem

1993 2906 2184 2961 Petrus
2215 2923 2244 2961 a
2285 2908 2454 2963 Zicho
2485 2909 2600 2978 pari
2631 2909 2802 2964 forma
2833 2909 3070 2977 accepit.

2073 2998 2164 3052 llis
2196 2999 2488 3055 transactis
2531 3000 2756 3054 seorsim
2791 2999 2930 3054 alter
2978 3001 3046 3054 ab
3083 3001 3255 3056 altero
3298 3003 3482 3069 procul
3543 3019 3570 3056 a

1995 3089 2245 3146 confiniis
2279 3090 2553 3155 abierunt,
2607 3098 2661 3143 et
2695 3090 2896 3144 Ziclms
2929 3089 3142 3158 quidem
3176 3091 3242 3144 ad
3287 3093 3442 3146 sedes
3475 3106 3579 3159 pa-

318 3162 478 3230 ’Δτὰρ
506 3164 534 3216 ὁ
561 3163 768 3232 Πέτρος
799 3139 1014 3233 ἔμεινεν
1053 3162 1240 3229 αὑτοῦ,
1273 3139 1600 3218 ἐνπιθειάσων
1628 3139 1694 3236 τῇ
1732 3182 1886 3234 γενε-

1996 3182 2126 3236 trias
2148 3181 2412 3236 remeavit
2438 3196 2453 3234 :
2491 3181 2582 3234 sed
2614 3179 2807 3234 Petrus
2836 3179 2949 3234 illic
2977 3181 3259 3245 remansit,
3291 3190 3350 3234 ut
3376 3179 3570 3234 festum

312 3253 436 3324 θλίξι
487 3255 651 3324 ἑορτῇ
697 3254 932 3325 Χριστοῦ
967 3255 1060 3308 τοῦ
1096 3255 1232 3309 Θεοῦ
1259 3273 1274 3289 ο
1327 3257 1428 3326 ἤδη
1464 3257 1574 3328 γὰρ
1612 3259 1888 3329 προσεπέιο

307 3345 440 3410 λαζε
467 3346 565 3416 τῆς
601 3347 819 3418 ἡμέρας
853 3347 916 3400 τὸ
946 3346 1132 3410 σέϐας.
1167 3349 1286 3402 Ἔτι
1316 3349 1373 3402 δὲ
1403 3350 1498 3403 καὶ
1524 3353 1589 3420 τῇ
1631 3350 1725 3403 τοῦ
1753 3351 1888 3405 Θεοῦ

307 3441 606 3513 ἐπιφανείᾳ
643 3443 714 3496 τὰ.
746 3442 956 3514 νόμιμα
981 3444 1327 3512 ἁγιστεύσας,
1358 3445 1496 3515 μετὰ
1517 3445 1690 3499 ταῦτα
1716 3445 1888 3515 ἐπέϐη

307 3533 412 3603 τῆς
452 3533 700 3603 Περσῶν.
749 3537 860 3590 Καὶ
897 3537 956 3589 ἐν
993 3536 1170 3590 τοῖσδε
1194 3536 1367 3608 πέρας
1399 3537 1612 3607 εἰλήφει
1661 3537 1732 3590 τὰ
1780 3537 1888 3591 τῶν

308 3623 615 3694 ᾢνθηκῶν.
656 3625 770 3697 Πρὸ
820 3626 880 3680 δὲ
916 3627 981 3699 δὴ
1033 3626 1133 3694 τῆς
1169 3627 1568 3700 ἀναχωρήσεως
1604 3627 1713 3682 τῶν
1748 3631 1882 3698 πρέ-

307 3716 513 3781 σϐεων,
555 3719 1014 3790 παραγενομένων
1043 3719 1208 3773 τινῶν
1231 3721 1458 3790 Περσῶν
1481 3723 1561 3785 εἰς
1591 3721 1653 3774 τὺ
1685 3723 1885 3792 Δάρας,

303 3803 392 3868 οἷς
419 3809 481 3863 τὸ
507 3810 706 3864 τοιόνδε
737 3812 796 3865 ἐν
829 3811 1106 3882 φροντίσιν
1137 3813 1404 3882 ὑπῆρχεν,
1431 3812 1547 3882 ἅμα
1589 3813 1751 3876 ἐνίοις
1777 3815 1888 3868 τῶν

307 3901 596 3970 ἑρμηνέων
623 3900 718 3955 καί⁵
763 3904 876 3964 τοῖς
899 3901 1006 3955 τῶν
1034 3901 1386 3969 πλαστίγγων
1418 3903 1756 3968 ἐπιστάταις,
1784 3905 1888 3957 ἀπο

303 3992 580 4062 εκατέστη
612 3995 725 4055 τοῖς
756 3992 884 4063 περὶ
915 3993 1007 4046 τὸν
1041 3993 1139 4062 Ζίχ
1170 3993 1240 4045 τὰ
1277 3993 1603 4062 ὀφειλόμενα
1628 3997 1888 4065 χρήματα

302 4084 419 4138 τῶν
464 4082 508 4150 ζ’
557 4086 840 4152 ἐνιαυτῶν,
898 4087 995 4156 ἐφ’
1047 4081 1130 4149 οἷς
1181 4089 1239 4139 αἰ
1303 4087 1639 4158 ξυνθῆκαι⁸⁹
1685 4089 1888 4158 προῆλ-

307 4177 425 4231 θον.
471 4177 557 4238 Ὦς
594 4177 649 4229 δὲ
701 4177 904 4248 Πέτρος
957 4177 1180 4244 ἀφίκετο
1219 4177 1355 4247 πρὸς
1396 4177 1619 4247 βασιλέα
1667 4178 1889 4248 Περσῶν

306 4275 368 4323 ἐν
400 4269 480 4341 τῷ
527 4272 1052 4342 προσαγορευομένῳ
1096 4269 1425 4340 Βιθαρμαῒς,
1464 4270 1890 4340 διαλεχθησόμε-

305 4363 401 4426 νός
427 4364 480 4416 οἰ
503 4364 630 4430 περί
660 4363 919 4425 Σουανίας
950 4362 995 4394 ³ο
1026 4365 1082 4427 ἐς
1105 4365 1172 4416 τὰ
1203 4363 1447 4432 βασίλεια
1470 4361 1748 4433 προελθὼν
1777 4364 1888 4417 ἐλει-

1989 3272 2305 3326 Nativitatis
2339 3271 2543 3326 Christi
2616 3269 2711 3325 Dei
2771 3272 3036 3339 (instabat
3067 3274 3213 3326 enim
3264 3272 3573 3327 veneranda

1943 3395 1946 3402 -
1991 3365 2152 3435 dies.)
2182 3373 2367 3418 sancte
2404 3371 2457 3416 et
2494 3361 2747 3430 religiose
2794 3362 3018 3417 coleret.
3072 3360 3181 3416 Nec
3228 3362 3398 3415 multo
3451 3372 3572 3428 post

1993 3456 2102 3510 illic
2130 3455 2307 3509 adhuc
2331 3453 2649 3520 Epiphaniae
2679 3452 2875 3507 festum
2903 3452 3112 3508 solenni
3149 3467 3299 3506 more.
3327 3453 3571 3508 celebra-

1990 3547 2068 3598 vit
2097 3561 2112 3597 :
2137 3543 2330 3598 deinde
2361 3543 2426 3596 ad
2455 3542 2652 3597 Persas
2681 3541 2958 3611 profectus
3004 3553 3108 3598 est.
3144 3543 3210 3596 Et
3239 3544 3318 3596 sic
3349 3543 3569 3611 quidem

1990 3637 2136 3705 pacis
2165 3634 2462 3697 traasactio
2488 3635 2554 3688 ad
2584 3633 2743 3688 ﬁnem
2779 3635 3036 3714 perducta
3086 3645 3188 3689 est.
3221 3635 3363 3688 Ante
3394 3634 3573 3704 perfe-

1991 3727 2230 3782 ctionem
2266 3727 2589 3796 legatorum,
2629 3739 2749 3779 cum
2803 3741 2870 3780 ex
2911 3725 3093 3780 Persis
3136 3727 3227 3791 hi,
3280 3727 3476 3795 quibus
3505 3743 3566 3781 ea

1992 3833 2080 3872 res
2113 3831 2254 3871 curae
2287 3826 2426 3882 erat,
2479 3817 2548 3870 ad
2582 3815 2750 3870 Daras
2773 3816 3143 3871 accessissent
3173 3833 3276 3871 una
3323 3833 3447 3873 cum
3485 3818 3571 3872 in-

1995 3907 2322 3975 terpretibus
2353 3917 2431 3960 'et
2462 3906 2545 3972 iis,
2585 3906 2678 3976 qui
2728 3907 2961 3962 trutinas
3007 3907 3326 3969 aﬂ'erebant,
3370 3923 3572 3978 reprae-

1991 4008 2217 4053 sentatre
2245 4007 2373 4053 sunt
2407 4012 2528 4065 quae
2564 3996 2733 4051 Zicho
2765 4013 2862 4067 pro
2892 4008 3097 4067 septem
3145 4013 3409 4053 annorum
3444 4014 3572 4069 pen-

1993 4089 2238 4142 sionibus
2267 4089 2544 4152 promissa:
2568 4087 2784 4143 fuerant
2817 4090 3084 4157 pecuniae.
3128 4089 3321 4145 Petrus
3345 4107 3472 4147 vero
3502 4096 3567 4147 ad

1993 4197 2171 4249 regem
2207 4179 2496 4234 Persarum
2547 4183 2777 4236 accessit
2828 4183 3051 4246 inloco,
3102 4186 3192 4252 qui
3243 4185 3570 4240 Bitharmais

1993 4271 2311 4340 appellatur,
2351 4283 2405 4324 ut
2435 4273 2498 4324 de
2535 4269 2735 4325 Suania
2771 4287 2892 4327 cum
2929 4274 3022 4328 εἰίο
3045 4285 3254 4344 ageret,
3290 4286 3344 4329 et
3376 4277 3428 4330 in
3480 4293 3566 4332 rc-

1991 4365 2130 4431 giaui
2185 4363 2530 4417 introductus
2583 4363 2663 4416 sic
2718 4363 2930 4418 locutus
2979 4376 3063 4418 cst
3097 4385 3112 4420 :
3151 4385 3170 4416 ‹
3210 4367 3489 4432 Venimus,
3535 4384 3572 4420 ο

307 4456 402 4519 ξεν
430 4447 587 4510 ὧδε-ι
614 4454 882 4522 Ἥκομεν,
907 4447 952 4507 ὧ
983 4452 1227 4522 βασιλεῦ.
1249 4453 1401 4523 παρὰ
1421 4453 1500 4518 σέ,
1522 4452 1583 4505 τὺ
1607 4452 1778 4522 μὲνέν
1804 4454 1892 4523 βε-

2001 4469 2112 4515 rex,
2168 4455 2232 4506 ad
2259 4465 2328 4515 te,
2375 4470 2495 4506 cum
2531 4469 2723 4523 magna
2769 4470 2834 4507 ex
2886 4465 3040 4523 parte
3065 4457 3212 4525 pacis
3239 4458 3572 4513 beneﬁcium

309 4545 456 4616 ϐαίῳ
489 4545 587 4616 τὴν
617 4546 842 4614 εἰρήνην
866 4545 1008 4612 ἔχειν
1033 4533 1433 4614 εὐτυχήσαντες
1467 4545 1592 4615 ἥδη,
1621 4545 1682 4597 τὸ
1713 4545 1770 4597 δὲ
1802 4548 1896 4598 καὶ

307 4638 411 4704 ὁςζιέ
443 4637 569 4705 γοῦν
593 4637 904 4706 τευξόμενοι
946 4636 1056 4689 τῶν
1094 4636 1444 4704 δικαιοτέρων
1501 4637 1650 4705 παρὰ
1686 4635 1780 4688 σοῦ
1820 4636 1895 4707 μὴ

307 4729 697 4800 ἀχθησὸμενοι.
742 4729 802 4782 Ὀ
832 4729 940 4797 γὰρ
988 4727 1048 4779 τὸ
1097 4727 1274 4797 παρὸν
1307 4725 1366 4780 εὖ
1415 4726 1620 4790 διαθεὶς
1648 4729 1740 4780 καὶ
1767 4745 1895 4797 σχε-

307 4822 527 4883 διάτας,
556 4821 632 4884 ὡς
669 4823 864 4882 εἰπεῖν,
893 4819 954 4871 τὸ
985 4821 1252 4884 συνοῖσον,
1292 4819 1408 4880 πῶς
1455 4819 1576 4887 οὐχὶ
1612 4818 1721 4872 τῶν
1769 4819 1898 4889 μελ-

309 4913 515 4964 λόντων
555 4911 960 4982 προμηθεύεται
1009 4909 1188 4978 πολλῷ
1253 4908 1331 4980 τῷ
1363 4909 1622 4981 διαφόρῳ,
1665 4911 1895 4966 καθόσον

309 5006 406 5057 καί
439 5003 616 5074 χρόνῳ
646 5003 723 5072 τῷ
755 5003 982 5074 πλείονι.
1011 5001 1290 5070 Μεγίστου
1325 5001 1510 5054 τοίνυν
1547 5003 1755 5070 πέφυκε
1790 5002 1891 5071 βα-

313 5093 510 5155 σιλέως
553 5073 615 5146 τὸ
644 5073 903 5146 δύνασθαι
935 5094 1034 5163 μὲν
1068 5090 1228 5144 πλέον
1280 5090 1447 5161 ἔχειν,
1483 5089 1558 5159 μὴ
1598 5091 1891 5160 βούλεσθαι

309 5183 374 5236 δέ
400 5200 414 5214 ο
443 5185 504 5237 τὸ
533 5183 642 5254 γὰρ
671 5183 1010 5254 ὑπερϐάλλον
1035 5184 1134 5254 τῆς
1166 5184 1348 5253 ἰσχύος
1369 5185 1426 5236 ἐν
1458 5183 1692 5254 σώφρονι
1727 5185 1890 5238 κολάο

313 5275 469 5339 ζεται
493 5260 774 5347 λογισμῷ..
796 5278 946 5332 Ἐπεὶ
997 5276 1091 5331 οῦν
1125 5278 1187 5330 τὸ
1215 5277 1334 5341 ζέον
1366 5277 1459 5330 τοῦ
1489 5277 1730 5348 πολέμου
1756 5295 1891 5332 κατ-

316 5366 570 5422 έσϐεσται
602 5367 697 5423 νῦν
731 5371 861 5438 ἡμῖν
909 5371 1002 5424 καὶ
1027 5369 1215 5441 ὥσπερ
1248 5369 1678 5438 ἀνεπνεύσαμεν,
1707 5365 1786 5432 εἷς
1835 5369 1890 5422 δὲ

1992 4545 2103 4611 fam
2135 4544 2312 4611 adepzi
2346 4545 2535 4608 simus,
2585 4555 2645 4597 ut
2691 4545 2747 4597 in
2801 4545 3023 4613 reliquis
3050 4561 3278 4616 queque
3317 4551 3570 4617 quamvis

1998 4633 2406 4701 Serojustitiam
2435 4653 2464 4686 a
2501 4646 2550 4687 te
2582 4634 2969 4703 impetremus;
3017 4652 3115 4691 nec
3155 4652 3252 4692 nos
3287 4639 3573 4708 deceptum

1997 4728 2062 4780 iri
2115 4742 2420 4795 speramus.
2452 4725 2581 4780 Nam
2633 4728 2724 4796 qui
2778 4738 3100 4796 praesentem
3158 4745 3336 4783 rerum
3367 4740 3570 4785 statum

1998 4827 2144 4869 recte
2197 4816 2522 4885 composuit,
2563 4826 2616 4870 et
2665 4817 2926 4871 instantia
2964 4821 3249 4873 commoda
3298 4823 3574 4889 respexit,

1996 4917 2206 4976 quanto.
2228 4909 2398 4976 magis
2428 4910 2474 4962 is
2506 4908 2703 4962 futuris
2735 4910 3069 4978 providebit,
3109 4914 3233 4980 quia
3269 4921 3323 4966 ct
3361 4915 3577 4966 diuturv

1996 5002 2146 5053 niora
2174 4999 2340 5053 sunt?
2370 4988 2545 5070 Magni
2589 5001 2729 5070 regis
2761 5011 2847 5056 est
2877 5015 3034 5069 posse
3065 5005 3279 5072 quidem
3315 5005 3433 5074 plus
3471 5007 3568 5059 ha-

1995 5089 2142 5154 bere,
2174 5089 2268 5142 sed
2301 5087 2460 5143 nolle.
2511 5088 2781 5158 Quidquid
2832 5091 2976 5143 enim
3027 5093 3283 5160 potent-ia:
3323 5103 3573 5162 superat,

1993 5181 2303 5242 cohibetur,
2357 5190 2411 5232 et
2463 5182 2840 5249 comprimitur
2874 5185 3119 5251 prudenti
3175 5184 3570 5238 moderatione.

1991 5272 2170 5340 [taque
2202 5287 2322 5326 cum
2360 5271 2574 5327 fervens
2607 5273 2728 5327 belli
2768 5275 2914 5329 inter
2940 5291 3036 5331 nos
3083 5279 3249 5332 ardor
3290 5277 3402 5347 jam
3462 5277 3558 5331 de-

1994 5363 2258 5418 ferbuerit
2291 5375 2340 5418 et
2365 5364 2764 5432 quodammodo
2804 5365 3156 5434 respiremus,
3189 5381 3292 5420 una
3325 5365 3567 5422 scintilla

1602 5499 1837 5556 VARI/ii
1879 5500 2286 5557 LECTIONES.

385 5634 436 5668 ⁸⁸
449 5636 614 5708 Ante;
635 5634 871 5708 μαγικήν
892 5633 1064 5708 vulgo
1084 5634 1179 5708 εἰς
1197 5634 1480 5708 inseritur,
1505 5633 1600 5687 sed
1634 5634 1790 5708 uncis
1813 5615 2110 5708 inclusum.
2186 5635 2231 5708 ξ’
2313 5634 2403 5698 H.,
2427 5635 2459 5704 ἢ
2495 5635 2641 5708 vulg.
2717 5635 2763 5667 ⁸⁸
2786 5634 2872 5708 τὸ]
2907 5637 2964 5699 ἐς
2990 5636 3050 5689 τὸ
3076 5634 3146 5690 Ν.
3217 5635 3263 5666 ⁸9
3282 5637 3339 5690 αἰ
3369 5635 3491 5701 ξυνο
3503 5636 3562 5708 ἦ·

321 5722 414 5760 και
454 5705 546 5772 H.,
601 5705 796 5774 ἐξυνθῆ
820 5705 915 5758 καὶ
945 5706 1088 5774 vulg.
1166 5705 1214 5738 ’°
1244 5705 1508 5768 Σουανίας
1543 5717 1598 5758 et
1628 5705 1915 5776 προελθὼν
1945 5706 2038 5771 ΙΙ..
2063 5705 2302 5768 Σουάνας
2334 5715 2389 5758 et
2420 5707 2702 5776 προελθεῖν
2735 5705 2883 5776 vulg.
