4076 6428
325 329 430 395 873

1094 329 1194 389 DE
1229 328 1799 390 LEGATIONIBUS
1839 326 2332 388 ROMANORUM
2383 330 2481 387 AD
2515 329 2828 388 GE‘NTES.

3469 316 3575 380 871

321 438 436 492 οὐδὲ
485 435 652 500 αὐτός
710 453 768 489 σε
810 439 830 470 ⁸
863 477 878 503 ,
910 430 956 490 ὦ
1002 435 1290 508 Ῥωμαίων
1335 437 1668 510 πρεσϐευτὰ,
1714 436 1894 505 ὥσπερ

2005 447 2060 490 et
2094 453 2216 491 eum
2248 437 2340 506 qui
2392 438 2564 504 ipsum
2607 437 2870 506 possidet,
2922 434 3131 488 salvum
3162 445 3215 488 et
3250 436 3573 490 iltt‘olttlttt'ut

320 532 468 595 εἰκὸς
497 532 555 584 ἐν
589 529 827 602 τοσαύτῃ
865 529 1156 602 φιλοσοφίᾳ
1173 530 1552 601 τεθραμμένον
1586 529 1606 560 ⁸
1637 525 1898 603 ᾗπεριεῖ-

315 643 405 695 ναι
438 625 458 656 ⁷
481 626 598 687 τοῖς
627 623 835 695 ῥήμασι
858 621 1224 694 εμεμάθηκας,
1257 621 1565 692 μεμφθείην
1592 621 1729 689 πρός
1755 635 1897 682 τινος

315 692 493 783 ἔγωγε
529 715 606 786 μὴ
628 692 843 768 πείθειν
867 692 1096 784 μαθώνέ
1129 714 1268 784 πλὴν
1295 717 1372 777 ὡς
1404 715 1469 768 ἂν
1497 711 1673 767 οἷόστε
1695 707 1760 778 ὦ,
1793 712 1897 765 κᾶν

315 809 367 860 εί
405 807 482 878 μὴ
503 809 618 870 τοῖς
646 807 668 837 ⁸
714 807 924 877 ῥήμασι
970 806 1275 877 τηλαυγῶς,
1313 806 1442 860 ἀλλ’
1485 807 1636 874 ὅμως
1671 803 1750 874 τῷ
1783 803 1900 874 βου-

317 898 530 971 λομένῳ
543 901 646 970 τῆς
669 901 917 969 γνώμης,
942 899 1016 962 ὡς
1046 898 1276 962 ἔνεστιν,
1304 898 1361 950 ἐν
1392 895 1609 966 φανερῷ
1640 897 1898 966 προθείην

312 993 377 1046 τὸ
401 992 610 1045 δίκαιον
641 1007 658 1022 ο
690 991 934 1062 δοίημεν,
985 992 1061 1055 ὡς
1099 990 1524 1058 ἐδικαιολογήσω
1556 989 1684 1059 περὶ
1729 989 1898 1040 Σουα-

312 1080 458 1144 νίας,
491 1081 592 1150 τὴν
619 1080 882 1150 ἀλήθειαν
929 1079 1105 1143 οὕτως
1133 1079 1298 1152 ἐχειν.
1356 1077 1599 1149 Λαζικὴν
1632 1078 1730 1148 μὲν
1763 1079 1899 1146 ἐχει-

314 1173 606 1244 ρωσάμην,
676 1175 934 1235 Σουάνοις
991 1174 1047 1226 δὲ
1102 1173 1222 1226 οὐδὲ
1279 1172 1634 1244 προσέϐαλον,
1676 1173 1710 1242 ἣ
1763 1170 1900 1242 μόνῃ

308 1266 452 1335 ἀκοῇ
477 1264 557 1334 τῷ
582 1267 673 1318 τὸν
690 1268 1029 1336 Μερμερόην,
1045 1269 1176 1336 ἡμῖν
1200 1269 1465 1335 σημῆναι,
1505 1265 1582 1328 ὡς
1622 1266 1722 1317 οὐκ
1752 1265 1898 1317 ἐστιν

258 1417 274 1428 ο
311 1355 593 1425 ἀξιόλογος
623 1357 743 1410 οὐδὲ
777 1360 884 1427 μὴν
919 1357 1298 1427 περιμάχητος
1327 1359 1360 1427 ἡ
1390 1356 1563 1427 χώρα,
1591 1357 1714 1409 οὐδὲ
1755 1357 1899 1424 βασι-

311 1445 474 1515 λικῆς
503 1446 664 1518 ἔργον
692 1449 1074 1519 ἐκστρατείας,
1099 1448 1228 1502 ἀλλ’
1249 1447 1308 1501 ἐν
1334 1449 1570 1518 ὑπάρχει
1597 1449 1704 1500 τῶν
1726 1447 1898 1500 ἐθνῶν

307 1537 426 1593 τῶν
454 1540 582 1607 περὶ
611 1539 701 1590 τὸν
729 1539 1044 1604 Καύκασον,
1075 1540 1171 1593 καὶ
1199 1541 1274 1602 ὼς
1321 1539 1506 1609 ἔχουσι
1555 1538 1893 1608 βασιλίσκον,

312 1633 412 1687 καὶ
456 1631 531 1694 ὡς
559 1635 586 1685 ὁ
617 1632 794 1702 χῶρός
817 1635 931 1685 ἐστι
959 1633 1185 1686 Σκυθῶν
1215 1633 1470 1705 πάροδος.
1498 1633 1738 1686 Ἀπεδίω
1759 1634 1899 1702 Μερ-

322 1726 544 1796 μερόης,
577 1722 696 1778 εἶτα
729 1726 758 1776 ὁ
785 1725 1110 1796 Ναχόεργαν
1139 1726 1160 1756 ⁹
1210 1725 1418 1797 ὑπῆλθε
1465 1727 1530 1796 τῇ
1563 1725 1896 1797 στρατηγίᾳ.

322 1813 564 1888 Γέγραφε
606 1817 790 1872 τοίνυν
837 1819 970 1887 ἡμῖν
1027 1821 1121 1871 καὶ
1147 1818 1311 1882 αὐτὸς
1363 1817 1464 1871 οὐκ
1525 1817 1700 1881 άλλως
1771 1819 1899 1888 περὶ

316 1909 518 1973 αὐτῶν,
555 1910 640 1962 ὅτι
686 1909 782 1963 τοῦ
831 1910 1131 1964 Καυκάσου
1172 1909 1272 1974 τὰς
1304 1911 1614 1982 ἀκρωρείας
1663 1909 1895 1974 οἰκοῦσι,

310 1999 412 2053 καὶ
465 2000 548 2053 ὅτι
587 2001 631 2031 ¹⁰
684 2001 823 2070 δῆτα
875 2000 1094 2064 κλῶπές
1127 2018 1189 2054 τε
1219 2003 1316 2055 καὶ
1365 1999 1756 2072 λαφὸραγωγο¹ι
1783 2003 1898 2055 ικαὶ

309 2091 569 2161 χαλεπῶν
589 2093 632 2124 ¹¹
654 2093 834 2163 ἔργων
860 2094 956 2147 καὶ
972 2095 1204 2149 ἀνοσίων
1222 2095 1625 2165 καθεστήκασιν
1644 2095 1895 2166 ἐργάται.

324 2181 672 2254 Ἢσουλόμην
699 2180 792 2237 οὖν
821 2185 964 2238 κατὰ
999 2185 1150 2254 σφῶν
1185 2185 1375 2240 ἐλάσαι
1413 2188 1722 2257 στρατείαν,
1762 2189 1810 2239 oi.
1837 2187 1896 2240 δὲ

308 2275 840 2345 κατορῤωδήσαντες
899 2278 1021 2330 ἀντὶ
1070 2277 1320 2332 Σουάνων
1370 2279 1620 2346 ἐγένοντο
1665 2276 1893 2348 Πέρσαι.

322 2364 415 2429 Ὦς
447 2363 586 2420 εἶναι
609 2367 768 2437 δῆλον
793 2369 1046 2425 ἐντεῦθεν
1076 2372 1302 2440 ἀνήκειν
1327 2372 1536 2442 μοιτὴν
1563 2369 1768 2441 χώραν,
1802 2371 1897 2422 καὶ

312 2455 463 2526 ἔχειν
493 2457 594 2511 οὐκ
628 2458 923 2530 ἀρνοῦμαι.
951 2461 1062 2514 Καὶ
1099 2461 1559 2528 τοίνυν-δηλοῦσιν
1593 2461 1896 2514 ὑπακούον-

310 2566 408 2614 τες
435 2551 570 2621 ἠμῖν
599 2553 981 2622 ἁσμενέστατα
1009 2555 1086 2624 τῷ
1117 2557 1210 2608 καὶ
1236 2558 1349 2618 τοῖς
1387 2554 1593 2617 δούλοις
1631 2554 1896 2625 ἄρχεσθαι

313 2643 428 2704 τοῖς
455 2641 632 2710 ἡμῶν.
663 2642 883 2712 Ἀμέλει
921 2645 1016 2698 καὶ
1053 2643 1148 2698 τοῦ
1178 2645 1277 2715 Ζὶχ
1311 2647 1368 2698 ἐν
1398 2645 1690 2716 γράμμασι
1725 2644 1897 2714 δηλώο

315 2749 535 2798 σαντος,
573 2733 649 2796 ὡς
706 2735 968 2804 Ῥωμαῖοι
1007 2737 1268 2790 Σουανίαν
1323 2735 1641 2806 ἐπιζητοῦσι
1686 2737 1892 2802 λαϐεῖν,

311 2824 572 2878 τοσοῦτον
595 2825 880 2898 πόρρωθεν
917 2827 1104 2899 ᾠήθην
1133 2829 1276 2899 ὑμᾶς
1299 2826 1391 2880 τοῦ
1424 2827 1638 2880 δικαίου
1698 2828 1892 2898 φῆσαι,

310 2915 549 2968 καθόσον
598 2917 659 2969 οὐ
717 2916 947 2987 πλησίον
1004 2918 1271 2988 ἐγενόμην
1325 2917 1420 2971 τοῦ
1471 2916 1754 2979 πείθεσθαι
1817 2917 1894 2986 τῷ

316 3005 611 3077 παραλόγῳ
631 3007 730 3077 τῆς
752 3009 940 3078 ἀκοῆς.
966 3009 1112 3080 Πλὴν
1134 3009 1513 3081 ἡττηθήσομαι
1533 3009 1628 3062 τοῦ
1643 3006 1892 3075 δυνατοῦ,

2000 538 2183 584 servat
2211 539 2265 584 et
2289 537 2530 597 praestat.
2569 527 2930 594 Quamobrem
2965 525 3134 579 nolim
3179 527 3280 580 hoc
3327 528 3455 580 mihi
3491 530 3576 581 vi-

2003 620 2214 689 tuperio
2235 620 2375 685 dari,
2406 636 2438 672 ο
2467 620 2832 674 Romanorum
2871 617 3136 686 legate,,si
3171 632 3292 684 ego,
3320 619 3407 684 qui
3432 632 3461 670 a
3482 635 3572 671 nc-

2001 699 2146 766 miue
2163 712 2348 777 didici,
2379 712 2473 766 tibi
2512 727 2617 765 non
2646 713 3027 780 persuadeam,
3057 709 3147 778 qui
3190 709 3578 777 pltilosopltit-is

2001 804 2302 874 disciplinis
2354 806 2490 859 adeo
2537 804 2830 858 innutritus
2876 812 2932 857 et
2983 801 3220 856 imbutus
3280 802 3468 867 fueris,
3523 813 3579 854 ιιι

2001 894 2251 948 oratione
2274 893 2613 963 superiorem
2641 907 2762 948 esse
2781 892 3040 948 didiceris
3073 909 3087 946 :
3122 903 3296 948 tamen
3318 903 3578 962 quantum

2001 985 2054 1038 in
2091 999 2178 1038 me
2217 984 2342 1048 erit,
2373 983 2475 1038 etsi
2524 999 2628 1037 non
2673 981 2948 1037 luculento
2982 981 3267 1036 verborum
3322 982 3580 1043 artiﬁcio,

1999 1090 2065 1129 ex
2099 1075 2264 1128 animi
2301 1075 2406 1128 mei
2448 1075 2716 1129 sententia
2751 1074 2892 1144 quod
2933 1073 3135 1148 justum
3186 1083 3272 1128 est
3308 1089 3578 1143 promam.

2003 1169 2225 1230 Demus,
2261 1169 2326 1223 de
2374 1167 2573 1222 Suauia
2621 1179 2672 1223 te
2706 1183 2830 1222 vera
2881 1167 3110 1231 dixisse,
3156 1168 3305 1236 etita
3361 1182 3422 1222 se
3465 1183 3578 1220 rem

2002 1261 2202 1316 habere
2235 1278 2248 1314 :
2285 1273 2340 1314 at
2366 1260 2617 1316 Lazicam
2643 1260 2785 1314 bello
2813 1260 3032 1328 subegi;
3061 1259 3273 1314 Suauos
3302 1275 3577 1329 nunquam

2002 1351 2144 1407 bello
2175 1352 2400 1422 appetii.
2436 1352 2562 1407 Solo
2601 1353 2786 1408 auditu
2826 1369 2855 1404 a
2898 1351 3197 1406 Mermeroe
3239 1351 3447 1420 accepi,
3489 1353 3578 1419 qui

2002 1444 2349 1511 signiﬁcavit,
2378 1446 2652 1512 regionem
2683 1459 2786 1497 non
2819 1457 2938 1497 esse
2968 1443 3182 1510 dignam
3211 1451 3396 1496 nostra
3424 1457 3578 1507 cura,

2003 1549 2177 1603 neque
2225 1549 2325 1604 pro
2372 1549 2478 1602 qua
2539 1541 2890 1595 certaremus,
2928 1546 3101 1598 neque
3155 1545 3334 1600 regem
3390 1530 3581 1584 decere

1981 1619 2130 1679 'ltuic
2171 1633 2330 1679 terra:
2375 1625 2574 1678 bellum
2615 1622 2840 1684 inferre.
2894 1620 3052 1692 145
3083 1620 3254 1674 Sitam
3283 1636 3404 1676 esse
3440 1621 3582 1675 inter

2003 1732 2097 1772 eas
2125 1729 2336 1786 gentes,
2373 1733 2494 1786 qua:
2527 1718 2672 1772 circa
2712 1717 3010 1772 Caucasum
3043 1716 3322 1780 habitant,
3379 1717 3580 1770 habere

2004 1811 2270 1878 regulum,
2327 1821 2383 1864 et
2437 1825 2560 1864 esse
2617 1809 2906 1864 transitum
2943 1807 3292 1877 Scytharum.
3337 1808 3581 1862 Decessit

2002 1901 2369 1966 Mermeroes,
2418 1901 2956 1956 administratimtcm
3010 1901 3286 1955 exercitus
3343 1901 3584 1971 suscepit

2000 1992 2376 2063 Nacltoergau.
2441 1994 2674 2063 Scripsit
2743 1993 2830 2048 ille
2881 1993 3038 2048 nobis
3095 1994 3284 2048 eadem
3317 2011 3330 2047 :
3369 1991 3583 2048 Suanos

1995 2085 2123 2155 juga
2183 2084 2412 2141 Caucasi
2450 2086 2741 2151 habitare,
2799 2100 2922 2140 esse
2973 2084 3232 2149 latrenes,
3277 2087 3578 2154 prmdarum

2001 2178 2287 2234 abactores
2323 2187 2860 2247 etquorumcunque
2889 2177 3135 2247 gravium
3171 2187 3225 2232 et
3263 2177 3580 2232 immanium

2000 2269 2262 2323 scelerum
2323 2279 2650 2338 patratores.
2696 2269 3088 2324 Constituimus
3137 2270 3398 2324 adversus
3462 2269 3581 2324 illos

1997 2360 2298 2414 exercitum
2320 2360 2557 2426 mittere,
2575 2359 2668 2414 sed
2696 2360 2876 2416 subito
2894 2369 3037 2412 metu
3057 2359 3322 2426 compulsi
3345 2372 3412 2412 ex
3438 2356 3581 2412 Sua-

2000 2452 2084 2504 nis
2108 2450 2286 2507 Persae
2324 2451 2449 2506 iacti
2485 2461 2610 2508 sunt
2643 2469 2656 2505 :
2687 2452 2827 2505 unde
2865 2451 3000 2505 satis
3023 2462 3268 2520 apertum
3305 2460 3409 2515 est,
3437 2451 3578 2504 hanc

1999 2541 2271 2609 regionem
2306 2542 2358 2594 in
2390 2553 2574 2597 neStra
2607 2549 2876 2608 potestate
2896 2555 3038 2605 esse,
3068 2550 3122 2595 et
3142 2555 3260 2593 eam
3283 2555 3368 2593 me
3395 2551 3580 2594 tenere

1999 2636 2222 2689 minime
2246 2635 2477 2690 inlicior.
2494 2633 2909 2689 Necobscurum
2927 2644 3002 2688 est
3016 2675 3031 2699 ,
3063 2632 3181 2687 illos
3200 2631 3354 2686 nobis
3375 2632 3577 2686 lubenti

1998 2727 2183 2781 animo
2212 2738 2418 2795 parere,
2450 2735 2506 2780 et
2533 2724 2782 2780 anostris
2813 2724 2988 2780 servis
3019 2725 3153 2794 regi.
3173 2721 3458 2779 Postremo
3490 2721 3580 2777 Zi-

1997 2821 2132 2876 cltus
2152 2835 2250 2874 nos
2267 2835 2360 2889 per
2378 2819 2589 2874 litteras
2605 2819 2866 2874 certiores
2879 2817 3026 2884 fecit,
3046 2817 3320 2872 Romanos
3337 2825 3583 2886 repetere

2000 2913 2282 2978 Suaniam,
2309 2913 2366 2966 in
2394 2926 2500 2982 quo
2527 2921 2634 2966 tam
2667 2911 2826 2978 longe
2856 2926 2954 2966 vos
2981 2910 3048 2963 ab
3067 2926 3151 2975 eo,
3185 2909 3325 2978 quod
3366 2909 3573 2976 justum

1996 3015 2134 3070 erat,
2164 3004 2447 3059 discedere
2469 3003 2799 3068 existimavi,
2829 3011 3090 3072 quantum
3123 3001 3269 3056 abiui
3293 3016 3322 3054 a
3359 3001 3461 3054 ﬁde
3489 3001 3585 3054 ad-

318 3097 546 3151 καθὸσον
574 3100 816 3170 οίηθείην
863 3102 906 3132 ⁸⁸
941 3101 1311 3171 περιέσεσθαι,
1362 3092 1448 3172 μὴ
1483 3103 1616 3171 ,οὐχὶ
1645 3100 1819 3155 ταύτὰ
1847 3101 1890 3132 ’³

2000 3097 2232 3152 hibenda
2267 3095 2372 3158 bis,
2404 3110 2525 3164 qua:
2583 3095 2650 3149 ad
2708 3110 2793 3148 me
2820 3105 3010 3149 contra
3060 3094 3324 3149 rationem
3376 3091 3584 3146 defere-

319 3193 533 3260 φρονεῖν
560 3189 640 3262 τῷ
670 3191 774 3245 καθ
792 3193 806 3213 ’
831 3193 976 3263 ὑμᾶς
1015 3193 1279 3264 βασιλεῖ.»

2011 3193 2232 3245 bantur.
2289 3185 2396 3242 Sed
2426 3187 2636 3249 cedam,
2678 3195 2940 3255 quantum
2991 3185 3108 3240 ﬁeri
3154 3194 3350 3255 potest,
3400 3200 3583 3239 rerum

311 3284 655 3354 necessitati,
701 3297 1007 3354 quanquam
1056 3303 1140 3341 me
1189 3287 1456 3341 victurum
1484 3301 1607 3343 esse
1629 3301 1969 3357 speraveram
1995 3281 2284 3353 quominus
2313 3295 2342 3332 ιι
2375 3293 2500 3347 rege
2529 3286 2708 3332 vestro
2738 3277 3076 3334 dissentiam.
3119 3295 3137 3326 ι

383 3375 605 3440 Ταύτας
649 3377 922 3448 δήπουθεν
971 3378 1142 3442 αὐτάς
1189 3378 1474 3449 ἀπεκύησε
1528 3381 1626 3450 τῷι
1665 3380 1742 3449 νῷ
1793 3381 1895 3444 τὰς

310 3468 525 3531 ἐννοίας
564 3470 594 3522 ὁ
620 3469 847 3540 Περσῶν
877 3469 1153 3540 βασιλεὺς,
1189 3481 1194 3486 “
1221 3472 1316 3523 καὶ
1345 3471 1404 3524 ἐν
1429 3471 1640 3536 τούτοις
1682 3473 1710 3524 ὁ
1738 3471 1896 3538 λόγος

309 3559 589 3613 ἐπέπαυτο
605 3559 739 3630 πρὸς
765 3559 938 3630 βραχὺ
963 3561 1094 3630 περὶ
1112 3561 1375 3623 Σουανίας
1399 3561 1570 3632 αὐτῷ.
1587 3561 1692 3615 Καὶ
1717 3557 1891 3626 αὖθις,

307 3650 506 3722 ὥσπερ
527 3653 585 3704 ἐν
620 3652 986 3723 μεταξυλογίᾳ
1009 3652 1138 3718 τινὶ,
1169 3654 1300 3723 περὶ
1337 3654 1402 3706 Ἀ
1414 3654 1586 3724 μϐρου
1610 3654 1702 3706 τοῦ
1739 3654 1897 3706 Ἀλα-

311 3742 620 3813 μουνδάρου
677 3742 774 3797 τοῦ
818 3744 1140 3813 Σαρακηνοῦ
1195 3744 1543 3815 διελεγέσθην
1580 3745 1768 3815 ἄμφω,
1799 3743 1893 3798 τοῦ

311 3833 585 3902 βασιλέως
615 3833 759 3888 οὕτω
818 3853 935 3899 πως
993 3836 1303 3907 ἀρξαμένου
1346 3878 1360 3892 .
1409 3857 1426 3888 ι
1497 3839 1525 3891 ὁ
1565 3837 1702 3891 καθ’
1746 3839 1896 3908 ἡμᾶς

311 3926 382 3975 Ἀ
393 3925 467 3994 μϐ
475 3941 562 3994 ρος
580 3927 610 3979 ὁ
624 3926 940 3998 Σαρακηνὺς
953 3929 1051 3998 οὐχ
1070 3927 1269 3999 ἦκιστα
1284 3930 1657 4000 ἐπιμέμφεται
1673 3931 1750 4000 τῷ
1773 3930 1890 3999 Ζὶχ,

308 4017 408 4069 καὶ
439 4018 713 4090 καταδοὴν
747 4017 793 4050 ³⁸
849 4023 1144 4093 πεποίηται
1193 4022 1418 4092 τάνδρὸς
1450 4024 1550 4077 οὐκ
1580 4023 1892 4093 ἐλαχίστην,

306 4108 411 4162 an
438 4109 597 4163 οὐδέν
627 4127 682 4163 τι
703 4111 998 4182 «neque;
1025 4130 1089 4181 γε
1117 4113 1302 4178 αὐτὸν,
1329 4115 1494 4185 ἡνίκα
1525 4114 1895 4185 ἐσπενδόμεθα

308 4200 388 4263 ὡς
435 4200 604 4269 ὑμᾶς.
640 4220 660 4254 ι
687 4205 801 4257 Καὶ
829 4205 858 4257 ὀ
887 4205 1118 4275 Πέτρος,
1151 4224 1171 4257 ι
1214 4205 1305 4258 Ἐν
1337 4207 1512 4260 οὐδενὶ
1559 4207 1735 4278 χρόνῳ
1778 4207 1894 4261 πώ-

312 4310 469 4360 ποτε,
527 4295 656 4364 εφη,
709 4299 874 4368 ῥητόν
928 4315 981 4351 τι
1023 4299 1250 4369 χρυσίον
1293 4299 1618 4368 ἐκομίσαντο
1655 4302 1719 4352 ἐκ
1757 4301 1892 4353 Ῥω-

313 4386 577 4455 μαίωνοί
606 4387 744 4441 καθ’
764 4389 918 4457 ὑμᾶς
943 4389 987 4420 ³⁵
1021 4391 1353 4459 Σαρακηνοὶ,
1388 4389 1511 4443 οὔτε
1541 4391 1646 4461 μὴν
1677 4391 1894 4462 ἀνάγκῃ

304 4479 436 4542 τινὶ,
471 4477 596 4533 οὔτε
628 4479 754 4533 καθ’
782 4480 1077 4550 ὁμολογίαν
1103 4481 1228 4535 τινά
1263 4499 1278 4516 ο
1320 4482 1458 4537 ἀλλὰ
1483 4483 1621 4553 δῆτα
1650 4486 1677 4536 ὁ
1709 4484 1892 4555 πατὴρ

310 4570 566 4638 Ἀμὸρου
608 4569 1042 4644 Ἀλαμούνδαρος
1080 4571 1294 4626 ἔστελλε
1318 4573 1467 4643 δῶρα
1493 4573 1570 4643 τῷ
1607 4573 1892 4643 Ῥωμαίων

2070 3373 2182 3427 Has
2232 3372 2400 3442 igitur
2444 3368 2804 3438 cogitationes
2849 3385 2879 3423 e
2923 3377 3108 3422 mente
3137 3383 3234 3422 sua
3267 3369 3451 3423 eﬂ'udit
3489 3387 3581 3425 rex

2000 3464 2295 3519 Persarum
2342 3475 2357 3514 :
2412 3469 2468 3514 et
2501 3470 2612 3513 tum
2659 3459 2878 3527 paulum
2913 3458 3124 3526 quievit
3161 3461 3486 3529 disceptatio
3519 3467 3583 3516 de

1999 3554 2230 3609 Suauiu.
2262 3551 2382 3605 Mox
2405 3558 2608 3613 autem,
2647 3549 2808 3602 veluti
2837 3550 3014 3603 medio
3047 3551 3280 3617 quodam
3312 3551 3584 3620 colloquio

1999 3662 2184 3701 rursus
2237 3647 2302 3699 de
2349 3645 2553 3698 Ambro
2601 3643 2876 3697 Saraceno
2927 3643 3066 3696 inter
3098 3656 3193 3697 eos
3239 3655 3462 3698 exortus
3503 3657 3585 3698 est

1998 3753 2196 3794 sermo.
2229 3736 2341 3791 Rex
2367 3736 2446 3790 sic
2468 3735 2670 3805 inci-pit
2702 3753 2716 3787 :
2744 3750 2763 3784 ι
2785 3733 2886 3798 Qui
2916 3731 3054 3801 apud
3079 3748 3174 3786 nos
3199 3745 3283 3787 est
3321 3735 3580 3796 Alttbrus,

1999 3828 2349 3884 Alamundari
2398 3825 2566 3891 ﬁlius,
2622 3825 2955 3888 Saracenos,
3015 3839 3122 3878 non
3164 3840 3355 3893 parum
3414 3826 3583 3879 Zicltt)

2000 3929 2308 3984 succenset,
2344 3933 2523 3987 neque
2551 3931 2774 3986 parvam
2805 3915 3082 3984 querelam
3113 3919 3180 3971 de
3210 3931 3275 3970 eo
3321 3916 3580 3980 iuStituit,

1997 4017 2140 4087 quod
2187 4016 2332 4071 illius
2378 4013 2682 4068 rationibus
2729 4010 3056 4073 consulere,
3119 4025 3240 4064 cum
3294 4010 3433 4064 inter
3483 4029 3615 4064 nos.

1997 4124 2184 4180 pacem
2220 4108 2366 4172 fecit,
2401 4105 2775 4174 prastcrmisit.
2817 4122 2834 4154 ι
2874 4102 2941 4156 Ει
2969 4101 3188 4167 Petrus,
3229 4119 3248 4154 ι
3287 4100 3445 4157 Nullo
3477 4118 3579 4157 un-

1997 4216 2160 4270 quam
2217 4211 2479 4268 tempore,
2531 4197 2729 4266 inquit,
2790 4195 3070 4261 Saraceni,
3134 4194 3227 4263 qui
3283 4194 3424 4264 apud
3487 4211 3581 4249 vos

1997 4303 2144 4354 sunt,
2177 4301 2380 4346 certam
2410 4289 2527 4342 auri
2561 4303 2830 4344 sum-tuam
2856 4303 2886 4340 a
2922 4287 3178 4341 Romanis
3206 4285 3575 4340 abstulerunt.

1997 4383 2110 4438 Nec
2154 4384 2297 4438 enim
2341 4383 2392 4436 id
2429 4392 2736 4436 nostrarum
2771 4394 2950 4434 rerum
2999 4380 3298 4432 necessitas
3341 4393 3575 4446 unquam

1995 4477 2307 4547 postulavit,
2341 4490 2519 4544 neque
2554 4473 2714 4528 nobis
2761 4487 2884 4525 cum
2927 4472 3011 4524 his
3045 4471 3343 4539 quidquam
3373 4488 3574 4526 convv-

1999 4580 2172 4624 nerat.
2213 4568 2318 4623 Sed
2356 4555 2508 4636 pater
2540 4565 2749 4626 Λωίδι-ἱ,
2786 4562 3215 4629 Alamundarus,
3257 4563 3408 4617 misit
3433 4565 3574 4619 dona

303 4660 695 4731 αὐτοκράτορι,
751 4662 848 4716 καὶ
902 4663 931 4715 ὃ
968 4679 1033 4730 γε
1073 4662 1364 4732 δεχόμενος
1412 4664 1777 4734 άντεδωρεῖτό
1817 4681 1882 4732 γε

1999 4663 2060 4715 ad
2094 4657 2458 4714 Romanorum
2491 4659 2909 4726 imperatorem:
2935 4654 2982 4708 is
3011 4669 3138 4708 cum
3168 4665 3230 4708 ea
3250 4655 3574 4725 accepisset,

302 4751 491 4807 αὐτόν.
525 4752 704 4821 Ὅπερ
721 4753 807 4820 ἐφ’
842 4753 1059 4825 ἑκάστῳ
1076 4754 1310 4824 ἐνιαυτῷ
1329 4755 1390 4808 τδ
1417 4755 1621 4808 τοιόνδε
1643 4756 1890 4824 ἐγίγνετο

301 4843 586 4913 οὐδαμῶς,
612 4843 730 4897 ἀλλ’
772 4843 918 4900 ἐστιν
967 4847 1057 4899 ὅτε
1110 4846 1202 4898 καὶ
1253 4846 1414 4899 πέντε
1473 4848 1889 4917 παρῳχημένων

303 4935 466 4989 ἐτῶν.
499 4935 671 4990 Τοῦτο
711 4936 844 5006 γοῦν
882 4935 1116 5008 διεσώθη
1145 4954 1206 4989 τε
1241 4937 1335 4990 καὶ
1374 4937 1698 5008 διεφυλάχθη
1731 4939 1889 4990 ’Ᾱλα-

304 5025 596 5096 μουνὸάρῳ
644 5041 704 5078 τε
735 5027 828 5078 καὶ
877 5027 1008 5095 ἡμῖν
1068 5025 1161 5078 ἐπὶ
1187 5027 1377 5096 χρόνον
1431 5028 1630 5096 ἥκιστα
1684 5027 1885 5095 ὀλίγον.

313 5116 706 5180 Ἐξεπίσταται
725 5116 781 5170 δὲ
807 5116 868 5169 τὸ
888 5119 1155 5187 κρεῖττον,
1177 5117 1262 5170 δτι
1289 5118 1408 5187 οὐχὶ
1435 5119 1569 5187 δῆτα
1601 5119 1887 5188 ἐρῤωμένα

302 5209 522 5280 φρονῶν
569 5211 629 5273 ἐς
677 5209 893 5279 Πέρσας
930 5210 1000 5264 τά
1038 5209 1216 5264 τοιάδε
1273 5208 1548 5279 ἔπρασσεν
1590 5209 1886 5278 Ἀλαμούν-

299 5302 485 5375 ὃαρος.
552 5301 860 5373 Τοιγαροῦν
910 5301 1298 5366 διεὸεόαιοῦτο,
1334 5302 1431 5367 ὡς,
1488 5303 1536 5354 εί
1582 5303 1675 5353 καὶ
1726 5303 1885 5371 ὑμεῖς

1999 4750 2237 4805 vicissim
2289 4762 2414 4804 eum
2449 4748 2608 4803 donis
2654 4757 2742 4802 est
2767 4754 3170 4813 remuneratus,
3213 4747 3359 4815 quod
3396 4757 3576 4803 tamen

2000 4857 2323 4912 unoquoque
2372 4855 2514 4894 anno
2556 4854 2898 4909 nequaquam
2960 4839 3160 4892 factum
3194 4848 3296 4904 est,
3337 4841 3429 4894 sed
3474 4844 3577 4894 ali-

2000 4936 2218 5004 quando
2247 4933 2624 5004 interpositum
2648 4940 2729 4987 est
2757 4931 2993 5000 spatium
3033 4931 3416 5001 quinquennii.
3463 4933 3575 4987 lloc

2003 5027 2164 5096 igitur
2187 5026 2332 5080 inter
2361 5026 2786 5079 Alamundarum
2816 5031 2869 5078 et
2912 5031 3014 5079 nos
3041 5036 3358 5091 usurpatum
3387 5035 3442 5078 et
3474 5030 3574 5079 oi:-

1998 5126 2272 5172 scrvatum
2301 5127 2384 5171 est
2417 5131 2522 5170 non
2552 5116 2701 5170 brevi
2749 5126 3009 5186 tempore.
3041 5117 3184 5172 Deus
3220 5128 3398 5171 autem
3425 5121 3573 5171 novit

1998 5209 2421 5262 Alamumlarum
2453 5212 2553 5262 hoc
2594 5207 2804 5269 fecisse,
2851 5225 2976 5264 cum
3010 5214 3169 5266 rebus
3194 5211 3430 5266 Persicis
3467 5215 3570 5263 mi—

1997 5300 2141 5354 nime
2197 5301 2457 5356 studeret.
2514 5299 2852 5356 Conventum
2907 5304 3052 5359 enim
3101 5303 3218 5366 fuit,
3269 5305 3314 5357 si
3371 5301 3569 5354 bellum

1599 5455 1832 5510 VARIAS
1868 5453 2161 5512 LECTION

306 5662 326 5693 .
358 5590 412 5693 ,ἴ
439 5600 503 5693 σὲ
528 5598 658 5693 29:!-
671 5597 2007 5693 ἕο-.,1τ,εεἰξιιιένον,ἕ;,τε,θ,ρ.οιιιξέιιῖ..ιυέεοω
2034 5591 2114 5693 Li

353 5673 404 5722 εί
429 5669 506 5740 μὴ
526 5673 640 5732 τοῖς
668 5670 738 5723 H.
762 5669 878 5738 εἰμὶ
897 5673 1010 5731 τοῖς
1031 5668 1176 5740 vulg.
1254 5672 1274 5703 ³
1296 5670 1628 5740 Ναχοραγὰν
1660 5668 1923 5739 Agathiae.
1965 5670 2007 5700 ¹⁰
2038 5668 2166 5738 ἢῧτ

353 5743 456 5810 ῖίην
482 5742 631 5808 vulg.
712 5739 754 5772 ³³
778 5739 946 5792 ταῦτα
966 5741 1113 5808 vnlg.
1193 5741 1236 5772 "
1267 5739 1538 5810 καταϐοὴν
1565 5739 1648 5804 Β.,
1681 5739 1988 5810 καταϐολὴν
2033 5741 2174 5809 vulg.

307 5739 456 5810 θείην
482 5742 631 5808 vulg.
712 5739 754 5772 ³³
778 5739 946 5792 ταῦτα
966 5741 1113 5808 vulg.

505 5835 777 5893 ΡΑτιιοι.
825 5833 942 5894 tia.
992 5831 1216 5897 CXI”.

2087 5591 2560 5678 ﬁtﬁtsiva‘t-N".
2584 5594 2910 5678 siqepfivat
2942 5597 3119 5678 vulg“
3158 5591 3302 5678 ᾗπερ
3333 5593 3563 5678 sitiet}!-

2109 5669 2191 5721 ὅτι
2227 5667 2297 5740 Η.
2345 5739 2351 5740 7
2399 5667 2444 5740 ’7‘,
2472 5667 2724 5740 χαλεπῶν
2744 5668 2841 5730 -II.,
2869 5667 3122 5738 χαλεπῶς
3156 5667 3304 5740 vulg.
3385 5667 3426 5698 ¹²
3456 5667 3570 5740 (ξπ,-

2256 5739 2299 5769 ”
2332 5739 2482 5806 ἡμᾶς
2513 5738 2647 5807 vulg.

3180 5830 3258 5891 28
