4076 6468
499 356 622 417 875

1341 343 1741 408 EXCERPTA
1777 341 1876 402 EX
1912 338 2337 402 MENANDRO
2374 337 2871 399 PROTECTORE

3676 337 3783 404 816

515 473 702 519 contra
729 476 830 518 nos
869 461 1168 526 moveritis,
1199 467 1257 513 ut
1281 459 1626 514 Alanmudari
1657 460 1804 515 ensis
1833 459 2094 512 adversus

2201 450 2433 519 πόλεμον
2487 451 2757 519 κινήσοιτε
2815 449 2940 502 καθ’
2991 447 3190 519 ἡμῶν,
3246 447 3668 522 ’Ᾱλαμουνδαρῳ
3718 466 3786 520 γε

517 556 904 626 rempublicam
979 554 1278 608 Romanam
1346 553 1650 620 quiesceret
1717 560 1772 607 et
1819 551 1886 606 ab
1948 551 2094 605 omni

517 649 706 704 bellico
762 661 926 717 Opere
984 646 1237 700 immunis
1289 654 1453 698 esset.
1515 643 1639 697 llu'c
1695 643 1858 713 igitur
1913 641 2095 709 aliquo

518 749 762 806 tempore
811 737 1094 790 durarunt.
1146 731 1300 787 Nunc
1350 747 1478 785 vero
1519 731 1691 786 lratcr
1743 741 1886 792 tuus.
1945 743 2095 784 mens

517 830 788 892 dominus,
827 843 858 880 ο
889 842 1004 889 rex,
1038 827 1354 896 prudenter,
1386 825 1601 894 opinor,
1639 825 1691 878 iu
1745 823 1985 877 animum
2012 823 2092 876 iu-

519 922 670 974 duxit
703 935 881 985 suum,
912 926 966 972 et
998 918 1072 970 ait
1110 933 1124 970 :
1167 917 1222 970 Si
1266 929 1452 986 pacem
1495 915 1598 971 ista
1644 915 1751 970 duo
1791 929 1963 984 regna
1999 912 2095 968 ob-

519 1019 751 1070 servent,
777 1007 905 1078 quid
929 1007 1057 1062 mihi
1089 1021 1250 1076 porro
1277 1005 1539 1075 proderit,
1563 1005 1810 1061 subditos
1831 1015 1882 1060 et
1909 1018 2095 1059 servos

517 1100 802 1155 Persarum
831 1099 1146 1165 sollicitare,
1172 1107 1230 1152 ut
1254 1089 1503 1154 dominos
1518 1113 1642 1154 suos
1662 1099 1908 1167 prodant,
1938 1095 2097 1168 146

517 1201 566 1245 et
616 1192 906 1259 quidquam
957 1189 1061 1246 illis
1115 1189 1459 1259 largiri,.aut
1497 1191 1564 1244 ab
1601 1189 1706 1244 illis
1743 1190 2029 1260 accipere?
2069 1208 2088 1242 ι

521 1300 542 1335 ι
589 1281 646 1336 Si
685 1293 810 1336 ante
841 1297 1049 1350 pacem,
1083 1281 1366 1352 respondit
1391 1296 1505 1345 rex,
1541 1292 1729 1336 mutuo
1765 1281 1944 1335 missa:
1969 1290 2094 1334 sunt

515 1371 830 1443 legationes,
871 1379 924 1427 et
973 1387 1069 1427 vos
1121 1373 1352 1427 invicem
1387 1371 1545 1427 donis
1591 1372 1766 1426 amice
1821 1371 2088 1435 coluistis,

516 1465 770 1519 existimo
802 1463 1054 1518 inviolata
1090 1472 1143 1518 et
1175 1462 1342 1518 illaesa
1379 1477 1699 1533 permanere
1728 1461 1945 1526 debere,
1971 1476 2092 1530 qua:

519 1556 661 1607 inter
717 1567 814 1606 vos
851 1562 975 1605 sunt
1027 1551 1174 1622 prius
1229 1551 1546 1606 constituta.
1581 1570 1600 1603 ι
1647 1548 1740 1604 Hls
1793 1550 1960 1619 igitur
1985 1563 2093 1619 quo

517 1660 670 1698 suam
711 1645 940 1712 quisque
981 1657 1202 1696 causam
1236 1641 1305 1695 de
1352 1641 1555 1694 Ambro
1614 1648 1876 1703 tueretur,
1930 1653 2094 1708 argu-

520 1735 718 1788 mentis
752 1735 831 1787 usi
867 1742 994 1787 sunt
1027 1750 1042 1788 :
1077 1733 1274 1787 deinde
1307 1746 1497 1787 rursus
1537 1731 1677 1785 inter
1707 1745 1765 1786 se
1791 1732 1858 1785 de
1891 1729 2091 1784 Suania

2199 539 2484 610 ἀπρακτὸς
2528 556 2586 592 τε
2630 540 2724 593 καὶ
2755 539 3117 609 ἀνενέργητος
3153 539 3306 593 ἔσται
3343 542 3376 610 ἠ
3413 540 3660 612 μάχαιρα
3684 543 3788 613 τῆς

2208 627 2498 698 Ῥωμαίων
2524 627 2678 682 ἕκατι
2706 629 2980 691 πολιτείας
3025 627 3208 682 Ταῦτα
3236 628 3336 698 μὶν
3359 625 3453 683 οὖν
3481 632 3573 683 ὲπί
3592 649 3716 684 τινα
3741 632 3789 663 ³⁸

2196 719 2409 788 διέμενε
2434 720 2646 790 χρόνον.
2679 721 2795 774 Νῦν
2817 723 2873 774 δὲ
2909 723 2936 774 6
2986 720 3077 783 σὸς
3109 721 3210 789 μὲν
3239 720 3488 790 ἀδελφὸς,
3512 723 3788 792 δεσπότης

2195 809 2252 862 δὲ
2274 809 2424 879 έμδς,
2444 810 2598 863 ἔθετο
2645 812 2702 864 ὲν
2726 809 2803 881 νῷ
2829 810 3248 880 ἐμφρονέστατα
3275 805 3449 880 οἶμαι,
3466 805 3512 864 ὦ
3536 812 3784 882 βασιλεῦ,

2197 897 2301 969 ἔφη
2333 914 2394 951 τε
2425 905 2442 963 ’,
2477 897 2573 962 ὡς,
2609 899 2658 950 εί
2715 897 2948 968 βεϐαίως
2995 898 3107 967 ἔχει
3161 898 3230 950 τὰ
3279 898 3650 969 πολιτεύματα
3685 899 3788 970 τὴν

2195 989 2442 1058 εἰρήνην,
2479 987 2532 1041 τί
2565 988 2766 1058 δήποτε
2799 987 2906 1058 ἀρα
2957 988 3304 1058 λυσιτελήσει
3335 1007 3425 1058 μοι
3455 989 3550 1043 τοῦ
3594 989 3785 1044 λοιποῦ

2197 1079 2462 1150 ὑπηκόοις
2515 1095 2576 1133 τε
2611 1081 2704 1134 καὶ
2747 1079 2958 1144 δούλοις
2998 1081 3478 1152 προσφθέγγεσοαι
3533 1082 3787 1150 Περσῶν,

2195 1170 2271 1234 ὡς
2291 1171 2356 1225 ἂν
2373 1173 2766 1243 καταπρόοιντο
2791 1173 2835 1205 ⁸⁷
2861 1172 2970 1226 τῶν
2994 1175 3349 1244 κεκτημένων
3364 1174 3433 1228 τὰ
3457 1175 3788 1245 πράγματα,

2196 1262 2364 1333 ήγουν
2398 1263 2644 1336 πορίζειν
2667 1282 2718 1318 τι
2745 1265 2930 1328 αὑτοῖς
2953 1264 2988 1334 ἢ
3015 1265 3333 1336 πορίζεσθαι
3365 1266 3517 1338 παρά
3547 1267 3724 1336 σφῶνς
3763 1284 3783 1318 ι

2201 1371 2222 1404 ι
2254 1355 2318 1407 Εί
2347 1355 2455 1424 πρὸ
2477 1355 2575 1424 τῆς
2613 1356 2856 1426 εἰρήνης,
2894 1373 2913 1406 ι
2953 1354 3137 1422 ἔλεξεν
3169 1360 3196 1410 6
3223 1357 3501 1426 βασιλεὺς,
3529 1358 3779 1423 ,.ὲκειτέ-

2200 1445 2370 1516 ρωθεν
2415 1446 2726 1500 ἐστέλλοντο
2754 1437 3050 1518 ’πρεσϐεῖαι
3083 1449 3176 1502 καὶ
3231 1448 3540 1518 ἀμοιϐαίοις
3599 1431 3826 1516 έφι>.ο-’

2198 1536 2489 1607 φρονεῖσθε
2537 1537 2731 1609 δώροις
2776 1537 3060 1608 ἀλλήλους,
3101 1538 3302 1610 χρῆναι
3355 1537 3510 1610 οἶμαι
3557 1539 3782 1610 ἄτρωτα

2196 1621 2334 1680 εἶναι
2371 1627 2441 1682 τά
2474 1628 2574 1682 ὅσα
2624 1629 2889 1700 ἰστέρχοη
2935 1630 3042 1701 πρὸ
3069 1631 3185 1685 τοῦ.
3218 1649 3236 1683 ι
3277 1631 3517 1694 Ταύταις
3561 1631 3662 1702 μὲν
3691 1631 3788 1686 οὖν

2196 1718 2387 1782 αὑταῖς
2433 1721 2684 1791 καὶπερὶ
2735 1721 2987 1793 ’Λμὸρου
3031 1724 3152 1785 ταῖς
3197 1722 3588 1791 δικαιολογίαις
3615 1723 3788 1793 ἐχρη-

520 1825 934 1888 ι’(ιιιῑοιιιίεῐύηῑ,
968 1834 1023 1879 et
1058 1839 1151 1878 rex
1183 1823 1362 1878 dixit:
1399 1841 1418 1874 ι
1453 1821 1588 1876 Cum
1621 1825 1879 1892 occupavi
1926 1822 2096 1877 Scen-

2201 1811 2428 1882 σάσθην,
2453 1811 2548 1864 καὶ
2576 1787 2734 1876 αὑθις
2751 1787 3158 1882 ἀντελογίζοντο
3185 1814 3316 1886 περὶ
3338 1787 3618 1878 Σουανίας.
3728 1787 3790 1866 δὲ

522 1921 615 1974 des
645 1962 659 1982 ,
723 1919 926 1989 Serapa
983 1927 1036 1972 et
1094 1918 1391 1985 Lazicam,
1438 1927 1548 1973 tum
1594 1918 1692 1988 ipsi
1742 1917 1948 1986 negatis
1999 1932 2098 1972 nos

523 2012 777 2064 Suaniuttt
859 2024 1074 2079 quoque
1142 2009 1242 2064 sub
1312 2017 1498 2062 nostra
1563 2006 1766 2061 ditione
1820 2007 2094 2062 habuisse.

525 2102 599 2156 Es
649 2118 754 2172 quo
803 2112 1047 2170 apparet,
1099 2115 1219 2155 eam
1265 2114 1539 2170 nunquam
1591 2099 1888 2166 subjectum
1933 2097 2099 2152 fuisse

525 2195 702 2248 Lazis.
741 2193 796 2248 Si
829 2194 971 2248 cnim
1005 2195 1078 2248 ita
1109 2207 1169 2248 se
1195 2207 1281 2248 res
1301 2190 1602 2257 habuisset,
1635 2205 1738 2245 una
1763 2204 1884 2244 cum
1918 2189 2095 2255 Lazis,

520 2289 723 2357 quippe
772 2287 862 2356 qui
921 2285 1206 2356 imperium
1253 2284 1372 2352 ejus
1433 2289 1702 2350 tenerent,
1749 2282 1805 2336 in
1853 2293 2095 2337 nostram

523 2389 844 2449 potestatem
893 2378 1150 2432 venisset.
1214 2394 1234 2429 ι
1285 2375 1478 2430 Petrus
1519 2384 1709 2431 contra
1764 2375 2092 2443 respondit:

526 2487 547 2520 ι
593 2470 705 2523 Hoc
728 2470 937 2525 factum
979 2484 1084 2524 non
1129 2474 1233 2532 est,
1263 2465 1387 2537 quia
1416 2465 1585 2521 Suaui
1612 2480 1642 2520 a
1673 2465 1827 2520 nobis
1858 2479 1962 2518 non
2005 2464 2098 2519 de-

520 2561 808 2624 fecerunt,
867 2558 1327 2628 quemadmodum
1383 2556 1551 2623 Lazi,
1611 2557 1808 2626 quibus
1871 2548 2094 2622 subjecti

519 2662 697 2706 mut.
723 2651 840 2705 Hoc
871 2652 1034 2720 igitur
1065 2649 1294 2712 allirmo,
1334 2662 1520 2703 servos
1556 2661 1835 2702 servorum
1882 2655 2096 2700 nostro--

523 2760 642 2796 rum
663 2731 938 2812 nunquam
967 2759 992 2792 a
1019 2741 1176 2796 nobis
1197 2739 1513 2795 descivisse.
1550 2758 1569 2792 ι
1599 2738 1669 2792 At
1695 2753 1795 2793 rex
1822 2755 1837 2793 :
1877 2755 1896 2790 ι
1927 2735 2097 2791 Hodie

523 2835 900 2902 prmtcrieruut
929 2834 1116 2886 decem
1147 2827 1385 2896 anni,ex
1411 2845 1528 2901 quo
1577 2831 1836 2886 Suaniam
1867 2844 2096 2899 occupa-

525 2931 721 2977 vimus.
774 2923 1002 2991 Legatos
1049 2923 1246 2992 szepius
1293 2937 1323 2976 a
1373 2923 1530 2978 vobis
1573 2921 1908 2990 excepimus,
1937 2931 1991 2974 et
2029 2921 2095 2974 ad

525 3032 622 3069 vos
653 3015 917 3068 misimus.
963 3014 1072 3068 Cur
1100 3014 1320 3067 tandem
1357 3013 1557 3068 nullam
1593 3027 1833 3082 unquam
1861 3011 2094 3066 mentio-

2202 1904 2456 1975 βασιλεὺς
2492 1900 2680 1959 εἶπεν·
2723 1924 2742 1957 ι
2793 1905 3067 1975 Ὀπηνίκα
3116 1904 3292 1974 ἔγωγε
3347 1908 3790 1975 παρεπησάμην

2201 1997 2449 2061 Σκένδεις
2478 2014 2538 2050 τε
2557 1998 2652 2051 καὶ
2684 1997 2917 2068 Σάραπα
2944 1998 3040 2052 καὶ
3067 1998 3332 2070 Λαζικὴν,
3359 1999 3518 2068 ὑμεῖς
3547 1999 3607 2050 οὑ
3646 2014 3786 2066 φατε

2200 2088 2282 2141 δτι
2318 2089 2362 2121 ¹⁸
2389 2088 2692 2160 τηνικαῦτα
2722 2089 2984 2144 Σουανίαν
3012 2091 3070 2143 ὲν
3100 2089 3357 2158 ὑπηκόων
3378 2088 3552 2158 εἴχετε
3594 2087 3787 2160 μοίρᾳ.

2202 2180 2436 2234 Εὔδηλον
2468 2181 2561 2237 οὖν
2587 2181 2856 2244 ἐντεῦθεν,
2905 2181 2982 2245 ὡς
3029 2181 3131 2235 οὑκ
3171 2181 3466 2251 ἐτύγχανον
3497 2184 3646 2246 ὅντες
3681 2181 3790 2234 ὑπὸ

2199 2275 2432 2339 Λαζοὺς.
2459 2270 2538 2328 Ἦ
2581 2275 2692 2346 γὰρ
2707 2276 2778 2329 ἂν
2821 2275 2865 2308 ¹⁹
2900 2274 2994 2328 καὶ
3022 2273 3177 2328 αὐτοὶ
3212 2274 3307 2340 ξὺν
3339 2275 3455 2337 τοῖς
3489 2273 3789 2339 κρατοῦσιν

2200 2370 2332 2440 ἡμῖν
2391 2367 2812 2439 προεχώρησαν.
2849 2387 2868 2420 ι
2920 2367 2980 2422 '0
3014 2367 3241 2437 ¹Πέτρος
3289 2365 3393 2438 ἐφη
3441 2349 3785 2437 ’ἀμοιϐαδόψ

2207 2473 2226 2508 ι
2258 2455 2417 2510 τοῦτο
2471 2456 2530 2509 ού
2559 2456 2806 2523 γέγονεν,
2841 2455 2966 2508 ἐπεὶ
3023 2456 3051 2507 6
3098 2455 3332 2518 Σουάνος
3393 2454 3497 2508 οὑκ
3545 2455 3787 2524 ἀπέστη,

2200 2547 2344 2602 καθὰ
2387 2547 2655 2618 δήπουθεν
2694 2541 2754 2602 οὗ
2806 2547 2852 2578 ⁸⁰
2901 2544 3086 2608 δοῦλος
3127 2541 3196 2615 ἦν
3226 2546 3255 2600 6
3294 2544 3492 2619 Δαζός.
3529 2547 3678 2616 Φημὶ
3701 2546 3786 2613 δὲ,

2198 2639 2274 2704 ὡς
2320 2640 2413 2693 τοῦ
2447 2640 2581 2693 καθ’
2609 2641 2756 2711 ἡμᾶς
2785 2639 2972 2693 δούλου
3005 2641 3034 2692 6
3066 2637 3254 2702 δοῦλος
3283 2638 3588 2709 ἀφηνίασεν
3618 2639 3786 2693 οὐδα-

2202 2728 2341 2798 μῶς.
2376 2729 2689 2800 «Τήμερον,
2728 2745 2749 2779 ι
2774 2721 2928 2780 εἶπεν
2959 2727 3000 2758 ’⁸
3029 2727 3060 2778 6
3102 2724 3392 2804 βασιλεὺς,
3441 2744 3461 2777 ι
3503 2726 3637 2779 δέκα
3680 2727 3785 2798 ήδη

2199 2820 2593 2890 παρῳχήκαοιν
2640 2819 2914 2882 ἐνιαυτοὶ,
2969 2817 3031 2884 ἐξ
3087 2811 3149 2870 οὑ
3183 2817 3447 2872 Σουανίαν
3484 2817 3544 2870 ὲν
3577 2822 3787 2890 κατοχῇ

2199 2914 2538 2985 ἐποιήσαμεν
2566 2927 2580 2942 ’
2619 2910 2876 2982 πρέσϐεις
2924 2909 3187 2974 πολλάκις
3251 2909 3552 2980 ἐδεξάμεΘά
3597 2926 3670 2980 τεκ
3691 2911 3792 2964 καὶ

2199 3004 2594 3074 ἐξεπέμψαμεν
2621 3004 2698 3068 ὡς
2735 3002 3042 3073 Ῥωμαίους
3070 3019 3086 3035 ο
3117 3001 3214 3056 καὶ
3234 3002 3288 3056 τί
3311 3001 3447 3072 δῆτα
3486 3003 3545 3066 ἐξ
3570 3003 3788 3057 ἐκείνου

527 3121 647 3159 nem
681 3109 746 3158 de
768 3105 966 3158 Suania
997 3103 1238 3159 fecistis?
1261 3122 1280 3156 ι
1304 3132 1376 3144 -—
1401 3121 1420 3154 ι
1458 3102 1615 3170 Quia,
1641 3102 1829 3158 Petrus
1860 3101 1956 3167 ait,
1988 3099 2094 3154 La-

2201 3096 2289 3152 τὸν
2313 3096 2589 3152 ὁντιναοῦν
2606 3097 2669 3151 οὑ
2693 3098 3022 3167 κεκινήκατε
3051 3095 3211 3165 λόγον
3229 3095 3388 3150 ἕνεκα
3411 3095 3677 3160 Σουανίας
3704 3113 3718 3162 ;
3761 3115 3783 3148 s

527 3196 670 3250 zicus
701 3193 998 3247 dominium
1045 3207 1167 3247 eras
1195 3194 1438 3260 adeptus.
1491 3191 1700 3246 Etenim
1745 3191 1790 3248 si
1833 3200 1886 3246 te
1923 3191 2094 3245 adiis-

2201 3219 2266 3232 -
2289 3209 2308 3244 ι
2331 3191 2549 3262 Ἐπειδὴ
2575 3190 2896 3262 τηνικαῦτα,
2919 3189 3139 3256 έλεξενδ
3167 3189 3393 3261 Πέτρος,
3424 3190 3518 3244 καὶ
3539 3189 3792 3260 Δαζικῆς

528 3305 660 3353 μνη»,
697 3297 753 3340 ιιι
785 3287 913 3339 mihi
943 3286 1205 3342 Suaniam
1230 3286 1476 3350 cederes,
1515 3299 1759 3350 causam,
1797 3299 1896 3340 cur
1925 3284 1978 3339 id
2019 3282 2098 3338 fa-

527 3396 678 3435 .cres
703 3419 719 3444 ,
765 3380 1192 3450 interrogasses';
1227 3394 1388 3449 quam
1439 3377 1482 3432 si
1513 3377 1860 3433 reddidissem
1903 3395 1919 3434 :
1970 3377 2096 3446 quia

530 3472 684 3524 Lazis
712 3481 796 3525 est
826 3470 1042 3525 subdita
1078 3476 1108 3523 :'
1129 3469 1210 3523 Au
1245 3469 1424 3523 nescis
1455 3483 1540 3523 me
1588 3466 1794 3523 Lazica
1819 3468 2095 3522 dominum

526 3561 774 3617 vll‘cctmn
819 3560 981 3617 esse?
1031 3560 1448 3630 respondisses,
1510 3573 1687 3628 neque
1737 3557 1895 3614 nobis
1945 3557 2100 3626 quid-

526 3675 686 3728 quam
739 3658 930 3728 reliqui
977 3657 1192 3720 fuisset,
1248 3655 1390 3726 quod
1437 3655 1575 3708 ultra
1616 3653 1795 3724 eloqui
1826 3653 2098 3724 potuisse-

529 3765 664 3804 mus.
699 3767 719 3802 ι
755 3784 772 3789 -
814 3768 832 3801 ι
872 3749 974 3804 Ain
1005 3757 1081 3813 tn,
1118 3748 1288 3817 inquit
1319 3760 1435 3808 rex,
1467 3744 1726 3800 Suaniam
1757 3743 1916 3799 Lazis
1932 3743 2100 3799 fuisse

527 3838 865 3906 subiectam?
885 3838 998 3892 Hoc
1023 3837 1068 3891 si
1095 3847 1149 3890 tu
1175 3835 1370 3890 tabulis
1393 3833 1607 3903 scriptis
1628 3832 1856 3902 probare
1871 3832 2096 3902 poteris,

526 3931 842 4001 impetrabis
872 3929 1016 3999 quod
1039 3930 1242 3999 justum
1280 3938 1382 3982 est.
1433 3946 1451 3978 ι
1509 3926 1576 3980 Ει
1611 3928 1804 3982 Petrus
1835 3943 1850 3980 :
1891 3943 1910 3977 ι
1947 3925 2099 3982 Haud

527 4021 845 4074 cuuctabor.
880 4020 1096 4074 Docebo
1126 4030 1178 4072 te
1205 4033 1410 4072 verum.
1436 4016 1603 4072 Vetus
1638 4031 1777 4082 mos,
1799 4032 1832 4072 ο
1861 4017 2100 4081 domine,

527 4108 784 4173 obtinuit,
814 4109 953 4178 apud
986 4107 1162 4162 Lazos
1195 4108 1346 4162 hicce
1380 4125 1396 4161 :
1441 4122 1563 4160 cum
1591 4105 1811 4162 Suanite
1837 4107 1943 4160 dux
1971 4107 2102 4162 sub-

526 4211 673 4251 esset
723 4198 890 4259 Lazo,
924 4198 1069 4252 inter
1113 4198 1232 4261 bos,
1279 4195 1372 4265 qui
1417 4196 1493 4250 illi
1544 4196 1740 4250 tributa
1775 4195 2099 4264 pendebant,

526 4293 792 4358 ascriptus
836 4297 974 4344 erat.
1040 4289 1401 4356 Quamobrem
1451 4287 1628 4342 Lazus
1682 4286 1978 4356 accipiebat
2037 4286 2104 4341 ab

525 4383 645 4453 ipso
677 4381 906 4443 fructus,
946 4381 1126 4446 mella,
1172 4381 1338 4451 pelles
1361 4390 1416 4436 et
1441 4381 1542 4435 alia
1575 4381 1842 4450 quaedam.
1877 4379 2103 4446 Quando

2198 3285 2403 3358 Κύριος
2430 3285 2727 3355 ὲγεγόνεις.
2759 3287 2872 3341 Καὶ
2918 3287 3080 3357 εἰπερ
3113 3284 3253 3356 ἔφην
3272 3302 3287 3319 ο
3322 3285 3398 3348 ὡς
3425 3285 3506 3338 δεῖ
3533 3286 3580 3318 ³⁸
3606 3301 3796 3358 παρα-

2199 3375 2446 3446 χωρῆσαι
2482 3392 2574 3446 μοι
2602 3375 2887 3440 Σουανίας,
2929 3375 3224 3440 ἀντέλεξας
3257 3376 3323 3430 ἄν
3349 3392 3364 3407 ⁸
3400 3374 3546 3438 τίνος
3574 3375 3741 3446 χάριν
3773 3392 3788 3408 ·

2197 3470 2294 3522 καὶ
2332 3469 2490 3540 εῐπερ
2509 3469 2666 3533 αὖθις
2693 3469 2831 3541 ἔφην
2865 3486 2882 3503 ο
2914 3470 3040 3523 ἐπεὶ
3078 3467 3328 3541 Λαζικῆς
3348 3469 3466 3524 ἐστι
3486 3469 3791 3540 κατήκοος,

2197 3561 2480 3632 ἀπεκρίνω
2501 3576 2516 3590 °
2549 3561 2671 3615 τίνα
2704 3562 2814 3633 γὰρ
2867 3578 2929 3614 σε
2979 3561 3322 3632 γνωρίζομεν
3355 3560 3602 3632 Λαζικῆς
3631 3579 3648 3627 ;
3695 3564 3795 3641 καὶ

2201 3652 2389 3708 λοιπὸν
2406 3654 2656 3725 ἀντερεῖν
2686 3653 2907 3725 εἴχομεν
2923 3654 2985 3707 τὸ
3005 3654 3266 3726 παράπαν
3291 3654 3460 3710 οὐδέν.
3478 3673 3602 3706 ι-ι
3615 3653 3794 3709 Τοῦτο

2201 3744 2327 3816 «ρης,
2343 3739 2499 3797 εἶπεν
2527 3744 2557 3796 6
2587 3743 2866 3814 βασιλεὺς,
2890 3745 2974 3798 ὅτι
2991 3743 3222 3799 Σουανία
3239 3744 3433 3810 Λαζῶν
3450 3745 3556 3798 ὑπο
3580 3746 3791 3818 χείριος

2199 3831 2464 3907 ἦν.Εἵπερ
2481 3835 2873 3906 ὲνγράμμασιν
2892 3830 3067 3890 οἷόστε
3087 3831 3524 3907 εἶτεκμηρεῶσαι
3541 3838 3598 3890 τὸ
3618 3838 3796 3892 τοιόν-

2199 3925 2282 3992 δε,
2317 3927 2521 3997 ἥκιστα
2551 3925 2832 4000 ἀποτεύξη
2859 3926 2954 3980 τοῦ
2982 3927 3222 3990 δέοντος.
3269 3946 3288 3980 ι
3329 3929 3440 3982 Kal
3477 3931 3505 3981 6
3534 3929 3750 3999 Πέτρος
3773 3945 3786 3958 ·

2206 4037 2225 4072 ι
2261 4017 2334 4072 Oli
2365 4035 2418 4072 τι
2454 4019 2731 4089 μελλήσω,
2791 4019 3098 4086 ἀναδιδάξω
3147 4020 3204 4074 δέ
3243 4037 3301 4073 σε
3355 4021 3611 4092 τάληθές.
3653 4021 3785 4089 ’Λρ-

2200 4111 2356 4180 χαῖον
2379 4109 2522 4173 ἔθος,
2553 4109 2598 4163 ὦ
2623 4109 2882 4177 δέσποτα,
2911 4111 3032 4164 τότε
3063 4110 3337 4182 ἐκράτησε
3373 4105 3529 4183 παρά
3555 4111 3776 4175 Λαζοῖς.

2217 4198 2276 4253 '0
2310 4200 2570 4263 Σουανίας
2619 4198 2846 4270 ἡγεμὼν
2899 4197 3146 4270 ὑπήκουε
3199 4201 3280 4272 τῷ
3313 4202 3502 4272 Λαζῷ,
3531 4201 3626 4254 καὶ
3652 4201 3786 4256 ἀνά-

2201 4291 2449 4361 γραπτός
2479 4293 2528 4346 oi
2585 4276 2854 4362 ἐπεφύκει
2909 4292 2968 4356 ἐς
2999 4294 3394 4364 δασμοφορίαν.
3455 4295 3565 4347 Kal
3602 4293 3789 4347 τοίνυν

2203 4381 2491 4466 ὲκομςετο
2527 4381 2656 4454 παρ’
2682 4379 2848 4434 αὑτοῦ
2877 4379 2907 4432 ὁ
2934 4381 3113 4446 Λαζὸς
3139 4381 3386 4454 καρπούς
3421 4400 3482 4435 τε
3515 4382 3791 4454 μελιττῶν

525 4485 706 4529 autem
724 4473 942 4528 Suaniae
959 4473 1207 4542 princeps
1233 4473 1338 4528 vita
1357 4472 1677 4537 excedebat,
1691 4470 1947 4543 sull‘rsgio
1961 4471 2100 4539 ejus,

2208 4469 2302 4524 καὶ
2331 4457 2547 4542 δέρρεις
2569 4471 2665 4526 καὶ
2684 4470 2849 4542 ἕτερα
2870 4471 3027 4526 ἄττα.
3068 4472 3336 4543 Ὀπηνίκα
3355 4473 3413 4528 δὲ
3437 4469 3533 4528 οὖν
3563 4476 3592 4527 6
3613 4473 3794 4527 Σουά-

525 4565 618 4633 qui
661 4565 816 4618 Lazis
845 4575 1095 4634 praeerat.
1132 4564 1432 4635 eligebatur
1452 4603 1472 4628 ,
1501 4563 1592 4634 qui
1624 4565 1677 4618 in
1706 4564 1888 4618 locum
1918 4561 2102 4616 defun-

525 4657 599 4711 cti
678 4655 914 4725 regionis
975 4655 1500 4710 administrationem
1565 4653 1885 4722 susciperet.
1948 4649 2099 4704 Tunc

529 4746 794 4801 Lazorum
844 4745 1132 4816 praefectus
1177 4746 1374 4800 litteris
1404 4746 1782 4815 imperatorem
1810 4743 2096 4797 certiorem

529 4837 763 4891 faciebat
796 4838 862 4892 de
905 4837 992 4893 bis
1041 4854 1165 4908 qua:
1207 4825 1523 4894 evenerant.
1558 4836 1623 4891 Et
1661 4838 1952 4905 imperator
2000 4831 2100 4886 La-

526 4928 656 4983 zicre
686 4927 939 4997 praefecto
991 4944 1088 4998 per
1111 4929 1394 5000 epistolam
1421 4926 1646 4996 iubebat
1679 4927 1854 4995 ipsum
1883 4926 2101 4981 mittere

525 5020 757 5090 insignia
787 5021 1124 5091 prselectura'
1161 5024 1378 5078 Suaniae
1403 5023 1490 5078 cui
1527 5021 1707 5085 vellet,
1752 5021 1911 5077 modo
1955 5019 2100 5075 Sua-

528 5127 632 5169 nus
659 5124 823 5168 esset.
881 5113 1034 5180 Quod
1086 5114 1196 5184 jam
1257 5130 1288 5168 a
1347 5123 1586 5183 tempore
1633 5112 1934 5177 l'beodosii,
1965 5110 2134 5180 imp.’

529 5205 723 5268 nostri,
758 5219 932 5274 usque
963 5205 1032 5259 ad
1070 5204 1350 5270 l’crosem,
1391 5219 1552 5259 avum
1588 5218 1852 5268 vestrum,
1881 5214 1937 5260 et
1965 5202 2102 5258 Leo-

529 5315 677 5365 nem,
706 5301 796 5367 qui
826 5301 966 5368 apud
1001 5316 1102 5354 nos
1141 5300 1448 5369 imperavit,
1486 5299 1733 5354 invaluit.
1775 5317 1793 5351 ι
1834 5299 2034 5354 Deinde
2063 5313 2093 5352 e

525 5393 817 5464 chlamyde
848 5393 1041 5449 Petrus
1084 5393 1136 5447 in
1189 5393 1422 5448 medium
1467 5393 1688 5464 protulit
1735 5392 1994 5458 libel'um,
2029 5392 2084 5446 in

2208 4579 2296 4626 νος
2322 4563 2508 4633 ἄρχων
2565 4563 2800 4627 ἀπεϐίω,
2851 4565 3179 4636 ἐχειροτόνει
3211 4566 3241 4618 6
3290 4569 3405 4629 τοῖς
3455 4567 3657 4631 Λαζοῖς
3687 4567 3790 4636 έφο

2207 4652 2381 4734 εστὼς
2416 4655 2462 4686 ³³
2487 4655 2579 4708 τὸν
2611 4653 3009 4724 διαφυλάξοντα
3036 4655 3131 4710 τοῦ
3160 4657 3526 4729 ἀποιχομένου
3556 4657 3657 4729 τὴν
3682 4659 3790 4730 ἀρ-

2207 4747 2330 4817 χήν.
2362 4745 2453 4801 Ἐν
2469 4746 2645 4819 τούτῳ
2668 4748 2996 4819 γράμμασιν
3024 4749 3228 4820 εχρῆτο
3248 4751 3325 4815 ὡς
3344 4750 3454 4804 τῶν
3495 4751 3793 4822 Ῥωμαίων

2209 4839 2590 4910 αὐτοκράτορα
2639 4838 2751 4893 τῶν
2788 4839 3215 4919 ξυμϐεϐηκότων
3264 4841 3429 4912 πέριο
3464 4841 3562 4896 καὶ
3623 4844 3796 4908 αὑτὸς

2204 4931 2527 5003 ἀντιγράφῳ
2585 4931 2845 5003 ἀπιστολῇ
2899 4933 3246 5003 ένεκελεύετό
3288 4934 3341 4987 oi.
3391 4933 3676 5004 ἐκπέμψαι
3719 4936 3793 4990 τὰ

2209 5019 2455 5090 σύμϐολα
2483 5021 2585 5086 τῆς
2637 5020 2751 5074 τῶν
2789 5021 3037 5075 Σουάνων
3064 5024 3360 5094 ἡγεμονίας
3393 5024 3501 5095 ὅτῳ
3531 5025 3632 5094 μὲν
3664 5023 3796 5094 βού-

2205 5109 2370 5176 λοιτο,
2397 5109 2616 5182 Σουόωῳ
2633 5110 2678 5163 δ’
2713 5110 2865 5181 ὅμως
2881 5110 3057 5180 ἀνδρί.
3083 5111 3256 5166 Τοῦτο
3277 5113 3376 5184 τὴν
3407 5113 3561 5184 ἰσχὺν
3593 5113 3795 5168 ἐλαϐεν

2209 5204 2274 5256 ὲκ
2309 5201 2415 5255 τῶν
2473 5201 2756 5256 Θεοδοσίου
2815 5201 2910 5255 τοῦ
2945 5201 3068 5256 καθ’
3100 5205 3248 5274 ἡμᾶς
3280 5204 3547 5276 βασιλέως
3577 5208 3796 5277 χρόνων

2215 5295 2375 5366 μέχρι
2429 5293 2668 5364 Περόζου
2701 5293 2796 5348 τοῦ
2830 5295 3099 5367 ὑμετέρου
3145 5296 3376 5350 πάππου
3426 5297 3522 5352 καὶ
3556 5297 3795 5358 Λέοντος

2213 5376 2318 5441 τού
2342 5383 2465 5439 καθ’
2491 5386 2662 5456 ἡμᾶς.
2703 5404 2722 5439 ι
2756 5382 2892 5440 Εἶτα
2919 5389 2986 5441 ἐκ
3013 5387 3112 5457 τῆς
3143 5383 3414 5458 χλαμύδος
3445 5387 3473 5440 6
3499 5386 3708 5458 Πέτρος
3733 5387 3794 5440 ὲν

1824 5503 2058 5560 ΫΔΠΙΕ
2083 5497 2487 5560 LECTIONES.

1477 5566 1487 5580 Ν

603 5618 646 5651 ¹⁶
665 5635 788 5691 τινα
818 5620 912 5688 N.,
941 5638 1049 5674 τινι
1079 5636 1225 5691 vutg.
1305 5621 1346 5652 "
1381 5637 1564 5691 καταπ

605 5637 788 5673 --τινα
819 5637 912 5688 ιι.,
941 5638 1049 5674 τινι
1079 5637 1225 5691 vuig.
1306 5637 1342 5652 "
1381 5637 1564 5673 καταπ
1603 5637 1777 5674 οοιντο
1834 5637 1895 5674 η.

525 5690 648 5762 γὰρ
667 5684 735 5758 ἦν
767 5692 933 5762 vulg.,
957 5694 1242 5761 τοιγαροῦν
1271 5691 1335 5745 ll.
1415 5691 1461 5722 '°
1489 5689 1549 5743 οὗ
1572 5637 1667 5757 ἢ,
1699 5691 1728 5742 6
1751 5691 1895 5761 vulg.

1603 5620 1777 5689 δοιντο
1832 5619 1923 5683 ll.,
1953 5620 2101 5689 κατὰ⁸
2121 5619 2295 5689 πρόην
2329 5616 2425 5689 1Q-
2433 5614 2580 5689 vulg.
2647 5615 2700 5689 _‘°
2760 5616 2844 5689 ὅτι
2871 5615 3190 5689 deestvulg.
3271 5616 3317 5689 "_
3354 5609 3392 5686 ἦ
3420 5613 3623 5689 γαρ-ἀν
3651 5614 3734 5689 N._
3755 5618 3794 5688 ἠ

1973 5691 2017 5722 ²¹
2057 5681 2212 5743 εἶπέν
2243 5681 2332 5753 IL,
2379 5681 2716 5756 ei63~fvttlg.
2794 5687 2839 5716 "
2872 5685 2954 5740 δεῖ
3003 5685 3092 5754 Ν.,
3126 5681 3185 5742 δὲ
3231 5681 3392 5756 vulgi
3434 5681 3740 5753 ⁷⁸³’ὑφεστιὶ

2794 5687 2839 5716 ’³
2872 5685 2954 5740 δεῖ
3003 5685 3092 5754 Ν.,
3126 5684 3185 5742 δὲ
3231 5684 3390 5759 vulg;
3452 5684 3506 5717 ⁸³⁷
3533 5684 3788 5753 ὑφεστὼς
