4076 6436
3540 316 3574 332 ε.

500 367 605 431 879
1398 357 1793 420 EXCERI’I‘A
1826 356 1926 414 EX
1958 350 2384 415 MENANDRO
2422 349 2923 412 PORTECTO-RE
3652 353 3760 415 880

501 488 648 548 apto,
685 482 743 530 ut
768 483 1016 540 magnum
1050 469 1420 541 adiumentum
1472 466 1686 523 aﬂ'erret
1719 467 1785 521 ad
1815 466 2078 521 arcendos

2189 464 2330 530 ὅμως
2358 463 2414 515 δὲ
2441 463 2763 533 ἐπιτηδείως
2810 462 3007 532 ἔχουσα
3048 463 3249 528 θέσεως
3302 464 3362 528 ἐς
3410 461 3481 517 τὰ
3525 464 3763 534 μάλιστα

500 570 699 626 Persas
742 565 809 621 ab
857 563 1174 620 invadendis
1233 561 1555 637 Colchorum
1610 561 1826 614 finibus.
1887 557 2075 627 Itaque

2189 552 2380 622 ίνίνησι
2405 556 2505 624 τὴν
2535 552 2827 624 Ῥωμαίων
2846 555 3024 625 ἀρχὴν
3047 554 3126 626 τῷ
3158 555 3234 626 μὴ
3256 555 3326 609 δι’
3365 555 3537 626 αὐτῆς
3567 557 3615 589 ³⁸
3646 558 3764 611 ἐπι-

442 713 447 717 ,
501 662 757 724 Joannes,
785 657 1042 728 Byzantio
1070 653 1362 726 profectus,
1394 666 1519 707 cum
1552 651 1786 717 urbium,
1817 665 1915 721 per
1938 664 2075 720 quas

2189 642 2492 713 τιθεμένους
2520 645 2735 714 Πέρσας
2763 643 2832 697 τὰ
2849 642 2960 698 τῶν
2983 645 3208 716 Κόλχων
3224 647 3350 716 ὅρια
3371 645 3759 714 λυμαίνεσθαι.

503 753 607 806 iter
632 750 705 806 illi
737 757 875 812 erat,
905 756 964 800 ut
1008 747 1076 800 ab
1110 746 1437 812 imperatore
1466 741 1840 811 praescriptum
1873 740 2072 805 fuerat,

2189 734 2448 805 Ἰωάννης
2481 734 2577 790 οῦν
2605 738 2670 789 ἐκ
2696 735 2992 801 Βυζαντίου
3020 737 3185 808 ἄρας,
3248 737 3343 792 καὶ
3389 737 3467 800 ὡς
3525 738 3764 809 τάχιστα

502 839 670 896 multa
701 854 827 893 cura
861 834 1023 907 1‘9
1050 846 1102 888 et
1122 830 1396 902 diligentia
1428 833 1587 886 rebus
1617 830 1978 896 subvenisset,
2009 829 2076 885 ad

2189 825 2279 897 τὴν
2318 829 2551 908 πορείαν
2582 827 2808 891 ἀνύσας,
2840 829 2898 881 ἐν
2937 830 3060 891 ταῖς
3102 829 3247 882 κατά
3277 829 3377 900 τὴν
3401 830 3639 899 πάροδον
3658 830 3767 883 πό-

505 928 676 985 Daras
701 927 962 999 pervenit.
997 923 1110 979 Illic
1141 937 1293 992 aqua:
1320 922 1537 977 ductum
1578 920 1933 976 reficiendum
1965 920 2078 973 eu-

505 1022 666 1085 ravit,
692 1027 753 1074 et
778 1030 929 1087 aqua!
960 1014 1300 1085 receptacula
1323 1013 1578 1079 condidit,
1612 1021 1666 1068 et
1695 1012 1798 1066 alia
1829 1011 2075 1081 quaedam

503 1127 665 1182 opera
713 1109 1018 1165 necessaria
1046 1103 1457 1161 exstruxitﬂbi
1485 1118 1580 1174 per
1632 1103 1817 1158 decem
1849 1102 1966 1157 dies
1994 1109 2081 1156 est

504 1210 896 1266 commoratus,
934 1197 1203 1268 tantisper
1232 1198 1357 1252 dum
1403 1193 1572 1250 Nisibi
1596 1193 1802 1248 festum
1837 1192 2079 1248 celebra-

509 1306 657 1351 retur
690 1301 746 1348 et
788 1298 1163 1362 perageretur.
1202 1286 1339 1343 liae
1366 1300 1530 1341 causa
1571 1292 1693 1340 erat
1739 1296 1837 1338 cur
1878 1282 2080 1352 legatio

504 1385 719 1442 admitti
766 1398 870 1439 non
921 1389 1152 1452 poterat.
1175 1377 1338 1433 Festo
1366 1387 1610 1449 peracto,
1637 1375 1779 1446 quod
1811 1374 1954 1442 apud
1983 1388 2081 1430 eos

504 1476 773 1545 Furdigan
805 1472 1004 1528 dicitur
1023 1510 1037 1535 ,
1073 1467 1265 1525 feralia
1290 1467 1522 1531 diceres,
1554 1475 1815 1536 exceptus
1840 1463 2079 1520 Joannes

505 1587 532 1620 a
558 1565 896 1636 primoribus
935 1560 1138 1618 Nisibis
1183 1575 1306 1615 cum
1351 1558 1560 1614 solenui
1593 1557 1798 1611 honore
1825 1557 1891 1610 ad
1922 1568 2081 1609 exse-

504 1657 772 1728 quendam
801 1655 1123 1724 legationem
1148 1650 1200 1705 in
1228 1648 1435 1719 regiam
1472 1648 1761 1702 Persarum
1784 1655 1866 1702 est
1894 1646 2081 1700 dimis-

2180 913 2297 968 λεσι
2328 916 2439 970 τῶν
2471 916 2791 984 ἀναγκαίων
2820 917 3080 987 φροντίδα
3103 917 3332 987 θέμενος
3359 919 3584 990 πολλὴν,
3603 919 3767 972 τοῦτο

2180 1007 2586 1077 προειρημένον
2642 1006 2794 1078 αὐτῷ
2843 1011 2907 1061 ἐκ
2966 1007 3252 1077 βασιλέως,
3310 1009 3539 1078 ἀφίκετο
3592 1011 3674 1074 είς
3700 1013 3766 1065 τὸ

2180 1098 2379 1167 Δάρας.
2426 1086 2695 1154 Ἐνταῦθα
2721 1100 2812 1153 τὸν
2842 1100 2986 1153 κατά
3029 1099 3187 1154 πόλιν
3237 1101 3397 1156 ὁλκὸν
3425 1102 3520 1155 τοῦ
3569 1101 3768 1167 ὕδατος

2180 1188 2525 1243 ἐπεσκεύασε
2559 1192 2655 1244 καὶ
2681 1191 2962 1262 ὐδροχσεϊα
3016 1193 3301 1264 ἐπενόησε,
3359 1193 3457 1247 καὶ
3513 1193 3614 1264 μὲν
3662 1188 3761 1248 οῦν

2179 1279 2316 1335 ἄλλα
2339 1281 2477 1336 ἄττα
2505 1282 2612 1336 τῶν
2634 1282 2695 1336 ἐν
2732 1282 2889 1336 ἄστει
2929 1284 3205 1352 ἀναγκαῖα
3239 1284 3285 1317 ‘7
3309 1285 3633 1355 εἰργάσατο.
3666 1289 3763 1338 Δι-

2180 1372 2355 1442 ἤγαγε
2394 1371 2454 1425 δδ
2483 1371 2649 1426 αὑτοῦ
2670 1373 2885 1445 ἡμέρας
2908 1372 3043 1427 δέκα
3084 1373 3166 1446 τῷ
3203 1373 3304 1445 τὴν
3325 1374 3371 1408 ³⁵
3400 1376 3460 1429 ὲν
3491 1379 3558 1447 τῇ
3608 1376 3770 1430 Νισί-

2178 1464 2267 1517 σει
2303 1465 2349 1498 ³⁸
2379 1468 2447 1536 τῇ
2475 1465 2634 1519 πόλει
2662 1464 3060 1537 πανηγυρίζειν
3092 1481 3154 1520 τε
3204 1469 3301 1521 καὶ
3341 1466 3499 1536 ἄγειν
3543 1462 3773 1542 ἑορτὴν,

2181 1558 2295 1610 κάκ
2325 1557 2518 1611 τούτου
2567 1557 2669 1628 τὴν
2724 1560 3028 1631 πρεσϐείαν
3072 1558 3149 1630 μὴ
3183 1560 3568 1625 ὑποδέξασθαι.
3613 1563 3673 1617 '0
3704 1565 3766 1617 δὲ

2193 1648 2444 1720 Ἰωάννης
2502 1648 2716 1720 δεχθεὶς
2785 1651 2925 1721 μετά
2965 1651 3067 1723 τὴν
3100 1652 3296 1723 ἑορτὴν
3336 1652 3437 1724 τὴν
3461 1653 3767 1725 Φουρδίγαν

505 1764 622 1804 sus.
651 1746 700 1801 Is
728 1760 794 1801 eo
825 1743 1076 1808 accessit,
1108 1752 1162 1797 et
1188 1740 1463 1804 omnibus,
1482 1752 1713 1809 quorum
1736 1751 1902 1792 causa
1935 1736 2081 1791 mis-.-

2189 1737 2765 1810 προσαγορευομένην,
2814 1739 2844 1792 ὅ
2896 1741 3046 1794 ἐστιν
3090 1739 3395 1811 Ἑλληνιστὶ
3450 1733 3669 1811 νεκυία,
3699 1748 3769 1798 ἐκ

507 1851 600 1892 sus
631 1835 754 1911 mit,
770 1833 874 1890 rite
891 1831 1142 1903 peractis,
1168 1842 1487 1900 responsum
1511 1827 1781 1882 manebat.
1798 1824 2082 1881 'Chosroes

2189 1829 2295 1882 τῶν
2324 1830 2383 1882 ἐν
2403 1831 2470 1900 τῇ
2497 1829 2716 1884 Νισίσει
2763 1831 3046 1902 ἀρχόντων
3095 1829 3416 1905 ἐξεπέμφθη
3449 1836 3549 1889 σὺν
3574 1840 3643 1907 τῇ
3671 1821 3765 1890 νο-

507 1937 686 1981 autem
716 1926 946 1997 quadam
981 1922 1069 1978 die
1098 1933 1403 1977 sermonem
1436 1918 1607 1973 movit
1646 1919 1712 1972 de
1758 1914 2077 1973 Saracenis.

506 2019 710 2075 Gentes
752 2015 893 2072 enim
930 2012 1275 2070 Saracenicae
1314 2011 1632 2083 innumera:
1668 2015 1816 2074 sunt,
1849 2022 2081 2078 quarum

508 2111 744 2167 maxima
776 2123 902 2181 pars
944 2121 1042 2177 per
1067 2105 1281 2161 deserta
1311 2110 1597 2172 pascentes
1626 2109 1682 2155 et
1710 2102 1831 2156 sine
1864 2100 2086 2156 domino

509 2213 792 2274 vagantur,
839 2198 956 2255 alia:
988 2196 1377 2260 Romanorum,
1430 2193 1549 2248 aii-.e
1587 2191 1877 2247 Persarum
1918 2193 2089 2261 impt-

508 2298 592 2351 rio
623 2299 837 2364 parent.
889 2288 969 2343 Ita
1042 2287 1231 2343 divise
1278 2298 1408 2341 cum
1458 2291 1670 2349 essent,
1725 2281 2083 2351 Justinianus,

510 2386 691 2459 magni
716 2382 907 2456 iudicii
943 2381 1047 2445 vir,
1094 2389 1150 2435 et
1177 2379 1267 2450 qui
1303 2391 1560 2449 magnum
1610 2390 1767 2431 usum
1802 2376 1965 2446 regite
1994 2378 2089 2432 ad-

507 2476 924 2537 ministrationis
953 2471 1210 2537 habebat,
1242 2470 1569 2537 Saracenos,
1605 2468 1696 2538 qui
1727 2467 1782 2521 in
1811 2467 2087 2523 Medorum

503 2573 754 2645 partibus
785 2576 966 2631 erant,
994 2579 1095 2637 per
1124 2574 1313 2635 pacem
1352 2560 1506 2617 donis
1537 2568 1862 2630 prosecutus
1887 2558 2085 2615 fuerat.

508 2661 910 2725 Sed'iiustinus,
941 2659 1026 2712 vir
1073 2654 1252 2726 gravis
1303 2661 1359 2707 et
1389 2662 1672 2718 constans,
1706 2666 1884 2721 neque
1927 2651 2090 2721 quid-

509 2773 668 2830 quam
691 2752 1065 2811 ‘Barbarorum
1096 2745 1367 2818 superbiae
1396 2744 1615 2812 cedens,
1646 2743 1970 2811 Saracenos,
1997 2739 2088 2816 qui

508 2851 690 2906 Persis
736 2844 1009 2912 favebant,
1044 2840 1375 2911 contemptui
1411 2837 1621 2901 habuit,
1666 2845 1720 2892 et
1761 2836 1912 2891 nihili
1940 2836 2086 2892 fecit.

510 2942 581 2995 At
637 2939 709 2992 illi
764 2936 868 3007 (est
903 2932 1047 2988 enim
1086 2945 1219 3001 gens
1265 2927 1605 3003 avidissima)
1655 2939 1778 2981 cum
1833 2934 2089 2995 tanquam

512 3027 656 3100 quod
691 3039 848 3080 suum
876 3030 1042 3086 esset,
1076 3021 1179 3075 sibi
1205 3018 1344 3089 eripi
1371 3016 1768 3084 existimarent,
1799 3014 2099 3087 Persarum,

2190 1920 2459 1994 μιζομένῃ
2483 1924 2618 1993 τιμῇ
2661 1916 2989 1996 πρεσϐεύειν
3016 1927 3073 1987 ἐς
3095 1924 3164 1980 τὰ
3191 1924 3440 1996 βασίλεια
3488 1924 3722 1999 Περσῶν
3746 1945 3763 1961 ·

2187 2015 2285 2066 καὶ
2316 2013 2532 2067 ἅπαντα
2562 2013 2630 2081 ⁸ο,
2659 2006 2736 2068 ὧν
2764 2014 2927 2069 ἕνεκα
2959 2014 3208 2085 ἔσταλτο,
3266 2019 3325 2070 ἐν
3364 2018 3538 2073 δέοντι
3596 2035 3772 2075 κατα-

2190 2102 2555 2173 στησάμενος,
2590 2103 2650 2156 ἐν
2672 2102 2884 2167 τούτοις
2920 2102 3191 2174 ὑπῆρχεν.
3227 2104 3285 2159 ὀ
3327 2104 3386 2158 δέ
3422 2105 3671 2175 Χοσρόης
3708 2107 3771 2160 ἐν

2192 2196 2292 2266 μιᾷ
2322 2195 2433 2248 τῶν
2460 2193 2688 2277 ἡμερῷν
2708 2194 2819 2248 τῶν
2844 2195 3180 2268 Σαρακηνῶν
3210 2196 3342 2268 πέρι
3368 2196 3517 2268 αὐτῷ
3542 2198 3769 2269 ἐκίνησε

2188 2285 2402 2355 λόγους.
2436 2287 2517 2342 Τὰ
2534 2288 2642 2358 γὰρ
2660 2286 3016 2360 Σαρακηνικὰ
3038 2286 3181 2358 φῦλα
3217 2289 3477 2360 μυριάδες
3494 2290 3539 2322 δ’
3568 2289 3768 2355 ταῦτα,

2188 2380 2284 2432 καὶ
2317 2377 2380 2435 τὸ
2409 2377 2665 2432 πλεῖστον
2692 2378 2874 2439 αὐτῶν
2894 2376 3235 2451 ἐρημονόμοι
3259 2381 3369 2434 sici.
3396 2381 3499 2434 ’καὶ
3530 2379 3769 2435 ἀδέσπο-

2186 2487 2271 2525 τοι
2296 2486 2310 2503 ο
2353 2469 2451 2525 καὶ
2485 2471 2587 2542 μέν
2612 2472 2658 2503 ⁸³
2686 2467 2786 2525 οὖν
2809 2471 2913 2541 τῆς
2944 2472 3250 2542 Ῥωμαίων,
3272 2473 3422 2526 ἐστὶν
3455 2472 3492 2526 ἃ
3525 2473 3622 2526 καὶ
3663 2474 3768 2541 τῆς

2189 2564 2419 2634 Περσῶν
2442 2564 2658 2634 ὑπήκοα
2692 2562 2990 2626 πολιτείας.
3027 2561 3185 2617 οὕτω
3227 2562 3286 2616 δὲ
3322 2563 3770 2634 διακεκριμένων

2168 2655 2393 2720 ισύτῶνς
2412 2690 2419 2695 -
2440 2648 2838 2720 Ἰουστινιανδς,
2866 2654 3229 2726 μεγαλόφρων
3252 2655 3402 2725 ἀνὴρ
3433 2656 3528 2708 καὶ
3552 2654 3771 2726 βασιλι-

2189 2738 2458 2815 κώτατος,
2504 2749 2636 2812 τοὺς
2676 2747 3005 2819 μηδίζοντας
3052 2746 3388 2818 Σαρακηνῶν
3433 2744 3629 2818 δώροις
3660 2745 3776 2799 ἐδε-

2192 2839 2373 2906 ξιοῦτο
2407 2838 2718 2912 κρατούσης
2764 2839 3011 2911 εἰρήνης.
3055 2838 3115 2892 '0
3156 2838 3214 2891 δὲ
3250 2838 3534 2902 Ἰουστῖνος
3555 2837 3627 2902 ⁸³,
3662 2839 3772 2907 ἐμ-

2189 2931 2388 3003 ϐριθής
2409 2948 2470 2984 τε
2506 2930 2586 2985 ὢν
2610 2931 2705 2984 καὶ
2725 2929 3026 3001 Βαρὸἀρων
3061 2930 3387 3000 φρονήματι⁸
3404 2930 3605 3001 ἥκιστα
3634 2931 3776 2983 ὐπο-

2192 3023 2396 3094 χαλῶν,
2429 3024 2489 3076 ἐν
2514 3023 2693 3078 οὐδενὶ
2717 3021 2862 3093 λόγῳ
2890 3023 3187 3092 ἐποιήσατο
3211 3022 3337 3085 τοὺς
3358 3021 3475 3076 ὅσοι
3509 3023 3773 3093 ἐμήδιζον

516 3136 720 3192 regem,
757 3133 825 3174 ue
857 3130 916 3173 se
956 3115 1026 3170 ad
1077 3128 1173 3170 sua
1219 3125 1395 3184 genua
1431 3120 1733 3181 prostratos
1769 3117 2085 3165 contemne-

2192 3116 2301 3169 τῶν
2334 3115 2689 3186 Σαρακηνῶν.
2728 3117 2791 3169 Oi
2833 3114 2891 3168 δέ
2941 3113 3498 3185 (πλεονεκτικώτατον
3549 3116 3667 3186 γὰρ
3707 3116 3774 3168 τὸ

515 3225 618 3282 ret,
667 3212 942 3285 supplices
983 3216 1226 3265 orarunl.
1263 3206 1452 3274 Itaque
1489 3202 1781 3269 Chosroes,
1830 3217 1951 3262 cum
1983 3201 2083 3257 Pe-

514 3320 631 3364 trus
664 3304 806 3376 apud
839 3316 960 3356 eum
993 3298 1228 3370 legatum
1256 3304 1460 3368 ageret,
1496 3294 1770 3349 Romanos
1796 3293 2087 3350 Saracenis

504 3396 754 3456 debitum
821 3392 1036 3450 solvere
1091 3402 1305 3458 aquum
1361 3385 1638 3442 censebat.
1710 3385 1909 3441 Deinde
1962 3399 2083 3440 cum

507 3490 747 3546 Joannes
771 3486 836 3541 ad
864 3499 989 3540 eum
1017 3479 1360 3546 accessisset,
1392 3479 1588 3534 iisdem
1620 3477 1800 3535 verbis
1821 3486 1904 3533 est
1930 3492 2081 3533 usus.

513 3576 771 3644 Saraceni
809 3576 952 3632 enim
978 3573 1388 3636 asseverabant,
1421 3585 1481 3626 se
1508 3570 1578 3626 ob
1608 3584 1728 3626 eam
1758 3584 2000 3636 causam,
2024 3579 2086 3626 ut

512 3671 747 3742 quietem
778 3675 1021 3738 agerent,
1063 3679 1241 3734 neque
1276 3660 1654 3718 Romanorum
1705 3663 1869 3718 terris
1898 3661 2082 3718 infesti

512 3772 714 3829 essent,
767 3774 862 3816 eas
907 3757 1164 3829 pecunias
1205 3757 1471 3827 accipere,
1522 3765 1579 3811 et
1624 3754 1731 3811 hac
1772 3755 1987 3811 ratione
2028 3755 2084 3810 in

512 3869 677 3912 causa
706 3848 1044 3908 defendenda
1073 3846 1307 3903 maxime
1338 3847 1678 3903 nitebantur.
1702 3847 1891 3916 Itaque
1917 3844 2084 3902 Joan-

516 3962 632 4012 nes,
666 3935 726 4000 tit
752 3942 888 3998 vidit
916 3941 1243 4005 Saracenos,
1274 3948 1633 4009 praeterquam
1669 3939 1811 4009 quod
1840 3938 1922 3994 fas
1944 3948 2082 4007 erat,

515 4033 794 4091 criminari
827 4039 882 4087 et
914 4016 1175 4085 accusare
1228 4026 1523 4093 Romanos,
1557 4029 1696 4083 dixit
1738 4042 1757 4080 :
1816 4046 1836 4081 ι
1873 4029 1933 4084 Si
1963 4026 2086 4099 quis

503 4125 678 4191 ‘alius,
709 4138 870 4193 quam
916 4119 1208 4183 Cbosroes,
1257 4115 1662 4175 Saracenorum
1706 4134 1947 4187 causam,
1992 4120 2083 4190 qui

519 4213 792 4271 Romanos
844 4212 1046 4283 injuste
1085 4210 1466 4276 criminantur,
1502 4218 1768 4276 tueretur,
1816 4210 1997 4265 minus
2032 4211 2084 4265 id

516 4307 733 4378 quidem
768 4318 934 4377 grave
971 4310 1024 4359 et
1064 4301 1349 4358 moiestum
1394 4310 1555 4357 esset.
1619 4301 1904 4358 Persarum
1955 4314 2085 4360 vero

520 4406 726 4466 tantum
750 4409 957 4468 regem,
989 4394 1079 4464 qui
1117 4407 1234 4463 qua
1269 4406 1447 4448 rerum
1475 4403 1683 4448 natura:
1722 4402 2083 4457 consentanea

2195 3206 2379 3278 φῦλον)
2409 3207 2691 3276 ἀποκοπὴν
2735 3205 2894 3260 τοῦτο
2932 3207 3276 3276 ἡγησάμενοι
3307 3205 3387 3275 τῷ
3438 3206 3654 3277 βασιλεῖ
3682 3210 3774 3262 ἐν-

2195 3301 2406 3353 έκειντο
2436 3298 2485 3331 ⁵⁵
2512 3297 2739 3368 Περσῶν
2771 3298 2847 3370 μὴ
2889 3296 3156 3369 περιιδεῖν
3215 3298 3417 3362 αὐτοὺς
3464 3299 3615 3370 αὐτῷ
3638 3300 3776 3355 ἀνα-

2193 3390 2503 3461 κειμένους.
2531 3389 2625 3461 Τῷ
2654 3404 2735 3444 τοι
2765 3390 2874 3460 ἄρα
2913 3391 3008 3443 καὶ
3033 3390 3242 3460 Πέτρου
3272 3390 3451 3443 ἐκεῖσε
3491 3391 3775 3461 πρεσὸευ-

2194 3482 2453 3553 σαμένου,
2476 3480 2666 3552 ὥσπερ
2704 3483 2818 3545 τοῖς
2842 3480 3182 3553 Σαρακηνοῖς
3225 3480 3565 3545 ὑπευθύνους
3604 3482 3775 3545 ὄντας
3872 3544 3887 3557 κ

2201 3572 2509 3644 Ῥωμαίους
2535 3572 2691 3641 ἐλεγε
2713 3571 2826 3626 δεῖν
2864 3575 2895 3627 δ
2920 3572 3172 3645 Χοσρόης
3221 3574 3572 3628 ἀποδίδοσθαι
3614 3593 3775 3644 σφισι

2191 3665 2253 3718 τὸ
2284 3666 2464 3737 χρέος.
2497 3661 2633 3719 Εἶτα
2659 3664 2755 3718 καὶ
2789 3656 3037 3719 Ἰωάννου
3060 3665 3258 3719 αὐτόσε
3297 3666 3634 3738 ἀφικομένου
3654 3671 3776 3732 τοῖς
3811 3695 3819 3701 -

2192 3756 2376 3819 αὐτοῖς
2404 3755 2677 3828 ἐχρήσατο
2719 3756 2949 3827 ῥήμασι.
2990 3756 3396 3827 Διισχυρίζοντο
3440 3755 3549 3827 γάρ
3577 3776 3697 3822 πως
3719 3761 3772 3812 οἱ

2192 3845 2524 3916 Σαρακηνοὶ,
2552 3845 2627 3908 ὼς
2661 3845 2801 3916 ὑπὲρ
2820 3844 2914 3898 τοῦ
2939 3847 3163 3918 εἰρήνην
3190 3848 3346 3916 ἄγειν
3368 3847 3464 3901 καὶ
3498 3848 3574 3919 μὴ
3599 3865 3774 3902 κατα-

2193 3936 2338 3991 θέειν
2383 3936 2484 4008 τὴν
2527 3936 2817 4007 Ῥωμαίων
2863 3938 2934 3993 τά
2982 3938 3209 3993 τοιαῦτα
3262 3939 3581 4009 ἐκομίζοντο
3630 3942 3775 4012 χρή-

2174 4027 2365 4097 ματα,
2397 4022 2646 4082 ἐντεῦθέν
2691 4043 2753 4080 τε
2804 4026 3092 4092 ἐόιάζοντο
3143 4031 3243 4102 τὴν
3292 4029 3389 4083 τοῦ
3442 4033 3768 4102 πράγματος

2193 4116 2376 4184 φύσιν.
2425 4116 2484 4174 Ὀ
2502 4115 2562 4169 δὲ
2605 4116 2874 4188 Ἰωάννης,
2919 4118 2993 4182 ὡς
3030 4118 3179 4190 ἑώρα
3227 4121 3369 4189 σφᾶς
3412 4122 3475 4175 ού
3511 4121 3647 4174 κατὰ
3699 4121 3764 4174 τὸ

2190 4209 2310 4263 δέον
2334 4207 2398 4261 τὸ
2438 4207 2720 4279 ἐπίκλημα
2768 4210 3148 4278 ποιουμένους,
3204 4207 3359 4265 εἷπεν
3385 4228 3401 4245 ’
3440 4230 3459 4264 ι
3497 4212 3558 4264 Εἰ
3593 4211 3688 4282 μὲν
3712 4212 3763 4244 ⁸⁸

2191 4301 2380 4373 ἐτερός
2411 4318 2515 4365 τις,
2558 4301 2654 4356 καὶ
2697 4301 2820 4372 οὐχὶ
2870 4301 3119 4373 Χοσρόης
3165 4303 3195 4356 ὁ
3224 4303 3392 4369 πάνυ,
3432 4304 3779 4376 ξυνεπελαμ-

2192 4395 2387 4450 δάνετο
2412 4397 2526 4461 τοῖς
2554 4395 2756 4460 ἀδίκως
2780 4394 3151 4465 ἐπεγκαλοῦσι
3199 4398 3564 4469 Σαρακηνοῖς,
3606 4395 3779 4470 ἦττον

516 4497 666 4556 sunt,
697 4486 913 4560 plurimi
948 4485 1103 4552 facit,
1128 4483 1328 4541 addam
1364 4486 1550 4552 etiam,
1587 4484 1680 4554 qui
1711 4487 1848 4543 bene
1875 4493 1943 4542 de
1973 4485 2085 4543 Ro-

2196 4486 2262 4541 ἂν
2285 4486 2498 4558 ὑπῆρχε
2519 4485 2713 4540 δεινόν.
2740 4485 3011 4540 Τοσοῦτον
3030 4486 3091 4540 δέ
3116 4486 3344 4557 βασιλέα
3364 4488 3613 4560 Περσῶν,
3641 4492 3781 4559 περὶ

521 4581 696 4636 manis
741 4582 901 4635 rebus
932 4578 1116 4646 sentit,
1154 4578 1468 4634 consentire
1508 4577 1614 4644 his,
1657 4577 1747 4646 qui
1787 4574 1976 4632 volunt
2005 4576 2091 4632 in-

508 4672 660 4743 justa
692 4670 894 4736 facere,
924 4669 1084 4725 simui
1112 4681 1167 4724 et
1202 4670 1519 4749 ’adinirarer
1553 4677 1607 4723 et
1633 4682 1891 4737 quererer
1934 4686 1948 4724 :
1998 4673 2091 4726 sed

518 4764 757 4819 animum
794 4776 897 4818 non
929 4761 1192 4819 socordia:
1223 4760 1362 4831 dabo
1400 4776 1417 4815 :
1451 4759 1728 4816 Romanus
1756 4760 1900 4815 enim
1928 4777 2044 4817 sum
2074 4779 2089 4818 :

517 4867 573 4912 et
619 4855 824 4911 docebo
865 4854 1047 4910 omnia
1083 4872 1098 4908 :
1133 4852 1349 4908 tametsi
1408 4866 1588 4921 regem
1635 4853 1819 4907 doceri
1871 4853 2093 4908 minime

519 4959 741 5002 necesse
775 4952 880 5011 est,
916 4943 1011 4999 sed
1039 4942 1107 4998 ad
1128 4942 1275 4997 haud
1312 4941 1517 4996 inscios
1543 4942 1788 4996 narratio
1816 4956 1933 4997 mea
1960 4957 2090 4997 con-

517 5040 766 5095 vertitur.
797 5036 899 5105 Qui
929 5035 1072 5091 enim
1113 5032 1279 5090 semel
1306 5047 1391 5100 ea,
1423 5048 1546 5104 qua:
1572 5033 1801 5102 iustitiae
1835 5043 1889 5088 et
1920 5035 2089 5103 aequi-

520 5135 617 5189 tati
668 5140 795 5188 sunt
827 5132 1228 5195 cousentanea‘,
1266 5129 1553 5198 cOgnovit,
1587 5131 1635 5183 si
1676 5130 1865 5183 eadem
1896 5131 2089 5184 iterum

518 5224 767 5291 debetur,
785 5225 1066 5280 immutata
1084 5223 1243 5293 150
1267 5223 1494 5278 veritate
1517 5232 1794 5292 perspecta
1814 5222 2094 5276 conscien-

521 5320 650 5373 tiam
708 5330 860 5372 suam
909 5315 1165 5369 firmabit.
1216 5314 1377 5368 Petro
1420 5313 1660 5382 quidem,
1718 5312 1809 5381 qui
1840 5312 1966 5367 an’te
2010 5328 2095 5367 me

520 5408 729 5478 legatus
768 5407 893 5473 fuit,
935 5418 989 5462 et
1046 5421 1234 5476 pacem
1281 5404 1562 5469 stabilivit,
1602 5404 1760 5459 facile
1804 5403 1927 5467 fuit,
1972 5419 2096 5459 cum

2191 4577 2448 4631 πλείστου
2481 4575 2899 4647 ποιούμενοντὰ
2934 4577 3010 4648 μὴ
3045 4578 3265 4632 ἐναντία
3300 4577 3399 4649 τῆς
3427 4578 3540 4632 τῶν
3588 4596 3779 4649 πραγ-

2195 4668 2378 4739 μάτων
2431 4666 2668 4738 φύσεως,
2730 4668 3028 4739 προσθήσω
3085 4669 3144 4722 δὲ
3200 4670 3298 4723 καὶ
3348 4670 3420 4722 τὰ
3482 4669 3779 4738 Ῥωμαίων

2189 4760 2591 4831 ἀσπαζόμενον,
2624 4758 3033 4830 συνηγοροῦντα
3058 4762 3174 4823 τοῖς
3231 4760 3508 4815 ἐθέλουσιν
3563 4761 3779 4815 ἀδικεῖν

2192 4850 2536 4921 θαυμάσαιμι
2587 4849 2708 4904 λίαν
2763 4851 2858 4905 καὶ
2921 4850 3421 4922 ὑπερεκπλαγείην.
3454 4852 3648 4923 Ὅμως
3715 4855 3781 4908 δὲ

2193 4939 2439 5013 ῥᾳθυμίᾳ
2501 4941 2594 4994 τὸν
2630 4942 2758 4994 νοῦν
2788 4941 2890 4994 οὐκ
2939 4941 3240 5012 ἐπιτρέψω,
3275 4941 3547 5013 Ῥωμαῖος
3600 4960 3781 5012 πεφυ-

2192 5033 2326 5096 κὼς,
2359 5033 2658 5097 ἀναδιδάξω
2686 5032 2745 5087 δὲ
2771 5033 2830 5086 τὸ
2860 5033 2998 5096 πᾶν,
3028 5032 3205 5087 καίτοι
3254 5033 3351 5087 τοῦ
3385 5034 3653 5104 βασιλέως
3711 5038 3779 5089 οὐ

2193 5125 2451 5194 δεομένου
2480 5125 2858 5187 διδασκαλίας,
2891 5125 3005 5179 ἀλλ’
3038 5127 3096 5178 ἐν
3131 5126 3301 5179 εἰδόσι
3344 5126 3445 5193 τῆς
3464 5126 3782 5197 διηγήσεως
3860 5168 3865 5171 -

2196 5214 2513 5287 προϊούσης.
2567 5217 2625 5269 Ὀ
2648 5216 2754 5288 γὰρ
2790 5215 3161 5286 προεγνωκὼς
3181 5216 3285 5286 ἢδη
3312 5215 3382 5268 τά
3416 5217 3517 5268 ὅσα
3570 5216 3649 5285 τῷ
3692 5216 3784 5268 δι-

2196 5310 2335 5380 καίῳ
2366 5309 2575 5381 ξυνᾴδει
2609 5309 2677 5373 ⁸⁵,
2702 5308 2878 5363 ταῦτα
2921 5308 3087 5364 πάλιν
3135 5308 3510 5378 ἀναδιδαχθεὶς
3533 5308 3785 5379 ἐπιρρῶ-

2207 5420 2289 5457 σει
2322 5404 2400 5474 τῷ
2436 5404 2721 5473 ἀδεκάστῳη
2740 5405 2800 5458 τὸ
2832 5402 3092 5467 συνειδὸς.
3121 5404 3327 5474 Πέτρος
3358 5403 3456 5473 μὲν
3484 5400 3652 5474 γὰρ-ὁ
3672 5402 3785 5471 πρὸ

1803 5524 2040 5605 varum
2090 5523 2497 5583 LECTIONES.

625 5629 1120 5713 "6t‘abgﬁ;_\’al.,
1170 5640 1259 5713 διὰ
1318 5641 1635 5713 τοὺςνυιε.

1741 5642 1784 5675 ³⁷
1810 5645 2129 5717 ἀναγκαίων
2172 5646 2320 5717 conj.
2349 5644 2409 5717 Β.
2482 5644 2528 5717 ³¹ῗ
2558 5644 2839 5717 eqvi-robe
2876 5644 2943 5699 N.
3014 5645 3066 5717 _'°
3091 5653 3150 5717 et
3197 5642 3347 5717 infra
3388 5641 3586 5717 Νισίεῃ
3628 5638 3782 5717 :uig.

601 5703 1043 5786 ἆπανταηῶνΒΊ
1067 5703 1114 5763 ἆ
1143 5710 1362 5786 πᾷντων
1388 5703 1533 5782 vulg.
1584 5703 1858 5786 ηι-μυρία
1881 5703 1941 5785 5;
1964 5714 2163 5786 1:.V'ai.
2196 5784 2204 5786 4
2241 5703 2294 5746 δῖ
2320 5716 2416 5786 καὶ
2472 5703 2626 5786 μὲν]’
2649 5703 2717 5786 «Ea;
2904 5715 3050 5785 conj.
3227 5703 3587 5786 “_'Ioos'-rtvc';
3632 5703 3782 5777 Ῡλὶῖ,

539 5779 906 5841 ’1ουττινιανὺς
957 5781 1097 5849 vuig.
1175 5782 1222 5812 ⁸⁸
1257 5779 1532 5836 ἀνέκειντο
1583 5779 1726 5854 vulg.
1770 5779 1780 5784 ’
1811 5784 1855 5814 ⁸⁵
1888 5779 1986 5855 μὲν
2009 5785 2116 5850 C|.,
2149 5784 2223 5855 μὴ
2254 5784 2399 5855 vulg.
2473 5779 2521 5817 “
2557 5779 2770 5856 ξυνᾴδει
2802 5783 2893 5852 H.,
2920 5779 3183 5852 ξὺνάξδεῖ
3215 5783 3358 5853 vulg.
