4096 6452
540 349 650 439 asa

1443 350 1836 411 EXCERPTA
1870 349 1972 410 EX
2009 350 2062 408 Μ
2075 349 2438 410 ENANDRO
2476 350 2971 414 PROTECTORE

3701 352 3812 416 884

541 461 772 526 ditioue,
807 466 868 514 ut
915 457 1144 529 pretium
1199 458 1317 530 ejus
1348 460 1659 530 acciperent
1698 471 1750 516 et
1772 461 1890 531 ejus
1925 461 2098 515 cessio

2227 458 2386 513 ὤνιόν
2418 459 2608 514 θέσθαι
2636 462 2738 530 τὴν
2786 462 3136 535 ἀπαλλαγήν.
3179 461 3290 516 Καὶ
3335 461 3474 534 πρός
3519 478 3583 531 γε
3615 465 3814 536 συνθή-

539 567 665 608 nem
723 551 1042 618 venderent,
1099 551 1406 620 multasque
1463 553 1598 607 alias
1645 551 2118 608 conventionesin

541 644 780 700 medium
829 643 1206 714 proponebant
1252 653 1433 713 turpes
1489 655 1543 700 et
1591 647 1839 717 indignas
1887 645 2118 700 Romanl

540 737 754 806 imperii
803 737 1107 807 majestate,
1155 747 1211 791 et
1259 752 1376 806 qua:
1425 736 1650 792 minime
1707 736 2116 804 existimationi,

2223 565 2326 612 κας
2356 549 2523 612 ἄλλας
2560 549 2716 615 τινὰς
2743 551 2855 608 δεῖν
2885 553 3127 624 ἔφασκον
3146 551 3427 623 γενέσθαι,
3475 553 3713 624 αίσχράς
3747 569 3811 607 τε

2223 641 2318 694 καὶ
2351 640 2581 706 ἀναξίας
2627 643 2728 714 τῆς
2758 640 3054 715 Ῥωμαίων
3089 645 3291 716 ἀρχῆς,
3331 645 3427 699 καὶ
3483 644 3810 715 βεϐαιούσας

2221 733 2475 804 οὐδαμῶς
2493 733 2592 806 τὴν
2621 736 2753 807 περὶ
2796 736 3064 807 βασιλέως
3105 738 3397 791 ’1ουστίνου
3444 739 3809 807 κρατήσασαν

539 844 701 898 quam
731 826 979 882 Justinus
1010 827 1238 897 adeptus
1273 837 1411 896 erat,
1463 828 1899 884 consentiebant.
1926 827 2101 884 Gravi:

2220 825 2400 892 δόξαν,
2441 827 2518 892 ῶς
2557 829 2674 882 ἐστι
2714 829 2860 900 μάλα
2901 830 3176 902 ἐμϐριθής
3205 847 3265 885 τε
3300 832 3398 885 καὶ
3451 829 3809 901 κατηκριϐω-

541 920 688 976 enim
735 930 791 974 et
834 920 961 974 elati
1001 921 1167 974 animi
1223 921 1326 984 vir,
1395 928 1450 976 et
1483 920 1573 990 qui
1607 921 1786 976 omnia
1831 921 2118 990 diligenter

535 1010 915 1080 perpenderet,
945 1010 1266 1066 habebatur.
1293 1010 1424 1079 Quae
1447 1026 1569 1066 cum
1594 1009 1828 1065 Joannes
1852 1012 2114 1075 audisset,

535 1117 710 1173 neque
742 1103 877 1156 satis
913 1102 976 1154 ad
1009 1118 1093 1169 ea,
1149 1118 1268 1172 quae.
1319 1102 1617 1172 imperator
1652 1103 1725 1157 illi
1757 1111 2113 1173 praeceperat,

532 1193 880 1262 advertisset,
924 1195 1300 1265 imprudenter
1329 1196 1479 1264 fecit,
1515 1207 1571 1252 et
1605 1199 1671 1251 ad
1700 1197 1916 1253 Suanos
1947 1196 2114 1263 misit,

531 1287 622 1356 qui
659 1280 839 1358 regem
879 1303 1069 1343 eorum
1129 1288 1434 1343 salutarent
1478 1289 1701 1361 ejusque
1727 1292 1954 1362 gratiam
1988 1305 2140 1345 con-.

531 1378 805 1451 ciliareut.
848 1379 925 1433 Eo
954 1381 1310 1436 a-bsurditatis
1345 1397 1465 1436 eum
1490 1382 1784 1452 pellexerat
1819 1383 2113 1443 Chosroes.

530 1469 632 1536 Qui
661 1471 861 1526 callide
897 1471 1000 1526 hoc
1023 1481 1362 1528 commentus
1391 1474 1463 1527 ita
1495 1473 1750 1541 instituit,
1782 1482 1840 1528 ut
1866 1473 2111 1542 haberet,

528 1564 670 1630 quod
703 1567 860 1634 quasi
895 1563 1019 1635 jure
1052 1582 1151 1622 suo
1188 1567 1420 1633 diceret,
1452 1565 1664 1622 Suanos
1691 1567 1839 1638 ipsos
1861 1568 2113 1638 quamvis

530 1666 748 1727 rogatos
781 1656 1041 1713 Romanis
1073 1673 1265 1727 parcre
1318 1673 1622 1714 recusasse.
1672 1661 1908 1714 Neverat
1941 1661 2108 1727 enim,

525 1760 791 1816 quantum
845 1750 1006 1818 quia
1061 1750 1272 1806 Joanne
1308 1751 1462 1806 missi
1516 1752 1752 1820 fuerant,
1811 1753 2108 1808 eﬂicereut.

529 1839 640 1894 Nec
666 1841 834 1896 multo
859 1851 979 1912 post
1009 1842 1282 1899 Chosroes
1309 1844 1584 1914 pollicitus
1608 1853 1711 1911 est,
1767 1858 1828 1900 se
1870 1844 2106 1914 legatum
2142 1821 2184 1882 Β

527 1934 596 1987 :ul
641 1934 1010 1990 Romanorum
1048 1936 1432 2008 imperatorem
1492 1939 1784 1992 missurum
1833 1953 1978 2003 esse,
2012 1938 2104 2007 qui

532 2027 646 2083 haec
673 2027 854 2082 omnia
881 2039 1253 2099 componeret,
1282 2040 1336 2083 et
1367 2045 1618 2085 reversus
1637 2041 1721 2084 est
1738 2027 1976 2085 Joannes
2006 2031 2106 2102 By-

527 2118 786 2174 zantium.
1026 2170 1028 2179 .
1087 2178 1110 2192 ί,

597 2209 649 2264 ϐ.
685 2211 771 2282 (Α.
796 2212 860 2266 C.
887 2211 992 2267 566
1020 2211 1137 2267 Ind.
1175 2212 1244 2276 14
1285 2212 1487 2269 Justini
1515 2213 1595 2286 2.)
1617 2215 1858 2269 Justinus
1879 2215 2106 2285 impera-

526 2313 611 2359 tor
661 2302 748 2359 ubi
782 2303 991 2374 accepit
1028 2301 1292 2366 Joannem
1341 2305 1551 2379 legatos
1611 2306 1663 2360 iu
1696 2305 1952 2360 Suaniam
2001 2307 2105 2362 mi-

523 2395 682 2461 sisse,
728 2395 944 2450 Suanos
995 2403 1175 2450 autem
1209 2411 1269 2452 se
1301 2412 1407 2452 non
1471 2395 1701 2468 imperio
1729 2395 2102 2454 Romanorum

519 2487 838 2559 sultjecisse,
886 2485 1126 2556 graviter
1173 2487 1506 2558 molesteque
1556 2487 1677 2543 tulit
1736 2497 1792 2543 et
1837 2487 2100 2544 Joannem

519 2578 808 2653 legationis
855 2595 964 2636 non
1014 2597 1079 2636 ex
1131 2580 1366 2636 utilitate
1400 2581 1476 2636 rei
1508 2582 1737 2652 publica:
1769 2593 1934 2654 gestae
1973 2599 2104 2638 con-

2224 917 2408 988 μένος.
2437 919 2712 998 Ἰωάννης
2739 921 2798 977 δέ
2830 923 2900 977 τὰ
2923 923 3102 977 τοιάδε
3131 922 3410 995 ἀκηκοὼς,
3437 924 3535 978 καὶ
3578 924 3639 975 οὐ
3673 922 3808 992 σφό-

2218 1011 2322 1083 δρα
2371 1013 2475 1082 τῆς
2518 1015 2613 1069 τοῦ
2665 1015 3068 1088 αὐτοκράτορος
3111 1017 3513 1089 στοχαζόμενος
3551 1017 3805 1086 γνώμης,

2217 1112 2558 1169 ἀϐουλότατα
2616 1109 2948 1183 διεπράξατο
2977 1127 2991 1142 ο
3030 1110 3240 1163 ἔστειλε
3292 1107 3402 1180 γὰρ
3461 1107 3611 1177 παρά
3636 1106 3812 1159 Σουά-

2217 1222 2364 1270 νους,
2400 1204 2492 1258 τὸν
2516 1203 2666 1274 σφῶν
2696 1202 2921 1274 βασιλέα
2956 1203 3285 1274 βουλόμενος
3307 1197 3693 1264 δεξιώσασθαι,
3715 1198 3808 1251 δε-

2217 1298 2513 1361 λεάσαντος
2536 1296 2629 1350 οὖν
2659 1296 2824 1350 αὐτὸν
2849 1297 2909 1359 ἐς
2925 1294 3087 1349 τοῦτο
3133 1293 3371 1349 ἀτοπίας
3417 1291 3614 1346 ἐλθεῑθ
3635 1289 3806 1344 αὐτοῦ

2220 1389 2492 1463 Χοσρόου,
2533 1391 2842 1460 ἐσκήπτετο
2871 1389 2928 1442 δέ
2965 1387 3027 1442 τὸ
3058 1387 3263 1441 τοιόνδε
3310 1385 3406 1439 καὶ
3460 1384 3803 1453 ἐμηχανᾶτο,

2215 1482 2366 1546 ὅπως
2397 1481 2574 1536 ἔσοιτό
2596 1482 2642 1516 ⁵⁸
2670 1497 2736 1550 γε
2767 1479 2915 1551 αὐτῷ
2937 1481 2995 1545 ἐς
3014 1477 3384 1548 δικαιολογίαν
3422 1476 3568 1541 τινὰ,
3600 1473 3676 1537 ὡς
3701 1475 3804 1526 αὐ-

2213 1574 2298 1627 τοὶ
2329 1573 2579 1639 Σουάνοι,
2639 1572 2819 1626 καίτοι
2858 1570 3294 1642 προτραπέντες,
3360 1568 3462 1621 οὐκ
3519 1567 3798 1637 ἀνάσχετα

2213 1663 2492 1719 ποιοῦνται
2530 1663 2822 1735 Ῥωμαίοις
2895 1657 3217 1717 ὑπακούειν.
3260 1659 3624 1729 Ἐξηπίστατο
3685 1656 3801 1725 γὰρ

2214 1757 2295 1810 ὅτι
2327 1753 2420 1811 οὖν
2447 1757 2666 1827 ὤνησαν
2713 1757 2763 1810 οἱ
2805 1755 2944 1826 πρὸς
2978 1753 3228 1808 Ἰωάννου
3281 1750 3594 1814 σταλέντες.
3643 1749 3802 1802 Μετά

2213 1849 2387 1903 ταῦτα
2414 1847 2790 1918 ἐπηγγείλατο
2845 1844 3094 1917 Χοσρόης
3152 1842 3392 1898 στέλλειν
3452 1838 3801 1910 πρεσϐευτὴν

2211 1941 2287 2004 ὡς
2315 1941 2538 2012 βασιλέα
2584 1939 2895 2010 Ῥωμαίων,
2935 1937 3028 1992 τὸν
3085 1936 3262 1991 ταῦτα
3310 1937 3528 1990 ἅπαντα
3563 1935 3621 1986 ἐν
3645 1933 3801 1985 δέον-

2212 2052 2266 2087 τι
2299 2035 2344 2066 ⁵⁷
2377 2033 2866 2103 καταστησόμενον
2893 2048 2905 2061 °
2937 2032 3034 2085 xui
3101 2028 3393 2095 ἀνέζευξεν
3437 2024 3696 2095 Ἰωάννης
3740 2027 3800 2090 ἐς

2208 2125 2269 2180 τὺ
2298 2124 2594 2188 Βυζάντιον

2281 2225 2354 2282 ς’.
2387 2218 2511 2270 ’Ότι
2562 2215 2848 2278 Ἰουστῖνος
2871 2213 2900 2266 ό
2952 2212 3206 2284 βασιλεὺς
3246 2210 3369 2266 ἐπεὶ
3407 2209 3664 2272 ἐπύθετο,
3719 2206 3799 2270 ὡς

2207 2313 2268 2365 ἐν
2295 2309 2530 2381 Σουανίᾳ
2557 2309 2641 2379 εἴη
2667 2306 2916 2377 πέμψας,
2946 2305 3043 2359 καὶ
3087 2307 3172 2358 ὅτι
3221 2305 3332 2366 τοῖς
3373 2289 3668 2370 Ῥωμαίων
3730 2299 3798 2350 οὐ

2207 2399 2538 2472 προσέθεντο
2574 2397 2822 2459 Σουάνοι,
2876 2394 3258 2466 ἐχαλέπαινεν,
3311 2386 3399 2445 οἶα
3449 2390 3619 2451 εικός.
3677 2388 3794 2440 Καὶ

2206 2491 2668 2563 παραπρεσϐείας,
2691 2490 2943 2561 ἐκρίνετο
2985 2487 3266 2556 Ἰωάννης,
3297 2484 3395 2538 ἅτε
3449 2481 3511 2536 οὐ
3557 2480 3696 2551 πρὸς
3729 2478 3796 2532 τδ

2206 2587 2456 2639 συνοῖσον
2483 2587 2554 2656 τῇ
2585 2583 2836 2654 πολιτείᾳ
2852 2579 3322 2651 διαπραξάμενος.
3355 2575 3492 2630 Οὐδὲ
3519 2573 3631 2644 γὰρ
3655 2572 3794 2642 χρῆ-

520 2672 818 2728 demnavil.
851 2672 963 2742 Nec
1014 2674 1156 2730 enim
1181 2689 1242 2729 se
1269 2661 1465 2740 inscio,
1491 2683 1586 2728 aut
1608 2690 1712 2730 non
1735 2673 1980 2741 iubente,
2004 2677 2101 2730 de-

2203 2695 2292 2732 ναι
2326 2677 2490 2731 αὑτὸν
2536 2674 2744 2744 ἔφασκε
2791 2673 3018 2737 στεῖλαι,
3051 2670 3169 2738 εῐγε
3208 2667 3283 2740 μὴ
3313 2665 3474 2720 τοῦτο
3503 2661 3795 2718 ἐνεκελεύ-

519 2763 706 2820 bulsse
757 2765 975 2822 mittere
1024 2776 1079 2822 et
1105 2781 1173 2822 ex
1234 2765 1338 2823 hoc
1368 2765 1716 2824 occasionem
1745 2766 1927 2823 Persis
1961 2784 2100 2839 prte-

2205 2788 2338 2826 σατο
2374 2771 2402 2822 ὁ
2436 2766 2693 2840 βασιλεύς
2720 2781 2736 2797 ⁶
2768 2767 2878 2820 κάκ
2899 2762 3097 2817 τούτου
3127 2760 3312 2815 δοῦναι
3340 2757 3619 2828 πρόφασιν
3645 2754 3793 2824 Πέρ-

519 2856 671 2922 bere,
707 2873 813 2928 qua
846 2873 997 2913 suam
1027 2858 1350 2930 iniustitiam
1384 2868 1650 2929 tegerent,
1685 2869 1740 2916 et
1763 2862 1938 2930 palam
1962 2878 2101 2933 prae-

2204 2881 2328 2927 σαις
2361 2863 2422 2915 τὸ
2452 2861 2700 2930 ἀδίκημα
2733 2855 3068 2923 ξυσκιὰξειν,
3097 2854 3193 2908 καὶ
3221 2852 3523 2921 προφέρειν
3561 2846 3788 2911 λόγους,

518 2949 803 3013 dicareut,
863 2949 1080 3006 Suanos
1146 2951 1294 3020 ipsos
1360 2951 1736 3007 Romanorum
1809 2954 2096 3025 imperium

2202 2957 2276 3022 ὡς
2309 2956 2465 3008 αὐτοὶ
2499 2952 2724 3006 Σονάνοι
2764 2949 3116 3020 ἀπηνήναντο
3157 2944 3231 2998 τὰ
3272 2941 3586 3010 Ῥωμαίων.
3640 2936 3790 2990 Ἀλλ’

521 3041 878 3097 detrectasse.
906 3040 1016 3096 Nec
1046 3043 1191 3098 enim
1239 3043 1384 3098 hanc
1429 3042 1497 3098 ab
1527 3043 1756 3116 imperio
1789 3049 2097 3118 suscepisse

2202 3047 2324 3103 οὒδέ
2348 3049 2406 3101 ἐν
2431 3047 2572 3118 ἀρχῇ
2599 3044 2699 3116 τὴν
2727 3041 2987 3112 τοιαύτην
3022 3034 3432 3111 προσδέξασθαι
3455 3031 3788 3102 πρόκλησιν,

520 3131 879 3202 provinciam,
908 3141 966 3187 ut
992 3141 1087 3208 aut
1117 3133 1319 3190 Suanis
1364 3133 1640 3204 suaderet,
1668 3145 1725 3190 ut
1751 3151 1808 3192 se
1840 3137 2096 3194 Romanis

2203 3136 2531 3211 ἣΣουάνους
2583 3131 2996 3206 προτρέψασθαι
3044 3126 3185 3182 εἶναι
3236 3126 3342 3181 ὑπὸ
3385 3121 3719 3193 Ῥωμαίους,
3737 3120 3788 3214 Ῠῆ

517 3224 832 3290 subderent,
867 3234 964 3282 aut
1015 3226 1174 3297 hujus
1222 3227 1301 3283 rei
1328 3226 1502 3298 gratia
1532 3226 1852 3300 Byzantium
1891 3229 2098 3299 legatus

2202 3231 2391 3285 τούτου
2418 3246 2482 3299 γε
2513 3227 2678 3280 ἔνεκα
2732 3223 3076 3293 πρεσϐευτὴν
3105 3219 3153 3255 ⁸⁸
3193 3220 3252 3273 ἐν
3293 3215 3576 3285 Βυζαντίῳ
3620 3213 3786 3282 γενέ-

517 3316 752 3371 veniret.
790 3316 1051 3373 Neutrum
1109 3312 1254 3374 enim
1306 3320 1534 3389 imperio
1581 3319 1826 3376 Romano
1875 3321 2095 3395 dignum

516 3425 640 3466 esse
663 3410 1033 3466 existimabat.
1085 3411 1271 3488 Itaque
1298 3411 1566 3470 Joannem
1618 3413 1914 3484 imperator
1954 3430 1985 3469 a
2037 3430 2096 3472 se

516 3497 884 3554 abalienatum
917 3500 1126 3556 dimisit
1174 3508 1444 3570 eteorum
1481 3518 1709 3566 numero
1745 3504 1951 3571 habuit,
2001 3507 2091 3577 qui

515 3589 738 3644 minime
756 3591 1025 3647 commodi
1058 3591 1189 3649 suis
1221 3596 1384 3649 rebus
1416 3602 1602 3650 essent
1631 3607 1646 3648 :
1673 3603 1783 3648 tum
1817 3597 2094 3668 excogita-

512 3680 610 3742 vit,
659 3696 766 3751 qua
821 3684 1038 3740 ratione
1067 3684 1372 3742 inconsulte
1419 3684 1558 3742 facta
1593 3685 1646 3741 in
1683 3686 1876 3743 melius
1905 3690 2093 3743 corri-

513 3781 684 3837 geret.
1231 3831 1234 3834 .

586 3861 636 3917 7.
671 3862 760 3936 (A.
804 3864 867 3921 C.
901 3866 1006 3922 568
1052 3868 1169 3924 Ind.
1216 3868 1252 3924 2
1307 3868 1615 3941 Justinl‘d.)
1644 3868 1915 3941 Justinus,
1965 3889 2088 3929 cum

513 3950 698 4020 Turci,
731 3957 824 4026 qui
855 3955 1008 4013 Sacae
1035 3959 1342 4030 antiquitus
1372 3961 1728 4029 vocabantur,
1761 3963 1966 4036 legatos
2022 3965 2089 4020 ad

511 4061 635 4100 eum
683 4046 749 4102 de
786 4062 920 4122 pace
947 4049 1247 4119 misissent,
1272 4052 1558 4128 consilium
1586 4055 1730 4126 cepit
1763 4056 2086 4126 legationem

493 4151 726 4206 quoque
749 4140 816 4205 ad
847 4155 941 4195 eos
973 4141 1212 4198 mittere.
1253 4142 1441 4215 ltaqne
1470 4145 1769 4203 Zemarcho
1793 4146 1970 4216 Cilici,
1996 4151 2086 4218 qui

513 4239 641 4283 tunc
692 4233 951 4302 temporis
985 4244 1104 4290 erat
1133 4235 1420 4304 praefectus
1445 4239 1661 4294 urbium
1691 4239 1953 4308 Orientis,
1973 4242 2087 4310 jus-

507 4322 599 4387 sit,
626 4333 687 4375 ut
716 4322 790 4398 ad,
823 4337 940 4378 eam
971 4340 1033 4381 se
1062 4339 1411 4398 praepararet.
1446 4327 1497 4386 ιε
1525 4345 1648 4386 cum
1677 4333 1986 4388 necessaria
2015 4333 2082 4388 ad

508 4419 616 4466 tam
665 4413 880 4482 longum
925 4417 1031 4478 iter
1074 4430 1470 4490 comparasset,
1502 4421 1648 4478 circa
1702 4423 1865 4479 ﬁnem
1899 4425 2082 4496 quarti

2201 3324 2345 3378 σθαι.
2421 3321 2719 3390 Οὑδέτερον
2753 3317 2863 3390 γὰρ
2912 3314 2973 3390 ἐξ
3035 3312 3239 3384 ἀμφοῖν
3309 3307 3586 3380 εὐπρεπὲς
3637 3301 3787 3357 εἶναι

2195 3419 2262 3488 τῇ
2300 3412 2548 3484 πολιτείᾳ
2581 3411 2850 3482 ἡγήσατο.
2891 3406 3147 3476 Ἰωάννην
3175 3399 3270 3482 οὖν
3300 3399 3718 3472 περιφρονήσας
3756 3398 3791 3449 δ

2195 3505 2557 3576 αὐτοκράτωρ
2590 3505 2649 3558 ἐν
2674 3503 2741 3574 τῇ
2777 3500 2888 3555 τῶν
2929 3495 3326 3565 ἀνεπιτηδείων
3379 3491 3537 3554 ἔταξε
3589 3489 3785 3560 μοίρᾳ,

2195 3599 2584 3674 ἐγνωμάτευσε
2616 3597 2673 3650 δέ
2702 3596 2851 3659 ὅπως
2887 3593 2957 3648 τὰ
2997 3583 3372 3664 ἡμαρτημένα
3407 3582 3468 3640 εὖ
3499 3583 3742 3654 διαθείη.

2265 3865 2331 3928 ζ’.
2368 3863 2492 3915 ’Ότι
2520 3861 2630 3914 τῶν
2652 3857 2938 3928 Τούρκων,
2965 3853 3076 3908 τῶν
3109 3851 3302 3907 Σακῶν
3338 3848 3693 3920 καλουμένων
3717 3846 3781 3901 τὺ

2195 3937 2384 4022 παλαι,
2417 3950 2717 4023 πρεσϐείας
2737 3942 3127 4019 ποιησαμένων
3150 3945 3290 4017 πρὸς
3329 3943 3619 3998 ’1ουστϊνον
3643 3939 3778 4010 περὶ

2194 4046 2439 4117 εἰρήνης,
2489 4044 2549 4096 ἐν
2583 4040 2748 4112 βουλῇ
2799 4039 3100 4110 ἐποιήσατο
3127 4037 3157 4088 ὁ
3201 4031 3457 4107 βασιλεὺς
3486 4032 3770 4100 ἐκπέμψαι

2191 4137 2493 4210 πρεσϐείαν
2511 4134 2587 4198 ὡς
2607 4130 3050 4205 Τοὺρκους..ι(αὶ
3081 4129 3145 4200 δὴ
3170 4127 3450 4199 Ζημᾶρχῳ
3478 4123 3552 4196 τῷ
3575 4121 3764 4174 Κίλικι

2189 4229 2342 4297 ἔλεγε
2372 4223 2893 4300 παρασκευάζεσθαι
2921 4223 3017 4277 ἐπὶ
3047 4221 3243 4292 τούτῳ,
3271 4220 3331 4284 ὂς
3362 4220 3476 4274 τῶν
3520 4215 3654 4287 προς
3687 4213 3770 4268 ἐω

2189 4323 2401 4376 πόλεων
2456 4319 2763 4390 τηνικαῦτα
2825 4316 3042 4387 ὑπῆρχε
3097 4303 3428 4387 στρατηγός.
3496 4309 3653 4364 Ἐπεὶ
3678 4303 3774 4362 οὖν

2190 4416 2408 4470 ᾶπαντα
2428 4411 2581 4483 αὑτῷ
2599 4413 2665 4467 τὰ
2689 4412 2790 4466 ὅσα
2811 4401 3192 4481 πρδςμακρὰν
3215 4408 3338 4461 ὁδὸν
3357 4403 3706 4476 ἐξηρτυμένα
3726 4402 3779 4434 ⁸⁸

503 4505 630 4558 anni
658 4506 869 4573 imperii
899 4507 1125 4579 Justini,
1156 4522 1350 4568 exacto
1400 4517 1640 4569 secundo
1677 4493 2084 4586 quindecenna-

2202 4503 2280 4578 ἣν,
2308 4506 2471 4577 ἡνίκα
2502 4503 2640 4574 πρὸς
2689 4504 2752 4555 τδ
2780 4503 2956 4573 πέρας
2983 4499 3180 4572 ἠνύετο
3211 4499 3312 4568 τῆς
3345 4496 3637 4551 ’1ουστίνου
3670 4493 3774 4564 βα-
3841 4518 3863 4528 ι

505 4595 572 4649 lis
607 4593 764 4666 152
800 4599 1006 4669 periodi
1050 4591 1216 4670 anno,
1262 4603 1417 4662 initio
1447 4606 1672 4670 mensis,
1726 4607 1819 4678 qui
1875 4607 2084 4663 Latinis

505 4699 734 4743 vocatur
747 4689 1042 4762 Augustus,
1061 4695 1336 4765 profectus
1353 4696 1781 4771 Byzantio,viam
1809 4700 2084 4770 ingressus

505 4783 590 4830 est
624 4792 727 4832 una
751 4795 873 4834 cum
897 4781 1179 4840 Maniacho
1197 4795 1250 4841 et
1275 4787 1388 4856 suis
1417 4791 1729 4846 comitibus.

581 5042 637 5098 8.
700 5043 995 5102 Multorum
1042 5050 1251 5106 dierum
1293 5053 1488 5109 itinere
1518 5062 1827 5124 peragrato,
1856 5052 2080 5108 Zemar-

500 5139 638 5194 chus
667 5147 722 5194 et
745 5141 837 5210 qui
860 5156 982 5196 cum
1015 5157 1080 5199 eo
1107 5154 1286 5213 erant,
1325 5160 1445 5200 cum
1470 5147 1522 5200 in
1553 5145 1826 5217 regionem
1856 5143 2082 5216 Sogdai-

503 5239 678 5286 tarum
720 5236 1116 5303 pervenissent,
1151 5246 1212 5292 ut
1236 5255 1300 5293 ex
1337 5239 1492 5308 equis
1524 5238 1943 5303 descenderunt,
1980 5235 2080 5293 ob-

497 5323 616 5378 vios
643 5324 950 5381 habuerunt
979 5342 1044 5383 ex
1079 5327 1271 5386 Turcis
1321 5330 1632 5396 nonnullos,
1667 5328 1734 5385 ad
1766 5329 1818 5384 id
1855 5328 2074 5396 missos,

497 5415 590 5484 qui
619 5415 824 5473 ferrum
848 5420 1189 5477 vendendum
1230 5421 1514 5488 offerrent,
1544 5423 1756 5491 opinor,
1787 5427 1848 5474 ut
1875 5419 2079 5474 indica-

2186 4598 2392 4660 σιλείας
2425 4597 2486 4650 τὸ
2539 4595 2802 4667 τέταρτον
2827 4595 2969 4658 ἔτος,
2999 4593 3079 4665 τῷ
3101 4593 3341 4662 δευτέρῳ
3395 4588 3632 4659 ἐνιαυτῷ
3669 4587 3775 4656 τῆς

2185 4685 2839 4756 πεντεκαιδεκαετηρίδος
2877 4685 3204 4756 περιφορᾶς,
3241 4682 3374 4752 περὶ
3401 4681 3472 4734 τὰ
3499 4679 3778 4749 προοίμια

2182 4777 2280 4834 τοῦ
2303 4778 2456 4851 παρὰ
2472 4777 2724 4841 Λατίνοις
2747 4765 3067 4845 Αὐγούστου
3097 4775 3290 4846 μηνὸς,
3307 4777 3336 4828 ὁ
3364 4774 3463 4844 μὲν
3477 4774 3781 4844 Ζήμαρχος

2185 4872 2402 4943 ἀπῆρεν
2439 4871 2504 4924 ἐκ
2537 4867 2838 4934 Βυζαντίου
2865 4868 2962 4936 ξὺν
2990 4869 3139 4940 αὐτῷ
3177 4870 3222 4902 ⁸⁸
3265 4867 3534 4937 Μανιάχῳ
3581 4867 3625 4899 ⁶¹
3677 4865 3778 4919 καὶ
3815 4929 3824 4936 _

2181 4965 2296 5026 τοίς
2316 4946 2465 5032 ἀμφί
2479 4961 2664 5016 αὐτόν.

2251 5052 2324 5123 η’.
2361 5053 2484 5106 Ὅτι
2513 5051 2726 5106 πολλῶν
2751 5051 2979 5123 ἡμερῶν
3002 5038 3128 5104 ’ὁδον
3157 5049 3515 5112 διανύσαντες
3542 5049 3593 5101 oi
3639 5051 3780 5119 περὶ

2182 5147 2498 5220 Ζήμαρχον,
2524 5147 2716 5218 ἐπειδὴ
2750 5146 3004 5217 παρῆσαν
3041 5146 3099 5198 ἐν
3137 5147 3252 5208 τοῖς
3297 5145 3342 5178 ⁸³
3393 5143 3502 5197 τῶν
3542 5143 3777 5211 Σογδαῖ-

2181 5239 2291 5292 τῶν
2332 5242 2540 5305 τόποις,
2600 5239 2840 5309 ὁπηνίκα
2875 5239 2987 5293 τῶν
3041 5241 3228 5293 ἵππων
3283 5235 3594 5308 ἀπέϐησαν,
3662 5235 3778 5288 τῶν

2186 5329 2449 5402 Τούρκων
2492 5332 2625 5387 ἔνιοι
2688 5331 2800 5403 (ὡς
2860 5331 3059 5398 ἔοικεν,
3115 5331 3176 5395 ἐς
3233 5329 3392 5384 τοῦτο
3431 5327 3772 5398 ἀνειμένοι),

2187 5419 2350 5476 ὤνιόν
2381 5439 2534 5492 σφισι
2570 5423 2899 5495 προΐσχοντο
2957 5405 3198 5493 σίδηρον,
3238 5419 3395 5493 οἶμαι
3426 5419 3506 5492 τῷ
3535 5421 3772 5489 ποιήσαι

1782 5584 2016 5639 vanus
2060 5579 2459 5637 LECTIONES.
2529 5661 2532 5666 _

567 5707 829 5784 “ﬁgat-co
873 5709 1174 5784 ναμε-ὅσοι
1208 5711 1267 5784 το
1306 5713 1448 5784 vulg.

1528 5716 1572 5786 ξ’
1600 5719 1657 5767 ἐν
1680 5718 1853 5771 δέοντι
1883 5716 1974 5784 11.,
2007 5719 2189 5773 ἐνδέον
2238 5717 2392 5786 vulg.

2474 5718 2518 5804 ξς
2549 5717 2892 5804 πρεσϐευτὴς
2935 5719 3082 5790 vulg.
3161 5721 3204 5750 ⁵³
3237 5734 3583 5789 εςηρτημενα
3609 5721 3757 5791 vulg.

498 5775 541 5807 ⁸ο
565 5774 733 5845 αὐτῷ]
765 5777 834 5832 αὖ
876 5780 954 5850 τῷ
1008 5779 1073 5835 ll.
1151 5784 1190 5814 “
1218 5774 1482 5854 Μανιὰχῳ
1516 5785 1608 5852 11.,
1639 5789 1917 5859 Μανιάχον
1941 5774 2085 5859 vulg.
2162 5789 2206 5820 δ’
2241 5789 2298 5841 ἐν
2326 5774 2436 5850 ἷοῖς
2467 5786 2554 5852 Νι,
2587 5774 2770 5852 ἀύτοῖῖ
2798 5774 2943 5857 "lli?-

2527 5861 2555 5882 ο
