4096 6416
474 306 577 374 891

1329 303 1727 366 EXCERPTA
1765 307 1868 368 EX
1907 305 2332 367 MENANDRO
2371 303 2875 369 PROTECTORE

3640 309 3748 374 892

484 429 646 485 etiam
669 424 737 480 ad
751 419 1192 480 consuetudinem
1219 419 1540 475 trahendam
1559 419 1715 475 esse?
1735 417 1873 486 Quid
1903 419 2068 489 igitur

2170 418 2263 470 καὶ
2306 417 2449 488 ὑπὲρ
2485 416 2596 470 τῶν
2629 417 3060 490 κεκρατημένων
3090 417 3302 488 ἑτέροις
3351 418 3612 491 χρήματα
3641 438 3747 475 κα-

482 521 552 574 dc
604 514 881 572 Usdibado
933 511 1228 567 faciemus?
1279 510 1505 565 vobisne
1552 524 1675 580 enm
1731 509 2060 566 reddemus?

490 621 596 661 non
624 621 811 660 sumus
835 604 971 659 adeo
1004 605 1282 658 dementes
1310 611 1363 656 et
1391 601 1594 665 stolidi,
1628 610 1680 656 ut
1713 612 1899 657 nostra
1929 616 2062 671 pro-

489 699 796 762 fundamus,
829 697 1062 750 masime
1088 697 1138 749 in
1175 695 1467 759 Barbaros,
1505 705 1560 748 et
1589 709 1705 758 eos,
1737 696 1830 764 qui
1859 705 2061 750 nostrae

491 791 804 861 reipublicae.
856 789 1044 860 gravia
1076 790 1270 842 damna
1303 789 1624 842 intulerunt.
1655 787 1757 856 Qui
1783 788 1927 843 enim
1954 788 2061 843 im-

493 881 820 950 peratoriam
891 878 1416 948 majestatenvante
1467 893 1566 934 nos
1635 879 2060 945 administravit,

487 973 722 1038 (lepidas
746 979 1004 1040 vagantes
1039 968 1272 1037 excepit,
1314 977 1370 1023 et
1427 968 1533 1023 illis
1587 970 1860 1041 regionem
1915 971 2062 1024 circa

489 1062 772 1123 Sirmium,
788 1048 956 1127 quam
989 1057 1308 1122 incolerent,
1329 1059 1624 1124 distribuit,
1649 1060 1850 1115 Deinde
1870 1071 2064 1116 exorto

489 1157 631 1209 inter
652 1155 808 1224 ipsos
836 1164 890 1208 et
919 1152 1313 1223 Longobnrdos
1343 1153 1505 1217 bello,
1551 1154 1716 1210 sociis
1746 1155 1970 1222 nostris,
2003 1165 2065 1211 ut

487 1253 586 1316 per
635 1257 776 1308 erat,
827 1261 985 1315 Opem
1037 1247 1281 1310 tulimus.
1335 1255 1394 1302 et
1439 1245 1810 1302 Romanorum
1861 1248 2065 1306 auxilio

489 1337 706 1408 Gepida
724 1338 1003 1404 vicissent,
1024 1338 1126 1392 nisi
1145 1338 1395 1394 servilem
1418 1338 1659 1393 animum
1675 1340 2061 1408 prodidissent.

489 1428 622 1484 Nam
641 1431 781 1484 mala
801 1439 987 1484 mente
1005 1426 1445 1486 benefactoribus
1465 1432 1581 1486 suis
1603 1432 1788 1488 infesti
1817 1432 2063 1500 fuerunt,

487 1529 542 1574 et
583 1535 680 1589 pro
731 1517 1012 1575 beneﬂciis
1061 1519 1116 1574 in
1161 1533 1258 1575 eos
1299 1519 1512 1577 collatis
1562 1522 1809 1590 insidias,
1866 1523 1919 1578 in
1953 1538 2065 1592 quo

487 1610 632 1664 nulla
667 1610 824 1665 venia
854 1609 1003 1678 digni
1028 1619 1177 1675 sunt,
1225 1611 1382 1666 nobis
1413 1620 1769 1678 struxerunt;
1804 1611 2067 1670 Romanis

491 1713 672 1756 tatncn
700 1701 923 1755 minime
944 1701 1117 1755 visunt
1143 1711 1228 1755 est
1255 1703 1506 1758 homines
1530 1703 1768 1773 ingratos
1790 1708 2062 1775 persequi,

489 1794 582 1863 qui
621 1805 898 1863 nunquam
928 1792 1122 1862 dignas
1155 1806 1346 1862 pinnas
1377 1809 1476 1862 pro
1504 1796 1744 1862 peccatis
1776 1797 1908 1851 dare
1937 1813 2068 1866 pos-

2165 508 2430 564 ταθεῖναι.
2477 509 2550 563 Οὐ
2585 508 2692 580 7&9
2719 509 2998 580 ἀποχρῶν,
3033 510 3082 564 εί
3132 509 3436 581 φανείημεν
3468 510 3615 578 ἅπαξ
3651 513 3750 566 τοῦ

2166 601 2235 654 τὰ
2273 601 2460 654 δέοντα
2499 604 2718 673 φρονεῖν
2767 601 3152 673 ἐστερημένοι,
3204 601 3341 656 ἀλλά
3382 602 3492 673 7&9
3545 604 3640 656 καὶ
3668 606 3753 668 εἰς

2170 693 2458 766 συνήθειαν
2493 693 2675 749 ἕλκειν
2723 696 2822 765 τὴν
2868 693 3185 764 ἀφροσύνην
3213 694 3392 748 οἴεσθε
3441 694 3485 725 ’⁸
3517 695 3663 761 δεῖνς
3697 695 3752 748 τί

2167 781 2262 840 οὖν
2309 785 2572 856 ποιοῦμεν
2620 787 2713 840 τὸν
2774 785 3139 854 Οὐσδίϐαδον;
3200 786 3331 854 ὑμῖν
3377 786 3754 856 ἁποδοίημεν;

2168 878 2267 948 οὐχ
2292 877 2436 931 οὕτω
2450 877 2782 948 πεφύκαμεν
2799 876 3021 947 ἠλίθιοι,
3045 877 3188 932 ὥστε
3209 877 3278 930 τά
3302 878 3549 948 ἡμέτερα
3581 894 3755 930 κατα-

2169 969 2470 1038 προέσθαι,
2520 969 2822 1024 καὶταῦτα
2859 968 3158 1040 βαρϐάροις
3210 969 3305 1022 καὶ
3329 970 3757 1040 λυμαινομένοις

2168 1061 2236 1131 τῇ
2265 1060 2386 1114 καθ’
2419 1061 2568 1131 ήμᾶς
2596 1060 2946 1131 πολιτείᾳτὈ
2970 1060 3080 1132 γὰρ
3135 1061 3243 1131 πρὸ
3286 1061 3444 1132 ήμῶν
3486 1062 3549 1114 τὺ
3596 1062 3758 1132 {inab

2171 1150 2314 1204 λειον
2357 1151 2784 1222 ἀναδεδεγμένος
2836 1151 3034 1222 κράτος
3086 1151 3368 1222 Γήπαιδας
3405 1151 3676 1224 ἐπήλυδας
3707 1155 3757 1187 ’³

2172 1242 2331 1315 ὂντας
2361 1244 2766 1314 εἰσεποιήσατο,
2795 1245 2892 1298 καὶ
2928 1243 3114 1316 χώραν
3141 1244 3326 1308 αὐτοῖς
3355 1245 3620 1314 ἀπένειμε
3652 1245 3760 1315 τὴν

2172 1335 2301 1406 περὶ
2321 1334 2380 1389 τὸ
2407 1333 2654 1406 Σίρμιον,
2679 1332 2801 1390 εἶτα
2829 1337 2927 1390 καὶ
2953 1336 3191 1408 πολέμου
3217 1336 3533 1409 κινηθέντος
3562 1338 3754 1401 αὐτοῖς

2171 1425 2247 1490 ὡς
2277 1426 2716 1497 Δογγοϐἀρδους,
2743 1426 2933 1498 ὥσπερ
2975 1428 3123 1492 εἰκὸς
3147 1427 3634 1497 ξυνεπελαϐόμεθα
3655 1429 3756 1482 τοῦ

2171 1518 2419 1574 κινδύνου
2445 1521 2559 1583 τοῖς
2587 1520 2832 1585 οἰκείοις.
2869 1520 2982 1576 Καὶ
3007 1520 3076 1576 ἂν
3104 1522 3376 1592 ἐκράτουν
3404 1523 3455 1576 οί
3479 1522 3754 1593 Γήπαιδες

2172 1613 2240 1682 τῇ
2285 1609 2572 1682 Ῥωμαίων
2610 1613 2791 1684 χειρὶ,
2827 1614 2944 1682 εεγε
2979 1613 3055 1684 μὴ
3105 1613 3537 1683 ἀνδραποδώδεις
3569 1612 3754 1681 ὦφθηο

2174 1719 2275 1756 σαν
2307 1703 2403 1756 καὶ
2431 1703 2508 1774 τῷ
2535 1703 2635 1772 τῆς
2661 1703 2889 1776 γνώμης
2915 1703 3116 1776 δολερῷ
3145 1705 3272 1766 τοὺς
3299 1705 3594 1774 εὐεργέτας
3625 1703 3757 1758 ἐλύ-

2167 1809 2371 1864 πησαν.
2417 1793 2558 1848 Ἀνθ’
2587 1787 2664 1849 ὧν
2689 1794 3190 1859 ἐπιϐουλεύσαντας
3221 1797 3357 1866 ἡμῖν
3385 1795 3759 1864 ἀσύγγνωατα

488 1897 650 1952 ειιιιι;
687 1887 781 1942 sed
828 1887 1012 1956 potius
1041 1886 1173 1954 pati,
1227 1896 1285 1942 ut
1318 1888 1384 1942 ab
1417 1888 1540 1944 aliis
1583 1889 1832 1944 funditus
1857 1901 2071 1946 everte-

2170 1886 2230 1940 οὐ
2267 1886 2561 1957 Ῥωμαίοις
2586 1887 2732 1955 εδοξε
2762 1888 3040 1958 μετελθεῖν
3079 1888 3206 1952 τοὺς
3229 1889 3769 1960 ἀγνωμονήσαντας,

491 1987 700 2033 rentur.
743 1977 876 2034 Cum
933 1979 1099 2048 igitur
1121 1994 1233 2034 non
1263 1979 1422 2034 aliter
1465 1995 1525 2036 se
1581 1996 1670 2037 res
1704 1982 1962 2047 habeant,
2013 1984 2064 2040 si

2170 1973 2250 2042 οἷς
2283 1979 2459 2032 ἔνεστι
2493 1978 2568 2050 μὴ
2601 1979 2933 2034 ἀντιτιθέναι
2981 1981 3079 2046 τὰς
3120 1983 3400 2054 τιμωρίας.
3427 1984 3757 2054 ίσορῤόπους

490 2069 650 2122 nobis
669 2067 795 2137 jure
823 2068 891 2123 de
917 2068 1069 2123 vobis
1100 2070 1362 2138 conqueri
1387 2070 1533 2136 licet,
1575 2072 1719 2142 quod
1742 2087 1836 2128 eos
1857 2074 1949 2142 qui
1969 2087 2067 2129 no-

487 2158 590 2214 stri
613 2158 817 2227 optimo
826 2158 846 2227 j
855 2173 950 2212 ure
975 2157 1579 2229 fuerunt_’possideatis,
1594 2176 1740 2216 nunc
1753 2176 1785 2216 a
1801 2161 1955 2218 vobis
1975 2177 2068 2218 ea-

489 2249 610 2303 dem
643 2249 696 2303 in
725 2264 825 2304 nos
854 2259 1254 2320 retorquentur.
1282 2249 1390 2306 Vos
1417 2252 1562 2307 enim
1588 2251 1945 2320 Usdibadum,
1965 2269 2066 2310 nos

491 2339 748 2409 Gepidas,
773 2342 866 2410 qui
893 2342 1084 2410 reliqui
1105 2352 1256 2406 sunt,
1284 2358 1314 2396 a
1339 2343 1492 2398 vobis
1517 2346 1832 2414 repetimus.
1848 2345 2066 2401 Etenim

490 2449 588 2488 nos
612 2433 841 2490 lioniani
874 2436 941 2490 ab
993 2435 1147 2491 initio
1165 2445 1224 2491 et
1271 2436 1340 2492 ab
1382 2437 1529 2492 omni
1578 2437 1738 2510 156
1783 2439 2066 2494 hominum

492 2527 751 2581 memoria
815 2527 1184 2596 imprudentes
1245 2543 1502 2584 coercere
1546 2529 1780 2584 oliicium
1817 2540 2065 2586 nostrum

488 2616 766 2682 duximus,
791 2633 897 2670 non
932 2617 1033 2686 ipsi
1066 2617 1438 2688 imprudentes
1479 2619 1839 2676 babebamur.
1870 2619 2065 2678 Nonne

494 2705 754 2763 Sirmium
783 2707 1038 2764 Barbaris
1063 2710 1377 2766 trademus?
1409 2709 1530 2765 Non
1561 2711 1726 2782 igitur
1753 2712 1888 2769 satis
1916 2713 2068 2770 vobis

487 2813 777 2870 superesse
801 2801 1030 2870 videtur,
1056 2817 1342 2874 quousque
1360 2803 1620 2860 Romanis
1647 2805 1885 2862 nondum
1906 2820 2065 2860 arma

491 2891 633 2947 ferre
657 2893 898 2962 placuit?
919 2893 1024 2948 Sed
1057 2895 1158 2960 ais,
1189 2911 1223 2951 o
1245 2897 1494 2968 Targita,
1524 2897 1843 2968 Cbaganum
1868 2897 2064 2954 [suum

495 2985 852 3051 traiecturum
909 2995 966 3041 et
998 2985 1234 3042 Hebrum
1269 3003 1504 3058 quoque,
1539 2999 1596 3045 et
1623 2989 1872 3047 Thraciis
1897 2991 2068 3048 urbes

490 3078 668 3148 primo
690 3077 890 3147 impetu
907 3088 1317 3149 occupaturum.
1346 3083 1416 3136 At
1439 3083 1768 3151 prmvwient
1793 3091 1846 3140 et
1865 3099 2068 3140 occur-

493 3175 615 3220 tcnt
637 3165 1004 3223 Romanorum
1036 3169 1228 3238 copiae,
1265 3179 1320 3225 et
1347 3180 1474 3226 cum
1511 3183 1609 3240 spe
1647 3172 1913 3241 depelan
1941 3187 2063 3239 sua,

2162 2068 2276 2130 τοῖς
2305 2067 2770 2139 πλημμελήμασι,
2809 2069 3010 2140 μᾶλλον
3058 2071 3160 2140 μὲν
3197 2067 3292 2126 οὖν
3343 2072 3644 2143 περιιδεῖν,
3676 2073 3756 2136 ὡς

2165 2156 2232 2210 ἀν
2265 2157 2354 2225 ὑφ’
2389 2158 2596 2228 ἐτέρων
2640 2157 2699 2223 ἐς
2735 2157 2798 2212 τὸ
2840 2159 3106 2224 παντελὲς
3159 2159 3644 2229 διαφθαρήσοιντο.
3683 2161 3752 2212 Εἰ

2164 2247 2345 2301 τοίνυν
2377 2247 2552 2312 ἄλλως
2580 2248 2680 2302 οὐκ
2711 2248 2826 2319 ἔχει
2852 2248 3044 2314 ταῦτα,
3063 2249 3302 2322 ἐπείπερ
3326 2251 3488 2321 ἡμεῖς
3510 2249 3766 2320 ἐπεγκαὲ-

2164 2337 2277 2392 λεῖν
2307 2338 2450 2406 ἄξιοι
2503 2339 2954 2410 καθεστήκαμεν,
2988 2342 3070 2396 ὅτι
3117 2341 3246 2406 τοὺς
3278 2344 3414 2412 ἡμῖν
3446 2343 3759 2412 ἀνήκοντας

2166 2427 2321 2500 ἔχετε
2371 2429 2652 2502 Γήπαιδας
2676 2468 2692 2494 ,
2722 2429 3135 2503 ἀντέστραπται
3184 2432 3309 2488 καθ’
3338 2432 3500 2503 ἡμῶν
3537 2432 3605 2486 τά
3643 2433 3774 2486 τῶν.

2166 2519 2550 2588 ἐγκλημάτων.
2603 2519 2794 2591 Ὑμεῖς
2820 2520 2926 2592 μὲν
2949 2521 3059 2594 7&9
3093 2524 3185 2578 τὸν
3211 2521 3560 2590 Οὑσδίϐαδον,
3592 2524 3759 2594 ἡμεῖς

2165 2610 2225 2664 δὲ
2265 2611 2363 2665 καὶ
2399 2613 2529 2676 τοὺς
2564 2612 2842 2684 Γήπαιδας
2871 2613 3020 2684 ὑμᾶς
3069 2615 3198 2679 τοὺς
3250 2614 3475 2678 λοιποὺς
3522 2616 3760 2685 εἰσπρά-

2168 2699 2376 2770 ξοιμεν.
2418 2701 2682 2772 Ῥωμαῖοι
2712 2702 2823 2774 γὰρ
2850 2702 3060 2759 ἄνωθέν
3093 2720 3154 2757 τε
3197 2703 3292 2758 καὶ
3323 2703 3388 2770 ἐξ
3433 2704 3613 2776 ἀρχῆς
3647 2721 3772 2759 σωει

2167 2794 2444 2862 φρονῑζειν
2493 2793 2804 2865 ἐτάχθημεν
2835 2793 2897 2850 τὸ
2945 2795 3174 2866 ἀνόητον
3199 2836 3217 2862 ,
3274 2797 3337 2852 οὐ
3382 2795 3490 2867 μὴν
3531 2796 3761 2867 ἀνόητοί

2165 2900 2313 2948 τινες
2330 2878 2471 2937 εἶναι
2501 2883 2844 2955 νομίζεσθαι.
2891 2885 3052 2941 Ἀλλὰ
3073 2886 3136 2940 τὸ
3167 2887 3396 2958 Σίρμιον
3433 2887 3762 2958 ἐγχειρίσω-

2170 2990 2272 3044 μεν
2300 2973 2644 3046 Βαρϐἀροις;
2675 2977 2776 3030 οὐκ
2809 2976 3037 3047 ἀρκέσει
3075 2976 3184 3048 7&9
3223 2979 3353 3048 ὑμῖν
3383 2977 3445 3032 τὸ
3483 2981 3762 3049 περιεῖναι

2170 3064 2365 3136 μέχρις
2418 3065 2560 3120 ὅπλα
2609 3069 2791 3122 κινεῖν
2823 3067 2892 3121 οὐ
2958 3066 3233 3137 βούλοιντο
3283 3068 3567 3138 Ῥωμαῖοι.
3612 3069 3763 3122 Ἀλλ’

2169 3157 2338 3226 ἐρεῖς,
2357 3149 2403 3211 ὦ
2432 3157 2700 3227 Ταργῖτα,
2725 3157 2807 3212 ὅτι
2832 3157 3154 3230 διαϐήσεται
3183 3160 3397 3230 Ἵστρον
3415 3162 3454 3219 ,ὁ
3476 3159 3760 3228 Χαγάνος.

491 3255 602 3311 imo
653 3267 816 3324 agent
848 3267 907 3312 et
957 3259 1170 3341 rapient
1194 3275 1316 3329 quae
1363 3261 1603 3319 Avarum
1651 3272 1830 3318 erunt.
1881 3263 2066 3333 Neque

2171 3248 2251 3302 ἔτι
2277 3266 2342 3318 γε
2377 3249 2485 3320 μὴν
2514 3248 2610 3302 καὶ
2655 3250 2751 3305 τὸν
2785 3249 2989 3318 Ἕϐρον
3012 3250 3082 3285 ⁸³⁸
3113 3252 3211 3306 καὶ
3240 3252 3322 3304 ὅτι
3341 3251 3441 3314 τὰς
3465 3251 3564 3304 ἐπὶ
3600 3251 3761 3323 99¢.-

490 3349 730 3417 grassari
765 3356 820 3402 et
849 3349 1067 3418 praedas
1098 3363 1262 3420 agere
1285 3349 1646 3416 cessabimus,
1669 3350 1805 3407 dum
1842 3351 2069 3409 Barbari

491 3437 841 3504 superbieut;
879 3447 934 3493 et
963 3448 1112 3495 certe
1158 3441 1316 3511 longe
1345 3441 1604 3498 Romanis
1647 3442 1837 3498 utilius
1867 3444 2069 3500 bellum

491 3541 653 3596 quam
681 3528 1049 3598 pax.'Etenim
1081 3545 1204 3584 cum
1246 3532 1516 3588 Avaribus
1545 3543 1602 3588 et
1625 3532 1969 3591 Nomadibus
2014 3544 2072 3591 et

493 3620 719 3674 advenis
742 3621 1050 3675 amicitiam
1083 3629 1267 3677 tenere
1308 3623 1526 3692 gravius
1566 3633 1622 3680 et
1653 3627 1912 3683 acerbius
1963 3635 2068 3693 est,

491 3725 772 3780 qnam-eos
799 3711 1037 3766 hostium
1064 3727 1292 3769 numero
1317 3714 1538 3771 habere.
1569 3713 1706 3771 Nam
1731 3716 1960 3773 subdola
1987 3726 2074 3773 est

489 3808 574 3855 est
612 3814 798 3854 eorum
849 3801 1108 3868 amicitia,
1165 3811 1221 3858 et
1255 3813 1498 3872 prestat
1540 3807 1771 3862 vulnera
1819 3821 2068 3877 corpore,

491 3905 656 3958 quam
701 3891 906 3958 animo,
963 3907 1173 3962 gerem.
1221 3894 1613 3962 Quamobrem,
1643 3913 1678 3952 ο
1725 3897 1970 3969 Targita,
2015 3908 2076 3955 et

492 3997 656 4036 arcus
683 3992 739 4037 et
759 3985 884 4051 equi
912 3992 968 4039 et
987 3985 1227 4042 iinlinitte
1267 3987 1440 4055 copia:
1469 3980 1800 4044 armatorum
1825 3990 1882 4045 in
1905 4005 2074 4060 appa-

496 4081 615 4124 ratu
643 4081 829 4126 erunt.
861 4070 975 4128 Nec
998 4075 1142 4128 enim
1167 4075 1330 4144 quies
1368 4075 1605 4133 utili-tate
1654 4079 1857 4148 potior.
1896 4098 1916 4132 ι
1947 4077 2073 4135 Haec

497 4169 622 4208 cum
655 4153 948 4224 imperator
971 4158 1084 4213 alto
1102 4159 1298 4228 spiritu
1315 4161 1570 4229 dixisset,
1595 4159 1833 4218 A'varum
1864 4163 2072 4235 legatos

495 4243 723 4299 dimisit.
746 4245 906 4303 Prius
942 4257 1122 4305 tamen
1151 4249 1359 4306 Bonum
1387 4253 1577 4308 ducem
1603 4270 1702 4326 per
1720 4256 1934 4312 litteras
1965 4273 2074 4311 ma-

496 4350 732 4405 gnopere
795 4339 1112 4411 increpavit,
1146 4344 1288 4413 quod
1345 4343 1416 4399 ad
1447 4360 1508 4401 se
1545 4345 1668 4404 illos
1706 4346 1933 4419 legatus,
1981 4349 2073 4416 qui

497 4425 621 4479 talia
684 4440 1070 4500 proponerent,
1119 4430 1452 4503 Byzantium
1503 4437 1759 4494 misisset.
1818 4439 1902 4493 Ad
1959 4439 2074 4496 haec

2169 3359 2275 3414 κης
2314 3339 2569 3395 αὐτοϐοεὶ
2599 3344 3019 3415 παραστήσεται
3055 3342 3262 3408 πόλεις.
3307 3344 3472 3400 Ἀλλὰ
3505 3344 3766 3416 προφθά-

2171 3450 2358 3489 σουσιν
2412 3434 2470 3486 αἱ
2517 3432 2830 3505 Ῥωμαϊκαὶ
2887 3435 3171 3506 δυνάμεις,
3228 3436 3326 3494 καὶ
3381 3436 3485 3506 τῆς
3543 3435 3768 3499 ἐλπίδος

2169 3527 2334 3583 αὑτὸν
2375 3527 2798 3597 ἀφαιρήσονται,
2832 3529 2933 3582 καὶ
2963 3527 3166 3598 μᾶλλον
3203 3528 3365 3583 αὐτοὶ
3401 3529 3768 3600 σκευαγωγή-

2173 3621 2415 3674 σουσιτά
2448 3617 2718 3690 Ἀϐἀρων.
2748 3619 2859 3672 Καὶ
2883 3618 2946 3672 οὐ
2978 3617 3304 3692 παυσόμεθα
3325 3619 3778 3682 καταϐάλλοντες

2170 3731 2232 3767 τε
2262 3714 2358 3768 καὶ
2389 3713 2754 3784 χειρούμενοι,
2793 3712 2901 3776 ἕως
2948 3711 3016 3766 ἂν
3060 3712 3333 3786 ἐφυϐρίσῃ
3361 3712 3422 3766 τὸ
3451 3713 3783 3783 Βάρϐαρον.-

2173 3808 2535 3880 Λυσιτελήσει
2563 3809 2622 3861 δὲ
2674 3805 2970 3878 Ῥωμαίοις
2995 3806 3119 3861 ἀντὶ
3144 3808 3242 3875 τῆς
3273 3806 3508 3876 ,εἰρήνης
3536 3808 3566 3859 ό
3597 3805 3766 3859 πόλε-

2176 3919 2298 3973 μος.
2341 3901 2594 3971 ’Δϐἀρων
2627 3899 2738 3970 γὰρ
2761 3899 2872 3953 τῶν
2902 3898 3151 3969 νομάδων
3185 3914 3245 3951 τε
3274 3897 3371 3952 καὶ
3402 3897 3450 3929 ⁸⁸
3477 3896 3766 3970 ἐπηλύδων

2173 3991 2508 4048 καθεστάναι
2549 3992 2738 4061 φίλους
2775 3991 2881 4060 τῆς
2917 3990 2994 4055 ὡς
3041 3990 3247 4052 αὐτοὺς
3301 3987 3626 4059 δυσμενείας
3650 3986 3766 4056 βα·-

2177 4085 2428 4156 ρύτερον,
2455 4084 2636 4148 ἄλλως
2661 4101 2724 4137 τε
2743 4082 2854 4138 καὶ
2885 4082 3070 4152 φιλίας
3103 4081 3342 4135 ὑπούλου
3384 4077 3752 4149 καθεστώσης.

2173 4177 2443 4246 Κρεῖσσον
2497 4175 2558 4228 ἐν
2597 4176 2712 4238 τοῖς
2736 4171 2963 4243 σώμασι
2983 4173 3080 4226 καὶ
3109 4171 3234 4240 οὐχὶ
3272 4173 3396 4231 ταῖς
3421 4169 3616 4240 ψυχαῖς
3657 4167 3761 4237 ςιέο

2177 4280 2295 4335 ρειν
2339 4263 2408 4318 τὰ
2444 4263 2765 4335 τραύματα.
2810 4261 2956 4332 Πρὸς
3012 4259 3211 4325 ταῦτα,
3260 4253 3306 4314 ὦ
3344 4260 3614 4331 Ταργῖτα,
3668 4260 3768 4314 καὶ

2173 4354 2305 4421 τόξα
2339 4355 2435 4410 καὶ
2471 4353 2629 4408 ἵπποι
2669 4352 2766 4406 καὶ
2791 4351 2988 4424 μυρίαι
3026 4350 3288 4421 δυνάμεις
3310 4349 3550 4406 ὁπλιτῶν
3596 4346 3777 4400 ἔστω-

2177 4462 2280 4500 σαν
2311 4445 2375 4498 ἐν
2406 4444 2755 4515 παρασκευῇ·
2805 4440 2869 4495 οὐ
2919 4439 3029 4512 γὰρ
3058 4439 3263 4511 ἡσυχία
3292 4438 3386 4494 τοῦ
3427 4437 3773 4500 συνοίσοντος

496 4516 644 4571 illum
669 4521 898 4586 monuit,
920 4522 1239 4592 quicertus
1259 4535 1402 4594 erat,
1431 4529 1834 4600 quamprimum
1872 4530 2070 4586 bellum

2177 4537 2564 4606 αἱρετώτερον.
2595 4552 2627 4587 ι
2655 4531 2908 4588 Τοσαῦτα
2961 4531 3134 4588 εἰπὼν
3183 4534 3211 4586 ὁ
3248 4532 3634 4601 αὐτοκράτωρ,
3671 4545 3778 4598 με·

497 4622 686 4666 rontra
713 4617 1272 4688 Mares-erupturum
1301 4637 1450 4689 esse,
1494 4633 1554 4678 ut
1596 4627 1747 4680 omni
1800 4641 1967 4698 opera
2017 4636 2073 4682 et

2177 4605 2483 4697 γαληγορία
2507 4641 2569 4680 τε
2595 4622 3164 4697 χρησάμενοςπολλῇ,
3196 4622 3310 4676 τῶν
3346 4620 3594 4690 ’Δϐάρων
3617 4619 3773 4687 ἀφῆ-

493 4703 676 4759 ιιιιιίἰο
727 4705 952 4762 bellicas
1000 4709 1280 4766 machinas
1329 4724 1682 4782 praepararet.
1738 4715 1808 4772 Et
1858 4715 2067 4781 Bonus,

494 4796 652 4852 lectis
681 4797 1030 4866 imperatoris
1083 4802 1300 4871 litteris,
1347 4809 1550 4864 omnia.
1605 4823 1726 4880 quae
1753 4809 1822 4865 ad
1870 4809 2072 4866 bellum

494 4888 860 4954 pertinebant,
887 4890 1173 4960 diligenter
1208 4897 1439 4953 curavit.

2177 4736 2242 4774 κε
2279 4719 2405 4784 τοὺς
2457 4718 2739 4790 πρέσϐεις,
2765 4717 3037 4790 πρότερον
3063 4714 3232 4783 Βὼνῳ
3258 4713 3337 4782 τῷ
3383 4711 3681 4783 στρατηγῷ
3709 4711 3778 4762 ἐν

2176 4811 2472 4882 γράμμασι
2519 4810 2751 4864 πλεῖστα
2782 4807 3274 4879 ἐπιμεμψάμενος,
3304 4806 3388 4858 ὅτι
3433 4821 3498 4872 γε
3527 4803 3667 4866 ὅλως
3691 4803 3776 4866 ὠς

2177 4901 2341 4956 αὐτὸν
2364 4900 2412 4934 ⁸³
2435 4901 2616 4954 τοιάδε
2645 4899 3072 4972 προῖσχομένους
3099 4896 3340 4952 ἔστειλεν
3367 4897 3424 4959 ἐς
3448 4895 3771 4958 Βυζάντιον·

501 4982 637 5050 πρός
677 5000 743 5050 γε
797 4984 891 5038 καὶ
923 4987 1172 5056 σημήνας
1213 4987 1378 5058 ἔργου
1411 4990 1458 5022 ⁹⁶
1488 4989 1710 5061 ἔχεσθαι
1761 4991 1858 5044 καὶ
1923 4993 2101 5048 πάντα
2139 4992 2208 5046 τὰ
2274 4992 2680 5064 πολεμιστήρια
2710 4994 2919 5062 δργανα
2957 4987 3370 5053 ἐπισκευάζειν,
3419 4986 3611 5056 σαφῶς
3647 4988 3778 5039 ἐπι-

501 5074 792 5144 στάμενον,
837 5077 916 5140 ὡς
969 5077 1473 5151 ξυγκροτηθήσεται
1525 5085 1555 5136 ὁ
1609 5083 1748 5154 πρὸς
1814 5084 2079 5156 Ἀϐάρους
2119 5086 2356 5155 πόλεμος
2411 5085 2509 5139 καὶ¹
2554 5085 2701 5156 μάλα
2752 5084 2972 5138 αὐτίκα..
3039 5081 3153 5136 Καὶ
3207 5079 3274 5150 δὴ
3303 5081 3332 5132 ὁ
3407 5079 3608 5144 Βῶνος,
3646 5079 3778 5132 ἐπεὶ⁴

498 5170 560 5219 τ’»
605 5166 874 5238 βασίλειον
925 5169 1218 5235 άνελέξατο
1262 5173 1522 5244 γράμμα,
1576 5173 1645 5228 τὰ
1675 5176 1812 5247 πρὸς
1854 5175 1947 5231 τὸν
1980 5177 2218 5248 πόλεμον
2247 5177 2560 5249 ἐξηρτύετο.

951 5286 1063 5341 EX
1099 5287 1303 5346 LIBBO
1343 5288 1592 5345 SEXTO.

579 5398 666 5456 l0.
702 5397 790 5470 (Α.
819 5400 880 5456 C.
909 5400 1034 5464 574.
1073 5403 1190 5458 lttd.
1227 5403 1282 5468 '7,
1325 5402 1580 5458 Jnstinini
1617 5402 1726 5471 10.)
1765 5404 2083 5473 Imperalrix

512 5491 929 5560 Snpliialustini
961 5494 1328 5565 (Zachariam)
1360 5497 1593 5564 legatum
1627 5497 1776 5552 misit
1808 5498 1877 5550 ad
1899 5495 2080 5552 Cltos-

2651 5292 2744 5346 EK
2795 5292 2933 5345 Tur
2963 5289 3034 5359 (τ’
3057 5289 3306 5346 ΛΟΓΟΥ.

2263 5413 2312 5459 ι’.
2341 5407 2466 5459 Ὅτι
2515 5407 2548 5475 ἡ
2611 5403 2823 5476 βασιλὶς
2881 5404 3053 5474 Σοφία
3113 5399 3398 5456 ἰουστίνου
3429 5395 3676 5468 πρέσϐυν
3726 5397 3782 5429 ’τ

2192 5497 2503 5556 στέλλειὼς
2543 5495 2654 5550 τῶν
2701 5496 2927 5567 Περσῶν
2989 5494 3219 5564 βασιλέα
3263 5489 3530 5561 Χοσρόην,
3567 5489 3626 5541 ἐν
3654 5491 3778 5550 τοῖς

1804 5591 2042 5647 VARIE
2083 5590 2493 5647 LECTIONES.

585 5679 626 5712 9'
653 5678 854 5755 eiectis
893 5679 984 5755 NL.
1048 5682 1255 5739 οἴεσθαι
1303 5684 1448 5755 vulg.

516 5751 560 5778 ’τ
635 5750 710 5812 ὡς
740 5751 900 5803 αὐτὸν
935 5752 1026 5818 ιι,
1077 5755 1238 5806 αὑτὸν
1275 5750 1415 5826 vnlg.

1559 5685 1605 5716 "
1646 5684 1915 5755 ἐπήλυδας
1957 5682 2046 5746 11..
2107 5681 2373 5755 ἐπελύδας
2429 5683 2571 5755 vnlg.

1495 5760 1538 5787 1"
1562 5757 1721 5825 ἔργον
1740 5753 1746 5755 ⁷
1767 5755 1852 5819 IL,
1896 5755 2054 5826 ἔργον
2091 5753 2238 5822 vulg.

2681 5684 2727 5713 ³³
2767 5683 3010 5752 Ἔμϐρον
3044 5682 3191 5748 vnlg.
3296 5681 3343 5752 ὕ
3373 5681 3462 5733 καὶ
3499 5693 3610 5734 om.
3641 5675 3770 5730 Par.

2316 5754 2360 5785 ’⁷
2394 5751 2657 5824 πρέσϐυν]
2692 5751 2968 5825 Ζαχαρίαν
2994 5751 3236 5824 πρέσϐυν
3280 5751 3340 5805 Ν.
