4096 6442
353 334 460 398 893

1100 339 1198 400 DE
1237 340 1800 404 LEGATIONIBUS
1839 343 2331 407 ROMANORUM
2367 348 2468 408 AD
2497 346 2818 412 GENTES.

3501 354 3612 421 894

354 443 650 518 βασιλείοις
679 445 884 517 ίατροῖς
940 450 1432 522 καταταττόμενον.
1481 452 1593 506 Καὶ
1631 447 1788 517 οὗτος
1828 454 1923 524 μὲν

2031 469 2204 521 roem,
2251 455 2542 511 Persarum
2582 471 2786 528 regem,
2817 471 2883 513 ex
2912 458 3141 516 medicis
3161 460 3524 532 imperatoris.
3555 467 3608 524 is

352 535 519 592 αὐτοῦ
601 536 934 606 ἀφικομενος
965 577 981 605 ,
1044 542 1623 610 τεσσαρακονταπέντε
1687 542 1932 612 χιλιάδας

351 627 556 700 χρυσοῦ
583 633 917 697 νομίσματος
946 629 1264 701 παρασχὼν,
1289 631 1493 686 τίθεται
1523 633 1622 697 τὰς
1653 632 1926 703 Ευνθήκας

350 719 459 773 ἀνὰ
476 718 574 788 τήν
601 718 716 772 Ἐω
739 719 1094 785 ὲνιαυσιαίας,
1122 721 1198 784 ὼς
1228 722 1294 774 ἂν
1320 721 1498 776 ἔσοιτο
1525 725 1821 795 ἐκεχειρία.
1841 725 1929 776 Ἐν

348 809 594 880 τοσούτῳ
635 809 744 880 γὰρ
769 807 978 878 ἔφασκε
1013 809 1378 882 σταλήσεσθαι
1414 811 1550 885 πρὸς
1577 815 1678 883 τῆς
1717 813 1931 884 βασιλί-

349 903 442 965 δος
481 902 738 972 μέγιστον
775 901 1117 972 πρεσϐευτήν
1159 903 1250 956 τὸν
1291 903 1597 974 τελεώτερα
1644 923 1760 968 πως
1799 907 1931 976 περὶ

349 993 612 1047 ἁπάντων
644 990 1157 1062 διαλεχθησόμενον,
1193 993 1274 1047 ἔτι
1309 994 1416 1065 μὴν
1448 997 1542 1049 καὶ
1575 996 1670 1049 τδν
1693 996 1931 1067 πόλεμον

347 1083 694 1148 διαλύσοντα,
727 1083 892 1154 τυχὸν
923 1085 981 1136 ὲν
1027 1084 1178 1155 μέσῳ
1199 1085 1410 1140 καὶτοῦ
1451 1087 1742 1158 Ῥωμαίων
1774 1087 1930 1158 βασι-

349 1174 490 1238 λέως
525 1173 926 1244 μεταϐαλόντος
959 1174 1016 1239 ές
1042 1175 1104 1228 τὸ
1135 1177 1468 1248 ἐρρωμένον.
1495 1177 1654 1233 Οὕτω
1685 1179 1785 1251 μὶν
1830 1179 1930 1244 τὰς

349 1267 440 1320 ἐπ’
467 1267 715 1320 ὲνιαυτδν
750 1268 1117 1337 ποιησάμενος
1153 1268 1198 1301 ’⁸
1227 1271 1461 1335 σπονδὰς
1495 1272 1623 1342 περὶ
1663 1273 1764 1343 τῆς
1790 1272 1931 1326 κατὰ

346 1358 449 1428 τὴν
465 1358 582 1410 Ἕω
608 1355 894 1428 Ῥωμαίων
920 1359 1299 1429 ἐπικρατείας,
1324 1363 1386 1414 οῦ
1417 1361 1523 1432 μὴν
1541 1362 1636 1416 καὶ
1668 1365 1800 1434 περὶ
1827 1363 1932 1433 τῆς

350 1452 412 1503 ὲν
449 1450 730 1522 Ἀρμενίᾳ,
762 1450 1135 1522 καταθέμενος
1161 1452 1432 1524 δήπουθεν
1451 1454 1618 1508 αὐτοῦ
1647 1455 1744 1508 καὶ
1767 1455 1928 1524 μόνου

351 1544 518 1596 ἓνεκα
551 1539 635 1611 με’
666 1541 914 1612 χιλιάδας
945 1541 1162 1612 χρυσῶν
1211 1544 1592 1614 νομισμάτων,
1625 1544 1926 1614 έπανῆκεν.

366 1633 819 1702 Ἐμπεδωθέντων
878 1633 935 1694 δὲ
980 1635 1088 1705 ἄρα
1129 1635 1239 1690 τῶν
1290 1636 1550 1690 τοιούτων
1598 1635 1860 1700 Εὐσέϐιος
1899 1637 1930 1690 ὁ

357 1726 657 1798 στρατηγὸς
705 1725 763 1788 ἐς
805 1723 1099 1790 Βυζάντιον
1133 1726 1576 1795 μεταστέλλεται.

2032 545 2124 600 ubi
2151 547 2217 600 ad
2263 545 2464 602 Persas
2503 548 2757 614 accessit,
2793 549 3154 619 quadraginta
3176 552 3417 621 quinque
3441 554 3606 608 millia

2030 651 2317 693 aureorum
2348 639 2496 712 dedit
2524 647 2579 695 et
2624 639 2872 695 inducias
2919 656 3130 697 annuas
3180 657 3275 712 per
3327 642 3604 699 Orientem

2031 728 2178 794 l'ecit,
2234 731 2533 798 tantisper,
2582 738 2645 784 ut
2687 729 2936 795 dicebat,
2986 734 3111 785 dum
3147 733 3216 787 ah
3263 734 3610 800 'imperatricu

2031 819 2300 875 maximus
2327 819 2537 890 legatus
2575 822 2902 887 mitteretur,
2932 823 3023 892 qui
3061 824 3128 876 de
3155 827 3410 880 omnibus
3442 825 3606 880 rebus

2031 910 2340 965 accuratius
2370 919 2557 980 ageret
2581 920 2636 966 et
2669 911 2806 966 bello
2831 911 2993 966 linem
3023 912 3343 982 imponeret,
3374 913 3420 970 si
3460 916 3600 971 forte

2030 1000 2195 1055 etiam
2225 1001 2431 1056 interea
2492 1001 2784 1067 accideret,
2813 1011 2872 1056 ut
2900 1001 3148 1059 Justinus
3173 1005 3596 1062 convalesceret.

2029 1087 2216 1159 Itaque
2257 1090 2310 1145 in
2361 1087 2602 1157 Oriente,
2650 1105 2757 1161 qua
2801 1089 3062 1147 Romanis
3099 1094 3344 1162 parebat,
3375 1104 3604 1165 excepta

2033 1190 2213 1236 tamen
2231 1179 2506 1249 Armenia,
2531 1195 2632 1251 per
2651 1196 2874 1247 annum,
2904 1192 2964 1237 ut
2985 1184 3053 1237 ab
3079 1184 3247 1239 armis
3271 1195 3602 1251 cessaretur,

2028 1281 2111 1328 est
2164 1281 2450 1329 statutum.
2487 1272 2623 1329 Cum
2677 1273 2842 1343 igitur
2891 1274 3050 1344 hujus
3093 1277 3168 1331 rei
3228 1281 3605 1334 tantummodo

2029 1364 2424 1432 consequentiae
2444 1363 2618 1435 gratia
2651 1364 3008 1435 quadraginta
3046 1367 3286 1437 quinque
3313 1380 3604 1424 aureorum

2033 1453 2202 1508 millia
2227 1462 2588 1521 numerasset,
2617 1455 2798 1511 rediit.
2827 1454 2895 1512 Et
2919 1455 3006 1514 his
3029 1459 3319 1514 transactis
3339 1457 3604 1516 Eusebius

2029 1545 2137 1602 dux
2177 1544 2498 1616 Byzantium
2521 1547 2838 1603 arcessitur.

424 1815 512 1871 ια’.
555 1816 681 1870 Ὅτι
704 1816 770 1886 δὴ
800 1816 1082 1870 στέλλεται
1132 1815 1278 1871 κατὰ
1329 1818 1431 1888 τὴν
1485 1818 1714 1890 Περσῶν
1742 1818 1923 1892 χώραν

2107 1811 2191 1866 ll.
2232 1810 2468 1868 Mittitur
2492 1813 2687 1870 deinde
2714 1813 2768 1869 in
2801 1814 3091 1871 Persarum
3138 1815 3416 1886 regionem
3443 1815 3602 1886 157

354 1907 692 1978 πρεσϐευτὴς
741 1907 1036 1978 Τραϊανὸς,
1095 1909 1154 1962 ὲν
1203 1909 1314 1972 τοῖς
1364 1907 1657 1978 βασιλείοις
1684 1912 1926 1983 πατράσι

350 1999 518 2052 τελῶν
547 2001 641 2053 καὶ
689 1997 790 2069 τὴν
842 1998 1146 2069 λεγομένην
1175 1998 1270 2052 τοῦ
1320 1999 1675 2072 Κοιαίστορος
1725 2001 1927 2057 διέπων

349 2089 528 2160 ἀρχὴν
552 2129 568 2156 ,
606 2089 672 2160 ήν
704 2084 859 2158 οἶμαι
909 2091 976 2144 ὲκ
1030 2087 1126 2141 τοῦ
1183 2088 1476 2156 ἀναζητεῖν
1527 2083 1633 2145 ὧδε
1675 2091 1926 2162 λελέχθαι

362 2181 676 2252 Ῥωμαίοις.
710 2163 1099 2250 Ξυναπεστάλη
1127 2179 1186 2234 δὲ
1219 2180 1314 2234 καὶ
1344 2182 1644 2252 Ζαχαρίας,
1671 2176 1734 2238 οὗ
1761 2185 1925 2254 ἐναγ-

349 2288 444 2342 19;
497 2269 797 2340 ἐμνήσθην,
829 2269 916 2339 ἐφ’
939 2261 1005 2337 ᾧ,
1063 2269 1114 2321 εί
1164 2268 1263 2338 μὲν
1288 2263 1443 2323 οἷοίτ’
1479 2271 1525 2303 ⁹⁹
1552 2270 1788 2341 ἔσονται,
1807 2273 1926 2344 ἅμα

349 2360 630 2431 εμπεδῶσι
656 2361 798 2414 κατὰ
827 2360 928 2432 τήν
954 2375 1016 2412 τε
1051 2356 1232 2430 Ἐῴαν
1250 2361 1343 2413 καὶ
1367 2359 1466 2430 τὴν
1515 2360 1806 2433 ’Δρμενίαν
1835 2366 1927 2418 έν-

345 2454 441 2515 τδς
467 2452 636 2524 τριῶν
673 2450 942 2506 ἐνιαυτῶν
975 2449 1310 2522 ικεχειρίαν.
1351 2450 1443 2504 Ἔν
1476 2452 1494 2484 ⁸
1526 2451 1770 2524 τοσούτῳ
1795 2455 1924 2522 ξυν-

347 2545 554 2599 έλθοιεν
593 2543 652 2610 ἐξ
700 2541 970 2612 ἑκατέρας
1012 2541 1290 2604 πολιτείας
1332 2543 1391 2596 ιν
1427 2544 1540 2606 τοῖς
1590 2545 1781 2614 ὁρίοις,
1810 2546 1861 2600 οἳ
1901 2549 1922 2580 ³

345 2633 662 2688 διαλύσουσι
683 2633 753 2687 τὰ
771 2631 1071 2704 ἀμφίϐολα,
1102 2631 1484 2704 βουλεύσαιντο
1516 2649 1576 2688 τε
1609 2636 1704 2690 καὶ
1735 2637 1925 2709 τρόπῳ

345 2725 426 2796 τῷ
460 2725 834 2796 καταθήσουσι
893 2725 964 2778 τὰ
1013 2723 1155 2804 ὅπλα
1209 2725 1268 2789 ές
1321 2725 1528 2780 τέλεοψ
1553 2728 1602 2781 εί
1638 2727 1696 2782 δέ
1728 2745 1794 2797 γε
1845 2731 1922 2801 μή

345 2816 858 2888 οῦτωπροχωροίη,
893 2816 1008 2880 τοῖς
1039 2813 1171 2884 γοῦν
1201 2815 1340 2886 πρὸς
1370 2815 1525 2888 ήλιον
1553 2817 1795 2873 οἰκοῦσιν
1823 2819 1923 2890 τήν

345 2908 556 2963 τοιάνδε
585 2906 894 2979 ἐκεχειρίαν
921 2905 1089 2960 παντὶ
1117 2906 1306 2977 τρόπῳ
1346 2907 1699 2977 ποιήσασθαι.
1738 2911 1924 2980 Παρα-

349 3000 626 3070 γενόμενοι
658 2999 839 3054 τοίνυν
863 2999 914 3052 oi
935 2998 1198 3070 πρέσϐεις
1220 2998 1359 3079 πρὸς
1400 2998 1631 3069 βασιλέα
1664 3001 1920 3070 Περσῶν,

353 3094 410 3156 ἐς
439 3091 734 3163 ἐκκλησίαν
775 3109 836 3146 τε
897 3091 1286 3157 καταστάντες,
1317 3090 1576 3164 ὲλεξάτην
1611 3093 1790 3147 τοιάδε
1803 3094 1921 3148 ³.-

351 3185 568 3240 Πολλῶν
595 3185 654 3238 δὲ
681 3185 1057 3254 κεκινημένων
1083 3185 1278 3254 λόγων,
1306 3182 1403 3238 καὶ
1429 3185 1539 3238 τῶν
1567 3184 1666 3255 μὲν
1693 3185 1920 3255 Περσῶν

349 3278 698 3349 μακροτέραν
723 3275 997 3330 ποιεῖσθαι
1033 3276 1132 3346 τὴν
1162 3277 1391 3349 εἰρήνην
1431 3275 1682 3347 ίεμιίνων,
1713 3277 1841 3350 ἄχρι
1863 3279 1920 3332 δὲ

348 3371 508 3424 πέντε
559 3366 821 3422 ινιαυτῶν
865 3365 1118 3436 βεϐαιοῦν
1159 3366 1260 3439 τήν
1307 3368 1658 3439 ἐκεχειρίαν,
1707 3369 1819 3423 τῶν
1865 3370 1924 3424 δὲ

350 3459 647 3531 Ῥωμαίων
673 3459 1022 3532 τριετηρίδας
1071 3455 1212 3514 εἶναι
1243 3458 1586 3530 βουλομένων
1620 3461 1720 3524 τὰς
1761 3477 1923 3515 σπονο

343 3552 462 3618 δὰς,
499 3552 653 3615 τέλος
697 3550 844 3605 oin“
873 3552 1098 3621 ῐσχυσαν
1139 3551 1194 3605 oi.
1247 3551 1532 3621 πρέσϐεις,
1561 3552 1707 3608 καθὰ
1733 3553 1923 3607 ἐπετέ-

343 3659 574 3713 τραπτο,
606 3644 748 3712 σφᾶς
777 3641 1106 3713 ποιήσασθαι
1128 3640 1230 3705 τὰς
1265 3641 1558 3713 συνθήκας·
1591 3641 1686 3696 επὶ
1713 3643 1874 3698 πέντε
1899 3645 1920 3677 ³

343 3735 624 3797 ἐνιαυτοὺς
675 3727 821 3789 εῖναι
890 3732 1211 3806 ἐρρωμένας
1279 3732 1578 3803 συνήρεσεν
1631 3734 1920 3806 ἀμφοτέρα

346 3824 622 3896 πολιτείᾳ,
655 3823 798 3879 κατὰ
827 3824 894 3895 δὴ
921 3825 1023 3894 τὴν
1049 3824 1170 3878 Ἕω
1197 3824 1379 3896 μόνον,
1407 3824 1706 3896 τριάκοντά
1747 3829 1808 3878 τε
1835 3842 1921 3896 χι-

344 3915 534 3978 λιάδας
572 3914 927 3986 νομισμάτων
966 3912 1189 3986 χρυσῶν
1218 3914 1572 3970 κατατιθέναι
1612 3911 1920 3984 Ῥωμαίους

344 4006 456 4061 ἔτει
486 4005 726 4076 ἑκάστῳ.
759 4005 1036 4077 Ξυνήρεσε
1062 4003 1132 4068 δὲ
1168 4004 1238 4061 τὰ
1266 4005 1471 4074 τοιάδε,
1500 4009 1550 4062 si
1593 4005 1854 4079 βασιλεὺς
1891 4010 1921 4064 ὁ

371 4099 646 4170 Ρωμαίων
673 4098 1084 4177 επιψηφίσοιτο.
1147 4129 1164 4139 ι

416 4187 499 4259 ιβ.
534 4188 660 4252 Ὀτι
710 4187 904 4258 ἐπειδὴ
944 4187 1183 4262 Τιϐερίῳ
1230 4190 1334 4261 ήδη
1372 4189 1446 4244 τὰ
1494 4189 1598 4260 τῆς
1643 4191 1921 4258 πολιτείας

347 4279 702 4351 περιεκέχυτο
732 4279 1056 4350 πράγματα,
1101 4281 1372 4354 Τραϊανός
1397 4297 1460 4336 τε
1491 4281 1588 4336 καὶ
1638 4282 1920 4352 Ζαχαρίας

341 4370 420 4440 τῷ
456 4364 696 4442 πρέσϐεί
736 4370 814 4434 ὡς
859 4371 1022 4426 αὐτὸν
1063 4372 1442 4444 έγεγράφεσαν
1471 4372 1492 4404 ⁸
1517 4370 1595 4445 μὴ
1632 4371 1918 4443 βούλεσθαι

2026 1902 2237 1975 legatus
2297 1905 2585 1976 Trajanus,
2634 1905 2781 1961 inter
2837 1907 3099 1975 patricios
3165 1908 3460 1975 ascriptus,
3513 1910 3603 1976 qui

2025 1998 2646 2068 quastorismagistratu
2673 1998 3024 2068 iungebatur,
3066 2011 3225 2068 quem
3263 2013 3294 2054 a
3317 2001 3606 2069 quaerendo

2025 2102 2056 2142 a
2085 2086 2345 2145 Romanis
2390 2089 2474 2145 sic
2521 2089 2724 2144 dictum
2763 2102 2886 2146 esse
2935 2098 3086 2160 puto.
3121 2089 3317 2146 Missus
3361 2100 3450 2146 est
3497 2107 3602 2144 una

2025 2197 2241 2253 quoque
2271 2181 2588 2250 Zacharias,
2625 2183 2782 2253 cujus
2808 2191 2970 2238 antea
3013 2183 3384 2249 meminimus,
3432 2191 3510 2249 ut,
3558 2186 3602 2236 si

2027 2281 2277 2345 possent,
2313 2275 2475 2330 trium
2510 2286 2779 2330 annorum
2821 2274 3070 2330 inducias
3107 2289 3206 2344 per
3246 2274 3521 2330 Orientem
3551 2284 3608 2330 et

2023 2367 2338 2421 Armeniam
2375 2367 2645 2430 facerent,
2685 2365 2955 2434 tantisper
2975 2367 3102 2421 dum
3132 2366 3225 2420 alii
3267 2381 3332 2421 ex
3366 2376 3601 2436 utroque

2024 2469 2192 2526 regno
2224 2454 2281 2511 in
2312 2454 2512 2511 ﬁnibus
2543 2454 2920 2520 convenirent,
2948 2453 3042 2524 qui
3085 2456 3488 2510 controversias
3516 2455 3602 2508 di-

2022 2546 2289 2600 rimerent
2309 2552 2366 2600 et
2394 2542 2684 2600 consilium
2707 2543 2992 2609 haberent,
3020 2556 3128 2614 qua
3161 2543 3372 2598 ratione
3406 2543 3458 2597 in
3485 2559 3603 2613 pero

2023 2645 2251 2705 petuum
2285 2649 2438 2692 arma
2466 2635 2801 2704 deponerent
2827 2653 2840 2689 :
2867 2635 2914 2691 si
2945 2635 3051 2690 hoc
3089 2635 3312 2690 minime
3332 2637 3598 2690 succede-

2022 2735 2128 2793 ret,
2155 2725 2388 2782 inducize
2421 2725 2614 2784 saltem
2649 2724 2787 2780 tanti
2835 2724 3093 2795 temporis
3130 2740 3227 2794 pro
3272 2724 3380 2792 his,
3404 2725 3495 2794 qui
3530 2724 3600 2781 ad

2021 2817 2295 2872 Orientem
2324 2817 2586 2883 incolunt,
2620 2815 2770 2872 omni
2795 2816 3006 2872 ratione
3042 2815 3380 2872 obtinerent.
3410 2815 3601 2884 Legati

2023 2907 2114 2963 ubi
2143 2907 2210 2962 ad
2255 2921 2436 2977 regem
2466 2907 2755 2964 Persarum
2784 2915 3156 2974 accesserunt,
3189 2906 3248 2961 in
3285 2907 3600 2961 concionem

2022 2996 2200 3054 vocati
2226 2999 2342 3054 hac
2363 2999 2637 3054 dixerunt.
2665 3027 2738 3062 —,
2766 2997 2947 3052 Multis
2979 2997 3124 3053 ultro
3164 2998 3413 3067 citroque
3443 2999 3607 3053 mutis

2021 3090 2359 3146 sermonibus
2377 3088 2556 3146 Persa
2578 3091 2630 3145 in
2649 3089 3083 3162 quinquennium
3106 3089 3604 3158 inducias,Romani

2023 3197 2121 3251 per
2166 3182 2462 3238 triennium
2509 3191 2719 3238 tantum
2765 3183 2948 3238 valere
2998 3181 3268 3238 volebant.
3315 3181 3608 3238 Postremo

2023 3273 2189 3343 legati
2243 3270 2651 3339 Romanorum,
2703 3272 2848 3329 sicut
2896 3272 3028 3342 ipsis
3077 3273 3394 3328 mandatum
3450 3284 3606 3336 erat,

2024 3363 2078 3420 in
2135 3378 2202 3420 co
2255 3378 2364 3418 non
2412 3363 2797 3432 perstiterunt,
2851 3374 2910 3418 ut
2981 3362 3142 3418 trium
3195 3377 3462 3416 annorum
3515 3365 3601 3419 in-

2023 3453 2195 3508 ducite
2222 3452 2447 3520 ﬁerent;
2479 3454 2574 3510 sed
2637 3453 2688 3508 in
2733 3453 3165 3524 quinquennium
3209 3452 3457 3508 inducias
3484 3468 3608 3509 esse

2022 3537 2228 3610 placuit
2257 3541 2478 3610 utrique
2523 3541 2733 3596 civitati
2762 3541 3138 3596 tantummodo
3161 3555 3262 3610 per
3296 3538 3602 3609 Orientem,

2021 3630 2092 3687 ob
2128 3647 2265 3702 quas
2287 3632 2580 3701 quotannis
2606 3631 2835 3686 Romani
2858 3631 3078 3702 triginta
3104 3631 3274 3686 millia
3305 3645 3596 3687 aureorum

2021 3723 2318 3797 penderet;
2351 3739 2474 3792 qua:
2519 3732 2673 3794 pacta
2717 3730 2896 3779 tamen
2939 3736 3048 3778 non
3107 3721 3212 3778 alia
3269 3722 3600 3790 conditione,

2023 3813 2128 3870 nisi
2167 3829 2234 3870 ea
2256 3814 2555 3886 imperator
2585 3813 2847 3886 suti'ragio
2892 3827 2994 3870 suo
3019 3813 3448 3884 comprobasset,
3479 3823 3595 3869 rata

2021 3906 2226 3964 forent.

2089 4191 2178 4248 ta.
2211 4190 2299 4264 (Α.
2329 4187 2392 4246 c.
2420 4187 2550 4257 επις,
2596 4186 2801 4256 lud.'5,
2842 4187 3042 4246 Justini
3091 4187 3186 4262 ll.)
3233 4186 3307 4244 υι
3349 4188 3603 4245 Tiberius

2018 4282 2358 4356 negotiorum
2386 4279 2916 4370 administrationem
2946 4280 3206 4350 suscepit,
3250 4280 3520 4349 Trajauus
3544 4289 3596 4335 et

2018 4371 2319 4428 Zacharias
2345 4369 2512 4441 legati
2543 4369 2614 4426 ad
2644 4383 2770 4426 eum
2797 4370 3221 4438 rescripserunt,
3244 4369 3439 4425 Persas
3463 4370 3602 4425 nolle

343 4462 560 4532 Πέρσας
590 4462 722 4539 ἄχρι
753 4462 924 4534 τριῶν
951 4463 1090 4518 ἑτῶν
1123 4464 1458 4536 ποιήσασθαι
1484 4464 1585 4528 τὰς
1622 4463 1917 4538 ξυνθήκας,

2035 4465 2105 4522 ad
2127 4473 2240 4522 tres
2259 4477 2452 4531 annos,
2471 4463 2566 4524 sed
2591 4460 2660 4517 ad
2675 4461 2916 4532 quisque
2944 4460 3440 4530 induciasfpacisci.
3472 4459 3603 4527 Quae

344 4553 772 4623 πενταετηρίδας
798 4552 856 4606 δὲ
885 4549 1028 4607 εἶναι
1069 4553 1294 4623 μᾶλλον.
1330 4555 1439 4610 Καὶ
1473 4556 1576 4610 οὐκ
1617 4557 1914 4623 ἐπινεύσας

344 4643 426 4718 (οὐ
464 4645 575 4717 γὰρ
623 4645 788 4706 αὐτὸν
840 4645 1045 4717 ήρεσκε
1094 4647 1442 4718 μακροτέραν
1489 4648 1764 4702 ποιεῖσθαι
1815 4649 1916 4722 τὴν

345 4732 700 4805 ἐκεχειρίαν),
733 4735 1030 4805 ἐσήμαινεν
1053 4735 1132 4800 ὡς
1162 4735 1361 4800 αὐτοὺς
1395 4737 1632 4807 μάλιστα
1655 4739 1754 4808 μὲν
1785 4739 1916 4810 ἄχρι

342 4823 435 4878 δύο
457 4825 720 4880 ἐνιαυτῶν
749 4825 850 4890 τὰς
879 4825 1095 4882 τοιάσδε
1121 4825 1419 4899 βεϐαιιῖισαι
1451 4829 1686 4891 σπονδάς
1710 4845 1726 4863 ·
1772 4831 1822 4883 εἰ
1859 4830 1918 4884 δέ

341 4932 404 4984 γε
427 4916 665 4974 ἀδύνατα
698 4916 896 4990 ἔχοιεν,
931 4919 1244 4990 περαιτέρω
1278 4919 1354 4990 μὴ
1381 4917 1670 4985 ἀνέξεσθαι
1700 4921 1737 4992 ή
1768 4937 1919 4992 τριε-

338 5009 483 5073 τίας.
531 5009 827 5080 Σταλείσης
864 5009 921 5063 δὲ
955 5009 1051 5064 οῦν
1237 5007 1284 5081 ⁷]
1332 5012 1447 5074 τοῖς
1502 5011 1767 5082 πρέσϐεσι
1818 5012 1919 5082 τῆς

337 5099 550 5154 τοιᾶσδε
598 5100 906 5170 ἐπιστολῆς,
939 5085 1048 5154 ’και
1091 5101 1158 5172 δή
1211 5101 1628 5173 άναλεξαμένων
1673 5103 1760 5158 ὃτι
1791 5103 1917 5174 ιδή-

339 5190 433 5244 λου
468 5191 530 5243 τὺ
562 5190 818 5262 γράμμα,
855 5177 1113 5245 Μεϐώδου
1159 5191 1255 5246 επὶ
1281 5191 1456 5264 τούτῳ
1489 5192 1823 5263 ἀφικομένου
1855 5194 1917 5248 ἐν

336 5280 452 5342 τοῖς
495 5276 643 5358 ᾁμφὶ
681 5276 744 5332 τὸ
781 5278 962 5350 Δάρας
1017 5279 1208 5350 ὁρίοις,
1267 5280 1658 5351 αἰσθανομένου
1699 5281 1722 5314 ⁸
1749 5298 1811 5334 τε
1839 5281 1917 5346 ὡς

338 5371 458 5435 ταῖς
481 5370 584 5444 ήδη
614 5370 720 5426 ὕπὸ
745 5371 1017 5441 Τραϊανοῦ
1039 5374 1136 5436 καὶ
1165 5373 1436 5444 Ζαχαρίου
1467 5372 1915 5444 δοκιμασθείσαις

1593 5483 1832 5547 VARUS

407 5607 457 5641 "
484 5607 854 5680 ποιησάμενον
912 5611 1058 5680 vulg.

346 5747 365 5778 ⁸
398 5747 794 5820 ὲγεγραφείτην
827 5748 947 5806 Par.
1027 5747 1151 5812 τίὼς
1201 5749 1354 5804 uncis
1398 5747 1737 5806 inclusimus.

1161 5611 1206 5642 ”
1237 5607 1389 5663 οἷοίτ’
1418 5608 1508 5672 ΙΙ..
1567 5611 1671 5682 etot
1730 5608 1848 5682 (sic)
1896 5609 2044 5680 vulg.

341 5679 592 5748 margine
631 5679 832 5734 codicis
879 5680 1208 5748 adscriptum
1258 5689 1343 5734 cst
1391 5699 1404 5734 :
1449 5681 1610 5751 Ζήτει
1657 5679 1840 5747 ἐντῷ
1879 5697 1923 5731 πί

346 5747 365 5778 ⁸
398 5747 794 5820 ἐγεγραφείτην
827 5748 947 5806 Par.
1027 5750 1045 5780 ⁷
1080 5749 1151 5812 ὼς
1201 5749 1354 5804 uncis
1398 5751 1737 5806 inclusimus.
1816 5751 1836 5780 ⁸
1863 5751 1916 5801 αἱ

2058 5679 2432 5750 δημηῇοριῶν.

2023 5751 2286 5819 ινομένους
2312 5750 2456 5820 vulg.

2017 4571 2147 4612 cum
2173 4570 2282 4614 non
2328 4555 2707 4626 approbasset,
2731 4557 2856 4624 (nec
2885 4552 3031 4608 enim
3052 4552 3103 4608 ei
3141 4551 3200 4607 ln
3227 4560 3336 4606 tam
3379 4551 3598 4622 longum

2019 4658 2236 4719 tempus
2274 4645 2736 4704 iuducias'fae‘ere
2770 4643 3066 4714 placebam
3095 4644 3392 4710 mandavit,
3442 4651 3503 4697 ut
3535 4642 3593 4696 in

2019 4741 2161 4799 duos
2185 4754 2362 4796 annos
2389 4739 2831 4810 paciscerentur;
2858 4737 2904 4792 si
2935 4751 3044 4792 non
3075 4735 3324 4792 obtinere
3354 4744 3600 4805 possent,

2020 4831 2156 4889 nihil
2183 4831 2254 4887 ad
2286 4839 2402 4887 tres
2424 4836 2598 4886 annos
2625 4827 2947 4898 adiicerent.
2977 4826 3141 4884 Missa
3171 4835 3259 4882 est
3288 4827 3454 4896 igitur
3483 4827 3601 4882 haec

2022 4921 2092 4976 ad
2136 4919 2345 4991 legatos
2397 4919 2650 4989 epistola,
2703 4926 2760 4974 et
2797 4933 2923 4974 cum
2959 4931 3047 4985 ea,
3094 4929 3219 4986 quae
3274 4916 3589 4972 continebat

2020 5011 2306 5083 legissent,
2340 5010 2615 5078 Mebodes,
2649 5010 2741 5081 qui
2771 5009 2840 5065 ad
2873 5021 3195 5078 responsum
3225 5008 3599 5078 accipiendum

2021 5103 2091 5158 ad
2116 5102 2252 5158 lines
2269 5103 2438 5161 Dares
2467 5111 2715 5167 venerat,
2738 5102 2876 5157 satis
2899 5100 3184 5167 intellexit,
3207 5099 3486 5154 Romanos
3515 5098 3602 5153 in-

2021 5193 2232 5261 ducias,
2265 5208 2404 5264 quas
2432 5192 2700 5260 Traianus
2743 5199 2801 5248 et
2845 5190 3142 5248 Zacharias
3193 5189 3459 5251 fecerant,
3493 5201 3600 5242 nos

2015 5286 2341 5355 approbare.
2371 5284 2559 5354 itaque
2579 5282 3022 5341 Tachosdronem
3047 5281 3291 5347 immisit,
3316 5279 3408 5350 qui
3430 5287 3604 5334 terras

2015 5375 2243 5432 ditionis
2297 5374 2665 5432 Romanorum
2713 5375 2895 5433 subito
2944 5375 3163 5438 invasit,
3195 5382 3252 5428 et
3291 5370 3592 5442 propinqua

1899 5491 2308 5550 LECTIONES.

2126 5611 2140 5643 ¹
2174 5608 2253 5682 ὲν]
2285 5609 2367 5682 ὡς
2389 5610 2456 5664 ἂν
2479 5609 2718 5682 svconj.
2753 5608 2813 5662 Β.
2837 5677 2850 5682 _
2920 5605 3026 5682 10'!
3058 5602 3146 5682 1F...
3227 5601 3366 5682 vulg.
3395 5668 3407 5682 .
3479 5599 3501 5630 ⁸
3531 5599 3590 5682 in

2548 5680 2568 5711 δ
2600 5668 2700 5732 οὐκ
2727 5677 2872 5746 conj.
2920 5675 2985 5730 N.
3066 5674 3087 5706 '
3120 5672 3214 5727 ἐπὶ
3256 5668 3506 5724 δὲ⁷πέντε
3532 5668 3597 5725 Ν.
