4096 6466
440 334 548 398 805

1288 335 1684 397 EXCERPTA
1722 335 1826 392 ΕΧ
1867 329 2290 392 MENANDRO
2325 327 2824 388 PROTECTORE

3601 326 3706 386 896

443 442 556 495 loca
595 440 762 496 Daras
808 441 927 511 igne
967 443 1218 497 vastavit.
1251 442 1356 498 Sed
1387 444 1493 498 (ide
1518 441 1730 497 Mebodi
1756 442 1906 505 data,
1939 441 2013 494 illi
2042 444 2064 500 Α

2151 439 2382 500 ’πονδαίς
2408 439 2469 491 οὐ
2503 455 2793 508 στέργουσι
2851 438 3130 508 Ῥωμαῖοι,
3173 437 3438 507 ἐπαφίησι
3484 437 3575 490 τὸν
3598 437 3710 488 Tat-

445 543 786 589 numeratum
829 535 893 590 iri
942 537 1232 605 quotannis
1285 550 1381 604 per
1430 544 1538 591 tres
1571 550 1744 591 annos
1793 535 2012 604 triginta

447 627 616 682 millia
651 642 938 682 aureorum
969 643 1066 698 pro
1111 629 1361 696 induciis,
1407 638 1670 684 statutum
1697 637 1800 696 est,
1838 637 1898 683 ut
1931 629 2017 683 in-

454 727 600 771 terea
630 712 904 787 principes
947 719 1048 772 viri
1083 719 1360 788 utriusque
1391 721 1542 789 regni
1584 720 1636 774 in
1681 736 1846 775 unum
1875 735 2021 775 con—

455 809 720 874 venirent,
763 819 816 864 et
849 809 1026 878 aliqua
1075 811 1283 866 ratione
1333 812 1542 865 ﬁrmam
1577 827 1760 880 pacem
1816 813 2023 868 consti-

456 906 688 954 tuerent.
724 897 780 968 id
836 899 970 954 utile
1001 901 1116 955 suis
1143 901 1449 956 rationibus
1480 901 1595 958 fore
1619 904 1802 958 Caesar
1830 905 2020 958 existi-

457 988 652 1054 mabat,
691 996 744 1042 et
774 989 1111 1057 providentia
1144 991 1374 1058 quadam
1413 991 1682 1047 faciebat:
1720 993 2026 1047 conﬁdebat

455 1080 619 1142 enim,
645 1094 702 1132 se
733 1078 870 1133 intra
898 1090 1006 1134 tres
1028 1097 1200 1137 annos
1232 1082 1454 1138 idoneas
1482 1086 1666 1153 capias
1690 1088 2024 1152 coacturum,

456 1168 647 1232 quibus
675 1181 734 1219 sc
765 1169 898 1224 satis
951 1171 1219 1226 munitum
1279 1181 1333 1227 et
1377 1175 1698 1230 instructum
1736 1177 1813 1230 ad'
1847 1175 2028 1231 Persis

457 1259 814 1315 resistendum
855 1263 1183 1326 ostenderet,
1227 1271 1284 1318 ut
1313 1264 1474 1319 etiam
1505 1279 1572 1319 ex
1603 1281 1758 1336 :equo
1802 1282 1923 1322 cum
1949 1269 2028 1323 eis

459 1347 620 1420 158
651 1365 892 1420 pugnare
925 1365 1129 1423 posset.
1166 1355 1574 1413 Prmsenserant
1595 1368 1650 1414 et
1675 1358 1853 1414 Persae
1887 1361 2030 1414 hanc

457 1441 795 1511 imperatoris
840 1447 1257 1514 providentiam,
1287 1449 1429 1517 quod
1478 1449 1624 1504 nulla
1675 1450 1779 1503 alia
1821 1451 2068 1505 ratione

461 1541 738 1601 tantopere
774 1535 840 1589 de
888 1535 990 1591 hac
1048 1538 1304 1594 dilatione
1358 1539 1695 1608 impetranda
1735 1541 2028 1606 laboraret,

457 1635 616 1687 quam
657 1631 714 1676 ut
749 1637 845 1690 per
896 1625 948 1678 id
1001 1629 1256 1696 temporis
1304 1631 1536 1696 spatium
1579 1630 1801 1685 idoneas
1850 1632 2033 1700 copias

459 1721 810 1781 praepararet.
839 1715 1273 1770 Contemncbant
1309 1727 1488 1773 tamen
1519 1718 1701 1776 Persa:
1738 1723 2031 1790 Romanos,

464 1809 718 1869 tanquam
745 1803 835 1872 qui
867 1806 1152 1861 adversum
1179 1823 1238 1863 se
1266 1808 1321 1862 in
1344 1810 1460 1864 acie
1487 1821 1637 1865 stare
1666 1821 1719 1866 et
1749 1815 2033 1882 pugnando

464 1907 620 1958 pares
649 1908 772 1948 esse
799 1911 906 1950 non
941 1909 1177 1964 possent,
1213 1901 1426 1954 etiamsi
1476 1901 1690 1970 longius
1729 1914 1938 1974 tempus
1971 1906 2037 1961 iis

464 1982 837 2039 indulsissent.
871 1987 1236 2058 Quamobrem
1263 2002 1545 2058 postquam
1564 1993 1685 2047 belli
1713 1997 1946 2049 cessatio
1972 1997 2038 2049 ad

467 2085 676 2144 tempus
699 2085 812 2129 rata
837 2093 932 2145 per
948 2077 1224 2134 Orientem
1244 2081 1372 2156 fuit,
1388 2085 1564 2137 omnis
1590 2093 1768 2140 motus
1785 2085 1836 2138 in
1858 2089 2044 2140 Arme-

469 2168 614 2234 niam
646 2178 729 2222 est
774 2172 1090 2238 translatus,
1119 2183 1172 2230 et
1209 2189 1330 2228 eum
1378 2175 1516 2231 alius
1551 2177 1693 2230 aliud
1747 2181 1941 2233 munus
1987 2180 2038 2234 in

469 2259 556 2312 illa
602 2262 822 2331 regione
865 2264 1063 2332 obiret,
1122 2267 1342 2322 ineunte
1373 2282 1520 2334 vere,
1549 2267 1750 2324 bellum
1771 2279 1855 2326 est
1879 2286 2042 2326 exora

465 2362 599 2406 tum.

535 2446 624 2502 15.
653 2449 740 2519 (τι.
767 2455 830 2506 Li.
856 2453 982 2518 576,
1007 2454 1126 2511 Ind.
1147 2457 1201 2525 9,
1223 2457 1420 2515 Justini
1447 2461 1561 2532 12.)
1589 2459 1840 2518 Tiberius
1860 2463 2041 2518 Theo-

468 2539 680 2604 dorum,
714 2539 909 2600 Bacchi
945 2547 1136 2617 ﬁlium,
1171 2549 1403 2620 legatum
1441 2554 1506 2607 ad
1541 2567 1721 2623 regem
1754 2555 2043 2610 Persarum

469 2631 658 2698 mittit,
695 2637 876 2703 specie
915 2641 1131 2707 quidem
1177 2645 1386 2713 gratias
1422 2647 1615 2716 agendi
1666 2661 1851 2711 causa,
1903 2647 2045 2714 quod

471 2719 807 2792 Trajanum,
867 2731 1264 2788 nobilissimum
1329 2735 1696 2791 nenia-norum
1769 2738 2044 2807 legatum,

470 2827 685 2871 summo
728 2817 933 2874 honore
963 2820 1256 2889 affecisset,
1285 2841 1408 2880 cum
1444 2827 1606 2896 paulo
1640 2837 1767 2883 ante
1823 2829 2048 2899 legatio-

473 2919 594 2958 nem
621 2907 738 2976 ejus
761 2913 1083 2980 accepisset.
1099 2915 1218 2970 Jam
1239 2918 1328 2972 diu
1351 2920 1496 2973 enim
1525 2921 1578 2974 in
1593 2935 1750 2974 more
1767 2930 1886 2975 erat
1910 2921 2048 2989 apud

474 3005 765 3070 utrumque
806 3004 1134 3074 principem,
1173 2998 1297 3078 post
1331 3025 1556 3081 magnos
1602 3011 1807 3081 legatos
1837 3013 2051 3067 mittere

2121 531 2332 600 χόσδρω
2375 530 2516 584 κατὰ
2566 531 2667 599 τῆς
2728 531 3017 599 Ῥωμαίων
3069 530 3447 601 ἐπικρατείας.
3506 529 3616 582 Καὶ
3650 529 3713 591 ὃς

2119 623 2318 693 ἁθρόον
2346 623 2664 693 ἐπιδραμὼν
2697 623 2967 692 ἐνέπρησε
2999 612 3071 676 τὰ
3103 624 3207 676 ὅσα
3231 622 3581 692 πλησιόχωρα
3611 623 3708 674 τοῦ

2122 715 2321 786 Δάρας,
2372 716 2476 779 ἕως
2527 709 2758 785 ἐπείσθη
2796 716 3061 785 Μεϐὡδης
3106 715 3364 782 δέξασθαι
3407 714 3507 777 τὰς
3549 715 3711 787 τριά-

2124 823 2290 858 κοντα
2314 805 2558 874 χιλιάδας
2587 805 2697 858 τῶν
2732 805 2948 876 χρυσῶν
2975 805 3328 875 νομισμάτων
3359 805 3444 857 ἀν’
3466 804 3585 866 ἔτος
3611 807 3714 872 τῆς

2125 897 2464 967 τριετηρίδος
2515 898 2680 951 ἕνεκα
2730 899 2974 968 εἰρήνης,
3013 899 3096 966 ἐφ’
3131 891 3174 965 ᾧ
3218 900 3276 951 ἐν
3309 895 3547 966 τοσούτῳ
3584 897 3714 956 τοὺς

2126 988 2399 1058 ἄρχοντας
2441 989 2711 1058 ἑκατέρας
2748 988 3024 1051 πολιτείας
3061 990 3141 1050 εἰς
3173 988 3230 1040 ἓν
3266 987 3544 1052 ξυνιόντας
3585 986 3714 1054 βου-

2127 1079 2428 1132 λεύσασθαι
2487 1081 2634 1142 ὅπως
2673 1080 2736 1150 δὴ
2795 1081 2862 1134 τὰ
2921 1081 3060 1134 ὅπλα
3103 1078 3434 1133 καταθέσθαι
3488 1078 3712 1140 τελέως.

2129 1171 2364 1243 Προνοίᾳ
2384 1171 2439 1224 δὲ
2472 1171 2534 1242 δή
2567 1188 2675 1224 τινι
2707 1170 3097 1242 στοχαζόμενος
3124 1170 3220 1224 τοῦ
3257 1170 3613 1231 συνοίσοντος,
3645 1169 3720 1221 τὰ

2128 1262 2310 1315 τοιάδε
2342 1263 2586 1315 ἐπετέλει
2634 1263 2662 1314 ὁ
2695 1264 2919 1333 Καῖσαρ
2943 1279 2957 1293 ·
3011 1263 3284 1332 ἠπίστατο
3314 1261 3442 1331 γὰρ,
3476 1260 3554 1323 ὡς
3584 1259 3719 1330 ἄχρι

2128 1353 2392 1406 ἐνιαυτῶν
2419 1353 2587 1422 τριῶν
2609 1353 2906 1423 ἀποχρῶσα
2937 1353 3087 1424 αὐτῷ
3114 1352 3266 1407 ἔσται
3305 1353 3339 1424 ή
3391 1351 3716 1422 παρασκευὴ

2135 1443 2379 1514 Πέρσαις
2400 1462 2458 1496 τε
2483 1445 2781 1515 ἀξιόμαχος
2805 1445 3236 1517 ἀναφανήσεται.
3258 1443 3664 1515 Ξυνῃσθάνοντο
3694 1443 3718 1476 ⁹

2133 1540 2189 1594 δὲ
2213 1541 2307 1594 καὶ
2331 1541 2536 1612 Πέρσαι
2555 1542 2653 1610 τῆς
2677 1543 2894 1596 τοιᾶσδε
2921 1541 3265 1614 προμηθείας
3291 1541 3388 1594 τοῦ
3411 1541 3714 1611 Καίσαρος,

2140 1633 2217 1696 ὡς
2251 1633 2464 1696 οὐδενὸς
2496 1634 2682 1703 ἐτέρου
2741 1635 2904 1688 ἕνεκα
2965 1634 3172 1703 γίνεται
3233 1632 3380 1703 αὐτῷ
3413 1633 3650 1701 ἀναϐολὴ
3683 1632 3717 1701 ἢ

2140 1724 2512 1794 προορωμένῳ
2564 1724 2657 1776 τοῦ
2718 1725 3024 1794 μέλλοντος,
3051 1725 3202 1787 ὅπως
3231 1724 3290 1786 ἐς
3327 1725 3388 1777 τδ
3416 1723 3536 1777 δέον
3568 1721 3722 1791 αὑτῷ

2142 1815 2865 1887 προπαρασκευασθήσοιντο
2917 1817 2975 1871 αί
3017 1817 3294 1887 δυνάμεις.
3337 1814 3722 1884 Κατεφρόνουν

2138 1909 2194 1961 δὲ
2219 1911 2370 1978 ὅμως
2404 1910 2511 1963 τῶν
2549 1910 2859 1980 Ῥωμαίων,
2891 1909 2987 1964 ἅτε
3019 1909 3479 1980 ἀναμαχήσασθαι
3521 1909 3581 1960 οὐ
3626 1907 3723 1960 δυ-

2140 2001 2408 2070 ναμένων,
2431 2002 2483 2054 εἰ
2507 2003 2600 2054 καὶ
2627 2001 2828 2056 πλείων
2857 2002 3044 2063 αὐτοῖς
3065 2000 3304 2072 ἐνδοθείη
3333 2001 3547 2071 χρόνος.
3565 2000 3724 2052 Ἐπεὶ

2139 2085 2231 2142 οὖν
2255 2091 2512 2160 ἀνακωχή
2535 2091 2779 2160 ἐγεγόνει
2814 2091 2918 2144 ἅνά
2963 2091 3063 2162 τὴν
3095 2092 3230 2155 Ἕω,
3268 2091 3624 2160 μετενήνεκτο
3663 2087 3724 2140 δὲ

2142 2179 2289 2244 ἀπας
2319 2183 2410 2233 ἐπὶ
2431 2183 2530 2252 τὴν
2563 2181 2854 2251 Ἀρμενίαν
2881 2183 2908 2235 ὁ
2930 2181 3178 2252 θόρυϐος,
3204 2181 3362 2236 ἄλλου
3385 2180 3521 2235 ἄλλα
3553 2177 3727 2249 αὐτῆς

2142 2271 2696 2344 διακληρωσαμένων,
2723 2268 2859 2344 ἦρος
2879 2272 3184 2344 ἀρχομένου
3207 2271 3438 2342 συνέστη
3464 2269 3725 2340 πόλεμος.

2217 2448 2308 2516 ιγ’.
2342 2449 2468 2502 Ὅτι
2498 2451 2528 2502 ὁ
2577 2448 2827 2520 Τιϐέριος
2877 2451 2906 2503 ὁ
2954 2451 3174 2520 Καῖσαρ
3207 2449 3415 2503 στέλλει
3447 2447 3731 2518 Θεόδωρον

2145 2539 2236 2592 τὸν
2268 2540 2485 2610 Βάκχου
2512 2540 2985 2612 πρεσϐευσάμενον
3009 2541 3085 2604 ὡς
3113 2540 3340 2611 βασιλέα
3363 2540 3618 2610 Περσῶν,
3645 2537 3729 2608 τῷ

2145 2632 2326 2684 δοκεῖν
2356 2632 2456 2700 μὲν
2488 2631 2894 2702 ὁμολογήσοντα
2942 2621 3174 2701 χάριτας
3229 2631 3345 2685 ἀνθ’
3375 2624 3448 2683 ὧν
3486 2629 3578 2683 τὸν
3629 2630 3732 2699 μέ-

2147 2739 2332 2790 γιστον
2365 2723 2652 2793 Ῥωμαίων
2685 2723 3025 2795 πρεσϐευτὴν
3054 2726 3112 2787 ἐς
3137 2724 3208 2778 τὰ
3243 2725 3479 2795 μάλιστα
3505 2721 3734 2793 ἐτίμησε

2148 2815 2438 2884 Τραϊανὸν,
2489 2816 2652 2886 ἡνίκα
2683 2815 2912 2886 έναγχός
2949 2805 3024 2884 ¹γε
3071 2817 3244 2887 δήπου
3299 2815 3400 2886 τὴν
3449 2816 3518 2869 δι’
3563 2814 3736 2868 αὐτοῦ

2149 2906 2365 2970 ἐδέξατο
2388 2907 2702 2977 πρεσϐείαν,
2739 2909 2976 2962 ἔκπαλαι
3018 2909 3081 2963 τὸ
3132 2908 3331 2962 τοιόνδε
3370 2906 3627 2978 νομισθὲν
3657 2907 3735 2970 ὡς

2150 2998 2472 3068 ἀμφοτέρας
2525 2999 2828 3066 πολιτείας,
2887 3001 3031 3055 ὥστε
3102 3000 3239 3070 μετὰ
3277 3002 3405 3061 τοὺς
3461 2999 3739 3070 μεγάλους

479 3086 624 3188 filios
687 3092 964 3160 minores,
1010 3097 1103 3166 qui
1165 3100 1393 3168 gratiam
1462 3112 1683 3171 agerent
1724 3103 1796 3156 ob
1842 3103 2050 3172 priores

2154 3088 2414 3160 πρέσϐεις
2446 3090 2766 3144 στέλλεσθαι
2793 3092 3019 3162 ἑτέρους
3047 3092 3284 3163 ἥσσονας
3316 3083 3422 3160 ’τῆς
3475 3090 3584 3143 τῶν
3637 3106 3740 3158 με-

476 3173 688 3243 legatos
753 3180 984 3251 benigne
1044 3197 1330 3256 receptos.

482 3277 763 3325 carentur.
800 3270 937 3328 Huic
982 3285 1163 3332 autem
1218 3279 1379 3336 simul
1431 3292 1784 3351 praeceperat,
1818 3291 1898 3336 ut-
1939 3283 2054 3353 regi

480 3370 799 3429 exponeret,
847 3379 907 3420 se
945 3381 1070 3422 esse
1116 3377 1386 3438 paratum,
1425 3373 1568 3444 (jam
1620 3373 1765 3428 enim
1813 3373 1867 3428 id
1919 3388 2052 3429 con-

479 3458 702 3503 venerat
733 3458 788 3522 ,)
856 3456 1069 3514 mittere
1141 3460 1195 3514 in
1271 3461 1404 3517 ﬁnes
1475 3464 1760 3534 utriusque
1833 3465 2058 3521 ditionis

479 3534 627 3629 virus
699 3545 944 3614 nobiles,
1013 3551 1106 3619 qui
1189 3552 1256 3606 de
1327 3568 1462 3622 pace
1539 3570 1663 3609 cum
1737 3556 1850 3623 his,
1921 3571 2060 3628 quos

479 3633 596 3696 Ipse
626 3645 691 3687 eo
721 3634 790 3688 ad
823 3635 876 3691 id
905 3640 1162 3708 mitteret,
1196 3653 1418 3713 agerent
1447 3656 1502 3699 et
1541 3647 1948 3702 controversias
1973 3649 2059 3702 di-

480 3719 760 3779 rimerent.
799 3727 936 3782 Cum
997 3729 1316 3789 Theodorus
1375 3737 1441 3790 ad
1489 3735 1659 3792 Daras
1718 3741 2058 3805 accessisset,

483 3807 766 3868 Persarum
802 3832 895 3872 rex
920 3820 992 3874 ibi
1018 3821 1332 3892 reliquerat,
1359 3828 1448 3894 qui
1467 3839 1591 3880 eum
1616 3840 1682 3882 eo
1713 3815 2058 3894 deducerent,

483 3900 574 3954 ubi
604 3918 784 3972 regem
835 3914 1162 3966 commorari
1208 3916 1623 3982 comperissent,
1672 3932 1760 3983 ne,
1808 3919 1914 3973 ulla
1979 3935 2060 3987 re,

481 4006 605 4060 quae
631 3996 802 4062 legato
837 4003 1082 4068 praestari
1111 4002 1338 4069 solebat,
1375 4005 1602 4072 omissa,
1647 4023 1855 4063 moram
1887 4011 1960 4064 illi
1989 4009 2064 4063 fa-

483 4096 650 4140 ceret.
684 4087 906 4145 Volebat
937 4095 1079 4147 enim
1111 4094 1272 4150 simul
1300 4097 1496 4151 bellum
1533 4113 1723 4168 gerere
1753 4111 1809 4156 et
1840 4100 2065 4172 legatio-

486 4192 608 4231 nem
631 4181 883 4249 excipere
911 4203 925 4239 :
952 4185 1031 4240 'sic
1056 4188 1201 4242 enim
1219 4188 1294 4244 'se
1320 4186 1578 4262 Romanis
1627 4203 1888 4248 terrorem
1930 4194 2066 4264 inje-

486 4279 699 4326 cturum
739 4288 864 4330 esse
891 4277 1166 4346 sperabat.
1197 4281 1314 4347 Qua
1352 4282 1425 4337 de
1467 4296 1630 4338 causa
1665 4297 1790 4338 cum
1831 4286 1935 4340 iter
1961 4297 2066 4356 per

489 4365 786 4433 regionem,
815 4373 934 4437 Quae
964 4371 1282 4429 Arestorum
1307 4382 1363 4429 et
1396 4373 1810 4446 Marepticorum
1841 4376 2061 4442 dicitur,

1383 3197 1440 3244 et
1501 3191 1794 3245 amicitiam
1857 3191 2048 3246 testiﬁ-

2153 3179 2357 3248 γίστων
2401 3180 2684 3250 πρέσϐεων
2735 3182 3007 3252 ἀποδοχῆς
3067 3200 3125 3235 τε
3160 3183 3316 3236 ἕκατι
3346 3181 3442 3234 καὶ
3474 3181 3744 3251 φιλοτρο-

2158 3270 2345 3341 σύνης.
2383 3273 2446 3325 "A
2460 3289 2536 3343 μα
2566 3272 2623 3325 δὲ
2654 3273 2961 3328 ἐνετείλατό
2998 3276 3047 3327 οί
3075 3273 3442 3344 διαλεχθῆναι,
3483 3273 3560 3335 ὡς
3597 3271 3746 3326 ἑτοι-

2162 3361 2370 3430 μότατα
2394 3359 2530 3431 ἔχοι,
2570 3361 2714 3416 κατά
2746 3361 2807 3414 τὸ
2837 3362 2940 3433 ήδη
2965 3356 3301 3432 ἐμπεδωθὲν,
3345 3364 3404 3415 ὲν
3430 3363 3544 3426 τοῖς
3569 3361 3746 3431 ὁρίοις

2159 3453 2258 3521 τῆς
2299 3452 2412 3504 Ἕω
2433 3452 2638 3506 στεῖλαι
2660 3455 2786 3516 τοὺς
2813 3450 3103 3524 Ῥωμαίων
3129 3455 3394 3525 ἄρχοντας
3424 3452 3717 3523 γνωματεύ
3739 3487 3746 3491 -

2163 3559 2356 3605 σοντας
2385 3543 2480 3606 ξὺν
2516 3546 2631 3607 τοῖς
2676 3544 2770 3598 ὑπ’
2819 3545 2988 3599 αὑτοῦ
3023 3547 3574 3618 ὲκπεμφθησομένοις
3612 3547 3750 3614 ἠγε-

2166 3633 2288 3702 μὸσι
2321 3633 2547 3702 Περσῶν
2573 3635 2717 3704 ἀμφὶ
2747 3636 2846 3706 τῆς
2901 3637 3128 3708 είρήνης
3185 3637 3278 3691 καὶ
3334 3637 3403 3690 τὰ
3459 3636 3744 3706 ἀμφίϐολα

2161 3724 2662 3796 διευκρινήσοντας.
2695 3726 2972 3797 Θεόδωρον
3018 3726 3118 3798 μὲν
3168 3726 3337 3783 αὐτοῦ
3381 3725 3748 3798 ἀφικόμενον.

2164 3813 2420 3885 βασιλεὺς
2461 3817 2490 3870 ὁ
2529 3817 2759 3887 Περσῶν
2799 3817 3192 3878 καταλέλοιπεν
3223 3819 3282 3874 δν
3316 3815 3394 3890 τῷ
3444 3819 3621 3890 Δάρας
3674 3824 3744 3890 τῇ

2163 3908 2318 3961 πόλει
2347 3908 2475 3973 τούς
2504 3926 2564 3962 τε
2589 3909 2684 3964 τὸν
2701 3909 2872 3981 ἄνδρα
2897 3910 3146 3978 ἄξοντας,
3181 3909 3642 3980 ἐγκελευσάμενος
3676 3909 3741 3972 ³⁸,

2164 3997 2295 4052 ένθα
2343 3999 2412 4053 ἂν
2471 3999 2694 4070 μάθοιεν
2720 3999 2812 4052 τὸν
2850 3998 3077 4068 βασιλέα
3101 3995 3264 4065 εἶναι,
3295 3999 3736 4063 ὲπικαταλαϐετν,

2164 4093 2240 4156 ὡς
2268 4092 2334 4146 ἂν
2367 4092 2441 4165 μή
2469 4094 2539 4146 τὰ
2569 4092 2853 4163 εἰθισμένα
2881 4094 2976 4146 ἐπὶ
2997 4093 3306 4166 πρεσϐευτῇ
3333 4094 3587 4165 πράσσων
3609 4093 3734 4144 ἀνα-

2167 4184 2294 4255 βολῇ
2319 4185 2579 4256 χρήσοιτό
2607 4201 2736 4239 τινι.
2775 4186 2840 4238 "A
2849 4202 2926 4253 μα
2952 4185 3060 4255 γὰρ
3074 4183 3336 4255 ἠϐούλετο
3357 4185 3454 4239 καὶ
3485 4184 3741 4255 πολέμοις

2163 4276 2374 4346 ὁμιλεῖν
2417 4277 2512 4330 καὶ
2560 4276 2815 4347 δέχεσθαι
2852 4278 2954 4347 τὴν
3003 4278 3346 4347 πρεσϐείαν·
3401 4278 3576 4349 ταύτῃ
3635 4277 3750 4347 γὰρ

2167 4367 2500 4438 ἑκφοϐήσειν
2529 4366 2675 4438 ᾤετο
2701 4370 2761 4431 ές
2792 4366 2864 4420 τὰ
2898 4367 3133 4438 μάλιστα
3174 4363 3499 4438 Ῥωμαίους.
3545 4366 3638 4436 Τῷ
3665 4381 3751 4420 τοι

487 4453 728 4524 fecisset,
755 4458 830 4512 .in
868 4459 1300 4524 Persarmeniam
1344 4467 1611 4535 pervenit,
1654 4468 2058 4538 inopinantibus

2163 4459 2270 4530 ἄρα
2297 4459 2396 4528 τὴν
2431 4458 2742 4529 ὁδοιπορίαν
2763 4458 3023 4522 διανύσας
3053 4457 3142 4512 διὰ
3163 4457 3258 4512 τοῦ
3287 4454 3580 4528 λεγομένου
3619 4456 3752 4528 Ἀῤ-

489 4543 772 4613 Romanis,
801 4551 894 4618 qui
921 4557 1032 4606 tam
1063 4553 1172 4608 cito
1199 4568 1266 4610 eo
1307 4555 1456 4609 illum
1484 4565 1874 4627 perventurum
1901 4573 2066 4613 'nun-

487 4647 650 4702 qua
675 4639 1053 4696 credidlssent.
1079 4643 1338 4700 Solebant
1359 4647 1506 4701 enim
1528 4645 1706 4703 Persae
1735 4657 1890 4702 antea
1918 4651 2064 4703 circa

487 4722 650 4779 tinem
711 4729 916 4785 mensis
961 4733 1050 4799 qui
1107 4733 1313 4789 Latinis
1365 4739 1593 4791 vocatur
1647 4737 1947 4807 Augustus,
2006 4738 2061 4792 in

487 4814 865 4875 Persarmenia
894 4838 1176 4894 apparere,
1216 4835 1276 4882 et'
1306 4828 1430 4882 inde
1467 4828 1536 4884 ab
1569 4829 2016 4900 bellumfaccingi
2045 4848 2059 4884 :

493 4923 637 4966 nunc
685 4921 866 4968 autem
901 4915 1170 4972 Chosroes
1207 4919 1362 4986 prius
1393 4919 1522 4974 illuc
1569 4921 1822 4974 accessit.
1858 4922 2070 4976 Accidit

491 5013 694 5070 autem,
727 5013 788 5060 ut
823 5007 1052 5064 Romani
1085 5013 1252 5066 semel
1293 5011 1575 5080 praeventi,
1606 5027 1729 5066 cum
1759 5014 1965 5068 tardius
1993 5028 2073 5067 rc-

495 5096 595 5150 bus
629 5099 743 5152 suis
774 5103 1203 5167 prospexissent,
1244 5103 1382 5157 nihil
1409 5111 1526 5157 toto
1564 5103 1712 5158 illius
1743 5104 1870 5157 anni
1897 5105 2073 5171 spatio

495 5187 728 5244 feliciter
760 5196 815 5244 et
837 5194 1140 5260 opportune
1163 5200 1431 5260 gererent.
1466 5192 1576 5248 Nec
1597 5193 1756 5248 enim
1799 5194 2076 5248 exercitus

495 5282 872 5339 Romanorum
905 5284 1163 5346 collectus
1199 5295 1358 5352 erat;
1399 5287 1494 5341 sed
1540 5284 1822 5355 militibus,
1855 5288 1946 5357 qui
1977 5288 2077 5342 sub

497 5376 670 5431 (iur-so
706 5385 760 5432 et
799 5377 1087 5433 Theodoro
1116 5379 1413 5445 merebant,
1452 5381 1755 5436 nuntiatum
1785 5392 1922 5444 erat,
1960 5382 2074 5434 im-

498 5480 806 5538 peratorem
840 5477 1037 5532 iratum
1066 5489 1186 5531 esse
1217 5485 1502 5547 prepterea
1534 5472 1678 5542 quod
1708 5473 1760 5527 in
1789 5469 2072 5526 Albaniam

2172 4551 2380 4621 ρεστῶν
2414 4549 2678 4621 κλίματος
2722 4549 2817 4603 καὶ
2858 4550 2952 4605 τοῦ
2986 4550 3360 4621 Μαρεπτικῶν
3412 4549 3643 4619 ἀφίκετο
3691 4547 3752 4600 έν

2169 4641 2582 4713 Περσαρμενίᾳ,
2619 4641 3004 4712 οὐκοιομένων
3037 4642 3146 4695 τῶν
3187 4640 3476 4710 Ῥωμαίων
3510 4637 3658 4692 οὕτω
3686 4653 3752 4706 γε

2169 4735 2346 4805 δήπου
2373 4733 2567 4788 θᾶττον
2595 4733 2749 4805 ἥξειν
2791 4734 2975 4790 αὐτόν.
3011 4733 3294 4788 Είωθότων
3325 4732 3435 4802 γὰρ
3465 4731 3576 4785 τῶν
3608 4731 3754 4801 Περο-

2173 4827 2284 4880 σῶν
2314 4829 2372 4879 ὲν
2417 4828 2528 4888 τοῖς
2561 4824 2872 4896 ἔμπροσθεν
2914 4826 3127 4896 χρόνοις
3173 4825 3318 4895 ἀμφὶ
3359 4825 3422 4877 τὸ
3449 4824 3625 4894 πέρας
3654 4822 3752 4874 τοῦ

2173 4919 2272 4990 τὴν
2334 4918 2650 4990 ἐπωνυμίαν
2707 4919 3021 4987 Αὐγούστου
3083 4917 3513 4988 κληρωσαμένου
3582 4916 3754 4985 μηνὸς

2178 5009 2572 5078 ἀναφαίνεσθαι
2618 5009 2759 5063 κατά
2807 5008 2872 5080 δὴ
2908 5009 3011 5079 τῆς
3059 5009 3284 5080 Περσῶν
3330 5007 3624 5078 Ἀρμενίας
3657 5009 3755 5059 καὶ

2179 5099 2488 5170 τηνικαῦτα
2545 5100 2637 5154 τὸν
2698 5100 2935 5170 πόλεμον
2996 5101 3342 5171 συγκροτεῖν,
3403 5098 3756 5170 προτερήσας

2175 5192 2337 5254 αὐτὸς
2364 5193 2692 5261 εἰσήρρησεν
2721 5190 2930 5244 αὐτόθι.
2961 5189 3270 5260 Ξυνηνέχθη
3292 5189 3584 5258 τοιγαροῦν
3605 5189 3757 5251 ἅπαξ

2177 5283 2753 5354 προκατειλημμένους
2779 5282 2873 5336 καὶ
2896 5283 3381 5352 ὲφυστερήσαντας
3399 5282 3439 5312 ¹¹
3468 5281 3595 5342 τοὺς
3624 5279 3758 5334 Ῥω-

2183 5376 2376 5447 μαίους
2402 5377 2468 5428 δι’
2499 5374 2622 5427 ὂλου
2646 5372 2739 5427 τοῦ
2773 5373 2925 5436 έτους
2961 5373 3114 5426 οὐδὲν
3138 5373 3316 5426 ὁτιοῦν
3350 5373 3490 5442 σφᾶς
3520 5371 3758 5438 διαπρά-

2181 5467 2374 5534 ξασθαι
2405 5469 2461 5520 ὲν
2490 5465 2686 5538 καιρῷ.
2729 5463 2868 5518 Οὔτε
2895 5464 3003 5534 γὰρ
3032 5464 3094 5517 τὸ
3123 5463 3439 5536 στράτευμα
3472 5461 3753 5532 ξυνήθροι-

1734 5595 1971 5652 νΑιιιΑΞ
2036 5591 2440 5650 LECTIONES.

572 5699 594 5728 θ
634 5697 1027 5770 ξυνῃςθὰνοντο
1059 5696 1143 5765 Νη
1174 5695 1549 5762 ξυνιστάνοντο
1583 5693 1728 5765 vulg.
1809 5693 1849 5724 ”
1879 5690 2344 5760 ἐγκελευσάμενος
2371 5685 2455 5751 li,
2489 5682 2929 5753 ἐγκαλεσάμενος
2971 5681 3115 5753 vulg.
3197 5679 3238 5711 “
3266 5673 3757 5746 ὐφυστερὴσαντας

509 5770 654 5838 vulg.
