4096 6416
319 335 427 396 8ξῆ

1099 335 1197 396 DE
1236 333 1797 396 LEGA'I‘IONIBUS
1829 331 2316 392 ROMANORUM
2359 333 2458 392 AD
2493 331 2806 393 GENTES.

3462 333 3568 396 893

321 459 418 495 στο
451 440 512 494 τὸ
553 439 880 509 Ῥωμαῖκόν,
910 439 1024 492 ἀλλ’
1049 442 1097 493 oi
1128 442 1229 512 μὲν
1272 442 1400 512 περὶ
1435 443 1475 472 ¹¹
1522 440 1770 510 Κοῦρσον
1806 442 1900 492 καὶ

2006 437 2294 504 irruentes,
2331 440 2553 496 Sabiros
2587 451 2643 496 et
2664 442 2902 498 Albanos
2925 458 3031 498 non
3065 443 3277 507 penitus
3317 444 3573 500 sustulis-

319 532 597 603 Θεόδωρον
641 533 769 595 τοὺς
808 531 1143 602 στρατιώτας
1177 533 1240 598 ⁸⁸,
1272 534 1456 604 ἐπειδὴ
1490 534 1673 596 αὐτοῖς
1719 532 1897 601 ἀπήγ-

318 623 483 692 γελτο
525 622 623 688 ⁸³⁸⁸,
654 623 730 687 ὡς
773 626 980 694 νεμεσᾷ
1008 641 1067 677 τε
1125 623 1218 678 καὶ
1269 625 1570 692 ἀγανακτεῖ
1595 626 1624 677 ό
1653 625 1891 692 Καῖσαρ,

317 716 404 770 ὃτι
433 716 498 785 δὴ
529 714 846 777 ἐσϐαλόντες
876 716 934 768 ἐν
980 714 1234 786 Ἀλϐανίᾳ
1275 717 1349 784 μὴ
1383 717 1686 783 ἀνέστησαν
1721 717 1894 768 ᾶπαν-

317 822 420 870 τις
472 803 762 875 Σαϐείρους
786 821 844 857 τε
873 805 966 858 καὶ
1006 805 1316 868 Ἀλϐανοὺς,
1346 805 1460 858 ἀλλ’
1517 807 1600 859 ὅτι
1653 807 1894 876 ὁμήρους

319 897 642 960 πεποιθότες
665 896 1010 968 ἐξεχώρησαν
1037 911 1051 929 ο
1076 898 1479 965 κατεγνωκότες
1513 915 1572 950 τε
1620 897 1678 964 ἐξ
1725 898 1894 966 αὐτῆς

317 991 419 1059 τῆς
448 990 665 1058 πείρας,
717 988 795 1058 τῷ
841 989 1141 1058 ἀφηνιάσαι
1189 989 1387 1042 αὐτίκα
1445 989 1553 1042 ἀπὸ
1604 989 1892 1058 Ῥωμαίων

314 1078 410 1130 τὸν
439 1077 696 1146 Σαϐεῑρα,
723 1076 800 1139 ὡς
823 1077 883 1129 οὑ
917 1077 1060 1131 κατὰ
1080 1077 1139 1130 τὸ
1159 1077 1276 1131 δέον
1298 1079 1710 1148 ἐπεπράχησαν,
1748 1095 1892 1149 παρ-

314 1167 477 1236 ώφθη
511 1184 570 1220 τε
597 1166 703 1220 ὑπὸ
736 1167 886 1235 σφῶν
925 1167 985 1220 τὸ
1022 1169 1291 1232 συνοῖσον,
1348 1169 1536 1240 ὥσπερ
1588 1170 1782 1240 ἀμέλει
1829 1173 1894 1222 ὲκ

317 1256 694 1326 μεταμελείας
727 1255 880 1320 αὖθις
911 1256 1200 1322 ἐλάσαντες
1222 1260 1280 1311 ἐν
1312 1259 1566 1330 Ἀλϐανία
1597 1260 1892 1330 πρεσϐείας

312 1342 454 1417 ἦγον
489 1347 612 1410 τοὺς
666 1346 959 1420 Σαϐείρους
997 1365 1059 1402 τε
1114 1351 1206 1404 καὶ
1266 1350 1576 1415 Ἀλϐανοὺς,
1637 1354 1892 1422 πανοικίᾳ

318 1440 464 1506 σφᾶς
504 1439 904 1507 μετοικίζοντες
933 1442 990 1504 ἐς
1021 1439 1090 1494 τὰ
1119 1441 1246 1512 τῆδε
1277 1441 1588 1512 τοῦΚύρου
1618 1442 1888 1512 ποταμοῦ,

313 1531 395 1590 ὡς
421 1529 607 1582 λοιπὸν
648 1531 707 1583 ἐν
744 1533 811 1601 τῇ
855 1530 1138 1604 Ῥωμαϊκῇ
1182 1531 1491 1585 διαιτᾶσθαι
1543 1532 1718 1602 χώρᾳ.
1771 1533 1890 1586 Ἔτι

315 1616 413 1672 οὖν
441 1619 716 1691 θεὸδωρός
756 1636 815 1673 τε
860 1621 953 1674 καὶ
1007 1619 1252 1691 Κοῦρσος
1302 1622 1361 1674 ἐν
1415 1619 1626 1684 τούτοις
1664 1625 1892 1692 ἐνησχο-

318 1709 542 1779 λημένοι
603 1710 916 1781 ἐτύγχανον.
961 1707 1096 1768 Εἶτα
1142 1711 1578 1781 ἐγκαλεσαμένου
1630 1712 1722 1766 τοῦ
1749 1713 1889 1767 Καί-

2002 542 2122 587 sent
2147 543 2201 588 et
2221 537 2698 600 exterminassent,
2725 537 2818 591 sed
2840 537 3122 593 obsidibus
3150 536 3339 591 conﬁsi
3369 537 3573 594 disces-

2003 626 2204 680 sissent
2239 642 2252 677 :
2281 628 2424 695 quod
2458 641 2621 696 quam
2652 626 3303 696 imprudentcrfecerint,
3330 627 3476 697 ipsos
3503 643 3572 684 ex

2003 723 2202 770 eventu
2239 717 2514 786 cognitum
2544 717 2741 772 habere
2782 735 2798 772 :
2834 718 3038 773 etenim
3069 716 3356 774 confestim
3395 717 3574 774 Sabiri

2005 805 2164 875 159
2196 821 2226 858 a
2253 807 2512 864 Romanis
2542 809 2871 865 defecerant.
2895 808 3084 879 Itaque
3105 809 3264 866 rebus
3297 817 3401 863 tam
3436 811 3574 865 male

1999 897 2185 964 gestis,
2229 896 2548 966 poenitentia
2592 899 2872 961 commoti,
2937 914 3126 952 rursus
3178 899 3230 952 in
3288 899 3572 954 Albaniam

1999 981 2258 1053 impetum
2293 985 2558 1049 fecerunt,
2597 997 2651 1040 et
2681 986 3038 1056 legationibus
3071 986 3292 1041 Sabiros
3328 996 3382 1042 et
3407 987 3572 1042 Alba-

1998 1087 2102 1129 nos
2137 1075 2251 1129 suis
2279 1076 2499 1131 sedibus
2536 1077 2744 1132 excitos
2771 1077 2909 1132 citra
2932 1076 3080 1145 ripas
3109 1077 3232 1146 Cyri
3263 1075 3438 1130 anmis
3467 1077 3575 1129 col-

1999 1163 2266 1228 locarant,
2311 1175 2373 1218 ut
2413 1165 2468 1219 in
2488 1169 2786 1234 [posterum
2830 1165 2887 1220 in
2937 1165 3305 1221 Romanorum
3355 1167 3574 1222 ditionis

1997 1254 2312 1326 regionibus
2372 1255 2696 1312 habitarent.
2767 1255 2974 1322 Quibus
3035 1256 3198 1311 rebus
3246 1254 3574 1324 peragendis

1997 1345 2202 1401 Cursus
2240 1356 2296 1400 et
2321 1342 2640 1400 Theodorus
2685 1345 2862 1400 adhuc
2891 1344 3143 1413 occupati
3178 1354 3352 1400 erant.
3387 1346 3574 1415 Itaque

1997 1437 2181 1493 Caesar
2223 1434 2594 1491 Justinianum
2621 1438 2814 1492 ducem
2844 1451 2938 1504 per
2960 1439 3236 1492 Orientem
3278 1436 3572 1506 proﬁcisci,

1997 1539 2053 1584 et
2077 1530 2131 1583 in
2159 1528 2418 1583 Armenia
2443 1527 2584 1584 bello
2612 1531 2850 1598 gerendo
2887 1543 3120 1598 praeesse
3146 1528 3335 1596 jussit.
3360 1527 3573 1583 Nihilo-

1996 1619 2181 1674 minus
2226 1634 2399 1689 neque
2421 1618 2763 1678 Justinianus
2801 1619 2969 1686 venit,
2999 1619 3130 1690 quia
3156 1621 3260 1676 boc
3291 1619 3369 1674 illi
3399 1621 3575 1677 serius

1996 1712 2176 1770 Caesar
2204 1711 2556 1782 signiﬁcarat,
2599 1727 2777 1781 neque
2810 1713 2890 1767 rei
2927 1711 2986 1768 in
3042 1722 3288 1783 tempore
3327 1715 3576 1782 gerenda:

327 1817 486 1871 σαρος
530 1803 900 1858 Ἰουστινιανὺν
927 1804 1018 1860 τὸν
1051 1807 1149 1875 τῆς
1175 1805 1292 1858 Ἕω
1309 1806 1612 1875 στρατηγὸν
1638 1822 1894 1876 μεταφοι-

2006 1803 2402 1874 opportunitate
2431 1817 2564 1860 usus
2595 1801 2797 1858 fuerat.
2829 1801 2912 1856 Ad
2939 1803 3052 1857 haec
3092 1801 3212 1858 auri
3241 1801 3574 1868 distributio,

322 1895 484 1962 τῆσαι
514 1893 611 1946 καὶ
648 1895 707 1947 ἐν
750 1894 1012 1965 Ἀρμενίᾳ
1057 1895 1312 1963 γενέσθαι
1350 1897 1512 1949 αὐτὸν
1549 1899 1892 1968 ἡγησόμενον

317 1985 415 2036 τοῦ
464 1983 723 2054 πολέμου,
771 1985 923 2038 οὐδὲν
959 1983 1123 2059 ἦττον
1153 1987 1248 2040 καὶ
1309 1987 1683 2052 Ἰουστινιανὸς
1739 1989 1892 2043 οὔπω

319 2076 524 2146 παρῆν,
581 2075 660 2147 τῷ
716 2077 960 2146 σημῆναι
992 2076 1148 2130 τοῦτο
1181 2077 1330 2148 αὐτῷ
1356 2079 1448 2133 τὸν
1501 2080 1756 2151 Καίσαρα
1794 2083 1891 2152 ὀψὲ

321 2168 420 2222 καὶ
449 2167 548 2222 οὐκ
583 2169 642 2221 ἐν
675 2167 852 2238 καιρῷ
884 2171 994 2232 τοῖς
1029 2170 1317 2240 πράγμασι
1373 2172 1704 2242 χρήσασθαι,
1755 2177 1891 2243 πρός

320 2276 389 2329 γε
421 2262 636 2331 καὶτῆς
661 2261 924 2333 συνήθους
969 2262 1233 2332 διανομῆς
1272 2261 1367 2316 τοῦ
1401 2265 1626 2335 χρυσίου
1647 2267 1760 2328 τοῖς
1788 2265 1891 2336 ἐῴ-

321 2369 406 2415 οις
458 2353 785 2420 καταλόγοις
837 2351 1212 2421 γεγενημένης
1257 2352 1354 2405 οὐκ
1403 2354 1726 2426 ἐπικαίρως,
1757 2356 1891 2410 ἀλλὰ

320 2444 460 2513 δῆτα
479 2443 946 2514 ἐφυστερησάσης.
989 2444 1106 2496 Ἐπ’
1136 2443 1320 2507 ἁδείας
1347 2440 1441 2498 οὖν
1473 2445 1616 2500 οὕτω
1655 2464 1772 2510 πως
1797 2448 1892 2502 καὶ

323 2534 537 2586 ἀκονιτὶ
568 2533 857 2598 ἐλάσαντος
879 2535 936 2587 ἐν
959 2534 1343 2606 Περσαρμενίᾳ
1370 2537 1633 2608 Χοσρόου,
1667 2539 1893 2610 μηδενός

322 2625 373 2677 οί
407 2623 954 2694 άντικαθδσταμένου,
984 2625 1036 2676 οἰ
1067 2624 1164 2695 μὲν
1183 2625 1516 2697 δασμοφόροι
1543 2628 1645 2698 τῆς
1672 2629 1894 2700 ἥττονος

265 2783 270 2786 _
339 2713 628 2785 Ἀρμενίας
651 2711 773 2766 οὔτε
803 2716 1105 2785 ἐχρήσαντο
1137 2719 1303 2784 φυγῇ,
1358 2717 1730 2783 ἐκλελοιπότες
1769 2721 1894 2784 τοὺς

325 2805 532 2875 ἀγροὺς
560 2803 697 2872 οἵγε,
720 2803 856 2857 ἀλλὰ
889 2804 996 2874 γάρ
1026 2805 1119 2858 καὶ
1144 2805 1210 2860 τὰ
1247 2807 1346 2860 ὅσα
1373 2807 1650 2879 ἐπιτήδεια
1677 2809 1898 2876 ξυνεκύ-

330 2897 488 2968 μιζον
530 2895 608 2966 τῷ
639 2895 871 2968 στρατῷ.
917 2896 1270 2966 Προϐαίνοντι
1324 2898 1380 2951 δὲ
1413 2899 1632 2972 Χοσρόῃ
1677 2902 1782 2956 άνὰ
1825 2903 1896 2957 τὰ

333 2988 520 3058 πρόσω
547 2990 596 3042 ot
627 2990 684 3041 ἐν
706 2988 784 3059 τῷ
804 2989 1025 3060 κλίματι
1050 2990 1464 3061 Μακραϐανδῶν
1488 2992 1582 3046 καὶ
1604 2995 1895 3064 Ταραννῶν

334 3078 530 3148 ἥκιστα
558 3079 772 3147 ἔμενον,
797 3079 872 3141 ὡς
913 3079 1119 3150 μηδένα
1147 3080 1402 3150 πάμπαν,
1429 3082 1567 3152 μήτε
1607 3082 1894 3158 ἄνθρωπον

338 3169 473 3240 μήτε
499 3169 607 3242 μὴν
634 3170 930 3244 ὑποζύγιον
977 3188 1029 3225 τι
1069 3171 1112 3204 ¹¹⁵
1155 3171 1411 3242 ὀφθῆναι.
1443 3174 1571 3226 Ἀτε
1600 3173 1708 3246 γὰρ
1739 3175 1900 3230 πολε-

327 3261 458 3330 μίου
487 3261 749 3333 βασιλέως
797 3263 1110 3327 ἐπελθόντος
1153 3263 1425 3334 ἀπέδρασε
1471 3267 1582 3320 πᾶν
1611 3267 1672 3319 τὸ
1704 3284 1904 3338 γεηπο-

330 3351 478 3416 νοῦν,
508 3351 608 3405 καὶ
641 3353 819 3425 πάντῃ
864 3352 934 3406 τά
991 3353 1175 3426 ἐκείνῃ
1233 3356 1528 3427 ἐχήρευσεν
1579 3357 1901 3430 ἀνθρώπων.

344 3442 506 3498 Ἀλλὰ
559 3445 654 3498 καὶ
707 3445 948 3517 γηράσαι
1004 3445 1052 3478 ¹⁸
1093 3445 1416 3517 βουλόμενον
1473 3450 1640 3521 μηδέν
1690 3469 1743 3504 τι
1794 3452 1905 3506 τῶν

333 3536 554 3590 πάντων
604 3535 756 3601 ζώων
801 3538 845 3570 ¹⁸
885 3540 1148 3609 ἐντυχεῖν.
1196 3540 1284 3593 Ἐν
1312 3540 1484 3610 τούτῳ
1511 3543 1606 3595 καὶ
1633 3543 1907 3613 Θεόδωρος

330 3630 362 3680 ὁ
395 3628 608 3698 Βάκχου
633 3627 917 3698 ἐφοίτησεν
957 3621 1032 3694 ὡς
1075 3629 1259 3696 αὑτὸν,
1284 3631 1502 3698 ἐδέξατο
1531 3649 1590 3686 τε
1619 3633 1710 3686 τὸν
1735 3633 1904 3705 ἄνδρα

331 3718 431 3772 καὶ
478 3716 758 3788 ξυνόμιλος
807 3721 857 3772 οἱ
887 3721 1130 3790 ⁴ἐγένετο
1175 3720 1338 3793 [πως]
1391 3723 1722 3793 ἡμερώτατα
1763 3743 1898 3790 πως,

336 3806 556 3877 τὸνμὲν
609 3807 868 3879 Καίσαρα
901 3808 970 3883 δι’
1015 3809 1290 3880 εὐφημίας
1341 3809 1511 3878 ἄγων,
1568 3811 1794 3879 φάσκων
1843 3827 1904 3864 τε

337 3896 682 3962 ἀσπάζεσθαι
710 3899 807 3968 τὴν
828 3897 905 3963 ώς
937 3898 1098 3954 αὑτὸν
1123 3900 1347 3971 εἰρήνην
1379 3917 1439 3953 τε
1462 3900 1556 3954 καὶ
1578 3898 1906 3971 φιλοφροσύ-

339 4007 438 4060 νην
463 4006 476 4020 ⁸
517 3988 651 4058 μηδὲ
683 3989 790 4061 γὰρ
819 3990 1097 4058 γεγονέναι
1126 3990 1226 4058 τῆς
1272 3990 1470 4063 ἔχθρας
1513 3993 1554 4024 ⁸⁷
1597 3990 1706 4044 τῶν
1747 4009 1910 4045 σπον-

339 4081 443 4136 δῶν
465 4065 638 4134 αίτιον
667 4098 682 4113 ο
731 4083 1013 4136 Ἰουστῖνον
1045 4083 1102 4136 δὲ
1139 4084 1182 4116 ¹⁸
1214 4083 1305 4136 τὸν
1334 4075 1560 4153 βασιλέα
1589 4085 1647 4147 ἐς
1680 4085 1906 4139 τούναν-

336 4173 447 4225 τίον
467 4171 644 4240 λέγων
667 4171 872 4234 κακῶς.
911 4167 1044 4224 Εἶτα
1073 4174 1128 4234 ἐς
1153 4172 1219 4226 τά
1249 4174 1436 4242 πρόσω
1464 4174 1662 4243 ἤλαυνε
1691 4173 1778 4226 διὰ
1810 4177 1909 4244 τῆς

340 4261 682 4331 καλουμένης
733 4261 1020 4330 Βαδιανῆς,
1054 4261 1324 4332 ἑπομένου
1359 4263 1419 4314 οί⁴
1440 4264 1536 4315 καὶ
1588 4262 1866 4332 Θεοδώρου
1891 4278 1906 4292 ·

337 4349 589 4405 ἐσϐάλλει
614 4367 674 4404 τε
703 4349 783 4412 εἰς
812 4348 909 4420 τὴν
948 4349 1232 4418 Ῥωμαίων
1277 4351 1568 4421 Ἀρμενίαν
1599 4350 1740 4404 κατὰ
1779 4351 1909 4404 Θεο-

1999 1896 2142 1964 quod
2177 1893 2536 1951 orientalibus
2579 1893 2916 1951 exercitibus
2961 1895 3281 1960 debebatur,
3330 1909 3438 1950 non
3476 1910 3576 1950 suo

2000 1995 2264 2058 tempore,
2305 1986 2407 2043 sed
2438 1987 2649 2043 tardius
2673 1987 2816 2043 facta
2851 1986 3050 2043 fuerat.
3084 1985 3273 2055 Itaque
3307 1989 3578 2044 Chosroes

1999 2076 2310 2130 Armeniam
2340 2075 2474 2132 liber
2503 2076 2578 2132 ab.
2599 2076 2750 2133 omni
2789 2083 2932 2132 metu
2975 2076 3096 2132 sine
3125 2077 3231 2131 ulla
3269 2076 3578 2132 dillicultatc

2000 2167 2304 2236 occupavit,
2333 2183 2462 2222 cum.
2480 2181 2639 2222 nemo
2661 2166 2913 2226 inventus
2935 2177 3102 2235 esset,
3133 2167 3226 2237 qui
3257 2167 3335 2222 illi
3365 2167 3581 2223 resiste-

1998 2266 2100 2314 ret.
2127 2257 2309 2326 Neque
2340 2273 2471 2313 vero
2500 2259 2660 2313 etiam
2684 2258 2912 2313 minoris
2939 2258 3210 2322 Armeniae
3234 2258 3447 2322 incolae,
3487 2258 3576 2328 qui

2003 2347 2267 2405 Romanis
2305 2348 2600 2417 vectigales
2643 2356 2820 2412 erant,
2861 2347 3044 2418 fugam
3084 2360 3365 2418 ceperunt,
3402 2363 3580 2416 neque

2003 2453 2162 2510 agros
2193 2439 2621 2509 dereliquerunt,
2653 2441 2745 2494 sed
2786 2446 3124 2496 commeatus
3151 2438 3414 2495 exercitui
3452 2438 3582 2494 sub-

2009 2531 2412 2587 ministrarunt.
2443 2531 2550 2587 Sed
2571 2547 2693 2586 cum
2715 2531 2986 2587 Chosroes
3017 2531 3246 2587 ulterius
3277 2531 3580 2601 progrede-

2000 2621 2280 2691 retur,fqui
2309 2623 2364 2677 in
2389 2621 2613 2692 regione
2627 2619 3108 2676 Macrabandorum
3127 2630 3180 2675 et
3200 2619 3576 2674 Tarannorum

2003 2712 2321 2769 habitabant
2355 2713 2578 2769 minime
2618 2713 2922 2777 manebant,
2966 2720 3022 2766 ut
3053 2726 3211 2766 nemo
3249 2711 3578 2766 mortalium.

2004 2822 2180 2876 neque
2206 2819 2337 2861 vero
2373 2806 2540 2860 etiam
2567 2803 2732 2858 ullum
2782 2802 2984 2885 animal
3030 2810 3261 2858 vecturae
3298 2812 3482 2869 aptum
3523 2801 3578 2855 in

2005 2896 2092 2951 bis
2122 2894 2256 2952 locis
2283 2893 2712 2964 conspiceretur.
2739 2892 2872 2946 Cum
2899 2890 3042 2945 enim
3074 2906 3168 2946 rex
3193 2891 3459 2946 hostiliter
3493 2891 3579 2944 ir-

2005 2995 2300 3058 rumperet,
2328 3000 2521 3042 omnes
2545 2985 2796 3055 agricolas
2826 2983 3152 3054 aufugerunt
3175 2993 3230 3040 et
3263 2981 3445 3036 omnia
3475 2981 3582 3034 late

2005 3076 2318 3134 hominibus
2343 3091 2508 3132 vacua
2535 3084 2714 3141 erant,
2773 3089 2956 3145 neque
2992 3089 3217 3146 usquam
3249 3073 3446 3142 aliquid
3470 3072 3578 3126 vivi

2005 3166 2460 3238 conspiciebatur.
2509 3165 2717 3220 Interea
2780 3161 3118 3227 Theodorus,
3173 3160 3368 3215 Bacchi
3413 3158 3580 3221 (ilius,

2005 3259 2155 3318 venit
2185 3259 2252 3313 ad
2274 3273 2430 3324 eum;
2465 3257 2511 3322 is
2544 3255 2818 3312 hominem
2852 3253 3086 3324 benigne
3113 3251 3346 3322 excepit,
3381 3258 3577 3306 etcum

2005 3365 2072 3407 eo
2101 3348 2438 3405 familiariter
2467 3356 2822 3412 conversatus
2849 3345 2927 3406 de
2945 3345 3162 3400 Caesare
3199 3344 3337 3398 bene
3371 3341 3583 3408 locutus

2006 3451 2112 3507 est,
2152 3454 2319 3512 seque
2346 3454 2492 3508 cum.
2517 3439 2611 3494 illo
2641 3447 2696 3493 et
2731 3449 2920 3507 pacem
2962 3445 3017 3491 et
3057 3433 3352 3506 amicitiam
3383 3443 3583 3499 cupere

2006 3534 2146 3590 dixit
2175 3549 2190 3586 :
2215 3548 2319 3589 nec
2345 3532 2489 3588 enim
2517 3546 2641 3586 eum
2677 3527 3110 3593 inimicitiarum,
3138 3537 3259 3594 qua:
3288 3537 3351 3577 ex
3380 3521 3584 3578 violato
3633 3587 3638 3591 .

2010 3625 2210 3680 findere
2239 3633 2374 3678 ortas
2397 3631 2571 3686 erant,
2601 3631 2876 3676 auctorem
2911 3633 3064 3683 esse;
3095 3615 3369 3671 Iustinum
3399 3620 3582 3664 autem

2009 3717 2388 3787 imperatorem
2419 3711 2762 3769 sermonibus
2794 3709 2932 3762 male
2962 3706 3216 3762 habebat.
3254 3701 3456 3758 Deinde
3487 3701 3584 3752 ul-

2010 3809 2180 3866 terius
2209 3823 2304 3876 per
2330 3805 2631 3862 Vadianam
2662 3813 2984 3871 progressus
3014 3807 3115 3860 est,
3148 3803 3203 3849 et
3228 3807 3350 3849 eum
3372 3804 3582 3860 seque-

1973 3947 1977 3956 .
2009 3902 2169 3956 batur
2193 3897 2532 3956 Theodorus.
2560 3893 2829 3962 Verejam
2851 3897 3063 3944 exacto.
3095 3885 3433 3945 Armeniam,
3466 3890 3585 3948 qua:

2010 3990 2270 4049 Romanis
2320 3989 2542 4060 parebat
2588 3993 2645 4041 et
2694 3978 3111 4050 Tbeodosiopoli
3169 3973 3410 4044 proxima
3446 3980 3584 4027 erat.

2011 4083 2207 4140 invasit
2238 4098 2255 4138 :
2288 4095 2396 4152 quo
2427 4079 2626 4134 factum
2665 4083 2769 4135 est.
2807 4083 2864 4129 ut
2899 4069 3090 4133 eodem
3131 4077 3375 4135 tempore
3417 4060 3582 4115 nuntii

2011 4173 2330 4247 Byzantium
2357 4168 2700 4242 pervenirent
2729 4165 3011 4222 Persarum
3043 4173 3226 4230 regem
3251 4153 3583 4247 Armeniam,

2013 4244 2118 4336 qua
2148 4265 2378 4322 Romani
2424 4259 2864 4321 dominabantur,
2892 4269 2959 4310 ex
2991 4251 3282 4326 improviso
3313 4244 3584 4306 adortum,

2016 4355 2494 4427 Theodosiopolim
2542 4365 2714 4422 usque
2759 4355 3075 4419 penetrasse
3122 4342 3478 4427 nuntiarent,
3533 4341 3590 4386 et

339 4441 696 4508 ὼσιοὺπολιν,
754 4440 1011 4512 λήγοντος
1061 4441 1162 4513 ήδη
1211 4441 1306 4495 τοῦ
1335 4441 1495 4514 ἔαρος
1520 4459 1533 4473 '
1581 4442 1722 4495 ὥστε
1772 4443 1900 4498 κατᾰ

2017 4452 2133 4522 ipse
2165 4451 2219 4505 in
2249 4425 2488 4504 his—locis
2515 4453 2678 4499 esset.
2707 4437 2785 4494 Eo
2807 4451 2930 4492 cum
2965 4430 3291 4492 advenisset,
3323 4442 3353 4480 e
3374 4425 3589 4493 regione

341 4533 564 4603 salt:va
587 4533 630 4566 "
683 4532 1058 4604 ξυνενεχθῆναι
1088 4533 1215 4598 τοῦς
1242 4551 1302 4587 τε
1331 4534 1760 4606 ἁγγελιαφόρους
1790 4537 1914 4604 ὰφι-

343 4626 536 4680 κὲσθαι
592 4626 649 4679 ἐν
684 4625 964 4696 Βυζαντίῳ
992 4625 1118 4688 τοὺς
1157 4623 1518 4697 δηλώσοντας,
1545 4626 1620 4692 ώς
1645 4627 1915 4700 ἀπροσδό-

344 4735 486 4789 κητα
537 4717 739 4785 ἐπέστη
790 4719 854 4789 τῇ
918 4716 1206 4786 Ῥωμαίων
1279 4717 1538 4788 Ἀρμενίᾳ
1594 4715 1844 4788 βασιλεὺς
1887 4721 1916 4772 ὁ

345 4808 570 4880 Περσῶν
611 4808 708 4862 καὶ
740 4809 862 4861 ὅσον
891 4807 1043 4861 οὔπω
1069 4808 1566 4879 προσενεχθήσεται
1607 4807 1916 4862 Θεοδοσιου-

346 4901 519 4964 πόλει,
552 4899 644 4952 καὶ
673 4898 834 4952 αὐτὸν
861 4899 1039 4952 ἐκεῖσε
1063 4898 1339 4968 παρεῖναι.
1381 4898 1533 4951 Ἐπεὶ
1581 4894 1674 4954 οὖν
1701 4902 1916 4968 ἐγένετο

345 4991 532 5058 αὑτοῦ,
566 4989 1099 5060 ἐστρατοπεδεύσατο
1125 4991 1183 5052 ἐς
1230 4991 1291 5044 τὸ
1351 4991 1698 5061 ’Δραϐησσῶν
1729 4994 1917 5046 ἐπικε-

347 5087 617 5156 κλημένον
657 5087 875 5156 χωρίον,
904 5085 1050 5156 ἀμφὶ
1082 5086 1143 5139 τὸ
1185 5068 1553 5158 μεσημϐρινὸν
1607 5087 1776 5158 κλίμα
1825 5086 1918 5140 τοῦ

344 5180 557 5242 ἄστεος,
576 5178 635 5231 τὸ
659 5178 715 5232 δὲ
736 5179 800 5250 δὴ
830 5177 1473 5248 Ῥωμαίων-στράτευμα,
1511 5179 1644 5232 αὑτό
1661 5195 1724 5246 γε
1747 5179 1920 5247 δήπου

346 5271 408 5322 τὸ
471 5270 873 5342 συναθροισθὲν,
915 5270 1163 5341 ώςπρδς
1219 5271 1420 5342 ἄρκτον
1462 5273 1591 5340 περὶ
1641 5271 1702 5323 τὸ
1751 5271 1920 5338 κλίμα

347 5363 410 5416 τὸ
437 5363 771 5434 καλούμενον
801 5361 1189 5434 συναγόμενον,
1214 5363 1269 5426 ἐς
1294 5361 1570 5432 ὑπώρειαν
1591 5379 1712 5416 τινα
1736 5361 1918 5429 ὄρους.

2018 4521 2201 4606 oppidi
2230 4535 2297 4589 ad
2329 4532 2607 4588 meridiem
2639 4527 2741 4582 sita
2769 4540 2887 4594 quae
2919 4522 3312 4576 Abaressorum
3338 4521 3585 4572 vocatur,

2018 4637 2198 4684 castra
2237 4623 2416 4695 posuit
2459 4640 2473 4678 :
2508 4623 2877 4674 Romanorum
2919 4625 3051 4669 vero
3086 4607 3379 4666 exercitus.
3418 4616 3589 4695 quan-

2019 4730 2133 4774 tum
2184 4692 2414 4772 militum
2463 4711 2584 4782 cogi
2637 4709 2830 4781 potuit,
2885 4698 3290 4775 septentrionali
3328 4703 3482 4767 parte
3535 4692 3590 4744 in

2018 4809 2238 4880 regione
2282 4815 2492 4868 vocata,
2528 4805 2581 4856 in
2630 4801 2814 4855 radice
2844 4793 3126 4867 cujusdam
3160 4789 3365 4880 montis
3389 4786 3595 4880 constif

2020 4876 2165 4956 tutus
2184 4908 2286 4955 est.
2318 4895 2585 4951 Cmterum
2615 4891 2884 4946 Chosroes
2913 4890 2968 4942 in
2998 4893 3294 4954 conspectu
3329 4876 3592 4934 Theodori

2021 4992 2317 5062 equitatum
2350 4990 2405 5042 in
2440 4986 2608 5041 aciem
2637 4983 2847 5046 eduxit,
2877 4993 3034 5048 quem
3061 4977 3115 5030 in
3151 4984 3356 5029 turmas
3378 4980 3431 5026 et
3459 4971 3592 5068 pba:

2022 5084 2210 5152 Iangas
2239 5079 2396 5150 160
2423 5077 2628 5142 divisit,
2667 5085 2722 5130 et
2751 5075 2888 5142 ipse,
2913 5083 3054 5140 equo
3086 5065 3406 5126 conscenso,
3437 5065 3592 5129 quasi

2024 5175 2078 5230 id
2138 5174 2414 5242 inopinato
2457 5179 2510 5225 et
2563 5182 2712 5233 casu,
2761 5182 2866 5220 non
2914 5163 2983 5219 de
3042 5159 3304 5216 industria
3369 5154 3592 5212 Iaceret,

2025 5281 2186 5336 quam
2238 5263 2420 5317 valido
2467 5270 2521 5316 et
2560 5259 2761 5330 vigenti
2795 5269 3023 5325 corpore
3056 5261 3222 5316 esset,
3263 5243 3591 5302 ostentabat.

2028 5335 2292 5427 Sperabat
2317 5366 2517 5418 autem,
2546 5347 3000 5423 Theodosiopolin
3032 5361 3090 5402 se
3111 5343 3291 5410 aliquo
3317 5335 3476 5394 modo
3507 5349 3595 5388 e2;-

1612 5471 1847 5528 VARIzE
1910 5468 2312 5527 LECTIONES.

425 5596 468 5627 ¹¹
491 5592 621 5658 περ)⁸
651 5607 759 5646 om.
794 5593 880 5646 ed.
915 5591 1039 5646 Par.
1117 5590 1160 5622 ¹³
1189 5589 1530 5689 στρατηγοὺς
1555 5589 1701 5656 conj.
1733 5589 1790 5642 Β.

431 5665 663 5689 n_-:--.
708 5664 826 5689 Ληηε
890 5660 1113 5689 Fanum!
1238 5661 1254 5689 ι
1306 5658 1456 5689 γιξηηυ
1506 5660 1545 5689 Il
1642 5659 1774 5689 νήια...

355 5667 397 5698 ω
431 5665 668 5734 θηρᾶσαι
705 5664 861 5734 που]ἶ
890 5660 1166 5734 Οδιιῑοβιο-
1212 5661 1254 5734 -¹

359 5737 400 5769 ⁸*
431 5730 575 5789 κατὰ
605 5730 917 5797 ταὺτονϐη
951 5731 1073 5786 κατ’
1109 5730 1270 5782 αὐτον
1299 5731 1442 5800 vulg.

1899 5587 1940 5618 is
1961 5592 1978 5608 ο
2017 5584 2334 5655 ἀπήγγελτο
2366 5583 2677 5655 Βηήάᾳτήγγ

1304 5655 1456 5724 ζώων
1506 5660 1594 5727 11.,
1639 5655 1774 5724 ζώεν
1832 5658 1972 5728 vulg.
2025 5658 2209 5726 ἔτυχεν
2273 5655 2336 5709 Il.

3240 5581 3337 5636 pro
3357 5582 3428 5636 τι,
3446 5564 3592 5636 vulg-

2683 5580 2830 5632 ελλον
2856 5577 2998 5644 vulg.
3081 5571 3125 5602 "’
3154 5587 3210 5624 τε
3240 5581 3337 5636 pro
3357 5582 3410 5616 τι
3446 5571 3592 5632 vulg.

2689 5649 2737 5689 Α
2800 5647 3003 5689 λύσεως
3034 5643 3097 5689 Ν.
3218 5639 3258 5670 ⁸⁸
3369 5634 3490 5688 add.

2439 5643 2480 5684 ⁵⁷
2516 5643 2737 5721 ἔχθρας]
2800 5643 3003 5707 λύσεως
3034 5643 3098 5696 Ν.
