4076 6416
496 340 605 404 899

499 458 742 519 pugner
803 455 967 514 posse
1016 455 1031 493 ε

495 535 835 598 occurrebat,
876 546 938 588 se
982 545 1089 584 non
1130 528 1236 581 alia
1289 525 1497 579 ratione
1544 519 1981 577 Persarmeniam
2026 525 2083 571 et

498 630 729 686 |beriam
756 640 912 696 posse
935 621 1039 677 sibi
1064 620 1354 688 subjicere,
1387 630 1554 685 quam
1584 613 1630 666 si
1664 624 1827 665 unam
1865 624 1933 665 ex
1964 608 2046 662 Ro
2068 638 2082 646 -

500 721 676 775 manis
726 716 952 772 urbibus
993 725 1218 778 eamque
1277 705 1701 761 munitissimam
1738 708 1979 771 caperet,
2033 701 2087 753 in

499 826 607 879 qua
631 808 756 864 belli
794 807 975 861 sedem
1021 800 1382 859 constituens,
1429 796 1573 865 quod
1611 791 2007 849 Persarmenite
2035 797 2090 879 et

499 878 688 957 Iberia:
734 907 856 967 post
900 904 1107 963 tergum
1147 900 1314 952 esset,
1370 897 1638 942 tueretur.
1673 883 1786 939 Nec
1830 883 1978 936 enim
2008 878 2089 936 illi

500 995 719 1049 dubium
766 995 905 1052 erat,
963 1000 1023 1041 se
1087 978 1563 1048 Theodosiopolim
1613 984 2085 1046 expugnaturum.

499 1082 663 1150 idque
716 1078 963 1135 indicans
1013 1084 1068 1129 et
1117 1072 1352 1142 jactans,
1413 1083 1472 1123 se
1534 1066 1682 1121 illam
1734 1061 1882 1117 omni
1930 1059 2091 1115 modo

498 1182 804 1241 capturum,
843 1164 1190 1221 Theodorum
1242 1156 1615 1230 interrogavit,
1670 1172 1790 1227 quae
1839 1155 1919 1209 illi
1959 1153 2093 1207 urbs

496 1271 809 1332 expugnatu
841 1256 1112 1313 difﬁcilior
1145 1252 1471 1310 videretur?
1504 1252 1696 1314 Daras,
1740 1263 1808 1300 an
1842 1245 2094 1301 Theodo-

498 1353 770 1425 siopolis?
825 1350 1034 1417 Quibus
1087 1345 1268 1403 verbis
1317 1343 1629 1412 signiﬁcare
1680 1339 1912 1398 Volebat.
1966 1350 2090 1390 cum

504 1450 690 1508 Daras,
756 1441 1017 1513 Oppidum
1070 1437 1521 1497 munitissimum,
1569 1430 1831 1495 cepisset,
1889 1435 2094 1495 quanto

501 1540 675 1610 inagis
705 1532 1208 1601 Theodosiopolim,
1245 1542 1366 1598 quae
1396 1542 1504 1581 non
1532 1539 1686 1593 teque
1715 1522 1922 1576 munita
1951 1526 2090 1581 erat,

500 1636 739 1698 caperet,
792 1624 1113 1679 Theodorus
1141 1629 1322 1675 autem
1352 1614 1512 1670 valde
1540 1612 1841 1684 prudenter
1870 1622 2095 1677 respou-

499 1722 579 1774 dit
605 1758 618 1772 .
643 1734 765 1776 eam
796 1719 1012 1774 demum
1040 1715 1228 1769 urbem
1260 1724 1382 1766 esse
1403 1704 1901 1777 inexpugnabilem,
1929 1715 2092 1770 quam

1353 327 1751 390 EXCERPTA
1787 325 1885 384 EX
1927 321 2355 384 MENANDRU
2392 321 2890 383 PROTECTORE

1087 440 1203 495 lucc
1246 436 1391 491 enim
1425 432 1682 503 cogitatio
1723 430 1868 484 illius
1910 428 2095 482 animo

2212 427 2379 493 Ἀτάρ
2407 429 2436 481 ὁ
2482 427 2732 497 Χοσρόης
2780 426 2946 480 αὐτοῦ
2995 426 3125 496 περὶ
3169 423 3632 491 Θεοδοσιούπολιν,
3693 428 3781 482 ἐπ’

3667 317 3778 385 900

2193 519 2350 588 ὄψεσι
2382 518 2685 589 Θεοδώρου,
2729 519 2984 585 ἐξέταττε
3010 518 3111 581 τὰς
3140 519 3373 581 ἱππικὰς
3413 519 3697 588 δυνάμεις,
3724 521 3784 583 ἐς

2194 610 2388 679 λόχους
2422 610 2467 641 ²⁰
2499 626 2559 662 τε
2593 610 2688 663 καὶ
2732 609 3022 678 φάλαγγας
3055 609 3349 679 διακρίνων
3390 627 3450 663 τε
3490 612 3583 663 καὶ
3615 627 3786 681 μετα-

2197 701 2444 772 κοσμῶν.
2498 702 2610 755 Καὶ
2638 702 2801 767 αὐτὸς
2846 703 2939 755 τὸν
2989 702 3156 755 ἵππον
3190 703 3483 758 διελαύνων
3513 704 3787 758 ἐνδεικνύο

2202 810 2361 863 μενος
2388 789 2478 863 ἦν,
2506 788 2594 847 οἶα
2616 794 2680 864 δὴ
2710 772 2810 849 odit
2854 795 2919 846 ἐκ
2963 794 3224 864 προνοίας
3252 796 3419 862 τινὸς,
3455 795 3530 857 ὡς
3565 796 3649 849 ἔτι
3693 796 3785 868 ερ-

2199 886 2372 956 ρωται
2394 884 2541 951 αὐτῷ
2584 884 2680 938 καὶ
2729 887 2935 955 σφριγᾷ
2962 885 3023 937 τὸ
3065 885 3245 955 σῶμα.
3281 889 3545 941 Διενοεϊτο
3575 887 3633 941 δέ
3666 906 3788 951 πως

2198 973 2641 1026 Θεοδοσιούπολιν
2669 972 3141 1045 ἐκπολιορκῆσαι·
3186 974 3367 1029 ἔννοια
3399 977 3512 1047 γάρ
3559 979 3609 1030 oi
3658 980 3789 1031 ἐσε-

2199 1065 2427 1134 φοίτησε
2474 1067 2551 1135 μὴ
2601 1060 2714 1118 οἷόν
2761 1082 2824 1118 τε
2875 1066 3098 1119 ἔσεσθαι
3128 1065 3195 1118 ἂν
3223 1067 3398 1131 άλλως
3426 1068 3524 1139 τὴν
3557 1070 3791 1141 Περσῶν

2213 1156 2505 1225 Ἀρμενίαν
2556 1157 2975 1226 ἀνακτήσασθαι
3010 1157 3107 1211 καὶ
3152 1158 3413 1229 Ἰϐηρίαν,
3467 1164 3517 1212 εί
3572 1163 3647 1231 μή
3703 1180 3787 1214 πω

2199 1246 2552 1317 ὀχυρωτάτην
2571 1249 2717 1301 tam
2745 1249 3036 1317 Ῥωμαίων
3065 1249 3383 1319 χειρώσοιτο
3401 1252 3579 1316 πόλιν,
3602 1254 3787 1305 ἐκείσέ

2198 1356 2257 1391 τε
2290 1338 2685 1409 καθεδούμενος
2718 1339 3064 1395 ἀνασώσεται
3110 1342 3155 1374 ⁸⁸
3185 1341 3285 1412 τὴν
3310 1344 3370 1406 ὲς
3393 1343 3641 1396 τούπίσω
3672 1344 3793 1398 λοιο

2203 1431 2303 1483 πδν
2344 1431 2925 1501 ὲγκαταλελειμμένην
2967 1433 3387 1503 Περσαρμενίαν
3413 1450 3474 1486 τε
3511 1436 3605 1487 καὶ
3646 1435 3792 1505 Ἰϐη-

2204 1522 2347 1592 ρίαν.
2400 1521 2701 1590 Τοιγαροῦν
2750 1523 3137 1593 ἀναμφιϐόλως
3180 1519 3293 1593 εἶχε
3342 1524 3789 1579 Θεοδοσιούπολιν

2199 1614 2472 1684 αἱρήσειν.
2498 1614 2662 1667 Ὥστε
2695 1614 3009 1683 ὑποφαίνων
3037 1632 3097 1668 τε
3144 1616 3241 1668 καὶ
3289 1616 3683 1685 αἰνιττόμενος,
3711 1617 3791 1680 ὡς

2200 1704 2471 1759 ἁλώσεταί
2507 1722 2572 1766 γε
2610 1704 2761 1774 αὑτῷ
2794 1706 3013 1769 πάντως
3044 1708 3075 1775 ἡ
3110 1707 3286 1771 πόλις,
3317 1707 3480 1777 ήρετο
3508 1708 3789 1774 Θεόδωρον

507 1814 650 1867 D.us
683 1811 741 1865 in
784 1824 940 1865 suam
991 1805 1291 1862 custodiam
1318 1800 1653 1869 tutelamque
1684 1797 1741 1851 in
1772 1802 2091 1866 perpetuum

2200 1796 2360 1849 ὁποία
2384 1795 2451 1865 δὴ
2481 1794 2625 1849 κατά
2650 1796 2709 1848 τὸ
2741 1795 2943 1867 μᾶλλον
2972 1795 3247 1859 ἀνάλωτος
3276 1790 3415 1850 εἶναι
3435 1798 3583 1850 δοκεῖ
3607 1798 3787 1861 πόλις,

502 1902 820 1971 recepisset.
855 1900 923 1952 At
946 1897 1233 1953 Persarum
1269 1909 1388 1959 rex,
1412 1892 1724 1962 priusquam
1748 1887 2091 1941 Theodorum

503 2009 534 2049 a
568 2008 640 2049 use
679 1992 997 2054 dimitteret,
1035 1988 1172 2044 satis
1220 1985 1518 2057 perspexit,
1568 1980 1757 2036 urbem
1798 1977 1884 2032 .iis
1931 1975 2095 2030 rebus

504 2085 780 2147 omnibus,
806 2098 927 2152 qua:
961 2081 1029 2136 ad
1072 2076 1442 2135 resistendum
1472 2073 1725 2129 hostibus
1764 2066 2092 2124 necessaria:

415 2231 423 2239 .
504 2185 679 2240 erant,
721 2175 940 2246 egregie
972 2182 1212 2243 paratam
1251 2181 1395 2224 esse.
1423 2165 1559 2222 Cum
1592 2173 1773 2219 autem
1805 2159 1974 2214 multa
2006 2159 2094 2211 in-

507 2282 652 2325 terea
669 2268 1043 2337 contigissent,
1073 2264 1423 2319 Theodorum
1454 2257 1745 2313 Persarum
1769 2269 1865 2315 res
1890 2252 2099 2323 Byzan.

504 2361 639 2414 tium
668 2359 973 2414 rediturum
1004 2352 1483 2416 dimisit,.Litteris
1503 2348 1707 2404 Caesari
1736 2344 2091 2415 signiﬁcavit,

504 2465 566 2504 se
597 2462 817 2517 quoque
843 2460 978 2516 pace
1008 2442 1292 2509 delectari,
1316 2452 1372 2497 et
1400 2442 1444 2495 si
1472 2448 1764 2509 antequam
1796 2438 2094 2491 exercitum

503 2543 899 2608 comparasset,
953 2534 1277 2590 Theodorus
1322 2530 1654 2595 advenisset,
1701 2541 1877 2597 neque
1921 2526 2095 2595 ipsum

503 2630 559 2685 in
590 2631 761 2684 aciem
796 2629 1188 2684 descensurum
1218 2622 1412 2689 fuisse,
1440 2635 1621 2689 neque
1643 2619 1832 2689 copias
1869 2618 2098 2673 educta-

505 2737 647 2776 rum.
683 2720 837 2773 Nnnc
871 2720 1131 2787 quoniam
1160 2730 1284 2771 cum
1319 2714 1562 2770 exercitu
1588 2712 1841 2777 moverit,
1873 2710 1976 2765 sibi
2004 2710 2097 2765 de-

504 2814 689 2869 decori
738 2811 878 2874 fore,
911 2810 955 2864 si
997 2810 1298 2864 exercitum
1340 2807 1518 2861 solvat
1544 2814 1602 2859 et
1639 2804 1864 2857 missum
1911 2800 2095 2854 faciat.

506 2904 699 2959 Omnia
732 2903 878 2958 enim
906 2901 1163 2955 mortales
1195 2898 1374 2953 facere
1401 2906 1495 2951 aut
1524 2904 1768 2965 quaestus
1791 2895 1982 2965 gratia,
2007 2901 2101 2945 aut

508 3012 617 3067 quo
648 2995 749 3050 sibi
791 2994 1016 3065 gloriam
1075 2999 1345 3061 quaerant.
1384 2988 1642 3045 Promisit
1680 2997 1885 3051 autem,
1929 2984 2097 3040 simul

509 3100 674 3157 atque
717 3086 944 3140 domum
999 3084 1333 3142 revertisset.
1385 3096 1447 3138 se
1502 3081 1795 3135 missurqu
1850 3077 1903 3131 in
1963 3078 2098 3131 lines

510 3180 748 3236 Orientis
771 3195 833 3234 es
856 3175 1199 3248 principibus
1226 3173 1329 3227 sibi
1357 3169 1759 3227 necessitudine
1783 3170 2097 3239 conjunctis

394 3296 403 3305 κ
507 3272 756 3342 quicum
803 3267 1078 3339 primariis
1120 3265 1254 3320 viris
1283 3266 1365 3334 lu
1413 3263 1692 3326 Romanis,
1739 3278 1878 3333 quos
1915 3260 2098 3317 Caesar

507 3364 625 3431 ejus
652 3364 725 3418 rei
759 3361 933 3431 gratia
966 3359 1265 3428 delegaret,
1298 3357 1365 3411 de
1404 3356 1513 3417 liis,
1542 3369 1662 3425 quae
1688 3355 1754 3408 ad
1801 3369 1986 3423 pacem
2017 3353 2098 3407 fa-

508 3473 566 3510 cr
578 3464 717 3520 rem,
738 3454 881 3507 inter
908 3466 967 3507 se
986 3450 1357 3523 disceptarent
1372 3455 1428 3503 et
1443 3456 1766 3502 statuerent.
1786 3445 1909 3500 Haec
1933 3446 2099 3513 igitur

509 3547 574 3598 ad
604 3545 872 3600 Cursarem
914 3542 1081 3596 misit.
1115 3538 1255 3595 Cum
1282 3554 1409 3595 vero
1449 3537 1769 3593 Theodorus
1804 3552 1930 3593 eum
1962 3552 2095 3608 sup-

510 3638 726 3707 pliciter
766 3646 969 3697 eraret,
1013 3644 1074 3689 ut
1108 3635 1176 3688 ab
1220 3629 1628 3685 incursionibus
1672 3628 1993 3691 abstineret,
2046 3628 2097 3680 id

511 3732 727 3798 quidem
755 3729 1161 3786 concedendum
1206 3725 1446 3791 censuit,
1472 3726 1521 3781 si
1560 3726 1702 3778 intra
1737 3720 2099 3792 quadraginta

512 3822 630 3877 dies
660 3823 881 3876 nuntius
909 3822 977 3876 ad
1002 3835 1071 3876 se.
1091 3836 1121 3874 a
1141 3819 1361 3875 Caesare
1385 3819 1621 3881 veniret,
1651 3815 1743 3885 qui
1768 3815 1940 3877 illum,
1968 3813 2099 3882 quid

511 3928 623 3967 sua:
668 3912 968 3967 voluntatis
1018 3918 1187 3974 esset,
1240 3912 1533 3965 certiorem
1582 3907 1805 3961 faceret.
1866 3906 2100 3960 Dimisso

513 4002 817 4068 Theodoro,
840 4014 899 4057 ut
913 4002 1168 4072 cognovit
1185 4002 1238 4055 in
1270 4015 1369 4056 sua
1398 4007 1663 4069 potestate
1679 3997 1903 4052 minime
1930 3996 2096 4052 situm

515 4112 660 4161 esse,
703 4096 999 4167 improvisa
1043 4095 1325 4150 invasione
1366 4090 1842 4161 Tbeodosiopolim
1884 4105 2097 4160 capere,

515 4202 692 4258 neque
734 4187 780 4242 si
815 4186 1103 4242 obsidione
1138 4194 1233 4239 aut
1276 4183 1546 4239 machinis
1597 4197 1784 4239 nmros
1839 4194 2097 4250 tentaret,

515 4282 811 4351 quidquam
841 4277 1212 4350 profecturum
1243 4290 1385 4343 esse,
1413 4276 1805 4348 (Romanorum
1839 4278 1981 4331 enim
2010 4293 2093 4332 co-

517 4375 636 4442 pias
687 4373 828 4427 inter
880 4370 935 4425 id
978 4369 1240 4441 temporis
1288 4370 1525 4439 spatium
1572 4369 1984 4440 conventuros.)
2034 4370 2101 4424 ab

516 4465 801 4520 «bsidione
830 4462 1281 4533 Theodosiopolis
1316 4461 1588 4517 discessit.

2196 1886 2256 1940 τὸ
2290 1886 2470 1957 Δάρας
2490 1886 2524 1955 ἢ
2560 1886 2699 1955 δῆτα
2726 1889 2760 1957 ή
2782 1887 3229 1949 Θεοδοσιούπολις
3256 1903 3271 1951 ;
3309 1887 3418 1950 Ὦς,
3450 1888 3505 1940 εί
3528 1905 3592 1955 γε
3612 1887 3792 1950 οὕτως

2196 1978 2614 2050 ἀσφαλεστάτην
2663 1980 2734 2044 ¹²,
2785 1978 2978 2049 ἐδήλου
3019 1979 3164 2033 δὲτὸ
3226 1981 3274 2016 ⁸³
3326 1981 3529 2051 Δάρας.
3582 1980 3780 2044 ἐξεῖλε,

2197 2075 2349 2145 πόσῳ
2390 2074 2589 2145 μᾶλλον
2614 2076 2713 2145 τὴν
2752 2078 2854 2145 οὐχ
2892 2074 3065 2138 οὕτως
3103 2076 3334 2146 ἰσχυρὰν
3377 2080 3790 2147 παραστήσοιτο

2196 2166 2664 2222 Θεοδοσιούπολιν.
2694 2168 2971 2239 Θεόδωρος
3003 2168 3106 2237 μὲν
3154 2165 3247 2222 οὖν
3295 2169 3635 2239 ἀπεκρίνατο
3683 2171 3788 2237 ἐμ-

2198 2258 2539 2328 φρονέστατά
2572 2276 2711 2322 πως,
2737 2260 3012 2313 ἀνάλωτον
3040 2254 3180 2313 εἶναι
3210 2258 3427 2328 ἐκείνην
3458 2261 3640 2328 φήσας
3686 2260 3789 2327 τὴν

2199 2351 2355 2403 πόλιν
2404 2350 2503 2421 τὴν
2548 2352 2701 2403 ἐσαεὶ
2752 2350 3167 2422 φρουρουμένην
3219 2351 3326 2404 ὑπὸ
3377 2350 3537 2405 Θεοῦ.
3601 2350 3663 2404 '0
3732 2353 3791 2405 δὲ

2201 2442 2455 2514 βασιλεὺς
2507 2446 2536 2496 ὁ
2590 2443 2839 2514 Περσῶν,
2883 2443 3081 2515 πρὶνῆ
3125 2443 3404 2514 Θεόδωρον
3438 2444 3573 2513 πρὸς
3616 2446 3787 2498 αὐτοῦ

2200 2532 2493 2603 ἀφεθῆναι,
2523 2534 2599 2596 ὡς
2642 2535 2860 2602 ἐγένετο
2896 2535 3068 2604 ἀγχοῦ
3103 2534 3618 2601 Θεοδοσιουπόλεως,
3654 2552 3793 2589 κατ-

2198 2626 2389 2694 ενόησε
2434 2628 2533 2692 τὴν
2566 2625 2721 2680 πόλιν
2751 2622 2808 2679 εὖ
2836 2626 2984 2696 μάλα
3014 2626 3109 2680 καὶ
3132 2626 3209 2691 ώς
3242 2626 3457 2696 ἀληθῶς
3488 2628 3545 2689 ὲς
3569 2627 3639 2681 τά
3689 2645 3791 2680 πο-

2198 2715 2365 2788 λέμια
2395 2718 2948 2788 παρεσκευασμένην.
2979 2716 3089 2771 Καί
3118 2733 3279 2775 τινων
3320 2716 3522 2786 μεταξὺ
3554 2712 3805 2785 γενομέη

2200 2826 2307 2863 νων
2344 2810 2539 2879 ἀφίησι
2568 2809 2825 2879 βασιλεὺς
2854 2810 2884 2862 ὁ
2928 2808 3154 2879 Περσῶν
3188 2808 3463 2879 Θεόδωρον
3492 2810 3548 2870 ὲς
3576 2807 3793 2871 Βυζάν-

2199 2915 2315 2952 τιον
2385 2900 2778 2969 ἐλευσόμενον,
2832 2903 2890 2953 ἐν
2944 2902 3238 2972 γράμμασι
3312 2901 3411 2970 μὲν
3484 2899 3795 2968 κατάδηλον

2203 2992 2440 3060 ποιήσας
2492 2993 2571 3063 τῷ
2628 2992 2887 3064 Καίσαρι,
2940 2994 3015 3055 ὡς
3037 2992 3223 3063 ἥδεται
3255 2992 3349 3044 καὶ
3385 2992 3546 3055 αὐτὸς
3600 2994 3668 3062 τῇ
3710 2993 3793 3044 εί-

2207 3083 2344 3153 ρήνῃ
2387 3084 2453 3149 ³⁸,
2485 3085 2579 3135 καὶ
2608 3084 2705 3149 ὡς,
2743 3085 2791 3135 εί
2823 3084 2954 3155 πρὶν
2994 3084 3353 3155 ὲκστρατεύοι
3390 3085 3620 3153 ἀφίκετο
3653 3085 3794 3136 Θεό-

2200 3173 2393 3245 δωρος,
2427 3177 2551 3229 οὐδὲ
2603 3176 2904 3244 ἐξετάξατο
2960 3177 3027 3231 ἂν
3078 3177 3243 3240 αὐτὸς
3298 3158 3419 3230 οὐδέ
3470 3193 3534 3246 γε
3566 3177 3796 3245 ἐκίνησε

2200 3267 2301 3329 τὰς
2352 3266 2632 3338 δυνάμεις.
2697 3269 2812 3321 Νῦν
2868 3269 2926 3322 δὲ
2991 3269 3186 3333 ἀκλεὲς
3246 3269 3394 3341 αὐτῷ
3449 3265 3589 3322 εἶναι
3641 3271 3799 3323 δοκεί

2200 3358 2761 3431 ὲκστρατευσαμένῳ’
2791 3362 2837 3394 ³⁸
2868 3360 2972 3431 ήδη
3016 3360 3267 3437 διαλῦσαι
3317 3360 3376 3413 τὸ
3432 3363 3793 3431 στράτευμαο

2200 3450 2328 3511 τοὺς
2358 3451 2469 3521 γὰρ
2510 3450 2835 3519 ἀνθρώπους
2875 3451 2909 3521 ἢ
2953 3448 3049 3502 τοῦ
3115 3449 3405 3520 κερδαλέου
3452 3451 3529 3519 γε]
3567 3449 3726 3503 ἕκατι
3760 3452 3793 3521 ἢ

2201 3540 2363 3609 δόξης
2395 3542 2757 3613 ὀρεγομένους
2799 3542 3017 3595 ἅπαντα
3055 3543 3340 3611 πράσσειν.
3385 3542 3798 3611 Ἐπηγγέλλετο

2201 3632 2279 3698 δὲ,
2325 3632 2401 3696 ὡς
2452 3634 2835 3702 ἀπονοστήσας
2881 3635 2939 3695 ὲς
2992 3634 3061 3685 τά
3114 3634 3291 3686 οίκεῑα
3336 3633 3614 3703 ὲκπέμψοι
3662 3635 3794 3696 τοὺς

2205 3726 2547 3795 ἐπιτηδείους
2573 3724 2722 3793 αὐτῷ
2750 3725 3020 3795 ἄρχοντας
3049 3725 3107 3776 ὲν
3147 3728 3273 3786 ’τοῖς
3320 3725 3488 3795 ὁρίοις
3522 3725 3623 3794 τῆς
3651 3724 3795 3787 Ἕω,

2200 3818 2731 3887 διαλεχθησομένους
2767 3834 2827 3870 τε
2855 3815 2952 3870 καὶ
2979 3816 3342 3887 διαθήσοντας
3392 3816 3459 3870 τὰ
3519 3819 3648 3887 περὶ
3692 3817 3797 3887 τῆς

2202 3912 2427 3981 είρήνης
2457 3911 2575 3979 ἅμα
2602 3912 2713 3972 τοῖς
2741 3908 3299 3980 ὲκπεμφθησομένοις
3340 3908 3630 3980 Ῥωμαίων
3662 3911 3798 3978 ήγε-

2205 4002 2388 4071 μόσιν.
2422 4002 2606 4054 Ταῦτα
2634 4002 2735 4070 μὲν
2784 3998 2880 4055 οὖν
2913 4003 3155 4074 ἐσήμηνε
3181 4001 3257 4072 τῷ
3291 4002 3554 4073 Καίσαρι.
3609 4000 3791 4052 Ἐκλι-

2203 4091 2514 4163 παροῦντος
2571 4093 2629 4146 δὲ
2688 4094 2853 4147 αὐτὸν
2884 4093 3161 4164 Θεοδώρου
3208 4095 3349 4147 ὥστε
3406 4096 3642 4165 ἐπισχεῖν
3683 4093 3785 4164 τὴν

2203 4183 2480 4255 εἰσϐολὴν,
2515 4183 2695 4249 ἔδοξεν
2740 4185 3039 4253 ἐπινεύειν,
3100 4188 3153 4239 εί
3186 4203 3251 4254 γε
3299 4186 3429 4257 ἀχρι
3480 4174 3525 4238 λ’
3568 4186 3794 4257 ἡμερῶν

2204 4280 2437 4347 ἀγγελία
2465 4282 2713 4352 φοιτήσοι
2736 4280 2811 4345 ὡς
2837 4282 3000 4334 αὐτὸν
3033 4282 3288 4335 σταλεῖσα
3312 4284 3376 4336 ὲκ
3397 4281 3488 4336 τοῦ
3516 4284 3802 4354 Καίσαρος

2203 4369 2273 4421 τὰ
2287 4371 2478 4425 δέοντα
2506 4371 2962 4442 βουλευσαμένου.
3000 4373 3230 4444 ,Ἐπειδὴ
3261 4373 3316 4425 δὲ
3351 4374 3630 4446 Θεόδωρον
3654 4375 3801 4443 ἀφῆ-

2112 4460 2187 4516 .D
2213 4479 2330 4527 κεν,
2364 4462 2442 4525 ὡς
2493 4462 2636 4531 ἔγνω
2678 4467 2815 4534 μήτε
2868 4463 2929 4528 ἐξ
2982 4465 3177 4534 ἐφόδου
3226 4464 3325 4532 τὴν
3352 4464 3805 4521 Θεοδοσιούπολιν

517 4557 629 4612 οἶόν
650 4578 711 4612 τε
742 4559 801 4612 ὃν
833 4560 880 4593 ³⁸
911 4557 1062 4629 αὑτῷ
1095 4558 1320 4624 ἐξελεῖν,
1373 4557 1510 4627 μήτε
1559 4573 1624 4624 γε
1667 4555 1773 4627 μὴν
1830 4557 2121 4631 πολιορκίᾳ
2157 4578 2217 4613 τε
2285 4561 2380 4615 καὶ
2410 4561 2803 4630 μηχανήμασιν
2830 4560 3075 4633 ἔσεσθαί,
3107 4560 3156 4611 οἱ
3189 4562 3244 4622 ὲς
3273 4560 3333 4613 τὸ
3361 4559 3637 4620 λυσιτελὲς
3664 4557 3809 4612 ἀπο-

519 4650 847 4721 πειραθῆναι
904 4650 998 4704 τοῦ
1059 4651 1274 4722 τείχους
1314 4648 1754 4721 (ξυνελεύσεσθαι
1818 4651 1863 4683 ³⁷
1898 4651 2008 4722 γὰρ
2046 4653 2105 4705 ἐν
2142 4656 2384 4727 τοσούτῳ
2445 4655 2543 4718 τὰς
2594 4653 2913 4726 Ῥωμαϊκὰς
2980 4654 3286 4727 δυνάμεις),
3339 4653 3436 4709 καὶ
3487 4654 3553 4723 δὴ
3617 4649 3806 4720 ἀφῆκε

522 4743 622 4812 τὴν
654 4740 1122 4796 Θεοδοσιούπολιν.

883 4858 1037 4929 131
1080 4857 1172 4912 EX
1207 4818 1414 4915 LlBRO
1455 4856 1753 4913 ocrAvo.

480 4952 507 5027 ζ
596 4970 687 5029 ιι.
718 4970 804 5041 (Α.
823 4969 886 5025 c.
907 4969 1034 5025 575.
1058 4968 1172 5029 Ind.
1195 4970 1250 5024 8.
1271 4969 1472 5025 Justini
1494 4969 1605 5039 ll.)
1632 4968 1885 5024 Secundo
1904 4968 2110 5026 Tiberii

2655 4860 2749 4935 ex
2782 4860 2921 4933 ΤΟΥ
2958 4863 3024 4933 B'
3044 4861 3286 4931 soror
3316 4860 3382 4915 ιι.

2290 4974 2373 5027 ιδ’.
2429 4975 2553 5027 Ὅτι
2604 4975 2735 5044 περὶ
2786 4973 2849 5027 τὸ
2899 4974 3157 5045 δεύτερον
3216 4974 3335 5037 ἔτος
3386 4977 3488 5044 τῆς
3544 4972 3807 5045 Τιϐερίου

524 5061 759 5119 Czcsaris
782 5056 994 5132 imp‘erii
1026 5077 1193 5126 anno,
1231 5061 1395 5130 paulo
1424 5072 1573 5126 ante,
1602 5075 1764 5130 quam
1788 5075 1873 5125 ea,
1902 5078 2024 5130 qua:
2045 5062 2113 5118 de

2215 5066 2497 5136 Καίσαρος
2535 5067 2854 5136 ἡγεμονίας,
2891 5066 3078 5138 μικρῷ
3112 5066 3378 5137 πρότερον
3424 5067 3459 5136 ἢ
3500 5067 3629 5119 τάδε
3674 5065 3777 5128 Eu;

526 5153 797 5209 libeat-oe,
828 5153 1205 5216 narravimus,
1253 5163 1609 5220 gererentur,
1665 5152 1863 5221 legatio
1931 5155 2113 5208 denuo

2216 5159 2504 5228 ενεχθῆναι
2532 5160 2600 5213 τά
2638 5161 2769 5229 περὶ
2800 5160 3070 5229 Χοσρόην,
3096 5159 3363 5228 πρεσϐεία
3408 5158 3609 5226 ἐστάλη
3643 5152 3809 5217 αὖθις

531 5243 700 5302 missa
732 5252 817 5301 est
838 5258 870 5309 a
894 5241 1157 5299 Romanis
1185 5241 1255 5297 ad
1280 5240 1513 5298 Tui-eos.
1548 5240 1866 5299 Valentinus
1896 5242 1966 5310 (is
1992 5255 2112 5297 erat

2215 5248 2324 5302 ἀπὸ
2360 5250 2651 5319 Ῥωμαίων
2679 5251 2755 5314 ώς
2796 5250 3096 5323 Τούρκους,
3147 5250 3509 5307 Οὐαλεντίνου
3552 5252 3607 5311 ἐς
3642 5246 3810 5300 τοῦτο

1827 5355 2062 5411 VARUS
2104 5358 2505 5418 LECTIONES.

625 5469 885 5542 "idxou;
928 5470 1016 5531 Ν..
1063 5471 1257 5542 λόγους
1305 5471 1477 5541 νυιει,
1513 5470 1781 5542 λοχαγοὺς
1808 5470 1873 5525 Ηο

525 5541 912 5611 ἀσφαλεστάτη
936 5542 1079 5611 vulg.

530 5609 1128 5684 “fsxctpazeu‘sapéwp
1170 5609 1282 5684 Νη,
1308 5609 1832 5684 ὲνστρατευσαμένῲ
1873 5615 2016 5684 vulg.

1830 5472 1873 5555 ᾖ.
1965 5472 2024 5555 1‘
2053 5474 2515 5555 dvaodrqsmtﬂlb,
2539 5480 2805 5533 άναδώσει
2833 5496 2892 5532 τε
2922 5480 3067 5551 vulg.

1189 5541 1233 5612 si
1264 5542 1377 5608 εεγε
1424 5541 1607 5602 δντως
1629 5552 1683 5597 et
1732 5543 1924 5612 ἐδήλου
1960 5542 2004 5595 δ’
2058 5546 2108 5597 εἰ
2140 5548 2200 5599 τὸ
2232 5548 2298 5603 Η.

2095 5617 2140 5645 ’⁸
2172 5616 2229 5669 ὃν
2256 5618 2347 5682 Ν.,
2379 5616 2688 5692 ὄντα-νυιέ.

3179 5481 3226 5510 ³⁸
3257 5477 3675 5546 ἀσφαλεστάτην
3706 5475 3780 5530 Ν.

2405 5551 2451 5583 ³⁸
2482 5568 2574 5620 γρ.
2616 5554 2682 5621 τῇ
2709 5552 2903 5621 εἰρήνῃ
2962 5546 3073 5621 mg.
3102 5550 3192 5615 H.,
3238 5552 3337 5619 τὴν
3375 5549 3599 5621 εἰρήνην
3651 5546 3782 5621 vng

2767 5616 3262 5684 ὶτξυνελεῖᾧσεσοιιιι
3294 5616 3766 5683 ὶίυηῐοειζξυνελὲ

531 5682 657 5762 σθαι
689 5683 829 5761 vulg.
907 5682 952 5712 "
984 5682 1327 5762 Erroremin
1362 5697 1591 5762 numero
1630 5682 1752 5736 libri
1778 5698 1919 5762 ‘csse
1954 5682 2202 5755 apparet,
2237 5692 2503 5759 siquidem
2535 5682 2734 5762 lr-ga'tio
2767 5692 2833 5747 ad
2856 5682 3088 5748 iTurcas
3122 5707 3267 5747 anno
3301 5689 3539 5746 secundo
3592 5682 3807 5743 Tiberii

533 5751 785 5811 Caesaris,
825 5754 1116 5817 superstite
1158 5752 1395 5817 Justino,
1422 5755 1587 5807 missa
1626 5762 1728 5806 est.
1777 5752 1841 5804 Ν.
