4096 6418
315 333 418 398 901
1073 331 1171 391 DE
1209 327 1772 391 LEGATIONIBUS
1810 325 2303 388 ROMANORUM
2341 327 2443 386 AD
2475 327 2788 388 GENTES.

3485 332 3591 399 902

307 442 790 519 χειροτονηθέντος
817 457 830 472 ·
869 437 949 504 εἷς
978 440 1037 496 δὲ
1078 435 1232 505 οὗτος
1256 440 1368 495 τῶν
1409 439 1698 511 βασιλείων
1740 438 1904 506 ξιφη-

2011 450 2150 489 unus
2181 449 2246 490 ex
2278 433 2622 506 imperatoris
2655 434 3006 508 satellitibus)
3041 437 3110 496 ad
3138 439 3195 495 id
3235 443 3480 501 muneris
3501 459 3593 500 est

310 537 518 609 φόρων.
545 536 657 590 Καὶ
689 531 784 588 οὖν
823 533 946 588 ἐπεὶ
979 533 1130 603 αύτῷ
1159 533 1391 605 ἐπετέθη
1423 535 1457 604 ἠ
1497 532 1718 604 πρᾶξις,
1758 531 1898 602 ἄρας

307 627 487 699 ᾤχετο
517 627 617 680 σὺν
645 627 758 689 τοῖς
789 626 910 679 κατ’
940 624 1104 678 αύτὺν
1143 624 1384 691 ὀπαδοῖς,
1419 623 1498 678 ἔτι
1527 639 1593 692 γε
1649 623 1754 696 μὴν
1803 623 1900 676 καὶ

309 717 579 789 Τυύρκοις
629 715 824 770 ἑκατὸν
871 716 1006 787 πρὸς
1034 717 1149 781 τοῖς
1178 715 1260 782 ἓξ.
1298 715 1625 787 Ἒνεδήμουν
1656 714 1768 788 γὰρ
1804 732 1902 787 τη·

310 811 549 864 νικαύτα
577 807 814 880 Τοῦρκοι
846 808 990 862 κατὰ
1021 808 1082 861 τὸ
1130 807 1422 871 Βυζάντιον
1465 807 1567 879 ἤδη
1607 807 1674 861 ἐκ
1703 806 1898 860 πολλοῦ

313 902 421 956 ὑπὸ
451 899 545 954 τοῦ
572 899 836 969 σφετέρου
861 898 1053 953 ἄλλοτε
1077 897 1229 954 ἄλλοι
1251 898 1665 970 ἐκπεμφθέντες
1688 898 1897 964 ἔθνους.

327 991 537 1054 Ἐνίους
571 990 671 1062 μὲν
713 989 824 1062 γὰρ
862 989 1044 1044 αὐτῶν
1105 991 1486 1062 Ἀνατκάστης
1519 990 1754 1046 ἐνταῦθα
1775 993 1900 1044 έπε-

309 1083 568 1154 κόμισεν,
607 1083 666 1146 ἐς
710 1081 1008 1153 πρεσϐείαν
1038 1082 1221 1136 ἐκεῖσε
1252 1083 1588 1154 ἀφικόμενος
1615 1100 1628 1116 ο
1661 1085 1806 1147 τινὲς
1843 1083 1901 1137 δὲ

311 1175 434 1244 ἅμα
459 1173 709 1245 Εὑτυχίῳ
741 1173 841 1244 τὴν
865 1173 1050 1244 ἄφιξιν
1080 1176 1408 1248 ἐποιήσαντο
1434 1176 1575 1230 κατὰ
1605 1175 1706 1248 τὴν
1743 1175 1901 1246 βασι-

311 1267 437 1321 λίδα
471 1267 648 1322 πόλιν.
682 1266 868 1321 ’Δλλοι
900 1267 957 1320 δὲ
1006 1268 1302 1340 ἐτύγχανον
1341 1269 1484 1324 κατὰ
1516 1270 1576 1324 τὸ
1609 1269 1904 1336 Βυζάντιον

308 1358 687 1432 διατρίϐοντες
725 1362 844 1432 μετ’
878 1359 1044 1414 αύτοῦ
1074 1361 1212 1431 δῆτα
1247 1361 1603 1418 Οὐαλεντίνου
1633 1362 1902 1432 πρότερον

313 1450 636 1520 ἀφιγμένοι,
673 1450 782 1522 (δὶς
831 1450 944 1521 γὰρ
995 1451 1348 1516 Οὑαλεντῖνος
1389 1451 1799 1524 ἐπρεσϐεύσατο
1827 1452 1902 1516 ὡς

313 1541 640 1612 Τούρκους),
673 1541 822 1596 ἄλλοι
841 1540 905 1594 ’δὲ
944 1542 1042 1595 σὺν
1087 1541 1426 1613 Ἦρωδιανῷ,
1473 1541 1676 1614 ὁμοίως
1721 1541 1780 1596 δὲ
1809 1542 1904 1597 καὶ

315 1629 434 1701 ἅμα
481 1631 679 1702 Παύλῳ
707 1631 785 1702 τῷ
813 1631 1022 1697 Κίλικι,
1054 1631 1131 1696 ὡς
1171 1632 1232 1699 ἐξ
1262 1633 1522 1687 ἁπάντων
1544 1633 1752 1688 τούτων
1781 1633 1904 1700 ξυν-

319 1722 678 1793 αθροισθῆναι
705 1722 920 1787 Σκύθας
944 1721 1147 1795 ἄνδρας
1169 1724 1234 1778 ὲκ
1256 1723 1352 1778 τοῦ
1379 1724 1548 1796 φύλου
1581 1725 1692 1781 τῶν
1715 1725 1904 1780 ἐπιλε-

2007 528 2273 592 delcctus,
2314 527 2458 595 quod
2495 528 2586 581 ubi
2630 527 2710 582 illi
2759 527 3148 588 demandatum
3190 531 3312 597 fuit,
3345 548 3466 588 cum
3501 539 3592 591 bis

1999 620 2092 690 qui
2123 635 2248 674 eum
2296 618 2720 685 comitabantur,
2767 620 3048 690 profectus
3079 633 3189 679 est.
3227 623 3343 680 Una
3367 641 3592 698 quoque

2000 717 2216 766 ceruum
2241 723 2337 766 sex
2375 706 2592 764 Turcos
2620 710 2940 780 assumpsit.
2967 709 3130 766 Turci
3165 711 3310 766 enim
3345 713 3588 782 Byzantii

1999 797 2321 870 jamdudum
2372 798 2750 864 consederant,
2795 813 2826 854 a
2885 815 2984 856 sua
3039 812 3199 872 gente
3242 801 3333 857 alii
3377 803 3481 858 alia
3525 804 3593 858 de

2001 907 2168 948 causa
2209 889 2390 948 missi.
2444 890 2744 946 Nonnullos
2778 890 3142 957 Anancastes,
3191 907 3315 946 cum
3351 893 3483 950 illuc
3521 893 3593 948 ad

2002 982 2332 1053 legationem
2377 981 2661 1052 prolectus
2695 991 2864 1046 esset,
2895 997 3082 1038 secum
3126 983 3448 1042 adduxerat.
3481 986 3592 1040 Alii

2001 1088 2126 1132 eum
2153 1073 2419 1145 Eutycbio
2441 1073 2510 1129 ad
2542 1074 2951 1144 imperatoriam
2982 1074 3170 1130 urbem
3209 1085 3592 1142 accesserant;

2003 1165 2096 1221 alii
2125 1164 2271 1221 circa
2308 1163 2628 1236 Byzantium
2677 1166 3159 1221 commorabantur
3200 1167 3451 1236 quicum
3477 1169 3595 1236 ipso

2003 1257 2290 1314 Valentino
2307 1258 2454 1327 prius
2473 1267 2754 1314 venerant.
2773 1256 2864 1314 Bis
2880 1258 3025 1312 enim
3046 1256 3365 1314 Valentinus
3384 1258 3594 1329 legatus

2003 1349 2071 1404 ad
2109 1348 2319 1406 Turcos
2359 1356 2446 1404 est
2495 1348 2794 1420 profectus.
2839 1350 3010 1404 Erant
3055 1359 3110 1405 et
3162 1349 3276 1414 alii,
3319 1350 3410 1422 qui
3469 1366 3591 1405 cum

2004 1441 2316 1498 Herodiano
2343 1452 2400 1498 et
2425 1456 2550 1498 cum
2575 1441 2747 1497 Paulo
2776 1441 2946 1497 Cilice
2976 1441 3105 1498 illuc
3137 1443 3482 1499 devenerant.
3516 1442 3591 1496 Ex

2005 1532 2093 1586 bis
2123 1533 2380 1588 omnibus
2423 1531 2598 1603 igitur
2634 1531 2857 1603 collegit
2889 1540 3108 1587 centum
3153 1547 3252 1589 sex
3280 1531 3505 1594 Turcos.
3539 1543 3595 1586 et

2004 1637 2036 1677 a
2066 1623 2211 1693 regia
2238 1621 2373 1677 urbe
2396 1620 2520 1677 citis
2546 1621 2775 1676 navibus
2805 1620 3108 1692 profectus.
3144 1659 3160 1678 .
3192 1661 3207 1676 .
3241 1659 3256 1673 .
3298 1661 3314 1678 .
3349 1618 3594 1674 Taurica!

2006 1720 2242 1776 montes,
2291 1708 2385 1779 qui
2428 1711 2496 1765 ad
2535 1707 2817 1764 meridiem
2884 1720 3138 1778 vergunt,
3205 1719 3594 1779 praetervectus

323 1791 585 1886 γομένωνί
605 1814 868 1888 Τούρκων
895 1814 956 1882 ἓξ
991 1791 1128 1887 πρὸς
1169 1818 1282 1881 τοῖς
1314 1791 1528 1888 ρ’ίΟὒς
1556 1817 1622 1889 δὴ
1657 1817 1905 1884 ἅπαντας

2011 1809 2108 1858 est.
2131 1798 2261 1855 lude
2293 1797 2618 1855 Valentinus
2652 1813 2899 1868 campos,
2927 1799 3073 1854 circa
3115 1814 3251 1867 quos
3279 1809 3594 1868 stag-nantes

317 1904 606 1962 ἀναλαϐὼν
624 1906 978 1971 Ούαλεντῖνος
1001 1908 1184 1980 ἀπῆρε
1206 1910 1252 1942 ³³
1278 1908 1372 1963 τοῦ
1394 1912 1669 1982 βασιλείου
1691 1911 1905 1977 ἄστεος.

319 1999 683 2069 Χρησάμενος
711 1999 769 2052 δὲ
789 2000 914 2063 ταῖς
937 2000 1268 2067 ταχυπλόοις
1297 2003 1410 2057 τῶν
1433 2003 1698 2068 ὁλκάδων,
1730 2003 1820 2058 διά
1846 2021 1908 2058 τε

318 2088 571 2160 Σινώπης
592 2088 687 2142 καὶ
708 2088 995 2160 Χερσῶνος
1017 2090 1084 2154 ³⁸,
1103 2089 1139 2159 ἦ
1156 2091 1306 2145 ἐστιν
1333 2090 1562 2164 ἄντικρυ
1582 2095 1616 2165 ἡ
1648 2092 1725 2147 ίὸν
1746 2094 1790 2126 ⁸⁸
1814 2092 1908 2147 τοῦ

315 2181 470 2250 ἡλίου
494 2179 770 2235 ἀνατολῶν
790 2180 1033 2252 πέφυκεν
1059 2167 1320 2255 ἱδρυμένη
1354 2198 1371 2215 ·
1417 2184 1479 2238 ού
1513 2185 1622 2255 μὴν
1651 2184 1787 2240 ἀλλὰ
1815 2184 1910 2240 καὶ

324 2274 696 2346 ’Δπατούρας,
740 2268 829 2329 ’ἔτι
881 2290 943 2328 τε
1001 2273 1098 2330 καὶ
1124 2273 1214 2338 διὰ
1267 2273 1469 2344 φύλων.
1519 2276 1677 2330 Κατὰ
1713 2275 1778 2347 δὴ
1810 2275 1910 2346 τῆς

306 2365 648 2438 ψαμαθῶδες
690 2366 736 2397 ³³
763 2366 862 2438 τῆς
905 2404 921 2420 .
969 2405 984 2421 .
1027 2404 1045 2422 .
1089 2405 1104 2420 .
1151 2403 1167 2420 .
1210 2403 1226 2420 .
1269 2363 1501 2437 παρέθει
1541 2365 1612 2420 τὰ
1659 2364 1761 2437 ὅρη
1809 2367 1911 2438 τῆς

317 2459 601 2530 Ταυρικῆς
633 2458 700 2512 τὰ
738 2457 965 2512 νεύοντα
1019 2458 1112 2510 ἐπὶ
1170 2456 1540 2528 μεσημϐρίαν.
1592 2457 1807 2512 Ἐκεῖνα
1843 2458 1908 2528 δὴ

315 2545 414 2604 οὖν
452 2549 522 2602 τὰ
559 2551 624 2603 ὲκ
660 2551 770 2602 τῶν
817 2546 1088 2618 λιμναίων
1120 2547 1328 2602 ὑδάτων
1356 2546 1719 2619 περιθεόμενα
1753 2548 1910 2602 πεδία

316 2643 372 2694 οῖ
391 2657 457 2710 γε
485 2642 633 2712 ἀμφὶ
661 2640 1016 2694 Οὔαλεντῖνον
1049 2639 1095 2672 ³⁸
1135 2639 1530 2710 ἱππασάμενοι.
1565 2640 1663 2694 καὶ
1689 2641 1909 2712 ἑτέρους

319 2732 378 2786 δὲ
438 2731 724 2795 πλείστους
759 2730 1087 2794 δονακώδεις
1123 2747 1185 2784 τε
1221 2731 1321 2785 καὶ
1360 2729 1682 2802 λοχμὼδεις,
1717 2732 1797 2786 ἔτι
1847 2749 1909 2785 τε

321 2829 420 2877 καὶ
459 2822 750 2898 ὑδατώδεις
797 2821 1172 2894 διεληλυθότες
1226 2823 1459 2895 χώρους,
1497 2824 1560 2877 ού
1615 2822 1722 2896 μὴν
1773 2823 1909 2878 ἀλλὰ

321 2915 419 2969 καὶ
447 2915 536 2968 διὰ
563 2914 666 2985 τῆς
699 2914 1001 2986 λεγομένης
1034 2913 1338 2983 ’Δκκάγας,
1384 2915 1577 2987 (ὄνομα
1613 2915 1672 2970 δὲ
1717 2933 1911 2985 γυναιο

203 2999 218 3024 ¹
323 3007 420 3070 κὸς
446 3006 720 3078 ἀρχούσης
754 3005 863 3060 τῶν
897 3006 1002 3062 ἀνὰ
1033 3006 1102 3060 τὰ
1133 3006 1180 3039 ³⁵
1212 3007 1402 3080 ἐκείνῃ
1441 3007 1686 3076 Σκυθῶν,
1732 3023 1911 3078 χειρο·

327 3096 644 3168 τονηθείσης
674 3095 978 3169 τηνικαῦτα
1010 3099 1070 3162 ἐς
1107 3096 1266 3150 τοῦτο
1325 3097 1432 3150 ὑπὸ
1483 3096 1797 3166 ’Δναγαίου,
1849 3097 1910 3160 ὃς
1936 3120 1982 3179 c

332 3189 553 3260 ἐκράτει
580 3188 678 3243 τοῦ
707 3190 876 3260 φύλου
905 3190 1012 3245 τῶν
1053 3191 1402 3262 Ούτιγούρων
1436 3191 1530 3262 ³⁸),
1556 3190 1633 3255 ὡς
1673 3191 1730 3244 δὲ
1772 3189 1908 3262 ξύμ-

325 3299 434 3334 παν
463 3285 656 3350 εἰπεῖν,
692 3282 918 3347 πολλαῖς
955 3283 1225 3354 ἀτραποῖς
1265 3282 1632 3353 ὁμιλήσαντες
1659 3283 1756 3337 καὶ
1780 3283 1910 3336 δυσ-

323 3373 574 3445 χωρίαις,
640 3373 1006 3445 παρεγένοντο
1041 3373 1172 3428 ἔνθα
1209 3374 1277 3428 τὰ
1337 3373 1613 3444 πολεμικὰ
1667 3373 1912 3444 σύμϐολα

323 3463 422 3516 τοῦ
467 3463 810 3534 Τουρξάνοου
865 3463 916 3496 ³⁸
952 3463 1256 3535 ἐτύγχανεν
1293 3461 1424 3517 ὄντα
1452 3479 1466 3493 ·
1524 3455 1676 3526 οὗτος
1731 3463 1788 3517 δὲ
1830 3457 1912 3528 εἷς

326 3556 439 3608 τῶν
467 3556 620 3628 παρὰ
647 3555 912 3628 Τούρκοις
938 3556 1247 3627 ἡγεμόνων.
1277 3555 1364 3610 Ἐν
1385 3555 1531 3610 ὀκτὼ
1551 3556 1661 3628 γάρ
1692 3555 1911 3626 μοίραις

322 3649 644 3704 διεδάσαντο
699 3648 743 3682 ³⁷
781 3649 851 3703 τὰ
887 3649 1074 3722 ἐκείνῃ
1122 3649 1358 3716 ἅπαντα,
1400 3643 1483 3714 οἷς
1514 3665 1576 3718 γε
1609 3648 1706 3702 τοῦ
1739 3648 1910 3716 φύλου

326 3739 441 3792 τῶν
470 3737 730 3810 Τούρκων
762 3738 924 3809 ἔλαχε
958 3739 1315 3810 προεστάναι.
1361 3739 1616 3811 ’Δρσίλας
1652 3739 1709 3793 δὲ
1741 3739 1914 3810 ὄνομα

327 3832 409 3902 τῷ
432 3833 747 3904 παλαιτέρῳ
779 3832 1035 3903 μονάρχῳ
1059 3830 1342 3903 Τούρκων.
1383 3830 1445 3886 ’0
1496 3831 1628 3901 γοῦν
1680 3831 1915 3884 Οὐαλεν-

328 3925 476 3987 τίνος
512 3924 666 3994 παρὰ
701 3924 794 3978 τὸν
830 3921 1171 3996 Τούρξανθον
1203 3921 1250 3954 ³⁸
1293 3922 1649 3995 ἀφικόμενος,
1699 3921 1758 3986 ὃς
1806 3921 1915 3993 πρὸ

329 4016 444 4070 τῶν
493 4015 671 4071 ἄλλων
704 4015 1016 4088 ’ἡγεμόνων
1068 4014 1422 4080 ὑπαντιάζων
1477 4015 1744 4086 ἐτύγχανε
1798 4015 1914 4079 τοῖς

328 4110 513 4162 ἐκεῖσε
551 4108 1041 4178 παραγενομένοις,
1075 4103 1198 4162 εἶτα
1231 4107 1566 4180 συνησθῆναι
1592 4108 1806 4178 φράσας
1835 4104 1914 4175 τῷ

332 4198 576 4269 Καίσαρι
615 4197 926 4270 Ῥωμαίων.
989 4197 1078 4263 Ἐς
1131 4197 1294 4252 τοῦτο
1321 4198 1429 4270 γὰρ
1477 4199 1674 4267 ἀφῖκτο
1710 4199 1912 4264 ἐκεῖσε,

336 4290 844 4362 προσφθεγξόμενος
881 4291 1012 4356 τοὺς
1045 4291 1396 4362 προεστῶτας
1433 4289 1528 4345 τοῦ
1577 4289 1746 4359 φύλου
1803 4288 1914 4342 τῶν

335 4381 617 4452 Τούρκων,
653 4381 908 4452 Τιϐερίου
935 4382 1037 4454 ήδη
1060 4383 1118 4446 ές
1145 4380 1214 4435 τὸ
1248 4382 1360 4435 τῶν
1391 4380 1691 4452 Καισάρων
1719 4378 1913 4434 ἀναϐεο

337 4475 564 4543 ϐηκότος
591 4474 792 4546 κράτος
817 4491 833 4507 ο
863 4476 1001 4546 πρὸς
1027 4477 1141 4537 τοῖς
1166 4473 1262 4528 καὶ
1285 4474 1363 4537 ὡς
1399 4471 1467 4528 ἂν
1488 4474 1522 4542 ἡ
1552 4470 1918 4542 φιλοφροσύνη

336 4564 435 4635 οὐχ
449 4559 615 4636 ἦττον
643 4567 702 4620 ὲν
730 4564 937 4636 βεϐαίῳ
969 4563 1149 4619 ἔσοιτο
1173 4564 1270 4619 καὶ
1300 4565 1358 4618 αί
1385 4563 1588 4636 μεταξὺ
1629 4561 1920 4634 Ῥωμαίων

338 4673 397 4710 τε
435 4659 532 4710 καὶ
567 4656 830 4729 Τούρκων
857 4655 1221 4731 προελθοῦσαι
1265 4656 1513 4723 σπονδαὶ,
1560 4656 1628 4720 ἃς
1675 4655 1829 4709 ἔθετο
1873 4654 1920 4687 ³⁸

338 4735 679 4814 Διλζίϐουλός
716 4751 764 4782 ⁸⁸
811 4767 872 4804 τε
915 4752 1013 4804 καὶ
1048 4749 1338 4812 Ἰουστῖνος
1365 4749 1395 4802 ό
1445 4746 1719 4820 βασιλεὺς,
1767 4748 1919 4818 Ζημ-

340 4840 515 4910 άρχου
554 4840 773 4912 πρώτου
820 4844 1001 4896 ἐκεῖσε
1037 4840 1418 4911 φοιτήσαντος,
1450 4837 1616 4908 ἡνίκα
1644 4837 1920 4907 ἐσήμανεν

338 4934 370 4986 ὀ
403 4933 768 4999 Διλζίϐουλος,
816 4933 895 5000 ὡς
929 4931 1222 5006 Ῥωμαίων
1253 4930 1408 5000 φίλος
1449 4929 1550 5000 οὐχ
1603 4923 1768 5001 ἦττον
1824 4927 1920 4981 καὶ

341 5021 493 5094 αύτῷ
539 5025 845 5097 ἐπιτήδειος
892 5025 990 5080 καὶ
1046 5021 1320 5094 δυσμενὴς
1352 5021 1580 5092 suam,
1617 5019 1714 5074 καὶ
1769 5019 1918 5081 ὅπως

2013 1908 2166 1964 aqua!
2188 1891 2572 1956 decurrebant,
2598 1891 2752 1960 equis
2773 1889 3152 1960 perequitavit,
3178 1899 3232 1943 et
3253 1889 3388 1943 alios
3410 1889 3596 1958 plures

2010 1984 2396 2052 arundinosos,
2422 1981 2747 2038 fructicosos
2776 1992 2832 2038 et
2872 1982 3144 2053 palustres
3185 1980 3334 2036 locos
3365 1995 3597 2051 supera-

2011 2078 2113 2133 vit.
2159 2076 2456 2148 Regionem
2503 2090 2742 2147 quoque,
2790 2090 2910 2144 quae
2940 2075 3138 2131 dicitur
3176 2074 3422 2140 Accagas
3475 2086 3599 2143 per-

2013 2169 2244 2237 agravit,
2275 2168 2384 2238 (est
2403 2175 2588 2222 autem
2620 2181 2816 2223 nomen
2843 2167 3100 2234 mulieris,
3116 2181 3238 2236 qua:
3265 2165 3410 2220 illius
3430 2166 3598 2236 partis

2014 2257 2235 2330 Scythis
2259 2258 2584 2328 imperabat,
2617 2257 2874 2327 suffragio
2918 2259 3171 2328 Anagaii,
3215 2258 3307 2328 qui
3352 2255 3597 2326 Utiguris

2011 2359 2268 2420 praeerat,
2316 2363 2544 2420 regnum
2589 2348 2834 2419 adepta,)
2876 2354 2931 2403 et
2983 2357 3042 2403 ut
3099 2351 3338 2403 breviter
3391 2350 3593 2411 dicam,

2012 2442 2180 2496 multa
2203 2452 2260 2496 et
2287 2439 2527 2496 diliicilia
2561 2439 2756 2494 itinera
2785 2439 3012 2504 emensi,
3039 2439 3108 2493 ad
3147 2454 3210 2494 ea
3255 2439 3370 2493 loca
3401 2454 3593 2508 perve-

2013 2539 2232 2594 nerunt,
2269 2530 2358 2585 ubi
2387 2525 2693 2582 Turxanthi
2725 2525 2934 2580 bellicae
2956 2525 3228 2580 stationes
3257 2535 3433 2577 erant.
3468 2523 3598 2576 Erat

2013 2623 2103 2679 bic
2154 2635 2295 2691 unus
2336 2634 2404 2676 ex
2441 2618 2743 2674 Turcorum
2783 2617 3027 2672 ducibus
3095 2617 3339 2672 :etenim
3375 2614 3429 2670 in
3470 2623 3595 2668 octo

2012 2724 2196 2787 partes
2219 2728 2441 2784 regnum
2475 2710 2872 2780 diviserantqui
2896 2708 3198 2764 Turcorum
3227 2709 3594 2778 principatum

2015 2808 2300 2872 tenebant;
2356 2803 2554 2860 seniori
2618 2813 2799 2858 autem
2855 2799 3158 2857 Turcorum
3217 2800 3338 2854 duci
3396 2813 3592 2852 nomen

2012 2910 2134 2958 erat
2179 2899 2474 2954 Arcesilas.
2515 2895 2706 2966 Itaque
2745 2891 3062 2948 Valentinus
3104 2892 3172 2946 ad
3215 2890 3594 2945 Turxantbum

2012 2994 2263 3060 accessit,
2285 2991 2380 3061 qui
2411 2991 2619 3062 primus
2641 2991 2948 3047 Turcorum
2981 2989 3176 3042 ducum
3205 2985 3398 3040 obvius
3421 2982 3598 3037 factus

2013 3097 2135 3142 erat
2168 3085 2536 3150 venientibus,
2574 3097 2808 3152 eumque
2848 3079 3088 3152 gaudere
3121 3078 3285 3148 jussit
3311 3090 3452 3132 novo
3485 3075 3599 3128 Ro-
3680 3067 3690 3082 ’

2015 3192 2298 3231 manorum
2331 3173 2549 3231 Caesare
2572 3183 2756 3228 creato
2788 3190 2802 3226 :
2840 3171 3046 3226 idcirco
3075 3169 3226 3226 enim
3252 3176 3496 3232 venerat,
3537 3175 3598 3220 ut

2015 3264 2319 3322 Turcorum
2344 3265 2511 3324 duces
2537 3265 2819 3327 salutaret,
2846 3261 3066 3317 Tiberio
3100 3261 3166 3314 ad
3195 3259 3469 3335 Caesarum
3503 3273 3600 3330 po-

2015 3358 2239 3414 tentiam
2287 3366 2514 3423 evecto;
2544 3358 2628 3412 iad
2673 3355 2811 3421 haec,
2861 3361 2920 3406 ut
2952 3367 3061 3406 non
3111 3351 3288 3405 minor
3329 3350 3470 3404 inter
3502 3363 3618 3437 eos.

2015 3446 2386 3504 benevolentia
2416 3453 2583 3511 esset,
2614 3455 2669 3501 et
2692 3443 2898 3502 foedera
2928 3440 3404 3504 eadem-valerent.
3434 3439 3596 3510 162

2015 3555 2135 3612 qua:
2164 3540 2305 3594 inter
2345 3538 2662 3594 Disabulum
2691 3545 2745 3591 et
2772 3533 3046 3590 Iustinum
3082 3547 3180 3602 per
3211 3529 3594 3593 Zemarchum,

2015 3635 2108 3704 qui
2153 3633 2361 3702 primus
2383 3629 2452 3685 ad
2490 3645 2586 3686 eos
2619 3636 2863 3692 venerat,
2893 3634 3047 3696 pacta
3076 3633 3448 3692 conventaque
3472 3620 3597 3676 fue-

2016 3736 2158 3784 rant.
2211 3722 2497 3779 Disabulus
2567 3719 2708 3776 enim
2780 3715 3150 3771 Romanorum
3219 3713 3422 3765 amicos
3489 3711 3596 3765 sibi

2017 3831 2237 3893 quoque
2273 3815 2477 3868 amicos
2503 3811 2640 3877 fore,
2670 3818 2727 3865 et
2759 3807 2944 3862 hostes
2968 3803 3176 3880 itidem,
3206 3802 3368 3871 idque
3391 3801 3598 3856 immn-

2019 3919 2193 3968 tatqu
2223 3916 2280 3963 et
2317 3905 2533 3961 ﬁrmum
2574 3915 2696 3957 esse
2738 3895 3210 3970 pronuntiaverat.
3247 3893 3427 3958 Quare
3473 3907 3597 3945 cum

2022 4001 2252 4060 Romani
2296 3977 2371 4055 eo.
2405 3999 2523 4069 ipso
2563 4005 2809 4064 tempore
2839 3989 3038 4046 bellum
3065 4003 3188 4042 cum
3231 3985 3414 4040 Persis
3446 3999 3600 4054 gere-

2021 4104 2164 4160 rent,
2186 4079 2509 4148 Valentinus
2545 4085 2792 4143 oratione
2825 4097 2919 4139 sua
2945 4078 3206 4143 ostendit,
3234 4085 3486 4147 oportere
3532 4075 3599 4127 il-

2021 4185 2132 4241 lum
2153 4196 2388 4254 quoque,
2411 4193 2531 4234 cum
2550 4183 2763 4246 tempus
2780 4183 3140 4244 Opportunum
3163 4169 3390 4233 venerit,
3407 4164 3603 4220 Persas

2018 4276 2164 4332 belo
2199 4270 2438 4344 aggredl.
2491 4267 2617 4323 Haec
2660 4267 2838 4336 legato
2865 4264 3099 4327 dicente,
3142 4260 3424 4314 confestim
3465 4257 3603 4311 Tur-

2021 4370 2282 4434 xantlius,
2319 4384 2339 4420 ι
2378 4361 2537 4428 Num,
2560 4361 2755 4431 inquit,
2795 4373 2892 4414 vos
2926 4357 3062 4412 estis
3102 4355 3176 4409 illi
3217 4353 3467 4416 Romani,
3509 4351 3600 4420 qni

1953 4458 1999 4515 D
2028 4462 2214 4516 decem
2268 4457 2486 4529 quidem
2532 4451 2750 4520 linguis,
2803 4449 2894 4504 sed
2923 4462 3028 4502 una
3066 4443 3254 4500 fraude
3287 4443 3536 4499 utimini?
3578 4461 3597 4493 ι

2027 4553 2156 4610 Haec
2185 4550 2350 4607 simul
2384 4558 2445 4603 ut
2475 4547 2632 4610 dixit,
2673 4542 2859 4598 decem
2883 4538 3081 4608 digitos
3110 4537 3163 4591 in
3185 4549 3248 4592 os
3283 4550 3439 4591 suum
3466 4549 3605 4589 con-

2021 4648 2179 4720 jecit,
2217 4643 2412 4700 deinde
2459 4650 2652 4694 rursus
2691 4634 2769 4690 sic
2799 4639 2882 4687 est
2929 4630 3141 4685 locutus
3170 4643 3194 4683 :v
3223 4644 3243 4679 ι
3275 4623 3345 4682 Ut
3377 4640 3496 4680 meo
3520 4626 3603 4680 ori

2028 4717 2213 4797 decem
2251 4747 2400 4791 meos
2429 4731 2629 4802 digitos
2667 4739 2811 4781 nunc
2854 4722 3139 4786 admoveo,
3174 4719 3248 4774 ita
3275 4727 3330 4774 et
3368 4729 3468 4773 vos
3494 4717 3603 4772 Ro—

2027 4829 2174 4885 mani
2208 4825 2452 4897 pluribus
2475 4818 2715 4881 et,variis
2745 4813 2956 4871 utimini
2981 4813 3203 4883 linguis,
3226 4811 3423 4882 quibus
3443 4809 3606 4865 modo

2025 4903 2133 4989 tne,
2167 4919 2325 4976 modo
2371 4930 2486 4981 eos,
2522 4911 2615 4984 qui
2656 4924 2774 4967 mea
2813 4906 3080 4977 mancipia
3139 4914 3293 4990 sunt,
3333 4902 3602 4973 decipitis.

2025 5012 2092 5068 Et
2118 5025 2252 5068 sane
2278 5008 2500 5065 omnino
2523 5015 2712 5060 omnes
2733 5005 2923 5070 gentes
2944 4999 3232 5053 verborum
3265 4995 3531 5051 illecebris
3554 5003 3609 5047 et

1653 5175 1892 5236 VARUE
1931 5173 2337 5233 LECTIONES.

417 5332 463 5411 ξ’
488 5328 675 5400 ἀπῆρε
708 5329 800 5395 H.,
824 5329 1192 5411 dmipeuvulg.

1269 5327 1315 5360 ³ο
1345 5325 1552 5382 Locum
1580 5323 1813 5380 fractum
1851 5331 1908 5378 et
1928 5321 2230 5378 itedissime
2257 5317 2642 5386 depravatum,
2675 5317 2750 5386 ita
2783 5313 2846 5386 ut
2863 5305 2932 5361 ab
2948 5300 3281 5386 _Hteschelio_
3300 5296 3488 5386 editus.
3500 5301 3608 5386 est,

349 5367 1321 5479 relinqtieifecogorzwni'liil'én'iinde
1345 5367 1595 5466 Epatura
1629 5403 1687 5450 et
1727 5393 1929 5474 Pbylis,
1955 5394 2182 5474 locisve,
2205 5367 3612 5479 quofrruht‘nmnomi‘tralliasufgrm’asugﬁﬂr:193323;

349 5450 1056 5539 séEiI,‘E«inidi=.-§i
1507 5475 1690 5520 tamen
1724 5450 1978 5533 suspicor
2001 5450 2266 5532 scripturn
2303 5456 2476 5512 fuisse
2503 5469 2517 5505 :
2548 5450 2584 5521 ἦ
2603 5452 2763 5536 ,ἐστιν
2790 5450 3020 5532 ἀντικρὺ
3076 5450 3327 5507 Σινώπης
3357 5450 3477 5509 [καὶ
3502 5451 3610 5486 των

349 5540 441 5588 iro-3
477 5541 694 5588 Ἴστρου
731 5539 1015 5588 πομάτων
1041 5539 1178 5588 πρὸς
1200 5539 1308 5588 τῶν
1334 5533 1692 5588 ίσηιεεοινῶν]
1724 5532 1817 5588 τοῦ
1853 5535 2008 5588 ἡλίου
2037 5548 2092 5585 κ.
2124 5549 2176 5584 τ.
2209 5531 2257 5582 λ.
2294 5527 2360 5581 Ν.
2437 5522 2482 5554 ³⁸
2535 5520 2744 5582 Ἠιόνος
2780 5519 2933 5588 pro?)
2978 5515 3056 5568 ’νόν
3080 5511 3145 5588 β·
3301 5510 3362 5588 ’Ξδ
3387 5503 3610 5588 ἀαμαίλ

1724 5535 1817 5589 τοῦ
1853 5535 2008 5634 illum:
2037 5548 2092 5585 κ.
2124 5549 2176 5584 τ.
2209 5535 2257 5582 λ.
2294 5535 2360 5581 Ν.
2437 5535 2482 5554 ⁸³
2541 5535 2744 5582 ’Πίονος
2780 5535 2877 5588 pro
2901 5535 2933 5582 η
2978 5535 3056 5568 ιον
3080 5535 3145 5564 n.
3221 5535 3265 5542 τ-
3301 5535 3362 5559 τυ
3394 5535 3610 5575 ψαμιιν.

1719 5622 1800 5660 ar.
1903 5606 1924 5636 ⁸
1947 5591 2518 5669 Οὑῖττιγούρων-νυιιε.
2563 5591 2642 5669 ,ξσ
2663 5585 2974 5669 Τουρᾉξάθου
3010 5582 3159 5669 vulg:
3201 5577 3616 5669 Αξὶδιξδάῖαδῖο

1165 5642 1654 5749 ἐύρξπόἓν”ἓ’ἱιῖξ.“’
1676 5642 2531 5733 ἴδ’ἒὸεντονιῆῗ’ἰδ’Ᾰιῗῖξέεὸῦλῖξ
2563 5660 2706 5716 idem
2741 5642 2854 5723 est,
2877 5655 2972 5726 qui
3001 5642 3167 5722 supra
3196 5663 3317 5718 cap.
3345 5648 3399 5702 8.
3451 5642 3612 5714 ῥιζά-

347 5540 441 5662 ἶοῦ
477 5533 694 5662 Ἴσ-ἑξρυ
731 5539 1015 5608 σιτομάτων
1041 5539 1178 5611 πρὸς
1200 5539 1308 5591 τῶν
1334 5533 1716 5659 ίσημερινῶνί]

375 5611 419 5662 1.
495 5611 541 5641 ⁸³
619 5608 1018 5662 εαλεντινιανδν
1041 5609 1185 5662 vultz.
1262 5607 1309 5640 “
1334 5607 1403 5661 τὰ
1431 5623 1540 5662 om.
1566 5604 1654 5661 ed.

350 5610 419 5665 11.
495 5611 541 5641 ⁸³
571 5607 1018 5664 Ούαλεντινιανὸν
1041 5607 1185 5732 νὺξ.
1262 5607 1309 5640 ³⁸
1334 5607 1403 5661 τὰ
1431 5623 1540 5662 om.
1566 5607 1654 5661 ed.

353 5680 447 5752 Ν..
477 5678 786 5752 διεδαίσατο
815 5679 962 5752 vulg.
1041 5680 1086 5712 ³⁸
1165 5677 1432 5749 ούρξαθον
1460 5677 1605 5748 vulg.

352 5751 544 5812 ϐουλος
580 5748 877 5802 dicebatur.

2615 5452 2763 5502 ἐστιν
2790 5447 3020 5516 ἀντικρύ
3076 5436 3477 5516 ἓινώπηςι[καὶ
3502 5437 3611 5516 “liv
