4096 6416
463 302 570 365 907

1280 287 1681 353 ΕΧ(ΞΕΠΡΤΑ
1715 290 1819 353 EX
1860 292 2283 354 MENANDRU
2324 289 2821 351 PROTECTORE

3633 291 3739 356 908

455 426 587 482 pore
615 399 693 463 Tu
706 408 780 462 rei
815 405 1101 460 adversum
1130 401 1412 460 Romanos
1442 414 1630 474 aperte
1657 404 1853 458 bellmn
1897 418 2044 473 gere-

2155 401 2354 471 μαίων,
2396 401 2506 454 κάκ
2549 398 2742 453 τούτου
2783 398 2973 468 γέγονε
3019 396 3200 466 δῆλον,
3236 397 3310 460 ὡς
3360 397 3596 470 Ἰόὗρκοι
3650 401 3740 466 ἐξ.

455 506 604 558 bzmt.
645 501 751 554 lius
788 501 973 570 igitur,
1007 498 1098 568 qui
1138 496 1289 552 missi
1325 495 1559 562 fuerant,
1597 497 1739 549 inter
1766 510 1901 564 quos
1925 504 2044 548 erat

454 598 509 648 et
566 591 910 656 Valentinus,
945 589 1298 645 Turxanthus
1355 587 1602 652 retinuit,
1665 602 1836 656 neque
1894 586 2044 655 prius

455 682 704 740 dimisit.
751 696 916 750 quam
969 679 1117 734 omni
1157 675 1377 732 ludibrii
1412 691 1612 746 genere
1644 693 1742 732 eos
1801 677 2044 735 illuserat

453 785 506 829 ct
535 772 929 844 exagitaverat.

526 956 614 1010 16.
651 954 737 1024 (A.
773 951 813 1006 C
842 949 968 1015 576,
1012 949 1129 1006 ind.
1161 947 1216 1015 9,
1250 947 1445 1003 Justiui
1480 949 1590 1022 12.)
1633 949 1768 1004 Cum
1810 966 1839 1004 a
1875 948 2042 1004 Scia-

452 1049 592 1102 vinis
640 1045 850 1100 Grzecia
913 1051 1242 1106 vastaretur,
1274 1051 1329 1097 et
1363 1045 1600 1114 undique
1647 1043 1754 1098 alia
1819 1055 1884 1099 ex
1920 1044 2042 1100 aliis

453 1140 694 1210 pericula
766 1137 1142 1201 imminerent,
1175 1152 1351 1208 neque
1407 1135 1659 1193 Tiberius
1693 1121 1826 1192 satis
1854 1136 2041 1207 copia-

451 1251 568 1287 rum
613 1229 858 1295 haberet,
887 1225 1083 1298 quibus
1111 1243 1179 1282 ne
1205 1243 1367 1282 unam
1393 1228 1612 1298 quidem
1657 1238 1865 1298 partem
1927 1227 2041 1283 ho-

447 1327 636 1385 stium,
671 1322 872 1377 nedum
924 1319 1248 1388 coniunctas
1302 1336 1488 1376 eorum
1541 1321 1686 1374 vires
1721 1321 2040 1386 sustineret,

446 1430 626 1485 neque
679 1413 791 1469 ullo
851 1413 1012 1470 modo
1038 1413 1283 1467 hostibus
1319 1412 1535 1467 obviam
1575 1413 1654 1466 ire
1686 1423 2040 1483 posset,pro-

446 1518 632 1576 pterea
689 1507 831 1576 quod
881 1503 1254 1560 Romanorum
1302 1507 1448 1561 vires
1479 1506 1543 1559 ad
1573 1501 1810 1562 Orientis
1841 1499 2038 1560 bellum

443 1616 731 1657 conversa:
768 1595 1200 1668 erant,legalum
1229 1598 1378 1652 misit
1402 1598 1468 1652 ad
1496 1591 2036 1667 Bajanum,Avarum

446 1697 660 1750 ducem.
699 1695 747 1747 ls
778 1704 902 1746 tunc
956 1692 1216 1761 temporis
1259 1707 1362 1746 non
1411 1701 1531 1746 erat
1579 1705 1707 1760 erga
1763 1690 2037 1744 Romanos

2149 490 2571 562 επολεμήθησαν
2601 491 2643 520 ⁸³
2697 488 3012 560 Ῥωμαίοις.
3062 481 3152 557 Τῷ
3186 505 3269 540 τοι
3315 488 3422 558 ἄρα
3472 490 3566 541 καὶ
3607 491 3737 554 τοὺς

2147 583 2443 645 σταλέντας
2468 583 2536 649 ⁶²,
2577 585 2635 634 ἐν
2666 578 2746 645 οἷς
2777 582 3132 642 Οὑαλεντῖνος
3161 579 3400 650 ὑπῆρχε,
3461 586 3736 652 κατέσχεν

2144 678 2174 728 ὁ
2205 673 2565 746 Τούρξανθος,
2593 673 2904 744 ἐφυϐρίζων
2945 689 3003 725 τε
3035 673 3094 736 ες
3141 672 3342 734 αὐτοὺς
3381 672 3476 726 καὶ
3525 675 3736 741 ἀποφε-

2146 765 2405 832 νακίζων,
2447 763 2543 820 καὶ
2568 766 2634 819 τὰ
2662 767 2798 820 ἄλλα
2831 765 3019 829 κακῶς
3068 765 3371 837 χρώμενος,
3407 761 3526 819 εἶτα
3559 765 3736 831 οὑτως

2145 859 2378 928 ἀφῆκεν.

2223 958 2320 1016 ις’.
2355 953 2479 1006 Ὅτι
2514 952 2914 1023 κεραῖζομένης
2961 953 3061 1021 τῆς
3119 953 3371 1016 Ἑλλάδος
3425 953 3528 1005 ὑπο
3563 953 3739 1005 Σκλα-

2147 1044 2327 1115 ϐηνῶν
2356 1045 2449 1097 καὶ
2489 1044 2834 1116 ἁπανταχόσε
2861 1045 3282 1116 ἀλλεπαλλήλων
3309 1046 3444 1115 αὐτῇ
3491 1047 3739 1116 ἐπηρτηο

2149 1139 2326 1208 μένων
2355 1137 2464 1189 τῶν
2513 1137 2799 1198 κινδύνων.
2828 1141 2856 1190 ὁ
2893 1137 3145 1208 ’Τιϐέριος
3193 1124 3447 1205 οὐδαμῶς
3500 1137 3736 1207 δύναμιν

2143 1225 2442 1299 ἀξιόμαχον
2473 1227 2613 1298 ἔχων
2653 1229 2773 1282 οὑδὲ
2803 1231 2940 1299 πρὸς
2985 1231 3115 1301 μίαν
3171 1233 3365 1299 μοῖραν
3414 1229 3524 1282 τῶν
3581 1231 3739 1282 ἀντι-

2145 1320 2354 1386 πάλων,
2383 1321 2457 1392 μή
2487 1321 2540 1374 τί
2561 1339 2624 1391 γε
2658 1322 2749 1372 καὶ
2783 1322 2919 1391 πρὸς
2951 1324 3132 1375 πᾶσαν
3154 1320 3219 1386 ⁸³,
3251 1318 3375 1374 οὑτε
3403 1321 3512 1392 μὴν
3535 1315 3647 1383 οἷός
3673 1336 3738 1373 τε

2143 1412 2219 1465 ὢν
2251 1412 2509 1482 πολέμοις
2538 1413 2725 1481 σφίσιν
2750 1412 3104 1477 ὑπαντιάζειν
3138 1411 3215 1482 τῷ
3239 1413 3344 1466 ἀνὰ
3377 1414 3503 1476 τοὺς
3561 1411 3736 1482 ἐῴους

2143 1505 2411 1576 πολέμους
2457 1504 2555 1570 τὰς
2620 1505 2909 1576 Ῥωμαίων
2957 1505 3258 1577 τετράφθαι
3289 1505 3567 1577 δυνάμεις,
3595 1523 3732 1576 πρε-

2144 1597 2398 1652 σϐεύεται
2451 1598 2526 1663 ὡς
2574 1596 2806 1651 Βαῖανὸν
2872 1597 2964 1650 τὸν
3007 1599 3254 1669 ἡγεμόνα
3297 1598 3406 1652 τῶν
3460 1597 3731 1669 Ἄδαμον,

2143 1690 2446 1762 τηνικαῦτα
2491 1691 2551 1744 οὑ
2611 1689 2896 1760 δυσμενῶς
2954 1689 3147 1760 ἔχοντα
3202 1690 3339 1759 πρὸς
3400 1689 3729 1760 Ῥωμαίους,

448 1784 588 1839 male
611 1785 904 1848 animatus,
937 1784 1046 1836 imo
1081 1797 1189 1850 quo
1236 1787 1477 1850 tempore
1510 1783 1742 1849 primum
1787 1780 2042 1834 Tiberius

2147 1783 2322 1848 ἄλλως
2351 1785 2407 1838 δὲ
2456 1789 2520 1856 τῇ
2548 1785 2670 1838 καθ’
2701 1786 2846 1854 ἡμᾶς
2914 1784 3159 1854 πολιτεία
3219 1783 3430 1854 χαίρειν
3476 1783 3734 1837 ἐθέλοντα

448 1878 736 1948 imperium
800 1878 1072 1945 suscepit,
1152 1877 1274 1947 jure
1327 1879 1632 1947 reipublicae
1687 1886 1884 1931 nostrse
1937 1860 2040 1929 t‘rui

448 1965 722 2036 cupiebat.
759 1961 896 2022 lluic
944 1968 1109 2037 igitur
1164 1970 1461 2036 persuasit,
1508 1978 1564 2021 ut
1614 1985 1737 2024 cum
1770 1969 2041 2023 Sclavinis

448 2057 647 2111 bellum
681 2058 1006 2127 susciperet,
1048 2074 1154 2126 quo
1195 2058 1294 2123 illi,
1328 2059 1418 2128 qui
1465 2058 1829 2112 Romanorum
1868 2070 2040 2113 terras

448 2150 782 2212 invaserant,
809 2151 873 2203 ad
903 2167 996 2204 sua
1027 2148 1367 2205 defendenda
1418 2151 1649 2220 prepriis
1681 2151 1837 2204 malis
1878 2166 2037 2206 revo-

443 2249 725 2305 carentur,
757 2252 810 2294 et
844 2258 965 2294 cum
1015 2244 1203 2311 patriae
1240 2258 1351 2297 suae
1377 2243 1631 2311 opitulari
1666 2243 1845 2311 potius
1875 2244 2036 2298 duce-

447 2340 590 2394 rent,
626 2333 844 2402 rapinas
879 2349 1040 2404 agere
1067 2349 1134 2388 ex
1163 2333 1426 2389 Romana:
1451 2334 1670 2389 ditionis
1693 2335 1856 2390 terris
1889 2337 2035 2391 desi-

446 2435 659 2479 nerent.
693 2422 806 2479 liae
837 2426 1001 2494 igitur
1033 2426 1303 2494 legatione
1349 2426 1416 2482 ad
1464 2427 1724 2495 Btjauum
1759 2444 1788 2482 a
1823 2428 2036 2483 Caesare

445 2518 682 2578 tleereta,
723 2516 772 2571 ei
832 2532 1172 2587 nequaquam
1228 2533 1333 2572 non
1380 2515 1798 2589 obtemperavit.
1854 2519 1934 2573 Ad
1971 2535 2033 2574 ea

444 2609 788 2677 procuranda
819 2607 1056 2663 Joannes
1089 2611 1344 2666 mittitur.
1373 2609 1513 2664 Huic
1545 2622 1672 2665 tunc
1709 2611 2030 2678 iusularmn,

438 2716 558 2769 qua!
585 2703 637 2754 iu
674 2717 738 2756 eo
779 2711 952 2756 tractu
993 2710 1171 2769 erant,
1213 2701 1530 2770 praefectura
1581 2712 1633 2759 et
1693 2703 2030 2775 Illyricorum

439 2793 654 2845 urbium
691 2793 1095 2847 administratio
1120 2804 1240 2848 erat
1263 2793 1612 2852 demandata.
1638 2795 1688 2850 is
1728 2813 1849 2852 cum
1879 2798 2030 2853 Paeo-

442 2883 586 2935 niam
615 2884 962 2945 accessisset,
984 2883 1245 2951 Bajauum
1277 2896 1332 2938 et
1360 2889 1600 2941 Avarum
1625 2887 1831 2958 copias,
1856 2888 2031 2960 longis

441 2975 675 3043 navigiis
705 2975 929 3029 ﬂumine
962 2977 1213 3046 trajecto,
1251 2978 1304 3031 in
1341 2979 1710 3034 Romanorum
1742 2981 1878 3037 ﬁnes
1912 2993 2027 3038 tra-

349 3109 351 3111 .
439 3068 611 3121 duxit.
679 3066 972 3134 Sexaginta
1031 3067 1144 3123 fere
1193 3069 1432 3138 equitum
1472 3082 1806 3128 armatorum
1862 3076 2024 3129 millia

442 3159 707 3214 transisse
756 3159 1014 3214 dicuntur
1063 3179 1076 3214 :
1126 3177 1244 3231 qua:
1280 3163 1368 3217 ubi
1422 3162 1527 3217 huc
1563 3167 1914 3234 perduxerat,
1961 3184 2022 3222 ea

440 3266 632 3304 rursus
675 3266 774 3320 per
831 3251 1104 3322 lliyricmn
1161 3253 1320 3325 165
1363 3254 1642 3325 Scythiam
1677 3273 1864 3313 versus
1925 3261 2028 3315 iter

437 3343 638 3409 facere,
673 3353 728 3397 et
771 3341 965 3396 iterum
1014 3339 1209 3398 Istrum
1262 3347 1534 3416 navigiis,
1595 3359 1715 3417 quae
1770 3352 2027 3421 utrinque

436 3435 655 3504 puppim
683 3435 979 3501 habebant,
1017 3440 1290 3493 transvehi
1322 3441 1506 3510 jussit.
1542 3441 1775 3510 Bajauus
1805 3444 1858 3498 iu
1890 3447 2026 3499 ulte-

437 3529 634 3580 riorem
665 3528 900 3582 tlumiuis
930 3530 1102 3598 ripam
1131 3518 1521 3602 transgressus,
1559 3537 1844 3592 confestim
1878 3539 2025 3594 vicos

434 3629 489 3671 et
539 3635 705 3689 pagos
754 3620 1130 3676 Sclavinorum
1165 3614 1298 3695 'igui
1362 3626 1618 3697 ferroque
1666 3630 1919 3695 vastavit,
1969 3643 2024 3687 et

433 3723 556 3761 cum
621 3726 778 3764 nemo
827 3707 1188 3766 Barbarorum
1232 3717 1452 3770 auderet
1513 3734 1635 3772 cum
1687 3719 1780 3773 illo
1831 3737 2024 3778 manus

430 3813 720 3853 conserere
739 3801 963 3870 (etenim
997 3802 1048 3854 iu
1079 3799 1246 3858 silvas
1261 3815 1314 3858 et
1345 3822 1612 3862 cavernas
1649 3811 2020 3882 aufugcrant),

431 3893 635 3956 Omnia,
669 3907 790 3961 quae
832 3895 1025 3963 potuit,
1058 3898 1256 3966 rapuit.
1303 3899 1483 3968 Atque
1535 3901 1662 3955 huic
1694 3903 1930 3959 Avarum
1969 3908 2019 3960 iu

432 3983 717 4038 Sciaviuos
747 3987 1014 4055 eruptioni
1047 4005 1151 4042 non
1185 3989 1356 4044 solum
1409 3991 1639 4046 Czesaris
1668 3998 1861 4065 legatio
1889 4013 2020 4051 cau-

432 4089 547 4126 sam
577 4074 747 4136 dedit,
795 4085 885 4130 aut
915 4078 1057 4145 quod
1092 4077 1325 4147 Bajanus
1363 4079 1624 4136 Romanis
1675 4087 1900 4152 gratiam
1932 4104 2018 4142 re—

436 4165 580 4218 ferre
609 4164 788 4230 vellet,
809 4167 950 4237 quod
977 4183 1100 4222 eum
1126 4169 1308 4224 Caesar
1337 4172 1662 4228 liberalitate
1701 4191 2019 4244 prosecutus

432 4255 629 4320 fuerat,
657 4260 747 4312 sed
778 4258 939 4314 etiam
969 4277 1091 4314 eum
1129 4263 1354 4331 privatae
1385 4265 1682 4322 inimicitiae
1708 4271 2017 4338 movebant,

430 4349 555 4416 quia
605 4349 836 4418 Bajauus
867 4353 1147 4424 Sclaviuis,
1193 4358 1543 4410 vehementer
1586 4371 1704 4414 erat
1750 4361 2015 4419 infensas.

431 4440 652 4495 Miserat
683 4443 829 4496 enim
862 4446 1098 4498 Avarum
1149 4446 1255 4499 dux
1294 4448 1358 4500 ad
1394 4439 1768 4513 Dau'rentiuut,
1814 4452 2015 4507 Sclavi-
2042 4461 2095 4520 D

431 4549 623 4587 norum
650 4536 839 4590 ducent
864 4547 912 4590 et
946 4552 1061 4602 eos,
1091 4540 1182 4608 qui
1228 4541 1366 4608 apud
1396 4557 1442 4610 gi
1463 4553 1607 4597 ntem
1631 4547 2011 4601 auctoritatem

433 4625 727 4691 habebant,
758 4637 817 4681 ut
875 4629 1144 4684 AVaribus
1195 4632 1340 4686 dicto
1385 4632 1668 4690 audientes
1725 4650 1931 4704 essent,
1962 4650 2018 4693 et

429 4730 619 4767 eorum
653 4731 878 4770 numero
907 4735 966 4773 se
996 4721 1200 4775 ascribi
1251 4723 1523 4790 sinerent,
1557 4727 1649 4794 qui
1677 4726 1878 4781 tributa
1912 4730 2017 4783 illis

432 4808 759 4874 pendebant.
797 4811 864 4864 At
916 4811 1164 4870 Dauritas
1203 4823 1255 4869 et
1277 4819 1456 4885 gentis
1481 4820 1753 4888 principes
1795 4834 1806 4867 :
1851 4813 2015 4888 «Quis

431 4900 732 4968 hominum,
773 4904 1044 4972 inquiunt,
1086 4908 1199 4961 est?
1238 4909 1522 4978 Numquis
1573 4913 1707 4966 solis
1754 4915 2018 4967 radiiste-

429 4992 622 5058 poscit,
650 4994 738 5061 qui
761 5005 1006 5049 nostram
1040 4998 1337 5064 potentiam
1355 5000 1524 5068 possit
1551 5001 1652 5056 sibi
1679 5003 1934 5074 subigere
1963 5016 2016 5059 et

429 5082 685 5138 domare?
713 5087 954 5142 Aliorum
985 5091 1128 5143 enim
1171 5091 1407 5162 regionis
1439 5095 1776 5150 dominatum
1820 5099 2012 5166 acqui-

432 5187 554 5228 rere
590 5175 846 5241 solemus,
898 5194 1003 5232 non
1039 5181 1125 5233 alii
1161 5193 1387 5248 nostrae;
1449 5183 1550 5238 hoc
1610 5185 1766 5238 nobis
1802 5197 2009 5239 certum

433 5272 634 5328 manet,
671 5267 843 5320 donec
871 5277 1030 5320 erunt
1073 5269 1208 5321 bella
1235 5279 1287 5322 et
1323 5285 1504 5324 enses.
1539 5289 1558 5321 ι
1594 5271 1672 5324 Ad
1706 5273 1849 5324 hunc
1892 5289 2010 5325 utu-

427 5351 555 5407 dum
589 5357 821 5426 superbe
847 5369 901 5412 et
945 5370 1265 5430 arroganter
1321 5362 1671 5432 loquentibus
1714 5364 2005 5428 Sclavinis,

2145 1876 2305 1945 δῆθεν
2335 1876 2496 1938 εὐθὺς
2525 1878 2587 1927 ἐκ
2634 1875 2933 1947 προοιμίων
2957 1875 3056 1943 τῆς
3115 1873 3282 1928 αὑτοῦ
3323 1873 3574 1944 Τιϐερίου
3628 1874 3731 1944 βα-

2146 1965 2370 2030 σιλείας.
2430 1967 2473 2019 Τ
2477 1966 2617 2039 αύτῃ
2641 1984 2723 2019 τοι
2758 1967 2852 2019 καὶ
2886 1966 3062 2020 πείθει
3091 1983 3153 2034 γε
3181 1966 3354 2020 αὑτὸν
3392 1967 3532 2019 κατὰ
3563 1966 3733 2019 Σκλα-

2143 2057 2324 2128 ϐηνῶν
2355 2057 2592 2130 ἄρασθαι
2645 2057 2903 2128 πόλεμον,
2937 2058 3013 2120 ὡς
3064 2056 3131 2110 ἂν
3183 2057 3370 2111 ὁπόσοι
3435 2057 3534 2128 τὴν
3594 2058 3731 2113 Ῥω-

2145 2150 2320 2220 μαίων
2355 2149 2563 2222 δῃοῦτε,
2617 2152 2728 2212 τοῖς
2791 2149 3012 2213 οἰκείοις
3083 2149 3465 2220 ἀνθελκόμενοι
3514 2155 3729 2216 κακοῖς,

2139 2244 2448 2310 ἐπαρκέσαι
2508 2259 2568 2294 τε
2610 2242 2925 2313 βουλόμενοι
2956 2246 3022 2314 τῇ
3066 2242 3297 2314 πατρῴᾳ
3325 2244 3467 2297 κατὰ
3500 2243 3560 2295 τὸ
3593 2243 3733 2312 μᾶλ-

2140 2331 2251 2399 λον,
2286 2333 2587 2386 παύσαιντο
2633 2333 2731 2405 μὲν
2755 2333 2850 2387 τοῦ
2874 2334 2974 2405 τὴν
3037 2329 3353 2405 Ῥωμαϊκὴν
3422 2336 3729 2400 λεηλατεῖν,

2137 2425 2185 2476 οἱ
2249 2423 2306 2475 δὲ
2365 2425 2622 2495 περὶτῆς
2681 2423 2888 2490 οἰκείας
2950 2434 3042 2480 τὸν
3069 2427 3316 2482 κίνδυνον
3357 2428 3727 2492 ἀναδέξονται.

2137 2513 2243 2566 Τοῦ
2279 2515 2559 2586 Καίσαρος
2587 2515 2768 2571 τοίνυν
2799 2515 2897 2588 τὴν
2947 2519 3158 2572 τοιάνδε
3183 2520 3256 2583 ὼς
3286 2521 3448 2574 αὑτὸν
3473 2523 3726 2575 στείλαν-

2135 2623 2225 2670 τος
2263 2605 2578 2678 πρεσϐείαν,
2609 2608 2669 2662 οὑ
2709 2621 2761 2662 τι
2789 2605 3092 2682 ὴπείθησεν
3133 2614 3160 2666 ὁ
3185 2613 3430 2677 Βαῖανός.
3473 2606 3726 2685 Ἐκπέμ-

2139 2716 2302 2752 πεται
2357 2698 2402 2751 δ’
2453 2695 2549 2753 οὖν
2596 2701 2691 2754 ἐπὶ
2719 2703 2894 2773 τούτῳ
2935 2699 2980 2734 ⁸⁵
3046 2703 3317 2774 Ἰωάννης,
3381 2703 3440 2770 δς
3498 2705 3563 2776 δὴ
3602 2707 3722 2760 τῶν

2137 2793 2318 2863 νήσων
2349 2793 2534 2864 διήνυε
2563 2793 2663 2864 τὴν
2695 2795 2871 2866 ἀρχὴν
2894 2796 3193 2865 τηνικαῦτα
3233 2798 3327 2850 καὶ
3369 2799 3468 2860 τὰς
3500 2797 3731 2870 Ἰλλυρί-

2133 2885 2221 2948 δος
2283 2883 2330 2916 ⁸⁸
2383 2883 2582 2938 ἰθύνειν
2626 2885 2783 2957 ἔλαχε
2815 2888 3020 2951 πόλεις.
3060 2884 3234 2953 Οὑτος
3276 2891 3728 2962 παραγενόμενος

2133 2980 2192 3030 ὲν
2231 2978 2458 3050 Παιονίᾳ
2489 2981 2555 3050 τῇ
2585 2979 2758 3050 χώρᾳ,
2806 2982 3119 3052 μετήγαγεν
3173 2983 3232 3045 ἐς
3269 2983 3368 3050 τὴν
3431 2983 3730 3052 Ῥωμαίων

2133 3069 2297 3122 αὑτόν
2327 3087 2388 3122 τε
2417 3069 2508 3124 τὸν
2539 3071 2771 3124 Βαῖανδν
2815 3074 2908 3125 καὶ
2943 3073 3042 3136 τὰς
3085 3074 3194 3128 τῶν
3246 3075 3495 3147 ’Δσάρων
3555 3077 3728 3130 δυνά-

2138 3183 2281 3236 μεις,
2317 3167 2375 3218 ὲν
2395 3168 2515 3229 ταῖς
2538 3167 2602 3236 δὴ
2635 3149 2958 3238 λεγομέναις
2993 3165 3188 3223 ὁλκάσι
3217 3175 3456 3242 μακραῖς
3480 3173 3551 3226 τὰ
3583 3173 3724 3242 βαρ-

2134 3258 2339 3328 ϐαρικὰ
2373 3257 2700 3322 διαϐιϐάσας
2731 3259 2932 3330 πλήθη.
2963 3261 3074 3315 Καὶ
3101 3261 3319 3330 λέγεται
3355 3265 3500 3334 ἀμφὶΙ
3532 3265 3630 3327 τάς
3681 3267 3726 3331 ξ’

2133 3351 2379 3421 χιλιάδας
2435 3351 2650 3405 ἱππέων
2679 3351 3089 3424 θωρακοφόρων
3141 3357 3198 3418 ἐς
3249 3356 3348 3426 τὴν
3429 3357 3730 3426 Ῥωμαίων

2131 3444 2658 3514 διαπορθμευθῆναι.
2694 3445 2969 3500 Ἑνθένδεν
2996 3443 3152 3510 αὖθις
3190 3448 3278 3500 διὰ
3309 3449 3407 3517 τῆς
3446 3449 3728 3520 Ἱλλυριῶν

2131 3538 2433 3606 διαγαγὼν,
2460 3533 2579 3591 εἶτα
2611 3539 2672 3602 ὲς
2703 3539 2802 3610 τὴν
2824 3533 3049 3593 Σκυθῶν
3095 3541 3451 3610 ἀφικόμενος,
3483 3533 3730 3611 ἔμπαλιν

2129 3627 2359 3681 διελθεῖν
2389 3630 2770 3698 παρεσκεύασε
2809 3631 2900 3682 τὸν
2927 3632 3142 3702 Ἴστρον
3192 3633 3250 3684 ὲν
3281 3633 3398 3694 ταῖς
3451 3632 3725 3702 καλουμέ-

2129 3738 2248 3783 ναις
2277 3722 2693 3791 ἁμφιπρύμνοις
2731 3721 2839 3774 τῶν
2868 3723 3025 3776 νεῶν.
3054 3711 3272 3796 Ἐπειδὴ
3317 3725 3372 3777 δὲ
3403 3725 3724 3795 ἐπεραιώθη

2129 3815 2185 3876 ἐς
2220 3813 2278 3883 τὸ
2309 3831 2642 3884 καταντικρύ
2677 3812 2770 3868 τοῦ
2826 3816 3068 3885 ῥείθρου,
3131 3817 3473 3887 παραχρῆμα
3517 3818 3614 3880 τάς
3661 3835 3723 3870 τε

2129 3904 2322 3974 κώμας
2353 3907 2674 3977 ἐνεπίμπρα
2700 3907 2808 3959 τῶν
2834 3907 3164 3976 Σκλαϐηνῶν
3193 3911 3285 3961 καὶ
3333 3911 3542 3962 ἐσίνετο
3583 3910 3716 3972 τοὺς

2128 3996 2352 4066 ἀγροὺς,
2409 3992 2513 4065 ἦγέ
2553 4015 2611 4050 τε
2665 4000 2761 4052 καὶ
2817 3999 3014 4070 ἔφερεν
3072 3999 3311 4064 ἅπαντα,
3365 4001 3574 4064 οὑδενὸς
3626 4018 3718 4054 πω

2127 4090 2234 4142 τῶν
2269 4092 2449 4142 ἐκεῖσε
2483 4089 2785 4163 Βαρϐάρων
2828 4092 3204 4163 θαρρήσαντός
3237 4095 3286 4147 0i
3324 4096 3382 4158 ὲς
3411 4098 3597 4166 χεῖρας
3623 4095 3712 4146 ἐλ-

2128 4181 2262 4245 θεῖν,
2293 4183 2350 4243 ἐς
2406 4180 2475 4233 τά
2509 4180 2750 4235 λάσια.δέ
2785 4182 2879 4235 καὶ
2935 4184 3225 4254 κατηρερῆ
3279 4184 3375 4254 τῆς
3435 4185 3566 4254 ὕλης
3609 4202 3715 4237 κα-

2125 4271 2574 4340 ταπεφευγότων.
2629 4273 2694 4325 Ἡ
2738 4273 2796 4325 δὲ
2839 4263 2949 4327 τῶν
3011 4263 3262 4345 ’Λϐάρων
3312 4276 3529 4347 κίνησις
3576 4277 3720 4330 κατὰ

2126 4361 2454 4433 Σκλαϐηνῶν
2509 4363 2628 4416 οὑτι
2675 4381 2738 4431 γε
2789 4364 2950 4434 μόνον
2983 4366 3082 4436 τῆς
3117 4354 3211 4420 τοῦ
3245 4368 3526 4439 Καίσαρος
3554 4369 3722 4421 ’ἑνεκα

2126 4451 2425 4521 πρεσϐείας
2470 4453 2668 4520 καὶτῷ
2698 4452 2984 4522 βούλεσθαι
3015 4457 3106 4508 τὸν
3152 4457 3378 4510 Βαῖανδν
3425 4457 3721 4527 Ῥωμαίοις

2121 4545 2334 4596 ἐκτῖσαι
2389 4545 2549 4615 χάριν
2587 4548 2703 4601 ἀνθ’
2739 4543 2815 4602 ὧν
2841 4550 2900 4610 ὲς
2933 4551 3001 4604 τὰ
3035 4551 3273 4620 μάλιστα
3301 4552 3720 4621 ἐφιλοφρονεῖτό

2121 4653 2185 4702 γε
2219 4636 2381 4690 αὑτὸν
2419 4640 2446 4689 ὁ
2480 4639 2702 4709 Καῖσαρ
2737 4643 2803 4708 ⁸⁸,
2833 4643 2948 4696 ἀλλ’
2972 4644 3055 4697 ὅτι
3088 4660 3150 4713 γε
3203 4643 3353 4714 αὑτῷ
3415 4644 3514 4698 καὶ
3571 4645 3720 4715 ἔχθι-

2124 4744 2236 4779 στοι
2268 4727 2512 4800 ὑπῆρχον
2559 4731 2696 4794 ίδίας
2739 4732 2898 4788 ἕκατι
2927 4735 3274 4805 δυσμενείας.
3313 4737 3563 4790 Ἕστειλε
3606 4737 3718 4807 γὰρ

2122 4818 2196 4880 ὡς
2249 4818 2410 4874 αὑτὸν
2455 4822 2782 4891 Δαυρέντιον
2821 4827 2867 4858 ⁸⁷
2925 4828 3019 4880 καὶ
3069 4829 3198 4893 τοὺς
3255 4830 3375 4884 ὅσοι
3427 4833 3486 4882 ἐν
3566 4830 3715 4883 τέλει

2123 4909 2216 4962 τοῦ
2275 4911 2462 4976 ἑθνους
2534 4916 2697 4968 ὁτῶν
2759 4917 3004 4989 Ἀϐάρων
3061 4921 3386 4992 ἡγούμενος,
3457 4924 3598 4991 σφᾶς
3655 4939 3716 4975 τε

2125 4999 2420 5053 ὑπακούειν
2459 5002 2697 5058 κελεύων
2739 5005 3012 5077 Ἀϐάροις,
3054 5011 3147 5062 καὶ
3186 5014 3244 5073 ἐς
3295 5011 3462 5080 φόρου
3486 5013 3715 5078 ἀπαγωο

2123 5091 2226 5164 γὴν
2256 5093 2474 5147 ἔσεσθαι
2527 5098 2936 5168 ἀναγράπτους.
2989 5097 3257 5169 Δαυρίτας
3286 5102 3342 5154 δὲ
3399 5103 3492 5155 καὶ
3533 5103 3591 5155 οἴ
3647 5120 3712 5171 γε

2125 5187 2222 5251 ξὺν
2259 5187 2407 5258 αὖτῷ
2438 5191 2705 5259 ἡγεμόνες
2747 5193 2813 5255 ⁸⁸,
2857 5213 2873 5243 ε
2917 5195 3025 5246 Καὶ
3080 5196 3164 5258 τίς
3224 5195 3332 5266 ἄρα
3395 5216 3414 5248 ›
3477 5195 3710 5265 ἔφασαν,

2119 5273 2274 5343 οὗτος
2307 5283 2352 5313 ⁵⁹
2417 5282 2664 5351 πέφυκεν
2709 5285 3046 5356 ἀνθρώπων,
3099 5290 3188 5342 καὶ
3226 5293 3344 5352 ταῖς
3400 5291 3494 5343 τοῦ
3557 5289 3711 5359 ἡλίου

2119 5371 2338 5442 θέρεται
2380 5377 2618 5440 ἀκτῖσιν,
2665 5377 2724 5440 ὃς
2761 5379 2859 5449 τὴν
2891 5381 3013 5434 καθ’
3051 5383 3198 5452 ἡμᾶς
3253 5383 3495 5452 ὑπήκοον
3552 5384 3713 5449 ποιή-

1745 5479 1979 5536 VAlile
2014 5481 2423 5544 LECTIONES.

496 5598 540 5626 ⁵·
575 5595 1067 5666 ἐξεπολεμώθησαν
1113 5598 1260 5667 conj.
1297 5599 1378 5653 Cl.

425 5683 533 5717 των
567 5667 744 5740 vulg.“
791 5668 836 5740 ‘f
883 5669 1178 5740 Ἰλλυρίδας
1213 5671 1360 5740 conj.
1394 5668 1460 5724 N.

429 5751 590 5788 causa
627 5736 772 5792 dedit
804 5736 1070 5794 l’arisitta.

1457 5601 1503 5632 ⁶¹
1541 5600 1834 5678 σταλέντας
1860 5601 1952 5665 11.,
1988 5604 2248 5678 ταλέντας
2282 5609 2408 5678 vulg

1538 5672 1584 5746 ξ’
1617 5673 1825 5746 ἐγίνετο
1849 5682 1973 5743 post
1999 5675 2218 5746 Καῖσαρ
2237 5679 2359 5731 add.
2377 5672 2456 5734 'N.

1150 5742 1194 5773 εδ
1221 5743 1488 5812 ἡγεμόνες
1517 5741 1601 5808 8.,
1634 5741 1921 5812 ἡγεμόνων
1961 5745 2105 5814 vulg.
2184 5741 2227 5779 δι’
2261 5745 2412 5814 οὗτος
2442 5751 2532 5818 11.,
2567 5754 2738 5818 οὕτως
2781 5758 2926 5828 vulg.

2509 5611 2790 5687 θξξπᾶσαν]
2817 5615 3027 5678 πάντας
3051 5618 3110 5670 Β.
3191 5619 3237 5650 ’δ
3273 5618 3450 5687 τούτῳ
3474 5617 3555 5676 Β..
3582 5625 3710 5670 τού-

2536 5683 2578 5711 ⁶τ
2601 5693 2659 5757 et
2683 5684 2821 5739 infra
2843 5688 3176 5756 Λαυρέντιον
3205 5701 3258 5743 et
3288 5683 3558 5757 Λαυρίτας
3584 5689 3710 5744 sine
