4096 6418
20 5778 37 6209 ἱ

456 288 563 361 .911

1276 282 1667 344 EXCERPTA
1708 280 1806 340 EX
1843 277 2263 339 MENANDRU
2298 274 2794 337 PROTECTORE

3601 268 3705 331 912

470 392 857 468 Romanortun,
876 417 979 473 qua
1012 400 1315 455 breviorem
1340 413 1436 468 per
1465 405 1675 452 montes
1696 394 2033 462 viamingre-

2141 390 2345 445 δώδεκα
2378 391 2484 461 -μὲν
2521 387 2661 461 ἦσαν
2689 375 2917 458 Πέρσαι,
2955 386 3276 458 θυρεοφόροι
3326 400 3382 436 τε
3423 383 3514 437 καὶ
3554 385 3708 437 ἱππο-

456 490 741 565 ἰιειοεηιιιῃ
773 497 1149 568 dispiciehant.
1168 492 1280 547 Hoc
1310 500 1487 545 autem
1507 503 1615 543 non
1643 500 1864 557 parvam
1895 493 2034 537 attu-

470 598 529 648 lit
562 590 788 649 (Πιθετοί
815 602 962 641 vanae
999 585 1180 655 gloriae
1218 593 1272 637 et
1295 580 1637 649 impudentia:
1668 574 1811 642 apud
1846 582 2036 656 omnes

468 662 811 753 opinionem,
842 676 982 747 quod
1006 654 1272 737 inducias,
1317 669 1529 725 tametsi
1562 654 1717 738 pauci
1748 654 2037 719 admodum

469 779 584 830 dies
619 787 794 843 usque
845 764 910 823 ad
941 768 1142 823 exitum
1176 761 1492 825 restabant,
1534 757 1881 828 impudenter
1918 754 2037 809 vio-

470 868 585 922 lare
630 880 733 918 non
786 869 868 915 est
921 863 1224 912 cunctatus.
1275 850 1578 906 Accedebat
1650 847 1817 917 quod,
1881 844 2035 916 quasi

460 946 743 1008 Romanos
772 939 1027 1008 irridens,
1063 940 1310 1002 eumdem
1340 934 1633 1007 delegerat,
1664 935 1755 1003 qui
1790 933 1843 988 in
1868 930 2038 987 conii-

471 1034 589 1101 niis'
617 1054 738 1096 cum
762 1038 830 1092 iis
865 1036 931 1090 de
950 1041 1094 1104 'pace
1121 1036 1324 1101 ageret,
1356 1028 1559 1099 quique
1589 1025 1644 1080 in
1668 1022 1859 1080 iisdem
1907 1020 2037 1076 locis

467 1134 653 1192 eodem
683 1141 926 1199 tempore
951 1136 1004 1179 et
1034 1121 1156 1178 belli
1205 1129 1258 1175 et
1291 1118 1552 1174 tumultus
1583 1125 1638 1173 et
1662 1115 2034 1171 violandarutn

467 1226 804 1285 induciarum
849 1228 1039 1275 auctor
1066 1221 1227 1271 esset.
1275 1210 1322 1268 ls
1371 1219 1489 1267 erat
1530 1207 1809 1277 Mebodes,
1840 1207 1948 1262 dux
1983 1216 2038 1261 et

465 1329 657 1376 auctor
680 1313 917 1370 omnium
946 1324 1132 1365 eorum
1169 1303 1545 1361 consiliorum.
1576 1299 1747 1368 ilune,
1771 1301 1862 1370 qui
1888 1314 2035 1354 sum-

466 1400 631 1468 mam'
666 1406 908 1464 omnium
968 1410 1148 1456 rerum
1188 1398 1416 1453 haberet
1455 1392 1854 1455 auctoritatem,
1911 1405 2034 1444 eum

463 1502 705 1559 exercitu
742 1490 913 1562 misit,
935 1503 992 1550 et
1037 1506 1143 1549 una
1177 1504 1301 1546 cum
1333 1488 1450 1557 ipso
1478 1485 1710 1556 Sapoem
1742 1482 2032 1547 ,Meazrani,

462 1595 586 1657 viri,
642 1582 735 1663 qui
798 1594 1048 1657 magnam
1107 1579 1323 1637 virtutis
1374 1577 1584 1634 laudem
1644 1582 2033 1646 reportaverat,

463 1679 651 1739 lilium.

539 1953 626 2008 18.
649 1950 733 2022 (Α.
754 1947 818 2003 C.
852 1945 978 2010 5'19,
1008 1936 1232 2004 ind.12,
1251 1938 1433 1993 Tiber.
1456 1934 1537 2006 ‘2.)
1558 1924 1809 1990 Tiberius
1832 1924 2039 1986 addidit

468 2050 687 2102 decreto
729 2037 877 2095 aliud
917 2035 1029 2089 Deo
1081 2031 1319 2087 maxime
1384 2034 1618 2099 gratum.
1666 2023 1863 2079 Multos
1893 2024 2036 2078 enim

468 2138 662 2193 Persas
685 2132 1054 2188 Romanorum
1083 2123 1346 2194 captivos,
1377 2118 1648 2190 praecipue
1676 2131 1741 2171 ex
1765 2113 2039 2187 primariis

469 2224 619 2289 viris,
644 2230 873 2293 Quorum
906 2226 1131 2271 numero
1172 2217 1329 2267 erant
1364 2204 1606 2263 nonnulli
1654 2219 1719 2258 ex
1755 2203 1904 2274 regio
1949 2208 2039 2273 'ge-

469 2327 596 2371 nere
625 2292 764 2378 orti,
805 2308 947 2363 dono
980 2303 1130 2361 dedit
1182 2298 1432 2356 Chosroi.
1481 2295 1686 2352 Deinde
1730 2292 1942 2365 legatos
1973 2293 2040 2348 ad

468 2406 583 2460 luce
613 2401 780 2465 misit,
809 2398 950 2453 inter
971 2408 1064 2450 eos
1093 2390 1416 2446 Zachariam
1438 2390 1656 2451 iterum,
1690 2387 1897 2457 regium
1929 2399 2042 2439 me-

469 2498 668 2552 dicum.
696 2490 801 2547 Hic
828 2489 1009 2562 plures
1037 2494 1091 2542 et
1140 2482 1430 2538 admodum
1486 2478 1849 2534 Romanorum
1880 2476 2042 2531 rebus

469 2583 630 2640 utiles
680 2580 980 2652 legationes
1014 2576 1065 2631 in
1104 2574 1216 2628 hoc
1255 2571 1394 2628 bello
1423 2569 1642 2625 l‘ece’rat.
1687 2566 1876 2652 Itaque
1918 2580 2041 2622 eum

468 2680 533 2733 ad
582 2648 1092 2740 hanc'legationem
1130 2668 1423 2735 imperator
1473 2662 1656 2732 elegit,
1689 2648 1745 2716 et
1780 2659 2044 2728 dignitate

468 2765 774 2824 exconsuhs
797 2770 1041 2818 ornatum
1068 2748 1226 2829 167
1256 2755 1321 2811 ad
1352 2754 1505 2810 illam
1543 2753 1843 2811 obeundam
1877 2745 2045 2806 dimi~

467 2861 559 2925 sit,
583 2857 724 2928 quod
762 2866 816 2911 et
859 2856 979 2924 ipse
1000 2850 1294 2905 Zacharias
1333 2846 1544 2918 legatos
1585 2843 1876 2899 mittendos
1904 2857 2042 2909 esse,

471 2948 740 3020 imprimis
794 2943 1191 3007 admonuerat,
1244 2948 1353 2992 una
1424 2947 1636 3005 quoque
1702 2931 2044 2989 Theodorum

468 3018 758 3109 quemdam
790 3048 857 3088 ex
887 3028 1234 3099 imperatoris
1277 3023 1630 3087 satellitibus,
1660 3037 1819 3090 quem
1854 3023 1919 3076 ad
1946 3022 2041 3077 du-
2070 3018 2117 3082 C

468 3108 550 3184 eis
580 3126 897 3196 dignitatem
921 3118 1134 3176 extulit.
1167 3115 1275 3171 llos
1312 3114 1475 3185 igitur
1500 3112 1635 3167 duos
1657 3112 1823 3176 viros,
1848 3108 2042 3179 quibus

471 3226 611 3277 hanc
643 3216 965 3287 legationem
1013 3207 1284 3273 attribuit,
1315 3206 1380 3260 ad
1407 3203 1690 3261 ‘Cbosroen
1743 3202 1920 3268 misit,
1975 3205 2043 3256 ad

471 3324 631 3381 quem
676 3319 891 3378 quoque
924 3304 1132 3358 litteras
1173 3297 1529 3354 humanitatis
1587 3294 1771 3366 plenas
1805 3293 2040 3364 scripsit.

474 3402 750 3460 Sententia
783 3399 939 3469 lnijus
957 3395 1197 3468 epistolae
1212 3395 1327 3448 haec
1349 3392 1463 3448 fere
1493 3399 1646 3446 erat:
1675 3409 1694 3441 ι
1722 3388 1833 3459 Ego
1856 3402 2041 3458 pacem

474 3507 621 3567 opto,
649 3503 750 3550 eta
784 3492 894 3547 Deo
911 3492 1090 3545 datam
1115 3486 1236 3542 colo
1264 3494 1319 3539 et
1347 3493 1602 3553 tanquam
1629 3479 1858 3536 naturali
1893 3492 2045 3549 quo-

474 3590 597 3643 dam
639 3586 899 3643 instinctu
935 3580 999 3636 ad
1044 3586 1282 3634 vestram
1325 3574 1617 3631 amicitiam
1655 3573 1818 3629 feror.
1863 3569 2045 3640 Itaque

472 3687 692 3746 paratus
723 3689 860 3736 sum,
889 3685 1101 3727 omnem
1122 3666 1556 3723 Persarmeniam
1580 3662 1874 3720 etlberiam
1892 3661 2045 3718 vobis

471 3770 791 3832 concedere,
843 3774 1036 3837 praeter
1086 3778 1179 3819 eos
1238 3759 1647 3817 Persarmenios
1688 3760 1801 3814 sive
1832 3750 2042 3819 ~Iberos,

472 3862 561 3933 qui
588 3861 744 3916 nobis
776 3873 967 3927 parere
988 3856 1203 3912 malint.
1230 3854 1471 3909 Restituo
1500 3858 1554 3907 e't
1583 3851 1836 3906 Al'utnum
1856 3847 2046 3921 castel-

474 3948 604 4017 lum,
665 3961 719 4006 et
773 3951 1106 4004 Arzanenem
1149 3946 1302 4003 vobis
1364 3945 1523 4010 cedo,
1567 3943 1724 3997 modo
1789 3940 2043 4011 oppidum

475 4042 642 4099 haras
698 4057 794 4112 pro
829 4042 912 4095 his
950 4037 1201 4094 omnibus
1247 4052 1276 4091 ο
1320 4035 1473 4091 vobis
1519 4033 1813 4089 obtineant.
1865 4049 1886 4083 ι
1918 4029 2045 4084 llaec

469 4134 723 4188 ‘l‘iherius
747 4134 1062 4199 imperator,
1095 4144 1190 4199 per
1225 4125 1542 4181 Zachariam
1587 4134 1641 4178 et
1671 4120 2040 4187 Theodorum,

471 4225 667 4293 quibus
713 4221 1073 4276 maximorum
1132 4218 1438 4287 legatorum
1497 4222 1822 4284 p0testatem
1876 4213 2040 4277 dedit,

2136 481 2372 547 τοξόται,
2430 481 2737 551 Σαρακηνοὶ
2785 479 2956 532 δὲκαὶ
3030 477 3280 547 Σαϐεῖροι
3332 474 3447 530 η...
3506 474 3552 506 ³⁸
3608 476 3707 528 σὺν

2134 562 2246 634 τοῖς
2276 570 2560 641 Ῥωμαίων
2590 570 2815 642 ἄρχουσι
2842 569 2970 640 περὶ
3001 566 3096 621 τοῦ
3132 568 3249 631 πῶς
3288 567 3367 619 δεῖ
3423 566 3708 635 προελθεῖν

2134 662 2233 724 τὴν
2282 663 2340 715 ἐν
2394 664 2541 729 γένει
2600 661 2818 730 ὀρεινὴν
2872 660 3353 729 διασκεπτόμενοι.
3409 658 3472 712 "0
3505 658 3569 728 δὴ
3613 658 3708 711 καὶ

2136 754 2370 825 μάλιστα
2399 752 2713 817 ἀλαζονείας
2757 768 2815 804 τε
2849 752 2944 805 καὶ
2969 749 3357 820 ἀναισχυντίας
3407 751 3466 802 οὔ
3503 749 3709 819 μικρὰν

2136 843 2384 915 προσῆψε
2410 844 2487 914 τῷ
2536 842 2750 913 Χοσρὸη
2797 841 2976 908 δόξαν,
3023 841 3120 904 τάς
3141 857 3200 893 τε
3264 840 3532 910 ξυνθήκας
3568 839 3712 892 οὕτω

2137 952 2251 1001 πως
2306 935 2530 1004 ἁναίδην
2582 926 2631 965 δ’
2674 934 2774 987 οὐκ
2801 934 3089 1002 ὀκνήσαντι
3133 931 3385 1003 ξυγχέαι,
3417 931 3711 986 καὶταῦτα

2133 1027 2321 1095 ὀλίγης
2353 1026 2488 1095 πρὸς
2531 1025 2593 1078 τὸ
2621 1026 2793 1095 πέρας
2834 1022 2984 1095 αὐτῷ
3012 1024 3499 1094 ὲνδαψιλευομένης
3532 1040 3714 1092 παρα-

2134 1117 2343 1189 δρομῆς
2433 1116 2654 1187 ήμερῶν
2681 1132 2694 1145 ο
2754 1115 2848 1168 καὶ
2904 1115 2987 1168 ὃτι
3039 1131 3104 1183 γε
3164 1113 3257 1167 τὸν
3306 1113 3491 1179 αὐτὸν,
3522 1113 3618 1165 ἅτε
3645 1112 3714 1182 δὴ

2137 1207 2452 1276 ἐπεγγελῶν
2504 1207 2822 1279 Ῥωμαίοις,
2877 1207 2995 1278 ἅμα
3062 1224 3120 1261 τε
3166 1207 3261 1261 καὶ
3308 1208 3437 1277 περὶ
3489 1206 3714 1277 εἰρήνης

2132 1297 2617 1368 διαλεχθησόμενον
2675 1299 2867 1360 ἐντοῖς
2909 1296 3077 1366 ὁρίοις
3134 1298 3560 1369 ἐχειροτόνησεν,
3617 1297 3715 1349 καὶ

2134 1391 2251 1462 ἅμα
2278 1394 2334 1444 ὲν
2360 1393 2470 1454 τοῖς
2496 1391 2676 1452 αὐτοῖς
2695 1377 2938 1459 χωρίοις,
2970 1392 3029 1443 ὲν
3049 1390 3259 1453 αὐταῖς,
3288 1389 3363 1451 ὡς
3379 1390 3576 1454 εἰπεῖν,
3590 1389 3713 1450 ταῖς

2134 1485 2365 1556 ἡμέραις
2394 1484 2626 1553 πολέμου
2652 1500 2709 1537 τε
2745 1484 2835 1536 καὶ
2860 1482 3105 1554 ταραχῆς
3133 1484 3223 1538 καὶ
3242 1482 3484 1536 σπονδῶν
3509 1481 3716 1551 συγχύ-

2135 1593 2269 1639 σεως
2299 1578 2489 1630 αἴτιον.
2515 1574 2715 1629 Τοῦτον
2739 1575 2803 1645 δὴ
2827 1570 2920 1627 οὖν
2949 1575 3041 1627 τὸν
3064 1574 3295 1643 Μεϐὡδη
3324 1573 3705 1643 βουλευμάτων

2138 1680 2198 1717 τε
2244 1664 2546 1735 ἡγούμενον
2578 1662 2673 1716 καὶ
2696 1660 2792 1715 τοῦ
2821 1660 3018 1725 παντὸς
3046 1661 3238 1732 ἔχοντα
3259 1661 3427 1731 κῦρος
3472 1659 3702 1722 ὁπλίσας

2070 1731 2111 1786 Β
2140 1731 2412 1827 ἐξέπέεμφε
2433 1769 2446 1784 .
2480 1754 2616 1824 πρός
2654 1771 2713 1823 γε
2744 1754 2839 1809 καὶ
2888 1731 3121 1822 Σαπώην
3167 1752 3258 1805 τὸν
3309 1752 3618 1823 Μεαιράνου
3638 1752 3714 1813 υς

2140 1847 2331 1916 ἀνδρὸς
2358 1847 2458 1900 οὐκ
2486 1846 2743 1914 ἀγεννοῦς
2775 1844 3222 1915 ἁπενεγκάμενον
3246 1842 3422 1907 δόξαν.

2211 1940 2301 2011 ιη’.
2342 1941 2465 1993 Ὅτι
2493 1939 2521 1992 ὁ
2554 1936 2807 2010 Τιϐέριος
2834 1938 2930 1992 καὶ
2956 1938 3141 2008 ἕτερόν
3166 1954 3220 1990 τι
3271 1935 3594 2006 προστίθησι
3634 1936 3715 2004 τῷ

2136 2025 2460 2102 δεδογμένῳ,
2489 2032 2583 2087 καὶ
2626 2033 2684 2094 ὲς
2734 2031 2802 2083 τὰ
2844 2030 3080 2099 μάλιστα
3134 2026 3253 2100 Θεῷ
3297 2028 3713 2098 κεχαρισμένον.

2142 2124 2378 2190 Πολλοὺς
2401 2124 2507 2196 γὰρ
2535 2125 2643 2201 τῶν
2681 2123 2830 2195 παρὰ
2865 2122 3159 2193 Ῥωμαίοις
3200 2121 3545 2193 δορυκτήτων
3571 2121 3715 2189 Περ-

2146 2217 2276 2281 σῶν,
2314 2217 2553 2287 μάλιστα
2582 2216 2703 2295 τοῗᾳς
2738 2217 2795 2268 ὲν
2827 2214 2991 2279 τέλει,
3025 2206 3101 2267 ὧν
3133 2213 3261 2266 ἔνιοι
3296 2214 3390 2267 καὶ
3430 2211 3507 2283 τῷ
3557 2213 3717 2281 βασι-

2142 2309 2269 2379 λείῳ
2307 2309 2454 2376 γένει
2485 2308 2815 2380 ξυνημμένοι
2842 2302 3006 2378 ἦσαν,
3041 2305 3246 2360 ἔστειλε
3280 2305 3496 2377 Χοσρόῃ
3536 2305 3710 2374 δωρο-

2144 2398 2412 2471 φορήσας.
2450 2393 2583 2452 Εἶτα
2615 2396 2877 2466 πρέσϐεις
2910 2396 3005 2449 επὶ
3059 2396 3137 2465 τῷ
3194 2395 3382 2467 τοιῷδε
3443 2393 3717 2464 ἐξέπεμιίε

2144 2492 2420 2563 Ζαχαρίαν
2480 2508 2542 2544 τε
2610 2489 2788 2555 αὖθις,
2837 2489 2930 2545 τδν
3001 2488 3278 2559 βασίλειον
3342 2487 3545 2557 ἰατρὸν,
3617 2487 3715 2539 ἅτε

2145 2583 2402 2648 πολλάκις
2431 2581 2824 2656 χρησιμώτατά
2843 2598 2902 2634 τε
2933 2583 3028 2635 καὶ
3069 2580 3402 2634 εὐνούστατα
3450 2579 3721 2651 ἐξυπηρεο

2144 2677 2451 2747 τησάμενον
2476 2678 2596 2740 ταῖς
2618 2674 2760 2730 κατὰ
2780 2675 2871 2729 τὸν
2898 2675 3133 2745 πόλεμον
3156 2672 3341 2728 τοῦτον
3375 2673 3719 2743 πρεσϐείαις.

2146 2769 2347 2826 Τοῦτον
2372 2767 2436 2839 δὴ
2462 2764 2555 2823 οὖν
2584 2768 2673 2822 τὸν
2697 2767 2864 2839 ἄνδρα
2894 2770 2962 2839 τῇ
2990 2766 3262 2838 λεγομένῃ
3289 2764 3395 2819 ἀπὸ
3451 2765 3731 2834 ἐπάρχων

2146 2859 2273 2933 ἀξίᾳ
2299 2860 2670 2930 διακοσμήσας
2726 2859 3100 2930 ἐχειροτόνησε
3143 2858 3238 2911 καὶ
3281 2856 3461 2919 πάλιν,
3514 2856 3607 2910 καὶ
3654 2852 3720 2924 δὴ

2149 2950 2619 3023 πρεσϐευσόμενον
2651 2949 2884 3021 ἀφῆκεν,
2922 2943 3012 3004 οἷα
3043 2949 3109 3020 δὴ
3137 2949 3231 3003 καὶ
3252 2948 3418 3002 αὐτοῦ
3442 2949 3719 3018 Ζαχαρίου

2146 3044 2245 3116 τὴν
2284 3042 2581 3116 πρεσϐείαν
2608 3041 2811 3113 ταύτην
2839 3041 3095 3110 γενέσθαι
3145 3041 3546 3110 ξυνωθήσαντος
3570 3057 3584 3069 ·
3621 3041 3723 3094 σὺν

2144 3135 2222 3206 τῷ
2249 3137 2343 3190 καὶ
2368 3135 2645 3206 Θεόδωρόν
2671 3152 2816 3207 τινα,
2845 3135 2941 3188 ἕνα
2966 3134 3074 3189 τῶν
3110 3134 3397 3205 βασιλείων
3442 3150 3721 3204 μαχαιρο-

2147 3226 2347 3295 φόρων,
2376 3224 2593 3294 ἀξίωμα
2611 3224 2704 3278 καὶ
2724 3223 2873 3296 αὐτῷ
2907 3223 3208 3297 στρατηγοῦ
3249 3224 3509 3295 περιθείς,
3531 3222 3724 3276 Τούτω

2144 3316 2222 3370 τὼ
2274 3316 2433 3387 ἄνδρε
2480 3316 2953 3386 ’πρεσϐευσαμένω
3017 3317 3316 3386 ἀπονείμας
3372 3316 3585 3388 Χοσρόῃ
3633 3313 3726 3379 ἑξ-

2148 3408 2416 3479 έπεμψεν,
2447 3406 2654 3478 ἔγραψέ
2681 3424 2740 3459 τε
2766 3406 3071 3470 ἐπιεικείας
3099 3405 3346 3462 ἀνάπλεα
3376 3408 3614 3477 ῥήματα.
3660 3404 3726 3458 '0

2144 3498 2202 3551 δὲ
2252 3497 2374 3561 νοῦς
2430 3497 2528 3568 τῆς
2555 3497 2875 3568 ἐπιστολῆςο
2914 3516 2932 3549 ι
2984 3496 3125 3566 Ἐγὼ
3183 3498 3275 3551 καὶ
3335 3496 3593 3567 βούλομαι
3623 3499 3727 3569 τὴν

2146 3590 2369 3661 εἰρήνην
2392 3589 2485 3642 καὶ
2508 3587 2595 3642 διὰ
2621 3588 2682 3642 τὸ
2730 3587 3009 3643 θεόσδοτον
3055 3587 3220 3643 οὖσαν
3249 3587 3562 3659 ἀσπάζομαι
3582 3606 3596 3620 ·
3631 3590 3728 3645 καὶ

2147 3676 2335 3749 ὥσπερ
2372 3679 2533 3746 φύσει
2558 3678 2665 3730 τινὶ
2694 3675 3012 3748 προσιζάνει
3056 3676 3102 3711 ⁸³
3126 3694 3220 3748 μοι
3270 3678 3339 3731 τὰ
3394 3677 3494 3747 τῆς
3535 3678 3725 3747 φιλίας

2147 3770 2319 3839 ὑμῶν.
2353 3761 2656 3841 Τοιγαροῦν
2706 3770 2944 3840 ἑτοίμως
2995 3769 3103 3841 ἔχω
3154 3770 3251 3841 τῆς
3306 3770 3730 3842 Περσαρμενίας

2144 3875 2204 3915 τε
2260 3860 2440 3931 πάσης
2483 3857 2811 3929 ἀφίστασθαι
2877 3860 2971 3914 καὶ
3036 3859 3297 3933 Ἰϐηρίας,
3342 3860 3406 3915 οὑ
3456 3862 3564 3932 μὴν
3612 3861 3727 3917 τῶν

2148 3946 2485 4020 βουλομένων
2516 3952 2650 4022 ἡμῖν
2689 3950 2983 4006 ὑπακούειν
3034 3951 3260 4023 Περσῶν
3322 3952 3615 4024 ’Δρμενίας
3662 3969 3720 4007 τε

2147 4041 2241 4095 καὶ
2309 4041 2559 4112 Ἰϐήρων.
2629 4042 2953 4112 Ἀναδίδωμι
3017 4042 3074 4096 δὲ
3123 4043 3217 4096 καὶ
3290 4043 3351 4097 τὸ
3436 4043 3717 4113 ’Δφουμῶν

2148 4132 2424 4205 φρούριον,
2460 4131 2555 4187 καὶ
2578 4132 2677 4204 τῆς
2720 4131 3133 4205 ’Δρζανηνῆςθδ
3158 4132 3287 4204 ὑμῖν
3308 4134 3718 4206 παραχωρήσω,

2145 4224 2206 4278 τὸ
2227 4225 2406 4294 Δάρας
2438 4222 2597 4291 μόνον
2622 4222 2744 4277 ἀντὶ
2773 4223 3041 4278 τοσούτων
3090 4223 3557 4295 ἀνακομιζόμενος
3589 4223 3726 4294 πρὸς

471 4314 698 4370 Chosroi
742 4310 939 4367 litteris
983 4310 1328 4379 signiﬁcavit.
1383 4306 1480 4364 His
1520 4308 1681 4362 etiam
1735 4320 1918 4375 pacem
1948 4320 2041 4376 pro

2149 4307 2322 4386 ὑμῶν.
2384 4333 2402 4364 ι
2458 4312 2646 4367 Ταῦτα
2702 4308 2951 4385 Τιϐέριος
3003 4315 3033 4369 ό
3106 4313 3463 4386 αὐτοκράτωρ
3508 4314 3730 4387 Χοσρόῃ

471 4407 719 4470 arbitrio,
764 4414 821 4459 ut
846 4416 934 4457 res
965 4399 1195 4466 ferrent,
1226 4399 1410 4454 facere
1453 4396 1716 4468 permisit.
1745 4393 2044 4463 Etiliiqui-

469 4500 611 4561 dem,
634 4495 760 4550 dum
786 4494 961 4548 adhuc
994 4491 1096 4548 iter
1125 4489 1412 4554 faciebant,
1442 4488 1660 4551 accidit,
1692 4495 1750 4541 ut
1778 4485 2045 4542 Chosroes

468 4602 700 4658 quoque,
733 4584 1025 4641 Persarum
1078 4594 1193 4650 rex,
1222 4581 1312 4647 iis,
1346 4596 1468 4652 quae
1500 4579 1575 4634 illi
1606 4587 1792 4655 contra
1828 4587 2044 4634 senten-

470 4681 597 4732 tiam
617 4686 931 4743 evenerant,
984 4675 1281 4746 perculsus,
1323 4687 1551 4744 propere
1573 4674 1640 4726 ad
1676 4672 2041 4726 Romanorum

470 4773 846 4836 imperatorem
922 4767 1156 4837 legatum
1232 4765 1508 4825 mitteret,
1559 4763 1651 4831 qui
1704 4762 1815 4832 jam
1862 4758 2043 4816 hieme

469 4863 686 4915 ineunte
704 4858 979 4927 prolectus
997 4853 1199 4913 erat.ls
1229 4865 1347 4910 erat
1374 4857 1457 4909 vir
1476 4854 1663 4919 Persa,
1687 4853 1779 4924 qui
1807 4852 1871 4907 ad
1902 4854 2040 4907 hanc

471 4950 794 5021 legationem
822 4938 922 5003 fuit
954 4949 1217 5013 delectus,
1264 4946 1481 5002 nomine
1516 4943 1900 5015 Pherogdatcs,
1926 4954 1979 4997 et
2011 4959 2039 4997 a

466 5039 750 5095 Persarum
777 5055 903 5111 rege
931 5038 996 5093 ad
1038 5039 1417 5107 imperatorem
1464 5037 1681 5090 litteras
1710 5052 1814 5089 non
1867 5039 2041 5089 ininus

465 5132 729 5185 humanas
750 5138 805 5183 et
835 5127 1105 5199 oliiciosas
1160 5126 1369 5181 detulit.
1425 5124 1516 5180 Ha:
1545 5126 1622 5181 sic
1643 5141 1703 5182 se
1731 5126 2038 5181 habebant:

470 5240 489 5271 ς
527 5220 805 5291 Siquidem
863 5233 974 5273 rem
1016 5219 1214 5287 justam
1262 5216 1442 5271 facere
1486 5215 1649 5270 velles
1676 5256 1690 5281 ,
1746 5216 2042 5286 imperator

2153 4406 2421 4477 σημήνας,
2463 4404 2636 4476 ἐφῆκε
2676 4404 2920 4477 Ζαχαρία
2947 4422 3007 4460 τε
3053 4406 3149 4460 καὶ
3181 4406 3442 4479 Θεοδώρῳ
3472 4406 3568 4461 καὶ
3623 4423 3729 4476 με·-

2151 4495 2353 4563 γίστων
2381 4492 2662 4566 πρέσϐεων
2698 4493 2844 4565 ἔχειν
2874 4495 3028 4566 ίσχὺν
3085 4498 3179 4550 καὶ
3222 4497 3319 4568 τὴν
3374 4498 3601 4568 είρήνην
3650 4495 3731 4559 ὠς

2152 4586 2217 4641 ἂν
2241 4576 2344 4639 οἶοί
2370 4602 2428 4639 τε
2457 4583 2666 4639 ἔσοιντο
2693 4585 3009 4642 διατιθέναι.
3059 4588 3213 4643 Μετὰ
3239 4584 3412 4642 ταῦτα
3439 4586 3537 4657 τῆς
3590 4585 3732 4640 ὁδοι-

2152 4675 2349 4748 πορίας
2378 4674 2457 4728 ἔτι
2507 4677 2777 4747 σχομένω,
2847 4678 3104 4732 σταλέντε
3152 4677 3311 4752 ἄνδρε
3351 4676 3495 4733 οὕτω
3545 4693 3730 4749 παρα-

2152 4760 2279 4840 σχὸν
2301 4768 2369 4833 ⁸⁸,
2411 4771 2505 4823 καὶ
2525 4770 2773 4842 Χοσρόης
2801 4771 2830 4823 ὁ
2856 4769 3085 4841 Περσῶν
3140 4768 3393 4840 βασιλεὺς
3443 4766 3729 4823 καταπλα-

2149 4859 2267 4927 γεὶς
2316 4862 2428 4922 τοῖς
2485 4857 2875 4930 ξυμϐεϐηκόσι,
2959 4860 3279 4932 προφθάσας
3326 4861 3600 4931 ἐκπέμπει
3650 4861 3731 4919 ὠς

2148 4952 2238 5003 τὸν
2286 4950 2333 4982 ⁸⁸
2403 4939 2691 5021 Ῥωμαίων
2743 4951 3127 5022 αὐτοκράτορα
3202 4951 3569 5024 πρεσϐευτὴν,
3632 4953 3732 5006 καὶ

2150 5042 2462 5109 ἀφικνεῖται
2489 5042 2754 5113 χειμῶνος
2793 5043 3099 5114 ἀρχομένου
3144 5043 3243 5115 ήδη
3296 5044 3353 5107 ὃς
3385 5042 3477 5097 ἐπὶ
3506 5046 3570 5117 τῇ
3596 5059 3732 5113 πρε-
3753 5027 3767 5038 ’

2152 5131 2307 5203 σϐείᾳ
2341 5133 2721 5205 ἐχειροτονήθη
2766 5135 2983 5205 Πέρσης
3035 5136 3198 5206 ἀνὴρ,
3258 5134 3495 5206 τοῦνομα
3554 5136 3729 5204 dispo-

2150 5222 2374 5294 γδάθης,
2406 5226 2503 5294 οὐχ
2532 5219 2693 5295 ἦττον
2726 5227 2820 5279 καὶ
2869 5226 3030 5289 αὐτὸς
3082 5226 3629 5301 φιλανθρωποτάτους
3669 5227 3730 5279 ἐν

1689 5398 1928 5454 VARi/E
1984 5398 2388 5459 LECTIONES.

535 5548 583 5578 ’θ
617 5545 854 5669 ξαϐῇροι
891 5544 1036 5616 vulg.
1110 5542 1157 5576 ⁸⁸
1189 5543 1317 5598 Post
1348 5542 1597 5614 Σαϐεἰροι
1629 5547 1897 5602 excidisse
1942 5549 2087 5616 conj.
2118 5547 2180 5602 Ν.
2209 5544 2285 5601 ὧν
2322 5548 2649 5619 ξυμπάντων
2684 5545 2854 5620 ἦρχον
2883 5551 2954 5615 oi,
2983 5561 3035 5605 ct
3059 5551 3199 5606 infra
3228 5566 3334 5607 scr.
3368 5549 3466 5618 τὴν
3491 5550 3548 5602 ὲν
3577 5549 3728 5616 γένει

535 5627 548 5669 ι
600 5626 671 5669 sn.
712 5632 725 5668 1
769 5630 855 5669 em
905 5614 1047 5669 attotl
1101 5615 1315 5669 γενικὴ)
1352 5617 1596 5669 εἰρήνην.
1674 5614 1717 5645 ⁸⁸
1768 5618 1993 5669 ἀναίὸγῖν
2038 5618 2126 5669 ΙΙ..
2177 5620 2414 5669 ἀναίδει’)
2474 5620 2616 5669 vnlg.
2697 5623 2742 5652 ⁸¹
2768 5621 3055 5669 Μαιοάντπε
3104 5637 3264 5669 sum-:1
3312 5618 3613 5669 annellatus
3640 5631 3727 5669 ast

465 5624 548 5687 (ut
600 5617 671 5672 sit
712 5614 855 5670 idem
905 5614 1047 5687 quod
1101 5615 1315 5687 γενικὴ)
1352 5617 1596 5687 εἰρήνην,

470 5632 548 5687 (ut
600 5632 671 5672 sn
712 5632 855 5670 luem
905 5632 1047 5683 quon
1101 5632 1315 5683 γενικη)
1352 5632 1432 5667 ειι

470 5704 521 5755 p.
560 5687 682 5743 5‘29.
713 5687 750 5740 ι.
778 5689 829 5742 8.
907 5686 953 5719 ⁸³
985 5683 1303 5755 προσιζάνοι
1334 5632 1432 5750 τιιὶ

1674 5614 1717 5691 f“
1747 5618 1993 5691 _&vaib_‘v;v
2038 5614 2126 5691 "7.,
2177 5614 2414 5673 ἀναίδειν
2474 5620 2616 5691 vulg.

1429 5702 1478 5755 g.
1558 5686 1602 5717 ⁸⁸
1641 5688 1967 5756 ’Λρζανικῆς
1996 5690 2138 5758 vulg.

2697 5618 2742 5652 "
2766 5618 3055 5690 Μαιράνης
3104 5637 3265 5690 supra
3312 5618 3613 5688 appellatus
3640 5631 3727 5676 est

2216 5692 2260 5727 ⁸⁸
2292 5692 2570 5759 παρέσχην
2595 5707 2697 5761 ing.
2730 5692 2810 5743 ed.
2852 5692 2974 5745 Par.
3070 5692 3118 5723 ‘”
3149 5698 3238 5745 τὸν
3265 5692 3303 5744 Β
3333 5732 3346 5757 ,
3373 5690 3475 5744 τῶν
3505 5690 3647 5760 vulg.
