4096 6420
446 350 553 417 915

1252 310 1649 412 Exesnpm
1683 351 1784 410 EX
1824 349 2248 409 MENANDRU
2286 351 2776 411 enumerem:

3599 346 3709 413 916

445 474 801 535 praepararet.
851 469 918 524 Et
953 467 1043 522 ille
1077 467 1317 536 quidem,
1367 477 1420 521 ut
1452 483 1546 522 rex
1587 480 1940 536 praeceperat,
1974 466 2023 519 in

2137 468 2331 538 ῥοπήν.
2363 468 2475 522 Καὶ
2508 469 2537 520 ὁ
2563 469 2680 536 μὲν,
2708 467 2849 520 καθὰ
2866 466 3080 537 βασιλεῖ
3101 465 3298 526 ἐδόκει,
3331 463 3434 516 ἀνὰ
3463 462 3559 533 τὴν
3594 464 3711 516 Ἕω

452 559 671 613 Oriente
724 559 988 622 substitit,
1048 567 1103 612 et
1158 557 1503 624 observabat,
1543 557 1673 627 quid
1720 557 1864 610 facto
1893 571 2028 624 opus

450 660 618 705 esset.
665 649 800 704 Cum
861 650 1024 722 igitur
1071 649 1232 717 legati
1278 649 1330 702 in
1390 648 1665 703 Persidem
1722 648 2027 712 venissent,

453 740 740 796 Persarum
765 757 966 812 regem,
993 744 1082 810 qui
1118 750 1362 796 recenter
1392 741 1444 794 in
1471 742 1671 810 regium
1708 741 1900 796 solium
1939 756 2027 795 as-

449 832 744 898 cenderat,
789 833 1029 887 salutare
1077 845 1407 902 magnopere
1435 831 1744 899 cupiebant,
1793 841 1846 886 et
1875 847 2023 901 spem

451 923 748 985 habebant,
779 925 878 977 sibi
923 940 1027 978 non
1072 924 1248 978 solum
1302 923 1527 976 multum
1574 924 1794 978 honoris
1845 935 1900 978 et
1927 926 2026 980 hu-

451 1016 727 1070 manitatis
769 1015 1097 1085 impertitum
1138 1015 1204 1070 iri
1236 1054 1252 1075 .
1311 1017 1406 1069 sed
1474 1015 1634 1070 etiam
1661 1055 1678 1077 ,
1715 1029 1834 1083 qua:
1878 1024 2026 1082 pete-

448 1119 590 1168 rent.
614 1122 735 1164 sese
765 1109 1166 1176 impetraturos.
1206 1108 1413 1164 Etenim
1471 1116 1590 1174 post
1613 1115 1720 1160 tam
1756 1107 2020 1175 insignem

449 1198 728 1252 victoriam
777 1215 1055 1254 sermones
1102 1199 1402 1254 aiIerebant
1447 1202 1513 1254 ab
1559 1201 1884 1270 imperatore
1911 1197 2022 1254 llo-

448 1304 608 1345 tnano
626 1291 880 1346 comitate
905 1300 960 1350 et
981 1291 1315 1346 humanitate
1334 1291 1524 1358 plenos
1546 1300 1600 1344 et
1626 1290 1694 1344 ab
1709 1289 1854 1343 omni
1877 1289 2018 1346 inso-

446 1380 610 1436 lentia
640 1392 896 1437 remotus.
929 1381 1112 1453 Neque
1145 1379 1273 1436 vero
1305 1382 1476 1437 solum
1525 1396 1582 1436 se
1606 1381 1782 1436 verbis
1811 1396 2018 1438 comem

446 1478 502 1527 et
528 1471 817 1542 benignum
859 1473 1132 1540 praebebat
1165 1473 1485 1541 imperator,
1536 1488 1719 1528 verum
1746 1472 1911 1527 etiam
1963 1487 2020 1526 re

446 1561 582 1630 ipsa,
618 1578 740 1618 cum
773 1572 851 1617 tot
875 1564 1120 1634 captivus
1157 1563 1340 1620 Persis
1391 1565 1726 1622 restitueret.
1761 1563 1828 1618 Et
1857 1579 1920 1619 ex
1955 1580 2020 1618 eo

446 1653 709 1728 putabant
747 1655 882 1716 fore,
913 1663 970 1707 ut
1005 1670 1125 1723 qua:
1158 1657 1472 1724 sperabant,
1506 1655 1624 1708 sine
1651 1658 2014 1709 Controversia

447 1754 932 1811 consequerentur.
980 1745 1085 1800 Sed
1135 1746 1384 1799 universa
1447 1761 1531 1798 res
1581 1745 1633 1798 in
1682 1746 2014 1800 contrarium

450 1835 632 1888 vertit.
664 1833 902 1888 Primum
938 1834 1082 1889 enim
1116 1850 1255 1889 unus
1282 1851 1344 1890 ex
1379 1836 1482 1900 his,
1517 1837 1604 1905 qui
1639 1837 1746 1906 regi
1775 1836 1825 1890 in
1852 1849 2015 1905 nego-
2053 1806 2098 1866 Β

450 1926 539 1980 tiis
564 1935 619 1982 et
645 1925 808 1997 regiis
837 1936 892 1981 et
931 1926 1163 1995 publicis
1195 1927 1558 1982 ministerium
1593 1929 1859 1996 prrebcnt,
1891 1943 2024 1995 quos

447 2016 625 2073 Latini
659 2033 690 2072 a
713 2019 938 2074 secretis
969 2027 1183 2083 vocant,
1221 2019 1436 2071 obvimn
1469 2033 1528 2072 se
1555 2019 1726 2072 media
1769 2020 1852 2070 via
1881 2019 2025 2087 lega-

450 2111 518 2166 tis
552 2111 691 2176 tulit,
726 2109 886 2182 169
907 2119 960 2165 et
987 2126 1081 2166 eos
1099 2120 1184 2167 est
1205 2121 1610 2180 percunctatus,
1647 2113 1773 2180 quid
1805 2111 2021 2176 vellent,

447 2216 552 2268 qua
599 2202 663 2253 de
697 2215 857 2255 causa
904 2200 1174 2265 venirent,
1215 2211 1272 2254 et
1328 2201 1457 2269 quid
1515 2201 1685 2256 nuntii
1741 2201 2023 2254 aii'errent.

449 2291 584 2347 Huic
614 2291 905 2350 Zacharias
933 2301 987 2346 et
1017 2290 1336 2348 Theodorus
1392 2295 1789 2361 responderunt
1825 2293 1876 2346 id
1918 2311 2020 2347 non

445 2383 544 2448 illi,
575 2384 668 2437 sed
696 2382 956 2450 magistro
979 2381 1061 2453 (ut
1101 2381 1396 2452 loquuntur
1418 2381 1672 2451 Ilotnani)
1707 2381 2018 2438 dicendum.

446 2471 570 2526 llaec
622 2471 711 2528 ubi
764 2474 1032 2537 dixerant,
1091 2471 1230 2525 viam
1296 2482 1672 2542 perrexerunt.
1718 2473 1844 2527 Post
1882 2476 2024 2528 hunc

445 2559 582 2614 alius
604 2574 822 2628 quoque
861 2573 924 2612 ex
974 2557 1157 2614 Persis
1190 2559 1358 2622 venit,
1395 2560 1486 2630 qui
1522 2559 2019 2629 peregrinationem

449 2649 555 2705 illis
604 2650 932 2720 impediebat
965 2669 978 2704 :
1015 2651 1221 2706 tardius
1274 2649 1418 2705 enim
1452 2651 1519 2706 de
1553 2652 1816 2705 industria
1869 2654 2017 2707 ince-

448 2745 632 2810 debat,
668 2751 724 2800 et
751 2758 848 2798 eos
874 2744 1120 2798 cunctari
1147 2743 1398 2809 iaciebat,
1429 2759 1604 2813 neque
1638 2745 1863 2800 ulterius
1894 2761 2022 2817 pro-

443 2835 595 2905 gredi
648 2835 861 2890 sinebat
923 2853 939 2896 ;
1010 2835 1294 2905 propiores
1375 2835 1637 2890 stationes
1684 2836 1920 2906 eligebat
1968 2846 2024 2892 et

444 2941 644 2994 paucas
673 2939 1004 2994 parasangas
1050 2923 1396 2989 conficiebat,
1442 2935 1497 2978 ct
1525 2940 1590 2978 ex
1621 2926 1742 2981 aliis
1795 2927 1929 2981 locis
1967 2927 2025 2985 in

442 3017 546 3070 alia
577 3015 694 3071 loca
729 3017 834 3070 huc
866 3015 996 3069 illuc
1021 3025 1268 3072 errantes
1305 3026 1362 3072 et
1393 3017 1638 3093 palantes
1661 3017 1978 3074 traducebat
2005 3035 2021 3073 :

2133 558 2314 628 ἔμενε.
2364 559 2426 612 τὸ
2475 561 2749 628 πρακτέον
2799 558 3113 629 ἐπιτηρῶψ
3161 557 3460 627 προϊόντων
3509 556 3565 608 δέ
3603 555 3714 608 τῶν

2133 651 2419 720 πρέσϐεων
2452 653 2512 714 ἐς
2534 649 2604 704 τὰ
2655 653 2761 723 ἤθη
2804 650 3442 721 Περσῶν,ἐπειγομένων
3488 666 3547 700 τε
3589 647 3714 700 θεά-

2132 741 2330 795 σασθαι
2377 742 2468 796 τὸν
2516 743 2642 812 ἄρτι
2679 743 2756 813 τῷ
2801 743 3061 814 βασιλείῳ
3096 741 3273 811 θρόνῳ
3323 741 3708 810 ἐπιϐεϐηκότα,

2129 833 2392 902 οἰομένων
2421 851 2479 886 τε
2511 836 2570 898 ἐς
2617 836 2684 888 τὰ
2740 835 2976 906 μάλιστα
3021 833 3376 899 τεύξεσθαιθδ
3409 833 3597 901 τιμῆς,
3649 831 3715 886 ού

2136 925 2244 993 μὴν
2276 924 2414 978 ἀλλὰ
2447 928 2542 984 καὶ
2586 926 2693 979 τῶν
2741 927 3196 996 σπουδαζομένων
3247 925 3372 978 οὔτε
3395 928 3441 958 ³⁸
3477 927 3712 978 ἀποτεύ·

2129 1014 2312 1080 ξεσθαι
2346 1012 2456 1088 (οἷα
2505 1019 2646 1085 μετὰ
2697 1019 2970 1089 τοσαύτην
3031 1019 3188 1088 νίκην
3239 1020 3451 1088 πράους
3499 1037 3558 1072 τε
3617 1020 3713 1072 καὶ

2127 1105 2308 1175 πάσης
2349 1107 2640 1173 αὐθαδείας
2675 1108 3127 1179 ἀπηλλαγμένους
3167 1110 3263 1164 τοῦ
3296 1109 3584 1180 Ῥωμαίων
3615 1109 3713 1178 βα-

2128 1196 2321 1261 σιλέως
2349 1199 2802 1270 ἐπικομιζόμενοι
2822 1201 3050 1269 λόγουςο
3080 1202 3174 1255 καὶ
3203 1202 3277 1264 ὡς
3299 1202 3358 1252 ού
3389 1201 3548 1268 μόνον
3581 1199 3713 1269 ἄχρι

2125 1288 2392 1358 ῥημάτων
2431 1291 2580 1360 αὐτῷ
2627 1291 2689 1344 «ea
2740 1291 3150 1362 φιλάνθρωπον,
3210 1291 3411 1362 μᾶλλον
3465 1291 3563 1360 μέν
3615 1286 3714 1343 οὖν

2125 1379 2310 1450 ἔργοις
2377 1382 2849 1452 ἐπιδεικνυμένου,
2891 1382 2967 1452 τῷ
3006 1382 3298 1444 τοσούτους
3345 1381 3713 1452 δοριαλώτους

2123 1474 2235 1534 τοῖς
2296 1471 2537 1542 Πέρσαις
2589 1473 2785 1535 αὐτοὺς
2841 1475 3257 1541 ἐπαναγαγεῖν),
3315 1471 3520 1526 τούτων
3555 1473 3715 1524 ἐλπι-

2124 1562 2323 1626 ζόντων
2353 1579 2417 1629 γε
2453 1562 2635 1615 αὐτῶν
2661 1562 2901 1631 κυρῆσαι
2939 1562 3351 1633 ἀναμφιϐόλως,
3402 1564 3459 1622 ἐς
3498 1563 3716 1615 τούναν-

2122 1654 2234 1704 τίον
2293 1651 2490 1722 ξυνέϐη
2538 1654 2708 1706 ἅπαν.
2748 1653 2969 1719 Πρῶτον
3032 1654 3129 1723 μὲν
3189 1651 3298 1722 γὰρ
3349 1651 3489 1705 κατὰ
3547 1653 3714 1720 μέσον

2122 1744 2224 1812 τῆς
2283 1744 2594 1816 ὁδοιπορίας
2651 1744 2760 1797 τῶν
2789 1762 2874 1807 τις
2903 1745 3054 1814 παρὰ
3105 1745 3346 1812 Πέρσαις
3395 1747 3506 1807 τοῖς
3553 1745 3712 1816 βασιο

2128 1833 2297 1896 λικοῖς
2347 1851 2404 1885 τε
2436 1835 2528 1885 καὶ
2561 1834 2843 1903 δημοσίοις
2893 1836 3216 1906 πράγμασιν
3271 1833 3716 1906 ἐξυπηρετουμέ-

2127 1942 2232 1978 νων
2276 1924 2410 1993 (οὓς,
2457 1924 2512 1977 εἴ
2542 1943 2619 1988 τις
2654 1929 2719 1996 τῇ
2756 1927 3005 1980 Λατίνων
3061 1929 3322 1999 χρήσοιτο
3367 1932 3540 1998 φωνῇ,
3573 1929 3714 1998 άσηο

2127 2017 2321 2089 κρῆτίς
2363 2034 2423 2068 τε
2445 2017 2491 2049 9⁸
2542 2018 3090 2089 προσαγορεύσειεν),
3152 2019 3492 2081 ὑπαντιάσας
3546 2019 3715 2089 ἤρετο

2129 2111 2267 2177 σφᾶς
2299 2110 2326 2162 ὂ
2349 2127 2401 2160 τι
2432 2108 2708 2179 βούλοιντό
2756 2128 2815 2163 τε
2848 2112 2941 2163 καὶ
2972 2113 3000 2164 ὅ
3047 2129 3100 2163 τι
3140 2112 3347 2180 ἦκοιεν,
3383 2113 3478 2164 καὶ
3519 2112 3715 2164 ὁποίαν

2127 2201 2516 2270 ἀποκομίζοιεν
2551 2202 2837 2271 ἀγγελίαν.
2889 2202 3050 2254 Ἀλλὰ
3083 2201 3259 2271 τούτῳ
3296 2204 3393 2272 μέν
3415 2204 3530 2270 οἶγε
3567 2204 3714 2272 ἀμφὶ

2126 2297 2404 2367 Ζαχαρίαν
2433 2315 2491 2350 τε
2521 2299 2616 2350 καὶ
2650 2298 2926 2369 Θεόδωρον
2958 2292 3062 2351 ὧδε
3115 2301 3501 2370 ἀπεκρίναντο,
3529 2299 3604 2364 ὡς
3648 2301 3716 2353 τὰ

2124 2387 2304 2441 τοιάδε
2330 2389 2407 2456 τῷ
2433 2391 2582 2457 παρὰ
2612 2388 2854 2458 Πέρσαις
2890 2389 3175 2460 μαγίστρῳ
3194 2389 3360 2449 (καθὰ
3398 2389 3588 2444 τοῦτον
3613 2409 3719 2443 κα-

2125 2477 2280 2530 λοῦσι
2323 2479 2607 2548 Ῥωμαῖοι)
2644 2480 2860 2548 ῥητέον,
2896 2482 2990 2532 καὶ
3045 2481 3163 2550 οὐχὶ
3207 2481 3373 2551 αὐτῷ.
3403 2481 3590 2534 Ταῦτα
3635 2483 3717 2533 εξ-

2127 2570 2324 2631 πόντες
2376 2571 2588 2639 εἴχοντο
2628 2571 2726 2638 τῆς
2761 2570 2903 2624 ὁδοῦ.
2950 2570 3038 2635 Ἐξ
3087 2573 3296 2624 ἐκείνου
3344 2568 3480 2643 ἧκεν
3528 2572 3717 2642 ἕτερός

2125 2675 2210 2721 τις
2231 2660 2300 2710 ἐκ
2332 2659 2583 2729 Περσῶν,
2612 2659 2668 2723 ὃς
2707 2660 2892 2730 ἔτριϐε
2918 2659 3013 2729 τὴν
3042 2661 3354 2732 ὁδοιπορίαν
3383 2663 3567 2724 αὐτοῖς
3619 2662 3720 2716 καί

2126 2746 2442 2817 διαμέλλειν
2485 2748 2679 2812 ἐποίει,
2713 2748 3046 2819 βραδυτῆτος
3097 2749 3381 2821 χρώμενος
3419 2753 3712 2816 ἐπινοίαις,

2130 2837 2274 2891 ἱέναι
2301 2857 2359 2892 τε
2411 2841 2468 2902 ἐς
2517 2840 2587 2893 τὰ
2639 2843 2828 2912 πρόσω
2866 2841 2941 2912 μὴ
2991 2843 3311 2913 συγχωρῶν.
3348 2843 3619 2913 Σταθμοῖς
3655 2860 3717 2896 τε

2128 2930 2241 3000 γὰρ
2273 2931 2683 3002 πλησιαιτέροις
2703 2932 2796 2986 καὶ
2821 2933 3213 3002 παρασάγγαις
3251 2933 3454 3001 ὀλίγοις
3483 2935 3708 3004 ἐχρῆτο,

2125 3019 2316 3074 ἄλλοτε
2346 3021 2542 3086 ἄλλους
2562 3022 2776 3094 χώρους
2811 3025 3125 3096 περιφέρων
3151 3042 3207 3077 τε
3239 3028 3334 3079 καὶ
3365 3026 3717 3088 ἁποπλανῶν,

444 3119 499 3162 et
525 3110 575 3163 in
601 3123 667 3163 eo
691 3123 753 3164 se
783 3108 894 3162 illis
927 3107 1064 3164 male
1092 3121 1291 3178 cupere
1320 3109 1452 3162 satis
1476 3107 1770 3162 indicabat.
1802 3108 2014 3164 Etenim

2126 3112 2234 3165 κάκ
2277 3113 2472 3166 τούτου
2536 3115 2606 3167 τὰ
2651 3115 2889 3168 κάκιστά
2941 3133 3094 3184 σφισι
3119 3117 3165 3148 ’⁸
3223 3117 3552 3186 προεδήλου,
3617 3119 3718 3171 καὶ

447 3217 545 3258 eos
588 3199 735 3258 nulla
785 3202 1116 3255 humanitate
1151 3200 1382 3266 colebat,
1427 3211 1481 3255 ct
1519 3201 1661 3256 nulla
1690 3201 1869 3258 habita
1929 3218 2018 3256 ra-

451 3294 598 3350 tione
655 3291 1035 3360 observantize,
1089 3307 1208 3361 qua:
1254 3291 1444 3362 legatis
1493 3293 1760 3358 debetur,
1807 3293 2014 3347 viarum

444 3385 727 3441 erroribus
755 3383 1036 3454 fatigabat.
1063 3382 1130 3438 Et
1150 3383 1201 3438 id
1233 3383 1451 3454 quidem
1489 3382 1670 3439 Persae
1699 3385 1819 3437 data
1851 3398 2015 3453 opera

441 3489 494 3534 et
528 3477 900 3550 prmmeditato
937 3474 1165 3531 consilio
1187 3473 1480 3541 faciebant,
1509 3490 1616 3544 quo
1644 3475 1853 3546 legatos
1902 3490 2018 3530 mo-

445 3577 714 3632 rarentur,
751 3579 807 3622 et
845 3581 1004 3636 quam
1030 3565 1338 3622 diutissime
1374 3565 1700 3633 detinerent,
1759 3575 1815 3620 ut
1846 3565 2019 3619 maxi.

441 3675 589 3716 mum
643 3661 847 3714 interea
909 3657 1030 3713 belli
1062 3663 1380 3726 apparatum
1422 3655 1686 3722 facerent,
1733 3665 1790 3712 et
1833 3656 2020 3725 copias

440 3750 695 3806 frumenti
736 3751 803 3804 ad
830 3749 1079 3820 quamvis
1107 3747 1449 3804 necessitatis
1477 3748 1818 3804 occasionem
1848 3763 2022 3816 para-

441 3857 526 3903 tas
571 3847 624 3899 in
651 3845 877 3900 urbibus
899 3841 1072 3897 Nisibi
1119 3851 1175 3897 et
1203 3840 1372 3896 Daras
1426 3850 1802 3910 congererent,
1859 3850 2025 3909 atque

440 3935 605 3991 etiam
641 3936 781 3990 ultra
813 3933 1015 4004 Tigrim
1052 3947 1266 3987 amnem
1293 3931 1519 3987 castella
1548 3930 1876 3985 necessariis
1914 3945 1980 3985 co
2007 3961 2023 3971 -

442 4032 548 4102 piis
605 4029 944 4100 implerent;
997 4027 1125 4098 quia
1171 4025 1392 4081 locusta:
1442 4027 1496 4078 in
1557 4025 1665 4078 illis
1713 4025 2024 4093 regionibus

443 4136 636 4176 omnes
665 4134 918 4189 agrorum
959 4117 1140 4185 fruges
1166 4123 1637 4182 consumpserant,
1667 4123 1721 4167 et
1765 4113 2025 4183 proximis

443 4212 815 4265 Romanorum
866 4204 1272 4261 incursionibus
1325 4206 1438 4275 agri
1485 4204 1710 4258 desolati
1767 4219 2025 4274 perman-

441 4313 650 4359 serant.
683 4301 872 4376 Itaque
901 4297 1254 4352 acerbissima
1289 4297 1460 4351 fames
1499 4296 1760 4362 instabat,
1796 4309 2026 4364 praeser-

445 4392 539 4446 tim
585 4408 707 4445 cum
733 4405 826 4444 rex
859 4387 1147 4442 Persarum
1193 4388 1260 4441 ad
1294 4401 1456 4457 grave
1478 4385 1674 4440 bellum
1720 4386 2023 4454 suscipien-

2125 3205 2335 3258 ἐδείκνυ
2370 3207 2433 3276 τῇ
2469 3207 2597 3278 περὶ
2630 3207 2728 3277 τὴν
2757 3206 3065 3278 ὁδοιπορίαν
3095 3207 3271 3278 πλάνῃ
3300 3209 3452 3261 οὐδέν
3484 3227 3536 3260 τι
3567 3207 3720 3276 φιλο-

2120 3297 2396 3369 φροσύνης
2429 3298 2748 3369 ἐχόμενονῆ
2790 3299 2885 3369 τῆς
2930 3299 3316 3370 προσηκούσης
3357 3300 3542 3361 αἰδοῦς
3579 3301 3719 3370 πρέο

2122 3387 2329 3442 σϐεσιν.
2357 3383 2466 3442 Ἦν
2495 3388 2551 3441 δέ
2587 3387 2650 3440 τὸ
2690 3389 3086 3459 πραττόμενον.
3115 3391 3174 3456 ἐξ
3207 3392 3500 3461 ἐπιϐουλῆς
3530 3408 3588 3442 τε
3621 3393 3720 3444 καὶ

2118 3479 2377 3550 μελέτης,
2401 3478 2547 3532 ὥστε
2581 3480 2827 3548 ἐπισχεῖν
2869 3497 3010 3549 σφας
3037 3481 3160 3533 ὅσον
3189 3481 3258 3534 ἂν
3296 3481 3486 3552 χρόνον
3512 3477 3614 3534 οἷοί
3654 3499 3720 3534 τε

2120 3563 2276 3632 ὦσιν,
2300 3571 2356 3622 ἐν
2391 3569 2566 3640 τούτῳ
2594 3569 2693 3641 τὴν
2732 3568 2874 3622 κατὰ
2919 3568 3153 3640 δύναμιν
3189 3571 3586 3640 ποιησομένους
3611 3570 3716 3623 τοῦ

2123 3659 2362 3730 πολέμου
2387 3659 2767 3730 παρασκευὴν,
2804 3659 2871 3712 τὰ
2903 3659 3186 3728 ἐπιτήδειά
3224 3679 3282 3713 τε
3319 3660 3713 3731 συναθροίζονο

2121 3769 2221 3815 τας
2259 3751 2714 3821 ἀποτεθησόμενα
2731 3752 2780 3783 ’⁷
2818 3750 2961 3805 κατὰ
3007 3750 3072 3821 δὴ
3117 3741 3326 3804 τὸέὄσον
3353 3751 3509 3803 οῦπω
3536 3752 3716 3819 ἀναγ-

2125 3847 2286 3900 καῖον
2313 3847 2371 3908 ἐς
2402 3845 2624 3898 Νίσιϐίν
2650 3861 2708 3898 τε
2741 3843 2837 3897 καὶ
2855 3843 2916 3898 τὸ
2943 3844 3123 3914 Δάρας
3153 3844 3253 3907 τὰς
3287 3843 3495 3908 πόλεις,
3523 3842 3606 3895 ἔτι
3647 3860 3716 3909 γε

2128 3938 2235 4008 μὴν
2268 3939 2364 3990 καὶ
2393 3936 2462 3990 τὰ
2496 3937 2673 4006 πέραν
2696 3935 2791 3988 τοῦ
2814 3935 3070 4006 Τίγριδος
3095 3935 3342 4004 ποταμοῦ
3368 3935 3465 3988 καὶ
3488 3933 3559 3986 τὰ
3583 3934 3713 4004 τῇδε

2131 4027 2370 4099 φρούρια
2421 4025 2668 4080 ἀνάπλεα
2705 4025 2898 4079 θέσθαι
2928 4025 3038 4078 τῶν
3068 4024 3367 4093 ἐδωδίμων,
3395 4025 3470 4088 ὡς
3497 4025 3712 4094 ἀκρίδος

2125 4119 2272 4172 οὕτω
2304 4118 2518 4189 ξυμϐάν
2543 4116 3070 4188 καταδηλησαμένης
3091 4117 3217 4179 τοὺς
3238 4115 3421 4187 ἐκείνῃ
3448 4116 3704 4186 καρποὺς,

2128 4212 2228 4264 καὶ
2259 4210 2378 4281 ἄμα
2407 4209 2810 4280 ἐρημωθέντων
2853 4207 2998 4260 κατὰ
3027 4209 3127 4276 τὴν
3152 4206 3535 4276 προλαϐοῦσαν
3577 4206 3713 4261 Ῥω-

2132 4302 2309 4372 μαίων
2338 4299 2642 4369 ἐπιδρομὴν
2674 4297 2932 4350 ἁπάντων
2963 4297 3070 4349 τῶν
3093 4299 3236 4351 κατὰ
3267 4298 3440 4350 ταῦτα
3474 4297 3715 4367 χωρίων,

2128 4388 2290 4458 λιμοῦ
2315 4405 2377 4440 τε
2409 4387 2776 4458 σφοδροτάτου
2806 4389 2919 4449 τοῖς
2942 4388 3121 4439 ἐκεῖσε
3151 4388 3545 4456 ἐνσκήψαντος,
3580 4389 3719 4458 πρὸς

443 4486 568 4537 dum
624 4482 892 4538 exercitus
951 4489 1186 4549 pararet.
1246 4481 1378 4536 Cum
1432 4480 1607 4534 Persae
1649 4479 1751 4535 hoc
1805 4481 2017 4536 consilii

2129 4479 2190 4533 δέ
2210 4497 2274 4548 γε
2297 4479 2380 4547 ἐφ’
2409 4472 2452 4546 ᾧ
2477 4479 2571 4531 καὶ
2605 4479 3055 4548 στρατολογῆσαι,
3079 4478 3174 4530 ἆτε
3191 4479 3238 4518 ⁸⁸
3263 4479 3392 4531 πολε
3401 4495 3537 4548 μησε
3547 4480 3718 4541 ίοντος

444 4575 739 4646 cepissent,
786 4575 874 4628 vix
907 4583 1026 4646 post
1066 4574 1264 4628 multos
1309 4572 1425 4626 dies
1458 4573 1785 4642 permissum
1828 4583 1912 4628 est
1941 4573 2021 4630 le-

444 4670 606 4738 gatis,
659 4668 713 4722 in
751 4667 955 4736 regiam
981 4667 1170 4737 pedem
1214 4665 1440 4721 inferre.
1495 4663 1563 4718 Et
1621 4666 1851 4734 primum
1899 4665 2023 4732 qui-

444 4764 592 4825 dem,
626 4772 685 4814 ut
710 4761 878 4814 moris
901 4769 1004 4823 est,
1030 4770 1159 4815 sunt
1178 4759 1429 4818 convivio
1471 4759 1704 4827 excepti,
1725 4771 1832 4826 quo
1850 4755 2020 4822 facto,

445 4860 733 4920 postquam
789 4849 1000 4903 litteras
1050 4847 1118 4902 ab
1158 4849 1486 4916 imperatore
1544 4845 1916 4908 tradidissent,
1969 4856 2024 4900 et

445 4943 689 5011 captivos
740 4939 1121 5004 reddidissent,
1154 4953 1280 4994 cum
1326 4951 1422 4993 eos
1449 4933 1632 5007 Persae
1686 4936 1830 4990 nullo
1886 4937 2024 4991 libe-

445 5035 543 5090 rali
579 5045 627 5090 ct
681 5035 915 5102 benigno
936 5045 1191 5088 sermone
1248 5029 1452 5100 dignati
1487 5038 1692 5096 essent,
1748 5029 2020 5084 discesse-

445 5144 590 5183 runt.
633 5127 902 5183 Postridie
935 5124 1070 5180 aula:
1103 5122 1245 5192 apud
1274 5120 1474 5176 Persas
1501 5121 1790 5190 praefectus
1817 5129 1874 5175 et
1891 5121 2018 5177 Me-

446 5221 612 5276 hodes
675 5235 770 5275 eos
814 5218 1337 5284 'interropverunt,
1406 5227 1528 5285 quae
1581 5221 1730 5268 esset
1775 5213 2016 5280 ipsorum

444 5311 731 5384 legationis
770 5320 1029 5382 potestas.
1079 5306 1216 5362 Cum
1277 5307 1436 5373 legati
1485 5304 1910 5375 respondissent,
1940 5320 2021 5368 se,

447 5413 505 5455 ut
534 5403 600 5457 de
654 5419 785 5473 pace
824 5409 1068 5472 agerent,
1117 5398 1350 5462 venisse,
1397 5395 1572 5450 nullos
1623 5397 1690 5450 de
1714 5410 1779 5451 ea
1803 5411 1864 5450 re
1910 5411 2028 5449 ser-

447 5509 637 5549 mones
706 5493 883 5550 Persa:
929 5492 1330 5554 admiserunt,
1401 5488 1534 5542 nihil
1596 5487 1864 5557 ejusmodi
1927 5487 2027 5540 sibi

2133 4573 2194 4635 ἐς
2221 4573 2284 4625 τὸ
2313 4569 2580 4642 ἐμϐριθὲς
2609 4569 2704 4622 τοῦ
2733 4570 2995 4640 βασιλέως
3023 4569 3270 4641 Περσῶν.
3297 4571 3448 4623 Ἐπεὶ
3473 4571 3720 4623 δὲταῦτα

2129 4664 2316 4726 αὐτοῖς
2341 4659 2714 4724 ἐϐεϐούλευτο,
2742 4662 2894 4731 μόλις
2909 4661 3049 4731 μετὰ
3073 4660 3328 4724 πλείστας
3348 4661 3720 4731 ὃσαςὴμέρας

2130 4755 2287 4825 ἐδόθη
2315 4755 2428 4817 τοῖς
2465 4753 2762 4823 πρέσϐεσιν
2791 4755 2848 4816 ἐς
2877 4755 2946 4806 τὰ
2973 4753 3219 4824 βασίλεια
3240 4753 3583 4822 somnium.
3607 4754 3718 4806 Καὶ

2126 4847 2198 4900 τὰ
2217 4847 2318 4917 μὲν
2349 4846 2564 4916 πρῶτα,
2587 4845 2737 4900 καθὰ
2763 4847 2832 4916 τῇ
2872 4845 3130 4916 συνηθείᾳ
3164 4845 3362 4911 ἐδόκει,
3389 4845 3717 4915 θοινησάμε-

2129 4955 2210 4993 νοι
2239 4940 2332 4992 καὶ
2355 4939 2416 4992 τὸ
2437 4940 2502 4992 ἐκ
2531 4937 2797 5008 βασιλέως
2845 4937 3081 5008 γράμμα
3111 4938 3535 5006 ἐγχειρίσαντες,
3579 4937 3718 5004 πρός

2130 5048 2193 5099 γε
2263 5033 2358 5084 καὶ
2435 5030 2565 5092 τοὺς
2612 5027 2974 5098 δοριαλώτους
3023 5027 3428 5089 ἀποδεδωκότες
3451 5065 3468 5087 ,
3502 5023 3716 5077 ἐνθένδε

2126 5121 2509 5193 ἀνεχώρησαν,
2527 5117 2931 5190 φιλοφροσύνης
2949 5117 3118 5188 μηδὲν
3127 5115 3309 5170 ὁτιοῦν
3328 5117 3625 5186 εὑρηκότες
3641 5115 3714 5176 ⁹⁹,

2115 5215 2206 5284 ’Τῇ
2235 5214 2295 5267 δέ
2325 5211 2591 5284 ὑστεραίᾳ
2621 5212 2652 5262 ὁ
2679 5209 2830 5280 παρὰ
2873 5210 3111 5280 Πέρσαις
3154 5209 3251 5276 τῆς
3290 5207 3458 5277 αὐλῆς
3484 5203 3716 5277 ἡγεμὼν

2128 5305 2225 5358 καὶ
2251 5303 2520 5373 Μεϐὡδης
2561 5299 2969 5368 amomum
3011 5299 3109 5369 τὴν
3149 5299 3384 5368 δύναμιν
3426 5299 3528 5367 τῆς
3574 5314 3714 5366 πρε-

2132 5386 2338 5458 σϐείας.
2357 5394 2482 5448 Τῶν
2499 5393 2557 5447 δὲ
2586 5392 2870 5455 εἰπόντων,
2905 5391 2986 5443 δτι
3005 5390 3074 5461 δὴ
3111 5391 3240 5461 περὶ
3274 5391 3496 5460 είρήνης
3523 5390 3711 5460 ἥκοιεν

2135 5487 2626 5559 πρεσϐευσύμενοι,
2659 5483 2860 5538 αὐτίκα
2896 5482 2949 5534 οἵ
2971 5499 3032 5549 γε
3063 5482 3124 5535 ού
3152 5481 3223 5551 δὴ
3257 5483 3542 5551 προσίεντο
3578 5480 3711 5542 τοὺς

1728 5611 1964 5666 νΑιιιιΕ
2025 5610 2432 5668 LECTIONES.

521 5712 566 5784 ξ’
592 5711 880 5784 τεύξασθαι
906 5714 1052 5784 vuig.

1129 5712 1175 5743 ’ί
1200 5711 1412 5772 οὐδενὸς
1441 5709 1585 5777 conj.
1609 5708 1672 5764 N.
1750 5712 1794 5742 ³³
1834 5727 1892 5762 τε
1923 5711 2026 5763 del.
2068 5709 2131 5763 N.
2212 5711 2256 5740 "
2293 5707 2526 5762 κάκιστά
2556 5720 2704 5777 σφισι
2857 5699 3070 5777 Δκέικιξωι
3113 5697 3426 5777 1t_{fio:_cod.‘
3497 5699 3541 5728 ⁹⁷
3569 5699 3706 5777 ἀπο-

457 5767 812 5849 τιθεισόμενα
837 5783 979 5851 vulg.
1001 5767 1031 5784 ν
1056 5781 1101 5813 ⁸⁸
1134 5781 1228 5835 an
1269 5767 1720 5849 πολέμησείοντος
1754 5778 1842 5845 IL,
1882 5783 1975 5850 ἥτε
2006 5781 2302 5849 πολεμήσει
2342 5779 2492 5839 ὄντος
2521 5767 2662 5842 vuig.
2739 5772 2783 5803 θ’
2818 5769 3108 5840 εὑρηκότες
3142 5768 3206 5830 Νι
3235 5767 3520 5838 εἰρηκότες
3551 5769 3703 5839 “IIS.
