4096 6418
455 374 560 436 919

1342 379 1735 437 EXCEHPTA
1769 379 1866 436 EX
1903 379 2325 438 MENANDRU
2367 363 2851 442 plid'rscrouu

2445 210 2474 236 Ο

3599 389 3710 451 920

453 488 739 550 ducebant,
779 486 948 540 donec
1001 485 1183 539 multis
1221 487 1478 540 zerumnis
1508 486 1822 554 conﬂictati,
1854 489 1924 541 ita
1975 496 2034 541 ut

2145 491 2348 558 ἡμέρας
2377 492 2495 543 ὁδόν
2527 509 2666 560 σφας
2697 495 3000 562 ἀγαγόντες
3031 497 3122 549 ἐπὶ
3158 498 3227 550 τὰ
3256 500 3462 570 πρόσω,
3505 505 3566 574 τῇ
3606 506 3707 573 ἐφ-

453 587 678 646 uterque
709 577 763 630 in
793 577 1173 645 gravissimum
1199 577 1446 631 morbum
1483 577 1766 643 incideret,
1807 579 2025 632 tandem

451 666 673 722 Perside
703 677 1073 723 excesserunt.
1108 667 1278 734 Cujus
1302 666 1377 720 rei
1406 667 1631 724 nuntius
1690 669 1844 738 171
1904 682 2028 722 cum

453 759 520 811 ad
545 759 922 827 imperatorem
951 757 1258 823 alTerretur,
1284 767 1335 811 et
1367 767 1564 827 praeter
1592 772 1806 812 omnem
1841 773 2031 829 exspe-

455 849 743 904 ctationem
766 847 1133 902 illi'accideret
1153 847 1279 912 (nou
1308 846 1450 900 enim
1469 846 1888 909 existimaverat,
1904 862 2027 901 cum

457 940 686 995 Romani
739 941 808 994 ita
851 939 1040 994 faciles
1088 946 1144 994 et
1187 937 1497 994 moderatos
1529 952 1588 993 se
1649 939 2028 1007 prabuissent,

457 1035 592 1098 fore,
629 1041 688 1088 ut
711 1031 892 1086 Persae
913 1047 942 1086 a
974 1045 1104 1101 pace
1133 1029 1538 1098 abhorrerent),
1562 1029 1686 1096 jure
1725 1039 1783 1084 et
1834 1029 2029 1086 merito

455 1125 715 1179 Mauricio
775 1123 1050 1192 prmcepit,
1082 1131 1142 1176 ut
1194 1121 1402 1177 bellum
1427 1129 1651 1176 strenuo
1679 1129 1918 1190 pararet,
1973 1130 2029 1176 et

453 1228 646 1272 cmtera
683 1217 864 1272 omnia
889 1215 959 1271 ita
985 1216 1237 1280 instituit,
1272 1223 1333 1269 ut
1354 1213 1501 1268 omni
1528 1213 1690 1268 modo
1712 1213 1826 1268 suis
1867 1215 2028 1268 rebus

453 1308 774 1364 consuleret.
795 1307 979 1376 Neque
1009 1322 1139 1362 vero
1166 1307 1438 1362 exercitus
1465 1305 1642 1375 quoad
1668 1313 1860 1358 caetera
1886 1303 2028 1357 male

454 1401 704 1457 habebat.
729 1401 1008 1470 Stipendia
1042 1400 1186 1454 enim
1223 1382 1490 1468 persoluta
1529 1397 1762 1452 fuerant.

2134 579 2260 650 εξῆς
2287 581 2355 633 δι’
2377 583 2568 652 ἐτέρας
2589 586 2841 654 ἀτραποῦ
2874 589 2930 650 ἐς
2952 587 3256 658 τοῦμπαλιν
3284 593 3576 663 ἐπανῆγον,
3603 596 3708 660 ἕως

2137 671 2350 724 πολλῶν
2397 673 2637 743 ἀνιαρῶν
2693 675 2892 738 αὐτοὺς
2949 677 3362 748 ἀναπλήσαντες
3387 681 3450 747 ¹⁸,
3489 682 3562 746 ὡς
3612 685 3709 736 καὶ

2137 762 2396 832 ἐκάτερον
2430 764 2624 834 ἀμέλει
2651 766 2793 835 νόσῳ
2819 766 3095 840 βαρυτάτῃ
3132 773 3471 841 περιπεσεῖν,
3501 773 3710 844 ἐξὼθη-

2139 852 2300 904 σαν⁸³
2345 854 2446 923 τῆς
2510 853 2754 924 Περσῶν.
2830 857 3195 929 Ἀφικομένης
3243 859 3301 912 δὲ
3359 863 3560 930 ταύτης
3609 864 3712 930 τῆς

2135 941 2398 1010 ἀγγελίας
2457 945 2609 1015 παρά
2668 945 2894 1015 βασιλέα
2939 947 3229 1017 Ῥωμαίων
3281 952 3375 1004 καὶ
3419 953 3570 1023 παρά
3610 953 3711 1024 τὴν

2136 1037 2354 1089 πάντων
2390 1035 2581 1090 ἐλπίδα
2604 1039 3023 1110 προσπεσούσης
3049 1041 3130 1109 (οὐ
3163 1042 3272 1112 γὰρ
3305 1041 3459 1112 ᾠήθη
3491 1042 3711 1097 πώποτε

2136 1120 2354 1190 Πέρσας
2382 1121 2474 1173 ἐπὶ
2506 1125 2762 1192 σμικροῖς
2793 1123 2936 1176 οὕτω
2965 1125 3061 1178 καὶ
3095 1125 3214 1178 λίαν
3249 1127 3582 1197 συμμέτροις
3610 1128 3712 1199 τὴν

2135 1212 2360 1282 εἰρήνην
2415 1212 2491 1282 μὴ
2538 1213 2988 1286 προσδέξασθαι),
3029 1215 3322 1288 Μαυρικίῳ
3352 1219 3452 1288 μὲν
3485 1221 3712 1284 εἰκότως

2137 1301 2434 1371 ἐσήμαινεν
2487 1301 2708 1372 ἔχεσθαι
2753 1304 2849 1358 τοῦ
2880 1306 3119 1375 πολέμου
3153 1309 3300 1362 κατὰ
3347 1309 3438 1361 τὸν
3487 1326 3712 1379 προχωο

2141 1393 2340 1462 ροῦντα
2411 1395 2613 1464 τρόπον
2641 1434 2656 1460 ,
2707 1397 2804 1449 καὶ
2857 1398 2928 1450 τὰ
2987 1397 3122 1452 ἄλλα
3183 1400 3574 1470 περιεσκόπει,
3635 1400 3713 1464 ὡς

458 1492 527 1544 ἂν
569 1489 833 1560 ἀμηγέπη
862 1485 974 1551 οἷός
1013 1504 1072 1540 τε
1103 1489 1280 1541 ἔσοιτο
1328 1484 1592 1556 βοηθῆσαι
1625 1487 1749 1547 ’τοῖς
1795 1487 2140 1553 πράγμασιν.
2172 1487 2232 1536 Οἱ
2253 1486 2297 1516 ¹⁸
2328 1486 2383 1538 δέ
2409 1485 2476 1537 τά
2513 1487 2610 1554 μὲν
2637 1487 2773 1540 ἄλλα
2799 1489 2897 1542 οὐκ
2918 1485 3030 1558 εἶχε
3061 1489 3248 1553 κακῶς
3273 1491 3332 1544 τὸ
3362 1493 3670 1562 στράτευμα
3693 1536 3709 1550 ,

453 1582 545 1631 καὶ
579 1579 686 1649 γὰρ
716 1578 817 1650 τὴν
851 1577 1112 1648 διανομὴν
1143 1575 1253 1628 τῶν
1283 1575 1580 1646 χρημάτων
1642 1572 1957 1642 ἐπεποίητο.

521 1672 610 1726 ‘20.
642 1673 728 1742 (Α.
753 1670 817 1726 C.
843 1671 965 1737 581,
987 1671 1098 1725 ind.
1126 1667 1215 1734 14,
1237 1669 1418 1725 Tiber.
1445 1670 1522 1737 4.)
1557 1668 1806 1722 Tiberius
1835 1668 2028 1723 bellum

2205 1667 2271 1720 κ’.
2301 1669 2425 1721 ’Ότι
2472 1661 2913 1739 παρεσκευάζετό
2962 1673 2991 1726 ό
3023 1672 3276 1742 Τιϐέριος
3321 1673 3571 1728 διαλῦσαι
3620 1676 3714 1728 τὸν

455 1777 643 1821 contra
683 1763 878 1820 Persas
912 1764 1066 1818 linire
1097 1764 1151 1816 in
1181 1761 1363 1816 animo
1394 1762 1654 1816 habebat.
1691 1759 1894 1828 itaque,
1925 1761 2027 1814 hoc

457 1854 684 1909 consilio
735 1863 916 1923 capto,
958 1853 1152 1908 iterum
1181 1851 1502 1907 Zachariam
1557 1851 1742 1921 elegit,
1775 1864 1936 1918 quem
1963 1849 2026 1902 ad

459 1944 656 1997 limites
689 1941 1054 1996 Romanorum
1086 1951 1140 1997 et
1170 1941 1454 1997 Persarum
1491 1940 1716 2010 legaret.
1741 1937 1858 1992 Jam
1885 1939 2025 1994 enim

457 2047 509 2088 et
545 2023 927 2103 saepius'antea
955 2031 1072 2102 ejus
1103 2047 1265 2103 opera
1292 2032 1344 2086 in
1378 2032 1684 2100 hujusmodi
1712 2033 1876 2086 rebus
1899 2045 2029 2085 usus

462 2102 654 2180 fuerat.
724 2123 772 2180 Is
815 2140 940 2180 cum
995 2102 1323 2190 advenisset,
1372 2139 1583 2194 quaque
1636 2125 1701 2178 de
1739 2137 1900 2178 causa
1964 2123 2031 2176 ad

460 2218 650 2271 Persas
682 2213 956 2284 profectus
988 2224 1149 2280 esset,
1181 2213 1542 2282 exposuisset,
1569 2212 1686 2282 ipse
1717 2213 1768 2267 in
1793 2213 1857 2266 iis
1889 2213 2026 2267 locis

460 2311 732 2376 manebat,
783 2321 836 2365 et
871 2309 1155 2365 Persarum
1211 2323 1302 2364 rex
1342 2307 1584 2378 Andigan
1614 2308 1801 2361 eodem
1844 2307 2028 2360 mittit.

462 2403 560 2458 llic
597 2404 678 2457 vir
715 2412 833 2458 erat
885 2401 1174 2457 admodum
1206 2400 1464 2472 prudens,
1499 2409 1552 2455 et
1593 2398 1882 2454 multorum
1935 2414 2032 2453 ne-

459 2495 728 2564 gotiorum
781 2494 1162 2565 peritissimus,
1220 2494 1342 2563 quia
1395 2493 1708 2548 diuturnum
1774 2491 2032 2560 temporis

459 2588 692 2654 spatium
727 2586 866 2657 (erat
915 2585 1060 2641 enim
1088 2591 1248 2639 aetate
1289 2583 1446 2653 longe
1494 2580 1808 2652 provectus)
1874 2593 2031 2634 sene~

459 2689 606 2734 ctute
637 2680 749 2748 ipsa
772 2677 1096 2748 sapientiam
1117 2676 1232 2747 ejus
1251 2675 1579 2729 ﬁrmaverat.
1609 2671 1900 2742 Postquam
1937 2685 2034 2724 au-

461 2780 564 2823 tem
597 2768 663 2822 ad
697 2767 862 2823 Daras
891 2772 1285 2830 convenerunt,
1319 2774 1376 2818 et
1405 2778 1526 2819 cum
1559 2763 1644 2817 bis
1676 2761 1892 2816 urbium
1921 2769 2030 2814 tam

461 2875 646 2914 carum
721 2874 842 2929 quae
910 2858 1189 2922 Romanis,
1230 2870 1390 2926 quam
1437 2869 1625 2911 earum
1679 2869 1800 2924 quae
1855 2851 2036 2907 Persis

462 2950 742 3020 parebant,
775 2949 1020 3018 primarii
1041 2947 1142 3002 viri
1172 2964 1186 3001 :
1219 2947 1434 3014 utrique
1465 2946 1518 3000 in
1551 2959 1615 3000 ea
1649 2942 2031 3014 disquisitione

463 3044 663 3097 versati
724 3052 870 3107 sunt,
912 3041 1179 3112 quomodo
1226 3039 1364 3095 bello
1417 3039 1540 3093 linis
1589 3036 1791 3106 imponi
1831 3042 2034 3105 posset.

465 3135 599 3200 ille,
637 3131 728 3202 qui
770 3132 1064 3186 confinium
1124 3139 1405 3202 protector
1459 3137 1578 3185 erat
1639 3127 1742 3200 (sic
1807 3124 2036 3180 Romani

463 3240 586 3280 cum
632 3223 932 3294 appellant,
987 3223 1078 3293 qui
1118 3223 1186 3278 ad
1241 3222 1556 3293 dignitatem
1599 3217 1844 3288 prmlecti
1903 3215 2038 3285 regii

462 3317 666 3373 electus
692 3320 818 3385 est),
851 3315 958 3377 ille,
996 3315 1237 3385 inquam,
1273 3315 1503 3370 tentoria
1553 3309 1908 3382 praeparanda
1943 3323 2036 3362 cu-

465 3409 603 3464 ravit
650 3409 778 3480 (hoc
828 3406 974 3463 enim
1025 3422 1221 3462 munus
1270 3413 1354 3462 est
1419 3405 1562 3460 illius
1619 3402 1969 3472 magistratus
2011 3415 2040 3452 a

466 3502 652 3572 primis
672 3502 796 3556 inde
829 3499 1214 3571 temporibus),
1251 3499 1352 3554 sub
1377 3497 1580 3566 quibus
1607 3496 1674 3551 ab
1701 3504 1933 3564 utraque
1964 3507 2044 3546 re.

465 3593 677 3668 publica
713 3591 862 3652 missi
899 3592 1256 3648 convenirent
1283 3600 1336 3644 et
1360 3588 1819 3658 colloquerentur.
1849 3583 2042 3653 Itaque

468 3687 588 3741 istic
618 3685 941 3756 praeparatis
969 3682 1308 3746 diversoriis,
1337 3696 1459 3736 cum
1495 3680 1547 3734 in
1577 3679 1683 3735 illis
1711 3678 1956 3748 Andigan
1990 3688 2045 3731 et

466 3777 762 3834 Zacharias
800 3786 855 3832 et
915 3775 1190 3846 principes
1241 3772 1538 3827 conﬁnium
1597 3770 1702 3825 viri
1758 3769 2040 3839 congressi

465 3879 646 3926 essent
700 3871 786 3939 (eo
810 3868 954 3923 enim
985 3866 1226 3936 Andigan
1251 3880 1319 3921 ex
1353 3863 1543 3928 Daras,
1572 3872 1627 3917 et
1654 3861 1949 3916 Zacharias
1979 3877 2042 3916 ex

469 3961 670 4016 Mardis
705 3959 900 4028 oppido
927 3957 1231 4026 venerant),
1285 3955 1473 4010 iisdem
1511 3968 1697 4008 rursus
1731 3951 2044 4006 rationibus

465 4056 555 4123 jus
585 4068 741 4107 suum
777 4050 845 4105 ab
877 4059 1104 4117 utraque
1136 4058 1290 4118 parte
1345 4044 1721 4107 defenderunt,
1753 4044 1952 4115 quibus
1992 4043 2044 4097 in

473 4143 842 4214 superioribus
880 4139 1164 4208 colloquiis
1221 4146 1378 4193 erant
1441 4137 1543 4191 usi.
1581 4134 1845 4190 Volebant
1902 4135 2044 4188 enim

474 4237 652 4292 Persa:
680 4248 710 4288 a
734 4233 902 4288 multo
941 4239 1182 4300 tempore
1211 4228 1488 4298 pecunias,
1531 4241 1670 4296 quas
1703 4225 1847 4280 soliti
1886 4235 2044 4280 erant

2133 1761 2269 1829 πρὸς
2317 1760 2531 1830 Πέρσας
2585 1761 2842 1832 πόλεμον.
2875 1763 3179 1835 Τοιγαροῦν
3225 1764 3396 1828 οὕτως
3441 1767 3714 1834 ἀρέσαντα

2135 1848 2363 1919 βασιλεῖ,
2392 1850 2620 1919 ἀφίησιν
2666 1852 2759 1904 ἐπὶ
2795 1851 2969 1922 τούτῳ
3021 1855 3297 1924 Ζαχαρίαν
3347 1858 3404 1908 ἐν
3433 1859 3546 1918 τοῖς
3580 1856 3714 1910 Ῥω-

2137 1939 2313 2010 μαίων
2339 1957 2396 1993 τε
2422 1941 2518 1995 καὶ
2551 1942 2776 2013 Περσῶν
2813 1943 3083 2013 μεθορίοις
3110 1947 3579 2017 πρεσϐευσόμενον
3617 1949 3717 2000 καὶ

2133 2027 2290 2094 αὖθις
2317 2049 2330 2064 ·
2358 2033 2416 2086 ὃν
2448 2033 2512 2104 δὴ
2541 2033 2637 2087 καὶ
2686 2035 2945 2098 πολλάκις
2980 2038 3072 2089 ἐπὶ
3100 2041 3221 2101 ταῖς
3245 2039 3528 2103 τοιαύταις
3570 2041 3717 2108 ἐχει-

2137 2126 2396 2195 ροτόνησε
2432 2127 2664 2196 χρείαις.
2707 2126 2769 2180 Ὀ
2815 2127 2870 2180 δὲ
2917 2128 3270 2198 ἀφικόμενος,
3303 2129 3397 2182 καὶ
3429 2130 3585 2197 δῆλον
3615 2148 3720 2184 κα-

2135 2218 2416 2287 ταστήσας
2475 2219 2560 2287 ἐφ’
2607 2209 2652 2285 ᾧ
2703 2218 3000 2289 ἐποιήσατο
3037 2220 3109 2282 ὡς
3138 2220 3355 2290 Πέρσας
3381 2220 3478 2290 τὴν
3508 2220 3717 2290 ἀψιξιν,

2135 2309 2163 2360 ὁ
2193 2310 2291 2378 μὲν
2314 2308 2560 2378 ὑπῆρχεν
2583 2309 2640 2361 ἐν
2657 2310 2892 2374 τούτοις,
2922 2309 3171 2381 βασιλεὺς
3186 2311 3242 2364 δὲ
3264 2313 3486 2383 Περσῶν
3508 2314 3721 2383 ἐκπέμ-

2137 2416 2229 2450 πει
2284 2399 2553 2466 ’Λνδίγαν.
2603 2391 2769 2462 Οὗτος
2802 2400 2858 2453 δὲ
2911 2402 3049 2472 ἀνὴρ
3097 2402 3240 2456 κατὰ
3291 2403 3546 2457 τοσοῦτον
3599 2405 3722 2473 ἐχέ-

2138 2507 2289 2562 φρων
2321 2508 2379 2543 τε
2410 2486 2478 2560 ἦν
2509 2491 2602 2544 καὶ
2635 2491 2922 2562 πράγμασι
2963 2493 3236 2556 πλείστοις
3262 2495 3549 2563 ὁμιλήσας,
3586 2495 3721 2547 καθ-

2138 2582 2320 2634 όσον¹³
2343 2597 2404 2633 τε
2433 2581 2580 2650 αὐτῷ
2616 2583 2707 2634 ἐπὶ
2739 2585 3077 2654 μακρότατον
3118 2583 3213 2638 καὶ
3263 2585 3330 2636 τὰ
3377 2584 3470 2637 τοῦ
3523 2587 3720 2657 χρόνου

2139 2672 2450 2739 ξυνέϐαινεν
2505 2673 2958 2742 ἐπισφραγίζοντι
3027 2675 3104 2746 τῷ
3153 2677 3297 2730 πάνυ
3353 2677 3608 2747 γηραλέῳ
3661 2677 3722 2728 τὸ

2141 2764 2407 2835 νουνεχές.
2445 2763 2661 2834 Ἐπειδὴ
2682 2765 2724 2796 ¹⁶
2755 2764 2812 2816 δὲ
2836 2765 3167 2836 συνηλθέτην
3196 2767 3362 2837 ἀγχοῦ
3387 2771 3486 2836 τῆς
3507 2767 3719 2829 πόλεως

2142 2855 2236 2908 τοῦ
2269 2857 2467 2926 Δάρας,
2505 2855 2599 2921 ξὺν
2631 2857 2744 2918 τοῖς
2770 2857 2864 2910 καὶ
2894 2859 2942 2909 oi
2970 2857 3075 2910 τῶν
3107 2859 3288 2929 ἐκείνη
3331 2858 3540 2910 πόλεων
3579 2857 3717 2910 Ῥω-

2146 2948 2319 3019 μαίων
2349 2965 2408 3000 τε
2443 2950 2537 3002 καὶ
2595 2947 2827 3018 Περσῶν
2879 2950 3169 3020 ἡγεμόνες,
3205 2951 3255 3003 οἱ
3303 2950 3402 3019 μὲν
3452 2950 3514 3020 δὴ
3561 2950 3726 3019 ἐξηρ-

2139 3039 2330 3092 τύοντο
2370 3039 2593 3094 ἔκαστοι
2625 3041 3106 3112 διαλεχθησόμενοι
3137 3041 3263 3113 περὶ
3294 3041 3388 3095 τοῦ
3427 3042 3572 3104 ὅπως
3602 3040 3724 3092 δέον

2145 3131 2482 3185 καταθέσθαι
2531 3131 2622 3185 τὸν
2675 3132 2942 3202 πόλεμον·
2975 3135 3002 3186 ὁ
3054 3133 3112 3185 δέ
3163 3149 3226 3200 γε
3286 3132 3396 3185 τῶν
3453 3131 3725 3201 μεθορίων

2143 3223 2434 3291 λεγόμενος
2481 3223 2794 3292 προτίκτωρ
2823 3221 3006 3292 (δηλοῖ
3034 3223 3091 3276 δέ
3121 3224 3274 3293 παρὰ
3309 3220 3600 3290 Ῥωμαίοις
3631 3219 3725 3272 τὸν

2148 3310 2205 3370 ἐς
2248 3308 2407 3361 τοῦτο
2441 3309 2876 3379 καταλεγόμενον
2907 3310 3085 3374 ἀξίας,
3143 3311 3233 3364 τὸν
3279 3310 3546 3380 βασίλειον
3589 3327 3729 3380 προ-

2147 3401 2507 3471 σκεπαστὴν),
2534 3395 2688 3465 οὖτος
2719 3401 2783 3473 δὴ
2810 3398 2905 3455 οὖν
2947 3403 3316 3457 κατεσκεύασε
3363 3401 3626 3465 καλύϐας,
3667 3404 3726 3454 ἐν

2147 3488 2235 3555 αἶς
2267 3492 2490 3562 ἔμελλον
2528 3493 2799 3563 ἑκατέρας
2836 3493 3109 3558 πολιτείας
3154 3493 3410 3565 πρέσϐεις
3454 3495 3521 3547 τὰ
3576 3496 3731 3564 εἰρη-

2152 3585 2290 3653 μένα
2348 3583 2818 3639 διασκέπτεσθαιο
2865 3585 3025 3639 τοῦτο
3083 3587 3192 3658 γὰρ
3240 3587 3302 3640 τὸ
3356 3585 3729 3656 λειτούργημα

2147 3675 2354 3730 ἄνωθέν
2406 3691 2462 3727 τε
2520 3677 2613 3730 καὶ
2653 3677 2710 3743 ἐξ
2761 3677 2937 3748 ἀρχῆς
2965 3678 3044 3749 τῷ
3072 3678 3406 3749 προτίκτωρι
3437 3677 3730 3748 ἐπιτέτρα-

2151 3780 2302 3818 πται.
2335 3765 2905 3834 Παρασκευασθέντων
2937 3763 3031 3820 οὖν
3067 3767 3177 3821 τῶν
3209 3767 3426 3820 τοιῶνδε
3458 3768 3723 3838 ἐνδιαιτηο

2155 3855 2360 3924 μάτων,
2403 3856 2498 3908 καὶ
2527 3858 2834 3926 γινομένων
2865 3859 2924 3910 ἐν
2946 3858 3026 3928 τῷ
3056 3858 3206 3928 αὐτῷ
3237 3859 3330 3911 τοῦ
3373 3858 3624 3925 Ἀνδίγαν
3663 3874 3723 3911 τε

2151 3945 2246 3997 καὶ
2295 3945 2570 4014 Ζαχαρίου
2605 3947 2699 3999 καὶ
2742 3946 2849 4000 τῶν
2903 3947 3002 4016 τῆς
3053 3947 3384 4016 περιοικίδος
3428 3949 3727 4016 ἀρχόντων,

2150 4035 2244 4089 τοῦ
2281 4036 2379 4106 μὲν
2421 4036 2668 4103 ’Λνδίγαν
2704 4037 2806 4107 τὴν
2835 4038 3148 4092 συνέλευσιν
3193 4039 3520 4107 ποιουμένου
3544 4039 3602 4088 ἐκ
3629 4036 3721 4086 τοῦ

2152 4127 2352 4198 Δάρας,
2389 4128 2660 4196 Ζαχαρίου
2711 4128 2768 4181 δὲ
2819 4129 2884 4182 ὲκ
2938 4129 3033 4182 τοῦ
3071 4130 3304 4200 Μάρδις,
3331 4131 3426 4181 καὶ
3452 4129 3600 4190 αὖθις
3627 4123 3726 4195 οὖχ

2149 4212 2312 4287 ἦττον
2356 4217 2475 4280 ταῖς
2509 4216 2700 4279 αὐταῖς
2732 4217 3034 4288 χρωμένων
3062 4217 3477 4285 δικαιολογίαις,
3528 4215 3730 4285 αἷσπερ

468 4343 536 4398 ex
568 4325 926 4382 conventione
951 4330 1005 4376 et
1049 4328 1207 4389 pacto
1234 4318 1568 4388 temporibus
1597 4315 1886 4372 Justiniani
1943 4315 2038 4369 ini-

2152 4311 2246 4362 καὶ
2311 4311 2366 4360 ἐν
2425 4311 2543 4371 ταῖς
2601 4310 2893 4378 προτέραις
2949 4309 3300 4378 πρεσϐείαις·
3329 4310 3420 4363 καὶ
3467 4307 3579 4362 τῶν
3635 4309 3737 4375 μὶν

473 4431 547 4485 to,
584 4433 613 4472 a
639 4414 901 4473 Romanis
951 4412 1220 4482 accipere,
1283 4419 1337 4464 et
1369 4417 1628 4472 praeterea
1662 4407 1899 4461 retinere
1932 4405 2042 4459 Da-

474 4527 586 4567 ras.
616 4509 849 4566 Romani
881 4521 1008 4562 vero
1047 4514 1259 4569 contra,
1304 4499 1532 4572 nequid
1561 4499 1914 4569 pecuniarum
1953 4497 2050 4550 da-

474 4610 637 4669 rent,
693 4601 1044 4672 pugnabant;
1101 4612 1234 4653 neve
1300 4595 1455 4666 quasi
1533 4606 1693 4662 poena
1768 4599 1821 4645 et
1881 4591 2047 4642 multa

475 4694 705 4762 quadam
732 4705 920 4762 pacem
949 4688 1216 4742 redimere
1254 4685 1590 4740 viderentur.
1630 4682 1798 4735 Daras
1829 4693 2047 4748 quoque

476 4797 798 4854 recuperare
824 4782 1131 4852 cupiebant,
1165 4787 1220 4833 et
1247 4793 1366 4833 eam
1394 4773 1768 4831 Persarmenia
1801 4781 1854 4826 et
1878 4772 2048 4824 Arza-

478 4891 616 4932 nene
674 4883 1010 4930 commutare
1065 4871 1342 4935 volebant,
1395 4868 1552 4923 modo
1595 4881 1780 4921 earum
1833 4863 2052 4932 provin-

480 4969 684 5022 ciarum
737 4966 926 5022 incolae
976 5006 990 5032 ,
1041 4963 1134 5035 qui
1179 4976 1238 5018 se
1282 4962 1349 5015 ad
1409 4957 1716 5028 reipublicae
1795 4953 2053 5008 Romanae

481 5060 857 5114 auctoritatem
911 5053 1293 5117 contulissent,
1330 5049 1488 5120 1⁵12
1513 5061 1576 5103 ea
1628 5044 1902 5100 deditione
1945 5057 2051 5097 non

482 5153 904 5208 continerentur.
965 5148 1101 5205 Cum
1148 5145 1299 5200 multi
1347 5145 1414 5198 de
1441 5156 1506 5196 ea
1536 5154 1593 5194 re
1637 5151 1919 5212 sermones
1955 5136 2056 5189 lia-

483 5245 576 5299 biti
631 5251 832 5308 essent,
870 5255 1047 5311 neque
1083 5237 1191 5293 ulla
1249 5249 1336 5289 res
1392 5232 1458 5286 ad
1501 5231 1660 5286 linem
1701 5226 2054 5298 pervenisset,

485 5337 612 5408 quia
636 5338 947 5406 neutiquam
977 5341 1164 5404 partes
1207 5331 1351 5385 inter
1383 5340 1441 5382 se
1481 5321 1873 5380 conveniebant
1902 5339 1914 5374 :
1950 5321 2058 5372 An-
2089 5321 2095 5326 '

2159 4398 2383 4469 Περσῶν
2422 4398 2760 4468 βουλομένων
2806 4398 3131 4468 κομίζεσθαι
3185 4400 3295 4453 ἀπὸ
3336 4398 3627 4470 Ῥωμαίων
3666 4400 3738 4450 τὰ

2157 4494 2367 4564 ὅσαπερ
2415 4494 2492 4545 ἐκ·
2514 4493 2766 4545 πλείστου
2797 4492 2992 4564 χρόνου
3039 4492 3301 4548 εἰώθεσαν
3334 4496 3596 4564 χρήματα
3636 4491 3738 4546 τοῦ

2159 4583 2641 4654 διομολογηθέντος
2691 4585 2782 4637 ἐπὶ
2827 4583 2938 4637 τῶν
3005 4585 3450 4639 Ἰουιςτινιανοῐῑη
3501 4585 3736 4654 χρόνων,

2163 4676 2300 4747 πρὸς
2328 4675 2541 4737 τούτοις
2588 4675 2732 4745 ἔχειν
2786 4677 2882 4728 καὶ
2931 4676 2992 4730 τὸ
3025 4678 3202 4747 Δάρας
3223 4693 3237 4708 ο
3267 4677 3378 4731 τῶν
3407 4676 3463 4729 δέ
3499 4675 3564 4744 δὴ
3603 4674 3743 4726 Ῥω-

2162 4767 2337 4837 μαίων
2364 4766 2676 4833 ἐξεναντίας
2727 4767 3242 4838 ἀπισχυριζομένων
3271 4766 3412 4820 ὥστε
3448 4765 3612 4836 μηδὲν
3640 4782 3744 4817 κα-

2157 4856 2434 4912 τατιθέναι
2459 4858 2598 4927 μήτε
2618 4856 2724 4928 μὴν
2750 4856 2938 4929 ὥσπερ
2967 4858 3277 4929 τιμήματός
3301 4873 3445 4919 τινος
3469 4854 3739 4925 πρίασθαι

2157 4951 2256 5020 τὴν
2280 4950 2526 5021 εἰρήνην,
2557 4950 2694 5004 ἀλλά
2713 4951 2823 5022 γὰρ
2852 4953 2946 5004 καὶ
2967 4948 3354 5005 ἀνασώσασθαι
3380 4947 3489 5003 ἀπὸ
3510 4946 3741 5014 Περσῶν

2155 5043 2216 5094 τὸ
2273 5041 2474 5111 Δάρας,
2521 5041 2879 5111 ἀντάλλαγμα
2937 5042 3122 5110 μέντοι
3163 5039 3500 5110 παρέχοντας
3527 5037 3625 5107 τὴν
3681 5039 3741 5103 ἐξ

2155 5134 2333 5204 ἀρχῆς
2379 5133 2798 5204 Περσαρμενίαν
2828 5150 2888 5185 τε
2925 5133 3021 5186 καὶ
3066 5130 3421 5203 Ἀρζανηνὴν,
3464 5129 3596 5184 ἀνευ
3629 5127 3740 5179 τῶν

2159 5228 2476 5297 ἀμφοτέρας
2507 5227 2693 5297 χώρας
2721 5225 3025 5296 οἰκητόρων
3051 5224 3160 5277 τῶν
3193 5224 3308 5276 ὅσοι
3342 5225 3408 5292 τῇ
3441 5220 3737 5290 Ῥωμαίων

2161 5319 2592 5390 προσεχώρησαν
2641 5318 2902 5389 πολιτείᾳ,
2957 5347 3026 5358 --
3061 5315 3330 5370 πλείστων
3377 5314 3492 5378 οὖν,
3545 5311 3738 5380 ὥσπερ

1755 5483 1988 5542 VARUS
2039 5480 2442 5538 LECTIONES.

559 5639 601 5671 ιι
630 5637 759 5703 Qum
785 5638 946 5707 vulgo
975 5643 1096 5706 post
1117 5633 1338 5686 verbum
1371 5627 1780 5707 ἀναπλήσαντες
1808 5637 1871 5707 οξ
1908 5620 2160 5707 proxime
2200 5617 2571 5707 superioribus
2598 5618 2831 5672 absurde
2880 5624 3211 5707 repetuntur
3229 5633 3240 5667 :
3406 5614 3476 5693 τά
3518 5613 3732 5707 πρόσω.

489 5710 558 5809 τῇ
1130 5682 1489 5769 ἰδῐεώθηςαν
1533 5682 1866 5763 ἐξώσθησαν]
1908 5682 1971 5744 ll.
2000 5709 2011 5742 :
2046 5700 2099 5744 at
2129 5707 2195 5743 ne
2225 5682 2324 5742 hoc
2347 5689 2565 5756 quidem
2614 5702 2798 5740 verum
2858 5682 3090 5740 videtur.
3171 5685 3211 5716 “
3240 5683 3312 5756 οἱ]
3364 5682 3440 5751 τῷ
3487 5683 3630 5750 conj,
3673 5682 3735 5735 Β,

500 5777 515 5810 ι
577 5777 803 5810 “nam...
828 5776 868 5810 ιι
971 5775 1132 5810 MM”
1195 5773 1337 5810 vuln,
1423 5770 1462 5801 ιο
1486 5765 1669 5810 ἐπειδῆ
1696 5765 1752 5810 δὲ
1785 5762 1869 5810 Η.-
1902 5762 2014 5810 ἔτει
2043 5759 2195 5810 δεῖδὲ
2230 5759 2372 5810 vulu.
2484 5758 2522 5788 ¹⁷
2565 5758 2954 5810 Ἰουστινιανῶν
2987 5755 3132 5810 vulg.

577 5759 926 5840 κοίοξσὸῖιιζζ
971 5775 1132 5828 καθότι
1195 5759 1339 5842 vulg.
1373 5759 1383 5769 ’
1423 5770 1462 5801 ¹⁶
1486 5759 1670 5834 ἐπειδὴ
1696 5759 1752 5816 δὲ
1785 5759 1870 5828 HI,
1902 5762 2014 5814 ἔτει
2043 5762 2122 5814 δεῖ
2141 5759 2195 5811 δὲ
2230 5759 2372 5827 vulg.

2484 5758 2522 5788 ¹⁷
2565 5758 2954 5810 Ίουστινιανῶν
2987 5755 3132 5826 vulg.
