4096 6430
326 351 436 415 925

1065 355 1161 414 DE
1200 355 1762 417 LEGATIONIBUS
1799 357 2290 421 ROMANORUM
2324 363 2422 424 AD
2459 361 2767 424 GENTES.

3463 359 3578 424 926.

325 466 400 528 ὡς
431 464 554 518 οὐδὲ
587 463 781 534 μέχρις
810 464 992 519 αὐτῶν
1029 466 1138 518 τῶν
1181 467 1450 537 μεθορίων
1497 468 1768 536 ἀναιμωτὶ
1791 461 1880 519 οἷοι

1994 470 2210 537 opinor,
2248 486 2343 526 vos
2380 487 2483 526 non
2514 472 2640 526 sine
2675 470 2936 540 sanguine
2975 485 3040 526 ne
3079 473 3146 525 ad
3188 473 3320 528 lines
3352 477 3576 545 quidem

329 557 577 626 ἐγένεσθε
605 556 923 626 ἀφικέσθαι.
967 556 1084 612 Νῦν
1112 558 1242 627 γοῦν
1271 560 1718 630 πεπαιδευμένων
1741 560 1902 626 ἀκρι-

328 650 438 714 ϐῶς
481 649 772 719 Ῥωμαίων
799 650 890 703 τὸν
917 650 1176 721 πόλεμον,
1205 651 1503 723 θαρραλέοι
1529 653 1590 705 τέ
1618 655 1784 722 ἐσμεν
1803 652 1898 704 κα)⁵

325 739 620 807 εὐέλπιδες,
675 739 772 805 ὡς,
819 742 935 809 εῐγε
981 742 1195 811 κινήσοι
1226 743 1254 795 ὁ
1295 741 1895 812 Ταχοσδρὼ,ύπαντιά-

325 847 441 884 σειν
460 831 505 860 ³⁷
537 831 588 882 oi
618 831 676 882 ἐν
716 831 902 896 αὐτοῖς
931 847 996 899 γε
1022 832 1198 902 δήπου
1227 834 1345 895 τοῖς
1382 832 1555 903 ὁρίοις
1589 832 1719 902 δόρυ
1764 833 1897 885 Ῥωο

321 921 520 993 μαῖκδν
542 917 609 976 εὖ
623 922 769 990 μάλα
785 920 1137 992 τεθηγμένον,
1163 924 1442 994 διατιτρᾷν
1457 924 1557 986 τὰς
1576 923 1622 954 ³⁸
1646 922 1897 994 λαπάρας

317 1008 494 1067 οἷόντε
540 1013 600 1067 ὃν
642 1012 831 1070 αὑτοῦ.
878 1013 970 1076 Ὧς
1014 1012 1109 1066 οὖν
1165 1010 1226 1068 εὖ
1268 1014 1710 1083 ἐξεπισταμένων
1764 1013 1896 1066 Ῥω-

318 1104 500 1174 μαίων
525 1104 651 1166 τοὺς
680 1101 907 1172 Περσῶν
937 1102 1145 1167 δόλους,
1173 1106 1383 1175 πρᾶττε
1434 1103 1594 1157 οὕτω.
1621 1123 1642 1155 ι
1675 1103 1894 1157 Τούτων

226 1227 240 1241 -
312 1191 410 1250 οὖν
438 1195 532 1248 καὶ
579 1195 784 1266 ἐτέρων
812 1194 1083 1248 πλείστων
1115 1196 1424 1266 εἰρημένων
1475 1197 1594 1268 μὲν,
1628 1195 1808 1265 μάτην
1835 1195 1893 1250 δὲ

310 1288 465 1356 ὅμως
511 1285 788 1357 (προῆλθε
821 1286 931 1357 γὰρ
976 1287 1130 1340 οὐδὲν
1159 1271 1338 1341 ὅτιοῦν
1367 1290 1409 1355 ),
1448 1287 1570 1340 τότε
1602 1285 1892 1357 Μαυρικίῳ

310 1381 372 1432 ἐν
408 1379 704 1448 γράμμασι
757 1379 911 1446 δηλοῖ
949 1379 1228 1449 Ζαχαρίας
1278 1379 1576 1448 ἀφικέσθαι
1606 1381 1664 1441 ἐς
1693 1377 1760 1431 τὰ
1783 1377 1892 1448 πρὸ

313 1472 740 1541 Κωνσταντίνης
786 1471 970 1536 πεδία,
1011 1466 1101 1526 οἷα
1167 1472 1231 1543 δὴ
1285 1474 1466 1526 ἐκεῖσε
1517 1472 1611 1525 τὸν
1655 1471 1890 1540 πόλεμον

311 1562 762 1632 ξυγκροτήσοντι.
805 1561 1082 1627 Ὡσαύτως
1119 1561 1177 1616 δὲ
1225 1563 1320 1617 καὶ
1348 1566 1377 1616 ὁ
1407 1563 1698 1633 Ταχοσδρὼ
1731 1562 1888 1630 κινή-

312 1671 414 1717 σας
447 1655 513 1705 τὰ
547 1654 793 1723 Περσικά
821 1653 1216 1728 στρατεύματα
1257 1655 1599 1725 ἐπαγόμενος
1624 1653 1710 1724 ᾔει
1736 1653 1795 1715 ἐς
1822 1653 1888 1705 τὰ

314 1746 442 1813 περὶ
467 1745 901 1815 Κωνσταντίνην.

2005 566 2286 632 pervenire
2317 566 2572 634 potuisse.
2599 564 2754 619 Nunc
2783 565 2924 619 enim
2955 573 3105 618 artes.
3136 567 3356 621 bellicas
3376 583 3576 623 neces-

2004 657 2147 710 sario
2160 658 2355 721 edocti,
2379 657 2698 716 audaciores
2720 657 2852 713 facti
2868 672 3076 720 sumus,
3098 667 3153 712 et
3182 673 3277 727 spe
3300 659 3576 722 ducimur,

2003 743 2048 796 si
2069 759 2128 798 se
2146 747 2499 800 commoverit
2526 745 2890 814 Tacltosdrus,
2904 747 3116 801 obviam
3145 745 3258 813 ejus
3287 747 3573 800 conatibus

2004 834 2056 887 iu
2086 835 2214 902 ipsis
2241 836 2543 890 confinibus
2566 837 2759 890 ituram
2804 836 3165 894 Romanorum
3198 846 3410 891 acutam
3467 837 3570 890 ha-

2001 934 2162 990 stam,
2186 941 2308 995 qum
2334 925 2476 980 latus
2503 926 2622 995 ejus
2645 925 2799 980 facile
2826 927 3126 991 transﬁgat.
3149 926 3327 992 Quare
3343 927 3419 981 sic
3449 940 3569 994 age,

2002 1027 2059 1072 ut
2093 1019 2422 1084 memineris,
2454 1017 2724 1076 Romanos
2760 1021 2924 1090 probe
2960 1033 3118 1074 nosse
3151 1017 3442 1073 Persarum
3466 1019 3569 1070 do-

2001 1109 2100 1167 los.
2147 1127 2172 1161 ›
2215 1108 2326 1166 llos
2355 1120 2409 1163 et
2438 1110 2620 1179 plures
2654 1110 2956 1176 huiusmodi
2989 1111 3131 1162 inter
3165 1123 3225 1162 se
3260 1108 3570 1165 habuerunt

1998 1215 2299 1268 sermones,
2322 1201 2413 1256 sed
2443 1199 2663 1265 frustra,
2700 1201 2833 1254 nihil
2881 1199 3024 1253 enim
3052 1199 3174 1252 inde
3201 1207 3283 1253 est
3306 1213 3569 1254 consecu-

2002 1300 2132 1345 tum.
2165 1289 2298 1345 Tum
2321 1290 2610 1344 Zacharias
2637 1290 2948 1344 Mauricium
2978 1304 3072 1357 per
3102 1289 3310 1340 litteras
3335 1288 3569 1350 monuit,

1998 1393 2057 1435 ιιι
2088 1383 2138 1436 in
2174 1383 2478 1452 planitiem,
2504 1400 2621 1452 quae
2651 1393 2733 1436 est
2768 1386 2833 1434 ad
2863 1381 3290 1442 Conatantiuam,
3335 1380 3565 1434 descen-

1996 1475 2168 1536 deret,
2208 1479 2262 1527 et
2295 1474 2543 1541 prcelium
2579 1473 2964 1527 committeret.
3011 1470 3274 1525 Similiter
3323 1470 3565 1524 Tachos-

1996 1565 2095 1618 dro
2125 1579 2348 1618 movens
2378 1579 2498 1618 cum
2530 1565 2779 1617 Omnibus
2818 1561 3104 1616 Persarum
3138 1563 3331 1632 cupiis,
3366 1577 3459 1616 eas
3495 1561 3568 1615 ad

1993 1653 2399 1712 Constantinam
2427 1656 2667 1714 adduxit.

379 1836 487 1891 xa’.
519 1837 643 1890 Ὀτι
669 1838 761 1890 ἐπὶ
789 1839 938 1908 τρεῖς
969 1839 1014 1871 ¹⁹
1047 1838 1261 1909 ἡμέρας
1292 1837 1530 1909 πόλεμος
1583 1836 1880 1907 Ῥωμαίοις

2054 1837 2149 1894 Εἰ.
2181 1838 2410 1895 Rmuani
2453 1847 2508 1894 et
2538 1839 2744 1893 Atares
2773 1851 2890 1912 per,
2910 1846 3020 1892 tres
3041 1837 3157 1892 dies
3185 1838 3238 1891 in
3265 1845 3562 1906 exspecta-

307 1929 403 1982 καὶ
484 1929 734 2000 Ἀϐἀροις
784 1931 1158 2001 συνεκροτήθη
1191 1968 1206 1992 ,
1265 1929 1538 2000 μηδεμιᾶς
1607 1929 1880 1998 δυνάμεως

1992 1934 2139 1987 tione
2184 1932 2492 1986 decertandi
2546 1931 2783 1997 fuerunt,
2823 1929 2917 1984 sed
2946 1946 3069 1984 cum
3105 1928 3263 1983 nullae
3294 1928 3566 1982 Romano-

314 2019 632 2089 Ῥωμαῖκῆς
681 2021 824 2074 κατὰ
853 2020 952 2092 τὴν
984 2022 1121 2092 πρὸς
1161 2021 1447 2092 Δαλματίᾳ
1479 2021 1726 2092 γέφυραν
1761 2024 1880 2074 ἐπι-

1992 2038 2112 2078 rum
2167 2022 2339 2092 copiae
2388 2030 2730 2092 apparerent,
2763 2036 2884 2092 quae
2923 2031 3162 2092 pontem,
3191 2035 3296 2089 qua
3353 2021 3457 2074 itur
3507 2020 3562 2072 in

303 2112 592 2179 φανείσης,
649 2111 827 2164 καίτοι
880 2113 1188 2178 σαθρότατα
1220 2112 1451 2182 ἔχουσαν
1475 2113 1538 2164 ³ο.
1589 2113 1750 2165 Ἀλλὰ
1774 2113 1880 2182 γὰρ

1989 2113 2330 2178 Dalmatiam,
2361 2112 2574 2166 tametsi
2609 2127 2795 2181 parum
2829 2113 3065 2165 munitus
3090 2123 3254 2173 esset,
3283 2124 3563 2179 Oppugna-

300 2203 402 2254 καὶ
453 2204 478 2255 δ
541 2203 702 2272 Ἀψὶχ
737 2202 830 2256 καὶ
872 2204 933 2255 τὸ
995 2203 1116 2256 κατ’
1151 2204 1314 2256 αὐτὸν
1379 2203 1670 2273 ’Δὸαρικὸν
1717 2203 1880 2256 αὑτοῦ

1985 2214 2126 2268 rent,
2158 2204 2426 2273 Apsichus
2456 2212 2509 2256 et
2531 2204 2622 2272 qui
2654 2219 2776 2257 cum
2801 2217 2866 2257 eo
2902 2212 3056 2257 erant
3077 2206 3301 2268 Avares,
3335 2203 3422 2270 qui
3455 2202 3562 2255 illic

297 2293 685 2364 ἐφεδρεύοντες
766 2295 1035 2364 πρότερον
1110 2294 1382 2363 τοσαύτην
1473 2283 1880 2365 καταφρόνησιν

1985 2298 2130 2363 prius
2173 2297 2239 2349 ad
2267 2299 2449 2364 pontis
2489 2297 2788 2350 custodiam
2832 2295 3210 2358 consederant,
3258 2305 3364 2347 tam
3407 2295 3559 2363 patrvi

296 2382 648 2448 ἐπεδείξαντο
693 2385 834 2438 κατὰ
898 2385 1185 2456 Ῥωμαίων
1220 2425 1234 2450 ,
1291 2385 1431 2442 ὥστε
1490 2387 1880 2456 μετενεχθῆναι

1985 2383 2256 2447 Romaos
2290 2384 2582 2448 iaciebant,
2613 2380 2677 2442 aut
2705 2383 2771 2445 ad
2806 2384 2969 2444 alium
3008 2392 3220 2450 pontem
3256 2398 3314 2437 se
3345 2382 3561 2438 confer-

298 2476 444 2544 σφᾶς
467 2477 609 2528 κατὰ
633 2476 697 2544 δὴ
722 2477 822 2547 τὴν
851 2476 1044 2546 ἑτέραν
1076 2476 1347 2546 γέφυραν,
1372 2475 1539 2546 ἄλλην
1568 2493 1625 2530 τε
1653 2477 1880 2546 δύναμιν

1985 2484 2122 2540 rent,
2165 2485 2221 2529 et
2264 2489 2434 2529 novas
2473 2477 2658 2544 copias
2697 2475 2871 2540 copiis
2899 2473 3084 2542 Baiani
3123 2474 3439 2541 adiicerent.
3487 2474 3560 2527 At

297 2565 664 2636 προστεθῆναι
703 2569 768 2638 τῇ
818 2568 1046 2638 δυνάμει
1073 2569 1332 2624 Βαῖανοῦ.
1377 2570 1731 2640 Πιεζομένων
1765 2588 1880 2628 τοιν-

1985 2567 2072 2636 qui
2097 2566 2150 2620 in
2184 2567 2384 2623 Sirmio
2407 2575 2565 2622 erant
2599 2566 2800 2640 ingenti
2831 2566 2972 2620 fame
2999 2567 3266 2634 oppressi,
3302 2565 3438 2619 cibis
3464 2580 3558 2618 ne-

294 2659 503 2730 γαροῦν
526 2660 635 2712 τῶν
667 2658 712 2690 ³⁸
747 2661 804 2712 ἐν
849 2659 927 2728 τῷ
978 2660 1191 2730 Σιρμίφ
1237 2659 1382 2730 λιμῷ
1413 2661 1457 2692 ³⁸
1488 2661 1753 2731 μεγίστῳ,
1780 2662 1878 2733 ἤδη

1985 2658 2158 2714 fandis
2189 2674 2247 2714 se
2272 2658 2676 2724 sustentabant,
2728 2651 2850 2725 quia
2898 2672 3076 2710 rerum
3121 2656 3548 2711 necessariarum

292 2767 353 2802 τε
385 2751 709 2819 ἁπτομένων
741 2750 1016 2820 ἀθεμίτων
1047 2751 1265 2821 τροφῶν
1296 2752 1374 2823 τῷ
1409 2752 1741 2823 ἐστερῆσθαι
1769 2754 1880 2806 τῶν

1985 2749 2158 2817 inopia
2181 2748 2522 2810 laborabant,
2546 2756 2605 2801 et
2629 2745 2816 2800 hostes
2836 2755 3054 2814 pontem
3087 2747 3139 2798 iu
3160 2744 3267 2798 Sao
3293 2744 3555 2799 fecerant.

292 2841 612 2909 ἀναγκαίων
679 2843 778 2894 καὶ
826 2827 1246 2913 γεγεφυρῶσθαι
1313 2843 1413 2914 τὴν
1474 2843 1726 2897 διάϐασιν
1784 2841 1878 2895 τοῦ

1985 2841 2247 2895 Praeterea
2293 2839 2570 2902 Salomon,
2605 2838 2693 2906 qui
2729 2847 2857 2891 tunc
2897 2837 3155 2904 temporis
3189 2834 3388 2889 Sirmio
3419 2849 3559 2904 prte-

294 2929 470 2996 Σιοῦη,
512 2932 611 2984 καὶ
645 2930 967 2999 Σολομῶνος
1004 2931 1308 3002 τηνικαῦτα
1340 2932 1386 2964 ³³
1414 2932 1757 3003 προεστῶτος
1785 2933 1877 2985 τοῦ

1985 2943 2116 2998 erat,
2151 2947 2340 3001 parum
2371 2930 2656 3001 diligenter
2698 2945 2785 2984 res
2819 2929 3253 2992 administrabat,
3283 2941 3458 2995 neque
3497 2943 3558 2980 se

295 3021 522 3089 Σιρμίου
555 3021 936 3090 ἐκμελέστατά
961 3039 1080 3086 πως
1123 3022 1528 3093 διαδηλοῦντος,
1562 3025 1659 3076 καὶ
1708 3024 1876 3094 μηδὲν

1985 3025 2144 3078 ullum
2172 3025 2248 3078 rei
2284 3023 2533 3078 militaris
2553 3037 2733 3076 ousum
2769 3022 2965 3075 habere
3001 3020 3337 3076 ostendebat.
3372 3018 3559 3087 Itaque

296 3109 474 3163 ὁτιοῦν
521 3111 860 3183 στρατηγίας
922 3113 1181 3183 ἐχόμενον
1237 3113 1709 3184 ἐπιδεικνυμένουο
1741 3115 1877 3184 πρός

1985 3116 2128 3172 cives
2171 3125 2225 3171 et
2263 3115 2412 3170 urbis
2443 3114 2633 3168 incolae
2669 3115 2772 3168 hac
2799 3114 3108 3172 calamitate
3141 3113 3348 3178 amicti,
3389 3113 3561 3179 eiula-

296 3217 361 3268 γε
419 3209 514 3254 καὶ
567 3201 680 3254 τῶν
709 3204 812 3273 τῆς
863 3204 1069 3266 πόλεως
1118 3206 1501 3274 ἀπειρηκότων
1553 3209 1665 3268 τοῖς
1719 3207 1878 3275 χαλε-

291 3293 435 3355 ποῖς,
463 3293 876 3363 ὀλοφυρομένων
912 3312 970 3347 τε
1010 3296 1105 3348 καὶ
1138 3298 1196 3358 ἐς
1239 3295 1338 3360 τὰς
1383 3299 1620 3368 ἐσχάτας
1651 3299 1876 3362 ἐλπίδας

289 3385 768 3452 ἐξωλισθηκότων,
843 3388 1359 3457 καταμεμφομένων
1427 3405 1487 3441 τε
1561 3392 1672 3454 τοῖς
1737 3391 1876 3442 Ῥω-

291 3479 470 3548 μαίων
508 3478 786 3547 ἡγεμόσι·
837 3478 1122 3546 Θεόγνιδός
1181 3496 1238 3531 τε
1286 3479 1455 3533 αὐτοῦ
1504 3459 1881 3550 ὀλιγοχειρίαν

287 3567 595 3631 νοσοῦντος⁹
623 3567 798 3621 ταῦτα
828 3568 1081 3638 Τιϐέριος
1113 3568 1161 3600 ⁸⁸
1193 3571 1222 3622 ὁ
1249 3568 1502 3638 βασιλεὺς
1535 3571 1872 3640 κατέμαθεν,

286 3659 652 3732 αἱρετώτερον
685 3661 1036 3732 ἡγησάμενος
1067 3661 1140 3730 μὴ
1171 3660 1779 3732 συναιχμαλωτισθῆναι
1805 3663 1873 3731 τῇ

285 3750 448 3804 πόλει
488 3755 595 3803 τῶν
631 3752 932 3822 οἰκητόρων
970 3753 1061 3804 τὸν
1085 3751 1294 3821 ὅμιλον,
1343 3753 1402 3804 ὲν
1455 3752 1752 3822 γράμμασι
1781 3769 1875 3804 κε-

283 3843 436 3896 λεύει
459 3846 701 3911 Θεόγνιδι
735 3843 1038 3900 καταλῦσαι
1062 3845 1155 3896 τον
1185 3845 1428 3914 πόλεμον
1465 3847 1559 3897 ἐπὶ
1588 3846 1870 3910 σπονδαῖς,

283 3935 362 3998 ὡς
400 3935 722 3998 ὑπεξελθεῖν
752 3935 1074 4006 παμπληθεὶ
1105 3936 1233 3998 τοὺς
1258 3935 1387 4005 τῇδε
1415 3933 1722 3998 οἰκοῦντας,
1765 3951 1873 4005 μη-

282 4027 376 4080 δὲν
425 4027 860 4097 ἐπιφερομένους
894 4027 1004 4082 τῶν
1033 4028 1258 4081 οἰκείων
1280 4027 1314 4097 ἢ
1351 4027 1516 4096 μόνον
1545 4027 1608 4080 τὸ
1650 4027 1752 4096 ζῇν
1779 4030 1874 4080 καὶ

285 4119 574 4187 παρασχὸν
604 4118 746 4171 οὕτω
795 4119 1153 4194 ,περιϐόλαιον
1187 4119 1266 4172 ἓν.
1318 4121 1427 4172 Καὶ
1465 4119 1529 4190 δὴ
1570 4121 1874 4190 συνέϐησαν

285 4211 384 4262 ἐπὶ
437 4211 561 4270 ταῖς
594 4210 826 4262 τοιαῖσδε
865 4210 1200 4279 ξυνθήκαις,
1244 4211 1340 4263 καὶ
1383 4211 1454 4265 τὰ
1503 4214 1599 4264 τοῦ
1633 4213 1873 4283 πολέμου

285 4299 572 4373 ἐλώφησεν
623 4301 694 4362 ³⁸,
739 4301 823 4368 ἐφ’
881 4295 926 4368 ᾧ
977 4303 1378 4373 παραχωρῆσαι
1411 4303 1512 4374 μὲν
1551 4305 1860 4374 Ῥωμαίους

296 4390 560 4460 Ἀσάροις
611 4390 712 4459 τῆς
750 4390 1282 4462 πόλεως,”·Ἂ6άρους
1326 4393 1386 4446 δὲ
1453 4393 1744 4464 Ῥωμαίοις
1776 4397 1870 4450 τοῦ

1981 3208 2202 3272 bantur,
2253 3216 2309 3260 et
2354 3222 2476 3260 cum
2515 3207 2582 3258 ad
2625 3217 2899 3259 extremas
2927 3221 3052 3272 spes
3098 3206 3300 3258 redacti
3349 3213 3557 3266 essent,

1977 3301 2218 3351 onmium
2256 3299 2485 3351 istorum
2515 3297 2776 3350 malorum
2807 3312 3026 3355 causam
3068 3299 3120 3350 in
3157 3298 3322 3351 duces
3357 3295 3559 3349 Roma-

1979 3404 2077 3442 nos
2101 3388 2438 3456 rejiciebant.
2469 3389 2751 3442 Postremo
2789 3388 2948 3458 17-5
2986 3387 3262 3457 Theognis
3291 3389 3563 3456 paucitate

1978 3481 2210 3534 militum
2241 3480 2544 3536 laborabat.
2588 3479 2712 3536 Hac
2747 3482 2835 3534 ubi
2871 3479 3119 3534 Tiberius
3143 3481 3352 3542 didicit,
3381 3480 3562 3546 potius

1977 3583 2098 3624 esse
2121 3569 2294 3634 duxit,
2321 3569 2518 3624 civium
2566 3569 2962 3626 multitudinem
2994 3585 3097 3622 non
3128 3585 3247 3623 cum
3290 3568 3404 3635 ipsa
3427 3569 3562 3621 urbe

1978 3663 2030 3718 in
2053 3662 2379 3716 deditionem
2409 3662 2624 3716 venire:
2651 3663 2828 3731 itaque
2850 3677 2944 3728 per
2963 3661 3174 3715 litteras
3196 3660 3361 3730 jussit
3379 3660 3558 3714 Theo-

1975 3754 2190 3823 gnidem
2226 3754 2422 3807 bellum
2473 3754 2557 3807 his
2579 3754 2985 3808 conditionibus
3012 3751 3245 3815 solvere,
3276 3761 3334 3802 ut
3367 3750 3557 3802 liceret

1975 3846 2247 3912 omnibus,
2271 3847 2360 3914 qui
2387 3846 2442 3899 in
2469 3848 2602 3901 urbe
2629 3845 2964 3912 habitabant,
2991 3843 3154 3898 salvis
3185 3854 3242 3896 et
3277 3841 3562 3895 incolumi-

1976 3943 2076 3994 bus
2101 3938 2272 4005 exire,
2306 3953 2481 4008 neque
2513 3939 2809 4009 quidquam
2839 3953 3061 3993 suarum
3105 3952 3288 3994 rerum
3325 3936 3450 3991 inde
3475 3949 3564 3989 as-

1977 4038 2196 4100 portare
2223 4031 2612 4099 prmterxitam
2640 4040 2697 4086 et
2715 4045 2877 4084 unam
2911 4039 3136 4085 vestem.
3164 4028 3353 4098 Itaque
3379 4028 3431 4081 in
3464 4027 3563 4080 has

1975 4124 2360 4179 eonventiones
2389 4132 2804 4187 consenserunt,
2849 4133 2903 4178 et
2945 4121 3144 4178 bellum
3188 4120 3271 4175 his
3297 4119 3565 4174 conditio-

1977 4217 2135 4272 nibus
2167 4216 2350 4280 desiit,
2402 4226 2460 4269 ut
2500 4216 2730 4270 Romani
2759 4214 3028 4270 Avaribus
3060 4213 3251 4267 urbem
3279 4211 3560 4274 dederent,

1973 4319 2027 4362 et
2047 4310 2251 4363 Avares
2272 4308 2534 4363 Romanis
2560 4323 2799 4372 omnem,
2829 4320 2949 4375 qua:
2987 4308 3040 4359 in
3062 4319 3126 4360 ea
3155 4313 3294 4369 erat,
3328 4302 3563 4357 multitu-

1974 4399 2155 4454 dinem
2187 4400 2396 4468 absque
2427 4398 2533 4464 his,
2563 4411 2684 4467 quae
2708 4397 3084 4464 unusquisque
3108 4409 3297 4448 eorum
3323 4393 3378 4446 in
3403 4392 3561 4446 bonis

286 4482 347 4536 ἐν
376 4483 444 4551 τῇ
484 4481 637 4532 πόλει
676 4480 936 4552 πλήθους,
970 4482 1100 4535 ἄνευ
1143 4484 1253 4537 τῶν
1281 4485 1382 4539 ὅσα
1422 4485 1641 4557 ἑκάστῳ
1679 4489 1737 4540 ἐν
1771 4505 1874 4542 πε-

1985 4492 2230 4555 habebat,
2258 4490 2640 4546 concederent.
2671 4489 2864 4556 Exegit
2889 4487 3050 4541 etiam
3073 4486 3360 4554 Chaganus
3390 4485 3557 4537 trium

287 4573 510 4644 ριουσίᾳ
535 4573 798 4644 ὑπῆρχεν.
841 4573 1130 4644 Ἐπεζήτει
1157 4576 1212 4628 δὲ
1240 4579 1268 4630 ὁ
1298 4578 1551 4645 Χαγάνος
1577 4581 1672 4632 καὶ
1699 4581 1870 4650 τριῶν

285 4665 425 4717 ἐτῶν
453 4666 872 4734 παρῳχημένων
894 4667 1136 4736 χρυσίον,
1169 4661 1242 4722 ὧν
1265 4669 1366 4722 οὐκ
1395 4671 1609 4740 εἰλήφει
1646 4689 1697 4724 τι
1730 4675 1872 4726 κατὰ

283 4758 348 4810 τὺ
383 4756 638 4828 σύνηθες,
671 4759 782 4810 τῶν
829 4758 1224 4830 παρεχομένων
1261 4760 1414 4831 αύτῷ
1463 4762 1605 4832 ὑπὲρ
1653 4762 1750 4816 τοῦ
1795 4763 1870 4833 μὴ

284 4847 525 4917 χρῆσθαι
584 4849 790 4912 ὅπλοις.
842 4845 1027 4902 Ἦσαν
1083 4851 1140 4912 δὲ
1189 4850 1258 4904 τὰ
1301 4853 1555 4922 εἰρηναῖα
1611 4855 1871 4924 χρήματα

283 4941 506 5011 ἑκάστῳ
551 4941 662 4994 ἐτει
692 4943 837 5010 ἀμφὶ
868 4943 1113 5013 χιλιάδας
1143 4944 1476 5015 ὀγδοήκοντα
1519 4946 1747 5017 χρυσίου
1787 4964 1875 5000 νο-

287 5036 603 5103 μισμάτων.
637 5035 762 5089 Ἔτι
800 5053 862 5103 γε
896 5038 1003 5106 μὴν
1051 5037 1146 5090 καὶ
1182 5037 1278 5090 ενα
1313 5037 1437 5091 τινὰ
1466 5038 1577 5091 τῶν
1609 5040 1702 5092 ὑπ’
1724 5040 1874 5109 αὑτῷ

285 5127 658 5196 ταττομένων,
699 5127 763 5190 ὃς
801 5127 1200 5200 προσεχώρησε
1240 5129 1285 5161 ³⁸
1324 5133 1390 5201 τῇ
1431 5130 1726 5202 ’Ῥωμαίων
1767 5150 1872 5186 πο-

287 5217 482 5298 λιτείᾳ,
515 5219 661 5273 καθά
704 5219 946 5288 λέγεται,
995 5226 1063 5293 τῇ
1118 5223 1340 5290 γυναικὶ
1390 5223 1486 5276 τοῦ
1538 5226 1772 5279 Βαῖανοῦ
1814 5227 1874 5290 ἐς

286 5299 579 5382 ἀφροδίσια
620 5310 913 5364 συνελθὼν.
956 5314 1143 5385 Ταύτῃ
1171 5331 1255 5366 τοι
1292 5315 1595 5386 κατάδηλον
1643 5317 1870 5388 ἐποίησε

289 5400 535 5470 Θεόγνιδι
583 5402 869 5474 ἐκδοθῆναι
922 5407 971 5458 oi
1022 5405 1116 5459 τὸν
1176 5407 1518 5479 αὐτόμολον·
1566 5404 1602 5478 ἦ
1663 5411 1769 5481 γὰρ
1804 5412 1870 5465 ἂν

1980 4584 2381 4652 praeteritorum
2423 4596 2691 4635 annorum
2747 4594 2962 4644 aurum,
3022 4579 3164 4648 quod
3195 4593 3301 4630 non
3339 4591 3562 4643 accepe-

1980 4680 2086 4737 rat,
2116 4681 2168 4727 et
2210 4671 2286 4726 illi
2335 4670 2566 4726 Romani
2598 4670 2807 4726 solvere
2840 4669 3104 4733 solebant,
3151 4677 3210 4722 ut
3238 4669 3406 4723 armis
3431 4668 3563 4722 abs-

1980 4765 2200 4819 tineret.
2226 4761 2399 4817 Erant
2420 4777 2548 4817 vero
2584 4761 2850 4831 pecuniae,
2884 4776 3006 4831 quae
3026 4775 3125 4830 pro
3151 4774 3283 4830 pace
3312 4774 3557 4828 unoquo-

1978 4869 2085 4924 que
2111 4869 2256 4908 anuo
2285 4855 2678 4924 pendebantur,
2703 4854 2769 4907 ad
2797 4853 3072 4923 octoginta
3111 4851 3280 4905 millia
3311 4866 3563 4905 nummo-

1976 4962 2096 5000 rum
2141 4961 2452 5001 ureorum.
2498 4944 2767 5000 Praeterea
2814 4960 2950 4999 unus
2991 4959 3058 4997 ex
3090 4943 3194 5005 his,
3232 4943 3324 5012 qui
3367 4943 3467 4997 sub
3495 4956 3562 4996 eo

1976 5038 2317 5105 militabant,
2359 5038 2415 5092 in
2466 5037 2834 5093 Romanorum
2886 5036 3130 5106 regiones
3163 5033 3395 5104 fugerat,
3431 5032 3560 5101 quia

1980 5131 2264 5186 dicebatur
2293 5131 2616 5185 adulterium
2641 5146 2762 5185 cum
2786 5129 2970 5199 Bajani
3002 5143 3169 5183 uxore
3194 5125 3556 5182 commisisse.

1977 5222 2092 5278 Hoc
2120 5223 2451 5293 significavit
2475 5222 2798 5293 Theognidi,
2835 5231 2888 5276 et
2916 5220 3017 5276 sibi
3047 5219 3377 5288 transfugam
3406 5217 3556 5270 reddi

1978 5316 2290 5380 postulavit,
2324 5329 2494 5385 seque
2549 5329 2654 5368 non
2703 5314 2859 5368 aliter
2905 5313 3164 5366 ftedertun
3217 5309 3558 5364 conditiones

1980 5411 2124 5467 ferre
2149 5423 2308 5480 posse
2343 5407 2652 5463 alﬁrmavit.
2685 5407 2954 5477 Theognis
2999 5403 3297 5472 respondit,
3325 5401 3553 5456 Romani

1551 5522 1786 5580 VARle
1843 5523 2250 5585 LECTIONES.

361 5637 405 5668 ’⁷
440 5639 764 5717 ὑπαντήσει
938 5643 989 5717 ff
1026 5643 1310 5717 διατιτρᾷν
1334 5641 1440 5717 τὰς
1462 5642 1529 5696 H.
1571 5643 1932 5717 _5ta‘tttp&\lta
1964 5647 2110 5717 vulg.
2139 5644 2233 5717 “’9
2261 5644 2409 5717 τρεῖς
2436 5638 2836 5717 ἐνιαυτοὺς-μὶ
3021 5637 3250 5717 ἔχρὲςτεν
3278 5631 3362 5692 Βον
3400 5628 3560 5717 ἐχθρ-

290 5724 388 5779 ςιῗὶς
437 5710 593 5779 vuig.
661 5711 702 5742 ³¹
743 5711 854 5766 τῶν
886 5713 1010 5768 add.
1064 5712 1128 5766 N.

290 5776 336 5808 ³⁸
357 5776 745 5850 προσεχώρησε
772 5780 914 5848 Vul.,
952 5783 1328 5854 προσειώρησε
1359 5776 1499 5854 ill-'3-

1234 5697 1451 5790 ’.λοιμῷ
1494 5697 2106 5790 γυιεί³³⁸ῖτῇῦ⁷⁷ὲτέιῇἷέ
2137 5712 2202 5768 Ν.
2281 5697 2533 5767 ἡταῦτα
2565 5711 2684 5765 ἐπεὶ
2711 5697 2855 5762 Ἶίϐ.
2906 5707 2969 5760 Ν.
3051 5697 3100 5737 ῖδ
3129 5702 3361 5773 ἐλόφησε
3403 5697 3548 5773 ναις,
