4096 6422
303 315 412 382 929

1058 320 1154 378 DE
1196 319 1760 381 LEGATIONIBUS
1797 317 2286 379 ROMANORUM
2325 318 2424 376 AD
2456 317 2770 378 GENTES.

3441 329 3544 394 9,30

308 431 538 492 θάνατος
565 427 635 501 ἦν
668 432 1078 502 ἀπειλούμενος.
1131 434 1208 503 Τῇ
1260 433 1317 486 δὲ
1371 435 1632 504 ὑστεραίᾳ
1684 435 1751 486 τὰ
1788 434 1880 486 τοῦ

1991 433 2103 487 neis
2141 431 2208 486 ad
2257 446 2375 486 eam
2413 446 2524 485 rem
2570 430 2911 485 sermonibus
2939 432 3207 487 adhortati
3240 437 3548 506 Cltagattttm

307 521 482 590 Θυμοῦ
510 525 893 590 κατευνάζετο,
916 526 1094 592 λόγοις
1115 543 1172 578 τε
1203 525 1880 598 πιθανοῖςπαρηγοροῦντο

307 617 354 667 οἱ
383 613 492 666 τῶν
523 614 822 685 Βαρϐάρων
873 617 1232 672 δυνατώτατοι
1257 619 1348 672 τὸν
1373 620 1623 685 Χαγάνον
1650 619 1880 672 ύποπεί-

307 705 512 767 θοντες,
564 706 712 770 ὅπως
746 708 823 777 μὴ
856 708 1177 776 δογματίσοι
1212 710 1355 764 κατὰ
1379 709 1744 778 Κομεντιόλου
1786 710 1878 762 τὸν

308 794 562 849 θάνατον.
606 796 718 848 Καὶ
759 795 1008 850 πείθουσι
1035 799 1196 870 μέχρι
1230 798 1338 853 τῶν
1384 798 1600 868 δεσμῶν
1629 799 1875 868 ἀποχρή-

310 902 422 937 σειν
451 885 751 938 ἀδικεῖσθαι
807 889 932 950 τοὺς
976 889 1252 958 πρέσϐεις.
1315 888 1641 953 Ἔπινεύσας
1702 889 1798 943 οῦν
1851 892 1880 942 ό

316 976 564 1043 Χαγάνος
587 979 968 1048 ἡτιμωμὲνους
1003 981 1062 1043 ἐς
1104 979 1348 1050 βασιλέα,
1383 982 1686 1051 ἐξέπεμπε,
1711 998 1881 1050 σωτη-

310 1068 434 1138 ρίαν
459 1068 520 1120 οῦ
558 1069 922 1138 προσδόκιμόν
949 1086 1135 1138 σφισιν
1175 1071 1358 1135 αὐτοῖς
1398 1073 1808 1140 δωρησάμενος.

383 1158 503 1209 Ὀτι
534 1157 629 1210 τοῦ
662 1158 908 1222 ἐπιόντος
939 1159 1094 1223 ἔτους
1145 1161 1308 1215 πάλιν
1334 1161 1362 1213 ὁ
1397 1159 1665 1222 Ἐλπίδιος
1693 1160 1788 1211 ἐπὶ
1813 1161 1879 1230 τῇ

309 1247 448 1317 αὐτῇ
493 1246 758 1317 πρεσϐείᾳ
793 1250 1193 1320 χειροτονηθεὶς
1221 1250 1637 1303 ἀποστέλλεται·
1678 1252 1773 1303 καὶ
1807 1250 1882 1312 ὡς

308 1338 402 1390 τὸν
454 1337 706 1404 Χαγάνον
759 1339 1086 1406 γενόμενος,
1134 1340 1317 1411 ἐζήτει
1373 1341 1712 1411 πρεσϐευτὴν
1764 1342 1883 1411 ἅμα

309 1429 460 1498 αὐτῷ
481 1431 537 1492 ἐς
569 1429 791 1498 βασιλέα
821 1431 1101 1498 γενέσθαι,
1135 1433 1283 1496 ὅπως
1303 1433 1754 1502 ἀναζωπυρήσειε
1783 1435 1882 1496 τὰς

311 1520 562 1583 σπονδάς.
597 1522 706 1573 Καὶ
754 1522 958 1574 εἴκοσιν
997 1524 1198 1593 ἑτέρων
1229 1523 1484 1594 χιλιάδων
1517 1525 1734 1594 χρυσῶν
1765 1529 1883 1588 ταῖς

314 1611 611 1681 συνθήκαις
655 1611 847 1682 εἴησαν
888 1614 975 1666 ἐπ’
1016 1616 1353 1686 αύξήματος.
1409 1618 1469 1669 Ὀ
1528 1617 1584 1670 δὲ
1633 1617 1884 1685 Χαγάνος

311 1698 434 1759 τοὺς
465 1697 658 1765 λόγους
714 1702 1075 1772 ἐσεποιήσατο
1105 1705 1342 1776 Ταργιόν
1371 1723 1428 1759 τε
1457 1707 1535 1776 τῷ
1558 1706 1666 1759 τῶν
1718 1707 1877 1760 Ἀϐά-

1983 526 2344 582 Barbarorum
2411 525 2775 594 potentissimi
2834 538 3238 592 persuaserunt,
3303 546 3368 583 ne
3421 531 3549 597 quid

1980 619 2081 672 sibi
2116 625 2441 685 proponeret
2504 617 2570 669 de
2626 626 2798 670 morte
2840 616 3181 682 Comentioli,
3211 633 3375 690 [itere
3408 605 3549 684 ultra

1981 709 2196 762 vincula
2245 708 2372 776 quid
2432 706 2665 774 amplius
2723 715 2911 759 contra
2967 705 3168 776 legatos
3231 718 3547 762 tentaretur.

1979 795 2337 868 Consentiens
2381 795 2454 849 ita
2480 796 2768 865 Cbaganus
2828 797 3050 866 legatos,
3090 797 3318 866 largitus
3362 800 3550 852 iisdem

1982 902 2088 944 non
2121 898 2487 958 exspectatam
2516 888 2765 950 salutem,
2801 887 3029 944 violatos
3070 890 3134 942 ad
3169 891 3551 958 imperatorem

1986 980 2230 1034 remittit.

2054 1155 2206 1222 Quod
2261 1155 2469 1225 relapso
2521 1172 2663 1211 anno
2696 1157 2888 1212 iterum
2941 1155 3182 1226 Elpidins
3212 1159 3277 1213 ad
3309 1160 3556 1214 eamdem

1985 1247 2302 1320 legationem
2356 1249 2596 1303 omnium
2653 1248 2928 1319 snti‘ragiis
2973 1249 3196 1316 electus,
3226 1251 3424 1306 missus
3451 1261 3554 1305 est.

1986 1334 2034 1394 ls
2059 1354 2180 1393 cum
2221 1348 2362 1393 esset
2403 1339 2544 1408 apud
2600 1339 2915 1408 Cbaganum
2975 1338 3204 1408 legatum
3241 1341 3556 1408 postulavit,

1983 1431 2073 1499 qui
2105 1445 2212 1485 una
2245 1445 2428 1486 secum
2465 1430 2532 1484 ad
2570 1431 2951 1501 imperatorem
3003 1431 3465 1499 proﬁcisceretur,
3499 1442 3559 1486 ut

1984 1523 2062 1576 sic
2109 1523 2337 1576 induciis
2394 1524 2730 1589 restauratis,
2757 1523 2948 1592 viginti
2999 1523 3118 1578 alia:
3146 1525 3261 1578 auri
3295 1525 3557 1578 cbiliades

1984 1614 2348 1684 adjicerentur
2372 1613 2515 1682 plus,
2545 1628 2705 1682 quam
2729 1621 2858 1666 ante
2885 1623 3102 1682 pactum
3148 1624 3287 1669 erat.
3341 1613 3556 1682 Chaga-

1989 1722 2090 1761 nus
2119 1716 2303 1760 autem
2327 1706 2580 1760 admissis
2602 1706 2777 1767 hisce,
2808 1702 3065 1773 Targium
3096 1704 3362 1758 illustrem
3414 1707 3554 1772 apud

314 1806 421 1857 ρων
453 1789 606 1868 φύλῳ
644 1791 811 1862 ἄνδρα
838 1794 1224 1862 περίϐλεπτον,
1256 1797 1333 1860 ὡς
1366 1797 1456 1851 τὸν
1497 1800 1752 1868 Καίσαρα
1789 1800 1884 1852 σὺν

1991 1795 2562 1865 populumAbarornm
2586 1795 2784 1858 virum,
2813 1793 2881 1848 ad
2907 1794 3174 1849 Caesarem
3205 1810 3325 1849 cum
3352 1795 3559 1863 Elpidio

330 1881 580 1952 Ἐλπιδίῳ
613 1885 965 1956 παρέπεμπε.
1003 1887 1067 1939 Τί
1099 1888 1261 1942 πάλιν
1290 1891 1339 1943 ol
1373 1889 1603 1959 Ἀϐαροι
1629 1893 1729 1954 τὰς
1763 1909 1886 1944 συν-

314 1979 483 2049 θήκας
533 1978 658 2049 ,μετ’
701 1981 762 2032 ού
821 1981 955 2036 πολὺ
1014 1982 1260 2054 διέχεον,
1301 1986 1399 2056 τήν
1476 2004 1534 2040 τε
1584 1988 1888 2058 ὁμαιχμίαν

313 2071 390 2132 εἰς
446 2071 508 2122 τὸ
571 2071 805 2140 φανερὸν
880 2072 1414 2144 ἀνδραποδίζονται,
1454 2078 1593 2144 λέξω
1663 2080 1721 2133 δὲ
1789 2080 1889 2153 τὴν

313 2165 514 2227 αἰτίαν,
587 2164 704 2217 οὐδ’
760 2165 1070 2238 ἀναίνομαι.
1156 2170 1366 2241 Σκύθης
1447 2173 1588 2242 ἀνὴρ
1658 2174 1889 2228 Βολοκα-

311 2254 492 2322 λάϐρα
561 2259 660 2326 τὴν
700 2257 1014 2327 ἐπωνυμίαν
1051 2263 1448 2333 περιαγόμενος
1517 2258 1673 2328 οὗτος
1734 2283 1890 2333 τηνι-

313 2347 488 2398 καῦτα
545 2349 739 2418 καιροῦ
779 2349 1150 2418 φιλοκίνδυνον
1220 2352 1494 2424 τόλμημα·
1543 2338 1891 2426 ’παρευνάζε-

311 2455 401 2490 ται
451 2437 560 2506 γὰρ
605 2440 683 2492 ἐν).
744 2440 851 2494 τῶν
895 2445 988 2494 τοῦ
1025 2443 1276 2510 Χαγάνου
1309 2446 1602 2512 γυναικῶν,
1635 2449 1795 2519 ἡδονῇ
1829 2466 1888 2502 τε

316 2531 549 2603 βραχείᾳ
605 2531 932 2596 δελεασθεὶς,
981 2537 1060 2598 είς
1116 2537 1358 2605 μεγάλας
1417 2538 1591 2608 ἄρκυς
1655 2540 1888 2594 θανάτου

313 2622 658 2692 ἐμπέπηχεν.
703 2623 1084 2696 Ὑποτοπὴσας
1106 2627 1162 2680 δέ
1198 2629 1381 2697 μήπου
1405 2629 1465 2682 τὸ
1489 2631 1659 2684 κακὸν
1697 2649 1885 2701 φωρα-

315 2707 457 2776 θείη,
493 2708 587 2760 καὶ
623 2709 987 2776 περίϐλεπτον
1037 2712 1216 2766 ὼδίνοι
1250 2715 1342 2768 τὸν
1383 2716 1626 2786 ἔλεγχον,
1664 2721 1912 2773 ὑποπεί-.

315 2815 411 2862 σας
462 2799 526 2852 ἐκ
571 2799 680 2854 τῶν
731 2802 989 2874 ὑπηκόων
1023 2803 1222 2876 ἄνδρας
1250 2805 1316 2873 ζ’,
1356 2807 1456 2878 τὴν
1488 2811 1666 2880 φυγὴν
1706 2812 1800 2866 ἐπὶ
1829 2813 1890 2864 τὸ

312 2894 611 2963 ἀρχέγονον
661 2897 840 2951 ἐποίει
876 2897 940 2951 τὸ
981 2898 1169 2968 φῦλον.
1195 2900 1388 2955 Οῦννοι
1409 2902 1455 2954 δ’
1473 2895 1640 2968 οὗτοι,
1674 2922 1892 2976 προσοι-

317 2985 534 3066 κοῦντες
586 2985 685 3056 τήν
725 2987 880 3051 Ἕω,
928 2989 1155 3060 Περσῶν
1191 2991 1598 3064 πλησιόχωροι,
1653 2993 1748 3057 οὒς
1796 2995 1892 3048 καὶ

319 3067 587 3168 Τρὺρκους
611 3078 909 3132 ἀποκαλεῖν
942 3082 1054 3143 τοῖς
1084 3081 1300 3146 πολλοῖς
1325 3085 1754 3154 γνωριμότερον.
1781 3085 1891 3138 Kal.
1919 3110 1962 3168 ο

321 3163 409 3219 οὖν
467 3168 886 3239 διαπορθμεύων
945 3171 1035 3226 τὸν
1089 3174 1322 3244 Ἵστρον,
1364 3176 1456 3228 ἐπὶ
1484 3175 1584 3246 τὴν
1625 3176 1892 3231 Διϐίδινον

317 3259 466 3312 πόλιν
497 3261 829 3330 φερόμενος,
859 3262 1023 3324 ἁλοὺς
1074 3264 1177 3317 ὑπό
1213 3281 1356 3328 τινος
1388 3265 1518 3322 ,τῶν
1568 3265 1891 3336 Ῥωμαϊκῶν

314 3351 600 3418 ἡγεμόνων
661 3354 770 3406 τῶν
841 3355 898 3418 ἐς
963 3357 1210 3426 φρουρὰν
1265 3359 1724 3428 συντεταγμένων
1799 3356 1892 3412 τοῦ

317 3443 552 3512 Ἴστρου,
599 3445 658 3498 τό
699 3461 760 3499 τε
801 3447 960 3514 γένος
1019 3447 1236 3518 ἐδήλου,
1276 3449 1373 3502 καὶ
1419 3448 1518 3512 τὰς
1577 3449 1742 3520 πάλαι
1781 3449 1895 3502 δια-

311 3535 541 3606 τριϐὰς,
600 3539 694 3590 καὶ
749 3538 848 3608 τὴν
893 3538 1146 3595 ἐντεῦθεν
1218 3539 1623 3593 ἐπελαύνουσαν
1673 3540 1888 3610 ἡδονήν.

325 3625 477 3683 Ἐπεὶ
507 3627 564 3681 δὲ
596 3629 820 3691 πιθανὸς
858 3629 1036 3683 ἐδόκει
1082 3633 1148 3701 τῇ
1191 3631 1440 3701 διηγήσει
1476 3629 1569 3684 τοῦ
1601 3631 1892 3702 ἀτυχήμα-

308 3734 424 3781 τος,
464 3717 616 3788 παρά
659 3718 750 3771 τὸν
790 3720 1170 3791 αὐτοκράτορα
1215 3720 1320 3774 ὑπὸ
1351 3719 1446 3774 τοῦ
1473 3721 1754 3791 ,ήγεμόνος
1782 3738 1892 3774 πα-

311 3810 684 3879 ραπέμπεται·
715 3811 1007 3866 κάντεῦθεν
1034 3814 1251 3868 ἐδόκουν
1285 3815 1339 3867 αἰ
1374 3815 1681 3884 Ῥωμαϊκαὶ
1727 3830 1892 3867 σπον-

308 3900 396 3950 δαὶ
428 3899 803 3972 διασχίζεσθαι
829 3919 842 3933 ·
875 3904 970 3958 καὶ
1024 3905 1483 3974 παραγυμνοῦται
1541 3909 1570 3958 ὁ
1628 3903 1889 3974 πόλεμος,

310 3991 661 4062 ετιΤαργίτα
711 3993 802 4047 τοῦ
869 3994 1147 4065 βασιλικοῦ
1197 3996 1570 4059 ἐπιϐαίνοντος
1608 3997 1800 4059 ἄστεος
1833 3999 1892 4051 ἐν

310 4083 596 4151 πρέσϐεων
632 4089 796 4155 μοίρᾳ
829 4087 1034 4140 καὶτὸν
1091 4087 1384 4155 ἐγκύκλιον
1447 4087 1678 4141 πλοῦτον
1741 4088 1892 4159 παρὰ

318 4170 608 4240 Ῥωμαίων
632 4176 1067 4247 ύποθερίζοντος,
1087 4177 1148 4231 ὃν
1174 4179 1231 4232 al
1252 4179 1518 4248 συνθῆκαι
1545 4179 1622 4249 τῷ
1653 4180 1892 4251 Χαγάνῳ

311 4265 391 4318 ἀν’
418 4265 537 4328 ἔτος
567 4266 895 4320 ἐϐλάστανον
939 4269 1190 4324 ἕκαστον.
1225 4269 1399 4324 Τοῦτό
1423 4289 1504 4324 τοι
1538 4272 1631 4324 καὶ
1667 4271 1891 4341 βασιλέα

309 4357 407 4410 οὐκ
453 4358 768 4428 ἀποτρόπου
795 4360 931 4428 πρὸς
968 4361 1140 4432 ὀργὴν
1185 4365 1530 4434 ὑπερὲθισεν,
1567 4365 1665 4434 οὐχ
1691 4367 1891 4434 ἥκιστα

1992 1887 2160 1940 misit.
2210 1885 2320 1940 Cur
2379 1885 2540 1954 igitur
2586 1883 2748 1939 Abari
2788 1883 3032 1940 inducias
3083 1901 3190 1940 non
3243 1885 3408 1940 multo
3438 1896 3562 1954 post

1990 1978 2355 2043 contuderint,
2388 1985 2444 2032 et
2473 1977 2670 2030 bellum
2699 1986 2884 2046 aperte
2908 1979 3318 2048 resumpserint,
3339 1993 3558 2033 causam

1989 2070 2236 2141 equidem
2267 2070 2462 2134 dicam,
2493 2085 2593 2122 nec
2624 2069 2883 2122 detrecto.
2920 2068 3012 2123 Vir
3032 2078 3148 2122 erat
3183 2070 3395 2122 natione
3424 2069 3560 2138 Scy-

1993 2162 2104 2228 tba,
2145 2161 2497 2216 Boiocalabra
2528 2163 2765 2228 nomine,
2797 2162 2884 2216 hic
2918 2169 3029 2216 tum
3061 2163 3316 2231 temporis
3341 2162 3559 2230 pericu-

1989 2253 2161 2306 losum
2197 2253 2521 2325 perpetravit
2556 2252 2766 2306 facinus
2812 2269 2825 2305 :
2862 2253 3128 2321 siquidem
3177 2266 3299 2306 cum
3343 2269 3445 2305 una
3493 2268 3558 2304 ex

1990 2345 2307 2399 concubinis
2338 2344 2579 2413 Cltagani
2617 2359 2729 2398 rem
2756 2343 2964 2407 habuit,
3009 2354 3062 2396 et
3093 2344 3239 2397 brevi
3293 2343 3561 2409 voluptate

1993 2437 2290 2500 inescatus,
2345 2435 2399 2488 in
2433 2451 2655 2503 magnas
2688 2435 2879 2488 mortis
2929 2445 3068 2488 retes
3097 2450 3151 2488 se
3181 2435 3432 2502 c0njecit,
3467 2450 3560 2487 ve-

1991 2530 2129 2583 ritus
2162 2538 2340 2582 autem
2385 2541 2451 2581 ne
2479 2527 2769 2595 aliquando
2802 2524 3011 2580 facinus
3042 2527 3140 2579 hoc
3166 2525 3560 2592 deprehensum

1991 2620 2234 2690 ingentes
2295 2631 2483 2686 pmnas
2539 2617 2855 2685 parturiret,
2905 2617 3178 2684 persuasis
3208 2632 3272 2669 ex
3331 2616 3563 2670 subditis

1993 2709 2300 2764 hominibus
2325 2716 2530 2776 septem
2571 2705 2808 2776 profugit
2833 2708 2899 2761 ad
2933 2706 3230 2775 antiquam,
3262 2722 3289 2758 a
3320 2721 3422 2774 qua
3457 2707 3563 2759 orti

1989 2811 2164 2866 erant,
2197 2808 2434 2868 gentem.
2464 2798 2644 2853 Hunni
2670 2813 2732 2852 ea
2757 2807 2904 2863 sunt,
2935 2797 3240 2852 habitantes
3258 2796 3558 2859 Orientem.

1993 2893 2080 2945 ubi
2118 2893 2324 2945 vicinus
2351 2900 2434 2945 est
2473 2891 2676 2956 Persis,
2733 2906 2868 2960 quos
2920 2889 3124 2944 Turcas
3166 2891 3327 2944 etiam
3390 2890 3562 2942 nomi-

1993 2984 2112 3036 nari
2164 2982 2409 3051 pluribus
2434 2981 2544 3050 jam
2588 2991 2819 3038 constat.
2856 2981 3042 3052 Itaque
3080 2982 3396 3036 transmisso
3428 2980 3564 3034 Istro

1993 3089 2114 3127 cum
2149 3074 2392 3128 tenderet
2438 3072 2506 3126 ad
2569 3072 2876 3127 Libidiuum
2911 3072 3122 3138 urbem,
3175 3071 3503 3140 interceptus
3531 3087 3560 3124 a

1999 3169 2239 3220 Romano
2291 3167 2524 3236 quodam
2577 3166 2734 3229 duce,
2767 3180 2954 3218 eorum
2991 3165 3186 3234 quibus
3222 3173 3308 3221 est
3340 3167 3564 3220 deman-

1994 3260 2118 3311 data
2169 3255 2292 3310 lslt‘i
2338 3256 2605 3321 custodia,
2650 3266 2703 3310 et
2727 3264 2950 3326 gentem
2969 3271 3121 3310 suam
3149 3255 3428 3324 professus
3457 3264 3562 3320 est,

1992 3357 2047 3402 ct
2105 3347 2372 3416 quomodo
2433 3347 2676 3413 vixisset,
2733 3360 3004 3415 quamque
3065 3347 3188 3399 inde
3235 3345 3561 3414 voluptatem

1995 3440 2342 3507 percepisset.
2373 3437 2630 3506 quoniam
2659 3451 2785 3490 vero
2840 3437 3066 3491 idoneus
3088 3435 3240 3490 visus
3267 3445 3349 3490 est
3376 3435 3441 3490 ad
3464 3451 3562 3490 ex-

1996 3528 2273 3599 ponendos
2318 3545 2478 3584 casus
2513 3544 2638 3583 suos
2686 3529 2750 3581 ad
2791 3529 3170 3598 imperatorem
3223 3527 3476 3592 mittitur,
3511 3537 3565 3582 et

1996 3621 2098 3674 hac
2127 3619 2410 3674 occasione
2457 3619 2684 3673 induciaz
2734 3619 2991 3673 Romanae
3017 3620 3266 3673 videntur
3284 3634 3404 3672 esse
3441 3621 3566 3671 dis-

1996 3721 2181 3766 tracta:
2220 3728 2235 3766 :
2271 3721 2628 3780 exortnmque
2691 3711 2886 3765 bellum
2913 3711 3026 3780 jam
3082 3720 3192 3764 tum
3221 3726 3341 3763 cum
3370 3708 3567 3780 Tatgi-

1993 3815 2077 3860 tas
2107 3806 2282 3860 adhuc
2320 3806 2372 3859 in
2402 3804 2535 3860 urbe
2557 3805 2717 3874 legati
2751 3815 2892 3859 esset
2927 3805 3088 3874 178
3116 3802 3354 3865 nomine,
3385 3815 3440 3858 et
3467 3818 3566 3856 an-

1995 3899 2322 3953 niversarios
2373 3897 2606 3962 reditus,
2664 3911 2693 3949 a
2754 3896 3013 3950 Romanis
3061 3897 3400 3963 deposceret,
3431 3909 3567 3963 quos

1992 3989 2246 4058 Cliagano
2268 3989 2558 4056 quotannis
2586 3985 2829 4042 ferebant
2860 3985 3110 4041 inducite.
3133 3982 3284 4040 Unde
3313 3999 3416 4038 non
3448 3987 3567 4039 sine

1993 4094 2154 4133 causa
2209 4068 2381 4133 iratu!
2412 4062 2729 4146 imperator,
2767 4093 2888 4132 cum
2923 4092 3026 4131 non
3053 4077 3332 4130 minimum
3361 4076 3569 4130 videret

1992 4187 2050 4227 se
2077 4171 2500 4225 circumventum
2531 4185 2561 4223 a
2604 4170 2878 4236 Barbarie,
2919 4171 3022 4224 boc
3047 4170 3294 4236 equidem
3320 4169 3570 4240 exigente

1991 4262 2208 4317 divitias
2244 4276 2476 4325 annuas,
2505 4271 2558 4316 et
2606 4260 2824 4328 pacales
2858 4261 3086 4326 reditus,
3121 4261 3220 4314 boc
3251 4268 3434 4314 autem
3463 4275 3568 4314 non

1992 4354 2326 4424 quiescente,
2351 4353 2447 4407 sed
2480 4352 2754 4420 Europam
2782 4351 3097 4413 infestante,
3159 4349 3430 4418 urbesque
3475 4365 3570 4403 va-

311 4449 740 4520 φενακιζόμενοι]
772 4451 877 4504 ὑπὸ
928 4452 1036 4506 τῶν
1077 4453 1324 4524 Ἀϐάρων
1361 4455 1762 4525 διανοούμενον,
1793 4454 1887 4509 τοῦ

1997 4455 2199 4513 stante,
2233 4444 2450 4515 ejicitur
2500 4443 2751 4513 Targitas
2793 4443 2848 4498 in
2910 4443 3138 4497 insulam
3186 4441 3567 4506 Cbalcitidem,

314 4538 412 4605 μὲν
469 4538 808 4604 ἐξαιτοῦντος
863 4541 954 4594 τὸν
1005 4543 1292 4610 ἐγκύκλιον
1330 4544 1576 4612 πλοῦτον,
1640 4546 1736 4599 καὶ
1787 4545 1890 4609 τὰς

312 4631 597 4700 είρηναίας
636 4633 950 4702 προσόδουςο
982 4631 1078 4686 τοῦ
1121 4633 1179 4687 δὲ
1217 4635 1291 4704 μὴ
1327 4634 1710 4706 ἀτρεμοῦντος,
1753 4635 1890 4689 ἀλλά

310 4722 411 4787 τὴν
447 4721 718 4792 Εὐρώπην
766 4723 1022 4798 δῃοῦντος
1079 4727 1174 4778 καὶ
1199 4727 1536 4790 ἀναστάτους
1567 4729 1894 4797 ποιουμένου

313 4811 409 4873 τὰς
437 4810 640 4875 πόλεις.
706 4813 1182 4884 Ἐξοστρακίζεται
1231 4814 1362 4885 γοῦν
1401 4819 1430 4868 ὁ
1479 4817 1756 4886 Ταργίτας
1795 4818 1889 4870 ἐπὶ

311 4901 411 4970 τὴν
437 4901 740 4956 Χαλκίτιδα
766 4905 951 4974 νῆσον,
989 4905 1084 4958 ἐπὶ
1112 4908 1298 4977 μῆνας
1325 4907 1889 4978 σκληραγωγούμενος

311 4989 392 5054 ἓξ.
445 4990 556 5043 Καὶ
589 4992 752 5064 μέχρι
794 4993 1018 5060 τούτου,
1051 4997 1080 5047 ό
1139 4995 1232 5047 τοῦ
1266 4994 1532 5065 βασιλέως
1571 4994 1744 5065 θυμὸς
1783 4995 1886 5056 ὑπ·-

309 5084 700 5154 ερλὲγμαινεν,
732 5086 1010 5155 ἠπειλείτο
1040 5087 1150 5157 γὰρ
1182 5087 1277 5140 καὶ
1327 5086 1555 5150 θάνατος
1607 5087 1744 5141 κατά
1796 5088 1893 5141 τοῦ

313 5174 598 5244 πρέσϐεως
643 5176 1089 5246 δογματίζεσθαι.
1121 5179 1183 5233 Οἱ
1209 5178 1254 5231 δ’
1287 5179 1431 5248 ἀμφὶ
1476 5178 1568 5232 τὸν
1619 5179 1891 5247 Χαγάνον,

309 5268 421 5322 τῶν
448 5287 507 5322 τε
537 5270 760 5322 Σκυθῶν
783 5273 908 5334 τοὺς
940 5272 1253 5341 περιοίκους
1281 5271 1625 5341 ἐλυμήναντο
1658 5272 1890 5335 πάντας,

311 5357 457 5427 εἷλόν
469 5380 528 5416 τε
547 5362 732 5425 πόλεις
752 5364 972 5428 πολλὰς,
988 5363 1157 5434 τὴνΤε
1166 5364 1579 5434 ρατηρίδανριαλ⁵
1593 5365 1892 5418 Βονιὲινειαν

311 5451 604 5516 καὶἊκυς,
624 5454 714 5506 καὶ
737 5451 1058 5523 Δορόστολον
1080 5455 1172 5506 καὶ
1209 5454 1483 5520 Σαλπάδα,
1511 5455 1602 5509 καὶ
1627 5455 1891 5521 τάξῐΙανα-

1994 4541 2308 4610 deportatus
2353 4539 2422 4594 ad
2474 4551 2690 4592 menses
2733 4550 2850 4600 sex,
2885 4535 3101 4590 interim
3147 4533 3293 4602 regis
3347 4533 3567 4588 animus

1994 4629 2284 4694 deferbuit,
2319 4629 2412 4699 qui
2453 4637 2626 4684 morte
2657 4639 2874 4696 quoque
2925 4625 2977 4678 in
3029 4623 3268 4692 legatum
3299 4637 3362 4678 se
3392 4624 3570 4678 anim-

1993 4720 2346 4778 adversurum
2381 4720 2558 4774 fuerat
2611 4719 2870 4774 minatus.
2911 4715 3106 4770 Milites
3149 4729 3277 4770 vero
3327 4714 3570 4784 Cliagani

1992 4824 2045 4872 et
2095 4813 2334 4885 Scythiae
2382 4812 2644 4868 ﬁnitimos
2685 4825 2876 4867 omnes
2899 4810 3271 4880 perdiderunt,
3307 4820 3573 4875 ceperunt

1993 4920 2100 4975 que
2131 4906 2394 4975 plurimas
2422 4903 2606 4968 urbes,
2633 4901 3030 4965 Terateridam,
3051 4901 3376 4964 Bononiam,
3402 4901 3568 4959 Acus,

1999 4997 2360 5058 Dorostolurn,
2413 4991 2666 5064 Salpada,
2708 4991 2940 5058 Panasa,
2996 4990 3456 5061 Martianopolim,
3507 5006 3570 5043 ac

1998 5087 2308 5157 Tropazum.
2366 5087 2418 5141 in
2468 5085 2666 5156 quibus
2717 5085 2970 5146 omnibus
3011 5099 3116 5138 non
3168 5084 3408 5138 minimis
3433 5097 3568 5150 opus

1995 5180 2097 5235 fuit
2127 5181 2424 5244 laboribus,
2455 5193 2577 5242 nec,
2619 5178 2747 5232 licet
2782 5192 2973 5247 magna
3019 5175 3570 5233 acervatisuecessus

1995 5273 2210 5328 fortuna
2233 5271 2542 5339 adiuvante,
2573 5270 2665 5341 qui
2694 5269 2993 5326 etiamnum
3031 5263 3342 5324 inevitabile
3369 5263 3568 5332 malum

1996 5362 2153 5418 atiert
2177 5362 2518 5426 lentioribus,
2541 5362 2744 5432 absque
2778 5361 2976 5418 sudore
3003 5369 3058 5416 et
3092 5356 3353 5414 molestiis
3383 5354 3448 5410 ad
3461 5354 3569 5410 ,dee

1997 5454 2255 5509 ditionem
2281 5453 2531 5521 compelli
2561 5465 2782 5524 potuere
2805 5456 2918 5509 hate
2945 5452 3157 5523 oppida.

313 5547 402 5610 σὰ,
444 5549 538 5600 καὶ
581 5548 1048 5617 Μαρκιανόπολιν,
1104 5552 1197 5604 καὶ
1245 5551 1542 5620 Τρόπαιον.
1592 5551 1906 5620 Πράγματα
1946 5549 2003 5603 δέ
2049 5551 2097 5604 οί
2149 5549 2322 5602 πολλὰ
2351 5549 2659 5620 παρέσχετο
2723 5551 2756 5620 ή
2803 5543 3264 5618 ὲγχείρησις..οὐ
3299 5543 3408 5612 γάρ
3472 5545 3572 5596 ἀν-

315 5642 504 5712 ιδρωτὶ
569 5643 664 5698 καὶ
710 5646 1160 5716 ἀπεριμερίμνως
1215 5647 1342 5701 τάδε
1417 5650 1838 5719 παρεστήσαντο
1907 5648 1978 5701 τὰ
2051 5646 2388 5717 πολίσματα.
2450 5646 2642 5700 Καίτοι
2696 5643 2940 5715 μεγάλης
2993 5639 3393 5710 ἐπικουροῦσης
3447 5637 3570 5688 ἐπι-

315 5735 505 5798 πνοίας
533 5735 681 5805 αὐτῷ
707 5737 810 5808 τῆς¹
830 5737 1032 5810 ἀθρόας
1061 5739 1466 5810 ἐπεφοιτήσεως
1495 5779 1510 5806 ,
1551 5742 1673 5811 ἥτις
1706 5739 1820 5794 ἐστὶ
1854 5740 2088 5810 μάλιστα
2128 5737 2606 5808 ἀνανταγώνιστον
2643 5737 2813 5791 κακὸν
2845 5738 2910 5806 τῇ
2971 5729 3213 5806 ῥᾳθυμίᾳ
3245 5730 3570 5803 παρέχεται
