4096 6416
504 337 607 402 931

585 451 738 518 Quod
800 447 1050 502 Tiberius
1109 460 1202 514 per
1278 448 1524 497 nuntium
1593 458 1713 496 cum

512 543 645 610 egit,
677 550 733 592 ut
768 540 1020 604 utrinque
1051 535 1246 588 bellum
1277 540 1719 600 componeretur.
1745 530 1813 583 At
1837 544 1966 584 vero
1996 528 2088 582 ille

515 630 804 699 superbior
863 629 963 680 hac
1014 626 1279 694 legatione
1329 623 1504 676 factus
1543 622 1714 676 voluit
1759 631 1945 688 aperte
1983 620 2084 674 sibi

519 723 784 776 tributum
814 718 960 773 reddi
990 729 1019 769 a
1050 715 1326 776 Romanis,
1359 712 1647 767 Armenios
1676 720 1730 766 et
1756 712 1937 766 Iberos
1984 709 2086 764 sibi

516 813 732 880 subjici,
763 806 1226 865 censentientibus
1267 806 1319 858 in
1348 804 1449 859 hoc
1483 803 1770 873 Romanis,
1795 817 1928 857 nere
1969 816 2087 855 am-

519 906 657 972 plius
680 901 948 970 Oppidum.
965 899 1132 952 Daras
1155 912 1184 951 a
1206 895 1418 951 Caesare
1460 905 1758 950 tentaretur
1783 933 1799 959 ,
1840 893 2090 963 quamvis

524 1003 676 1064 pater
699 992 969 1046 Cbosroes
997 989 1251 1055 utrinque
1277 986 1418 1040 inter
1450 999 1511 1038 se
1534 995 1586 1039 et
1621 983 1893 1038 Caesarem
1921 983 2092 1035 indu—s

519 1086 634 1137 cias
661 1096 784 1136 esse
809 1079 1062 1142 voluerit,
1096 1091 1269 1145 neque
1305 1075 1474 1128 Daras
1507 1075 1608 1128 sub
1661 1073 1943 1141 imperium
1971 1071 2091 1124 Ca3-

518 1175 659 1229 saris
692 1173 916 1226 reddere
946 1168 1348 1222 detrectaverit.
1384 1167 1575 1220 Postea
1605 1179 1732 1218 vero
1763 1169 1925 1232 quam
1955 1161 2093 1216 llor—

523 1264 708 1318 misda:
732 1262 925 1316 fastum
949 1261 1200 1314 Tiberius
1221 1259 1538 1321 audivisset,
1554 1247 1872 1311 adveniente
1884 1263 2094 1318 testate,

521 1354 726 1407 coactis
767 1367 979 1405 rursum
1011 1350 1181 1419 copiis
1205 1347 1482 1402 Persidem
1538 1345 1839 1416 ingreditur
1896 1340 2095 1395 Mauri-

521 1445 660 1509 cius,
720 1445 833 1512 ipse
857 1442 1087 1512 trajecto
1120 1438 1361 1510 Tigride,
1387 1439 1610 1506 reliquis
1638 1446 1695 1491 ut
1745 1433 1809 1490 ad
1841 1435 2098 1489 interiora

519 1534 690 1600 magis
724 1530 957 1584 Persidis
991 1537 1388 1596 promoverent,
1422 1527 1621 1581 missis.

1284 329 1674 389 EXCERPTA
1715 328 1817 386 EX
1855 321 2446 384 THEOPHYIACTO
2487 317 2910 378 SIMOCATTA

1797 440 2081 494 Hormisda

3661 305 3769 370 932

2258 437 2381 490 ’Ότι
2415 438 2443 488 ὁ
2475 435 2729 505 Τιϐέριος
2760 427 3246 500 ἀποκηρυκεύεται
3285 427 3419 496 πρὸς
3462 422 3762 494 Ὀρμίσδαν

2188 528 2280 579 τὸν
2316 528 2551 596 πόλεμον
2599 517 2700 594 τῆν
2751 524 2976 594 είρήνην
3032 522 3088 573 ὲν
3135 520 3225 589 ῐσῃ
3281 519 3446 588 μοίρᾳ
3482 517 3771 592 ἑκατέροις

2187 616 2439 684 γενέσθαι
2480 613 2886 683 ἐξαιτούμενος.
2928 614 2987 665 '0
3019 611 3087 680 ,δὲ
3139 612 3233 663 ἐπὶ
3269 613 3337 680 τῇ
3369 609 3635 680 πρεσϐείᾳ
3677 626 3774 660 κα-

2187 705 2629 776 ταγαυρούμενος
2673 704 2828 774 ῆξίου
2863 700 3274 774 φορολογεῐσθαι
3323 704 3379 763 ἐς
3421 701 3485 753 τὸ
3536 699 3775 770 φανερὸν

2189 799 2316 859 τους
2377 795 2691 866 Ῥωμαίους
2722 838 2737 861 ,
2783 793 3109 864 Ἀρμενίους
3163 807 3223 844 τε
3280 792 3374 845 καὶ
3438 791 3667 862 Ἴϐηρας
3714 792 3777 844 ὲν

2190 887 2457 954 ὑπηκόοις
2493 886 2692 950 τελεῖν,
2728 877 3018 955 Ῥωμαίων
3063 882 3221 936 τοῦτο
3253 883 3642 954 παρεχομένων
3670 882 3774 934 αὖ·

2189 977 2290 1046 τῷ,
2332 976 2394 1028 τό
2428 993 2488 1029 τε
2528 978 2709 1046 Δάρας
2759 975 2834 1045 μὴ
2890 974 3264 1045 ὲπιζητεῖσθαι
3288 973 3476 1026 λοιπὸν
3512 972 3622 1025 ὕπὸ
3673 969 3774 1024 τοῦ

2195 1067 2473 1136 Καίσαρος
2503 1083 2518 1098 ο
2561 1066 2741 1120 καίτοι
2789 1067 3032 1135 Χοσρόου
3101 1063 3194 1119 τοῦ
3258 1064 3465 1134 πατρὸς
3509 1063 3603 1116 ἐπὶ
3659 1064 3776 1125 τοῖς

2191 1159 2332 1221 ἴσοις
2390 1157 2743 1228 βουληθέντος
2807 1159 2905 1222 τὰς
2977 1157 3275 1226 διαλλαγὰς
3331 1154 3639 1209 ἀντιδοῦναι
3697 1153 3780 1223 τῷ

2192 1251 2455 1322 Καίσαρι,
2487 1251 2548 1304 τό
2599 1268 2658 1303 τε
2683 1252 2864 1319 Δάρας
2903 1251 3004 1303 οὐκ
3035 1249 3449 1314 ἀπαξιώσαντος
3496 1248 3782 1300 ἀποκατα-

2198 1341 2394 1410 στῆσαι
2443 1343 2509 1412 τῇ
2561 1342 2670 1394 τῶν
2709 1342 3010 1410 Ῥωμαίων
3046 1341 3210 1411 ἀρχῇ.
3258 1340 3408 1392 Ἐπεὶ
3467 1339 3526 1391 δὲ
3577 1338 3646 1390 τὰ
3678 1336 3782 1404 τῆς

2197 1430 2516 1495 ἀλαζονείας
2589 1433 2879 1504 Ὀρμίσόου
2933 1433 3218 1501 καταφανῆ
3253 1429 3490 1500 Τιϐερίῳ
3541 1428 3780 1496 ἐγένετο,

2197 1524 2391 1596 θέρους
2421 1527 2830 1596 ἐπιγενομένου,
2861 1525 3023 1579 πάλιν
3050 1525 3355 1596 Μαυρίκιος
3385 1525 3486 1586 τὰς
3517 1523 3779 1592 δυνάμεις

521 1626 782 1697 ἀθροίσας
817 1624 1038 1692 ὲνδημεῖ
1069 1625 1136 1694 τῇ
1171 1617 1416 1692 Περσίδι,
1456 1624 1514 1681 ἐς
1563 1622 1624 1674 τὸ
1678 1619 1974 1691 ἀντιπέρας
2003 1618 2098 1672 τοῦ
2139 1619 2412 1692 Τίγριδος,
2449 1625 2546 1678 καὶ
2612 1623 2807 1687 ἄλλους
2870 1622 3161 1694 πέπομφεν
3193 1623 3250 1687 ἐς
3277 1621 3347 1674 τὰ
3381 1619 3648 1690 ὲνδόμοχα
3679 1617 3784 1686 τῆς

525 1717 784 1788 Περσίδος
813 1715 1279 1783 κατατρέψοντας.

594 1814 746 1879 Quod
776 1825 898 1865 cum
931 1809 1167 1880 graviter
1194 1819 1441 1878 aegreque
1464 1807 1630 1863 ferret
1658 1809 1966 1879 Cbaganus,
1987 1807 2096 1862 Ro-
2125 1824 2172 1884 Β

524 1919 809 1959 manorum
859 1902 1084 1956 militem
1127 1901 1292 1954 etiam
1353 1901 1406 1954 in
1458 1899 1700 1954 tenebris
1753 1901 2094 1965 inclaruisse,

527 1992 872 2050 selectissimi
899 1990 1100 2060 quique
1131 1989 1528 2048 admonuerunt
1551 1989 1848 2044 Barbarum
1871 1989 1936 2044 de
1959 1989 2098 2044 bello

523 2084 862 2154 deponendo.
927 2081 1188 2136 Dixerunt
1243 2079 1388 2134 enim
1424 2097 1533 2136 non
1566 2079 1772 2149 justam
1813 2081 1928 2149 ejus
1960 2083 2096 2135 iram

524 2185 644 2224 esse
675 2179 862 2223 contra
915 2166 1208 2222 Romanos.
1267 2167 1617 2223 Confldenter
1651 2170 1832 2238 itaque
1880 2170 2101 2225 Priscus

524 2259 756 2330 legatum
783 2258 928 2312 misit
950 2259 1015 2312 ad
1047 2259 1384 2327 Cltaganum,
1414 2259 1633 2316 nomine
1672 2258 2034 2324 Theodorum,
2069 2271 2098 2313 a

525 2362 719 2405 natura
760 2350 958 2406 factum
997 2351 1270 2405 hominem
1297 2351 1622 2421 elegantem,
1657 2361 1711 2405 et
1742 2351 2100 2420 prudentissi-

526 2457 671 2496 mum
705 2459 718 2494 :
751 2441 1090 2510 professione
1136 2441 1427 2506 medicum,
1463 2440 1644 2508 lingua
1672 2441 1840 2496 libera
1870 2452 1922 2496 et
1947 2441 2100 2511 inge-

523 2547 651 2586 nua.
700 2530 779 2585 Eo
837 2541 1014 2586 autem
1062 2531 1128 2586 ad
1175 2532 1488 2602 Chaganum
1515 2533 1774 2598 admisso,
1828 2531 2100 2587 Barbarus

520 2623 740 2692 quidem
767 2622 940 2678 elatus
967 2623 1147 2677 animo
1195 2633 1413 2692 propter
1459 2637 1562 2686 ea,
1628 2637 1750 2692 quae
1805 2635 2102 2678 evenerant

522 2713 624 2766 sibi
649 2710 850 2776 felicia,
878 2708 1040 2767 nimis
1061 2728 1222 2782 quam
1252 2714 1516 2780 superbus
1549 2713 1724 2768 factus
1752 2724 1859 2778 est,
1900 2715 2102 2783 quippe

520 2804 614 2871 qui
647 2819 706 2858 se
732 2818 907 2872 regem
936 2818 1057 2858 esse
1084 2803 1290 2858 diceret
1313 2805 1557 2858 omnium
1582 2805 1844 2874 gentium,
1877 2820 1978 2860 nec
2003 2806 2104 2860 ali-

523 2908 679 2962 quem
723 2907 842 2948 csse
891 2909 1215 2963 quacunque
1264 2893 1343 2948 sol
1391 2894 1574 2960 videt,
1621 2895 1714 2965 qui
1741 2904 1834 2950 aut
1863 2897 2101 2966 prodire,

522 2991 616 3035 aut
645 2982 746 3036 sibi
805 2997 863 3036 se
890 2991 1068 3054 posset
1099 2985 1393 3038 obsistere.
1424 2984 1660 3054 Legatus
1689 2997 1842 3048 vero,
1902 2993 1960 3038 ut
2011 2985 2103 3054 qui

525 3071 876 3125 doctissimus
909 3081 1052 3127 esset
1077 3072 1448 3136 historiarum,
1478 3073 1816 3128 barbaricam
1843 3074 2105 3144 exemplis

2268 1806 2393 1859 ’Ότι
2423 1803 2779 1875 ἐχαλέπαινεν
2799 1801 2828 1856 ό
2848 1801 3100 1870 Χαγάνος
3127 1801 3221 1856 καὶ
3247 1802 3306 1854 έν
3339 1799 3521 1854 σκότει
3566 1799 3783 1853 εύδοκιυ

2203 1895 2492 1966 μηθείσαις
2543 1895 2663 1956 ταῖς
2714 1892 3005 1962 Ῥωμαίων
3067 1892 3381 1961 δυνάμεσιν,
3419 1893 3468 1944 οί
3517 1891 3614 1960 μὲν
3671 1891 3786 1944 τῶν

2200 1987 2508 2059 Βαρϐάρων
2539 1986 2765 2054 λογάδες
2791 1985 2870 2056 τῷ
2900 1986 3136 2058 Χαγάνῳ
3168 1985 3450 2055 παρῄνουν
3479 1983 3787 2054 παραλύειν

2196 2082 2288 2133 τὸν
2317 2078 2570 2149 πόλεμον·
2604 2080 2842 2148 ἔφασκον
2889 2079 2998 2149 γὰρ
3040 2077 3114 2148 μὴ
3146 2077 3372 2139 ἐνδίκως
3400 2076 3564 2129 αὑτὸν
3615 2075 3786 2146 χαλε-

2198 2169 2414 2223 παίνειν
2455 2168 2783 2238 Ῥωμαίους.
2810 2167 3247 2237 Μεγαλοφρόνως
3268 2165 3451 2218 τοίνυν
3475 2168 3503 2218 ό
3533 2164 3777 2234 Πρίσκος

2197 2256 2427 2326 πρέσϐιν
2446 2255 2524 2318 ὡς
2553 2257 2649 2308 τὸν
2680 2256 2932 2322 Χαγάνον
2984 2255 3258 2324 ἐξέπεμψε
3287 2254 3584 2326 (Θεόδωρος
3613 2254 3788 2322 ὕνομα

2199 2346 2392 2416 αὐτῷ),
2425 2346 2525 2417 τὴν
2567 2346 2728 2415 φύσιν
2772 2346 2941 2417 ἄνδρα
2985 2342 3157 2411 δεξιόν
3186 2363 3244 2399 τε
3287 2346 3384 2399 κα)⁸
3427 2343 3784 2415 εὐεπήϐολον,

2199 2439 2304 2506 τὴν
2335 2435 2532 2505 τέχνην
2563 2436 2766 2506 ίατρὸν,
2821 2437 2921 2506 τὴν
2961 2435 3206 2504 γλῶτταν
3251 2435 3554 2502 ἐλεύθερον.
3613 2429 3789 2498 υῦτος

2197 2527 2254 2579 δὲ
2279 2525 2540 2596 κραταιὸς
2590 2525 2727 2596 πρὸς
2771 2523 2863 2579 τὸν
2906 2525 3158 2593 Χαγάνον
3187 2525 3423 2594 ἐγένετο.
3471 2525 3530 2578 '0
3563 2526 3662 2595 μὲν
3687 2523 3790 2579 οὗν

2201 2616 2488 2687 Βαρϐαρπ
2523 2616 2991 2687 φρονηματισθεὶς
3030 2613 3122 2670 ἐπὶ
3174 2619 3284 2680 τοῖς
3318 2615 3468 2685 αὐτῷ
3503 2616 3793 2686 συγκυρή-

2203 2723 2348 2773 σασι,
2382 2707 2502 2760 λίαν
2547 2707 2950 2786 ὑψαυχενίζετο,
2984 2709 3078 2760 καὶ
3108 2707 3299 2778 κύριον
3357 2707 3550 2762 ἑαυτὸν
3589 2708 3793 2774 ἔθνους

2201 2799 2440 2868 ἔφασκεν
2482 2797 2743 2861 ἅπαντος.
2778 2798 2870 2870 Μὴ
2913 2799 3196 2867 προσιέναι
3251 2813 3310 2850 τε
3355 2799 3590 2870 ὅσονπερ
3632 2797 3794 2869 ἥλιος

2202 2890 2465 2944 ἀνατείνει
2496 2889 2557 2943 τὸ
2591 2889 2828 2960 βλέμμα,
2870 2889 2962 2942 τὸν
2987 2882 3374 2956 ἀντιτάξασθαι
3399 2889 3787 2960 δυνησόμενον.

2207 2982 2275 3034 '0
2307 2982 2364 3034 δὲ
2388 2981 2641 3050 πρέσϐις,
2678 2980 2922 3049 ἱστορίας
2970 2976 3174 3050 πολλῆς
3203 2983 3495 3051 γενόμενος
3530 2980 3788 3050 κάτοχος,

2206 3071 2520 3141 βαρϐαρικὰ
2583 3071 3026 3142 παραδείγμασιν
3073 3073 3361 3126 ιταπείνθυ
3406 3073 3779 3142 φρυάγματα.

525 3161 772 3214 contudit
796 3159 1077 3224 ferociam,
1107 3173 1172 3216 ac
1204 3169 1263 3216 ut
1296 3162 1580 3216 historiam
1616 3163 1962 3231 proferamus
1995 3179 2102 3218 non

2208 3163 2396 3215 Είπεῖν
2423 3161 2481 3215 δὲ
2517 3162 2662 3216 κατὰ
2708 3163 2807 3233 τῆς
2863 3163 3102 3232 ἱστορίας
3135 3163 3237 3216 οὐκ
3285 3162 3650 3218 ἀνακόλουθον
3681 3163 3792 3216 ὑπ-

521 3251 630 3305 erit
663 3253 1078 3320 inconsequens.
1130 3250 1274 3306 Dixit
1305 3253 1469 3321 igitur
1501 3269 1515 3305 :
1570 3253 1731 3320 Audi,
1773 3251 1934 3324 179
1956 3254 2098 3313 Cha-

526 3358 682 3411 gane,
707 3343 984 3413 antiquam
1011 3345 1170 3399 nimis
1191 3355 1246 3398 et
1267 3345 1454 3399 utilem
1473 3345 1775 3400 historiam.
1801 3347 1956 3411 Quod
1977 3359 2100 3399 cum

518 3441 787 3486 attentum
821 3431 1038 3487 fecisset
1079 3435 1146 3486 ad
1205 3434 1532 3490 audiendum
1591 3435 1905 3506 Chaganum
1950 3451 2099 3488 exor-

522 3521 694 3588 dium,
727 3532 944 3578 nonest
999 3526 1225 3593 praecisa
1276 3525 1484 3594 reliqua
1540 3527 1777 3581 historiae
1832 3527 2096 3581 narratio.

524 3612 800 3666 Sesostrin
857 3614 1008 3666 aiunt
1066 3615 1236 3668 fuisse
1265 3628 1444 3683 regem
1488 3616 1700 3670 felicem
1727 3629 2010 3686 perquam,
2047 3625 2102 3670 et

521 3706 760 3758 omnium
811 3705 1185 3777 ASgyptiorum
1251 3722 1434 3776 regum
1465 3708 1915 3763 illustrissimum.
1947 3707 2100 3764 Hunc

519 3797 744 3864 gloriari
781 3798 1003 3851 solitum
1032 3799 1098 3852 de
1129 3799 1339 3853 divitiis
1370 3799 1484 3854 suis
1512 3800 1769 3869 antiquus
1785 3809 1868 3854 est
1894 3815 2096 3865 sermo,

523 3885 763 3953 potentia
785 3899 914 3939 vero
944 3885 1256 3954 viribusque
1286 3885 1453 3940 fuisse
1481 3887 1669 3950 tantis,
1707 3897 1766 3940 ut
1803 3889 2098 3957 expugnari

524 3995 633 4032 non
661 3991 840 4047 posset
868 3997 881 4032 :
910 3994 1086 4048 eoque
1134 3982 1253 4035 ideo
1280 3981 1435 4034 luxus
1463 3983 1797 4050 pervenisse,
1825 3989 1884 4036 ut
1937 3998 2099 4036 curru

524 4068 792 4123 fabricato
838 4087 902 4125 ex
963 4085 1115 4137 auro,
1177 4073 1535 4142 pretiosisque
1570 4051 1797 4142 gemmis
1836 4084 2100 4129 exornato

528 4163 820 4216 veheretur
848 4181 862 4216 :
887 4179 951 4217 ac
977 4163 1132 4232 equis
1185 4165 1399 4233 quidem
1434 4166 1662 4233 relictis,
1695 4177 1748 4220 et
1777 4167 1957 4232 mulis,
2008 4168 2100 4222 de-

521 4253 790 4306 victorum
817 4255 955 4308 colla
985 4269 1169 4324 regum
1200 4257 1318 4325 ejus
1338 4256 1467 4326 jugo
1490 4257 1804 4324 subjiceret,
1835 4268 1997 4328 atque
2025 4262 2098 4313 ita

525 4345 576 4397 in
599 4343 775 4399 forum
801 4359 1020 4400 currum
1048 4349 1207 4417 hujus
1238 4347 1483 4403 infelices
1514 4363 1670 4418 reges
1697 4351 2096 4419 protraliereut.

519 4433 623 4490 llic
645 4437 1096 4502 igiturSesostris
1115 4451 1238 4492 cum
1265 4455 1366 4493 non
1395 4440 1566 4494 solum
1587 4455 1691 4495 non
1721 4442 2098 4497 moderaretur

519 4526 754 4582 fortunis
783 4529 923 4592 suis,
957 4530 1051 4584 sed
1080 4531 1310 4599 superbe
1330 4546 1544 4600 quoque
1573 4547 1714 4602 smpe
1726 4549 1954 4588 numero
2000 4548 2098 4588 ειη
2135 4553 2178 4607 ο

521 4616 806 4684 probraret
835 4619 1065 4674 devictis
1112 4621 1332 4689 regibus
1366 4623 1756 4686 calamitatem,
1795 4639 1964 4678 utinm
1995 4625 2099 4679 ali-

518 4720 682 4773 quem
731 4707 919 4762 dicnnt
982 4720 1050 4765 ex
1104 4712 1344 4780 regibus,
1373 4713 1464 4782 qui
1520 4715 1747 4783 subjecti
1772 4725 1930 4769 erant
1974 4716 2103 4788 jugo

519 4809 735 4858 currus,
765 4811 890 4850 cum
925 4813 1116 4867 magna
1150 4801 1292 4856 forte
1319 4812 1376 4856 et
1417 4801 1608 4857 festiva
1636 4804 1954 4860 celebritate
1984 4820 2102 4860 ma-

521 4899 662 4952 gnus
693 4885 973 4943 conflusus
1004 4901 1149 4946 esset
1180 4893 1380 4960 populi,
1443 4893 1644 4948 lentius
1691 4897 2099 4964 protrahontem

517 4991 765 5044 currum,
801 4990 856 5034 et
921 4983 1115 5038 crebro
1168 4967 1654 5055 retrosptcienteni
1701 4989 1952 5042 intuitum
1983 5003 2102 5044 esse

526 5067 912 5126 volutationem
965 5084 1120 5128 rotae.
1171 5072 1421 5144 Cumque
1461 5078 1537 5131 ita
1587 5078 1883 5147 protractio
1907 5093 2104 5134 currus

517 5170 668 5214 esset
693 5161 902 5226 vitiata,
945 5169 1076 5233 quia
1112 5179 1218 5219 non
1246 5179 1440 5221 omnes
1473 5182 1580 5222 uno
1608 5181 1874 5238 u-quoque
1899 5170 2101 5235 studio,

519 5249 610 5318 qui
639 5251 706 5304 ad
743 5267 859 5306 rem
893 5254 1034 5308 hanc
1062 5255 1322 5323 ordinati,
1355 5258 1686 5324 laborarent,
1721 5257 2100 5331 Egyptiorum

515 5353 619 5393 res
648 5341 717 5395 ad
760 5355 882 5396 eum
917 5343 1114 5414 inquit,
1144 5347 1237 5416 qui
1272 5355 1384 5402 tam
1409 5361 1552 5419 εει-ρο
1585 5351 1900 5419 respiceret.
1937 5353 2100 5419 Quid,

523 5431 708 5497 homo,
742 5442 852 5486 tam
898 5449 1040 5506 sape
1069 5439 1426 5509 retrospiclsl
1474 5443 1603 5510 quid
1639 5453 1787 5498 rotas
1841 5444 2106 5500 intueris?

517 5535 786 5586 quorsum
815 5527 1051 5582 trmtsire
1085 5529 1291 5584 hircis?
1314 5528 1468 5585 Hunc
1491 5541 1604 5585 tum
1633 5548 1755 5586 cum
1779 5534 1948 5588 multa
1973 5551 2102 5604 gra-

525 5612 691 5667 uate
717 5614 958 5672 Sesostri
991 5623 1338 5691 respondisse
1366 5640 1382 5677 :
1418 5622 1682 5679 Batarqu
1731 5627 1974 5681 admiror
2007 5645 2104 5682 νυ-

527 5698 850 5760 lubilitatem
879 5717 987 5764 tum
1013 5711 1196 5768 Varios
1215 5711 1428 5771 edicere
1449 5723 1649 5781 motus,
1670 5729 1872 5785 easque
1898 5731 2100 5787 partes,

2208 3253 2360 3323 έστη.
2396 3255 2605 3324 Ἕφησε
2636 3253 2763 3324 γάρ·
2803 3271 2822 3305 ι
2867 3255 3085 3315 Ἀκουε,
3108 3254 3349 3318 Χαγάνε,
3387 3251 3620 3306 παλαιοῦ
3644 3269 3796 3318 τινος

2209 3346 2304 3398 καὶ
2357 3345 2480 3398 λίαν
2534 3345 2699 3413 σοφοῦ
2740 3345 3101 3414 διηγήματος.
3147 3365 3166 3397 ι
3193 3344 3347 3398 Ἐπεὶ
3403 3344 3460 3396 δὲ
3493 3347 3527 3415 η
3573 3343 3796 3415 ἐναρξις

2210 3435 2456 3506 προσεχῆ
2503 3435 2638 3506 πρὸς
2671 3435 2938 3505 ἀκρόασιν
2983 3435 3162 3488 ἐποίει
3195 3438 3288 3488 τὸν
3347 3435 3657 3508 Βάρϐαρον.
3689 3437 3795 3488 οὐκ

2208 3525 2509 3593 ὶλέιμϐανεν
2539 3526 2780 3596 ἐγκοπὴν
2817 3528 2849 3594 ἡ
2875 3527 2974 3594 τῆς
3004 3525 3245 3594 ἱστορίας
3267 3526 3564 3596 ἀφήγησις.
3606 3527 3792 3579 Σέσω-

2210 3616 2362 3686 στρίν
2401 3633 2534 3684 φασι
2567 3618 2900 3688 γεγενῆσθαί
2938 3633 3071 3671 ποτε
3123 3617 3288 3688 ἄνδρα
3318 3617 3436 3671 λίαν
3469 3617 3794 3688 εὐδαίμονα,

2209 3711 2304 3760 καὶ
2367 3707 2467 3776 τῆς
2532 3710 2909 3778 Αἰγυπτιακῆς
2988 3710 3264 3779 βασιλείας
3341 3710 3792 3778 ἐπιφανέστατον.

2210 3799 2412 3852 Τοῦτον
2443 3803 2619 3872 κομᾷν
2647 3802 2740 3854 ἐπὶ
2765 3801 2842 3869 τῷ
2874 3799 3089 3871 πλούτῳ
3127 3801 3283 3870 λόγος
3307 3800 3624 3872 πρεσϐύτης
3654 3803 3792 3872 ἔρειο

2208 3895 2330 3956 ταῖς
2355 3889 2412 3945 δὲ
2442 3893 2704 3962 δυνάμεσι
2740 3893 3037 3960 πεφυκέναι
3076 3892 3196 3947 λίαν
3223 3893 3667 3963 ἀκαταμάχητον·
3702 3893 3795 3946 τὸν

2207 3983 2264 4035 δὲ
2299 3983 2390 4034 ἐπὶ
2416 3983 2668 4037 τοσοῦτον
2721 3982 3055 4054 κραιπαλᾷν,
3105 3982 3246 4036 ὥστε
3290 3984 3624 4054 ἁρμάμαξαν
3651 4000 3791 4051 συμο

2208 4072 2483 4143 πήξασθαι
2535 4073 2966 4144 χρυσοκόλλητον
2992 4115 3006 4136 ,
3039 4073 3222 4136 λίθους
3263 4091 3322 4125 τε
3375 4075 3586 4144 τιμίους
3609 4074 3780 4142 ταύτῃ

2208 4163 2543 4235 περιϐαλεῖν,
2581 4162 2857 4232 ὲφιζάνειν
2890 4180 2947 4215 τε
2983 4164 3075 4216 ἐπὶ
3125 4164 3331 4235 ταύτης
3361 4165 3453 4216 τὸν
3485 4162 3780 4234 Βάρϐαρίιν·

2207 4256 2443 4319 καὶτοῖς
2496 4257 2596 4326 μὲν
2649 4257 2835 4318 ἵπποις
2873 4257 2966 4308 καὶ
3013 4257 3134 4317 ταῖς
3174 4257 3423 4325 ἡμιόνοις
3468 4257 3681 4325 χαίρειν
3713 4256 3794 4308 εἰε-

2197 4348 2355 4410 .πείν,
2385 4347 2512 4408 τοὺς
2558 4346 2614 4398 δὲ
2644 4344 2750 4397 τῶν
2779 4345 3104 4415 ἡττημένων
3137 4345 3404 4416 βασιλέων
3457 4345 3538 4415 τῷ
3588 4345 3798 4415 ταύτης

2207 4437 2359 4505 ζυγῷ
2411 4421 2539 4500 τούς
2595 4437 2832 4506 αὐχένας
2879 4437 3216 4507 περιϐαλεῖν,
3258 4436 3441 4491 ἕλκειν
3463 4453 3523 4490 τε
3556 4438 3652 4491 ἐπὶ
3696 4439 3798 4508 τῆς

2205 4529 2412 4598 ἀγορᾶς
2455 4529 2581 4590 τοὺς
2613 4529 2959 4598 ἠτυχηκότας
3008 4528 3118 4582 τῶν
3164 4529 3430 4600 βασιλέων
3481 4531 3543 4583 τὺ
3597 4528 3794 4582 τούτου

2207 4618 2411 4688 ϐλημα.
2461 4617 2566 4671 Τοῦ
2604 4618 2787 4672 τοίνυν
2821 4619 3140 4690 Σεσώστρου
3175 4621 3251 4693 μὴ
3291 4620 3799 4691 μετριοπαθοῦντος

2208 4709 2301 4762 ἐπὶ
2327 4711 2446 4772 ταῖς
2476 4709 2826 4781 εὐπραγίαις,
2848 4711 2984 4764 ἀλλὰ
3016 4712 3330 4782 περιφανῶς
3359 4712 3622 4776 πολλάκις
3655 4729 3799 4766 κατ·

2209 4799 2559 4864 ονειδίζοντος
2611 4803 2723 4864 τοῖς
2801 4802 3131 4872 ἡττημένοις
3178 4801 3278 4873 τὴν
3333 4802 3644 4875 συμφορὰν,
3699 4804 3799 4858 ἓνα

2208 4893 2331 4945 τινὰ
2380 4892 2489 4946 τῶν
2537 4892 2800 4963 βασιλέων
2837 4895 2972 4962 φασὶ
3022 4894 3134 4948 τῶν
3194 4893 3656 4965 ὑποϐεϐλημένων
3718 4895 3798 4960 τῷ

2209 4986 2474 5056 ζυγῷτοῦ
2503 4988 2802 5060 ὀχήματος,
2847 4991 2906 5042 ὲν
2951 4989 3160 5060 μεγάλῃ
3205 4991 3312 5044 τινὶ
3359 4992 3454 5045 καὶ
3503 4993 3801 5061 περιφανεῖ

2208 5079 2369 5149 ἑορτῇ
2425 5079 2536 5133 τῶν
2589 5081 2905 5150 Αἰγυπτίων
2965 5083 3386 5154 συρρευσάντων
3437 5081 3614 5153 ὄχλων
3640 5123 3658 5147 ,
3718 5083 3796 5152 μὴ

2208 5167 2413 5224 ἐθέλειν
2463 5171 2644 5225 ἕλκειν
2690 5173 2751 5226 τὸ
2797 5174 3002 5243 ὄχημα,
3056 5173 3240 5226 πυκνά
3291 5190 3350 5226 τε
3402 5177 3483 5237 είς
3553 5173 3800 5228 τούπίσω

2213 5263 2547 5334 στρέφεσθαι
2574 5307 2589 5329 ,
2650 5266 2744 5318 καὶ
2775 5265 2872 5337 τὴν
2918 5267 3009 5318 ἐπὶ
3047 5267 3156 5319 τῶν
3185 5267 3396 5338 τροχῶν
3447 5267 3664 5338 κίνησιν
3711 5267 3796 5321 δι-

2205 5354 2457 5424 ορᾶσθαι.
2505 5355 2866 5427 Ἀσυμφώνου
2907 5357 3085 5410 τοίνυν
3132 5359 3228 5427 τῆς
3267 5359 3434 5428 ὁλκῆς
3475 5359 3792 5428 γινομένης,

2206 5449 2295 5501 διὰ
2316 5448 2378 5501 τὸ
2405 5451 2482 5520 μὴ
2519 5451 2649 5520 μίαν
2685 5451 2903 5504 σύνεσιν
2933 5451 3062 5514 τοὺς
3092 5452 3184 5504 ἐπὶ
3212 5452 3388 5523 τούτῳ
3417 5454 3793 5523 συντεταγμέο

2208 5555 2334 5604 νους
2373 5543 2730 5614 ποιήσασθαι,
2756 5547 2783 5598 ό
2813 5544 2922 5597 τῶν
2969 5545 3289 5613 Αἰγυπτίων
3327 5545 3579 5614 βασιλεὺς
3616 5545 3794 5616 ἔφησε

2209 5630 2345 5701 πρὸς
2371 5633 2464 5686 τὸν
2518 5633 2647 5698 τοὺς
2695 5637 2906 5698 πυκνὰς
2942 5634 3271 5706 ποιούμενον
3294 5637 3627 5706 συστροφάς·
3659 5639 3791 5688 ’Λν-

2210 5721 2422 5791 ορωπε,
2455 5725 2509 5778 τί
2545 5726 2682 5795 πρὸς
2705 5727 2952 5784 τούπίσω
2997 5729 3060 5784 τὸ
3097 5727 3317 5800 βλέμμα
3350 5725 3546 5795 κινεῖς;
3578 5729 3632 5782 τί
3661 5729 3792 5790 τοὺς
