4096 6420
315 327 423 390 933
1074 327 1171 389 DE
1209 323 1774 392 LEGATIONIBUS
1812 327 2299 394 ROMANORUM
2340 332 2440 391 AD
2477 327 2790 394 GENTES.
3459 339 3566 403 934

316 439 546 514 τροχοὺς
595 438 865 509 ίστορεῖς;
923 441 1013 492 ποί
1064 439 1319 506 διεξεῖναι
1381 442 1660 513 κέχηναςς
1707 441 1799 496 τὸν
1839 443 1897 496 δὲ

2003 460 2119 514 quae
2141 447 2194 499 in
2229 445 2392 502 altum
2427 456 2553 501 sunt
2575 448 2750 511 elatar,
2803 445 2997 523 deferri
3032 459 3224 505 rursus
3253 451 3304 505 in
3336 460 3572 518 terram;

320 533 493 602 φῆσαι
525 527 679 600 ,μετά
729 529 1047 599 φιλοσοφίας
1100 533 1302 602 πολλῆς
1360 534 1496 602 πρὸς
1547 534 1890 602 Σέσωστριν

2003 547 2055 595 et
2099 540 2340 595 vicissim
2391 549 2505 606 eas",
2540 553 2660 610 quae
2707 547 2905 594 terram
2934 541 3151 606 radunt,
3188 554 3369 613 postea
3393 545 3571 602 evehi.

317 625 641 694 τεθαύμακα
665 624 775 676 τῶν
799 622 1009 692 τροχῶν
1036 621 1104 676 τὰ
1125 624 1404 693 κινήματα
1426 623 1717 694 ἀνώμαλον
1747 623 1895 694 ἔχειν

2003 629 2130 696 Quae
2179 644 2304 685 cum
2356 631 2650 686 audivisset
2701 628 2984 695 Sesostris,
3037 633 3442 703 didicissetque,
3505 651 3573 690 ne

317 717 419 785 τὴν
455 715 692 784 κίνησιν.
717 711 800 767 Τὰ
825 713 1006 766 τοίνυν
1040 714 1247 767 τούτων
1283 715 1422 785 μέρη
1450 715 1894 786 μετεωρούμενα,

2003 717 2163 773 nimis
2196 720 2365 774 altum
2392 731 2628 790 saperet,
2661 721 2894 791 jussisse
2919 723 3209 793 resumptis
3229 739 3417 780 eorum
3451 727 3574 781 loco

317 805 472 869 αὖθις
495 803 829 874 καταχθόνια
863 803 1094 873 γίνεται·
1133 806 1230 858 καὶ
1273 805 1513 874 ἔμπαλιν
1550 806 1620 859 τά
1666 805 1898 876 περιπέ-

320 901 432 965 Cia,
487 901 625 969 μετὰ
664 898 826 952 τοῦτο
881 898 1298 970 ἀπαιωρίζεται.
1349 899 1572 955 Τούτων
1605 900 1898 972 τοιγαροῦν

319 989 599 1058 ἀκηκοότα
618 988 711 1041 τὸν
739 987 1073 1057 Σέσωστριν,
1100 987 1458 1061 παιδευθῆναι
1490 991 1567 1062 μὴ
1594 992 1738 1061 μέγα
1766 999 1898 1063 φρο-

319 1084 452 1146 νεῖν,
505 1079 869 1162 νομοθετῆσαι
916 1097 978 1133 τε
1028 1083 1157 1145 τοὺς
1218 1081 1533 1152 βασιλικοὺς
1560 1082 1793 1153 αὐχένας
1820 1080 1898 1156 τῷ

322 1173 478 1243 ζυγῷ
496 1173 782 1244 ἀφεθῆναι·
814 1168 935 1227 εἷτα
967 1173 1216 1244 ἡμιόνοις
1241 1173 1343 1244 τὴν
1375 1175 1542 1244 ὁλκὴν
1581 1176 1896 1246 ἐπιτρέψαι.

322 1265 508 1319 Ταῦτά
564 1282 625 1319 σε
677 1266 1000 1330 παιδευέτω,
1038 1265 1280 1335 Χαγάνε,
1337 1267 1488 1320 οὐδὲν
1545 1269 1900 1340 ἀπιστότερον

321 1356 648 1429 εὐπραγίας·
687 1357 716 1411 6
763 1355 862 1428 μὲν
906 1353 1004 1412 οὖν
1053 1357 1329 1426 Χατάνος,
1359 1358 1768 1430 ἀποθαυμάσας
1799 1361 1900 1431 τὴν

323 1447 623 1504 ἐπιείκειαν
644 1445 740 1503 τοὺ
767 1446 981 1520 ἀνδρὸς,
1006 1447 1228 1513 κολάζει
1253 1450 1347 1503 τὸν
1371 1449 1562 1520 τύφον,
1589 1451 1900 1507 καταπαύει

322 1539 383 1591 τὸ
415 1538 632 1609 θράσος,
690 1535 1019 1609 μεταϐάλλει
1070 1541 1208 1612 πρὸς
1258 1541 1542 1614 είρηναίαν
1589 1543 1776 1614 σχέσιν
1831 1545 1902 1599 τά

323 1631 646 1702 πράγματα.
680 1624 981 1703 Τοιγαροῦν
1026 1630 1176 1701 ὥρας
1221 1631 1619 1703 ἀποσιωπήσας
1671 1632 1896 1698 πολλὰς,

321 1723 492 1794 ἔφησε
541 1723 678 1794 πρὸς
713 1717 990 1795 Θεόδωρον
1014 1741 1028 1756 ο
1064 1720 1196 1778 Οἶδα
1243 1725 1338 1777 καὶ
1387 1727 1673 1796 τυραννεῖν
1727 1725 1897 1796 θυμὸν

327 1809 699 1880 ἐξοιδαίνοντα,
746 1811 865 1870 οῖδα
923 1817 1016 1869 καὶ
1073 1815 1392 1886 στρατεύειν
1443 1817 1635 1886 ὀργήν’
1667 1816 1782 1869 ἀλλ’
1806 1817 1895 1869 ὅτε

323 1905 512 1971 καιρὸς
545 1903 931 1974 χαλεπότητος,
981 1904 1302 1974 διαλέλυμαι
1354 1904 1432 1974 τῷ
1485 1905 1730 1976 Πρίσκῳ,
1768 1901 1898 1958 Θεό-

320 1998 482 2067 δωρε.
516 1998 698 2049 Ἐστω
740 1996 798 2048 δέ
830 2012 922 2065 μοι
951 1994 1046 2049 καὶ
1078 1996 1241 2058 αὑτὸς
1268 1996 1420 2065 φίλος
1466 1995 1743 2065 ἐπιεικὴς,
1767 1997 1900 2064 ἀγέ-

323 2099 524 2159 ραστος
576 2091 676 2158 τῆς
726 2086 877 2150 λείας
929 2085 1007 2157 μὴ
1059 2089 1269 2156 μενέτω
1316 2088 1588 2155 Χαγάνος.
1628 2087 1756 2140 Ἐπὶ
1794 2088 1897 2157 τῆς

325 2172 462 2251 ἐμῆς
503 2181 606 2252 γῆς
660 2179 980 2250 ἐπιϐέϐηκε.
1039 2181 1176 2250 Περὶ
1221 2181 1346 2244 τοὺς
1401 2182 1570 2251 ἐμοὺς
1621 2181 1897 2251 ὑπηκόους

323 2273 654 2344 ἐξήμαρτεν.
691 2271 873 2324 Ἔστω
913 2271 982 2324 τά
1039 2270 1140 2340 τῆς
1196 2271 1506 2340 εὐπραγίας
1554 2271 1729 2325 κοινά.
1775 2271 1897 2323 Ἐπὶ

321 2364 535 2426 τούτοις
573 2363 1134 2434 φιλοφρονησάμενος,
1177 2363 1315 2434 πρὸς
1348 2364 1590 2433 Πρίσκον
1621 2365 1716 2416 τὸν
1767 2363 1898 2416 Θεό-

321 2455 494 2524 δωρον
527 2453 796 2522 ἔπεμπεν.
849 2453 908 2504 Ὅ
961 2452 1235 2522 Θεόδωρος
1285 2451 1509 2522 Πρίσκῳ
1535 2453 1663 2515 τοὺς
1699 2452 1898 2520 λόγους

320 2547 414 2602 τοῦ
445 2545 728 2617 Βαρϐάρου
781 2545 1050 2616 διεξῆλθε·
1085 2545 1183 2598 καὶ
1209 2545 1240 2598 6
1275 2543 1510 2615 Πρίσκος
1532 2547 1598 2616 τῇ
1635 2545 1897 2615 ὑστεραίᾳ

320 2637 616 2707 ἐκκλησίαν
659 2637 904 2700 ἐκάθισε,
951 2633 1187 2706 παρῄνει
1257 2652 1318 2688 τε
1359 2635 1674 2705 Ῥωμαίοις,
1709 2652 1898 2688 κοινω-

319 2727 410 2781 νδν
444 2727 555 2780 τῶν
584 2727 852 2798 λαφύρων
896 2726 1224 2796 ποιήσασθαι
1251 2726 1348 2778 καὶ
1369 2726 1462 2778 τὸν
1485 2725 1788 2798 Βάρϐαρον.
1831 2727 1894 2779 Oi

317 2817 378 2872 δὲ
418 2817 680 2886 Ῥωμαῖοι
734 2817 874 2879 τὲως
936 2817 1072 2886 πρὸς
1123 2817 1186 2868 τὸ
1223 2814 1490 2870 συνοίσειν
1547 2816 1622 2886 μὴ
1664 2816 1898 2885 ἐνδημῆ-

325 2921 540 2973 σαντες,
575 2907 1002 2972 κατεστασίαζον
1029 2906 1123 2959 τοῦ
1152 2905 1480 2977 στρατηγοῦ.
1529 2906 1587 2958 '0
1616 2906 1673 2959 δὲ
1700 2923 1899 2974 στρατ-

318 3000 474 3070 ηγὸς,
515 2999 730 3063 πολλοῖς
783 2999 876 3052 καὶ.
939 2998 1240 3063 ποικίλοις,
1302 3000 1396 3051 καὶ
1484 2997 1608 3051 λίαν
1657 2998 1896 3051 ἐντελέσι

324 3089 500 3158 λόγοις
523 3081 895 3162 χρησάμενος,
923 3089 1018 3153 τὰς
1043 3090 1302 3159 δυνάμεις
1336 3088 1602 3143 ὑπέπεισε
1631 3089 1814 3143 δοῦναί
1843 3105 1897 3142 τι

1997 810 2215 864 mulisa
2245 810 2374 880 jugo
2403 812 2541 867 colla
2590 819 2780 883 regum
2834 814 2990 869 solvi.
3041 813 3169 870 Haec
3223 825 3278 871 te
3324 815 3572 885 doceant,

1987 895 2271 973 'Chagane,
2326 897 2590 960 felicitate
2621 904 2754 958 nihil
2784 915 2908 960 esse
2953 906 3282 962 lnstabilius.
3329 907 3576 978 Quapro-
3630 904 3636 910 ’

1996 1000 2118 1060 pter
2151 991 2453 1047 admiratus
2499 993 2845 1063 prudentiam
2880 995 3113 1050 hominis
3158 995 3444 1066 Chaganus
3488 998 3574 1051 fa-

1997 1081 2140 1136 Stum
2179 1083 2512 1154 comprimit,
2536 1086 2676 1141 sistit
2721 1085 3124 1153 conﬁdentiam,
3182 1103 3376 1157 resque
3425 1103 3575 1143 com-

1998 1173 2156 1242 ponit
2179 1175 2246 1230 ad
2273 1184 2478 1231 statum
2501 1177 2676 1246 pacis,
2707 1192 2772 1234 ac
2801 1179 2876 1233 ita
2901 1193 3022 1234 cum
3054 1195 3150 1250 per
3177 1181 3338 1236 horas
3365 1181 3575 1252 aliquot

1998 1265 2257 1332 siluisset,
2303 1267 2371 1321 ad
2412 1265 2777 1333 Theodorum,
2808 1268 2966 1336 Novi,
2995 1269 3192 1341 inquit,
3238 1272 3420 1328 animo
3446 1287 3571 1328 meo

1997 1356 2291 1421 moderari,
2318 1357 2537 1428 quando
2580 1360 2863 1426 exuberat,
2917 1361 3039 1415 novi
3079 1360 3241 1415 etiam
3271 1361 3407 1416 iram
3454 1363 3576 1416 vin-

1999 1453 2143 1513 cere,
2175 1447 2270 1503 sed
2299 1449 2483 1505 habita
2513 1450 2726 1506 ratione
2753 1451 3035 1522 temporis.
3061 1450 3574 1522 Abstineoamplius

2000 1553 2031 1593 a
2060 1539 2276 1608 Prisco,
2299 1541 2604 1608 Theodore,
2629 1544 2700 1598 sit
2726 1553 2780 1598 et
2807 1543 2897 1599 ille
2929 1544 3060 1599 mihi
3089 1561 3273 1612 aequus
3297 1546 3576 1615 bonusque

2000 1633 2231 1696 amicus,
2260 1647 2327 1687 ex
2360 1645 2514 1702 parte
2546 1635 2741 1703 prada:
2789 1650 2859 1690 ne
2915 1636 3234 1691 excludatur
3261 1636 3573 1705 Cbaganus,

2001 1721 2056 1776 in
2101 1735 2275 1776 meam
2311 1730 2506 1775 terram
2533 1721 2836 1786 descendit,
2867 1723 2920 1776 in
2974 1737 3125 1778 meos
3171 1725 3419 1778 subditos
3464 1726 3576 1779 vim

2002 1814 2266 1870 exercuit.
2288 1812 2590 1868 Commune
2635 1821 2777 1878 esto,
2806 1815 2849 1869 si
2882 1814 3012 1884 quid
3046 1815 3172 1869 inde
3203 1825 3287 1870 est
3324 1814 3576 1870 fortuna-

2002 1919 2143 1960 rum.
2172 1903 2285 1960 Hac
2335 1905 2417 1961 sic
2452 1905 2794 1961 humanitate
2842 1916 3162 1975 prosecutus
3207 1905 3573 1973 Theodorum,

2000 2001 2068 2060 ad
2098 1995 2346 2053 Priscum
2374 1998 2606 2063 remisit,
2635 2013 2758 2052 cum
2802 2012 2932 2053 vero
2991 1998 3176 2053 Prisco
3208 1998 3482 2052 retulisset
3511 2012 3574 2052 ea

2003 2089 2340 2153 Theodorus,
2366 2105 2487 2159 quae
2522 2089 2627 2146 sibi
2662 2089 2937 2144 Barbarus
2979 2087 3189 2146 locutus
3217 2100 3353 2156 erat,
3376 2092 3576 2145 exhor-

2002 2187 2148 2235 tatus
2189 2191 2275 2235 est
2309 2179 2587 2236 Romanos
2637 2181 2877 2247 Priscus,
2937 2193 2996 2238 ut
3041 2184 3094 2237 in
3127 2191 3334 2250 partem
3363 2197 3578 2252 quoque

2001 2270 2306 2338 spoliorum
2335 2270 2690 2324 admitterent
2718 2269 3042 2324 Barbarum.
3072 2269 3298 2326 Romani
3323 2271 3448 2325 licet
3480 2272 3579 2324 ab-

2000 2365 2262 2428 negarent
2313 2359 2513 2427 primo,
2570 2360 2803 2429 ducique
2847 2361 3011 2429 180
3064 2361 3423 2426 rebellarent,
3466 2361 3573 2414 dux

2004 2459 2186 2504 tamen
2239 2449 2448 2517 multis,
2479 2458 2536 2503 et
2575 2450 2746 2504 variis
2770 2464 2942 2519 usque
2965 2451 3101 2506 adeo
3119 2450 3577 2518 prudentibusque

2003 2540 2183 2597 verbis
2208 2538 2428 2604 affatus,
2449 2538 2745 2593 exercitum
2766 2539 3056 2608 persuasit,
3093 2546 3151 2592 ut
3175 2540 3410 2607 praedam
3436 2553 3576 2606 quo-

2003 2645 2108 2700 que
2167 2631 2473 2699 diriperent
2500 2630 2642 2684 inter
2699 2627 3026 2685 Barbarum.
3089 2628 3338 2684 Redditis
3394 2630 3579 2698 itaque

2002 2719 2233 2776 Romani
2257 2720 2539 2789 Chagano,
2568 2733 2712 2789 quos
2746 2728 3012 2787 ceperant
3041 2717 3317 2781 Barbaris,
3370 2718 3578 2787 reliqua

2002 2810 2186 2881 praeda
2214 2810 2321 2865 sibi
2353 2820 2588 2876 retenta,
2647 2810 2980 2864 discordiam
3014 2824 3230 2865 omnem
3256 2823 3580 2878 composue-

2005 2912 2151 2958 runt.
2182 2901 2475 2970 Chaganus
2503 2915 2722 2971 quoque
2745 2915 2870 2955 cum
2895 2901 3090 2956 lubens
3115 2901 3410 2970 recepisset
3437 2899 3578 2953 Baro

2003 2994 2188 3061 baros,
2217 3008 2316 3061 per
2344 2991 2621 3061 regionem
2653 3005 2824 3046 suam
2851 2991 3122 3046 concessit
3146 2991 3460 3046 transitum.
3513 2988 3583 3043 Et

2003 3085 2080 3140 ita
2106 3083 2328 3155 quidem
2360 3084 2615 3149 Romani,
2660 3084 2920 3154 quinque
2950 3083 3194 3138 millibus
3216 3081 3580 3138 Barbaron

329 3175 596 3248 Βαρϐάρῳ
628 3177 732 3247 τῆς
751 3177 924 3240 λείας.
955 3177 1241 3231 Ἀπέδοντο
1269 3178 1452 3231 τοίνυν
1485 3178 1745 3247 Ῥωμαῖοι
1770 3177 1900 3242 τοὺς

2003 3175 2264 3247 Chagano
2302 3177 2464 3241 datis,
2515 3175 2791 3244 Drizipera
2840 3175 3065 3230 veniunt
3099 3192 3112 3228 :
3145 3175 3252 3229 dux
3282 3173 3583 3236 exercitus,
3695 3171 3701 3179 '

321 3266 637 3330 ἑαλωκότας
670 3267 752 3336 τῷ
815 3266 1057 3337 Χαγάνῳ
1085 3266 1426 3337 Βαρϐάρους.
1456 3266 1578 3320 Τῶν
1610 3267 1665 3320 δὲ
1695 3267 1900 3320 λοιπῶν

2004 3267 2348 3338 Byzantium.
2401 3267 2698 3322 Mauricius
2759 3277 2942 3323 autem
3008 3281 3158 3331 eum,
3227 3265 3454 3335 ejusque
3505 3263 3585 3318 le-

321 3356 580 3426 λαφύρων
613 3359 886 3428 ἀμέτοχον
931 3359 1096 3412 αὑτὸν
1137 3359 1502 3428 ποιησάμενοι
1534 3356 1814 3411 διαλύουσι
1840 3357 1900 3410 τδ

2008 3358 2232 3414 nitatem
2256 3358 2348 3428 qui
2375 3367 2483 3412 tant
2522 3358 2688 3413 stulte
2717 3356 2958 3413 Barbaro
2997 3359 3064 3412 de
3107 3344 3294 3425 spoliis
3334 3357 3584 3419 cesserit,

320 3449 647 3517 ἀμφίϐολον.
710 3450 1036 3520 Ἀσμενίσας
1093 3450 1274 3521 τοίνυν
1310 3453 1340 3502 ὁ
1367 3450 1618 3518 Χαγὰνος
1648 3451 1747 3519 τὴν
1793 3449 1900 3502 τῶν

2007 3449 2380 3516 reprehendit,
2411 3455 2466 3502 et
2493 3448 2562 3501 ab
2601 3447 2781 3502 oﬂicio
2818 3457 3060 3502 remotus
3087 3457 3169 3500 est
3203 3446 3439 3500 Priscus.

320 3539 618 3608 Βαρϐάρων
645 3541 917 3604 ἀπόδοσιν,
953 3539 1138 3610 χώραν
1172 3540 1340 3592 ἐδίδου
1387 3543 1506 3602 ταῖς
1537 3539 1873 3594 διαϐάσεσιν.
1915 3538 2074 3592 Οὕτω
2113 3539 2214 3608 μὲν
2276 3538 2368 3592 οὖν
2400 3539 2448 3592 oi
2493 3537 2770 3607 Ῥωμαῖαι
2822 3545 2862 3590 ε’
2890 3537 3132 3606 χιλιάδας
3157 3537 3458 3615 Βαρϐάρων
3486 3534 3572 3606 τῷ

321 3629 558 3702 Χαγάνῳ
615 3635 819 3702 προῖκα
875 3632 1332 3701 καταϐαλόμενοι,
1376 3631 1470 3684 ἐπὶ
1511 3631 1580 3684 τά
1659 3630 1935 3702 Δριξίπρα
1971 3632 2233 3700 γίνονται·
2274 3635 2303 3686 ὁ
2362 3633 2420 3700 δὲ
2461 3631 2765 3703 στρατηγὸς
2798 3632 2856 3693 ἐς
2898 3627 3212 3692 Βυζάντιον,
3261 3631 3288 3680 ὁ
3323 3628 3380 3681 δὲ
3420 3630 3582 3682 Μαυ-

321 3722 496 3790 ρίκιος
525 3723 698 3792 τούτῳ
726 3723 1025 3792 ἐμέμφετο,
1065 3721 1347 3790 σφάλμασι
1369 3739 1428 3773 τε
1460 3720 1715 3790 εὐηθείας
1741 3721 1903 3774 αὑτὸν
1942 3721 2288 3792 περιέϐαλεν,
2343 3722 2617 3784 ἀσυνέτως
2645 3719 3027 3774 ἀποδεδωκότα
3081 3720 3160 3789 τῷ
3182 3718 3452 3787 Βαρϐάρῳ
3481 3719 3586 3789 τὴν

318 3814 494 3878 λείαν,
524 3815 617 3866 καὶ
647 3816 1150 3884 ἀποχειροτονεῖται
1183 3815 1211 3865 ὁ
1241 3813 1502 3884 Πρίσκος.

393 3912 518 3962 Ὅτι
557 3909 669 3965 τῶν
711 3910 958 3977 Ἀϐάρων
990 3909 1388 3979 ὲπιτρεχόντων
1428 3911 1498 3963 τὰ
1527 3912 1628 3979 τῆς
1657 3909 1900 3981 Θρᾴκης,

2082 3905 2236 3975 Quod
2265 3919 2392 3961 cum
2416 3903 2586 3958 Abari
2622 3905 2677 3959 in
2711 3903 3000 3958 Thraciam
3049 3902 3292 3956 facerent
3317 3901 3584 3954 incursio-

320 4003 354 4073 ἡ
381 4001 683 4069 σύγκλητος
729 4001 964 4071 παρῄνει
1004 3999 1083 4070 τῷ
1135 4001 1427 4071 Μαυρικίῳ
1486 4002 1622 4070 πρὸς
1664 4001 1756 4052 τὸν
1792 4002 1900 4053 Χα-

2011 4015 2130 4063 nes,
2173 4005 2396 4053 senatus
2433 3996 2641 4050 monuit
2693 3994 3013 4049 Mauriciqu
3047 3995 3112 4048 de
3151 3993 3416 4060 legatione
3456 3994 3587 4044 mit-

320 4096 488 4162 γάνον
514 4094 817 4166 πρεσϐείαν
854 4094 1268 4164 ἐκπέμψασθαι.
1301 4095 1360 4147 '0
1382 4096 1437 4148 δὲ
1458 4095 1713 4165 βασιλεὺς
1735 4111 1900 4164 προσ-

2009 4092 2170 4147 tenda
2204 4091 2272 4144 ad
2323 4089 2642 4158 Chaganum
2697 4105 2710 4140 :
2757 4101 2927 4156 quare
2981 4093 3230 4140 vocatum
3275 4084 3343 4138 ad
3383 4097 3442 4136 se
3492 4097 3586 4136 rex

318 4183 691 4251 καλεσάμενος
716 4181 807 4234 τὸν
847 4182 1175 4253 Ἀρμάτωνα
1210 4182 1439 4253 πρέσϐιν
1461 4185 1780 4254 χειροτονεῖ,
1805 4184 1900 4237 καί¹

2007 4183 2395 4238 Harmatonem
2428 4179 2662 4248 legatum
2685 4187 2857 4244 creat,
2883 4186 2939 4231 et
2959 4177 3026 4230 ad
3049 4174 3363 4245 Chaganum
3400 4173 3584 4227 mittit.

319 4277 394 4342 ὡς
425 4275 591 4329 αὑτὸν
615 4275 865 4342 Χαγὰνον
897 4275 1222 4345 ἐξέπεμψεν.
1268 4275 1328 4328 '0
1355 4276 1454 4346 μὲν
1482 4272 1576 4329 οὖν
1612 4275 1900 4346 ’Λρμάτων

2005 4273 2193 4342 itaque
2245 4268 2541 4323 Harmaton
2603 4265 2883 4331 Drizipera
2922 4264 3092 4328 venit,
3147 4275 3374 4316 munera
3417 4260 3587 4314 multa

319 4366 379 4429 ἐς
426 4364 493 4418 τὰ
527 4363 803 4434 Δριξίπρα
841 4364 1072 4432 γίνεται,
1126 4364 1308 4436 πλήθη
1343 4365 1534 4436 δώρων
1562 4367 1900 4437 ἐπιφερόμε-

2006 4370 2189 4419 secum
2244 4359 2446 4425 ferens,
2488 4358 2578 4411 ubi
2618 4372 2741 4411 cum
2792 4355 3083 4424 Cltaganus
3129 4361 3424 4423 praesentes
3471 4361 3586 4406 tum

322 4474 432 4520 νος.
469 4457 528 4509 '0
561 4456 618 4508 δὲ
647 4456 899 4525 Χαγάνος
933 4456 1030 4520 τὰς
1060 4457 1355 4527 παρούσας
1412 4459 1584 4529 τύχας
1635 4458 1900 4529 ἀποδυρό-

2008 4459 2253 4513 fortunas
2283 4455 2494 4523 lugens,
2525 4449 2751 4506 deﬁeret
2773 4448 2912 4502 ultra
2942 4446 3162 4503 modum
3189 4453 3420 4499 mortem
3448 4443 3588 4496 lilio-

325 4563 506 4615 μενος,
549 4547 768 4619 ἐθρήνει
806 4546 1056 4616 ἀσχέτως
1111 4547 1210 4617 τὴν
1264 4549 1540 4620 ἀποϐολὴν
1599 4548 1709 4604 τῶν
1746 4550 1902 4614 υἱῶν,

319 4639 421 4708 τήν
453 4655 510 4691 τε
538 4637 648 4690 τῶν
680 4638 966 4707 δυνάμεων
987 4636 1191 4708 λύμην.
1219 4639 1364 4692 Δὲκα
1391 4639 1447 4692 δὲ
1481 4639 1692 4710 ἡμέρας
1729 4640 1909 4694 ἐνδια-

322 4728 515 4800 cpida;
550 4731 578 4780 6
610 4728 840 4798 πρέσϐις
881 4727 956 4798 τῷ
1001 4727 1263 4798 Χαγὰνῳ,
1319 4729 1457 4799 πρὸς
1491 4729 1682 4798 λόγους
1717 4731 1780 4784 οὑ
1824 4731 1909 4799 γί-

322 4836 491 4874 νεται.
545 4814 656 4871 Ἦν
699 4821 808 4889 γὰρ
854 4819 916 4871 τὸ
948 4817 1142 4882 πένθος
1169 4818 1360 4890 δριμὺ,
1395 4821 1489 4873 καὶ
1530 4822 1600 4874 τὰ
1641 4821 1743 4890 τῆς
1770 4838 1910 4890 συμ-

323 4917 495 4986 φορᾶς
526 4915 889 4986 ἁμεθόδευτα.
912 4914 1207 4986 Δωδεκάτῃ
1236 4915 1292 4967 δὲ
1355 4915 1541 4986 ἡμέρᾳ
1571 4916 1848 4984 εἰσάγεται
1878 4915 1908 4968 6

323 5007 554 5078 πρέσϐις
593 5008 675 5068 εἰς
706 5007 807 5078 τὴν
841 5007 940 5061 τοῦ
985 5006 1274 5077 Βαρϐάρου
1331 5007 1561 5076 σκηνήν.
1599 5006 1658 5060 '0
1685 5006 1784 5077 μὲν
1812 5003 1908 5062 οὗν

321 5097 591 5167 πρέσϐις,
627 5095 808 5163 λόγοις
843 5097 1028 5168 ἡπίοις
1100 5097 1389 5151 κολακεύει
1451 5097 1543 5151 τὸν
1598 5098 1906 5168 Βάρϐαρον.

331 5189 392 5242 Ὀ
419 5188 495 5254 δὲ,
524 5189 942 5258 δυσανασχέτως
965 5185 1078 5259 εἶχε
1099 5190 1168 5242 τὰ
1209 5187 1473 5258 βασιλικὰ
1508 5188 1906 5252 καταδέξασθαι

321 5278 487 5347 δῶρα,
521 5278 808 5347 μονονουχὶ
858 5278 921 5331 τὸ
973 5279 1073 5346 τῆς
1123 5278 1437 5348 τραγῳδίας
1481 5278 1906 5348 ἐπιφερόμενος,

322 5367 531 5438 ἐχθρῶν
561 5367 746 5437 ἄδωρα
774 5367 946 5438 δῶρα.
977 5369 1090 5422 Καὶ
1120 5367 1252 5436 γοῦν
1283 5369 1310 5420 6
1345 5369 1602 5438 πρέσϐις,
1635 5368 1907 5432 πλείστοις

321 5455 497 5523 λόγοις
531 5456 902 5526 χρησάμενος,
968 5456 1144 5510 πείθει
1201 5458 1501 5528 τιμηθῆναι
1553 5462 1667 5522 τοῖς
1709 5457 1907 5528 δώροις

319 5551 413 5602 τὸν
450 5551 757 5620 Βάρϐαρον.
793 5550 870 5620 Τῇ
910 5549 956 5603 δ’
996 5549 1258 5620 ὑστεραίᾳ
1303 5549 1401 5620 τὴν
1435 5553 1660 5622 εἰρήνην
1690 5544 1719 5603 6
1759 5551 1906 5622 Βάρ-

322 5641 491 5710 ϐαρος
524 5644 955 5712 συστησάμενος,
1007 5642 1143 5712 πρὸς
1195 5642 1292 5710 τὴν
1325 5642 1617 5706 ἀνάζευξιν
1655 5643 1904 5696 ἔϐλεπεν.

325 5731 574 5801 Ἔφασκε
627 5730 685 5786 δὲ
734 5733 762 5785 6
808 5732 1061 5798 Χαγάνος
1106 5733 1403 5798 ὲπιλέξεως
1467 5731 1612 5803 [ἐπὶ
1657 5732 1907 5804 λέξεως]

2008 4561 2153 4612 rum,
2173 4554 2226 4601 et
2256 4545 2308 4598 in
2337 4542 2579 4598 exercitu
2632 4554 2731 4594 suo
2759 4546 3098 4608 grassantem
3132 4545 3362 4604 pestem,
3396 4533 3591 4587 decem

2009 4639 2160 4709 prius
2180 4644 2548 4692 commoratus
2569 4643 2652 4688 est
2680 4631 2818 4696 dies,
2849 4643 3014 4700 quant
3039 4628 3107 4682 ad
3154 4626 3467 4694 Chaganum
3492 4624 3589 4678 ad-

2009 4729 2340 4792 mitteretur,
2380 4724 2507 4795 quia
2553 4722 2712 4778 ﬂatus
2754 4721 2987 4776 acerbus
3037 4727 3174 4784 erat,
3223 4727 3276 4772 et
3303 4716 3590 4771 calamitas

2009 4820 2181 4882 varia.
2211 4819 2336 4873 hinc
2374 4817 2461 4871 die
2483 4812 2805 4870 duodecima
2837 4809 3216 4866 intromittitur
3253 4808 3306 4861 in
3333 4807 3592 4862 taberna-

2009 4911 2192 4966 culum
2249 4909 2474 4964 Barbari
2517 4907 2746 4975 legatus,
2786 4903 2878 4974 qui
2914 4901 3126 4956 blandis
3147 4900 3323 4956 verbis
3343 4898 3592 4954 adulatus

2010 5004 2271 5065 Barbare,
2287 5001 2545 5071 quoniam
2563 4999 2885 5070 gravabatur
2899 4996 3147 5059 nimium,
3171 4994 3423 5062 accipere
3446 4992 3593 5045 dona

2011 5096 2158 5164 regia
2197 5105 2403 5148 tantum
2448 5109 2557 5147 non
2603 5091 2952 5146 consentiens
3003 5087 3057 5142 in
3115 5086 3258 5141 istud
3301 5083 3586 5154 tragicum,

2009 5185 2246 5241 hostium
2283 5188 2424 5237 dona
2452 5199 2558 5237 non
2586 5183 2751 5238 dona.
2782 5179 3148 5248 Plut-imisque
3167 5191 3296 5230 usus
3327 5186 3590 5228 caeremo-

2009 5279 2140 5343 niis,
2176 5277 2484 5348 persuadet,
2517 5286 2576 5329 ut
2616 5274 2935 5329 muneribus
2967 5272 3090 5327 istis
3126 5266 3379 5323 honorari
3405 5278 3465 5318 se
3491 5277 3589 5339 pa-

2014 5378 2221 5422 teretur
2252 5366 2545 5420 Barbarus.
2593 5365 2818 5420 Postera
2849 5379 2978 5418 vero
3027 5363 3136 5428 die,
3167 5374 3289 5413 cum
3341 5357 3408 5410 de
3458 5368 3594 5424 pace

2011 5459 2360 5514 convenisset
2391 5458 2534 5512 inter
2563 5456 2890 5519 Barbarum,
2919 5455 3140 5509 domum
3180 5448 3363 5504 redire
3385 5448 3597 5520 cogita-

2011 5555 2134 5608 vit:
2183 5554 2297 5606 haec
2329 5561 2512 5606 antem
2553 5552 2714 5605 verba
2761 5547 2968 5602 addidit
2994 5544 3328 5613 Cbaganus:
3373 5539 3588 5602 Judica,

2013 5646 2176 5710 Deus,
2214 5644 2356 5698 inter
2379 5644 2703 5698 Mauriciutn
2731 5650 2788 5696 et
2835 5639 3171 5707 Chagauum,
3206 5634 3350 5688 inter
3382 5632 3592 5686 Abaros

2009 5743 2062 5790 et
2106 5734 2247 5787 inter
2301 5733 2593 5789 liontanos.
2643 5727 2982 5786 lnsiutuiavit
3035 5724 3182 5781 enini
3239 5731 3408 5792 rupta:
3437 5718 3590 5792 pacis
