4096 6420
502 306 608 370 935

1320 294 1718 356 EXCERPTA
1777 293 1878 354 EX
1912 285 2509 350 THEOPHYLACTO
2541 281 2965 341 SIMOCATTA

3672 276 3778 338 936

507 413 805 476 Roinanos,
836 421 936 463 nec
962 406 1080 461 sine
1104 419 1291 461 causa.
1319 405 1532 458 Etenim
1562 418 1747 458 revera
1774 403 1919 471 patis
1942 401 2093 455 adul-
2124 431 2135 464 Α

2207 398 2343 453 τάδε·
2385 399 2584 466 Κρῖναι
2629 397 2656 447 6
2695 395 2827 457 Θεὸς
2867 393 2971 446 ἀνὰ
2997 389 3161 462 μέσον
3193 385 3505 455 Μαυρικίου
3533 387 3629 441 καὶ
3671 387 3785 438 Χα-

509 504 607 560 teri
637 517 760 558 cum
783 499 1012 564 fuerint,
1039 497 1402 565 auctoresque
1440 493 1563 549 belli
1598 493 1650 547 in
1679 509 1765 559 ea,
1797 508 1916 561 qua:
1953 491 2089 546 dixi-

510 609 631 648 mus
660 592 821 657 mala,
878 589 1208 645 inciderunt.
1259 587 1479 640 Dirimit
1529 583 1806 638 Romanos
1840 583 1974 638 lster
2024 581 2093 636 ab

2199 496 2390 558 γάνου,
2436 488 2539 541 ἀνὰ
2598 487 2760 557 μέσον
2830 485 3080 554 Ἀϐἀρων
3137 483 3232 535 καὶ
3280 481 3386 535 ἀνὰ
3421 480 3589 550 μέσον
3644 477 3782 532 Ῥω-

2197 585 2377 653 μαίων
2400 599 2414 614 ο
2461 582 2764 654 κατῃτιᾶτο
2803 581 2911 650 γὰρ
2941 578 3032 632 τὸν
3077 575 3464 646 αὐτοκράτορα
3490 571 3588 643 τὴν
3633 571 3788 640 εἰρή-

513 687 730 750 Avaris,
756 684 920 758 veluti
955 691 1258 750 sequester,
1288 679 1431 734 ultra
1451 692 1600 743 vero,
1633 677 1679 731 si
1711 669 2092 744 quis'lluvium

2207 692 2297 744 νην
2333 673 2616 728 σαλεῦσαι.
2667 673 2785 725 Οὐκ
2831 671 2939 727 ἀπὸ
2992 669 3049 723 δέ
3077 669 3282 741 τρόπου
3307 668 3377 720 τὰ
3421 663 3787 758 ῥήματα.Τῷ

507 777 864 839 transmittat,
917 772 1236 827 Sclavorum
1285 770 1418 824 ditio
1461 778 1564 826 est.
1619 766 1726 822 Sed
1770 775 1826 822 et
1872 765 2096 832 adjectae

507 877 637 923 su'ut
667 867 782 924 auri
811 865 1074 920 chiliades
1105 863 1294 932 viginti
1323 862 1391 917 ad
1423 861 1694 938 inducias,
1729 859 1872 916 unde
1893 859 2094 916 bellum

530 961 672 1013 inter
700 957 910 1010 Avarus
938 965 988 1008 et
1011 954 1286 1008 Romanos
1315 951 1550 1008 finitum.

2187 765 2316 826 ⁵ίίντι
2359 766 2466 834 γὰρ
2497 764 2548 836 οἱ
2599 763 2866 832 Ῥωμαῖοι
2923 757 3354 832 παραχαράκται
3405 758 3502 828 τῆς
3558 756 3788 827 εἰρήνης

2199 858 2509 927 γενόμενοι,
2541 857 2637 931 καὶ
2668 853 2764 910 τοῦ
2811 853 3050 924 πολέμου
3086 850 3434 922 δημιουργοὶ,
3484 850 3601 911 τοῖς
3653 862 3794 917 προ-

2203 950 2610 1020 ηγορευμένοις
2623 948 3048 1019 περιπίπτουσιν
3077 944 3419 1014 ἀτυχήμασι.
3443 938 3795 1009 Διομολογεῖ-

505 1068 596 1104 ται
652 1047 945 1117 Ῥωμαίοις
989 1045 1083 1099 καὶ
1145 1044 1400 1115 Ἀϐάροις
1448 1045 1477 1098 6
1542 1046 1755 1117 Ἴστρος
1812 1035 2078 1114 μεσίτηςέ
2122 1043 2266 1098 κατά
2333 1041 2664 1111 Σκλαϐηνῶν
2733 1041 2959 1112 ἐξουσίᾳ
2994 1039 3086 1112 τδν
3119 1036 3367 1106 ποταμὸν
3397 1029 3794 1103 διανήξασθαιο

527 1143 892 1208 Ἐπιτίοενται
947 1143 1022 1196 δέ.
1046 1141 1143 1196 καὶ
1185 1140 1342 1196 ἄλλαι
1375 1140 1551 1196 είκοσι
1598 1140 1841 1212 χιλιάδες
1867 1139 2088 1212 χρυσῶν
2128 1141 2250 1210 ταῖς
2321 1140 2602 1203 σπονδαῖς.
2657 1140 2746 1196 Ἐν
2775 1136 2994 1206 τούτοις
3049 1134 3187 1216 δῆτα
3228 1125 3485 1202 Ἀϐἀροις
3517 1129 3616 1183 καὶ
3657 1126 3796 1180 Ῥω-

511 1239 695 1307 μαίοις
729 1238 758 1289 6
798 1236 1034 1306 πόλεμος
1063 1234 1238 1304 πέρας
1269 1232 1599 1304 ἐλάμϐανεν.
1663 1259 1666 1262 ’

580 1327 738 1395 Quod
783 1327 971 1381 eodem
997 1381 999 1384 ς
1029 1325 1249 1382 circiter
1285 1333 1530 1394 tempore
1573 1324 1851 1379 Chosroes
1885 1323 2108 1386 molitus
2187 1371 2190 1376 .

512 1434 596 1476 cst
632 1435 817 1490 pacem
871 1418 1160 1487 frangere,
1211 1418 1315 1472 ista
1367 1416 1436 1470 de
1481 1431 1666 1482 causa.
1709 1414 2105 1471 Saracenorum

509 1512 730 1579 quidam
787 1509 1093 1564 militabant
1135 1509 1188 1561 in
1235 1506 1452 1562 auxiliis
1501 1506 1778 1572 Romanis,
1821 1516 1876 1562 et
1915 1521 2102 1573 eorum

509 1618 649 1656 unus
688 1613 878 1671 sponte
923 1617 1019 1655 sua
1061 1600 1300 1666 Persian]
1333 1599 1594 1654 invadens
1637 1599 1786 1669 pacis
1836 1609 2100 1666 tempore.

509 1695 832 1748 excursione
884 1695 983 1747 ista
1028 1701 1216 1761 partes
1279 1691 1489 1760 aliquot
1527 1690 1838 1762 Babyloniae
1879 1693 2102 1748 inl'esta-
2129 1725 2177 1785 Β

512 1792 684 1845 verat;
718 1796 826 1851 qua
863 1783 930 1835 de
963 1795 1042 1846 re,
1071 1795 1178 1850 quo
1209 1795 1272 1834 ea
1307 1781 1489 1834 animo
1521 1779 1694 1847 ﬁeret,
1725 1789 1820 1836 aut
1857 1782 1907 1835 in
1938 1797 2101 1852 quam

513 1884 724 1942 partem
775 1872 1086 1942 accipienda
1120 1882 1306 1938 esset,
1345 1888 1466 1931 eum
1500 1874 1772 1928 dubitaret
1805 1873 2099 1940 Chosroes,

514 1965 806 2020 Mauricius
828 1966 883 2020 in
908 1967 1128 2022 Persida
1156 1967 1320 2022 mittit
1345 1968 1580 2038 legatum
1603 1968 1912 2038 Georgium,
1943 1971 2098 2044 181

513 2058 604 2125 qui
669 2058 884 2112 urbium
933 2058 1278 2124 orientalium
1337 2059 1556 2114 tributis
1626 2061 1913 2129 praefectus
1961 2070 2098 2119 erat.

515 2150 617 2215 vel,
654 2160 712 2204 ut
743 2150 974 2204 Romani
1007 2163 1228 2220 vocant,
1256 2151 1542 2221 praefectus
1583 2153 1858 2223 praetorio.
1889 2155 2102 2226 Atgra-

516 2241 653 2294 \itcr
683 2241 868 2296 ferens
916 2241 1172 2312 iniuriam
1209 2243 1411 2299 illatam
1471 2244 1572 2300 sibi
1621 2243 2105 2312 Chosroes,'reli-

513 2345 658 2387 etum
674 2332 908 2401 legatum
931 2333 1129 2388 multos
1147 2334 1264 2388 dies
1277 2335 1328 2388 in
1349 2335 1581 2392 barbara
1597 2336 2101 2408 regionedistinuit.

513 2422 703 2494 Itaque
733 2426 1002 2494 Georgius
1028 2441 1126 2496 per
1157 2425 1354 2482 multos
1392 2427 1510 2485 dies
1548 2428 1850 2496 detinetur,
1880 2429 2102 2484 introitu

511 2517 567 2569 iu
616 2517 820 2586 regiam
860 2517 1102 2574 nondum
1143 2519 1372 2588 pctitus,
1421 2519 1886 2589 posteaturbidis
1928 2520 2103 2576 Choe—

513 2621 624 2661 νοω
652 2609 834 2671 rebus,
878 2609 1077 2666 bonum
1111 2610 1288 2664 visum
1333 2619 1418 2665 est
1444 2609 1710 2677 Barbare,
1746 2626 1814 2667 ne
1831 2619 1955 2666 tum
1985 2611 2104 2666 bel-

512 2699 626 2754 lum
655 2711 843 2754 contra
875 2701 1158 2758 ltotnanos
1209 2703 1537 2776 integereret
1573 2707 1699 2759 :sic
1743 2703 2009 2775 Georgius
2046 2703 2103 2758 in

512 2793 717 2861 regiam
760 2804 1007 2859 receptus
1041 2807 1073 2847 a
1120 2807 1244 2862 rege
1281 2794 1578 2865 Babylonio
1601 2835 1615 2859 ,
1651 2810 1776 2850 cum
1820 2798 2104 2867 praesentis

511 2895 624 2937 tum
654 2887 913 2953 temporis
951 2893 1155 2937 statum
1195 2885 1470 2939 faventem
1516 2886 1778 2951 haberet,
1812 2886 2106 2956 persuadet

513 2971 812 3026 Barbarum
845 2988 913 3028 ne
937 2976 1088 3043 pacis
1115 2984 1272 3045 pacta
1300 2976 1619 3045 transiliret,
1649 2992 1716 3033 eo
1751 2977 1916 3050 igitur
1943 2981 2105 3036 modo

2280 1326 2404 1380 ’Ότι
2435 1321 2582 1378 κατά
2607 1321 2736 1386 τοὺς
2765 1307 2964 1382 αὐτοὺς
2994 1295 3224 1390 χρόνους
3260 1315 3288 1368 6
3307 1311 3557 1382 Χοσρόης
3585 1309 3800 1378 ἐνεχεί-

2192 1433 2290 1488 τρει
2308 1415 2408 1484 τὴν
2437 1405 2662 1484 εἰρήνην
2697 1411 3066 1483 λυμήνασθαι,
3101 1408 3161 1482 ἐξ
3190 1408 3371 1470 αἰτίας
3407 1403 3644 1458 τοιᾶσδε⁹
3693 1402 3795 1454 Ἐκ

2200 1505 2309 1558 τῶν
2343 1499 2682 1574 Σαρακηνῶν
2716 1501 2850 1572 γάρί
2865 1498 3000 1554 ἐνιοι
3028 1499 3144 1562 τοῖς
3185 1493 3480 1566 Ῥωμαίοις
3510 1489 3796 1560 σύμμαχοι

2199 1593 2364 1669 ἦσαν.
2395 1594 2504 1648 Καί
2528 1611 2614 1656 τις
2642 1595 2708 1648 ἐκ
2730 1592 2936 1647 τούτων
2965 1589 3282 1658 ἀπόδασμος
3310 1587 3390 1649 εἰς
3422 1583 3524 1655 τήν
3551 1580 3794 1651 Περσίδα

2206 1691 2466 1762 χωρήσας
2516 1687 2660 1742 κατά
2686 1686 2779 1739 τὸν
2814 1684 3037 1754 εἰρήνης
3087 1679 3302 1751 καιρὸν,
3349 1679 3417 1746 τῇ
3450 1673 3795 1742 ἐπεκδρομῇ,

2215 1786 2358 1856 μέρη
2403 1782 2529 1836 τινά
2571 1781 2672 1852 τῆς
2704 1777 3052 1840 Βαϐυλωνίας
3107 1773 3571 1848 προενομεύσατο.
3599 1767 3801 1821 Ἔνθεν

2209 1875 2592 1946 διαπορεῖσθαι
2625 1876 2654 1928 6
2686 1872 2936 1944 Χοσρὸης
2963 1869 3140 1940 ήξίου.
3186 1868 3286 1921 Διά
3319 1863 3480 1919 τοῦτο
3505 1863 3534 1916 6
3571 1857 3802 1929 Μαυρί-

2213 1986 2330 2032 κιος
2371 1969 2450 2030 εἰς
2497 1965 2594 2037 τὴν
2630 1963 2870 2033 Περσίδα
2905 1960 3120 2030 πέμπει
3147 1953 3377 2026 πρέσϐιν
3408 1950 3703 2021 Γεώργιον,
3735 1946 3800 2011 ὃς

2209 2062 2308 2130 τῆς
2335 2059 2486 2130 ἐῴων
2516 2057 2726 2111 πόλεων
2749 2050 3071 2124 φορολογίας
3094 2049 3193 2119 τὴν
3215 2043 3543 2099 ἐπιστασίαν
3566 2039 3801 2109 ἐκέκτη-

2210 2172 2292 2208 το.
2320 2152 2524 2207 Τοῦτον
2567 2149 2918 2221 πραιτωρίων
2977 2144 3216 2213 ἔπαρχον
3275 2135 3617 2195 ἀποκαλοῦσι
3659 2132 3801 2187 Ῥω-

2216 2243 2386 2311 μαῖοι.
2430 2239 2490 2294 '0
2519 2240 2576 2292 δὲ
2618 2237 2863 2308 Χοσρόής
2894 2231 3230 2287 δεινοπαθῶν
3267 2229 3362 2282 ἐπὶ
3385 2231 3498 2288 τοῖς
3525 2225 3801 2294 γεγονόσι,

2215 2332 2523 2404 παρελύπει
2573 2332 2666 2384 τὸν
2715 2329 2968 2399 πρέσϐιν,
3023 2326 3119 2380 καὶ
3157 2322 3358 2393 πολλὴν
3407 2320 3603 2392 τριϐὴν
3643 2314 3803 2386 αὐτῷ

2215 2428 2347 2496 περὶ
2386 2426 2486 2495 τὴν
2533 2423 2812 2494 βάρϐαρον
2846 2419 3031 2494 χώραν
3065 2413 3539 2488 ἐπραγματεύετο.
3584 2410 3803 2480 Σκληρ-

2213 2522 2515 2589 αγωγεῖται
2543 2512 2636 2571 οὖν
2671 2517 2699 2568 6
2735 2514 3009 2585 Γεώργιος
3038 2511 3253 2583 ἡμέρας
3303 2511 3384 2572 εἰς
3411 2508 3513 2578 τὴν
3560 2503 3804 2574 Περσίδα

2216 2611 2438 2675 πολλὰς.
2492 2609 2593 2680 τῆς
2645 2607 2922 2679 βασιλείας
2958 2605 3167 2659 εἰσόδου
3199 2602 3470 2674 μηδαμῶς
3499 2597 3800 2668 τετευχώς.

2217 2707 2339 2758 Ἔτι
2367 2703 2548 2758 τοίνυν
2568 2701 2678 2756 τῶν
2706 2697 3051 2771 πραγμάτων
3088 2692 3529 2762 στασιαζομένων
3555 2689 3801 2760 Χοσρόῃ,

2214 2797 2442 2860 εἰκότως
2489 2794 2570 2865 τῷ
2615 2793 2888 2865 Βαρϐἀρῳ
2914 2791 3143 2844 ὑπόνοια
3183 2789 3396 2857 γίνεται
3433 2786 3510 2856 μὴ
3558 2785 3806 2855 ἄρασθαι

2214 2892 2354 2955 τέως
2385 2889 2524 2961 πρὸς
2566 2887 2874 2958 Ῥωμαίους
2910 2884 3004 2937 τὸν
3036 2882 3295 2950 πόλεμον.
3329 2880 3646 2950 Εἰσδέχεται
3690 2878 3808 2931 τοί-

2197 3001 2309 3037 νυν
2339 2982 2431 3035 τὸν
2476 2979 2752 3051 Γεώργιον
2800 2980 2828 3031 6
2887 2973 3231 3038 Βαϐυλώνιος
3282 2973 3537 3045 βασιλεὺς
3586 2974 3668 3035 εἰς
3734 2973 3809 3024 τὰ

515 3063 792 3119 Cltosroes
814 3064 1001 3120 volens
1030 3066 1224 3121 nolens
1259 3082 1445 3137 pacem
1472 3070 1839 3138 amplectitur.
1870 3071 2106 3144 Legatus
2133 3115 2135 3127 ι

2213 3075 2474 3147 βασίλεια.
2517 3072 2574 3125 '0
2610 3069 2710 3141 μὲν
2749 3069 2843 3124 οὖν
2887 3068 3159 3142 Γεώργιος
3188 3067 3288 3138 τὴν
3314 3066 3410 3120 τοῦ
3438 3064 3636 3137 καιροῦ
3665 3078 3805 3132 κτη-

521 3161 704 3208 atttem
731 3155 945 3218 omnia,
981 3171 1110 3225 quae
1144 3166 1198 3210 et
1250 3160 1534 3227 quomodo
1572 3159 1908 3229 acciderant,
1956 3163 2110 3232 plene

503 3249 741 3315 inseque
772 3246 838 3301 ad
869 3249 1253 3317 imperatorem
1281 3253 1490 3319 retulit,
1524 3252 1631 3307 fine
1669 3262 1855 3310 tamen
1886 3256 1962 3310 rei
1993 3270 2103 3311 non

511 3340 676 3394 bono.
737 3340 879 3392 Dixit
911 3341 1054 3394 enim
1101 3340 1366 3411 Georgius
1397 3343 1682 3399 Cbosroen
1718 3346 1834 3402 haec
1865 3349 1982 3418 regi
2025 3349 2109 3402 di-

511 3447 637 3485 cere
669 3451 682 3484 :
715 3432 823 3484 Itex
853 3431 1144 3487 Persarum
1163 3436 1228 3490 ad
1249 3435 1496 3491 subditos
1522 3438 1845 3507 prolocutus
1869 3450 1953 3496 est
1979 3480 1995 3505 ,
2027 3439 2110 3495 Ob

512 3523 672 3589 l--gati
716 3523 970 3577 virtutem
1019 3525 1220 3580 bellum
1268 3543 1374 3581 non
1407 3543 1620 3584 moveo.
1661 3530 1794 3598 Qua:
1825 3547 1950 3587 cum
2005 3534 2105 3587 im—

515 3625 732 3684 perator
757 3617 1058 3685 audiisset,
1107 3619 1599 3692 irascitur-legato,
1635 3633 1689 3678 et
1729 3623 1964 3693 Georgio
2010 3625 2100 3681 ad-

2213 3168 2452 3236 σάμενος
2509 3162 2828 3234 σύμμαχον,
2861 3161 3040 3216 πείθει
3068 3161 3160 3215 τὸν
3190 3158 3481 3231 Βάρϐαρον
3517 3157 3618 3221 τὰς
3651 3160 3808 3228 εἰρη-

2211 3262 2367 3324 ναίας
2424 3259 2498 3331 μὴ
2541 3258 2792 3312 διαλῦσαι
2843 3255 3096 3319 σπονδάς.
3143 3255 3307 3331 Οὕτω
3364 3255 3464 3326 μὲν
3509 3251 3605 3308 οὖν
3660 3252 3807 3305 ἑκὼν

2213 3329 2434 3405 ἀέκοντί
2457 3329 2523 3418 γε
2545 3349 2707 3421 θυμῷ
2729 3352 2756 3403 6
2777 3341 3028 3420 Χδσρόης
3060 3347 3159 3418 τὴν
3194 3329 3428 3418 ἡσυχίαν
3462 3345 3802 3408 ἀσπάζεταιο

2212 3447 2240 3497 6
2271 3444 2328 3498 δὲ
2363 3443 2594 3514 πρέσϐις
2641 3443 2858 3496 ἅπαντα
2908 3443 2978 3496 τὰ
3031 3443 3458 3514 συγκυρήσαντα
3489 3439 3808 3506 διεξοδικῶς

2211 3532 2290 3603 τῷ
2329 3533 2541 3602 βασιλεῖ
2583 3534 2903 3606 διηγήσατο.
2963 3534 3088 3588 Αλλ*
3125 3535 3242 3588 οὐκ·
3276 3535 3336 3597 ἐς
3391 3531 3596 3601 ἀγαθὸν
3638 3535 3671 3601 ἡ
3705 3534 3806 3599 τῆς

2212 3625 2508 3690 ἐντεύξεως
2571 3624 2793 3689 ἕκθεσις
2849 3625 3158 3696 ἀπειλείφει
3257 3626 3318 3679 τὸ
3399 3626 3803 3696 συμπέρασμα.

509 3709 727 3764 modum
759 3711 1068 3780 periculose
1102 3711 1298 3783 legatio
1324 3713 1412 3768 illa
1443 3717 1737 3771 successit.

2215 3719 2426 3788 Ἐφήσε
2465 3720 2574 3790 γὰρ
2617 3720 2648 3773 6
2695 3718 2970 3791 Γεὼργιος
3025 3720 3204 3772 εἰπεῖν
3240 3719 3378 3790 πρὸς
3421 3719 3513 3773 τὸν
3551 3719 3802 3789 βασιλέα,

506 3801 536 3850 6
567 3800 792 3870 Περσῶν
826 3801 1082 3870 βασιλεὺς
1126 3805 1207 3868 είς
1237 3805 1482 3878 ὑπήκοον
1513 3808 1644 3862 τάδε
1684 3808 2003 3876 διείλεκται,
2049 3809 2138 3864 διὰ
2174 3811 2272 3880 τὴν
2322 3811 2414 3865 τοῦ
2445 3812 2732 3886 πρέσϐεως
2784 3813 2987 3884 ἀρετὴν
3026 3812 3222 3884 δίδωμι
3273 3814 3352 3886 τῷ
3424 3813 3650 3884 πολέμῳ
3701 3814 3806 3883 τὴν

507 3891 682 3946 λύσιν.
717 3893 934 3948 Τούτων
968 3897 997 3949 6
1031 3895 1286 3966 βασιλεὺς
1310 3897 1569 3970 ἀκηκοὼς
1603 3901 1927 3972 χαλεπαίνει
1965 3904 2112 3958 κατὰ
2151 3904 2244 3958 τοῦ
2275 3907 2585 3976 πρέσϐεως,
2649 3907 2748 3964 καὶ
2793 3909 3008 3978 γίνεται
3071 3907 3151 3979 τῷ
3194 3910 3457 3982 Γεωργίῳ
3489 3910 3732 3980 σφαλερὰ
3766 3911 3798 3978 ή

503 3983 608 4050 τῆς
633 3984 932 4052 πρεσϐείας
958 3987 1260 4053 ἐπίτευξις.

581 4075 733 4140 Quod
761 4078 975 4132 Pliocas
1013 4078 1207 4135 Lilium
1249 4081 1485 4138 electum
1527 4089 1830 4158 tyrannicae
1876 4090 2095 4159 procla-
2127 4093 2135 4148 l

2277 4089 2400 4142 Ὀτι
2431 4091 2459 4142 6
2479 4090 2675 4153 Φωκᾶς
2704 4088 2888 4143 Λίλιον
2917 4091 3307 4160 χειροτονήσας
3338 4090 3574 4161 ἄγγελον
3596 4107 3793 4158 τυραν-

509 4165 766 4219 mntionis
820 4170 1094 4236 nuntium,
1130 4186 1254 4226 cum
1299 4177 1616 4233 muneribus
1643 4181 1808 4249 regiis
1840 4185 1907 4235 ad
1931 4181 2104 4238 Chos-

2211 4184 2368 4253 νικῆς
2397 4183 2737 4256 χειροτονίας
2767 4184 2902 4254 πρὸς
2929 4184 3178 4252 Χοσρόην
3207 4183 3630 4252 ἀπέπεμψε,καὶ
3647 4181 3797 4252 δῶρα

507 4258 976 4327 men-ablegavit.
1036 4261 1192 4319 Unde
1230 4262 1504 4324 ChOsroes
1548 4285 1577 4324 a
1633 4275 1920 4343 tyrannide
1961 4291 2102 4349 pra»

2215 4277 2476 4348 βασιλικά
2542 4275 3108 4349 προσεπιφερόμενον.
3154 4276 3215 4329 Ὀ
3246 4275 3347 4345 μὲν
3397 4272 3492 4329 οὖν
3550 4276 3803 4346 Χοσρόης

511 4361 729 4418 sumpto
759 4350 881 4405 belli
925 4364 1284 4423 argumento,
1327 4361 1512 4415 mundi
1549 4362 1698 4418 illam
1739 4369 2101 4422 universalem

2209 4370 2470 4424 ὑπόθεσιν
2497 4369 2736 4438 πολέμου
2764 4367 2863 4437 τὴν
2884 4367 3180 4438 τυραννίδα
3201 4368 3799 4438 πραγματευσάμενος,

506 4443 805 4510 perniciem
859 4445 1066 4500 clanxit
1123 4451 1343 4518 tubam,
1386 4469 1507 4523 quae
1548 4458 1804 4528 utrinque
1845 4462 2005 4529 fregit
2047 4471 2102 4515 et

2208 4461 2308 4530 τὴν
2372 4460 2755 4530 κοσμοφθόρον
2805 4457 3028 4530 ἐκείνην
3093 4460 3428 4528 ἐστράτευσε
3491 4459 3800 4528 σάλπιγγα,

508 4532 878 4588 Romanorum
931 4545 988 4592 et
1034 4536 1332 4596 Persarum
1383 4544 1658 4603 fortunas.
1718 4551 1795 4604 lta
1857 4552 2103 4618 quidem,

2207 4549 2354 4620 Αὕτη
2376 4551 2486 4622 γὰρ
2512 4552 2765 4624 λυτήριος
2790 4552 2985 4621 γέγονε
3012 4553 3110 4623 τῆς
3141 4552 3429 4620 Ῥωμαίων
3452 4570 3510 4605 τε
3542 4553 3636 4606 καὶ
3659 4554 3805 4623 Περ-

507 4634 837 4692 praetexente
871 4625 1114 4686 Chosroe
1151 4646 1211 4688 se
1253 4632 1503 4691 Mauricii
1556 4644 1834 4695 memoria:
1863 4653 2105 4697 assertu-

2207 4641 2315 4694 σῶν
2366 4641 2694 4712 εὐπραγίας.
2755 4643 2963 4698 Ἐδόκει
3018 4644 3128 4714 γὰρ
3183 4648 3724 4716 κατειρωνευόμενος
3777 4648 3805 4698 6

507 4728 626 4766 rum
659 4717 946 4786 exsequias
973 4729 1029 4775 et
1058 4721 1223 4791 iusta,
1265 4725 1550 4782 Persicum
1591 4730 1790 4785 bellum
1827 4743 1910 4787 est
1939 4739 2119 4789 υτον-⁸

2207 4731 2456 4802 Χοσρόης
2515 4733 2842 4803 ἀντέχεσθαι
2887 4736 2988 4806 τῆς
3035 4735 3192 4798 ὁσίας
3245 4735 3341 4789 τοῦ
3391 4736 3805 4807 αὐτοκράτορος

509 4813 643 4860 tum.
679 4806 848 4863 Lilius
877 4825 1008 4868 vero
1037 4815 1170 4872 satis
1199 4812 1392 4887 aspere
1431 4827 1696 4879 tractatus
1739 4823 1878 4893 apud
1909 4825 2103 4882 Persas

2207 4822 2514 4890 Μαυρικίου
2546 4825 2791 4894 μνήμης.
2825 4824 2984 4879 Οὕτω
3018 4827 3118 4896 μὲν
3141 4826 3233 4879 οὖν
3262 4827 3291 4878 6
3325 4806 3594 4897 Περσικὸς
3634 4828 3804 4880 πελε-

507 4902 786 4954 remansit.
1519 4931 1562 4976 3
1763 4921 1768 4924 ·

2209 4933 2306 4983 μσς
2356 4917 2456 4986 τήν
2486 4919 2705 4985 γένεσιν
2737 4919 3110 4990 ἐκληρώσατο.
3157 4921 3216 4973 '0
3249 4921 3307 4974 δὲ
3351 4921 3534 4984 Λίλιος
3563 4920 3799 4972 διετέλει

2207 5007 2360 5077 παρὰ
2390 5011 2501 5072 τοῖς
2535 5011 2776 5082 Πέρσαις
2808 4996 3398 5085 σ’κληραγωγούμενος.
