4096 6422
359 266 461 332 937

768 456 907 463 ἀπο-ο
920 456 1203 467 -——_-__—

1210 460 1499 469 Ἢ

1508 462 1707 469 *ρος-ηομ-

1157 270 1254 331 DE
1291 271 1857 335 LEGATIONIBUS
1899 273 2252 336 GENTIUM
2296 274 2395 335 AD
2435 272 2813 335 ROMANOS.

3510 275 3614 344 938

2482 459 2817 469 mm

3312 459 3594 471 ...κ’-ι,

1497 605 1651 689 ΕΚ
1725 605 1942 691 ΤΗΣ
2015 605 2511 692 ΙΣΤΟΡΙΑΣ

868 981 873 986 ,
934 796 1240 915 ΤΟΥ
1320 799 1815 917 ΑΥΤΟΥ
1873 794 3022 916 ΘΕΟΦΥΛΑΚΤΟΥ

1400 1007 1541 1065 ΔΠΟ
1581 1008 1913 1065 ΕΠΑΡΧΟΥ
1944 1008 2065 1065 ΚΔΙ
2104 1010 2587 1065 ΔΝΤΙΓΡΑΦΕΩΣ

776 1179 1044 1276 ΠΕΡΙ
1120 1179 1703 1271 ΠΡΕΣΒΕΩΝ
1776 1181 2166 1273 ΕΘΝΩΝ
2240 1184 2531 1272 ΠΡΟΣ
2604 1178 3198 1273 ΡΩΜΑΙΟΥΣ.

1710 1460 1832 1529 EX
1875 1461 2264 1573 HISTQBIA

1080 1644 1720 1768 EJUSDEM
1798 1644 2945 1767 THEOPHYLACTI

1417 1868 1887 1928 EXPREFECTI
1915 1866 2008 1927 ET
2048 1867 2568 1937 SCRIPTURARII,

872 2045 1023 2136 DE
1099 2044 1599 2137 LEGATIS
1670 2008 2225 2139 GENTIUM
2301 2047 2450 2134 an
2533 2044 3142 2140 ROMANOS.

444 2340 567 2394 Ὀτι
592 2335 929 2392 Φιλιππικοῦ
963 2334 1059 2389 τοῦ
1089 2334 1346 2407 γαμϐροῦ
1392 2335 1703 2409 Μαυρικίου
1749 2352 1951 2409 στρατ.

2130 2337 2291 2409 183
2315 2337 2470 2405 Quod
2509 2337 2792 2409 Philippici
2836 2339 3021 2411 generi
3081 2337 3327 2396 Mauricii
3370 2342 3533 2398 ductu
3565 2358 3634 2400 ex

368 2433 656 2504 ηγοῦντος,
685 2430 781 2484 ἐπὶ
809 2428 911 2497 τῆς
943 2427 1211 2497 βασιλίδος
1236 2426 1537 2499 ἀξεδήμησε
1585 2428 1813 2493 πόλεως,
1849 2429 1947 2482 καὶ

364 2526 462 2595 τῆς
498 2522 723 2595 Ἀμίδης
780 2521 978 2591 ἐπέϐη.
1032 2519 1403 2592 Πρεσϐεύουσι
1458 2520 1666 2592 Πέρσαι
1719 2520 1946 2588 ἐνδόξως

367 2635 488 2681 πως
547 2614 883 2671 καταθέσθαι
936 2614 1030 2668 τὸν
1090 2613 1352 2685 πόλεμον.
1406 2614 1789 2686 Προσέταττον
1835 2614 1948 2685 γὰρ

375 2710 691 2780 Ῥωμαίοις,
751 2711 1000 2782 χρήμασι
1056 2709 1155 2773 τὰς
1205 2707 1441 2772 σπονδὰς
1496 2709 1945 2779 σφετερίσασθαι,

366 2802 633 2873 Μεϐώδην
665 2801 760 2855 τδν
787 2801 1077 2873 σατράπην
1100 2799 1177 2864 ὡς
1201 2799 1295 2854 τδν
1322 2800 1633 2871 στρατηγὸν
1688 2801 1949 2855 ἀποστεί-

366 2895 579 2959 λαντες.
607 2894 720 2949 Καὶ
752 2893 845 2949 οὖν
877 2888 980 2966 ἧκε
1009 2893 1277 2963 Μεϐὠδης
1302 2894 1331 2947 ό
1375 2893 1597 2965 Πέρσης
1622 2892 1776 2965 παρά
1819 2896 1949 2957 τοὺς

380 2986 711 3058 Ῥωμαίους,
766 2986 864 3040 καὶ
897 2987 926 3039 ὁ
971 2986 1277 3057 στρατηγὸς
1330 2986 1630 3057 ικκλησίαν
1669 2985 1945 3051 ἐκάθισεν,

373 3080 445 3143 ὡς
475 3079 670 3132 ἑαυτὸν
710 3077 1217 3149 συγκαλεσάμενος,
1251 3078 1378 3140 τοὺς
1427 3078 1830 3150 ταγματάρχας
1856 3080 1950 3132 καὶ

376 3168 635 3237 λοχαγοὺς
668 3168 1040 3232 ὑπασπιστὰς,
1074 3167 1171 3222 καὶ
1227 3167 1331 3238 τῆς
1365 3169 1608 3239 μαχίμου
1662 3168 1951 3238 δυνάμεως

370 3261 431 3312 τὸ
447 3260 877 3331 ὲμῳανέστεροψ
910 3259 1148 3331 ὁπηνίκα
1168 3260 1213 3314 δ’
1235 3260 1264 3313 ὁ
1287 3259 1548 3327 σύλλογος
1564 3258 1948 3328 ἐπεπλήρωτο,

371 3354 403 3405 ό
431 3353 647 3423 Πέρσης
675 3351 844 3406 τῶνδε
876 3352 986 3405 τῶν
1010 3351 1185 3420 λόγων
1222 3350 1530 3422 ἀπήρξατο.

943 3465 1363 3519 ΔΗΜΗΓΟΡΙΑ.

446 3577 673 3648 Ἄνδρες
702 3576 974 3647 πολέμιοι,
1022 3576 1097 3647 μὴ
1126 3575 1442 3646 ταραττέτω
1464 3577 1520 3630 δὲ
1557 3577 1684 3641 τοὺς
1722 3576 1949 3630 ἀκούον-

2053 2432 2201 2503 regia
2246 2432 2381 2486 urbe
2430 2430 2711 2501 profectus
2759 2430 3011 2486 Amidam
3060 2432 3230 2487 venit.
3280 2432 3632 2504 Legationem

2052 2525 2275 2579 mittunt
2310 2522 2509 2589 Persae,
2534 2532 2595 2578 ιιι
2622 2523 2791 2578 certis
2819 2522 3017 2594 quippe
3044 2524 3446 2581 conditionibus
3466 2526 3634 2595 depo-

2052 2623 2274 2670 neretur
2306 2614 2503 2670 bellum
2541 2632 2556 2669 :
2586 2619 2862 2685 petierunt
2902 2629 3139 2687 namque
3178 2630 3209 2671 a
3244 2614 3541 2684 Romanis,
3575 2627 3637 2672 ut

2050 2707 2276 2776 pecunia
2307 2722 2494 2776 pacem
2518 2716 2781 2775 emerent,
2817 2707 3045 2763 Iebode
3075 2715 3295 2779 satrapa
3331 2709 3399 2762 ad
3440 2708 3633 2762 ducem

2051 2796 2319 2867 ablegato.
2359 2796 2522 2853 Venit
2548 2812 2679 2868 ergo
2729 2797 2799 2853 ad
2842 2797 3119 2853 Romanos
3160 2795 3414 2853 Mebodcs
3443 2794 3635 2855 Persa.

2052 2901 2118 2942 ac
2152 2888 2450 2957 imperator
2497 2888 2774 2944 exercitus
2802 2886 3066 2943 concione
3097 2895 3286 2942 coacta
3305 2924 3324 2952 ,
3356 2886 3426 2941 ad
3456 2885 3636 2957 ipsum

2052 2981 2403 3047 audiendum,
2434 2980 2685 3037 ordinum
2716 2981 2989 3045 ductores,
3019 2994 3085 3036 ac
3118 2979 3365 3037 tribunos
3387 2988 3446 3035 et
3487 2977 3641 3033 auxi-

2053 3073 2219 3130 liares
2243 3113 2259 3139 ,
2307 3074 2657 3144 reliquosque
2702 3072 2846 3129 inter
2887 3072 3088 3130 milites
3130 3071 3458 3129 illustriores
3502 3087 3637 3127 con-

2052 3172 2233 3231 vocat,
2275 3180 2384 3236 qua
2424 3164 2652 3223 collecta
2684 3163 2973 3232 concione,
3013 3162 3181 3223 Persa
3221 3167 3278 3221 in
3316 3165 3434 3221 haec
3469 3163 3639 3220 verba

2053 3271 2212 3312 OI'SIIS
2240 3266 2345 3313 εει.

2711 3455 2983 3514 CONCIO.

2127 3567 2241 3621 Viri
2272 3567 2538 3633 bellicosi,
2564 3582 2631 3624 ne
2661 3584 2791 3626 vero
2815 3584 2911 3626 vos
2930 3569 3202 3640 percutiat
3230 3569 3513 3627 audientes
3535 3571 3639 3628 hoc

369 3684 470 3730 τας
518 3666 614 3719 τοῦ
642 3666 984 3739 πρεσϐευτοῦ
1008 3666 1069 3720 τὸ
1091 3665 1402 3737 προοίμιον.
1440 3667 1501 3720 Εί
1532 3667 1641 3738 γὰρ
1673 3666 1773 3729 τάς
1804 3665 1950 3735 γνώο

2058 3659 2216 3730 legati
2248 3660 2595 3729 prooemium.
2643 3661 2700 3715 Si
2742 3662 2885 3717 enim
2931 3661 3232 3719 sententias
3273 3664 3641 3730 mutaveritis,

374 3773 483 3826 μας
513 3758 809 3828 ἀμείψητε,
861 3757 1179 3829 μεταλλάξω
1214 3758 1377 3828 κάγὼ,
1413 3758 1512 3830 τὴν
1562 3756 1949 3829 προφώνησιν,

372 3849 633 3902 ὁπλίσατε
678 3850 781 3923 τὴν
810 3851 1040 3922 εἰρήνην
1089 3850 1634 3924 ἀποχειροτονοῦντες
1664 3851 1756 3905 τὸν
1786 3852 1950 3907 πόλε-

376 3954 512 4009 μον⁶
539 3939 669 4011 δόρυ
717 3943 813 3994 καὶ
844 3939 1019 4011 ξίφος,
1054 3942 1130 4006 ὼς
1185 3942 1539 4013 γεγηρακότα
1584 3944 1949 4015 χαιρέτωσαν.

375 4033 489 4087 Καὶ
520 4033 891 4103 στρατεύσατε
922 4034 1159 4105 σύριγγα
1194 4036 1370 4106 πρᾷον
1399 4034 1535 4105 ὁμοῦ
1568 4036 1664 4089 καὶ⁵
1703 4053 1953 4106 ποιμενι-

374 4125 472 4178 κδν
507 4124 906 4196 περιλαλοῦσαν
960 4128 1283 4199 τερέτισμα.
1321 4125 1383 4180 '0
1414 4126 1643 4199 Περσῶν
1698 4127 1953 4200 βασιλεὺς

370 4217 476 4288 τῆς
501 4219 725 4290 είρήνης
740 4218 890 4274 ἐστὶν
916 4220 1156 4290 ἐραστὴς
1176 4258 1192 4286 ,
1222 4218 1317 4272 καὶ
1339 4219 1664 4290 σεμνύνεται
1683 4220 1956 4275 ἀπεκδυό-

378 4324 543 4377 μενος
578 4309 715 4379 πρὸς
741 4308 833 4363 τὸν
851 4309 1110 4378 πόλεμον.
1139 4307 1430 4365 Βασιλικδν
1458 4309 1571 4379 γὰρ
1611 4309 1644 4379 ἡ
1668 4309 1766 4380 τῆς
1797 4311 1955 4380 είρή-

374 4414 473 4469 νης
499 4399 786 4470 ἀρέσκεια,
819 4400 894 4463 ὡς
922 4400 1016 4453 καὶ
1051 4400 1331 4470 τυράννων
1361 4398 1491 4452 ῐδιον
1523 4398 1584 4452 τὸ
1627 4399 1951 4466 φιλόνεικον.

381 4490 613 4562 ’Δνδρες
673 4492 785 4546 τῶν
837 4491 1020 4546 αὐτῶν
1086 4491 1428 4563 παθημάτων
1476 4494 1612 4563 ἡμῖν
1674 4491 1951 4546 κοινωνοί⁸

384 4582 622 4650 μεινάτω
666 4582 777 4636 τῶν
828 4584 1048 4636 πάντων
1087 4583 1116 4636 ὀ
1147 4583 1386 4652 πόλεμος
1442 4583 1603 4651 μόνος
1630 4583 1951 4653 ἀκόρεστος.

377 4674 584 4744 Αἴματι
609 4674 709 4746 τὴν
748 4675 851 4745 γῆν
885 4675 1194 4745 ἑμιάναμεν
1217 4691 1232 4706 ’
1270 4674 1531 4739 πολλάκις
1588 4676 1678 4728 τὸν
1728 4676 1956 4729 θάνατον

378 4766 769 4838 ἱστορήσαμεν.
793 4768 1093 4839 Ζωγράφος
1123 4768 1232 4837 γάρ
1264 4765 1360 4820 τοῦ
1382 4767 1611 4821 θανάτου
1639 4769 1667 4821 ὁ
1688 4766 1923 4836 πόλεμος
1941 4781 1955 4797 ·

375 4856 489 4925 ἐγὼ
520 4858 579 4912 δέ
611 4874 756 4929 φημι
798 4860 895 4913 καὶ
940 4859 1248 4931 ἀρχέτυπον
1292 4861 1385 4915 καὶ
1438 4862 1547 4914 τῶν
1599 4860 1959 4932 ἀνθρωπίνων

376 4950 568 5003 κακῶν
627 4950 943 5022 ἀρχηγέτης
1013 4952 1108 5004 καὶ
1165 4950 1486 5016 διδάσκαλος
1550 4951 1956 5017 αὐτοδίδακτος.

2056 3754 2275 3808 mutabo
2306 3763 2360 3808 et
2384 3769 2485 3825 ego
2522 3755 3013 3812 denuntiationem.
3056 3754 3297 3812 Excolite
3319 3770 3510 3827 pacem
3544 3756 3641 3811 de-

2055 3846 2233 3916 posito
2266 3846 2428 3913 bello,
2461 3846 2741 3917 hastaque
2778 3856 2834 3903 et
2880 3848 3091 3920 gladius
3116 3857 3177 3904 ut
3214 3848 3497 3919 antiquata
3543 3863 3643 3903 va-

2054 3940 2221 4008 leant,
2268 3949 2321 3996 et
2358 3956 2457 4012 pro
2499 3941 2692 3996 militia
2727 3943 2904 4013 capite
2948 3942 3185 3999 fistulam
3230 3943 3353 3999 lene
3398 3940 3558 3997 simul
3587 3951 3645 3996 et

2053 4035 2327 4107 pastorale
2374 4044 2659 4092 canentem
2709 4036 2899 4090 melos.
2958 4032 3247 4091 Persarum
3305 4049 3401 4090 rex
3452 4048 3645 4089 amans

2054 4128 2206 4198 pacis
2238 4135 2342 4191 est,
2378 4127 2531 4183 cultu
2569 4135 2798 4184 ornatur
2840 4127 3091 4198 aptiore,
3147 4142 3254 4183 non
3304 4127 3646 4184 ornamentis

2054 4217 2285 4274 bellicis.
2309 4216 2477 4290 Regia
2508 4219 2654 4274 enim
2692 4226 2777 4273 est
2812 4209 2968 4288 pacis'
2990 4216 3315 4287 placiditas,
3359 4215 3519 4273 sicuti
3555 4222 3645 4287 ty-

2056 4324 2355 4365 rannorum
2404 4310 2623 4381 propria
2659 4308 2954 4364 discordia.
2993 4306 3110 4363 Viri
3152 4307 3246 4377 qui
3277 4307 3413 4362 estis
3451 4307 3644 4362 eodem

2057 4401 2219 4457 modo
2270 4401 2551 4457 nobiscum
2601 4398 2801 4465 allecti,
2847 4398 3185 4469 relinquatur
3222 4396 3419 4453 bellum
3468 4397 3645 4452 solum

2055 4495 2308 4551 omnibus
2333 4493 2497 4549 rebus
2528 4492 2871 4562 inexplebile.
2905 4490 3183 4559 Sanguine
3209 4498 3407 4543 terram
3447 4488 3645 4558 pollui-

2056 4601 2199 4653 mus,
2228 4601 2370 4657 saepc
2415 4592 2644 4641 mortem
2675 4584 2916 4638 vidimus
2943 4622 2960 4649 ,
3005 4589 3235 4637 mortem
3269 4579 3423 4650 cuius
3472 4581 3650 4650 pictor

2056 4688 2140 4735 est
2168 4678 2390 4744 bellum,
2426 4692 2526 4748 ego
2547 4691 2679 4732 vero
2707 4674 2830 4731 dico
2854 4674 3018 4731 etiam
3048 4674 3403 4745 archetypum
3424 4715 3440 4740 ,
3470 4683 3523 4728 et
3549 4674 3651 4728 hu-

2058 4784 2344 4826 manorum
2387 4767 2651 4824 malorum
2691 4776 2887 4823 auctor
2936 4777 2993 4823 et
3050 4766 3309 4836 magister
3346 4779 3442 4836 per
3491 4780 3549 4820 se
3595 4778 3653 4819 et

2060 4868 2254 4914 natura
2288 4874 2407 4916 sua.
2434 4858 2731 4916 Pecuniam
2772 4864 2920 4913 amat
2964 4857 3188 4928 aliquis,
3220 4857 3316 4913 sed
3357 4857 3553 4928 opibus
3594 4866 3653 4911 ct

2059 4963 2395 5025 paupertate
2424 4955 2685 5021 ludimur,
2727 4954 3020 5025 aliquando
3050 4953 3200 5019 victi,
3236 4954 3517 5007 vincentes
3551 4949 3654 5004 aii-

373 5043 692 5112 Χρημάτων
726 5045 829 5114 ἐρᾷ
849 5043 956 5115 [τις
1051 5043 1186 5096 ἀλλά
1217 5043 1436 5114 πλούτῳ
1484 5044 1579 5098 καὶ
1609 5044 1770 5114 πενίᾳ
1798 5044 1960 5113 γεγό-

2065 5047 2304 5114 quando,
2336 5054 2393 5101 et
2415 5045 2605 5114 jactati
2642 5042 2807 5100 simul
2837 5058 2960 5100 cum
2992 5042 3119 5100 belli
3150 5042 3372 5099 fortuna
3402 5040 3648 5111 ancipiti,

375 5151 551 5205 ναμεν
569 5137 844 5206 παίγνιον,
865 5137 994 5191 ποτὲ
1019 5139 1117 5207 μὲν
1134 5136 1485 5207 κρατοῦντες,
1504 5138 1634 5192 ποτὲ
1651 5138 1708 5192 δὲ
1727 5137 1964 5209 κρατού-

378 5247 530 5296 μενοι
558 5230 654 5282 καὶ
679 5228 1256 5300 συμμεταϐαλλόμενοι
1287 5231 1408 5292 ταῖς
1436 5228 1530 5283 τοῦ
1568 5229 1809 5299 πολέμου
1836 5245 1961 5299 τρο.

377 5326 529 5387 παῖς,
583 5322 754 5376 ἀΐδιον
792 5322 987 5393 ὥσπερ
1026 5322 1128 5393 τὴν
1192 5322 1498 5393 μεταϐολὴν
1541 5322 1960 5392 έκαρπούμεθα.

390 5410 599 5479 Ἐκόμα
622 5432 706 5479 τις
744 5416 853 5468 τῶν
877 5417 1148 5487 ἀριστέων
1178 5414 1364 5486 χρυσῷ
1385 5430 1399 5445 ·
1455 5415 1593 5485 μετὰ
1630 5416 1728 5486 τῆς
1770 5415 1963 5485 ἡδονῆς

380 5500 480 5571 τὴν
507 5501 763 5554 ἀπιστίαν
810 5506 1109 5575 ἐκέκτητο*
1147 5506 1201 5559 τί
1245 5506 1352 5575 γὰρ
1384 5506 1741 5575 ἀπιστότερον
1772 5507 1829 5559 ἐν
1864 5522 1962 5558 που

382 5591 536 5661 λέμῳ
582 5591 905 5662 χρημάτων,
959 5596 1183 5660 ἀμέσως
1217 5595 1664 5666 μετατιθεμένων
1690 5597 1748 5659 ἐς
1776 5594 1957 5660 ἄλλον,

384 5684 479 5739 καὶ
504 5684 667 5739 πάλιν
690 5683 753 5760 εξ
776 5685 987 5737 ἐκείνου
1009 5685 1088 5748 είς
1109 5686 1297 5756 ἓτερον
1314 5703 1329 5717 ·
1362 5687 1437 5750 ὡς
1464 5688 1805 5760 ἐγρηγορότα
1843 5688 1966 5758 βλέ-

690 5758 977 5844 ῬΑτκοι..
1010 5780 1128 5846 Gn.
1162 5783 1388 5848 CXIII.

2070 5149 2387 5209 perpetuam
2425 5139 2584 5211 183
2613 5141 2770 5211 quasi
2799 5138 3190 5195 volutationem
3236 5136 3497 5207 patimur.
3536 5134 3654 5188 θυ-

2071 5232 2249 5302 perbit
2278 5233 2415 5287 alius
2443 5246 2578 5289 auro
2624 5233 2958 5304 principum,
3003 5246 3126 5288 cum
3155 5228 3433 5297 voluptate
3479 5225 3658 5296 possi-
3692 5270 3697 5273 .

2070 5326 2161 5380 det
2187 5323 2493 5393 perﬁdiam,
2522 5324 2650 5395 quid
2691 5322 2835 5379 enim
2869 5322 2925 5377 in
2956 5320 3100 5378 bello
3139 5317 3314 5389 magis
3366 5323 3450 5372 est
3491 5314 3658 5384 perii—

2071 5417 2197 5470 dum
2227 5415 2497 5486 pecunia?
2542 5415 2746 5486 absque
2771 5411 3084 5470 discrimine
3113 5410 3356 5467 defertur
3384 5406 3570 5463 abillo
3588 5405 3661 5461 ad

2069 5508 2257 5575 alium,
2283 5516 2338 5563 et
2366 5507 2435 5562 ab
2457 5507 2563 5563 alio
2588 5522 2783 5563 rursus
2812 5506 2879 5561 ad
2907 5504 3095 5569 alium,
3129 5501 3284 5574 quasi
3315 5501 3364 5558 si
3389 5498 3655 5570 evigilans

2072 5596 2346 5651 somnium
2369 5633 2386 5661 ,
2419 5596 2563 5666 quod
2604 5594 2995 5659 somniaveris,
3024 5593 3242 5659 videas,
3276 5600 3372 5647 aut
3398 5588 3485 5646 die
3530 5600 3656 5643 cras

2078 5691 2190 5745 tino
2220 5691 2453 5754 crapulae
2497 5688 2812 5747 memineris
2847 5687 3134 5743 hesternae.
3166 5683 3278 5742 Vos
3301 5684 3454 5751 olim,
3482 5694 3518 5739 ο
3548 5678 3659 5736 Ro-

3231 5781 3311 5845 30
