4096 6418
462 292 568 354 933

1280 291 1674 354 EXCERPTA
1713 293 1816 353 EX
1855 291 2456 354 THEOPHYLACTO
2496 290 2920 353 SIMOCATTA

3611 292 3718 355 9&0

462 403 630 469 mani,
656 403 959 457 libertatem
989 402 1196 458 fecistis
1211 403 1374 470 bello,
1394 420 1490 460 vos
1505 407 1667 460 etiam
1691 406 1840 474 pacis
1862 411 2038 459 estote

2143 417 2266 453 πειν
2296 400 2547 454 ἐνύπνιον
2580 400 2672 453 τδν
2712 400 3077 469 κτησάμενον,
3109 398 3143 469 ἦ
3194 400 3260 470 τῇ
3318 399 3580 471 ὑστεραίᾳ
3621 400 3722 469 τῆς

461 494 732 563 discipuli,
787 495 1240 550 anttuntiantibus
1284 497 1437 551 vobis
1499 498 1711 564 Persis,
1747 506 1806 552 ut
1858 497 2036 567 Iacry~

463 601 668 640 Illosulll
703 587 898 641 bellum
930 588 1238 642 excutiatis.
1284 587 1386 653 Qui
1413 589 1554 643 enim
1588 589 1762 660 primo
1785 600 2033 658 peccant,

463 677 584 734 illos
613 680 776 734 etiam
811 679 1170 734 correctionis
1194 676 1349 733 decet
1395 680 1734 749 panitentia.
1774 679 1852 736 Ne
1885 691 2039 751 pute-

465 773 533 825 tis
580 771 960 826 conﬁdentiam
1010 785 1138 834 esse
1181 771 1328 842 lianc
1373 786 1550 828 meam
1599 781 1707 827 tam
1743 773 2035 829 humanam

458 860 781 914 orationem.
828 859 960 914 Cum
1013 845 1157 914 enim
1185 851 1407 915 nullius
1463 859 1700 932 indigeat
1749 859 2035 918 Persarum

463 967 578 1016 rex,
612 952 726 1008 heri
759 951 897 1007 forte
928 951 1011 1006 vel
1038 952 1233 1008 nudius
1265 953 1478 1019 tertius,
1503 955 1722 1025 quando
1749 969 1904 1011 suam
1929 965 2037 1022 ter-

461 1059 573 1099 ram
601 1061 766 1100 ausus
805 1056 889 1100 est
935 1044 1147 1100 calcare
1189 1043 1466 1103 Romanus
1507 1048 1814 1114 exercitus,
1850 1047 2038 1118 praelia

457 1135 709 1201 congredi
741 1135 964 1212 renuit.__
986 1135 1137 1194 Auro
1165 1136 1310 1190 enim
1349 1135 1541 1201 multo,
1585 1137 1850 1208 donisque
1874 1137 2039 1194 lautis

456 1241 636 1280 enuere
685 1225 958 1282 Romanos
985 1225 1174 1296 pacein
1216 1227 1405 1298 jubet,
1439 1242 1535 1283 nec
1566 1242 1697 1284 sane
1743 1243 1841 1297 pro
1879 1241 2040 1299 penna

457 1317 652 1371 bellum
685 1319 963 1384 imponere
1009 1319 1358 1388 peccantibus
1391 1319 1472 1374 i'as
1505 1329 1588 1375 est
1639 1337 1654 1376 :
1691 1319 1839 1390 quia‘
1869 1320 2038 1375 multa

455 1407 768 1475 pecuniaria
784 1415 837 1462 et
858 1407 1138 1464 Persicum
1164 1410 1407 1466 animum
1431 1411 1666 1480 placare,
1691 1419 1748 1467 et
1777 1411 2032 1468 ferociam

455 1497 824 1555 Romanorum
881 1501 1072 1556 bellica
1128 1502 1398 1573 expletam
1451 1503 1612 1565 tuba.
1682 1519 1788 1559 non
1849 1503 2036 1573 nequit

453 1594 833 1662 comprimere.

2143 493 2372 561 ἔναγχος
2406 492 2716 562 μεμνῆσθαι
2746 493 3083 562 κραιπάλης.
3126 491 3340 561 Ὑμεῖς,
3374 485 3722 561 ὧῬωμαῖοι,

2141 586 2242 654 τὴν
2280 585 2595 656 παρρησίαν
2635 583 2804 638 πάλαι
2848 585 2930 654 τῷ
2965 584 3195 655 πολέμῳ
3228 583 3502 637 δεδώκατε
3523 602 3536 616 ο
3562 585 3721 654 ὑμεῖς

2143 678 2238 730 καὶ
2267 677 2366 746 τῆς
2397 674 2623 748 είρήνης
2653 674 2872 744 γίνεσθε
2918 674 3186 746 μαθηταὶ,
3242 674 3721 744 ὲπικηρυκευομέο

2143 785 2249 823 νων
2271 766 2502 835 Περσῶν
2522 767 2614 822 τὸν
2647 765 2977 838 φιλόδακρυν
3008 765 3410 820 ἀποσείσασθαι
3459 765 3720 835 πόλεμον.

2140 853 2236 922 Οἷς
2281 857 2396 929 γὰρ
2440 857 2542 929 τῆς
2596 859 2873 930 ἁμαρτίας
2924 859 2958 928 ή
2985 857 3227 928 έναρξις,
3263 857 3476 920 τούτοις
3501 858 3720 928 καὶτῆς

2141 948 2569 1020 ἐπανορθώσεως
2595 949 2624 1002 ὁ
2659 949 2964 1020 μετάμελός
2990 949 3142 1002 ἔστιν
3187 949 3466 1019 ἁρμόδιος.
3507 947 3600 1019 Μὴ
3626 965 3721 1016 γε.

2137 1039 2313 1095 νέσθω
2359 1041 2566 1111 ’θάρσος
2597 1041 2726 1112 ὑμῖν
2772 1040 2945 1096 ταῦτα
2969 1041 3042 1096 τὰ
3064 1040 3425 1111 φιλάνθρωπα
3471 1041 3721 1114 ῥήματα.

2139 1132 2214 1190 Οὐ
2249 1132 2359 1203 γάρ
2381 1131 2634 1206 περιδεὴς
2665 1133 2907 1202 γεγονὼς
2945 1134 2974 1187 6
3005 1131 3233 1204 Περσῶν
3276 1130 3554 1202 βασιλεὺς,
3587 1132 3722 1201 χθές

2142 1239 2248 1277 που
2284 1224 2380 1277 καὶ
2409 1224 2608 1295 τρίτην
2635 1225 2730 1279 ὅτε
2769 1224 2870 1296 τῆς
2902 1224 3079 1296 ίδικῆς
3136 1225 3199 1278 τὺ
3237 1223 3547 1295 Ῥωμαϊκὸν
3577 1241 3719 1278 κατ-

2140 1315 2408 1388 ετόλμησε
2438 1317 2562 1388 γῆς,
2593 1315 2694 1388 τὴν
2726 1315 3046 1388 συμπλοκὴν
3095 1315 3461 1370 ἀπαναίνεται
3482 1331 3496 1345 ·
3529 1315 3720 1386 χρυσῷ

2141 1411 2252 1481 γὰρ
2285 1409 2466 1482 πολλῷ
2491 1411 2588 1464 καὶ
2616 1411 2811 1482 δώροις
2831 1411 3107 1482 λαμπροῖς
3131 1409 3400 1481 πρίασθαι
3423 1408 3719 1480 Ῥωμαίοις

2135 1506 2236 1569 τὰς
2272 1505 2507 1570 σπονδάς
2531 1505 2908 1574 ἑγκελεύεται.
2959 1505 3036 1560 Οὐ
3073 1505 3183 1577 γὰρ
3210 1505 3274 1577 δὴ
3309 1504 3502 1576 ποινήν
3539 1522 3717 1560 κατα-

2137 1595 2331 1666 θέσθαι
2352 1596 2479 1661 τοὺς
2509 1597 2903 1668 ἡμαρτηκότας
2926 1596 3086 1668 θέμις
3117 1598 3210 1652 τὸν
3237 1598 3498 1668 πόλεμον.
3530 1597 3718 1669 Ἱκανὴ

452 1653 632 1757 γὰρ-ὴ
662 1686 888 1753 ἐκτισις,
917 1687 1012 1741 καὶ
1043 1683 1311 1760 Περαικιν
1339 1653 1676 1746 ¹λιιιιτευνάσαι
1714 1685 1922 1760 θυμὸν,
1963 1690 2064 1750 κα⁶ι
2344 1653 2684 1760 περιστεῖλαι
2721 1653 3042 1760 ιΡιιὶρλίων,
3064 1653 3398 1762 ⁷ιιισλεριικῆς
3446 1653 3717 1762 ὀρεγόμεί

453 1797 540 1830 νον
574 1777 899 1847 σάλπιγγος.

513 1869 648 1922 Cum
711 1873 1014 1924 orationem
1076 1872 1254 1928 adhuc
1295 1873 1615 1928 extenderet
1661 1869 1880 1944 legatus
1936 1869 2035 1929 ad-

455 1975 607 2014 versa
656 1962 895 2016 omnium
929 1970 1116 2017 contra
1168 1977 1290 2019 eum
1335 1964 1738 2020 exsibilantium
1777 1965 2037 2021 tolleban-

452 2064 536 2106 tur
599 2052 891 2124 suffragio,
963 2047 1214 2121 ,cl-ainure
1292 2057 1516 2126 insuper
1587 2056 1820 2128 ingenti.
1879 2065 2035 2128 quasi

449 2146 688 2210 graviter
718 2146 1007 2202 ferentium
1042 2147 1342 2202 orationem
1377 2148 1626 2205 Barbari.
1676 2146 1845 2204 Elatis
1889 2149 2033 2204 enim

451 2239 769 2294 tidebantur
818 2255 940 2295 esse
1010 2241 1241 2306 animis,
1295 2252 1516 2312 propter
1567 2241 1688 2298 illas
1739 2257 1874 2314 quas
1927 2242 2036 2313 pri-

451 2345 597 2383 mum
670 2331 1166 2400 experlilfder'attt
1235 2347 1326 2388 res
1399 2345 1726 2404 prosperas,
1782 2336 1906 2390 cum
1979 2343 2036 2390 et

451 2419 735 2474 Persarum
767 2422 1150 2478 distarbarunt
1195 2423 1450 2489 Ordines,
1488 2431 1545 2481 et
1574 2425 1770 2496 praedis
1819 2427 2035 2496 spoliis-

447 2525 550 2576 que
621 2511 777 2578 potiti
823 2511 1179 2584 Cardarigam
1229 2515 1727 2574 circumvenerunt.
1797 2516 2034 2573 Dimissa

451 2616 574 2656 vero
599 2603 673 2656 ab
701 2601 1038 2670 imp’dratore
1083 2604 1369 2672 concione,
1411 2605 1576 2662 Persa
1615 2605 1828 2662 dicendi
1867 2605 2034 2662 ﬁnem

448 2693 574 2746 t'ecit
621 2709 636 2746 :
675 2703 774 2749 nec
830 2695 1012 2751 multis
1059 2703 1182 2768 post
1233 2696 1427 2753 “diebus
1473 2695 1749 2770 ;Nisibidis
1799 2698 2032 2754 antistes

449 2787 654 2841 Ιιιιιιοτε
719 2787 1050 2842 sace’rdbtali
1115 2788 1482 2862 praefulgens,
1528 2790 1598 2847 ad
1655 2791 1848 2846 ducem
1899 2791 2037 2846 abiit

445 2877 743 2945 audentque
770 2877 1011 2935 Mebodis
1035 2879 1201 2935 verba
1228 2881 1286 2936 in
1313 2883 1552 2936 modium
1581 2882 1833 2953 proponit
1865 2899 1878 2936 :
1911 2898 2037 2952 quae

446 2984 569 3022 eum
619 2972 724 3023 ditat
789 2985 884 3038 per
941 2971 1284 3028 tabellarium
1335 2975 1404 3028 ad
1457 2987 1640 3046 regem
1694 2973 2034 3045 scripsisset,

448 3062 634 3131 agnito
663 3064 963 3131 imperator
998 3064 1180 3134 sigillo
1227 3065 1406 3133 ducis,
1441 3066 1626 3123 edicto
1666 3067 1852 3124 statim
1886 3066 2034 3123 laeto

2060 1791 2110 1851 B

2204 1865 2327 1924 ’Ἔτι
2372 1867 2554 1924 τοίνυν
2601 1871 3025 1944 παρατείνοντος
3074 1871 3169 1925 τοῦ
3220 1871 3381 1942 λόγου
3429 1873 3526 1927 τοῦ
3573 1875 3714 1945 πρέ-

2138 1959 2349 2027 σϐεως,
2439 1963 2701 2034 Ῥωμαῖοι
2761 1963 3240 2034 κατεχειροποίουν
3320 1965 3666 2036 συρίττοντες
3694 2007 3714 2034 ,

2122 2050 2232 2128 ,καὶ
2274 2052 2524 2123 ταραχὴν
2565 2053 2687 2122 ταῖς
2723 2051 2876 2124 βοαῖς
2913 2046 3211 2122 ὲνεποίουν,
3239 2054 3428 2126 ὥσπερ
3458 2055 3714 2110 δεινοπα-

2137 2144 2374 2198 θούντων
2426 2145 2520 2198 ἐπὶ
2577 2147 2689 2210 τοῖς
2721 2146 2930 2216 ῥήμασι
2971 2146 3066 2200 τοῦ
3113 2146 3410 2219 βαρὸάρου.
3460 2149 3718 2204 Ἐδόκουν

2137 2237 2244 2308 γάρ
2275 2236 2369 2290 καὶ
2417 2237 2678 2308 Ῥωμαῖοι
2703 2237 3074 2309 μεγαλαυχεῖν
3102 2239 3195 2292 ἐπὶ
3217 2241 3330 2304 τοῖς
3361 2240 3592 2311 ἔναγχος
3617 2257 3718 2310 γε-

2087 2347 2092 2354 ·
2135 2327 2482 2399 γενημένοις,
2512 2329 2588 2393 ὡς
2616 2329 2879 2384 ἑσέδυσαν
2909 2331 2968 2392 ές
2999 2329 3100 2401 τῆν
3152 2329 3377 2402 Περσῶν
3410 2332 3714 2402 πολιτείαν,

2133 2420 2210 2484 ὼς
2234 2420 2385 2486 λείας
2413 2421 2760 2493 ἐκράτησαν,
2817 2422 2896 2485 ὡς
2952 2422 3306 2496 Καρὸαρίγαν
3353 2424 3714 2495 έφενάκισαν.

2144 2516 2206 2568 ’0
2232 2515 2291 2569 δι
2341 2513 2647 2586 στρατηγὸς
2709 2513 2810 2585 τὴν
2839 2514 3142 2585 ικκλησιαν
3195 2515 3474 2571 διέλυσεν·
3527 2518 3622 2572 καὶ
3683 2519 3718 2573 δ

2133 2605 2353 2678 Πέρσης
2389 2605 2493 2659 οὐκ
2538 2603 2812 2676 ἐπέθηκεν
2855 2603 3008 2670 τέλος
3038 2608 3155 2670 τοῖς
3187 2606 3454 2677 ῥήμασιν.
3499 2607 3717 2676 Ὀλίγαι

2132 2698 2314 2751 τοίνυν
2364 2696 2570 2769 ἡμέραι
2610 2695 2932 2767 διῳκήκασι,
2985 2695 3080 2750 καὶ
3107 2699 3137 2750 ὁ
3181 2699 3278 2769 τῆς
3305 2698 3583 2763 Νισίσιδος
3613 2699 3719 2769 τῆς

2135 2786 2416 2857 ἱερατικῆς
2471 2785 2814 2858 προλάμπων
2869 2787 3060 2858 τιμῆς,
3118 2787 3196 2852 ὡς
3246 2789 3342 2842 τὸν
3381 2792 3718 2861 ’στρατηγὸν

2131 2877 2463 2945 ἀφικνεῖται,
2498 2879 2566 2932 τὰ
2623 2877 2767 2934 αὐτὰ
2821 2877 2900 2950 τῷ
2943 2879 3178 2952 Μεδώδῃ
3203 2882 3429 2953 ῥήματα
3455 2884 3517 2947 ις
3543 2884 3717 2956 μέσον

2131 2970 2434 3041 τιθέμενος.
2465 2970 2539 3024 Τὸ
2563 2970 2870 3043 τηνικαῦτα
2887 2970 3180 3044 τοιγαροῦν
3207 2974 3238 3028 ὁ
3264 2975 3574 3047 στρατηγὸς
3598 2977 3714 3030 τῶν

2132 3063 2361 3136 Περσῶν
2383 3064 2575 3134 λόγους
2605 3064 2676 3119 δι’
2708 3066 3040 3131 ἐπιστολέως
3069 3067 3128 3131 ές
3159 3067 3386 3139 βασιλέα
3416 3070 3715 3142 παρέπεμ-

448 3154 802 3226 Philippicum
846 3155 1010 3226 jussit
1039 3155 1438 3227 linpurissimas
1481 3157 1583 3216 has
1614 3159 1861 3216 inducias
1898 3159 2029 3215 mis-

2133 3153 2259 3225 ψεν.
2298 3155 2356 3208 ὐ
2385 3153 2442 3208 δὲ
2493 3153 2750 3224 βασιλεὺς
2787 3155 2889 3220 τὰς
2916 3155 3013 3211 τοῦ
3069 3136 3382 3229 στρατηγοῦ
3416 3136 3716 3231 ιστορήσας

445 3262 564 3300 sum
599 3247 797 3312 facere,
824 3256 1080 3318 tanquam
1117 3250 1370 3306 obstante
1393 3249 1636 3308 Romana
1667 3250 2027 3321 magnanimi-

449 3347 578 3392 tate.
599 3337 895 3410 D-uxigitur
909 3341 1273 3413 imperatoriis
1288 3340 1504 3400 tabellis
1518 3341 1843 3408 convolutis,
1857 3356 2024 3412 prope

449 3431 855 3488 Mambratbona
891 3436 1082 3503 tendit,
1116 3445 1172 3492 et
1201 3438 1278 3492 sic
1294 3439 1510 3508 quidem
1548 3436 2020 3494 belluminvaiuit.

2134 3249 2360 3319 κεραίας
2387 3248 2700 3318 παραυτίκα
2738 3247 2916 3303 ἀνεῖλε
2959 3249 3362 3322 προστάγματι,
3391 3251 3487 3306 τὸν
3516 3252 3717 3306 Φιλιπ-

2131 3341 2291 3394 πικὸν
2320 3340 2784 3412 ἐγκελευσάμενος
2810 3341 2911 3405 τὰς
2939 3343 3226 3413 αίσχίστας
3248 3345 3451 3410 ταύτας
3476 3347 3718 3409 σπονδὰς

2129 3433 2585 3502 ἀποπέμπεσθαι,
2617 3432 2692 3496 ὡς
2713 3432 3029 3507 ἀπᾳδούσης
3066 3435 3383 3508 Ῥωμαῖκῆς
3421 3439 3715 3508 μεγαλε.ό-

444 3545 623 3599 τητρς.
657 3531 767 3584 Καὶ
817 3531 1004 3600 μέντοι
1031 3531 1061 3584 ὁ
1100 3531 1405 3601 στρατηγὸς
1431 3531 1526 3593 τὰς
1579 3529 2048 3601 αὐτοκρατορικάς
2087 3525 2694 3600 δέλτους-ηττυξάμενος,
2743 3526 2836 3582 ἐπὶ
2873 3526 2934 3583 τὸ
2996 3529 3360 3600 Μαμύραθὼν
3403 3548 3716 3602 στρατοπε-

443 3622 679 3688 δεύεται,
713 3621 856 3675 οῦτω
878 3622 977 3692 μὲν
1011 3623 1249 3695 ἐσφρίγα
1273 3626 1302 3678 ὁ
1337 3624 1591 3695 πόλεμος.

515 3718 667 3784 Quod
703 3718 976 3774 Cliosroes
1015 3719 1186 3798 milite
1233 3735 1331 3775 suo
1376 3719 1533 3788 fuso,
1581 3721 1897 3776 seditionem
1933 3734 2021 3773 ve-

445 3811 604 3876 ritus,
633 3805 914 3882 proposuit
949 3812 1052 3866 sibi
1084 3813 1148 3868 de
1182 3827 1314 3882 pace
1351 3813 1606 3868 conferre
1633 3827 1758 3868 cum
1804 3811 2022 3868 Tiberio

445 3907 680 3969 Ctesare,
731 3902 798 3958 de
845 3918 950 3971 qua
999 3918 1059 3958 re
1104 3905 1386 3959 consultus
1427 3903 1610 3960 Casar
1659 3905 2019 3961 conditionem

446 3997 685 4052 decrevit
745 3979 1016 4065 accipere.
1072 3979 1238 4050 Mittit
1281 3987 1468 4065 igitur,
1518 3997 1608 4065 qui
1657 3998 1722 4052 de
1770 3995 2022 4066 paciﬁca-

447 4089 591 4142 tione
633 4071 1118 4152 collequerentur,
1144 4087 1292 4140 viros
1333 4087 1402 4142 ad
1448 4101 1570 4142 eam
1617 4101 1730 4141 rem
1773 4087 2021 4151 idoneos,

447 4179 641 4250 legatis
679 4177 834 4232 lectis
881 4161 1089 4232 Joanne
1123 4187 1193 4234 σοι
1235 4163 1397 4234 Petro
1424 4193 1634 4235 summa
1682 4181 1822 4250 apud
1852 4177 2020 4234 Sena-

448 4287 559 4330 tum
592 4273 876 4344 dignitate,
909 4267 1135 4344 tttroqtte
1175 4274 1432 4346 patricio,
1481 4288 1543 4329 ac
1578 4271 1864 4332 Theodoro
1902 4289 2018 4328 ma-

443 4366 618 4436 gistri,
673 4374 732 4420 ut
783 4373 979 4418 vocant
1027 4361 1226 4437 Latini,
1273 4363 1587 4433 przefectura
1635 4365 2014 4421 condecorata.

443 4461 712 4512 Ultusroes
760 4457 921 4511 etiam
981 4445 1142 4527 ι,εά
1185 4455 1686 4527 Sarnacbosganem
1738 4457 1910 4512 virum
1964 4459 2018 4512 in

2207 3715 2382 3771 Ὅτιό
2415 3717 2663 3789 Χοσρύης
2695 3719 2833 3788 μετά
2885 3717 2982 3790 τὴν
3011 3713 3202 3792 ἧτταν,
3239 3721 3338 3784 τὰς
3371 3723 3587 3785 στάσεις
3613 3721 3713 3775 τοῦ

2128 3799 2410 3859 ὁπλιτικοῦ
2454 3805 2662 3870 δεδιὼς,
2696 3806 2950 3878 διενοήθη
2993 3808 3068 3872 ,ἐς
3102 3802 3294 3878 λόγους
3331 3811 3460 3880 περὶ
3490 3811 3590 3880 τῆς
3629 3813 3712 3863 εί-

2131 3895 2299 3968 ρήνης
2321 3897 2802 3968 κοινολογήσασθαι
2836 3899 3075 3970 Τιϐερίῳ
3124 3891 3203 3971 τῷ
3253 3903 3515 3974 Καίσαρι.
3556 3903 3617 3958 '0
3650 3904 3709 3956 δὲ

2126 3983 2345 4058 Καῖσαρ
2399 3987 2574 4042 ταῦτα
2632 3990 2958 4059 πυθόμενος,
3019 3993 3077 4055 ἐς
3105 3992 3405 4062 διαλλαγὰς
3453 3996 3704 4064 προϊέναι

2124 4082 2341 4151 διέγνω.
2385 4075 2696 4154 Ἐκπέμπει
2761 4082 2892 4150 γοῦν
2940 4086 3069 4148 τοὺς
3099 4088 3227 4157 περὶ
3260 4088 3585 4156 συμϐάσεως
3613 4089 3697 4140 λό-

2126 4192 2257 4244 γους
2285 4176 2544 4240 δυνατοὺς
2573 4175 3007 4248 καθιδρύσασθαι
3052 4180 3520 4250 κεχειροτονηκὼς
3571 4198 3704 4252 πρε·-

2137 4267 2373 4332 σσευτὰς
2417 4268 2672 4338 Ἰωάννην
2710 4269 2807 4322 καὶ
2849 4269 3078 4340 Πέτρον,
3109 4273 3167 4325 ὲν
3195 4273 3260 4343 τῇ
3290 4275 3576 4343 κορυφαίῳ
3607 4273 3709 4343 τῆς

2133 4361 2440 4432 συγκλήτου
2496 4361 2692 4432 βουλῆς
2752 4362 3041 4426 τελοῦντας
3095 4363 3260 4436 ἀξίᾳ·
3313 4367 3597 4434 πατρίκιοι
3661 4366 3710 4420 δ’

2129 4439 2240 4520 ἄρα
2296 4449 2448 4513 ὄντες
2481 4452 2798 4522 ἐτύγχανον,
2829 4452 3105 4525 Θεόδωρόν
3161 4472 3220 4508 τε
3255 4457 3318 4527 τῇ
3374 4459 3712 4529 μαγιστερέᾳ

443 4551 660 4605 Persica
692 4548 878 4618 politia
907 4547 975 4602 ob
1006 4548 1322 4618 dignitatem
1370 4558 1698 4618 spectatum,
1744 4565 1869 4606 cum
1905 4549 2026 4606 aliis

2132 4542 2273 4611 ἀρχῇ
2333 4541 2486 4608 παρὰ
2529 4542 2818 4613 Ῥωμαίοις
2848 4544 3162 4614 τιμώμενόν
3200 4563 3257 4598 τε
3289 4549 3706 4618 γεραιρόμενον.

446 4644 580 4698 viris
606 4643 960 4712 dignissimis,
1008 4641 1152 4696 bello
1177 4655 1271 4712 per
1299 4639 1446 4696 illum
1489 4655 1711 4710 pausam
1756 4637 2018 4697 facturus.

443 4737 550 4792 Sed
596 4738 736 4791 circa
785 4736 915 4791 illud
961 4734 1102 4790 forte
1141 4742 1352 4804 tempus
1402 4733 1455 4787 in
1511 4733 1768 4788 Armenia
1815 4732 2018 4803 ingenti

443 4845 621 4899 pugna
651 4829 944 4884 commissa
993 4829 1135 4883 inter
1167 4812 1394 4881 Parthos
1423 4833 1478 4879 et
1515 4823 1810 4891 Romanos,
1850 4824 2018 4880 Tam-

442 4903 686 4976 ι-Ιιοετοο
745 4921 980 4976 ducente
1035 4918 1222 4990 copias,
1274 4915 1661 4992 Babylonicas.
1715 4913 2019 4971 Justiniano

444 5011 741 5080 Romanas,
775 5027 898 5076 cum
922 5011 1103 5084 relicti
1133 5009 1412 5082 aliquanto
1441 5008 1560 5077 plus
1595 5007 1822 5064 fuissent
1853 5023 1883 5062 a
1915 5008 2022 5078 pri-

442 5103 582 5170 stina
649 5103 737 5157 illa
788 5101 1109 5158 strenuitate
1167 5099 1434 5166 Romani,
1485 5099 1638 5168 pacis
1684 5099 2020 5156 conditiones

441 5195 579 5252 Medi
629 5196 986 5259 sustulerunt,
1022 5195 1326 5263 iterutnque
1369 5187 1567 5247 bellum
1618 5187 1683 5246 iis
1728 5189 2016 5246 incenden-

444 5267 596 5343 tibus;
611 5288 837 5352 exarsit,
868 5300 990 5340 cum
1025 5299 1185 5358 super
1230 5279 1483 5338 successu
1527 5283 1632 5338 isto
1676 5297 1879 5352 nupero
1912 5298 2017 5337 non

435 5389 663 5447 possent
686 5379 791 5435 sibi
816 5376 1111 5433 moderari.
1142 5376 1325 5445 itaque
1343 5375 1504 5446 legati
1527 5376 1703 5430 verbis
1723 5384 1877 5432 tenus
1894 5390 2021 5446 pro-

437 5473 582 5525 lecto
611 5471 908 5540 proposito,
941 5469 1364 5537 intermissaque
1383 5481 1512 5538 pace
1534 5467 1749 5522 domum
1786 5469 2017 5522 rediere.

2137 4634 2231 4685 καὶ
2262 4634 2367 4703 μὴν
2393 4636 2484 4686 καὶ
2513 4634 2759 4705 Χοσρόης
2791 4636 3245 4708 Σαρναχοσγάνην
3275 4639 3446 4710 ἄνδρα
3474 4645 3540 4712 τῇ
3565 4643 3712 4711 Περ-

2131 4729 2258 4796 σικῇ
2289 4725 2534 4796 πολιτείᾳ
2555 4727 2643 4780 διὰ
2673 4727 2770 4798 τὴν
2813 4726 2972 4792 ἀξίαν
3007 4729 3372 4796 ἀπόϐλεπτον,
3406 4732 3542 4801 πρὸς
3589 4735 3712 4786 ἐτέ-

2129 4834 2244 4888 ροις
2279 4817 2730 4888 ἀξιολογωτάτοις
2759 4819 2987 4890 ἀνδράσι
3019 4821 3100 4892 τῷ
3128 4823 3350 4894 πολέμῳ
3401 4825 3472 4879 δι’
3517 4827 3708 4880 αὐτῶν

2130 4910 2407 4980 παραδοὺς
2437 4912 2536 4981 τὴν
2558 4911 2897 4967 ἀνάπαυλαν.
2932 4914 3196 4979 Σύστασις
3232 4917 3411 4970 τοίνυν
3444 4918 3574 4989 περὶ
3604 4920 3706 4988 τὴν

2143 5001 2439 5080 ’ᾼρμενίαν
2471 5002 2590 5057 κατ’
2619 5005 2796 5057 ἐκεῖνο
2817 5005 3010 5076 καιροῦ
3040 5009 3318 5076 κρατερᾶς
3349 5009 3532 5080 μάχης
3568 5010 3707 5063 Ῥω-

2126 5074 2315 5170 μαίοις
2339 5110 2399 5146 τε
2429 5094 2524 5147 καὶ
2555 5093 2811 5164 Πάρθοις,
2847 5074 3185 5165 Ταμχοσρῶε
3207 5074 3574 5168 ἐφεστηκδτος
3599 5101 3706 5170 τῆς

2125 5186 2474 5251 Βαϐυλωνίας
2505 5186 2809 5256 δυνάμεως,
2850 5187 3229 5244 Ἰουστινιανοῦ
3254 5191 3310 5243 δὲ
3333 5193 3432 5263 τῆς
3469 5191 3705 5262 Ῥωμαῖ-

2125 5280 2248 5350 κῆς,
2280 5281 2490 5348 γίνεται
2547 5279 2775 5334 κατόπιν
2813 5279 2873 5331 τὸ
2920 5279 3228 5350 Ῥωμαϊκὸν
3273 5283 3372 5352 τῆς
3424 5281 3723 5354 προτέρας

2124 5373 2398 5436 εὐκλείας.
2430 5372 2529 5426 Διά
2549 5389 2630 5425 τοι
2659 5372 2814 5424 τοῦτο
2840 5373 3181 5443 ἀπειρήκασι
3207 5367 3522 5444 Μῆδοιτῶν
3549 5376 3700 5442 εἰρη-

2126 5466 2295 5519 ναίων
2320 5465 2583 5518 σπονδῶν.
2619 5465 2730 5520 Καὶ
2757 5465 2919 5520 πάλιν
2948 5466 3134 5531 αὐτοῖς
3162 5463 3621 5534 ἀναζωπυροῦται
3639 5468 3703 5522 τὸ

440 5560 826 5632 φιλοπόλεμον,
863 5560 1249 5633 μετριοπαθεῖν
1273 5560 1365 5612 ἐπὶ
1393 5561 1502 5622 τοῖς
1539 5559 1768 5629 ἔναγχος
1796 5561 1858 5613 οὐ
1883 5561 2232 5632 χωρήσαντες
2263 5560 2680 5630 ὲπιτεύγμασιν.
2706 5558 2769 5612 Ol
2796 5561 2897 5630 μὲν
2923 5561 3016 5615 οὖν
3044 5563 3304 5628 πρέσϐεις
3331 5559 3493 5628 μέχρι
3521 5558 3700 5626 λόγων

431 5654 508 5704 .τά
552 5654 644 5707 τοῦ
679 5654 884 5708 σκοποῦ
951 5653 1326 5717 διανύσαντες,

1759 5887 1798 5918 \

1390 5652 1627 5724 χωροῦσι
1673 5654 1809 5724 πρὸς
1840 5653 1906 5707 τὰ
1934 5655 2094 5723 οἴκοι,
2131 5653 2372 5725 ὀρφανὰς
2395 5654 2490 5716 τὰς
2521 5653 2816 5724 πρεσϐείας
2852 5653 2950 5721 τῆς
2989 5651 3213 5724 εἰρήνης
3246 5649 3696 5717 καταλείψαντες.
