4096 6438
370 312 485 380 ,941

1157 314 1255 379 DE
1295 315 1866 380 LEGATIONIBUS
1897 316 2251 380 GENTIUM
2293 319 2392 380 AD
2426 319 2811 383 ROMANOS.

3534 327 3643 391 9ίῖ

450 436 575 488 Ὅτι
626 432 873 503 Χοσρὸης
916 434 943 487 ό
991 433 1219 507 Περσῶν
1262 439 1521 508 βασιλεὺς
1550 440 1833 510 ἡττηθεὶς,
1859 442 1955 494 καὶ

2137 442 2292 509 Quod
2340 440 2587 497 Choroes
2634 438 2886 494 devictus
2929 444 2984 492 et
3042 436 3257 507 fugatus
3311 454 3340 494 a
3393 440 3644 521 Baramo,

369 523 732 595 ἀποδιωχθεὶς
764 525 918 597 παρά
975 526 1195 599 Βαρὰμ,
1248 532 1344 584 καὶ
1394 534 1495 602 τῆς
1528 531 1810 602 βασιλείας
1857 533 1952 588 ικ-

370 615 577 683 πεσὼν,
606 615 702 670 καὶ
731 616 865 671 δέκα
893 618 1147 689 σημείοις
1200 621 1441 691 ιχόμενα
1487 622 1583 677 τοῦ
1612 623 1951 695 Κιρκῆνσίσυ

371 708 472 773 τῆς
500 707 711 772 πόλεως
745 707 1231 780 ἀγραυλιζόμενος.
1270 712 1630 781 ἀπεκπέμπει
1658 714 1948 784 ἀγγέλους,

369 795 706 867 παραδηλῶν
731 798 834 867 τὴν
858 796 1067 867 ἄφιξιν,
1099 800 1195 853 καὶ
1228 800 1332 873 τὴν
1358 802 1414 865 ές
1445 802 1540 856 τὸν
1568 804 1826 877 Καίσαρα
1851 822 1951 859 κα·

367 888 641 958 ταφυγὴν,
672 888 773 959 τήν
815 905 877 942 τε
901 890 961 954 ές
984 889 1055 943 τά
1111 892 1251 945 οἴκοι
1292 892 1519 947 κάθοδον
1541 892 1946 967 ἐξαιτούμενος,

365 979 525 1051 ἠξίου
558 980 911 1051 συμμαχικὸν
943 982 1054 1037 ἀπὸ
1081 983 1372 1054 Ῥωμαίων
1402 985 1749 1041 ἀποίσεσθαι.
1774 986 1949 1060 Τρίτῃ

367 1072 502 1143 γοῦν
535 1075 751 1145 φυλακῇ
775 1075 877 1146 τῆς
912 1075 1111 1138 νυκτὸς
1138 1076 1235 1131 καὶ
1263 1077 1487 1146 ἄγγελοι
1509 1078 1647 1147 πρὸς
1671 1080 1794 1142 ταῖς
1846 1079 1950 1133 πύι

364 1163 488 1227 λαις
508 1162 819 1235 ἐχώρησαν.
849 1165 1069 1237 Ἐπειδὴ
1107 1168 1222 1232 τοῖς
1248 1166 1564 1238 πυλωροῦσι
1600 1168 1672 1223 τὰ
1701 1167 1795 1223 τοῦ
1825 1169 1946 1240 χίου

363 1254 777 1324 διεξοδευόμενα
815 1253 922 1308 ὑπὸ
947 1255 1230 1326 πρέσϐεων
1265 1255 1666 1329 διεγνωρίζετο,
1698 1257 1804 1312 ὑπὸ
1852 1257 1948 1315 τὸν

363 1346 611 1416 ἡγεμόνα
647 1346 844 1401 θᾶττον
896 1346 997 1417 τῆς
1050 1347 1261 1411 πόλεως
1303 1349 1353 1403 oi
1395 1349 1496 1421 τὴν
1544 1350 1797 1421 φρουρὰν
1835 1350 1946 1406 τῶν

364 1438 555 1493 πυλῶν
581 1438 1036 1510 ἑγχειρισθέντες,
1062 1442 1347 1511 προΐεσαν,
1370 1442 1450 1511 τῷ
1480 1460 1539 1495 τε
1566 1443 1793 1513 ἡγεμόνι
1824 1459 1947 1498 συν·

362 1530 519 1583 τόνου
549 1531 788 1602 σπουδῆς
819 1531 918 1603 τὴν
944 1531 1302 1602 περιπέτειαν
1346 1532 1690 1589 ἀνετίθεσαν.
1752 1534 1844 1603 Τῷ
1884 1534 1944 1588 δὲ

362 1620 686 1693 φρουράρχῃ
716 1618 785 1693 ἦν
812 1622 921 1694 ἄρα
950 1622 1160 1694 Πρόδος
1213 1623 1407 1693 ὄνομα.
1447 1626 1505 1678 '0
1537 1626 1638 1695 μὲν
1680 1625 1775 1680 οὖν
1805 1626 1946 1698 Πρό-

360 1714 456 1775 60;
501 1713 560 1777 ἐξ
590 1714 816 1768 ἑωθινοῦ
845 1715 938 1767 τὸν
965 1714 1216 1787 Χοσρόην
1248 1715 1385 1787 πρὸς
1413 1715 1475 1769 τὸ
1523 1717 1660 1772 ἀστυ
1690 1718 1904 1787 εἰσάγει
1924 1734 1940 1750 ·

2060 547 2335 604 regnoque
2382 531 2594 602 eiectus
2624 567 2641 596 ,
2690 539 2748 585 et
2792 528 2936 584 infra
2996 529 3269 585 decimum
3328 533 3561 602 lapidem
3614 552 3649 592 a

2054 623 2341 680 Clrcensio
2378 623 2480 681 sub
2520 622 2610 677 die
2662 620 2716 676 in
2761 634 2895 689 agro
2923 628 3161 675 metatus
3184 622 3432 679 nuntium
3459 640 3649 680 aman-

2055 715 2236 782 davit,
2283 716 2579 776 adventura
2623 711 2978 782 signiﬁcans,
3046 710 3404 782 fortunasque
3454 730 3647 771 recen-

2056 816 2172 871 tes,
2219 813 2275 862 et
2318 804 2588 878 refugium
2632 804 2703 860 ad
2745 803 3036 871 Caesarem,
3080 816 3501 876 commeatuque
3545 807 3649 862 do-

2052 914 2202 954 mum
2233 897 2528 968 postulato,
2564 895 2767 953 auxilia
2801 910 2830 951 a
2874 894 3136 953 Romanis
3179 896 3408 965 expetit.
3459 896 3645 953 Tertia

2050 1004 2183 1047 vero
2210 988 2391 1061 vigilia
2426 990 2601 1045 nonis
2633 988 2804 1049 nuntii
2838 988 2909 1042 ad
2942 996 3128 1057 portas
3154 987 3518 1053 advenerunt,
3548 990 3646 1060 qui

2052 1096 2177 1137 cum
2206 1082 2278 1137 de
2316 1081 2513 1151 quibus
2544 1081 2729 1139 causis
2756 1080 3027 1147 venirent,
3076 1081 3255 1138 edocti
3286 1092 3475 1138 essent
3514 1098 3646 1149 por-

2048 1183 2135 1230 .te
2164 1174 2452 1237 custodes,
2484 1173 2553 1227 ad
2584 1170 2898 1241 praefectum
2926 1171 3181 1227 celeriter
3214 1170 3369 1227 urbis
3394 1172 3644 1237 mittunt,

2049 1266 2088 1322 ii
2142 1280 2375 1335 quorum
2428 1273 2708 1335 portarum
2756 1273 2876 1319 erat
2934 1252 3218 1332 custodia,
3274 1261 3645 1333 praelectoque

2051 1365 2163 1411 tam
2195 1357 2491 1423 insperata:
2520 1353 2888 1411 festinationis
2912 1369 3134 1411 causam
3167 1364 3467 1424 exponunt.
3498 1352 3647 1409 Prae-

2045 1444 2287 1502 sidiarite
2325 1454 2438 1499 tum
2469 1445 2711 1501 cohortis
2740 1443 2999 1514 prmfecto
3034 1458 3231 1500 nomen
3278 1454 3399 1500 erat
3439 1442 3641 1505 Probo.

2047 1551 2218 1607 quare
2244 1535 2453 1592 Probus
2485 1536 2552 1591 de
2570 1551 2734 1592 mane
2758 1536 3134 1592 intromissum
3164 1538 3217 1593 in
3246 1538 3435 1593 urbem
3461 1536 3640 1593 Choe-

2050 1642 2205 1692 roen,
2239 1628 2552 1685 humaniter
2579 1636 2641 1691 et
2667 1628 2929 1684 benevole
2964 1632 3205 1701 excepit,
3236 1631 3291 1685 in
3321 1631 3643 1688 mulieribus

2040 1719 2178 1781 item
2239 1717 2395 1786 ejus,
2447 1719 2738 1776 subrumos
2782 1721 3037 1789 puerulos
3085 1723 3424 1791 gestantibus
3475 1723 3642 1778 nimis

357 1804 627 1877 δεξιότητι
648 1806 707 1859 δὲ
762 1807 854 1859 καὶ
884 1785 1255 1879 φιλοφροσύνῃ
1285 1785 1477 1864 τοῦτον
1505 1809 1732 1877 ἐξένιζε.
1769 1785 1850 1866 Τά
1877 1810 1934 1864 δὲ

2044 1826 2205 1882 quam
2234 1785 2466 1871 maxime
2493 1785 3007 1878 humanitate‘usus,
3032 1785 3412 1869 defensoribus
3424 1828 3641 1884 quoque

359 1898 548 1949 τούτου
605 1896 805 1966 γύναια
862 1900 1058 1962 παῖδας
1112 1899 1453 1969 ὁπομαζίους
1512 1902 1931 1974 περιαγόμενα,

357 1988 479 2042 λίαν
510 1992 589 2054 είς
620 1991 693 2045 τὰ
743 1990 981 2063 μάλιστα
1043 1993 1461 2064 φιλανθρωπίας
1492 1993 1676 2065 ἠξίου·
1710 1992 1838 2059 τούς
1876 2004 1935 2048 τε

359 2083 711 2148 ὑπασπιστὰς
756 2085 853 2137 καὶ
903 2085 1238 2157 περιπόλους
1292 2084 1661 2157 τριάκοντα...
1722 2086 1816 2159 ρία
1855 2085 1937 2154 τῷ

356 2175 576 2249 Χοσρόῃ
602 2175 870 2248 ὑπῆρχον.
907 2172 979 2231 Εὖ
1013 2178 1187 2231 ἐποίει
1236 2178 1419 2249 κάρτα
1475 2178 1757 2243 ἐπιεικῶς.
1807 2181 1938 2233 Aen-

352 2266 496 2337 τέρᾳ
527 2266 584 2319 δὲ
609 2267 793 2339 ἡμέρᾳ
824 2268 920 2322 καὶ
947 2268 1198 2340 Χοσρόης
1230 2269 1415 2340 ἐζήτει
1442 2268 1533 2322 τὸν
1589 2268 1800 2340 Πρόσον
1846 2269 1937 2324 διὰ

356 2360 686 2429 γράμματος
733 2359 1025 2430 πρέσὸεων
1075 2361 1225 2433 παρά
1253 2361 1346 2414 τὸν
1376 2361 1654 2433 Καίσαρα.
1688 2362 1797 2416 Καὶ
1844 2362 1938 2431 ἑγ-

355 2448 603 2519 χαρὰξας
633 2450 939 2520 βασιλείους
974 2450 1207 2520 κεραίας
1250 2449 1342 2503 διὰ
1396 2451 1612 2522 Πρόὸου
1641 2451 1720 2521 τῷ
1777 2452 1938 2504 αύτο-

355 2542 586 2612 κράτορι
639 2541 880 2596 ἔστελλε.
934 2543 1014 2613 Τῇ
1046 2542 1104 2596 δὲ
1148 2542 1415 2614 ὑστεραίᾳ
1450 2544 1805 2614 Κομεντιόλῳ
1860 2542 1938 2613 τῷ

359 2632 657 2704 στρατηγῷ
684 2632 827 2688 κατά
861 2632 961 2705 τὴν
990 2635 1145 2705 ίεράν
1171 2633 1326 2687 πόλιν
1352 2632 1745 2704 ὲνδιατρίόοντι
1768 2635 1938 2689 κατά-

352 2724 514 2794 δηλον
529 2724 629 2795 τὴν
653 2725 748 2778 τοῦ
766 2727 1007 2795 Χοσρόου
1035 2726 1159 2797 ἑνδη
1169 2727 1300 2795 μίαν
1331 2727 1360 2779 ό
1378 2725 1588 2794 Πρόύος
1617 2727 1935 2797 πεποίηται,

354 2818 580 2888 πέμψας
643 2820 700 2882 ις
745 2820 914 2873 αὐτὸν
944 2820 1040 2873 καὶ
1080 2822 1152 2875 τὰ
1185 2819 1337 2888 παρὰ
1389 2820 1631 2891 Χοσρόου
1675 2822 1736 2875 ἐν
1784 2821 1943 2888 dettl)-

356 2926 439 2962 σει
462 2911 831 2983 γεγραμμένα
857 2910 936 2981 τῷ
961 2911 1224 2984 Καίσαρι.
1263 2913 1320 2966 '0
1350 2911 1408 2965 δὲ
1438 2912 1800 2983 Κομεντίολος
1826 2914 1938 2968 τῶν

355 3002 460 3057 ὑπὸ
479 3002 576 3057 τοῦ
606 3003 824 3074 Πρόὸου
850 3004 1300 3074 διαγνωσθέντων
1320 3003 1470 3076 αύτῷ
1496 3005 1637 3059 κατά
1664 3006 1764 3078 τὴν
1782 3005 1936 3078 ίεράν

2038 1914 2093 1960 et
2118 1904 2491 1972 stipatoribus,
2514 1918 2744 1971 quorum
2783 1904 3001 1975 triginta
3037 1905 3178 1961 forte
3198 1914 3356 1960 erant
3378 1905 3637 1971 Chosroi,

2038 1998 2178 2052 bona
2210 1996 2381 2050 multa
2436 1994 2566 2053 fecit
2600 1995 2756 2052 valde
2788 1996 2982 2053 amice.
3015 1996 3216 2062 Altera
3260 1998 3349 2053 die
3396 1994 3636 2053 Probum

2038 2083 2291 2156 qumivit
2314 2083 2587 2141 Chosroes
2614 2099 2713 2154 per
2741 2084 2957 2143 litteras
2979 2085 3201 2143 mittens
3235 2085 3302 2142 ad
3332 2084 3632 2152 Caesarem,

2039 2185 2247 2231 etcum
2304 2182 2590 2232 exarasset
2634 2175 2870 2247 sigillum
2910 2176 3121 2247 regium
3154 2190 3253 2248 per
3283 2174 3517 2234 Probum
3564 2175 3636 2231 ad

2040 2267 2420 2336 imperatorem
2465 2266 2637 2323 dedit.
2685 2266 2979 2323 Posteriori
3028 2281 3159 2323 vero
3203 2268 3291 2325 die
3322 2266 3635 2324 Contentio-

2039 2361 2149 2415 lum
2208 2362 2401 2416 ducem
2458 2358 2733 2435 Hierapoli
2797 2369 3266 2428 commorantem,
3337 2360 3631 2416 certiorem

2040 2454 2167 2507 fecit
2198 2453 2264 2506 de
2309 2451 2594 2520 praesentia
2642 2450 2920 2516 Chosrois,
2956 2449 3139 2506 missis
3168 2451 3236 2504 ad
3278 2464 3404 2505 eum
3444 2449 3630 2505 simul.

2040 2560 2160 2615 qua
2184 2542 2455 2599 Chosroes
2478 2557 2600 2598 cum
2633 2542 2839 2597 honore
2869 2542 3241 2611 dignitateque
3265 2539 3333 2595 ad
3357 2538 3629 2595 Caesarem

2039 2636 2457 2708 perscripserat.
2513 2633 2935 2700 Comentiolus,
2992 2648 3113 2704 quae
3164 2632 3268 2688 sibi
3322 2630 3627 2700 signiﬁcata

2040 2739 2197 2785 erant
2225 2727 2497 2798 llierapoli
2526 2742 2556 2781 a
2602 2727 2816 2795 Probo,
2867 2740 2966 2797 per
3009 2724 3215 2783 celeres
3245 2738 3525 2780 cursorum
3562 2725 3629 2776 ad

2036 2822 2312 2879 Caesarem
2380 2820 2596 2876 curavit
2642 2819 3007 2890 perferenda,
3073 2817 3272 2889 quibus
3332 2816 3631 2887 imperator

2040 2912 2337 2969 Mauricius
2370 2911 2593 2979 auditis,
2618 2910 2879 2976 subrisit,
2924 2918 2978 2965 et
3014 2908 3081 2965 de
3127 2906 3341 2965 meliori
3383 2906 3490 2963 sibi
3532 2918 3631 2975 spe

2041 3006 2367 3078 gratulatus,
2413 3000 2814 3075 detractisque‘
2837 3001 3007 3073 signis
3050 2994 3288 3056 Persicis
3336 3013 3401 3055 ea
3435 2998 3625 3063 etiam,

361 3097 509 3150 πόλιν
534 3098 650 3161 τοῖς
678 3095 1119 3167 ταχυδρομοῦσιν
1143 3097 1377 3167 ἄγγελον
1406 3097 1698 3168 παρεδίδου
1734 3094 1935 3168 ήεοντα

2042 3114 2163 3169 qua:
2193 3099 2344 3155 intus
2368 3106 2592 3153 exarata
2622 3104 2802 3163 erant,
2850 3094 3030 3166 legere
3053 3093 3251 3166 sategit
3290 3100 3346 3148 et
3398 3103 3630 3163 cognos-

358 3190 437 3255 είς
483 3188 733 3260 βασιλέα.
778 3188 840 3243 Ὀ
868 3189 913 3242 δ’
963 3188 1321 3260 αὐτοκράτωρ
1368 3188 1698 3261 Μαυρίκιος,
1728 3187 1936 3242 τούτων

2040 3206 2186 3247 cere.
2220 3189 2467 3258 Dignitas
2497 3203 2626 3245 vero
2653 3186 2828 3255 Peras,
2860 3202 2967 3257 qua
3000 3199 3187 3256 regem
3211 3182 3541 3255 appellabat,
3572 3181 3629 3237 in

352 3281 631 3351 ἀκηκοὼς,
664 3282 1087 3352 περιγάννυται,
1125 3280 1220 3335 καὶ
1252 3283 1375 3345 ταῖς
1403 3282 1715 3353 κρείττοσιν
1752 3280 1936 3335 ἐλπίσι

2040 3282 2131 3338 his
2161 3291 2279 3337 erat
2320 3282 2575 3336 maxime.
2617 3279 2854 3349 Alloqnii
2894 3279 3042 3333 enim
3074 3290 3344 3348 opponam
3396 3274 3631 3344 legatlo-

352 3375 669 3445 κατάκομος
697 3369 790 3445 ἦν.
820 3372 904 3427 Τά
933 3390 993 3426 τε
1040 3374 1331 3445 σήμαντρα
1384 3374 1456 3427 τὰ
1490 3374 1737 3442 Περσικά
1782 3389 1938 3443 περι-

352 3466 612 3535 ελόμενος
640 3468 673 3520 ὃ
697 3483 752 3520 τι
793 3466 858 3520 ἂν
887 3465 984 3520 καὶ
1009 3468 1129 3529 ταῖς
1160 3464 1370 3527 δέλτοις
1398 3466 1823 3536 ὲνεκεχάρακτο,
1846 3465 1930 3518 δι-

2038 3386 2163 3427 nem
2194 3386 2299 3426 non
2334 3370 2567 3425 fucatam
2595 3369 2799 3433 verbis,
2829 3377 2889 3422 ut
2916 3368 3155 3423 ruditate
3182 3364 3450 3421 orationis
3472 3376 3626 3420 meu-

2040 3471 2146 3516 tem
2176 3460 2452 3530 dignitatis
2478 3457 2731 3513 exhibita:
2762 3472 2871 3514 non
2909 3456 3093 3512 ﬁctam
3120 3456 3498 3526 inspiciamus.

356 3560 622 3626 ερευνᾶτο
649 3559 941 3614 ἀνελέσθαι
963 3576 1023 3612 τε
1057 3559 1156 3613 καὶ
1179 3558 1511 3626 διαγνῶναι·
1542 3559 1577 3629 ἡ
1596 3557 1653 3611 δὲ
1682 3557 1781 3633 τῆς
1807 3556 2085 3621 ἀξιώσεως
2151 3553 2246 3608 τοῦ
2282 3553 2394 3606 τῶν
2447 3552 2673 3622 Περσῶν
2712 3550 2977 3620 βασιλέως
3006 3550 3067 3605 ιν
3095 3548 3307 3614 τούτοις
3365 3565 3470 3603 που
3525 3564 3623 3602 συ-

352 3651 816 3706 νετέτακτο.Ἐπὶ
844 3652 1044 3719 λέξεως
1064 3652 1175 3722 γὰρ
1197 3651 1495 3722 προσθήσω
1515 3651 1616 3723 τὴν
1671 3651 2007 3723 πρέσϐευσιν
2045 3648 2459 3704 ἀκαλλώπιστον
2485 3647 2759 3718 φράσεως,
2803 3646 2954 3710 ὅπως
2991 3649 3058 3717 τῇ
3110 3642 3355 3716 ἀμαθεία
3394 3643 3493 3714 τῆς
3529 3642 3620 3698 λι-

351 3743 490 3809 ξεως
514 3744 608 3797 τὸν
640 3743 768 3798 νοῦν
792 3742 895 3811 τῆς
915 3742 1195 3807 ἀξιώσεως
1227 3743 1323 3796 ἀνε
1338 3742 1641 3795 πίπλαστον
1665 3741 2140 3812 ἑνοπτρισώμεθα.

424 3837 671 3907 Χοσρόης
705 3835 933 3907 Περσῶν
960 3834 1215 3905 βασιλεὺς
1241 3834 1319 3905 τῷ
1347 3834 1744 3905 ὲμφανεστάτῳ
1775 3834 1930 3904 βασι‹

350 3929 436 3981 λεῑ
464 3927 575 3980 τῶν
608 3926 917 3996 ἹΡωμαίων
963 3923 1303 3995 ἀγαθοποιῷ,
1337 3922 1623 3996 εἰρηνικῷ,
1670 3923 1931 3995 δυνάστῃ,

353 4019 663 4088 φιλευγενεῖ
692 4018 787 4071 καὶ
812 4017 1211 4087 μισοτυράννῳ,
1245 4018 1500 4081 ἐπιεικεῖ,
1523 4016 1932 4086 δικαιοπραγεῖ,

347 4113 462 4173 τοῖς
498 4108 880 4179 ἀδικουμένοις
912 4108 1144 4180 σωτῆρι,
1163 4107 1521 4180 εὐεργετικῷ,
1543 4109 1929 4179 ἀμνησικακῳ,

348 4201 585 4272 χαίρειν.

420 4292 528 4346 Δύο
551 4292 696 4345 τισὶν
723 4290 1028 4362 ὀφθαλμοῖς
1080 4289 1174 4344 τὸν
1212 4289 1423 4361 κόσμον
1465 4290 1929 4361 καταλάμπεσθαι

350 4387 535 4441 πάντα
556 4384 769 4438 ἄνωθεν
801 4384 898 4437 καὶ
939 4382 1002 4446 ἐξ
1031 4382 1207 4454 ἀρχῆς
1254 4383 1317 4437 τὸ
1347 4382 1502 4455 Θεζον
1537 4381 1929 4454 ἑπραγματεύ-

2114 3831 2274 3904 185
2314 3831 2583 3887 Chosroes
2610 3830 2903 3886 Persarum
2936 3844 3063 3897 rex,
3099 3828 3211 3899 regi
3246 3827 3619 3887 Romanorum

2034 3927 2405 3983 illustrissimo
2442 3962 2458 3989 ,
2512 3922 2682 3989 felici,
2737 3921 2993 3992 paciﬁco,
3052 3926 3284 3994 potenti,
3347 3924 3621 3981 libertatis

2036 4020 2257 4082 vindici,
2286 4016 2594 4089 tyrannidis
2626 4016 2794 4080 osori,
2828 4014 3145 4082 moderato,
3181 4014 3352 4086 justo,
3389 4013 3620 4084 injuria-

2036 4122 2209 4165 torum
2246 4107 2560 4179 protectori,
2606 4106 2878 4174 beneﬁca,
2928 4106 3197 4163 illatorum
3234 4121 3338 4163 non
3364 4106 3617 4176 memori,

2034 4202 2287 4259 salutem.

2109 4296 2329 4353 Duobus
2382 4295 2537 4366 quasi
2583 4294 2758 4352 oculis
2806 4294 3071 4351 mundum
3132 4292 3391 4349 illustrari
3440 4299 3616 4348 totum

2034 4389 2165 4445 olim
2188 4388 2303 4457 jam
2325 4397 2381 4445 et
2402 4404 2431 4443 a
2463 4387 2730 4459 principio
2757 4387 2969 4443 curavit
2998 4385 3164 4452 Deus,
3187 4385 3290 4441 hoc
3317 4392 3401 4441 est
3425 4393 3616 4455 poten-

352 4495 508 4545 σατο,
541 4478 824 4532 τουτέστιν
839 4479 909 4548 τῇ
934 4477 1287 4548 δυνατωτάτη
1313 4475 1422 4531 τῶν
1457 4475 1744 4547 Ῥωμαίων
1774 4475 1930 4546 βασι-

2040 4482 2249 4539 tissimo
2273 4480 2636 4537 Romanorum
2662 4478 2918 4547 imperio,
2937 4492 3004 4533 ac
3032 4475 3455 4547 prudentissime
3482 4490 3617 4531 con-

347 4572 494 4645 λείᾳ,
522 4572 757 4635 καὶτοῖς
776 4571 1237 4641 ὶμφρονεστάτοις
1254 4573 1556 4643 σκήπτροις
1581 4570 1676 4643 τῆς
1702 4569 1931 4642 Περσῶν

348 4662 653 4727 πολιτείας.
685 4660 931 4724 Ταύταις
984 4660 1096 4730 γὰρ
1122 4662 1245 4719 ταῖς
1277 4660 1567 4732 μεγίσταις
1616 4659 1835 4731 ἀρχαῖς,
1862 4659 1933 4715 τά

346 4755 553 4826 ἀπειθῆ
583 4754 682 4809 καὶ
711 4753 1056 4825 φιλοπόλεμα
1082 4751 1211 4824 ἔθνη
1245 4751 1582 4823 λικμίζεται,
1632 4753 1727 4808 καὶ
1753 4755 1787 4824 ἡ
1821 4751 1932 4806 τῶν

347 4847 658 4919 ἀνθρώπων
688 4845 936 4916 διαγωγὴ
968 4846 1402 4914 κατακοσμεῖται
1446 4847 1542 4898 καὶ
1595 4845 1931 4915 κυϐερνᾶται

348 4942 439 4995 διὰ
476 4941 721 5004 παντός’
767 4939 1013 4993 καὶλεστι
1041 4938 1230 4992 λαϐεῖν
1279 4938 1382 5008 τὴν
1426 4939 1538 4991 τῶν
1586 4938 1932 5009 πραγμάτων

346 5033 677 5087 ἀκολουθίαν
709 5034 826 5097 τοῖς
861 5032 1156 5103 ἡμετέροις
1216 5031 1461 5101 ῥήμασιν
1504 5030 1928 5101 συμφωνοῦσαν.

358 5125 515 5179 Ἐπεὶ
542 5125 727 5191 τοίνυν
757 5125 857 5178 καὶ
881 5124 1081 5186 οἵτινες
1117 5122 1218 5175 καὶ
1248 5122 1478 5192 πονηροὶ
1533 5124 1595 5177 ὲν
1626 5122 1705 5194 τῷ
1739 5123 1932 5194 κόσμῳ

344 5216 777 5281 ἐπιπολάζοντες
808 5216 1065 5287 δαίμονες
1090 5214 1269 5269 πάντα
1301 5214 1371 5268 τά
1392 5213 1500 5268 ὑπὸ
1538 5214 1634 5268 τοῦ
1663 5214 1801 5269 Θεοῦ
1827 5233 1931 5272 κα-

342 5307 452 5367 λῶς
485 5306 801 5375 τεταγμένα
848 5307 1073 5376 συγχεῖν
1107 5304 1208 5376 μὲν
1238 5303 1577 5372 ιπείγονται,
1619 5306 1668 5357 εί
1725 5305 1821 5358 καὶ
1855 5305 1932 5376 μὴ

348 5392 574 5449 ἔκϐασιν
596 5396 632 5466 ἡ
668 5394 880 5451 τούτων
909 5395 1183 5466 λαμϐάνει
1204 5394 1540 5465 ἐγχείρησις·
1577 5394 1782 5465 πρέπει
1802 5395 1932 5459 τοὺς

350 5481 621 5551 θεοφιλεῖς
647 5484 743 5538 καὶ
767 5483 1191 5548 εὐσεϐεστάτους
1227 5483 1552 5555 ἀνθρώπους
1581 5484 1795 5549 τούτοις
1833 5487 1930 5539 ἀν-

348 5572 824 5645 τιστρατεύεσθαι,
842 5576 1066 5644 εχοντας
1093 5577 1204 5632 ἀπὸ
1228 5576 1324 5630 τοῦ
1350 5575 1487 5631 Θεοῦ
1510 5577 1704 5646 σοφίας
1726 5576 1931 5647 θησαυ-

352 5667 465 5735 ρὸν,
490 5665 593 5720 καὶ
614 5664 961 5740 δικαιοσύνης
986 5667 1254 5741 βραχίονα
1275 5669 1369 5723 καὶ
1383 5669 1724 5740 δπλιίΚατά
1749 5670 1931 5726 τοίνυν

350 5758 557 5824 ταύτας
592 5758 693 5824 τάς
717 5760 935 5833 ἡμέρας
961 5762 1012 5815 oi
1043 5761 1484 5832 βλαπτικώτατοι
1514 5762 1771 5833 δαίμονες
1788 5763 1931 5817 κατά

2033 4574 2244 4630 stitutis
2273 4572 2505 4644 sceptris
2530 4570 2765 4627 Persica:
2787 4568 3118 4639 reipublicm.
3143 4567 3243 4625 His
3267 4566 3409 4623 enim
3439 4569 3616 4623 maxi-

2036 4667 2139 4721 mis
2170 4665 2416 4736 imperiis
2440 4662 2621 4719 citem
2643 4668 2700 4717 et
2728 4659 2995 4717 bellicosa
3026 4666 3218 4730 gentes
3239 4658 3619 4729 comprimun-

2035 4770 2147 4825 tur,
2198 4756 2504 4827 reliquique
2558 4753 2808 4810 homines
2856 4757 3215 4818 exornantur,
3279 4757 3339 4805 et
3383 4764 3618 4821 prorsus

2033 4852 2402 4920 gubernantur
2437 4863 2453 4901 :
2490 4861 2721 4917 quarum
2748 4858 2930 4901 rerum
2965 4858 3089 4899 cum
3124 4841 3285 4899 dictis
3312 4843 3618 4899 nostrisest

2034 4942 2218 4995 videre
2241 4940 2655 4995 convenientem
2683 4935 3153 5007 consequentiam.
3169 4934 3439 5002 Quoniam
3462 4948 3613 4999 vero,

2034 5041 2091 5085 et
2132 5030 2299 5100 aliqui
2340 5030 2471 5084 mali
2518 5030 2571 5083 in
2626 5028 2829 5084 mundo
2877 5028 3281 5087 circumeuntes
3314 5026 3614 5089 daemones,

2033 5119 2218 5175 omnia
2237 5133 2365 5188 qua
2384 5133 2416 5173 a
2444 5117 2556 5173 Deo
2572 5117 2943 5189 pulcherrime
2990 5117 3243 5175 ordinata
3271 5126 3422 5182 sunt,
3454 5123 3619 5179 avent

2032 5211 2253 5280 quidem
2278 5208 2634 5274 confundere,
2682 5222 2750 5264 ne
2797 5210 3094 5265 succedant
3143 5224 3334 5269 eorum
3363 5215 3613 5271 conatus,

2033 5304 2192 5361 decet
2224 5308 2436 5358 amatos
2472 5301 2588 5357 Deo
2619 5311 2674 5359 et
2718 5301 2998 5371 piissimus
3038 5301 3188 5357 viros
3234 5299 3520 5365 resistere,
3556 5307 3619 5351 ut

2033 5394 2128 5464 qui
2164 5393 2402 5449 habeant
2425 5407 2456 5447 a
2481 5392 2594 5450 Deo
2624 5393 2907 5463 sapientiae
2936 5393 3275 5458 thesaurum,
3307 5388 3615 5458 etjustitia:

2033 5486 2318 5543 brachium
2349 5494 2403 5541 et
2433 5499 2608 5541 arma.
2653 5484 2751 5541 His
2794 5484 2959 5555 igitur
3000 5484 3227 5541 circiter
3277 5482 3615 5553 temporibus

2033 5578 2403 5639 nocentissimi
2456 5577 2734 5634 daemones
2782 5584 2969 5634 contra
3031 5575 3322 5631 Persarum
3371 5574 3613 5630 surrecti
3650 5562 3653 5565 ’

2032 5670 2425 5739 rempublicam
2452 5708 2468 5736 ,
2501 5670 2753 5741 pessimis
2804 5668 3109 5738 quibusque
3156 5666 3525 5739 perpetratis,
3554 5675 3614 5722 et
3661 5649 3675 5661 ’

2038 5775 2225 5820 servos
2272 5770 2462 5819 contra
2513 5763 2764 5819 donninos
2809 5770 3110 5828 armarunt,
3145 5770 3335 5817 contra
3382 5774 3609 5830 regnum
