4096 6420
470 315 579 381 943
1263 313 1665 378 EXCERPTA
1706 313 1809 376 EX
1846 311 2450 377 THEOPHYLACTO
2505 313 2937 376 SIMOCATTA
3650 315 3755 380 9’14

471 430 724 496 famulos,
772 435 963 486 contra
1015 425 1260 484 ordinem
1314 428 1811 492 disturbationem,
1867 432 2057 482 contra

2162 424 2259 494 τῆς
2282 422 2513 496 Περσῶν
2537 424 3000 494 ὲπιφοιτήσαντες
3027 421 3330 489 πολιτείας,
3359 422 3507 479 δεινὰ
3537 443 3760 500 κατειρ-

466 523 724 578 decorum
757 521 1101 586 indecorum,
1140 528 1195 575 et
1241 521 1422 574 omnia
1462 534 1584 590 quae
1621 519 1898 575 contraria
1925 527 2054 575 sunt

2167 516 2428 586 γάσαντο,
2469 514 2566 569 καὶ
2596 514 2818 579 δούλους
2851 515 2997 569 κατά
3053 515 3336 570 δεσποτῶν
3380 517 3759 589 ἐπεστράτευ-

471 616 650 679 bonis,
685 613 1082 684 produxerunt.
1109 611 1374 668 Baramus
1407 613 1551 666 enim
1583 613 1936 668 detestandus
1967 609 2058 665 ille

463 719 682 770 servus,
745 719 772 758 a
823 703 1034 760 nostris
1086 701 1383 772 majoribus
1427 709 1760 773 provectus,
1810 702 1866 756 in
1915 701 2060 756 hanc

473 795 698 852 honoris
729 795 903 851 lucem
933 793 1127 858 elatus,
1153 807 1271 857 nec
1297 803 1490 865 potens
1525 801 1686 850 tantae
1712 792 1898 865 gloriae
1935 806 2056 848 ma-

469 885 793 957 gnitudinis,
838 885 905 939 ad
940 885 1237 955 perniciem
1277 885 1532 955 delapsus
1571 895 1680 954 est,
1725 894 1782 942 et
1829 901 2056 956 regnum

452 966 571 1033 ‘sibi
618 979 940 1048 promittens
977 992 1194 1034 omnem
1239 979 1472 1035 turbavit
1515 978 1806 1035 Persarum
1839 993 2057 1050 rempu.

467 1071 688 1135 blicam,
741 1078 800 1124 et
844 1070 1030 1125 omnia
1074 1069 1209 1126 facit
1257 1080 1314 1126 et
1363 1069 1647 1137 allaborat,
1684 1080 1747 1126 ut
1796 1085 2054 1142 magnum

467 1163 777 1234 exstinguat
821 1162 1044 1218 oculum
1074 1164 1388 1235 potestatis,
1424 1164 1569 1220 unde
1617 1163 1838 1234 capiant
1865 1172 2058 1235 gentes

458 1255 597 1309 Tene
625 1265 681 1308 et
725 1254 925 1324 iniquae
977 1253 1284 1312 libertatem
1333 1263 1392 1312 et
1434 1255 1736 1326 potentiam
1769 1254 2056 1328 grassandi

457 1348 732 1402 adversus
796 1347 1302 1404 mansuetissimum
1362 1345 1657 1405 Persarum
1718 1347 2052 1418 imperium:

471 1454 572 1495 nec
608 1440 712 1495 hoc
744 1439 944 1505 solum,
981 1441 1078 1496 sed
1111 1441 1278 1496 etiam
1315 1440 1643 1510 procedente
1668 1439 1895 1511 posthac
1921 1448 2057 1494 tem-

460 1538 600 1600 pore
649 1542 840 1587 contra
872 1533 1027 1588 vobis
1072 1532 1392 1590 tributarias
1431 1533 1600 1600 vires,
1655 1547 1777 1602 quae
1807 1531 2055 1588 coerceri

459 1636 576 1677 non
621 1632 898 1693 poterunt,
943 1633 1000 1677 et
1028 1622 1268 1678 maxime
1309 1621 1669 1694 perniciosas.
1703 1620 1866 1677 Decet
1893 1620 2056 1690 igitur

463 1711 758 1782 paciﬁcum
789 1727 888 1784 pro
933 1722 1118 1770 vestra
1163 1712 1532 1784 providentia,
1583 1711 1841 1768 infestato
1885 1725 2055 1782 regno

2162 625 2284 676 σαν,
2325 608 2470 663 κατά
2498 608 2782 680 βασιλείας
2815 611 3058 675 οίκέτας,
3091 609 3234 664 κατά
3259 610 3362 682 τῆς
3411 611 3624 678 τάξεως
3652 610 3760 683 τὴν

2157 700 2407 768 ἀταξίαν,
2449 702 2598 755 κατά
2659 699 2756 755 τοῦ
2798 701 3138 773 καθήκοντος
3187 702 3253 755 τὸ
3285 700 3364 773 μὴ
3401 702 3634 774 πρέπον,
3665 703 3760 754 καὶ

2157 793 2298 848 πᾶσι
2327 796 2444 857 τοῖς
2473 793 2743 857 ἐναντίοις
2769 792 2882 846 τῶν
2930 792 3157 862 ἀγαθῶν
3189 793 3545 865 ὲχορήγησαν
3592 794 3758 848 ὅπλα.

2157 882 2359 954 Βαράμ
2375 883 2485 956 γὰρ
2503 884 2534 940 6
2557 885 2941 947 κατάπτυστος
2963 883 3175 951 δοῦλος,
3196 884 3304 937 ὑπὸ
3331 884 3444 938 τῶν
3476 884 3763 956 ἡμετέρων

2169 974 2460 1046 προγόνων
2488 975 2770 1047 αὐξηθεὶς,
2803 975 2900 1030 καὶ
2919 975 3254 1046 διαλάμψας,
3283 976 3378 1030 καὶ
3400 975 3476 1047 μὴ
3500 977 3760 1048 χωρήσας

2155 1069 2258 1139 τῆς
2286 1066 2446 1138 δόξης
2483 1066 2548 1122 τδ
2599 1068 2862 1139 μέγεθος,
2891 1069 3030 1142 πρὸς
3087 1069 3314 1142 δλεθρον
3351 1071 3755 1142 ἀπεσκίρτησε,

2157 1159 2252 1214 καὶ
2271 1159 2553 1231 βασιλειαν
2575 1161 2757 1232 ἑαυτῷ
2785 1161 3256 1234 μνηστευόμενος,
3269 1162 3454 1218 πᾶσαν
3469 1161 3761 1234 διετάραξε

2154 1252 2258 1324 τὴν
2287 1251 2518 1324 Περσῶν
2551 1251 2859 1324 βασιλείαν,
2902 1254 3001 1310 καὶ
3036 1253 3220 1310 πάντα
3253 1254 3353 1308 καὶ
3382 1253 3618 1324 πράττει
3663 1254 3765 1306 καὶ

2154 1343 2469 1421 διεγχειρεί,
2501 1346 2587 1402 ἵνα
2614 1345 2793 1418 μέγαν
2823 1346 3110 1418 ὀφθαλμὸν
3141 1345 3426 1419 ἀποσϐέσῃ
3451 1343 3760 1415 δυνάμεως,

2155 1436 2251 1489 καὶ
2277 1433 2516 1489 λάϐωσιν
2547 1434 2807 1490 ἐντεῦθεν
2851 1435 2984 1506 ἔθνη
3029 1436 3290 1506 ἀνήμερα
3339 1436 3438 1489 καὶ
3467 1451 3758 1506 κακοπρα-

2156 1525 2396 1596 γέστατα
2419 1526 2739 1598 παρρησίαν
2770 1528 2869 1581 καὶ
2899 1526 3132 1598 δύναμιν
3163 1527 3307 1582 κατὰ
3335 1527 3438 1597 τῆς
3466 1527 3763 1598 ἡμερωτά-

2156 1635 2260 1690 της
2293 1617 2404 1692 τῶν
2433 1617 2662 1689 Περσῶν
2682 1617 2990 1688 βασιλείας·
3019 1612 3141 1670 εἶτα
3180 1617 3370 1672 λοιπὸν
3394 1616 3648 1673 ὶντεῦθεν
3680 1617 3763 1690 τῷ

2159 1710 2361 1782 χρόνῳ,
2406 1709 2503 1763 καὶ
2543 1709 2689 1766 κατὰ
2739 1708 2851 1764 τῶν
2908 1708 3043 1781 παρ’
3093 1709 3223 1780 ύμῖν
3276 1709 3762 1782 φορολογουμένων

461 1771 526 1860 'ct
553 1817 582 1857 a
613 1771 856 1876 tyrannis
895 1805 1098 1862 violato
1148 1771 1412 1861 adhibere
1461 1820 1681 1860 manum
1729 1771 2052 1874 salutarem,

2380 1803 2584 1873 κράτος
2610 1801 2846 1872 ἄσχετον
2878 1800 2975 1856 καὶ
2992 1771 3006 1781 ’
3024 1771 3230 1873 πολλῆς
3260 1771 3440 1872 λ’ύμης
3472 1771 3765 1872 domipor-

468 1901 524 1950 et
566 1895 623 1951 in
659 1895 764 1966 hoc
809 1895 1062 1952 conferre
1097 1905 1337 1951 vestram
1383 1910 1630 1967 operam,
1661 1905 1720 1950 ut
1765 1894 2053 1966 imperium

470 1987 736 2058 incipiens
753 1990 1098 2051 destruatur,
1128 1998 1186 2045 ot
1209 1989 1404 2046 salutis
1432 1989 1740 2046 communis
1762 1989 1918 2059 quasi
1945 1999 2054 2044 tro-

471 2089 585 2146 pas
631 2071 906 2145 generalia
958 2075 1010 2132 in
1057 2077 1428 2135 Romanorum
1464 2078 1742 2149 republica
1792 2078 1974 2150 ﬁgere,
2002 2087 2059 2134 et

471 2169 568 2224 vus
582 2168 934 2238 proclamare
965 2171 1276 2227 conditores
1301 2213 1315 2238 ,
1345 2181 1402 2228 et
1429 2181 1760 2238 servatores,
1796 2181 1850 2225 et
1879 2171 2053 2227 medi-

474 2271 570 2313 cos
607 2258 836 2316 amicta:
892 2260 1182 2318 Persarum
1249 2262 1562 2333 reipublicae
1619 2262 1802 2319 liceat.
1858 2260 2056 2319 Omnia

471 2352 615 2406 enim
645 2367 766 2421 qua:
784 2353 930 2424 justa
962 2363 1111 2423 sunt,
1143 2369 1173 2408 a
1207 2355 1603 2424 potentissimis
1632 2356 1853 2426 regibus
1885 2369 2057 2424 expe-

471 2447 571 2502 diri
621 2451 844 2505 omnino
875 2451 1149 2516 convenit,
1181 2461 1237 2506 et
1264 2451 1389 2506 inde
1435 2451 1540 2508 sibi
1589 2450 1928 2506 fortitudinis
1961 2465 2060 2505 en-

469 2540 671 2606 cumia,
696 2550 751 2596 et
772 2541 1003 2613 gloriam
1032 2551 1152 2613 post
1173 2551 1404 2598 mortem
1429 2558 1534 2598 non
1561 2541 1881 2597 abolendam
1905 2555 2060 2596 com-

472 2645 688 2700 parare,
745 2647 810 2688 ac
863 2634 937 2688 ita
989 2633 1241 2705 exemplo
1288 2649 1432 2704 esse,
1482 2633 1625 2704 quod
1679 2649 1784 2688 non
1822 2634 2062 2689 debeant

473 2738 622 2778 arma
651 2725 794 2781 ferre
823 2727 964 2781 servi
1005 2737 1196 2783 contra
1230 2727 1502 2783 dominos.
1533 2725 1861 2782 Varietatem
1895 2727 2062 2796 igitur

471 2812 687 2870 Persica
697 2831 816 2870 rum
833 2817 897 2871 in’
907 2817 1092 2887 politia
1116 2831 1298 2873 rerum
1315 2833 1380 2873 ex
1399 2818 1577 2874 oﬂicio
1600 2827 1783 2873 vestro
1799 2818 1963 2890 186
1979 2825 2062 2874 est

471 2903 798 2972 gubernare.
833 2903 1184 2975 Splendidius
1212 2906 1359 2961 enirn
1407 2907 1534 2962 inde
1575 2921 1793 2978 quoque
1822 2923 1920 2978 per
1963 2922 2062 2963 nos

474 2991 842 3049 Romanorum
875 2996 968 3050 lict
997 3009 1217 3052 nomen.
1259 2984 1388 3054 Haec
1421 3013 1524 3069 ego
1555 2997 1848 3066 Chosroes,
1879 3009 1940 3054 ut
1969 2997 2061 3070 qui
2121 3010 2129 3016 '

2165 1910 2279 1967 ρον.
2313 1894 2526 1965 Πρέπει
2555 1894 2745 1950 τοίνυν
2766 1893 2848 1963 τῷ
2873 1894 3137 1966 είρηνικῷ
3161 1894 3261 1958 τὰς
3295 1895 3560 1966 προνοίας
3579 1893 3762 1964 ὑμῶν,

2157 1984 2534 2058 λῃστευομένῃ
2568 1985 2822 2059 βασιλείᾳ
2857 1987 2954 2040 καὶ
2983 1987 3091 2040 ὑπὸ
3127 1986 3413 2056 τυράννων
3445 1985 3762 2059 βιαζομένῃ

2165 2080 2476 2149 παρασχεῖν
2502 2079 2663 2150 χεῖρα
2684 2079 2977 2150 σωτήριον,
3011 2077 3392 2150 συστήσασθαί
3421 2095 3482 2132 τε
3533 2079 3764 2150 μέλλου-

2159 2186 2262 2225 σαν
2310 2169 2486 2242 ἀρχὴν
2517 2169 2908 2237 καταλύεσθαι,
2944 2170 3039 2224 καὶ
3081 2169 3182 2242 τῆς
3218 2171 3495 2244 σωτηρίας
3531 2173 3631 2236 τὰς
3673 2174 3764 2227 al-

2158 2259 2284 2323 τίας
2340 2258 2534 2331 ὥσπερ
2579 2261 2820 2333 τρόπαια
2864 2263 3224 2334 οίκουμενικά
3259 2264 3316 2316 ὲν
3358 2266 3426 2334 τῇ
3463 2263 3762 2335 Ῥωμαίων

2158 2351 2409 2423 πολιτείᾳ
2432 2352 2784 2424 ἱδρύσασθαι,
2816 2354 3330 2426 ἀναγορευθῆναίτε
3359 2356 3507 2426 ὑμᾶς
3530 2355 3761 2421 κτίστας

2159 2445 2258 2499 καὶ
2309 2435 2567 2518 σωτῆρας
2601 2445 2700 2500 καὶ
2758 2447 2982 2518 ίατροὺς
3037 2450 3138 2518 τῆς
3183 2448 3414 2520 Περσῶν
3449 2449 3758 2504 πολιτεία.

2161 2536 2348 2592 Πάντα
2377 2539 2488 2608 γάρ
2505 2538 2575 2592 τὰ
2596 2539 2676 2608 τῷ
2713 2537 2910 2612 δικαίῳ
2955 2541 3352 2612 συμϐαίνοντα,
3390 2542 3597 2614 πρέπει
3641 2546 3761 2607 τοῖς

2159 2629 2568 2696 δυνατωτάτοις
2601 2631 2891 2703 βασιλεῦσι
2921 2634 3013 2688 διὰ
3063 2635 3270 2700 παντὸς
3314 2635 3756 2707 ἀπεργάζεσθαι,

2163 2723 2256 2777 καὶ
2285 2723 2535 2778 ἐντεῦθεν
2568 2723 2669 2793 τῆς
2703 2726 3064 2798 μεγαλονοίας
3101 2727 3170 2781 τά
3203 2727 3477 2799 ἐγκώμια,
3509 2729 3606 2782 καὶ
3655 2729 3757 2782 τοῦ

2159 2816 2290 2888 τῇδε
2319 2818 2528 2888 κόσμου
2557 2818 3058 2887 μεταναστεύουσιν
3097 2819 3244 2892 ἔχειν
3264 2822 3352 2876 διὰ
3369 2822 3574 2885 παντὸς
3598 2822 3761 2876 ἀδιά-

2162 2907 2380 2978 φθαρτα
2397 2925 2411 2941 ο
2443 2911 2794 2984 παράδειγμά
2815 2930 2875 2966 τε
2905 2912 3298 2989 συστήσασθαι,
3321 2914 3396 2979 ὡς
3418 2915 3480 2968 οὐ
3502 2915 3586 2969 δεῖ
3613 2915 3763 2970 κατά

2160 2999 2440 3055 δεσποτῶν
2467 3001 2747 3072 δραπέτας
2771 3004 3114 3068 ὁπλίζεσθαι.
3147 3006 3222 3059 Τὸ
3251 3007 3434 3061 τοίνυν
3462 3006 3763 3078 ἀνώμαλον

473 3091 724 3179 praesens
747 3086 922 3141 adsim
945 3126 961 3152 ,
996 3101 1093 3157 per
1136 3089 1424 3159 epistolam
1455 3093 1746 3163 alloquor.
1787 3093 2061 3152 Cbosroes

2164 3090 2263 3147 νῦν
2282 3092 2393 3145 τῶν
2425 3097 2772 3165 πραγμάτων
2802 3097 2901 3179 τῇς
2925 3096 3207 3168 Περσικῆς
3240 3097 3538 3166 πολιτείας,
3576 3115 3756 3170 προσ-

473 3183 598 3229 tuus
629 3173 774 3232 illius
804 3185 859 3233 et
888 3176 1150 3234 famulus.
1197 3179 1314 3236 Non
1346 3182 1494 3238 enim
1527 3192 1752 3254 propter
1784 3185 2059 3240 fortunam

2164 3184 2290 3255 ήκει
2341 3185 2475 3256 παρ’
2531 3185 2688 3255 ὑμῶν
2755 3173 3161 3259 κυϐερνᾶσθαι·
3205 3189 3600 3263 λαμπροτέραν
3649 3191 3764 3263 γάρ

471 3279 657 3319 eorum
685 3282 805 3336 qua:
829 3281 1151 3340 evenerunt,
1179 3274 1561 3343 aspernaberis
1592 3288 1778 3346 aptum
1805 3275 1909 3334 hoc
1927 3294 2059 3336 coii-

461 3355 665 3412 'tlitiOni
697 3359 985 3431 utriusque
1019 3372 1265 3418 nostrum
1297 3379 1516 3420 nomen.
1541 3366 1768 3424 Datores
1792 3369 2057 3426 bonorum

471 3445 646 3517 angeli
672 3446 764 3503 Dei
795 3462 1017 3518 regnum
1048 3462 1292 3508 vestrum
1320 3455 1587 3525 sospitent
1616 3466 1668 3512 et
1709 3469 2056 3528 conservent,

471 3551 546 3621 ne,
575 3545 628 3592 et
681 3539 731 3594 ei
783 3538 1075 3609 aliquando
1115 3551 1212 3598 aut
1257 3544 1632 3614 approbrium,
1668 3555 1762 3603 aut
1812 3552 2060 3621 tyrannis

462 3619 701 3687 ‘illudere
724 3635 900 3702 possit

469 3722 579 3777 τῶν
649 3725 874 3792 ἀγαθῶν
937 3726 1164 3798 ἄγγελοι
1223 3728 1320 3784 τοῦ
1391 3729 1529 3786 Θεοῦ
1592 3733 2062 3795 άνεπονείδειστον

471 3832 556 3873 σιν

542 3913 703 3996 Quod
733 3912 1014 3971 Chosroes
1058 3915 1348 3987 impetrata
1391 3917 1654 3988 petitione
1690 3935 1788 3991 per
1853 3923 2061 3994 legatos

469 4003 540 4055 ad
561 3999 891 4058 Mauricium
923 4005 1138 4078 missos,
1181 4007 1247 4061 ad
1275 4007 1464 4062 urbem
1500 4007 1830 4080 Hierapolim
1856 4015 2060 4072 dictam

469 4094 622 4147 venit
657 4110 671 4146 :
704 4108 804 4150 nec
847 4111 984 4151 sane
1019 4097 1126 4152 dux
1159 4097 1532 4156 Comentiolus
1561 4116 1668 4157 non
1695 4113 1781 4158 est
1808 4120 1914 4160 non
1955 4108 2062 4163 bo-

473 4181 710 4237 norariis
745 4183 1063 4241 muneribus
1091 4195 1413 4256 prosecutus
1457 4202 1602 4254 eum,
1640 4190 1730 4260 qui
1762 4200 1876 4246 tum
1909 4207 2066 4248 care-
2093 4266 2096 4268 γ

469 4276 565 4331 bat
597 4289 786 4345 regno.
814 4275 908 4332 Sic
935 4277 1080 4333 enim
1111 4277 1283 4335 visum
1313 4287 1397 4334 est
1419 4276 1703 4346 Mauricio,
1726 4290 1780 4337 et
1802 4292 1862 4336 ut
1887 4282 2061 4338 visum

462 4375 577 4434 est,
621 4367 696 4422 ita
727 4380 944 4438 quoque
980 4378 1332 4439 procuratum
1379 4380 1484 4428 est.
1533 4371 1589 4427 ln
1624 4373 1845 4443 regione
1877 4375 2062 4445 itaque

2167 3273 2424 3330 ἐντεῦθεν
2451 3276 2503 3330 οἱ
2542 3276 2809 3348 Ῥωμαῖοι
2827 3277 2927 3351 τὴν
2967 3279 3224 3337 εὔκλειαν
3252 3281 3321 3335 δι’
3348 3281 3503 3353 ὑμῶν
3545 3281 3762 3354 ἀπολή-

2165 3366 2383 3439 ψονται.
2408 3367 2593 3422 Ταῦτα
2609 3369 2856 3444 Χοσρόης
2884 3369 2996 3442 ἐγὼ
3011 3372 3087 3439 ὡς
3113 3374 3307 3447 παρὼν
3327 3375 3561 3447 γράφων
3584 3394 3764 3447 προσ-

2167 3458 2506 3532 φθέγγομαι,
2540 3461 2791 3533 Χοσρόης
2821 3463 2850 3516 6
2883 3462 2978 3528 σὸς
3006 3464 3125 3528 υίὸς
3181 3466 3276 3522 καὶ
3308 3467 3517 3538 ίκέτης.
3546 3467 3625 3522 Οὐ
3646 3470 3763 3540 γάρ

2165 3552 2255 3607 διὰ
2287 3553 2388 3624 τὴν
2454 3551 2630 3624 τύχην
2677 3551 2785 3606 τῶν
2825 3553 3286 3626 συμϐεϐηκότων,
3318 3557 3611 3629 ἀθετήσεις
3659 3559 3766 3628 τῆς

2164 3645 2322 3712 ἀξίας
2351 3645 2386 3717 ἢ
2418 3645 2517 3716 τῆς
2548 3646 2928 3717 προσηγορίας
2960 3647 3023 3700 τὸ
3058 3648 3394 3722 πρόσφορον.
3428 3651 3493 3704 Oi
3526 3651 3763 3722 δοτῆρες

2131 3740 2230 3797 καὶ
2267 3737 2644 3810 ἀτυράννητον
2709 3739 2840 3810 ὑμῖν
2915 3739 3015 3811 τὴν
3051 3741 3344 3812 ,βασιλείαν
3400 3743 3764 3814 διαφυλάξου.

2235 3923 2359 3977 Ὅτι
2390 3926 2420 3977 6
2452 3921 2702 3994 Χοσρόης
2749 3921 2888 3994 μετὰ
2910 3923 3010 3997 τὴν
3061 3923 3280 3996 αἴτησιν
3320 3925 3424 3996 τῆς
3458 3924 3760 3995 πρεσϐείας

2164 4013 2264 4082 τῆς
2288 4013 2424 4084 πρὸς
2457 4014 2768 4084 Μαυρίκιον
2797 4012 3112 4080 σταλεῖσαν,
3160 4012 3256 4067 ἐπὶ
3303 4014 3404 4085 τὴν
3455 4014 3755 4086 λεγομένην

2167 4105 2320 4173 ίεράν
2349 4103 2502 4158 πόλιν
2523 4104 2773 4174 ἀφίκετο.
2801 4105 2939 4158 Οὐδὲ
2963 4103 3069 4176 μὴν
3099 4105 3469 4176 Κομεντίολος
3497 4110 3527 4162 6
3557 4124 3754 4181 στρατ-

2166 4195 2323 4268 ηγὸς,
2346 4195 2652 4268 ἀγέραστον
2701 4196 3065 4251 καταλέλοιπε
3085 4197 3180 4252 τὸν
3202 4199 3342 4263 τέως
3360 4199 3462 4272 τῆς
3481 4198 3759 4271 βασιλείας

2167 4288 2500 4360 χηρεύοντα.
2532 4287 2690 4344 οὕτω
2719 4291 2830 4360 γὰρ
2851 4287 3000 4355 εδοξε
3034 4290 3352 4364 Μαυρικίῳ,
3373 4293 3470 4346 καὶ
3496 4294 3560 4348 τὸ
3580 4293 3764 4364 δόγμα

2173 4378 2475 4451 μετεχώρει
2527 4372 2695 4451 πρὸς
2733 4379 2958 4452 πρᾶξιν.
3000 4381 3216 4436 Οὐκοῦν
3273 4383 3371 4437 ἐπὶ
3403 4384 3466 4438 τὸ
3505 4384 3766 4456 Βεδαμᾰς

466 4459 556 4512 sic
598 4459 746 4514 dicta
781 4457 1072 4529 Bedamas,
1105 4461 1322 4519 obviam
1355 4462 1532 4518 factus
1564 4463 1794 4520 Cbosroi
1827 4465 2061 4522 Comen-

2168 4467 2316 4523 οὕτω
2345 4468 2550 4540 χωρίον
2575 4468 2901 4541 λεγόμενον,
2947 4472 3004 4536 ὲς
3031 4473 3364 4545 συνάντησιν
3397 4475 3614 4545 γίνεται
3650 4479 3766 4532 Κοο

474 4548 636 4603 ziolus
689 4551 840 4621 regio
891 4549 1044 4606 illum
1101 4553 1358 4608 donatum
1409 4546 1712 4624 apparatu,
1775 4556 2064 4628 magniﬁco

472 4653 700 4709 prorsus
725 4641 986 4698 satellitio
1019 4643 1395 4716 comitataque
1441 4646 1714 4715 produxit.
1756 4646 1905 4703 Nona
1937 4663 2065 4704 vero

471 4731 636 4786 etiam
660 4731 754 4787 die
776 4733 1024 4788 nuntium
1047 4735 1115 4790 ad
1142 4737 1396 4806 praesidia
1421 4735 1638 4793 Persica
1659 4737 2063 4810 Martyropolim

469 4822 620 4877 misit
641 4821 914 4882 Cbosroes
935 4825 1210 4884 hominem
1231 4815 1497 4900 dignitate
1514 4838 1814 4900 satrapam,
1843 4832 2065 4889 nomine

473 4912 796 4984 Miragdum,
821 4917 1138 4987 signiﬁcans
1160 4920 1324 4976 simul
1346 4929 1402 4976 et
1425 4931 1696 4978 recentem
1721 4921 2062 4980 fortunarum

475 5015 706 5074 statum,
743 5016 800 5063 et
829 5008 1176 5082 imperatoris
1201 5027 1322 5069 eam
1350 5014 1872 5084 magnanimitatem,
1901 5030 2064 5086 quam

277 5087 295 5106 ‘
346 5165 352 5170 _
470 5107 587 5154 tota
633 5099 763 5157 urbs
815 5103 1034 5160 etiamsi
1077 5104 1432 5162 refertissima
1467 5121 1574 5161 non
1623 5107 1798 5177 possit
1843 5122 2062 5178 capere,

471 5191 672 5261 quippe
705 5207 812 5263 qua
844 5193 1116 5250 immunes
1146 5195 1296 5264 belli,
1333 5198 1386 5252 in
1413 5199 1714 5254 amicitiam
1743 5202 1946 5270 recepti
1971 5215 2064 5258 es-

431 5301 434 5304 ~
471 5290 593 5334 sent
621 5279 821 5339 Persae.
856 5283 1169 5341 Bestarnum
1206 5288 1373 5343 etiam
1405 5289 1672 5347 illustrem
1699 5293 1838 5364 apud
1869 5293 2066 5354 Persas

472 5371 1085 5448 virumAdrabiganum
1116 5379 1169 5433 in
1199 5376 1514 5436 Armeniam
1547 5384 1881 5454 amandavit,
1919 5395 1977 5441 ut
2008 5397 2066 5444 et

473 5465 688 5530 urbem,
713 5475 767 5520 et
790 5469 882 5537 qui
908 5467 1105 5524 ibidem
1127 5467 1598 5530 commorarentur
1617 5473 1813 5532 Persas
1835 5477 2065 5547 imperio

384 5619 402 5631 υ
473 5552 707 5610 Caesaris
724 5556 1046 5625 subiiceret,
1065 5561 1247 5616 etbazc
1264 5562 1483 5631 quidem
1504 5563 1814 5621 manifesto.
1843 5566 1918 5623 Ut
1934 5582 2066 5624 vero

479 5642 630 5700 val‘er
663 5644 859 5712 lactus,
884 5659 940 5706 et
970 5649 1102 5706 nihil
1131 5665 1240 5708 non
1275 5653 1414 5708 dolis
1438 5665 1493 5708 et
1524 5652 1811 5714 fraudibus
1841 5666 2066 5731 postpo-

472 5735 605 5800 suit,
651 5736 1044 5807 hospitalitatis
1070 5739 1195 5810 jure
1231 5744 1452 5812 violato,
1491 5760 1553 5802 ac
1584 5745 1797 5803 infinita
1831 5749 1934 5806 ista
1968 5751 2064 5805 be-

2170 4563 2449 4634 μεντίολος
2511 4563 2753 4636 Χοσρόῃ,
2805 4565 2911 4637 τήν
2974 4582 3034 4620 τε
3075 4566 3434 4640 παρασκευὴν
3489 4569 3768 4639 βασίλειον

2167 4652 2317 4724 αύτῷ
2349 4655 2789 4725 συστησάμενος,
2818 4655 3138 4730 ἐδορυφόρει
3181 4661 3602 4733 μεγαλουργιῖκ,
3642 4666 3765 4720 Ἐν-

2168 4745 2305 4817 νάτη
2335 4745 2379 4799 δ’
2419 4745 2605 4819 ἡμέρᾳ
2631 4748 2868 4812 καὶτοῖς
2900 4750 2959 4802 έν
2985 4751 3406 4823 Μαρτυροπόλει
3456 4756 3768 4826 φρουροῦσι

2168 4835 2406 4907 Πέρσαις
2423 4836 2656 4906 ἄγγελον
2682 4839 2710 4892 6
2733 4838 2986 4912 Χοσρόης
3011 4840 3327 4912 ἐξέπεμψεν
3349 4843 3525 4915 ἀνδρα
3558 4850 3768 4919 σατρά-

2169 4943 2279 4996 πην
2323 4927 2644 4999 Μιραγδοῦν
2679 4927 2826 4984 οὕτω
2874 4930 3192 5002 λεγόμενον,
3241 4933 3343 4998 τάς
3393 4951 3452 4988 τε
3483 4942 3766 5008 νεωτέρας

2143 5017 2337 5089 .τύχας
2368 5019 2711 5091 καταδηλῶν,
2749 5021 2847 5075 καὶ
2879 5021 2957 5086 ὡς
3004 5023 3066 5076 οὐ
3099 5024 3300 5095 μεστὸν
3327 5026 3503 5098 αὐτῆς
3532 5029 3635 5101 τῆς
3665 5031 3766 5083 πό-

2169 5110 2305 5175 λεως
2354 5111 2575 5182 ἔχεσθαι
2626 5115 2726 5185 τῆς
2764 5113 2861 5168 τοῦ
2908 5116 3319 5191 αὐτοκράτορος
3374 5121 3762 5190 μεγαλονοίας,

2168 5203 2496 5275 ἀπομάχους
2547 5207 2643 5259 καὶ
2697 5207 2891 5276 φίλους
2949 5208 3171 5280 Πέρσας
3244 5212 3762 5283 μεταπλαττούσης.

2169 5291 2392 5361 Βεστάμ
2436 5292 2495 5346 δὲ
2523 5292 2635 5349 τῶν
2684 5296 2854 5368 παρὰ⁴
2888 5297 3131 5368 Πέρσαις
3163 5299 3448 5371 δωφανῶν
3483 5307 3626 5356 κατά
3658 5307 3762 5372 τὴν

2179 5382 2477 5455 Ἀρμενίαν
2524 5386 2858 5442 ἀπέστελλεν
2901 5391 2959 5453 ές
3021 5391 3084 5444 τὸ
3147 5392 3540 5464 ’Δδραϐίγανον
3595 5397 3762 5462 ἐγκε-

2167 5473 2461 5545 λευόμενος
2481 5476 2766 5544 γενέσθαι,
2802 5480 2897 5532 καὶ
2920 5479 3050 5544 τοὺς
3081 5481 3274 5537 αὐτόθι
3320 5482 3761 5554 ἐνδιατρίϐοντας

2171 5567 2389 5640 Πέρσας
2425 5568 2706 5640 ὑπηκόους
2728 5571 2879 5644 αὐτῷ
2901 5572 3380 5643 καταστήσασθαι.
3411 5575 3524 5628 Καὶ
3580 5576 3762 5631 ταῦτα

2171 5659 2273 5732 μὲν
2303 5660 2478 5725 οὕτως
2524 5663 2581 5726 ἐς
2609 5662 2672 5716 τὸ
2724 5663 2963 5733 φανερὸν
3005 5664 3396 5738 διεπράττετο·
3422 5662 3511 5720 οία
3543 5667 3600 5721 δὲ
3621 5670 3761 5738 κέρ-

2171 5751 2293 5820 κωψ
2319 5753 2580 5828 πεφυκὼς
2631 5754 2730 5826 τὴν
2753 5755 3020 5824 διάνοιαν,
3074 5759 3169 5813 καὶ
3216 5759 3392 5814 πάντα
3445 5757 3539 5813 τοῦ
3596 5759 3757 5814 δόλου
