4096 6424
328 371 440 440 945

1143 371 1242 433 DE
1281 365 1852 433 LEGATIONIBUS
1887 366 2242 433 GENTIUM
2279 367 2380 432 AD
2416 367 2798 431 ROMANOS.

3517 369 3666 434 9in

329 488 614 558 τιθέμενος
666 483 934 557 δεύτερα,
981 482 1072 540 τδν
1124 485 1224 556 τῆς
1275 483 1585 554 φιλοξενίας
1638 480 1913 552 ἀθετήσας
1943 485 1977 542 Α

2057 481 2324 537 evolentia
2377 482 2608 551 pedibus
2647 481 2878 547 calcata,
2935 478 3186 550 quintum
3241 481 3490 538 nuntium
3524 485 3628 538 ab-

331 577 560 648 θεσμδν,
607 575 702 630 καὶ
743 576 870 638 τοὺς
919 573 1054 638 ἃλας
1083 571 1184 645 τῆς
1238 572 1642 644 φιλοφροσύνης
1687 569 1793 623 ὑπὸ
1823 568 1924 632 τὰς

333 671 575 742 πτέρνας
601 666 1080 737 καταϐαλλόμενος
1101 706 1117 735 ,
1146 666 1465 737 πεμπταῖον
1516 663 1752 733 ἄγγελον
1791 679 1926 717 κατ-

333 761 363 816 έ
375 779 554 834 πεμπε
572 761 689 824 τοῖς
702 759 800 830 τὴν
821 759 1244 832 Μαρτυρόπολιν
1259 756 1582 812 κατοικοῦσι
1607 756 1923 822 Χαλδαίοις,

333 852 790 923 ἐγκελευόμενος,
823 849 1044 924 έχεσθαι
1072 851 1174 922 τῆς
1212 852 1459 923 φρουρᾶς
1492 849 1674 920 κάρτα
1703 847 1926 921 κομιδῇ,

335 946 434 1000 καὶ
473 945 585 1008 τοῖς
615 944 674 1008 ἐς
703 945 764 997 τὺ
799 943 1040 1016 φανερὸν
1087 942 1590 1016 προσταττομένοις
1642 941 1793 1012 αὐτῷ
1852 941 1929 1013 μὴ

336 1036 629 1108 προσέχειν
652 1035 746 1090 τὸν
767 1034 914 1092 νοῦν.
956 1035 1254 1106 Ἀναϐολῆς
1285 1035 1469 1090 τοίνυν
1516 1037 1620 1106 τῆς
1666 1033 1798 1106 περὶ
1824 1032 1930 1104 τὴν

339 1128 624 1200 βασιλείαν
662 1127 898 1184 καθόδου
919 1128 1060 1193 τέως
1089 1128 1457 1199 ἐγγινομένης
1485 1126 1636 1199 αὐτῷ
1661 1126 1930 1198 ἐνεχείρει

337 1221 416 1285 ὡς
456 1219 683 1291 βασιλέα
707 1219 967 1288 γενέσθαι
1008 1218 1321 1291 Ῥωμαίων.
1363 1220 1423 1273 '0
1456 1218 1558 1290 μὲν
1617 1217 1714 1272 οῦν
1771 1219 1934 1273 Μαυ-

343 1311 522 1383 ρίκιος
551 1309 652 1382 τὴν
675 1307 870 1366 τούτου
900 1310 1088 1381 ἔφεσιν
1132 1309 1409 1380 διαγνοὺς,
1440 1309 1733 1382 γράμμασι
1772 1307 1932 1377 βασι-

341 1405 512 1469 λείοις
535 1402 634 1475 τὴν
659 1403 736 1468 ὡς
767 1402 933 1458 αὐτὸν
955 1401 1218 1474 ἐνδημίαν
1247 1401 1530 1465 ἐνέκοπτε,
1561 1401 1722 1472 δόξης
1755 1400 1932 1471 ὑπερ-

2032 574 2239 646 legavit
2270 575 2339 630 ad
2369 573 2655 630 Chaldaeos
2705 573 3016 629 habitantes
3063 571 3439 644 Martyropoli,
3491 590 3630 635 neve
3663 613 3666 618 -

2035 666 2166 736 quid
2195 664 2462 736 prasidiis
2481 664 2720 730 deesset,
2750 678 2889 720 neve
2937 663 3028 730 iis,
3049 677 3173 734 qua
3199 665 3378 736 palam
3398 666 3624 736 egisset,

2042 765 2385 829 apponerent
2431 756 2697 813 animum.
2726 755 3037 814 Occasione
3073 756 3239 825 igitur
3272 757 3480 812 reditus
3523 758 3627 813 sibi

2036 849 2185 907 l'acta
2219 849 2272 905 in
2302 864 2552 921 regnum,
2597 850 2664 906 ad
2715 850 3104 919 imperatorem
3135 849 3501 906 Romanorum
3532 865 3627 906 ve-

2039 942 2158 998 nire
2181 939 2438 997 instituit.
2464 939 2645 1008 Quare
2665 939 2963 996 Mauricius
2977 955 3098 996 cum
3113 941 3444 998 rescisceret
3465 941 3630 1013 hujus

2038 1031 2393 1097 desiderium,
2427 1031 2624 1088 litteris
2653 1032 2819 1104 regiis
2843 1045 2914 1088 ne
2941 1046 3003 1088 se
3032 1031 3210 1088 adiret
3241 1033 3452 1098 vetuit,
3503 1048 3633 1088 cou-

2039 1129 2296 1179 temnens
2337 1121 2636 1192 imperator
2685 1122 2956 1194 gloriam,
2989 1132 3045 1178 et
3079 1122 3133 1178 in
3163 1122 3426 1180 Cbosrois
3470 1122 3636 1179 simul

2043 1213 2283 1270 utilitate
2305 1220 2361 1269 et
2403 1213 2694 1270 commodo
2737 1212 3069 1270 allaborans.
3098 1213 3314 1270 Putavit
3340 1215 3488 1271 enim
3527 1232 3666 1276 non-

2046 1305 2286 1374 arnplius
2314 1304 2390 1360 illi
2418 1305 2818 1376 procedendum
2847 1321 2970 1363 esse
3001 1305 3068 1361 ad
3094 1304 3386 1364 Persarum
3414 1322 3636 1377 rempu-

2042 1398 2261 1464 blicam,
2310 1413 2380 1456 ne
2410 1401 2485 1455 ita
2513 1414 2545 1454 a
2575 1398 2811 1456 Baratno
2839 1408 3121 1470 occupatae
3163 1400 3441 1472 tyrannidi
3474 1401 3626 1456 iuva-

339 1497 520 1570 ορῶν,
577 1499 680 1570 τήν
733 1513 794 1551 τε
849 1495 948 1551 τοῦ
1002 1495 1348 1560 συνοίπντος
1419 1494 1664 1550 ἐπίδοσιν
1713 1493 1934 1568 Χοσρόῃ

2057 1490 2280 1546 [escendi
2317 1491 2827 1548 subministraretur
2869 1501 3274 1562 argumentum.
3313 1491 3504 1552 Primo
3528 1507 3635 1554 au-

348 1587 906 1658 πραγματευόμενος.
935 1587 1173 1641 Διενοῐτο
1194 1585 1304 1658 γὰρ
1325 1588 1402 1650 ὡς
1431 1586 1490 1639 οὺ
1518 1585 1600 1639 δεῖ
1628 1584 1820 1656 πόρρω
1835 1586 1936 1656 τῆς

2057 1596 2155 1643 lem
2180 1572 2314 1644 vere
2359 1588 2633 1645 Chosroes
2677 1589 2744 1643 ad
2777 1603 2966 1659 regem
3005 1585 3193 1656 mittit,
3242 1587 3638 1657 tertiaque-die

345 1677 577 1749 Περσῶν
609 1676 888 1741 πολιτείας
914 1676 1309 1748 μεταχωρήσαι
1360 1673 1578 1744 τοῦτον,
1604 1673 1694 1728 ἵνα
1730 1673 1807 1744 μὴ
1857 1673 1937 1746 τῷ

2057 1688 2348 1734 convocata
2381 1679 2449 1734 ab
2487 1679 2820 1749 imperatore
2845 1680 3134 1747 concione,
3161 1694 3284 1736 cum
3314 1679 3522 1734 honore
3550 1678 3636 1733 in-

346 1769 541 1838 Βαρὰμ
575 1767 774 1837 πάγιον
801 1765 1055 1821 ἐντεῦθεν
1074 1767 1137 1821 τὺ
1166 1767 1266 1838 τῆς
1298 1764 1613 1837 τυραννίδος
1646 1762 1939 1835 καθιδρυν-

2057 1769 2192 1839 genti
2223 1768 2482 1825 adoretur
2522 1785 2552 1824 a
2585 1769 2802 1841 legatis.
2845 1769 3036 1840 itaque
3057 1770 3280 1827 silentio
3309 1771 3517 1827 indicto
3547 1787 3637 1826 se-

345 1862 469 1933 θείη
523 1863 857 1934 ἐγχείρημα.
896 1859 1077 1935 Ἦρος
1134 1861 1180 1915 δ’
1232 1861 1543 1934 ἀρχομένου
1603 1860 1634 1913 6
1687 1859 1977 1932 Χοσρόης.

2057 1860 2220 1935 mutui,
2254 1874 2318 1915 ac
2366 1859 2616 1916 libertate
2660 1859 2844 1916 Persis
2878 1861 2946 1917 ab
2977 1861 3308 1930 imperatore
3361 1861 3528 1925 facta,
3577 1876 3639 1918 ea

343 1953 606 2025 πρέσϐεις
648 1955 705 2018 ἐς
733 1954 961 2026 βασιλέα
1021 1950 1355 2024 ἐξέπεμψεν.
1401 1950 1462 2006 Ὀ
1520 1951 1621 2023 μὲν
1651 1948 1746 2004 οῦν
1777 1949 1938 2004 αὐτο-

2057 1965 2165 2020 ]ιιεε
2219 1949 2487 2005 haberent
2541 1950 2876 2021 exponendi,
2937 1951 3100 2023 187
3151 1951 3449 2024 primarius
3499 1951 3642 2006 inter

344 2045 571 2118 κράτωρ
602 2045 901 2117 βασιλικῶς
948 2043 1278 2113 Ἐκκλησίαν
1329 2041 1493 2115 τρίτῃ
1547 2043 1940 2114 συγκροτήσας

2057 2042 2254 2114 legatos
2270 2041 2511 2113 profusis
2534 2042 2813 2116 lacrymis,
2829 2059 2892 2099 ac
2917 2043 3044 2099 inde
3064 2054 3280 2115 captata
3299 2043 3642 2114 imperatoris

345 2136 553 2208 ἡμέρᾳ,
595 2136 878 2206 ἐπιφανῶς
923 2135 1311 2206 προσκυνεῖται
1337 2133 1443 2189 ὑπὸ
1469 2132 1581 2187 τῶν
1627 2132 1938 2204 πρέσϐεων.

2057 2133 2426 2198 miseratione,
2468 2133 2520 2188 in
2557 2133 2824 2202 ejusmodi
2861 2135 3024 2190 verba
3052 2136 3212 2190 dixit.

351 2229 573 2300 Σιωπῆς
609 2227 790 2282 τοίνυν
817 2226 1254 2298 δαψιλευομένης
1280 2224 1359 2296 τῷ
1393 2222 1676 2296 συνεδρίῳ,
1725 2224 1820 2277 καὶ
1878 2221 1974 2278 τοῦ
2015 2222 2288 2294 βασιλέως
2347 2223 2532 2281 ἄδειαν
2562 2225 2739 2294 λόγων
2771 2226 3044 2291 ἐκθέσεως
3080 2226 3488 2289 ἀποδεδωκότος
3528 2228 3670 2294 τοῖς,

349 2318 614 2390 Πέρσαις,
647 2322 674 2374 6
726 2319 835 2374 τῶν
873 2317 1158 2391 πρέσϐεων
1197 2317 1632 2388 ἐπιφανέστερος
1677 2314 2027 2388 προπιαίνων
2089 2315 2169 2388 τῷ
2203 2316 2425 2388 δακρύῳ
2495 2316 2588 2373 τὸν
2643 2317 2803 2387 λόγον
2832 2359 2848 2387 ,
2896 2316 3197 2374 κάντεῦθεν
3246 2318 3374 2383 τοὺς
3429 2311 3670 2389 βασιλι-’

349 2415 480 2477 κοὺς
509 2412 834 2483 οίκτιρμοὺς
873 2410 1327 2484 ἀποθηρώμενος,
1359 2409 1528 2465 τῶνδε
1562 2407 1674 2464 τῶν
1717 2410 1898 2478 λόγων
1939 2407 2251 2480 ἀπήρξατο.
3589 2477 3592 2484 ι

421 2504 502 2578 (l)
560 2504 878 2576 Λεχθέντων
911 2503 970 2558 δὲ
1023 2502 1235 2574 μεταξῦ
1293 2502 1507 2557 πολλῶν
1572 2502 1672 2558 καὶ
1733 2501 1946 2555 τούτων

2125 2501 2355 2560 Collatis
2383 2504 2641 2576 utrinque
2677 2518 2807 2562 vero
2851 2503 3058 2571 multis,
3085 2514 3140 2560 et
3171 2503 3259 2561 his
3288 2503 3362 2559 ita
3385 2519 3417 2560 a
3448 2503 3649 2576 legatis.

349 2595 498 2651 οὕτω
543 2596 980 2668 διαλαληθέντων
1035 2595 1141 2650 ὑπὸ
1187 2594 1296 2650 τῶν
1343 2593 1654 2666 πρέσϐεων,
1705 2593 1802 2649 καὶ
1845 2593 1946 2664 τῆς

2057 2593 2243 2662 dictis,
2276 2611 2340 2652 ac
2366 2597 2636 2666 petitione
2667 2581 2920 2654 facundia
2950 2591 3222 2653 sermonis
3253 2604 3638 2667 extorquente,

351 2689 636 2757 ἀξιώσεως
659 2687 720 2742 τὸ
744 2688 972 2742 πιθανδν
1009 2687 1105 2742 καὶ
1131 2687 1397 2759 ἐπίχαρες
1417 2687 1858 2759 κληρωσαμένης
1878 2687 1946 2758 τῇ

2058 2695 2118 2743 ιιι
2156 2703 2280 2758 qua:
2330 2697 2683 2760 proponeret,
2723 2689 3088 2758 probarentur
3141 2703 3207 2744 ac
3258 2687 3568 2758 placerent,
3613 2703 3649 2741 a

351 2779 545 2854 εὐροίᾳ
569 2780 662 2834 τοῦ
689 2779 874 2851 λόγου,
893 2780 998 2835 ὑπό
1014 2797 1074 2834 τε
1100 2781 1198 2852 τῆς
1221 2780 1418 2853 βουλῆς
1442 2783 1539 2836 καὶ
1559 2779 1653 2835 τοῦ
1678 2778 1948 2852 αὐτοκρά-

2057 2788 2247 2834 senatu
2294 2780 2458 2835 simul
2502 2789 2557 2838 et
2606 2781 2675 2837 ab
2728 2780 3061 2851 imperatore
3106 2779 3386 2838 decretum
3425 2787 3530 2844 est,
3586 2788 3646 2832 ut

353 2891 514 2946 τορος
554 2873 944 2946 δογματίζεται
989 2873 1378 2946 ἐπικουρήσειν
1405 2873 1482 2946 τῷ
1535 2873 1753 2947 Χοσρόῃ
1811 2872 1949 2930 Ῥω-

2057 2869 2283 2927 Cbosroi
2315 2869 2552 2929 Romani
2595 2871 3030 2943 opitularentur,
3076 2871 3415 2942 Baramoque
3441 2873 3644 2931 adnixo

360 2967 573 3040 μαίους,
595 2965 750 3036 τῷρὲ
777 2965 974 3038 Βαρὰμ
991 2966 1171 3037 κάρτα
1195 2966 1392 3038 κομιδῇ
1426 2965 1947 3039 παρασκευάζεσθαι

2057 2963 2245 3021 studio
2273 2961 2474 3018 bellum
2501 2953 2768 3032 facerent,
2798 2965 3002 3035 quippe
3042 2978 3168 3019 cum
3210 2963 3492 3035 indignum
3543 2963 3644 3018 Ln-

359 3057 624 3126 πόλεμον·
693 3054 913 3120 ἀνάξιον
971 3055 1256 3120 Λατινίδος
1291 3055 1468 3127 ἀρχῆς
1514 3055 1610 3110 τοῦ
1670 3055 1941 3126 βασιλέως

2059 3054 2172 3112 tino
2197 3054 2474 3126 iudicaret
2514 3055 2813 3124 imperator
2856 3055 3123 3128 imperio,
3156 3056 3201 3111 si
3244 3071 3348 3112 non
3385 3058 3646 3128 przevari—

365 3147 670 3218 κρίναντος,
741 3147 884 3202 δπλα
943 3148 1061 3211 τοῖς
1110 3147 1360 3203 ἀδικοῦσι
1413 3147 1789 3220 παρέχεσθαι’
1849 3149 1977 3205 καὶ⁴

2057 3157 2176 3204 cato
2219 3163 2308 3204 res
2342 3157 2534 3204 contra
2587 3162 2744 3203 arma
2799 3156 3074 3218 sumeret,
3131 3149 3644 3220 periclitaretnrque

363 3238 806 3308 προκινδυνεύειν
831 3238 926 3292 τοῦ
959 3238 1036 3312 μὴ
1063 3238 1232 3294 καλοῦ
1264 3239 1354 3295 διὰ
1382 3239 1474 3294 τὸν
1500 3239 1666 3309 ὄγκον
1696 3241 1797 3312 τῆς
1815 3241 1949 3295 ὐπο-

2057 3248 2233 3319 potius
2258 3248 2335 3304 rei
2366 3263 2470 3305 non
2503 3249 2744 3303 honestae
2773 3248 2949 3318 gratia
2985 3257 3204 3318 propter
3229 3250 3480 3319 promissi
3519 3265 3635 3303 ma-

361 3329 626 3399 σχέσεως,
687 3331 784 3384 καὶ
841 3329 1154 3400 Ῥωμαίους
1182 3331 1471 3403 αἰσχίστην
1520 3331 1950 3405 ἀναδεξαμένους

2057 3334 2412 3404 gnitudinem,
2464 3349 2529 3389 ac
2580 3333 2810 3389 Romani
2861 3345 3144 3391 contracta
3190 3338 3484 3406 ignominia
3536 3353 3644 3393 non

361 3420 643 3488 ὑπόθεσιν,
679 3421 967 3486 ἀθανάτοις
1005 3421 1234 3478 ὀνείδεσι
1263 3422 1352 3478 διὰ
1399 3423 1604 3488 παντὸς
1637 3423 1951 3496 στηλιτεύε-

365 3515 514 3570 σθαι.
543 3514 627 3570 Τὰ
654 3515 754 3586 μὲν
783 3510 878 3569 οὖν
931 3514 1061 3586 περὶ
1085 3515 1180 3568 τοῦ
1211 3515 1486 3585 δόγματος
1521 3515 1578 3578 ἐς
1609 3515 1828 3587 ἐκείνην
1851 3514 1950 3586 τὴν

363 3607 582 3677 ἡμέραν
603 3607 732 3678 περὶ
753 3607 814 3661 τὸ
854 3607 1124 3679 βασίλειον
1159 3607 1293 3660 ἄστυ
1333 3607 1517 3678 ἐξήχει
1548 3608 1671 3660 τότε
1699 3607 1795 3662 καὶ
1855 3608 1954 3662 ἐπ-

361 3695 626 3762 επόλαζε.
685 3697 996 3768 Πεμπταῖοι
1049 3697 1096 3752 δ’
1165 3699 1215 3751 oi
1251 3697 1511 3769 πρέσϐεις
1553 3697 1953 3769 είσφρήσαντες

366 3787 506 3857 πρὸς
537 3789 630 3842 τὸν
663 3787 941 3860 Καίσαρα,
1000 3788 1196 3860 δώροις
1241 3787 1708 3858 διακοσμηθέν-τες
1745 3787 1956 3859 βασιλι-

368 3881 507 3946 κοῐς,
535 3881 594 3935 ἐν
614 3881 910 3952 γράμμασι
942 3881 1002 3935 τὸ
1033 3880 1188 3952 παρὰ
1212 3880 1322 3933 τῶν
1353 3880 1619 3951 βασιλέων
1649 3880 1958 3951 ἀποφέρον-

365 3988 457 4025 ται
483 3972 767 4044 ψήφισμα.
785 3973 961 4027 Τόντε
985 3973 1060 4026 Σα
1087 3971 1479 4045 [Σαράμην]...
1509 3972 1610 4040 μὲν
1640 3972 1738 4026 καὶ
1758 3973 1961 4044 Χοσροο

368 4064 633 4135 περόζην,
658 4065 784 4131 τούς
803 4082 863 4118 τε
891 4065 1087 4129 ἄλλους
1117 4067 1247 4129 τοὺς
1269 4065 1370 4136 ἤδη
1402 4064 1669 4136 πρότερον
1700 4064 1842 4118 κατά
1865 4063 1959 4119 τδν

366 4156 464 4212 τοῦ
513 4157 754 4228 πολέμου
813 4158 1010 4228 καιρδν
1039 4156 1238 4230 ᾑρήκει
1272 4157 1334 4209 τὸ
1367 4156 1703 4227 Ῥωμαϊκὸν,
1737 4156 1765 4209 6
1797 4155 1961 4209 αὑτο-

369 4251 600 4324 κράτωρ
631 4251 687 4312 ἐς
713 4251 962 4322 Χοσρόην
990 4249 1108 4320 ἆμα
1145 4251 1262 4312 τοῖς
1287 4247 1584 4318 πρέσϐεσιν
1641 4247 1964 4313 ἐξαπέστει-

369 4339 490 4394 λεν.
522 4339 586 4394 ’0
614 4338 672 4392 δέ
703 4340 954 4410 Χοσρόης
1000 4340 1070 4392 τὰ
1105 4340 1163 4392 ἐν
1189 4337 1268 4410 τῷ
1299 4337 1491 4408 βιϐλίῳ
1545 4336 1639 4390 τοῦ
1692 4335 1962 4408 βασιλέως

370 4431 648 4502 διαγνοὺς,
697 4431 800 4502 τὴν
855 4448 914 4485 τε
940 4430 1050 4490 τῶν
1083 4431 1375 4501 Ῥωμαίων
1419 4427 1684 4497 ἀγασθεὶς
1731 4426 1954 4500 ἀρετὴν,

371 4521 476 4594 τὴν
524 4521 680 4596 ἱερὰν
735 4522 888 4577 πόλιν
945 4521 1288 4589 καταλιπὼν,
1333 4519 1452 4592 ἃμα
1501 4519 1859 4592 Κομεντιόλῳ
1904 4520 1962 4584 ἐς

374 4614 795 4672 κωνσταντίναν
839 4613 902 4667 τὸ
931 4613 1068 4669 ἄστυ
1092 4613 1324 4684 ἀφίκετο
1343 4629 1358 4644 ⁸
1396 4612 1598 4687 μικροῦ
1632 4629 1693 4668 τε
1725 4612 1957 4685 ὕστερον

377 4705 475 4760 καὶ
505 4706 536 4760 ό
571 4703 672 4777 τῆς
709 4705 1006 4778 unum;
1050 4705 1334 4777 προεστὼς
1363 4708 1383 4768 (
1400 4705 1730 4778 Δομετιανὸς
1783 4704 1828 4760 δ’
1857 4705 1969 4777 ἄρα

375 4789 587 4869 οὗτος),
613 4797 926 4870 βασιλικαῖς
953 4798 1258 4870 ὑποθήκαις
1287 4797 1502 4874 γίνεται
1527 4796 1670 4870 πρὸς
1689 4797 1976 4870 Χοσρόηνον

375 4886 437 4954 ὃς
455 4889 591 4962 πρὸς
615 4889 774 4960 γένος
794 4889 1160 4963 συνῆπταιτῷ
1182 4888 1415 4961 βασιλεῖ,
1429 4888 1530 4962 τὴν
1552 4888 1723 4962 τιμὴν
1753 4889 1963 4962 ἱερεὺς,

387 4980 488 5053 τὴν
536 4981 594 5036 ἃ
631 4981 764 5055 περὶ
815 4983 910 5037 τὸν
969 4981 1086 5053 βίον
1114 4980 1465 5052 κατασκευὴν
1501 4979 1818 5053 ἱερώτερος,
1877 4978 1972 5034 τὸν

382 5070 546 5144 λόγον
573 5071 728 5144 ὴδῦςξ
749 5073 852 5145 τὴν
871 5073 1073 5145 πρᾶξιν
1105 5074 1300 5144 ταχὺς,
1352 5071 1457 5144 τὴν
1500 5071 1817 5144 συμϐουλὴν
1868 5073 1969 5144 ἐμ-

380 5162 768 5233 φρονέστατος.
813 5163 1115 5218 Συνείπετο
1165 5163 1222 5217 δὲ
1267 5161 1418 5233 αὐτῷ
1451 5163 1540 5216 ὅτε
1589 5161 1894 5235 Γρηγόριος
1945 5162 1977 5215 6

379 5255 484 5326 τῆς
517 5254 844 5325 Ἀντιοχέων
872 5255 968 5310 τοῦ
1019 5254 1301 5329 ἱερατικοῦ
1363 5253 1756 5326 ἐξηγούμενος.
1785 5252 1974 5320 Ἔδοξε

382 5347 495 5419 γὰρ
521 5347 617 5402 καὶ
647 5347 808 5403 τοῦτο
829 5349 908 5420 τῷ
941 5349 1179 5421 βασιλεῖ·
1214 5349 1313 5403 καὶ
1368 5347 1668 5419 μετεφοίτα
1708 5348 1848 5420 πρὸς
1871 5348 1976 5419 τὴν

389 5437 646 5507 πρᾶξινό
691 5439 869 5509 λόγος.
915 5440 1400 5511 Παραγενηθέντες
1451 5439 1586 5510 γοῦν
1639 5439 1690 5492 oi
1725 5440 1895 5510 ἱερεῖς
1917 5439 1977 5501 ἐς

390 5529 834 5598 Κωνσταντίναν,
875 5532 1060 5602 λόγοις
1083 5535 1176 5588 καὶ
1210 5533 1407 5604 δώροις
1451 5531 1810 5604 παρηγοροῦν
1833 5532 1976 5586 Χοσ-

394 5619 549 5694 ρόην,
581 5621 887 5692 ἐπιτεῦξεις
919 5623 1153 5694 ἐλπίδων
1181 5626 1554 5696 ἀθυμουμένῳ
1582 5624 1970 5694 διατιθέμενοι.

467 5778 548 5850 (l)
580 5777 743 5853 Marg.
778 5783 939 5855 Ζήτει
975 5785 1034 5838 ἐν
1072 5783 1152 5856 τῷ
1181 5784 1318 5854 Περὶ
1346 5785 1737 5855 δημηγορίας.

2053 3418 2443 3474 ohliviscendis
2474 3421 2526 3473 in
2577 3430 2846 3477 aeternum
2891 3423 3200 3493 opprobriis
3237 3426 3441 3494 passim
3491 3425 3649 3482 ditia—

2057 3519 2360 3565 marentur.
2405 3509 2620 3566 Decreti
2674 3513 2839 3585 igitur
2884 3512 3050 3584 hujus
3102 3514 3281 3569 adhuc
3331 3517 3521 3571 eadem
3557 3519 3648 3571 die

2055 3619 2154 3675 per
2191 3603 2381 3659 urbem
2415 3605 2620 3678 regiam
2671 3606 2945 3663 sententia
2985 3607 3378 3676 pronuntiatur
3410 3617 3465 3664 et
3513 3625 3644 3680 pro-
3677 3662 3702 3684 ί

2061 3696 2351 3768 mulgatur.
2385 3697 2568 3765 Quinti
2605 3714 2736 3755 vero
2768 3700 2821 3754 hi
2869 3699 3032 3773 legati
3077 3699 3299 3755 admissi
3349 3703 3412 3755 ad
3465 3695 3652 3757 Caesa?

2059 3801 2198 3852 rem,
2223 3785 2486 3858 donisque
2509 3788 2687 3843 ornati
2712 3785 2898 3856 regiis,
2928 3787 3128 3843 litteris
3155 3787 3473 3854 inscriptam
3504 3788 3648 3860 regis

2003 3945 2006 3949 ν
2060 3877 2388 3933 sententiam
2452 3891 2634 3932 secum
2685 3876 2888 3932 ferunt.
2943 3876 3216 3933 Praeterea
3279 3875 3545 3933 Saramen
3595 3887 3652 3931 et

2061 3966 2533 4038 Chosroperozen,
2566 3964 2816 4039 aliosque
2843 3968 2956 4037 jam
2993 3975 3120 4024 ante
3151 3967 3280 4046 belli
3309 3978 3554 4040 tempore
3583 3968 3650 4023 ab

2063 4059 2327 4116 Romanis
2367 4069 2558 4129 captos
2586 4060 2654 4116 ad
2700 4059 3012 4118 Chrosroen
3045 4059 3344 4129 imperator
3376 4074 3484 4116 una
3528 4073 3650 4114 cum

2064 4150 2258 4223 legatis
2293 4151 2526 4207 remisit.
2575 4151 2646 4207 At
2689 4150 2966 4209 Chosroes
3015 4152 3178 4223 regiis
3222 4151 3381 4208 lectis
3427 4149 3651 4215 litteris,

2065 4242 2296 4297 miratus
2327 4241 2485 4297 istam
2513 4239 2882 4307 Romanorum
2912 4242 3194 4310 virtutem,
3226 4243 3417 4299 relicta
3460 4243 3653 4298 lliera-

2065 4331 2195 4401 poli,
2219 4329 2381 4386 simul
2406 4346 2530 4386 cum
2560 4331 2905 4388 Comentiolo
2937 4331 3006 4388 ad
3040 4331 3230 4388 urbem
3263 4332 3481 4389 devenit
3505 4333 3652 4388 Con-

2068 4421 2402 4479 stantinam:
2437 4421 2540 4477 nec
2572 4421 2740 4478 multo
2765 4430 2888 4494 post
2918 4423 3146 4479 antistes
3177 4415 3432 4478 Melitinze
3465 4423 3662 4478 Dnm'i-'

2069 4515 2270 4582 tianus,
2310 4514 2466 4587 jussu
2496 4514 2642 4587 regis
2679 4515 2746 4571 ad
2796 4513 3077 4575 Chosroen
3128 4517 3298 4582 venit,
3325 4517 3416 4586 qui
3473 4516 3656 4572 Domi-

2071 4596 2254 4664 tianus
2324 4615 2588 4679 cognatus
2649 4616 2769 4664 erat
2844 4607 3234 4678 imperatoris,
3315 4607 3658 4679 professione

2069 4702 2353 4768 sacerdos,
2389 4701 2674 4771 praestanti
2704 4702 2829 4758 vita:
2859 4686 3520 4768 sanctimonia,voratione
3542 4701 3659 4772 pla-

2069 4793 2246 4862 cidus,
2295 4795 2364 4852 ad
2412 4795 2627 4866 negotia
2689 4795 3024 4852 conﬁcienda
3055 4795 3251 4863 solers,
3284 4795 3516 4854 consilio
3565 4811 3658 4851 sa-

2070 4887 2437 4959 pientissimo.
2490 4887 2799 4960 Atijnnctus
2850 4886 2927 4944 illi
2959 4885 3074 4944 ibat
3120 4878 3417 4960 Gregorius
3464 4889 3660 4945 Antio-

2072 4979 2260 5034 chense
2310 4992 2515 5049 praeses
2553 4975 2830 5035 Ecclesia.
2886 4976 3021 5034 Nam
3059 4987 3116 5034 et
3156 4979 3261 5050 hoc
3293 4978 3503 5035 volebat
3541 4993 3658 5040 rex,

2074 5081 2130 5126 et
2167 5071 2624 5140 quemadmodum
2655 5070 2849 5139 voluit,
2883 5071 2962 5128 ita
2993 5069 3197 5127 factum
3229 5082 3335 5129 est.
3371 5071 3505 5127 Cum
3530 5087 3658 5141 ergo

2073 5161 2330 5217 sacerdos
2374 5169 2606 5233 uterque
2653 5161 3030 5219 Constantina:
3076 5171 3258 5231 esset,
3318 5163 3663 5218 sermonibus

2075 5256 2140 5307 ac
2190 5252 2509 5309 muneribus
2555 5250 2918 5319 delinientes,
2967 5253 3210 5312 melioris
3254 5254 3368 5323 spei
3421 5253 3661 5309 desolato

2076 5357 2228 5415 spem
2259 5343 2527 5401 fecerunt.
2569 5344 2751 5412 Quare
2791 5345 3063 5403 Cbosroes
3111 5361 3208 5416 per
3235 5343 3446 5401 Nisibin
3477 5345 3661 5400 missis

2079 5437 2312 5509 legatis,
2361 5435 2543 5494 l'ersls
2589 5437 2644 5492 in
2698 5439 3017 5494 memoriam
3068 5447 3226 5494 vocat
3273 5438 3660 5493 beneﬁciorum

2081 5531 2134 5584 in
2172 5521 2398 5598 stirpem
2445 5530 2670 5601 regiam,
2717 5529 3012 5585 admonitis
3062 5543 3166 5582 una
3221 5528 3504 5583 concionis
3553 5541 3668 5580 suae

2081 5622 2444 5702 auditoribus,
2494 5623 2639 5704 quod
2683 5632 2917 5679 tvranno
2957 5633 3059 5677 nec
3099 5619 3389 5678 favendum
3423 5621 3516 5688 sit,
3564 5627 3698 5675 nce‘
