4096 6418
412 358 514 426 951

1438 361 1956 425 CONSTANTINI
2003 362 2684 427 PORPHYROGENITI

3596 368 3705 434 952

412 477 547 543 ξεως
577 472 774 539 οὕτως’
805 472 899 547 Τῷ
932 473 1145 545 βασιλεῖ
1171 474 1279 530 τῶν
1312 473 1604 548 Ῥωμαίων
1633 478 1662 530 ὁ
1691 475 1943 544 Χαγάνος
2009 476 2037 528 ὁ
2074 474 2246 547 μέγας
2285 476 2555 550 δεσπότης
2593 475 2735 532 έπτά
2774 477 2982 548 γενεῶν
3052 476 3245 551 κύριος
3286 478 3570 552 κλιμάτων
3602 483 3707 556 τῆς

413 569 564 623 οἱκου
573 566 764 636 μένης.

483 661 639 730 Quod
670 659 963 730 incipiente
980 673 1127 726 vere,
1159 660 1398 717 instante
1430 659 1667 715 maxima
1697 670 2000 731 temporum
2030 664 2084 723 Α

410 755 747 819 festivitate,
780 768 886 823 qua
912 753 1220 823 passionem
1254 751 1416 807 simul
1459 760 1513 809 et
1550 753 2005 809 resurrectionem

411 847 511 904 Dei
541 846 849 905 Servatoris
868 845 1046 902 solcnt
1085 845 1398 911 celebrare,
1436 846 1688 916 fameque
1731 845 2007 901 Romanos

412 950 720 1011 premente,
751 941 1046 1010 insperato
1076 941 1310 1010 quodam
1333 939 1448 996 sive
1468 955 1596 995 casu
1617 983 1632 1005 ,
1671 939 1786 997 sive
1828 938 2009 1009 provi-

414 1034 597 1090 dentia
616 1031 733 1099 Dei,
752 1031 1046 1103 Cbaganus
1076 1032 1143 1086 ad
1168 1029 1443 1087 Romanos
1471 1031 1655 1096 mittit,
1680 1030 1807 1086 fatui
1838 1032 2008 1100 impo-

412 1128 619 1183 siturus
636 1124 820 1181 tinem.
837 1125 1010 1193 Quam
1038 1126 1115 1180 rei
1140 1125 1435 1180 novitatem
1458 1124 1510 1180 in
1533 1123 1750 1181 dubium
1774 1123 2006 1194 primum

414 1219 582 1275 traxit
611 1218 854 1285 Priscus,
873 1234 973 1275 nec
1003 1218 1054 1274 ei
1090 1218 1333 1274 conlidit.
1368 1217 1663 1289 Postquam
1689 1233 1818 1273 vero
1849 1231 2009 1273 secn-

413 1326 514 1368 rus
548 1309 746 1377 factus,
784 1308 1014 1367 Romani
1050 1310 1194 1367 inter
1222 1324 1281 1368 se
1312 1320 1366 1367 et
1394 1308 1622 1365 Barbari
1664 1308 1909 1366 fecerunt
1945 1325 2009 1365 ac

412 1413 777 1475 susceperunt
815 1404 1060 1476 quinque
1119 1403 1326 1461 dierum
1356 1403 1633 1468 inducias,
1691 1401 2011 1472 sublatoque

414 1497 565 1555 omni
594 1506 761 1564 metu,
784 1494 1076 1567 Cbaganus
1107 1495 1473 1552 esurientibus
1496 1494 1760 1552 Romanis
1796 1493 1862 1550 ad
1895 1494 2008 1548 l'ru-

414 1591 813 1647 mentationem
837 1589 1067 1660 prarbuit
1095 1588 1362 1645 vehicula.
1381 1588 1675 1657 Propterea
1705 1596 1812 1641 tam
1838 1586 2013 1655 in0pi-

417 1689 549 1736 nata
578 1679 683 1735 ista
708 1679 997 1735 barbarica
1027 1680 1337 1735 humanitas
1359 1679 1426 1734 ad
1446 1687 1632 1735 nostra
1665 1692 1836 1747 usque
1870 1686 2012 1732 tem-

416 1785 555 1842 pora
578 1780 663 1828 est
691 1780 1006 1841 propagata.
1034 1769 1241 1837 Quarta
1270 1771 1357 1826 die
1386 1769 1649 1825 Romanis
1685 1768 1858 1839 copiis
1900 1770 2013 1824 ins-

415 1863 621 1919 tructis
668 1863 737 1918 ad
778 1862 947 1917 vitam
991 1862 1155 1918 rebus
1203 1863 1558 1928 necessariis,
1604 1862 1809 1933 legatos
1868 1862 2016 1917 misit

418 1956 731 2027 Chaganus,
762 1954 979 2011 Indicas
1000 1970 1029 2009 a
1052 1953 1242 2011 Prisco
1267 1955 1536 2024 petiturus
1565 1970 1793 2011 merces.
1820 1955 1877 2011 ln
1907 1970 2011 2027 qua

419 2140 610 2197 folium
644 2140 886 2196 Indicum
907 2180 922 2204 ,
954 2140 1300 2209 casiamque,
1338 2149 1393 2194 et
1419 2155 1538 2210 qua:
1580 2140 1781 2195 dicitur
1810 2150 2017 2195 costus.

421 2233 524 2307 llic
554 2248 686 2291 vero
724 2232 964 2303 acceptis
995 2232 1252 2288 Romanis
1286 2232 1605 2287 muneribus
1626 2275 1642 2296 ,
1678 2232 2013 2288 aromatibus

421 2326 714 2393 delinitus,
742 2326 1033 2381 admodum
1058 2325 1356 2381 oblectatus
1386 2335 1503 2381 est:
1551 2335 1604 2381 et
1643 2326 1722 2382 sic
1763 2342 1793 2382 a
1842 2342 2020 2398 pugna

422 2414 704 2482 abstinuit,
729 2415 901 2470 donec
917 2414 1179 2471 Romanis
1203 2415 1417 2485 publica
1444 2416 1533 2471 illa
1565 2415 1752 2484 ingens
1778 2418 2011 2473 celebri-

423 2516 509 2563 tas
555 2506 958 2576 praeteriisset:
1002 2505 1074 2563 ob
1108 2505 1339 2563 invicem
1375 2522 1504 2564 vero
1551 2523 1609 2563 se
1658 2523 1780 2563 cum
1834 2508 2022 2564 metati

423 2607 631 2663 essent,
668 2599 923 2673 utrinque
964 2611 1144 2655 tamen
1175 2601 1357 2655 omnia
1399 2608 1555 2655 erant
1586 2615 1799 2656 secura.
1843 2601 2021 2659 Finito

426 2692 623 2753 deinde
638 2692 798 2759 festo,
818 2695 1042 2749 nuntios
1059 2692 1347 2764 Chaganus
1364 2692 1535 2761 misit,
1559 2693 1888 2763 sejungenda
1898 2712 2014 2751 rum

425 2798 458 2838 a
488 2798 548 2839 se
571 2795 758 2842 mutuo
786 2785 1090 2855 copiarum.

2183 662 2309 716 Ὀτι
2338 660 2435 715 τοῦ
2470 655 2605 733 ἦρος
2640 660 2977 733 ἀνίσχοντος,
3016 660 3321 735 μελλούσης
3356 663 3413 719 δὲ
3448 665 3709 738 ἐπιϐήσε-

2110 753 2237 808 σθαι
2278 753 2381 825 τῆς
2433 752 2681 825 μεγάλης
2716 753 2827 808 τῶν
2867 754 3079 826 χρόνων
3120 756 3347 828 ἑορτῆς,
3390 758 3487 812 καὶ
3530 759 3709 824 πάθος

2110 845 2248 919 ὁμοῦ
2295 846 2390 900 καὶ
2434 847 2747 918 ἀνάστασινι
2767 845 2863 900 τοῦ
2908 847 3165 919 Σωτῆρος
3211 848 3495 919 ἑορτάξειν
3538 850 3705 916 Θεοῦ,

2109 938 2205 995 τοῦ
2224 956 2282 994 τε
2298 938 2461 1009 λιμοῦ
2492 939 2620 1004 τοὺς
2644 939 2956 1010 Ῥωμαίους
2972 942 3431 1008 καταπιέζοντος,
3461 960 3538 997 πα
3548 944 3711 1013 ραδό-

2111 1032 2188 1104 ξῳ
2234 1030 2460 1104 προνοίᾳ
2503 1033 2613 1087 τινὶ
2659 1034 2689 1087 ὁ
2740 1033 2996 1102 Χαγάνος
3043 1034 3183 1109 πρὸς
3228 1036 3357 1100 τοὺς
3392 1034 3710 1106 Ῥωμαίους

2114 1123 2498 1193 πρεσϐεύεται.
2532 1122 2596 1176 Ἦ
2628 1122 2687 1177 δὲ
2722 1122 2948 1190 ἀξίωσις
2977 1120 3067 1199 ἦν,
3103 1126 3258 1181 λύσιν
3290 1126 3369 1198 τῷ
3402 1125 3546 1198 λιμῷ
3582 1128 3711 1179 ὲπι-

2114 1215 2307 1271 θεῖναι.
2342 1215 2401 1270 '0
2438 1215 2535 1285 μὲν
2565 1212 2660 1270 οῦν
2688 1215 2952 1288 Πρίσκος,
2985 1218 3076 1272 ἐπὶ
3107 1217 3187 1290 τῷ
3221 1222 3575 1290 κοινοπρεπεῖ
3602 1218 3710 1289 τῆς

2114 1306 2416 1375 ἀξιώσεως,
2444 1307 2695 1381 διηπόρει
2722 1327 2782 1364 τε
2814 1310 2909 1365 καὶ
2937 1311 3181 1382 ἠπίστει.
3209 1311 3363 1366 Ἐπεὶ
3389 1312 3447 1365 δὲ
3482 1312 3703 1375 πίστεις

2128 1401 2392 1472 Ῥωμαῖοί
2413 1419 2472 1456 τε
2494 1403 2590 1457 καὶ
2613 1402 2894 1476 Βάρϐαροι
2925 1404 3116 1459 ἔδοσαν
3140 1406 3236 1459 καὶ
3264 1405 3704 1476 ἀντελάμϐανον,
3806 1422 3819 1428 ’

2116 1491 2508 1564 πένθ’ήμέρας
2558 1494 2791 1559 σπονδὰς
2845 1496 3269 1567 συστησάμενοι,
3317 1496 3419 1568 τὴν
3470 1496 3708 1564 ἀφοϐίαν

2117 1587 2625 1657 ὲπραγματεύοντο.
2660 1587 2908 1660 Ἀμάξας
2937 1588 3231 1659 τοιγαροῦν
3261 1588 3292 1641 δ
3325 1588 3578 1657 Χαγάνος
3612 1589 3708 1641 έπὶ

2118 1678 2369 1748 σιτισμδν
2402 1677 2735 1749 λιμώττουσι
2765 1682 2879 1745 τοῖς
2914 1678 3210 1751 Ῥωμαίοις
3244 1680 3542 1749 παρείχετο
3566 1695 3582 1710 ο
3616 1678 3709 1733 διὰ

2116 1768 2277 1824 τοῦτο
2315 1770 2478 1842 μέχρι
2511 1770 2621 1825 τῶν
2656 1772 2867 1843 χρόνων
2903 1773 3015 1828 τῶν
3050 1773 3177 1828 καθ’
3199 1773 3349 1845 ἡμᾶς
3384 1772 3491 1827 τῶν
3528 1789 3711 1844 παρα-

2117 1864 2585 1934 δοξολογουμένων
2630 1865 2699 1919 τά
2741 1865 2846 1935 τῆς
2894 1865 3242 1938 βαρϐαρικῆς
3291 1865 3713 1937 φιλανθρωπίας

2204 1956 2325 1996 ἵει-ιη·
2361 1956 2671 1996 vni-limantur
2720 1942 2971 1996 τριρᾶλφη
3004 1958 3061 1996 λι
3096 1958 3278 1996 ἧηᾶηη
3316 1957 3405 1996 νηὶ
3445 1957 3545 1996 *ἦρ
3571 1957 3585 1975 ⁸

418 1956 731 2027 Chaganus,
762 1956 979 2011 Indicas
1000 1970 1029 2009 a
1052 1956 1242 2011 Prisco
1267 1956 1536 2024 petiturus
1565 1970 1793 2011 merces.
1820 1956 1877 2011 ln
1907 1970 2011 2027 qua

418 2064 484 2106 re
510 2048 753 2105 Barbam
785 2046 1005 2103 Priscus
1032 2047 1431 2103 obsecundatus
1450 2086 1466 2114 ,
1492 2056 1546 2103 et
1576 2048 1729 2118 piper
1757 2048 1926 2113 misit,
1962 2058 2017 2103 et

2123 1956 2325 2027 ταύτης
2361 1956 2693 2030 καθέστηκε.
2720 1956 2972 2030 τετάρτη
3004 1958 3063 2012 δὲ
3096 1958 3281 2031 ἡμέρᾳ
3316 1957 3411 2012 καὶ
3445 1957 3545 2026 τῆς
3571 1957 3712 2009 Ῥω-

2130 2046 2332 2116 μαῖκῆς
2364 2047 2645 2116 δυνάμεως
2666 2046 3028 2118 εὐσθενούσης
3061 2049 3175 2110 τοῖς
3210 2046 3349 2117 πρὸς
3380 2045 3526 2117 ζωὴν
3543 2047 3712 2111 ἀναγ-

2130 2046 2332 2116 μαῖκῆς
2364 2047 2645 2116 δυνάμεως
2666 2046 3028 2118 εὐσθενούσης
3061 2049 3175 2110 τοῖς
3210 2046 3349 2117 πρὸς
3380 2045 3526 2117 ζωὴν
3543 2047 3715 2111 ἀναγ-

2122 2139 2431 2202 καιοτάτοις
2471 2138 2549 2209 τῷ
2579 2139 2701 2209 βίῳ,
2729 2140 2757 2192 ὁ
2783 2140 3037 2209 Χαγάνος
3080 2138 3345 2210 πρέσϐεις
3375 2137 3712 2208 ἐξέπεμψεν,

2125 2231 2359 2295 Ἰνδικὰς
2377 2230 2483 2285 ὑπὸ
2510 2230 2604 2285 τοῦ
2636 2231 2878 2303 Πρίσκου
2907 2231 3093 2285 λαϐεῖν
3118 2230 3287 2298 ἀξιῶν
3310 2230 3633 2301 καρυκείας.
3651 2229 3714 2280 Ὀ

2131 2326 2232 2397 μὲν
2265 2320 2359 2378 οὖν
2395 2324 2636 2395 Πρίσκος
2673 2324 2769 2378 τοῦ
2796 2325 3090 2396 Βαρϐάρου
3127 2323 3225 2396 τὴν
3257 2322 3483 2389 ἀξίωσιν
3518 2320 3715 2390 ἐθερά-

2129 2434 2285 2484 πευε,
2300 2416 2498 2487 πέπερι
2526 2433 2586 2469 τε
2616 2416 2914 2486 ἐξέπεμψε,
2949 2416 3042 2470 καὶ
3072 2414 3273 2485 φύλλον
3300 2412 3544 2477 Ἰνδικὸν,
3576 2428 3716 2465 κασ-

2133 2509 2255 2562 σίαν
2280 2525 2339 2561 τε
2366 2508 2460 2561 καὶ
2485 2508 2545 2562 τὸ
2573 2507 2868 2578 λεγόμενον
2896 2506 3087 2560 κόστον
3104 2522 3117 2538 ·
3150 2508 3178 2560 ὁ
3205 2505 3261 2562 δὲ
3290 2501 3582 2557 ἀπολαϐὼν
3608 2500 3711 2562 τὰς

2144 2599 2459 2671 Ῥωμαϊκὰς
2484 2599 2723 2673 δωρεὰς,
2752 2598 3383 2670 καταρωματισάμενος,
3412 2595 3557 2666 ἥσθη
3585 2592 3713 2645 λίαν

2126 2692 2463 2763 περιχαρᾶκ.
2496 2692 2710 2745 Γίνεται
2743 2690 2837 2745 οὖν
2866 2691 3150 2763 ἀπόμαχος
3186 2690 3380 2760 μέχρις
3412 2688 3537 2740 ὅτου
3572 2684 3713 2739 Ῥω-

2127 2785 2309 2857 μαίοις
2343 2787 2375 2855 ή
2409 2783 2711 2856 δημοτελὴς
2752 2785 2935 2857 ἐκείνη
2980 2782 3191 2855 μεγάλη
3238 2784 3548 2853 πανήγυρις
3582 2781 3715 2832 ἐπε-

426 2877 691 2947 πέραστο.
741 2877 1132 2950 Συνηυλίζοντο
1174 2875 1467 2948 τοιγαροῦν
1514 2876 1582 2932 τά
1628 2878 1921 2932 ἀντίθετα·
1983 2877 2079 2933 καὶ
2142 2879 2242 2933 οὐκ
2291 2874 2360 2949 ἦν
2393 2878 2512 2942 δέος
2556 2879 2614 2930 ὲν
2646 2877 2940 2951 ἑκατέραις
2980 2878 3295 2950 δυνάμεσιν.
3332 2875 3544 2930 Ούκοῦν
3575 2876 3715 2927 ἀπο-

430 2974 869 3045 τερματιζούσης
894 2976 993 3046 τῆς
1024 2976 1242 3046 ἑορτῆς,
1272 2978 1537 3048 ἀγγέλους
1588 2982 1617 3034 ὁ
1644 2982 1897 3051 Χαγάνος
1964 2982 2265 3052 ἐξέπεμπε,
2308 2980 2684 3053 διακρίνεσθαι
2759 2981 2855 3040 ἀπ’
2910 2979 3157 3053 ἀλλήλων
3198 2976 3368 3047 ἀξιῶν
3407 2978 3504 3040 τὰς
3550 2975 3717 3028 δυνά-

434 3083 579 3141 μεις.

505 3156 662 3223 Quod
692 3172 721 3211 a
755 3157 940 3228 quinta
972 3175 1173 3232 pugna,
1203 3164 1446 3220 devictus
1475 3180 1502 3219 a
1527 3164 1787 3221 Romanis
1811 3166 2022 3236 Chaga-

431 3260 559 3314 nus,
595 3257 887 3319 antequam
940 3252 1253 3323 imperatori
1301 3256 1506 3328 aliquid
1539 3257 1604 3313 de
1640 3257 1783 3313 facto
1802 3267 2023 3313 consta-

435 3347 541 3403 ret,
569 3337 774 3409 legatos
804 3342 871 3397 ad
894 3340 1212 3399 Mauricium
1244 3347 1391 3402 misit
1408 3348 1473 3403 de
1493 3348 1723 3419 captivis
1754 3348 2021 3419 recipien-

435 3429 539 3487 dis.
581 3431 747 3488 Erant
790 3448 853 3488 ea
908 3436 1075 3493 millia
1117 3440 1534 3509 septemdecim,
1581 3456 1705 3496 cum
1747 3442 2017 3497 ducentis.

435 3520 731 3579 Mauricius
754 3524 939 3596 itaque
971 3529 1132 3589 minis
1151 3530 1377 3586 Barbari
1407 3546 1715 3601 percussus,
1748 3533 2024 3589 oratione-

434 3625 542 3682 que
571 3612 991 3684 circumventus,
1021 3633 1119 3689 per
1141 3620 1480 3676 tabellarium
1513 3622 1699 3679 Prisco
1730 3622 2024 3686 mandavit,

436 3708 500 3755 ut
526 3704 769 3773 captivos
796 3706 1045 3765 redderet
1071 3708 1330 3780 Cbagano
1353 3712 1584 3780 Abaros,
1610 3728 1674 3768 ac
1699 3714 1772 3768 ita
1810 3713 2025 3783 quidem

438 3808 470 3847 a
505 3795 748 3863 periculo
776 3796 932 3863 liberi
962 3800 1262 3859 redduntur
1282 3802 1539 3873 Chagauo
1566 3805 1816 3861 Barbari.

2203 3165 2329 3217 ’Ότι
2359 3164 2387 3216 ὁ
2412 3162 2666 3230 Χαγάνος
2696 3162 2835 3233 μετά
2858 3161 2958 3232 τὴν
2984 3162 3243 3235 πέμπτην
3268 3155 3442 3237 ἧτταν
3468 3175 3719 3213 καταπο-

2129 3253 2388 3325 λεμηθεὶς
2431 3254 2536 3307 ὑπὸ
2569 3252 2881 3321 Ῥωμαίων,
2919 3255 3048 3325 πρίν
3091 3270 3151 3308 τε
3185 3252 3279 3306 τὸν
3326 3252 3715 3321 αὐτοκράτορα

2126 3346 2236 3400 τῶν
2263 3346 2651 3415 γεγενημένων
2692 3348 2748 3400 ὲν
2778 3346 2986 3417 εἰδήσει
3026 3345 3308 3419 γενέσθαι,
3353 3343 3616 3415 πρέσϐεις
3659 3343 3720 3406 ἐς

2126 3437 2435 3508 Μαυρίκιον
2488 3436 2754 3509 ἐπεμψεν,
2804 3436 3095 3491 ἀναλαϐεῖν
3147 3437 3274 3500 τοὺς
3326 3432 3718 3508 ζωγρηθέντας

2130 3525 2492 3600 πειρώμενος.
2514 3526 2696 3583 Ἦσαν
2727 3530 2783 3588 δὲ
2816 3528 3057 3600 χιλιάδες
3091 3529 3231 3582 έπτά
3265 3528 3361 3582 καὶ
3392 3527 3524 3581 δέκα
3574 3524 3720 3594 πρὸς

2129 3624 2243 3686 τοῖς
2274 3622 2592 3686 διακοσίοις.
2624 3622 2684 3677 Ὀ
2717 3623 2775 3677 δὲ
2808 3621 3113 3694 Μαυρίκιος
3133 3664 3147 3688 ,
3179 3623 3300 3684 ταῖς
3332 3618 3587 3680 ἀπειλαῖς
3621 3614 3720 3669 τοῦ

2132 3714 2422 3786 Βαρϐἀρου
2457 3715 2855 3783 καταπλαγεὶς,
2899 3715 2993 3769 καὶ
3034 3717 3145 3779 τοῖς
3184 3714 3365 3783 λόγοις
3407 3711 3717 3778 ἀποϐουκο-

2130 3806 2415 3879 λούμενος,
2441 3808 2509 3862 δι’
2524 3809 2853 3874 ἐπιστολέως
2872 3808 2950 3880 τῷ
2974 3808 3200 3879 Πρίσκῳ
3224 3804 3559 3879 προσέταξεν
3580 3806 3722 3861 ἀπο-

439 3888 625 3946 δοῦναι
644 3893 773 3957 τοὺς
800 3895 1186 3969 ζωγρηθέντας
1203 3899 1282 3971 τῷ
1310 3900 1550 3973 Χαγάνῳ
1579 3900 1865 3974 ’Δϐάρους.
1891 3900 2048 3957 Οὕτω
2090 3902 2193 3975 μὲν
2227 3899 2320 3965 οὗν
2379 3904 2489 3960 ἀπὸ
2525 3905 2624 3978 τῆς
2661 3906 2873 3977 τόμεως
2934 3905 3237 3963 ἀνεδίδοντο
3269 3903 3348 3978 τῷ
3387 3904 3628 3974 Χαγάνῳ
3668 3903 3719 3963 (οἱ

446 3982 753 4057 Βάρϐαροι.

1715 4131 3483 4161 νκνίκκηή-φ--ῼ-,ῇη-έέκ
3664 4131 3669 4132 ,

1704 4288 2476 4406 ΥΠΟΘΕΣΙΣ

782 4495 989 4585 ΓΟΥ
1061 4497 1323 4587 ΠΕΡΙ
1396 4498 1616 4587 ΤΗΣ
1690 4497 2116 4586 ΑΡΕΤΗΣ
2192 4496 2388 4585 ΚΑΙ
2452 4492 2866 4587 ΚΑΚΙΑΣ
2940 4500 3392 4589 ΒΙΒΛΙΟΥ

1121 4664 1263 4720 ΤΟΥ
1300 4663 1854 4722 ΚΩΝΣΤΔΝΤΙΝΟΥ
1895 4662 2262 4718 ΠΟΡΦΥΡΔΣ
2298 4662 2675 4722 ΔΠΟΓΟΝΟΥ
2715 4664 3018 4725 ΠΡΩΤΟΥ.

1581 4914 2595 5033 ARGUMENTUM

784 5066 1118 5227 LIBRI
1194 5136 1547 5227 PRIMI
1632 5135 1781 5224 DE
1853 5134 2605 5227 VIRTUTIBUS
2692 5134 2843 5226 ET
2917 5136 3359 5237 vrrus,

1406 5292 1951 5358 CONSTANTINI
1996 5262 2824 5363 ponpnvnoummm;

494 5409 670 5481 {Apud
691 5410 848 5465 Henr.
874 5412 1132 5472 Valesiani
1148 5412 1200 5467 in
1218 5414 1552 5469 Collecuneis
1568 5415 1885 5470 Constantini
1907 5416 2019 5540 Ρίῖιὲ

2123 5417 2315 5543 ﬁgam
2338 5419 2476 5481 1658,
2508 5402 2726 5471 ιοένκιε
2745 5418 2942 5478 Fabric.
2971 5420 3103 5483 apud
3124 5432 3217 5470 nos
3237 5418 3357 5470 tomi
3378 5419 3662 5483 superioris

3474 5550 3505 5571 ο

2031 5616 2101 5625 ..ρ-

506 5692 828 5767 Quicunque
874 5696 1004 5755 olim
1058 5699 1179 5755 sive
1204 5715 1384 5772 reges,
1434 5700 1549 5757 sive
1594 5701 1757 5758 sortis
1792 5702 2019 5772 privatae
2054 5705 2097 5761 Β

2199 5704 2353 5759 Ὅσοι
2393 5705 2504 5760 τῶν
2540 5706 2706 5760 πάλαι
2756 5706 2888 5777 ποτὲ
2933 5706 3199 5777 βασιλέων
3236 5723 3294 5759 τε
3343 5704 3437 5758 καὶ
3478 5703 3720 5757 ἰδιωτῶν

438 5782 727 5856 “minus,
777 5797 962 5854 monte
1020 5789 1242 5864 luerunt
1290 5807 1470 5865 neque
1515 5793 1883 5866 voluptatibus
1934 5796 2028 5855 de-

2134 5798 2210 5873 μὴ
2239 5798 2330 5853 τὸν
2358 5798 2485 5853 νοῦν
2513 5797 2907 5872 παρεσύρησαν
2934 5799 3145 5873 ἡδοναῖς
3173 5800 3205 5869 ἢ
3239 5795 3715 5869 κατεμαλακίσθηο
