4096 6464
336 373 439 439 953

835 364 1269 429 PROOEMIUM
1310 368 1394 429 IN
1435 366 1974 431 COLLECTANEA
2010 369 2109 431 DE
2147 372 2619 436 VIRTUTIBUS
2656 376 2753 439 ET
2787 376 3050 439 VITIIS.

3485 378 3593 443 951

337 505 466 550 σαν,
501 481 640 541 ἀλλά
668 480 731 538 τὸ
762 482 864 552 τῆς
901 482 1080 553 ψυχῆς
1119 483 1338 552 εὐγενὲς
1378 483 1712 556 ἀκηλίδωτον
1744 482 1913 553 ἀρετῇ

2021 496 2269 554 prarata,
2302 501 2477 557 neque
2536 488 2764 545 mollitie
2813 496 3098 557 corrupta,
3128 487 3224 544 sed
3271 489 3443 545 animi
3483 507 3595 547 no—

337 567 892 647 συνετήρησαν,οὑτοι
918 573 1006 646 δὴ,
1026 568 1174 628 οὗτοι
1205 576 1301 629 καὶ
1330 576 1512 639 πόνοις
1541 575 1911 645 ἐνεκαρτέρηο

336 686 452 732 σαν,
491 668 587 721 καὶ
628 666 809 735 λόγοις
851 666 1292 738 ἐνησχολήθησαν
1314 685 1327 699 ο
1366 669 1458 720 καὶ
1493 668 1654 732 ἀλλος
1697 667 1825 719 ἄλλο
1856 683 1909 718 τι

340 762 437 815 τῶν
468 761 583 815 ὅσοι
617 758 981 830 λογικώτερον
1017 759 1357 825 ἐπεϐίωσαν,
1394 760 1646 823 παιδείας
1681 759 1910 828 ἐρασταὶ⁹

339 852 617 923 γεγονότες
652 850 1075 922 σπουδαιότερόν
1106 868 1226 905 τινα
1262 851 1672 921 συνεγράψαντο
1698 865 1713 882 ·
1748 851 1910 904 τοῦτο

331 944 431 1014 μὲν
455 943 553 1013 τῆς
570 942 724 1010 σφῶν
744 942 924 996 αὑτῶν
943 941 1314 1012 πολυμαθείας
1333 943 1530 1012 δεῖγμα
1553 941 1783 1013 ἐναργὲς
1797 942 1911 1005 τοῖς

331 1032 631 1101 μετέπειτα
660 1032 987 1087 καταλιπεῖν
1015 1033 1354 1103 ίμειρόμενοι
1380 1050 1395 1064 ο
1427 1032 1586 1086 τοῦτο
1613 1032 1671 1086 δὲ
1698 1034 1795 1085 καὶ
1823 1029 1913 1084 εὑ-

332 1123 521 1177 διλειαν
551 1123 883 1194 ἀείμνηστον
914 1126 977 1177 ἐκ
1004 1123 1113 1177 τῶν
1144 1126 1581 1196 ἐντυγχανόντων
1608 1123 1911 1195 καρπώσα-

331 1214 460 1268 σθαι
498 1213 792 1285 μνώμενοι.
820 1213 973 1268 Ἐπεὶ
1005 1214 1062 1268 δέ
1095 1216 1159 1268 ἐκ
1191 1214 1289 1284 τῆς
1321 1215 1432 1268 τῶν
1465 1214 1736 1268 τοσούτων
1770 1213 1911 1267 ἐτῶν

331 1306 676 1378 περιδρομῆς
711 1306 945 1361 ἄπλετόν
974 1324 1028 1360 τι
1062 1306 1254 1378 χρῆμα
1292 1309 1387 1361 καὶ
1421 1310 1764 1379 πραγμάτων
1799 1308 1913 1375 ἐγί-

330 1416 526 1469 γνετο,
552 1400 649 1454 καὶ
677 1400 850 1469 λόγων
880 1400 1141 1455 ἐπλέκετο
1159 1439 1174 1465 ,
1205 1400 1289 1454 ἐπ’
1314 1401 1538 1472 ἀπειρόν
1560 1419 1620 1455 τε
1647 1400 1743 1455 καὶ
1770 1401 1913 1470 ἀμή-
1944 1436 1945 1439 η

333 1509 495 1563 χανον
532 1493 567 1562 ἡ
605 1493 703 1561 τῆς
747 1492 990 1563 ἱστορίας
1030 1492 1287 1565 εὐρύνετο
1335 1495 1664 1564 συμπλοκή·
1704 1494 1812 1547 ἔδει
1853 1493 1912 1548 δὲ

332 1581 800 1652 ἐπιρῤεπέστερον
836 1580 974 1651 πρὸς
1008 1581 1077 1636 τὰ
1116 1583 1286 1654 χείρω
1319 1585 1419 1654 τὴν
1457 1585 1568 1637 τῶν
1606 1583 1913 1655 ἀνθρώπων

332 1671 659 1743 προαίρεσιν
705 1673 1086 1742 μετατίθεσθαι
1128 1674 1341 1745 χρόνοις
1367 1674 1615 1745 ὕστερον,
1646 1677 1740 1729 καὶ
1766 1675 1915 1744 ὀλιγ-

335 1761 494 1833 ώρως
528 1764 674 1834 ἔχειν
707 1765 842 1835 πρὸς
876 1767 942 1818 τὰ
975 1766 1115 1821 καλὰ
1146 1768 1240 1820 καὶ
1270 1766 1650 1840 ῥᾳθυμότερον
1711 1768 1915 1822 διακεῖ-

2017 575 2282 631 hilitatcm
2342 580 2720 634 intemeratam
2761 580 2828 634 ad
2878 581 3135 635 virtutem
3178 594 3598 646 conservarnnt,

2020 668 2071 720 hi
2108 669 2348 737 profecto
2378 678 2432 724 et
2471 670 2613 725 inter
2647 670 2865 726 labores
2907 670 3201 735 durarunt,
3227 679 3283 726 et
3323 671 3496 727 otium
3528 674 3599 726 in

2020 757 2215 814 litteris
2250 770 2722 829 consumpserunt.
2750 763 2827 817 Ac
2872 762 2919 817 si
2970 762 3062 830 qui
3092 762 3303 817 illorum
3332 764 3498 817 vitam
3548 765 3599 818 in

2017 848 2215 904 studiis
2246 849 2560 918 diligentius
2606 859 2861 921 egerunt,
2906 850 3228 907 eruditionis
3285 866 3472 907 amore
3517 853 3601 907 iu-

2017 936 2271 993 ilannnati
2306 940 2509 1010 aliquid
2559 940 2886 1009 impensiore
2936 956 3067 996 cura
3126 941 3593 1019 conscripserunt,

2019 1034 2214 1102 partim
2245 1035 2387 1105 quod
2425 1034 2741 1107 multiplicis
2780 1037 3046 1093 doctrina:
3099 1052 3211 1093 sua
3243 1047 3453 1093 certum
3493 1038 3599 1091 ali-

2018 1126 2160 1195 quod
2217 1128 2449 1195 posteris
2496 1138 2902 1183 monumentum
2958 1130 3271 1200 relinquere
3308 1140 3598 1198 cuperunt,

2022 1217 2220 1286 partim
2257 1217 2419 1271 etiam
2452 1218 2774 1275 immortalis
2805 1222 3079 1276 memoriae
3112 1221 3405 1287 desiderio,
3436 1236 3597 1289 quam

2021 1306 2163 1375 apud
2222 1306 2453 1363 lectores
2485 1318 2968 1378 consequerentur.
3018 1310 3284 1376 Quoniam
3330 1324 3459 1365 vero
3505 1325 3601 1377 per

2021 1404 2102 1451 tot
2135 1411 2413 1451 armorum
2466 1398 2739 1453 curricula
2784 1410 2839 1454 et
2891 1413 2977 1454 res
3029 1400 3307 1454 immensa:
3359 1400 3601 1467 quotidie

2019 1489 2411 1543 exoriebantur
2464 1500 2523 1544 et
2588 1490 2789 1560 scripta
2851 1491 3300 1555 contexebantur,
3357 1490 3599 1543 historia:

2019 1580 2352 1650 conscriptio
2408 1595 2625 1651 semper
2671 1582 2833 1636 latius
2866 1596 2986 1636 sese
3031 1596 3354 1651 propagans,
3390 1581 3597 1635 inﬁnita

2015 1669 2127 1740 jam
2162 1685 2249 1727 res
2275 1681 2418 1736 erat,
2441 1682 2496 1726 et
2522 1686 2642 1735 quae
2675 1672 2893 1726 humani
2927 1671 3126 1741 ingenii
3151 1672 3255 1725 vim
3290 1670 3597 1725 excederet.

2022 1762 2313 1818 Enimvero
2360 1762 2520 1818 aliter
2567 1764 2788 1818 evenire
2834 1778 2939 1817 non
2989 1768 3224 1830 poterat,
3259 1761 3387 1830 quin
3423 1761 3603 1816 homi-

339 1855 463 1909 σθαι
498 1856 635 1927 πρὸς
665 1834 764 1927 τὴν
796 1856 904 1910 τῶν
938 1834 1909 1931 φθασάντων-γενέσθαι*κατάληψιν,

2024 1871 2151 1909 num
2185 1855 2363 1911 studia
2392 1864 2447 1909 et
2473 1853 2776 1909 voluntates
2825 1851 3218 1922 posterioribus
3269 1851 3601 1920 temporibus

336 1946 578 2000 κατόπιν
623 1948 916 2019 γινομένης
957 1950 1057 2020 τῆς
1095 1950 1330 2019 ἀληθοῦς
1371 1952 1739 2018 ἐπιτεύξεως*
1782 1951 1910 2006 ὥστ’

333 2037 586 2091 ἐντεῦθεν
621 2040 816 2110 ἀδηλία
852 2040 1170 2105 σκιάζεσθαι
1202 2043 1303 2111 τὴν
1332 2043 1431 2112 τῆς
1472 2044 1715 2115 ἱστορίας
1754 2043 1915 2114 ἐφεύ-

336 2144 510 2197 ρεσιν,
543 2129 619 2196 πὴ
655 2132 751 2199 μέν
783 2132 976 2185 σπάνει
1006 2131 1211 2202 βίϐλων
1231 2134 1549 2204 ἐπωφελῶν,
1580 2138 1657 2207 πὴ
1687 2137 1742 2191 δὲ
1775 2137 1913 2209 πρὸς

329 2220 436 2288 τὴν
465 2221 699 2291 ἐκτάδην
728 2223 1057 2294 πολυλογίαν
1084 2226 1475 2299 δειμαινόντων
1505 2230 1599 2283 καὶ
1630 2232 1913 2303 κατορρω-

329 2307 570 2363 δούντων
596 2327 610 2341 ο
661 2314 689 2366 ὁ
723 2313 821 2382 τῆς
872 2315 1162 2387 πορφύρας
1198 2320 1468 2385 ἀπόγονος
1503 2320 1913 2385 Κωνσταντίνος

330 2398 363 2450 ὁ
403 2398 953 2469 ὀρθοδοξότατος.κα“ι
990 2407 1512 2476 χριστιανικώτατος
1544 2411 1654 2464 τῶν
1690 2410 1911 2467 πώποτε

333 2488 841 2560 βεϐασιλευκότων,
888 2494 1298 2568 όξυωπέστερον
1341 2501 1477 2571 πρὸς
1516 2501 1617 2572 τὴν
1659 2501 1766 2556 τῶν
1808 2519 1912 2557 κα-

329 2580 444 2633 λῶν
461 2584 789 2653 κατανόησιν
806 2585 1173 2657 διακείμενος,
1195 2589 1291 2643 καὶ
1308 2589 1639 2662 δραστήριον
1664 2590 1913 2663 ἐσχηκὼς

331 2673 495 2741 νοῦν,
528 2675 711 2747 ἔκρινε
746 2677 1021 2747 βέλτιστον
1054 2676 1194 2736 εἴναι
1228 2682 1322 2736 καὶ
1356 2684 1712 2754 κοινωφελές,
1744 2686 1821 2758 τῷ
1853 2700 1913 2738 τε

333 2766 442 2837 βίῳ
485 2767 1145 2843 ὀνησιφόρον,ηπρότερον
1192 2773 1291 2843 μὲν
1336 2773 1606 2847 ζητητικῇ
1636 2776 1913 2847 διεγέρσει

336 2856 559 2926 βίϐλους
591 2858 813 2913 ἄλλοθεν
846 2859 1012 2925 ἄλλας
1047 2861 1105 2928 ἐξ
1141 2862 1359 2935 ἀπάσης
1397 2864 1701 2935 ἑκασταχοῦ
1736 2866 1914 2919 οίκου-

338 2948 511 3020 μένης
547 2949 939 3020 συλλέξασθαι,
975 2954 1322 3025 παντοδαπῆς
1354 2955 1410 3009 δέ
1445 2955 1759 3019 πολυειδοῦς
1795 2958 1915 3010 ἐπι-

338 3041 552 3112 στήμης
580 3043 913 3112 ἐγκύμονας.
947 3045 1180 3100 Ἔπειτα
1206 3047 1266 3100 τὸ
1290 3048 1388 3117 τῆς
1419 3047 1789 3111 πλατυεπείας
1818 3050 1913 3119 μέ-

340 3130 494 3236 γεθος
536 3132 632 3186 καὶ
659 3135 844 3236 ἀκοὰς
882 3138 1199 3200 ἀποκναῖον,
1237 3137 1413 3202 ἄλλως
1444 3156 1503 3191 τε
1547 3139 1640 3192 καὶ
1681 3140 1914 3211 ὀχληρὸν
1943 3178 1986 3236 C

338 3222 433 3301 καὶ
458 3224 715 3292 φορτικὸν
739 3226 1062 3297 φαινόμενον
1087 3230 1199 3291 τοῖς
1230 3227 1470 3293 πολλοῖς,
1500 3228 1611 3283 δεῖν
1632 3228 1787 3300 ᾠήθη
1818 3247 1918 3284 κα-

331 3312 631 3383 Ιεαμερίσαι
662 3314 822 3369 τοῦτο
856 3317 937 3380 είς
970 3316 1406 3388 λεπτομέρειανζ,
1449 3318 1824 3387 ἀνεπιφθόνως
1855 3336 1915 3372 τε

330 3402 617 3472 προθεῖναι
662 3406 794 3458 πᾶσι
838 3407 993 3477 κοινῇ
1035 3404 1132 3477 τὴν
1176 3408 1242 3459 ἐκ
1284 3406 1491 3461 τούτων
1532 3408 1916 3479 ἀναφυομένην

328 3492 604 3561 ὠφέλειαν
624 3511 637 3525 ·
669 3495 743 3558 ώς
775 3497 839 3549 ἐκ
872 3496 972 3567 μὲν
997 3498 1097 3568 τῆς
1129 3498 1363 3570 ἐκλογῆς
1394 3503 1917 3571 προσεκτικωτέρως

330 3586 435 3644 καὶ
479 3587 918 3659 ἐνδελεχέστερον
959 3592 1414 3663 κατεντυγχάνειν
1450 3595 1577 3658 τοὺς
1616 3597 1916 3667 τροφίμους

330 3678 448 3732 τῶν
489 3678 686 3748 λόγων,
733 3685 829 3734 καὶ
876 3681 1265 3755 μονιμώτερον·
1294 3685 1659 3741 ἐντυποῦσθαι
1702 3687 1916 3754 τούτοις

327 3769 435 3841 τὴν
461 3771 569 3826 τῶν
594 3772 768 3842 λόγων
797 3774 1145 3846 εὑφράδειαν.
1176 3777 1557 3848 Μεγαλοφυῶς
1583 3797 1643 3833 τε
1676 3780 1769 3834 καὶ
1822 3781 1916 3834 ἀνυ-

326 3862 620 3932 επηϐόλως
636 3864 773 3935 πρὸς
795 3867 890 3919 ἐπὶ
912 3866 1124 3931 τούτοις
1151 3886 1287 3922 κατα
1297 3870 1518 3941 μερίσαι
1535 3870 1614 3934 είς
1629 3870 1915 3935 ὑποθέσεις

324 3955 647 4024 διαφόρους,
685 3960 834 4027 τρεῖς
880 3960 974 4012 ἐπὶ
1014 3961 1125 4023 τοῖς
1166 3962 1507 4031 πεντήκοντα
1548 3963 1641 4016 τὸν
1679 3963 1915 4034 ἀριθμὸν

324 4040 522 4109 οὑσας,
554 4046 611 4097 ἐν
640 4041 729 4108 αἷς
758 4047 852 4100 καὶ
883 4047 973 4117 ὑφ’
995 4042 1083 4112 αἷς
1111 4048 1300 4104 ἆπασα
1330 4051 1579 4122 ἱστορικὴ
1613 4052 1915 4126 μεγαλουρ-

324 4134 430 4205 γία
461 4134 829 4205 συγκλείεται.
860 4139 971 4191 Καὶ
992 4129 1098 4193 οὐκ
1129 4139 1277 4195 ἔστιν
1302 4142 1457 4200 οὐδὲν
1485 4143 1594 4199 τῶν
1622 4145 1917 4216 συγκειμέ-

322 4243 464 4293 νων,
514 4228 545 4280 ὃ
592 4227 945 4298 διαφεύξεται
994 4231 1094 4298 τὴν
1144 4232 1398 4302 τοιαύτην
1446 4233 1555 4287 τῶν
1603 4235 1915 4291 ὑποθέσεων

321 4320 747 4391 ἀπαρίθμησιν,
788 4323 941 4378 οὐδὲν
975 4324 1035 4377 τὸ
1076 4326 1341 4396 παράπαν
1373 4328 1784 4400 ἀφαιρουμένης
1813 4328 1913 4400 τῆς

320 4411 429 4473 τοῦ
454 4411 615 4481 λόγου
642 4413 964 4480 ἀκολουθίας
988 4418 1053 4487 τῇ
1080 4418 1342 4489 διαιρέσει
1364 4420 1471 4473 τῶν
1493 4421 1713 4479 ἐννοιῶν
1733 4438 1747 4451 ·
1774 4420 1913 4476 ἀλλά

2019 1951 2087 2003 ad
2117 1946 2390 2003 deteriora
2425 1960 2485 2001 se
2539 1947 2888 2010 inclinarent,
2923 1946 3151 2000 honesta
3182 1958 3384 2013 susque
3428 1943 3604 2011 deque

2020 2039 2303 2102 haberent,
2336 2046 2391 2093 et
2432 2038 2499 2093 ad
2532 2038 2941 2107 cognoscendas
2992 2036 3232 2105 priorum
3282 2034 3601 2090 saeculorum

2019 2144 2111 2186 ros
2164 2132 2458 2185 evaderent
2507 2129 2951 2202 negligentiores,
3013 2126 3433 2198 investigatione
3484 2128 3599 2182 veri

2019 2222 2186 2277 semel
2243 2222 2505 2293 neglecta.
2555 2220 2631 2276 ita
2671 2229 2731 2275 ut
2787 2220 3031 2275 historiae
3078 2219 3315 2287 cognitio
3362 2219 3598 2273 tenebris

2019 2315 2269 2371 obvoluta
2307 2315 2630 2370 redderetur
2665 2316 2895 2380 incerta,
2929 2324 3041 2369 tum
3068 2324 3288 2384 propter
3333 2313 3596 2367 librorum

2019 2405 2229 2459 utilium
2261 2404 2524 2473 inopiam,
2561 2414 2673 2459 tum
2707 2405 2834 2474 quia
2868 2405 2934 2460 ad
2984 2405 3073 2459 illa
3111 2415 3192 2460 tot
3225 2413 3279 2459 et
3326 2412 3475 2458 tanta
3506 2417 3603 2456 vo-

2021 2497 2224 2551 lumina
2253 2497 2412 2565 vulgo
2446 2495 2693 2551 homines
2726 2495 3178 2565 expavescebant.
3207 2494 3417 2551 idcirco
3459 2493 3604 2550 Con-

2019 2589 2293 2644 stantinus
2332 2587 2811 2658 Porphyrogeneta
2863 2586 3162 2657 imperator
3204 2586 3445 2644 omnium
3507 2585 3600 2653 qui

2020 2694 2261 2749 unquam
2297 2679 2516 2734 fuerunt
2543 2689 2702 2734 rectae
2725 2676 2845 2735 ﬁdei
2874 2679 3252 2736 tenacissimus
3276 2689 3331 2733 et
3351 2678 3604 2733 christia-

2020 2773 2297 2838 nissimus,
2332 2772 2550 2843 ingenio
2598 2773 2855 2840 praeditus
2895 2773 2963 2827 ad
3010 2787 3192 2826 rerum
3245 2770 3597 2842 pulchrarum

2020 2866 2422 2934 perceptionem
2461 2863 2799 2929 acutissimo,
2837 2877 2903 2919 eo
2932 2864 3168 2933 denique
3205 2872 3467 2933 prmstans
3509 2862 3597 2916 ir.-

2021 2955 2340 3025 telligentia,
2397 2964 2456 3009 ut
2513 2953 2674 3010 facile
2739 2954 2955 3026 quidvis
3004 2956 3071 3009 ad
3105 2953 3358 3010 effectum
3406 2953 3604 3024 perdu-

2020 3055 2186 3113 ceret,
2221 3046 2347 3101 illud
2379 3047 2555 3116 primo
2604 3046 2725 3102 fore
2757 3048 3018 3116 optimum
3052 3055 3136 3102 est
3165 3057 3315 3102 ratus
3359 3056 3414 3103 et
3443 3045 3604 3113 vulgo

2020 3137 2276 3191 omnibus
2304 3137 2458 3200 utile,
2487 3145 2545 3189 ut
2574 3135 2747 3191 libros
2777 3136 3019 3206 undique
3046 3151 3111 3191 ex
3148 3137 3401 3192 omnibus
3452 3136 3604 3193 orbis

2025 3229 2266 3298 partibus
2348 3227 2595 3283 doctrina
2668 3227 2819 3281 varia
2905 3228 3134 3284 refertos
3212 3229 3600 3298 conquireret;

2024 3305 2219 3374 deinde
2250 3330 2454 3374 vastam
2494 3319 2644 3375 illam
2696 3317 2957 3373 librorum
2992 3319 3188 3374 molem
3222 3334 3342 3389 quae
3367 3319 3606 3375 lectores

2024 3417 2286 3485 cpecabat
2316 3410 2458 3481 (cum
2508 3409 2812 3481 praesertim
2844 3410 3069 3466 molesta
3122 3411 3397 3481 plerisque
3426 3412 3608 3466 omni-

2023 3504 2123 3560 bus
2154 3513 2211 3558 et
2241 3504 2382 3558 taedii
2418 3502 2576 3572 plena
2607 3516 2669 3557 ea
2722 3516 2814 3557 res
2839 3502 3161 3571 videretur),
3190 3501 3245 3556 in
3275 3510 3459 3571 partes
3501 3501 3606 3555 mi-

2023 3604 2182 3650 nutas
2215 3594 2421 3664 putavit
2478 3592 2932 3661 distribuendam,
2962 3601 3014 3649 et
3066 3591 3395 3648 luculentam
3450 3591 3603 3646 utili-

2022 3694 2187 3742 tatem
2241 3699 2366 3755 qum
2415 3692 2626 3754 poterat
2670 3684 2795 3739 inde
2845 3683 3051 3754 percipi
3098 3684 3271 3738 oculis
3320 3684 3600 3737 hominum

2022 3778 2417 3849 exponendam.
2451 3776 2603 3832 Adeo
2643 3784 2704 3831 ut
2757 3776 2861 3833 hoc
2905 3775 3117 3830 delectu
3170 3774 3359 3830 habito
3407 3772 3603 3841 majori

2021 3871 2318 3926 attentione
2347 3878 2400 3924 et
2426 3866 2744 3924 assiduitate
2768 3867 2986 3923 lectioni
3018 3864 3335 3922 incumbere
3372 3864 3602 3921 studiosi

2020 3971 2243 4035 queant,
2274 3970 2331 4016 et
2366 3960 2637 4017 sermonis
2672 3961 2981 4016 facundiam
3030 3957 3198 4013 altius
3246 3970 3311 4012 ac
3364 3956 3601 4026 penitius

2024 4055 2206 4110 animo
2243 4053 2576 4123 imprimere.
2627 4051 2739 4108 Hoc
2793 4050 3024 4123 amplius
3062 4051 3358 4123 imperator
3408 4062 3604 4118 magno

2022 4155 2077 4203 ct
2103 4145 2248 4201 felici
2277 4154 2479 4201 conatu
2508 4160 2644 4215 opus
2671 4143 2985 4202 universum
3031 4142 3089 4198 in
3127 4150 3388 4197 tractatus
3432 4140 3607 4195 diver-r

2021 4254 2113 4294 sos
2139 4253 2364 4293 numero
2395 4247 2506 4294 tres
2528 4247 2583 4292 et
2609 4236 3002 4307 quinquaginta
3033 4234 3246 4291 censuit
3272 4233 3605 4289 distribuen.

2021 4328 2178 4395 dum,
2210 4329 2263 4384 in
2294 4327 2493 4398 quibus
2514 4327 2777 4397 quidquid
2812 4327 3158 4391 magniﬁcum
3185 4324 3349 4380 habet
3380 4322 3603 4377 historia

2022 4423 2293 4481 inclusum
2329 4421 2658 4487 continetur,
2695 4434 2873 4490 neque
2924 4417 3391 4495 iuest_quidquam
3431 4414 3603 4470 histo-

325 4503 625 4575 σύσσωμον
650 4502 975 4575 cititatione,
1009 4509 1104 4561 καὶ
1134 4508 1342 4581 ἑκάστῃ
1374 4510 1631 4569 ὑποθέσει
1668 4528 1910 4583 προσαρι-

2022 4517 2117 4571 riae
2144 4515 2407 4568 insertum
2438 4508 2581 4581 quod
2613 4508 2969 4580 partitionem
3018 4507 3160 4562 hanc
3188 4506 3243 4561 in
3275 4506 3441 4561 hosce
3489 4513 3601 4559 tra-

328 4596 642 4676 μοζομένης
666 4598 996 4668 τηλικαύτης
1022 4600 1084 4652 οὑ
1114 4602 1390 4671 συνόψεως
1416 4643 1432 4668 ,
1461 4605 1823 4677 ἀληθέστερον
1847 4606 1905 4663 δὲ

327 4683 529 4753 clm-iv,
573 4684 1041 4755 οἱκειώσεως.Ὦν
1083 4691 1473 4759 κεφαλαιωδῶν
1515 4692 1827 4752 ὑποθέσεων
1871 4693 1904 4765 η

327 4782 678 4853 προκειμένη
710 4781 876 4852 αὕτη,
914 4782 1012 4836 καὶ
1046 4783 1464 4854 ἐπιγραφομένη
1489 4782 1669 4856 [περὶ
1702 4785 1905 4856 ἀρετῆς

329 4872 425 4925 καὶ
445 4871 645 4936 κακίας
662 4872 1007 4945 πεντηκοστὴ
1029 4870 1165 4927 οὑσα
1184 4872 1462 4944 τυγχάνει⁶
1484 4874 1583 4944 τῆς
1600 4873 1827 4947 πρώτης
1845 4874 1909 4929 τὸ

327 4964 621 5034 ἐπώνυμον
642 4964 915 5037 λαχούσης
932 4965 1071 5034 Περὶ
1097 4964 1412 5020 Βασιλέων
1432 4965 1904 5034 ἀναγορεύσεως.

340 5054 633 5123 Ἐμφαίνει
651 5055 716 5111 ,δέ
743 5057 892 5111 τουτὶ
919 5057 980 5110 τὸ
1011 5056 1318 5128 προοίμιον,
1347 5058 1501 5121 τίνας
1531 5058 1581 5111 οῖ
1612 5058 1760 5128 λόγοι
1788 5059 1906 5111 Πα-

326 5147 494 5217 τέρας
526 5146 842 5218 κέκτηνται,
871 5149 965 5203 καὶ
995 5149 1121 5205 ὅθεν
1148 5150 1606 5214 ἀποκυΐσκονται,
1633 5151 1709 5213 ὼς
1735 5150 1802 5205 ἀν
1830 5150 1907 5223 μὴ

326 5228 464 5289 ὦσιν
519 5237 577 5290 αί
645 5237 1040 5305 κεφαλαιώδεις
1110 5238 1398 5303 ὑποθέσεις
1468 5241 1906 5312 ἀκατονόμαστοι

328 5327 424 5380 καὶ
457 5328 533 5399 μὴ
563 5330 803 5401 γνήσιοι,
836 5331 973 5386 ἀλλά
1002 5332 1148 5387 νόθοι
1178 5350 1238 5387 τε
1269 5333 1363 5387 καὶ
1390 5332 1756 5405 ψευδώνυμοι.
1784 5334 1907 5387 Etsi.

328 5415 386 5472 δὲ
416 5418 481 5472 ἐκ
510 5420 619 5474 τῶν
645 5421 1104 5492 ὑποτεταγμένων
1129 5424 1418 5498 χρονικῶν,

2014 4615 2192 4664 ctatus
2215 4603 2498 4675 eﬂ’ugeret.
2529 4602 2716 4675 Neque
2744 4616 2874 4658 vero
2926 4604 2996 4657 ob
3023 4600 3345 4656 divisionem
3384 4607 3606 4655 sentem

2015 4700 2237 4765 tiarum,
2258 4698 2428 4754 series
2450 4696 2633 4766 operis
2660 4696 2825 4761 totius
2857 4694 2965 4749 ullo
2992 4693 3151 4748 modo
3177 4692 3546 4762 corrumpitur
3582 4706 3599 4745 :

2016 4804 2203 4846 verum
2230 4796 2414 4844 servat
2462 4785 2580 4843 haec
2638 4786 2915 4858 synopsis,
2960 4783 3045 4839 vel
3084 4794 3143 4841 ut
3173 4784 3354 4841 verius
3401 4785 3602 4850 dicam,

2014 4881 2130 4937 hac
2154 4895 2333 4935 rerum
2363 4888 2716 4950 cognatarum
2746 4878 3005 4933 adunatio
3023 4877 3074 4931 in
3095 4876 3326 4947 singulis
3349 4876 3596 4950 partibus

2014 4971 2407 5029 concinnandis
2437 4971 2730 5042 unicuique
2765 4970 3021 5027 tractatui
3057 4969 3472 5025 convenientem
3509 4983 3603 5022 ra-

2013 5063 2239 5118 tionem.
2279 5059 2484 5119 Horum
2517 5076 2647 5117 vero
2672 5068 3000 5118 tractatuum
3033 5073 3275 5129 praesens
3297 5059 3385 5114 hic
3417 5056 3511 5127 qui
3536 5056 3605 5109 de

2016 5153 2310 5208 virtutibus
2342 5161 2396 5207 et
2432 5152 2577 5207 vitiis
2610 5151 2952 5217 inscribitur,
2981 5151 3176 5207 ordine
3219 5159 3300 5206 est
3327 5150 3601 5219 quinqua-t

2012 5244 2272 5316 gesimus.
2333 5241 2551 5299 Primus
2604 5253 2786 5298 autem
2845 5243 3255 5312 inscriptionem
3318 5238 3481 5292 habet
3534 5236 3603 5291 do

2016 5338 2404 5411 imperatorum
2443 5338 2870 5393 renuntiatione.
2919 5336 3241 5393 Continetur
3287 5334 3449 5386 etiam
3499 5329 3602 5384 hoc

2015 5430 2284 5498 prooemio
2315 5436 2447 5497 quot
2487 5439 2669 5498 patres
2698 5429 2992 5483 habuerint
3021 5438 3076 5483 et
3113 5432 3363 5479 auctores
3387 5421 3598 5489 singula

331 5511 558 5582 scripta,
584 5522 639 5569 et
666 5528 895 5583 quorum
923 5525 1079 5585 parta
1111 5518 1220 5572 sint
1244 5517 1512 5588 ingeniis;
1556 5533 1621 5574 ne
1647 5527 1903 5591 excerpta
1946 5519 2061 5577 haec
2123 5523 2434 5577 nominibus
2473 5533 2701 5577 careant
2725 5531 2777 5577 et
2826 5521 3132 5576 habeantur
3165 5532 3260 5588 pro
3327 5530 3432 5569 non
3467 5512 3599 5583 legi-

333 5607 502 5673 timis,
544 5615 639 5664 sed
709 5626 808 5679 pro
855 5612 1052 5681 spuriis
1098 5622 1154 5667 et
1227 5614 1527 5672 subdititiis
1575 5615 1812 5673 fustibus.
1882 5615 2018 5673 Sunt
2081 5631 2260 5674 autem
2325 5619 2439 5673 haec
2488 5627 2740 5686 excerpta
2793 5633 2859 5673 ex
2914 5614 3198 5669 annalibus
3264 5609 3404 5667 infra
3473 5607 3600 5669 sub!

328 5706 489 5779 jecds
546 5724 560 5760 :

402 5801 475 5866 α’.
511 5802 779 5875 Ἰωσήπου
811 5805 1220 5877 ἀρχαιολογίας,

2098 5807 2145 5863 l.
2182 5807 2259 5861 Ex
2290 5804 2512 5877 Joscphi
2547 5802 2930 5874 antiquitatum
2959 5798 3135 5861 libris.
