4096 6450
417 341 527 405 91's
1650 303 1722 393 's.
1770 328 2086 392 NICONIS
2142 329 2446 392 ARMENI
3552 371 3562 376 -
3595 329 3708 393 976

421 459 512 506 tus
542 447 743 511 fuerat,
795 441 1024 515 proinde
1073 449 1167 515 ut__
1192 440 1473 515 Agathias,
1529 439 2017 515 cnjusnbistoriam
2051 447 2094 503 Α
2124 441 2249 515 vide
2281 439 2590 515 l-lmsclielio
2620 452 2741 494 esse
2759 439 3166 515 concinnatam,
3203 439 3371 515 Boico
3410 438 3621 515 scilicet
3646 454 3705 515 et

416 509 813 575 continuabat:
858 515 956 570 Est
996 523 1050 569 et
1101 509 1264 582 alind'
1299 509 1666 582 fragmentum
1698 511 1842 565 illius
1873 511 2016 582 apud
2128 513 2358 571 Andreae
2381 509 2592 566 Schotti
2624 528 2637 564 :
2671 509 3062 582 quorum_alter
3083 510 3258 582 altero
3293 510 3559 582 integrior
3585 511 3711 573 fuit.

420 591 646 655 Suidam
682 589 736 640 in
761 601 814 640 ν.
877 581 1257 655 Ἀπετάφρεόε
1280 594 1334 655 et
1375 578 1426 636 in
1467 598 1519 655 ν.
1549 581 1855 655 δοκιμάσᾳς
1884 578 1938 655 et
1960 581 2014 634 in

2127 583 2260 638 utin
2291 582 2608 651 praefatione
2639 578 3243 655 monuit__H(escbelius.
3309 578 3436 636 Duae
3475 583 3712 655 proinde

420 601 646 655 δμιατιῐη
682 603 736 640 In
761 601 814 640 ν.
839 656 850 668 .
881 601 1257 707 ’Δπεταφὲεοε
1286 601 1334 636 cl
1375 601 1426 636 In
1467 601 1519 636 v.
1549 601 1855 662 οοκιμασᾳς
1884 601 1938 635 et
1960 601 2014 634 Ill

419 658 717 730 ἐμϐριθὴς,
751 665 891 730 et_tn
923 670 978 730 γ.
1008 656 1121 730 em;
1154 653 1426 730 ουπήρας,
1466 654 1535 707 de
1581 660 1850 730 tympanis
1873 651 2016 730 Aba-

2127 601 2187 638 ιιι
2208 601 2260 637 tn
2291 601 2608 651 prwlauune
2639 601 2847 634 ῐηυιιυιι
2878 601 3243 636 ηωδςιιθιιυδ.
3309 601 3436 636 una:
3475 601 3710 650 ιποιηηε

2128 655 2323 730 horum
2351 660 2732 730 experptorum
2755 649 3122 730 collectiones
3151 650 3407 730 fuerunt,
3443 651 3587 730 quod
3613 666 3710 704 sn-

422 665 713 730 ἐμϐριθὴς,
751 665 808 711 et
837 665 891 710 in
923 670 978 710 ν.
1011 665 1426 724 επηδουπησας,
1466 665 1535 707 (te
1581 665 1850 723 tympanis
1873 665 2016 703 ADa-
2129 665 2323 710 norum
2351 665 2732 775 excerptorum
2769 665 3122 706 conecuones
3151 665 3392 712 luerunt,
3443 665 3587 718 quoa
3613 666 3711 704 sn-

422 746 567 794 l‘lllll,
597 737 652 782 et
690 729 756 784 de
803 726 936 781 Boni
991 725 1152 780 ducis
1193 724 1739 794 _a_ntistratcgcmate._
1779 722 1908 794 Item
1960 722 2014 773 in
2124 739 2218 794 pra
2239 725 2290 794 in
2314 721 2460 794 notis
2483 719 2987 794 o,ser\_'ay_i_.A_tque
3009 721 3134 794 bnic
3157 721 3310 794 operi
3331 720 3474 794 idem
3496 720 3716 794 videtur

419 788 754 870 Maupixtog,
791 799 858 852 de
888 795 1146 870 laudibus
1192 791 1442 870 Mauricii
1494 788 1744 870 magistri
1781 791 2012 870 militum
2124 788 2444 870 contigisse,
2478 792 2623 870 quod
2651 788 2999 870 Bibliotheca:
3033 788 3242 870 l’botii,
3268 790 3354 846 cui
3372 788 3542 870 altera
3567 790 3715 857 ejus-

418 859 685 926 Orientis.
715 859 860 923 item
890 867 943 920 in
983 878 1116 920 voce
1146 861 1470 933 σπαλζωνες,
1503 859 1629 918 etin
1647 859 2010 933 Ταμκοσᾷρώ.

2124 864 2246 918 dem
2282 859 2619 933 argumenti
2643 861 2857 933 abjecta
2886 869 3266 933 es_t_,_ut_patet
3291 875 3355 933 ex
3389 859 3580 933 iisdem
3610 875 3712 912 au-

421 937 501 992 Ne
527 940 649 1010 quis
676 949 857 1010 autem
883 934 1112 1010 miretur
1146 933 1268 1010 haec
1291 932 1593 1010 fragn'tenta
1615 929 1751 1010 adeo
1769 929 2007 1010 confusa
2120 929 2386 1010 ctoribus',
2425 933 2518 1003 qui
2568 929 2730 988 bis‘in
2774 931 2862 986 illa
2903 929 3236 986 bibliotheca
3269 930 3528 999 descripti
3557 943 3717 998 repe-

419 1024 486 1063 ac
514 1001 825 1078 perturbata
848 1007 915 1078 ad
934 1020 1032 1060 nos
1051 1001 2009 1078 pervenisse,meminisse‘debetlc—
2118 1003 2352 1059 riuntur.

419 1068 539 1135 ctor
583 1078 723 1133 banc
741 1076 1037 1133 editionem
1052 1068 1137 1130 ἐχ
1158 1072 1370 1130 duobus
1395 1088 1526 1128 mss.
1548 1072 1827 1127 codicibus
1851 1088 1878 1124 a
1907 1068 2010 1123 Da-

1711 1438 1883 1482 ANNO
1924 1433 2150 1479 DOHINI
2193 1434 2391 1478 CMLX.

1172 1624 2152 1810 SANCTUS
2286 1620 2941 1802 NICON

1663 1948 1802 2062 IN
1893 1944 2418 2058 CBETA.

2025 2202 2100 2217 φ

960 2343 1609 2440 EDITORUM
1683 2342 2504 2440 PATROLOGIIE
2577 2337 3208 2435 MONITUM.

579 2544 642 2604 S.
680 2541 937 2619 Niconi,
974 2542 1090 2624 qui
1125 2541 1343 2606 medio
1378 2539 1623 2605 saeculo
1655 2559 1700 2602 x
1730 2537 1976 2615 ﬂoruit,
2019 2537 2220 2602 tribui
2273 2535 2488 2600 solent
2517 2534 2598 2599 ab
2638 2533 2917 2599 eruditis
2954 2531 3348 2614 opusculum
3389 2530 3480 2591 De
3516 2529 3720 2612 impia

413 2643 856 2706 Armeniorum
883 2641 1216 2724 religione,
1253 2641 1430 2722 quod
1468 2638 1836 2705 Cotelerius
1879 2639 1992 2702 Gr.
2049 2639 2187 2701 Lat.
2237 2635 2444 2700 edidit
2478 2635 2546 2698 in
2590 2635 2763 2698 notis
2791 2634 2872 2696 ad
2903 2635 3122 2696 Patres
3152 2629 3573 2712 apostolicos,
3607 2631 3717 2694 ed.

418 2746 600 2820 1672,
633 2745 760 2808 col.
799 2747 936 2820 152,
969 2763 1119 2810 cum
1149 2745 1532 2825 fragmentis
1563 2744 1862 2824 ejusdem
1891 2743 2262 2824 argumenti
2294 2760 2354 2824 p.
2390 2741 2513 2804 235
2543 2761 2562 2817 ;
2629 2747 2692 2804 et
2727 2737 3060 2803 Pandecta:
3098 2755 3313 2800 rerum
3357 2755 3716 2811 sacrarum,

415 2866 694 2930 quarum
736 2849 1092 2930 fragmenta
1121 2848 1386 2912 exhibet
1421 2846 1789 2911 Cotelerius
1821 2847 1890 2909 in
1921 2849 2207 2910 Monum.
2234 2845 2410 2909 Eccl.
2445 2844 2560 2908 Gr.
2593 2851 2638 2908 t.
2672 2843 2784 2917 ΙΙΙ,
2829 2861 2892 2924 p.
2925 2843 3068 2918 1:39,
3099 2849 3162 2906 et
3192 2839 3523 2919 specimen
3559 2858 3720 2920 pro-

425 2951 612 3030 ponit
643 2952 922 3014 Bandini
954 2951 1026 3013 in
1061 2947 1270 3014 Calai.
1298 2947 1468 3013 Bibl.
1498 2949 1806 3027 Laurent,
1840 2959 1885 3012 t.
1917 2952 1969 3028 l,
2004 2969 2068 3031 p.
2107 2952 2186 3014 92
2216 2950 2326 3030 (αὶ.
2368 2949 2492 3012 Sed
2537 2949 2671 3011 haec
2713 2945 3057 3027 opuscula,
3095 2953 3168 3008 ut
3218 2947 3382 3009 bene
3415 2945 3719 3008 observat

422 3049 728 3125 Bandini,
793 3050 859 3111 in
923 3049 1142 3113 Indice
1179 3056 1544 3124 auctorum,
1601 3049 1983 3112 ascribenda
2025 3055 2180 3112 sunt
2211 3048 2443 3112 Niconi
2474 3048 2794 3111 monacho
2837 3045 3200 3119 Raitbensi,
3234 3044 3348 3124 qui
3385 3045 3556 3108 circa
3598 3061 3721 3108 an-

417 3171 580 3217 num
622 3156 782 3218 1060
840 3155 964 3218 sub
1047 3154 1475 3219 Constantino
1513 3156 1688 3219 Duca
1728 3154 1973 3218 ﬂoruit.
2034 3155 2348 3229 Quinimo
2389 3157 2446 3217 J.
2483 3156 2560 3216 A.
2587 3153 2840 3216 Fabric.
2886 3153 2954 3215 in
2989 3149 3157 3214 Bibl.
3196 3150 3416 3215 erca
3445 3158 3490 3214 t.
3525 3153 3609 3224 X,
3645 3169 3717 3230 p.

420 3253 568 3330 607,
618 3253 962 3318 Anastasio
1020 3255 1402 3319 Cmsariensi
1447 3255 1562 3336 qui
1620 3257 1698 3320 ad
1740 3256 1933 3320 ﬁnem
1973 3261 2282 3336 vergente
2331 3254 2569 3318 saeculo
2606 3271 2679 3316 ιι
2723 3252 3014 3333 scripsit,
3067 3251 3297 3316 tribuit
3342 3249 3580 3314 librum
3620 3254 3720 3313 De

422 3359 818 3436 Artziburio,
857 3366 1079 3422 contra
1109 3361 1454 3436 Armenos,
1490 3377 1686 3440 quem
1724 3359 1998 3423 minime
2040 3357 2588 3438 distinguendum
2638 3373 2782 3420 esse
2834 3357 3286 3419 existimamus
3333 3372 3364 3419 a
3412 3355 3580 3418 libro
3622 3356 3721 3418 De

415 3461 615 3538 impia
658 3461 1104 3523 Armeniorum
1133 3460 1463 3541 religione.
1541 3463 1634 3526 De
1677 3463 1740 3526 S.
1781 3462 2028 3526 Nicone
2105 3477 2186 3524 ex
2233 3459 2508 3523 Baronio
2550 3457 2871 3522 nonnulla
2921 3457 3122 3534 refert,
3157 3457 3523 3522 Flaminius
3559 3459 3722 3520 Cor-

421 3560 641 3624 nelius
681 3562 750 3625 in
787 3579 907 3627 sua
939 3563 1129 3627 Creta
1172 3582 1382 3642 saera,
1414 3571 1462 3628 t.
1493 3565 1542 3640 Ι,
1578 3583 1642 3647 ρ.
1678 3566 1821 3642 206,
1856 3567 2093 3630 Venet.
2126 3565 2304 3627 1755.
2359 3563 2572 3628 Solam
2601 3564 2814 3627 Vitam
2853 3563 2993 3644 ejus
3031 3561 3138 3626 hic
3188 3559 3593 3642 proferemus
3625 3577 3710 3622 ex

419 3667 616 3731 Surio
671 3668 750 3732 ad
804 3669 976 3733 diem
1025 3670 1107 3733 26
1155 3669 1563 3735 Novembris.

1005 4031 1472 4184 VlTA
1575 4029 2268 4186 SANCTI
2355 3987 3132 4186 N100le

1742 4296 2011 4356 ARMENI
2053 4295 2390 4362 MONACHI,

421 4459 516 4521 Ex
554 4458 733 4523 Actis
767 4459 912 4541 ejus
940 4459 1019 4523 ab
1046 4459 1277 4524 abbate
1307 4461 1690 4524 monasterii
1721 4463 1784 4524 S.
1820 4459 2089 4532 Niconis
2124 4475 2296 4522 anno
2328 4460 2487 4522 1150
2522 4460 2740 4522 Graece
2771 4457 3054 4536 scriptis,
3095 4456 3447 4536 interprete
3475 4458 3719 4520 Iacobo

501 4560 852 4625 Sirmundo
883 4563 1178 4627 Arverno
1206 4563 1660 4644 Ricomagensi
1715 4564 1778 4626 S.
1812 4565 1869 4626 Ι.
1927 4562 2324 4643 profcssore,
2379 4577 2458 4623 ex
2523 4560 2793 4624 Cmsaris
2834 4559 3098 4623 Baronii
3137 4558 3489 4622 Annalium
3543 4567 3720 4622 tomo

501 4657 758 4721 decimo
790 4658 1104 4724 collecta:
1156 4661 1496 4724 observata
1535 4661 1914 4741 interpretis
1966 4661 2281 4736 dictione,
2337 4661 2600 4726 duobus
2643 4661 3092 4725 tantummodo
3141 4660 3305 4724 locis
3366 4658 3720 4741 perpaucis

499 4758 748 4822 additis
782 4777 865 4823 ex
909 4761 1138 4827 eodem
1193 4761 1473 4841 Baronio
1509 4762 1586 4825 ad
1627 4761 2109 4827 connexionem
2141 4762 2456 4826 historiae.

514 4966 524 5001 ι

501 5075 542 5129 ι.
568 5075 732 5132 Ortus
759 5087 843 5132 est
883 5088 1106 5132 sanctus
1136 5077 1312 5132 Nicon
1339 5078 1392 5131 in
1425 5075 1600 5134 Ponto
1637 5079 2019 5137 Poletnoniaco
2115 5081 2386 5136 decimum
2417 5095 2622 5136 annum
2653 5081 3017 5136 monasticam
3044 5080 3209 5135 vitam
3240 5079 3494 5137 omnibus
3526 5091 3721 5138 nume-

423 5168 745 5237 parentibus
789 5169 1215 5234 honestissimis,
1273 5170 1468 5225 iisdem
1515 5172 1722 5237 insciis,
1755 5173 1844 5229 ubi
1882 5175 2018 5228 ado-
2121 5174 2197 5228 ris
2224 5172 2581 5244 perfectionis
2607 5174 2870 5228 excoluit.
2899 5171 3035 5229 Cum
3074 5191 3207 5230 vero
3235 5175 3494 5233 divinitus
3523 5178 3720 5232 adum-

423 5261 573 5327 levit,
623 5260 806 5333 fugam
840 5262 1130 5331 arripiens,
1163 5262 1230 5316 ad
1261 5266 1651 5318 monasterium
1691 5265 1885 5321 Aureae
1912 5263 2019 5322 Pe-
2119 5268 2264 5321 nitus
2315 5264 2433 5335 ejus
2485 5265 2676 5343 abbas,
2721 5265 2899 5337 ipsum
2949 5267 3017 5320 ad
3063 5266 3423 5337 plurimarum
3473 5271 3718 5340 gentium

427 5361 523 5408 trav
553 5354 782 5420 dictum,
823 5356 989 5410 situm
1024 5355 1075 5409 in
1111 5354 1309 5409 ﬁnibus
1337 5352 1491 5409 Ponti
1527 5365 1582 5410 et
1611 5356 2014 5427 Paphlagoniae,
2117 5361 2531 5414 conversionem
2565 5367 2813 5413 vocatum
2849 5373 2880 5413 e
2911 5363 3246 5414 monasterio
3293 5362 3446 5414 abire
3477 5362 3624 5431 cogit
3651 5363 3720 5416 ad

425 5445 687 5515 religione
733 5447 1144 5504 sanctissimum
1192 5461 1316 5503 sese
1369 5448 1601 5503 contulit
1637 5465 1652 5502 :
1695 5449 1875 5519 ibique
1916 5454 2019 5505 sub
2118 5453 2454 5522 apostolatus
2489 5453 2571 5506 sui
2607 5467 2805 5506 munus
2845 5451 3175 5522 implendum
3210 5472 3223 5506 :
3264 5463 3322 5506 ut
3372 5451 3532 5522 plane
3564 5456 3632 5508 de
3653 5469 3720 5508 eo

425 5541 542 5610 ejus
576 5543 893 5600 monasterii
925 5542 1144 5611 abbate,
1176 5543 1297 5598 viro
1327 5543 1756 5614 religiosissimo,
1793 5544 1858 5609 ad
1887 5545 2019 5598 duo-
2120 5545 2251 5600 illud
2285 5544 2516 5600 JOunnis
2547 5545 2783 5615 elogium
2818 5545 2960 5600 haud
2991 5543 3288 5616 incongrue
3307 5543 3559 5616 usurpari
3589 5557 3719 5616 po;-

505 5719 587 5792 (a)_
614 5721 725 5777 Nos
751 5721 1034 5792 specimen
1065 5722 1170 5778 hoc
1198 5721 1492 5786 edidimus,
1557 5723 1728 5776 venui
1787 5737 2024 5792 opuscu-
2131 5722 2258 5791 quia
2322 5737 2452 5776 nera
2524 5732 2792 5792 temporis
2831 5737 2860 5777 a
2923 5722 3157 5780 Bandini
3201 5721 3462 5787 indicata,
3523 5718 3719 5777 oculos

429 5787 803 5850 lum'incertaé
825 5793 1022 5861 aetatis,
1063 5793 1385 5864 Patrologige
1417 5804 1455 5848 ι.
1516 5792 1652 5862 CVI,
1687 5794 1796 5850 col.
1824 5787 2008 5861 '1359,
2122 5787 2340 5849 nostros
2377 5793 2611 5864 fugerat.
