4096 6428
346 368 457 434 θἩ

1884 367 2084 436 νιΤΑ.

3498 370 3622 440 9τ8’

345 488 419 542 sit
456 505 469 541 :
512 484 638 540 Fuit
675 489 826 540 homo
866 489 1053 544 missus
1080 508 1110 543 a
1144 491 1269 546 Deo.
1302 490 1404 547 Ubi
1447 505 1576 547 vero
1611 493 1704 546 Dei
1751 496 1928 548 omnia
1958 497 2005 553 Α
2038 491 2166 556 Deo,
2193 490 2265 547 illi
2294 488 2668 555 adhaerebant,
2699 488 2769 543 ita
2798 486 2984 543 utvim
3005 486 3161 560 legis,
3193 488 3449 559 quidquid
3480 504 3619 561 prae-

347 577 585 646 potentis
638 578 1032 646 misericordia,
1086 582 1242 636 Creta
1295 582 1467 638 insula
1498 592 1579 638 cst
1614 595 1928 652 recuperata

350 683 379 716 a
437 664 784 730 Christianis,
842 668 907 721 ad
968 668 1086 738 ejus
1136 670 1406 726 culturam
1459 672 1600 727 idem
1638 671 1812 728 Nicon
1862 675 1929 729 ab

350 756 579 812 Oriente
604 767 882 823 evocatus,
913 774 941 810 a
969 760 1076 813 Deo
1104 762 1358 816 mittitur.

425 845 487 898 ll.
548 845 682 899 Cum
742 848 905 915 igitur
968 852 1216 918 regiones
1264 866 1374 905 non
1435 868 1634 921 paucas
1680 854 1928 915 orienta-

349 938 483 993 lium
539 939 771 1007 partium
812 954 1189 1012 peragrasset,
1234 954 1289 998 et
1337 946 1552 1014 publica
1595 949 1932 1016 poenitentia

350 1028 733 1098 praedicatione
786 1030 1100 1089 innumeras
1132 1045 1321 1102 gentes
1370 1037 1438 1090 ad
1482 1038 1675 1094 salutis
1714 1051 1934 1109 portum

350 1136 450 1190 per
495 1122 924 1190 paenitentiam,
984 1125 1335 1197 meliorisque
1391 1128 1516 1184 vita:
1575 1131 1931 1186 mutationem

256 1218 259 1219 '
350 1212 719 1279 perduxisset,
761 1211 830 1267 ad
866 1213 1082 1269 Cretam
1131 1217 1362 1272 insulam
1415 1220 1775 1290 navigandum
1826 1222 1930 1277 sibi

348 1317 474 1357 esse
504 1302 784 1357 intellexit.
836 1303 967 1361 Illuc
997 1306 1141 1361 enim
1171 1308 1357 1363 divino
1385 1311 1619 1379 quodam
1665 1322 1796 1367 nutu
1839 1327 1936 1367 vo-

348 1396 597 1450 cabatur.
641 1394 850 1451 Etenim
882 1398 1039 1452 simul
1076 1409 1238 1469 atque
1280 1401 1513 1457 insulam
1544 1405 1820 1474 ingressus
1852 1415 1938 1461 est

350 1485 422 1539 ab
453 1486 821 1554 Aganenorum
857 1488 990 1559 jugo
1033 1492 1347 1561 nuperrime
1394 1493 1703 1559 liberatam,
1734 1495 1939 1551 Roma-

352 1588 531 1644 noque
571 1576 798 1645 imperio
823 1578 1127 1635 restitutam
1180 1596 1279 1653 per
1316 1582 1679 1654 Nicephorum
1705 1627 1721 1653 ,
1770 1587 1930 1642 fallis

350 1675 535 1719 autem
568 1667 902 1723 detestanda:
927 1672 1294 1741 Agareuorum
1338 1677 1744 1745 superstitionis
1773 1680 1941 1734 vesti-

352 1752 459 1821 giis
490 1754 668 1811 adhuc
694 1757 906 1826 plenam
954 1770 1010 1815 et
1043 1761 1339 1829 refertam,
1391 1765 1549 1834 cujus
1599 1767 1806 1825 scilicet
1856 1770 1939 1825 iu-

2030 591 2269 652 ceperat,
2305 582 2594 637 obtineret.

2101 672 2189 728 ιν.
2221 676 2399 742 Quare
2420 689 2541 729 cum
2567 687 2760 728 securo
2784 673 2895 743 jam
2930 672 3113 729 animo
3142 670 3210 728 ad
3246 670 3456 727 solitam
3482 686 3618 741 pra:-

2032 765 2355 821 dicationem
2400 765 2672 831 rediisset,
2731 765 2799 819 ad
2834 763 3160 834 baptismum
3191 776 3405 824 omnes,
3452 775 3621 814 verm-

2033 872 2139 926 quc
2180 856 2300 912 fidei
2351 857 2691 928 disciplinam
2761 855 3012 925 perpulit.
3056 855 3193 910 Tum
3239 868 3427 910 errore
3468 853 3619 907 omni

2032 964 2063 1005 e
2086 948 2261 1003 medio
2292 948 2523 1012 sublato,
2571 947 2814 1004 ecclesiis
2845 961 2941 1017 per
2972 955 3140 1002 totam
3187 947 3417 1001 insulam
3445 943 3614 999 :I‘dlﬁ-

2033 1040 2192 1104 catis,
2223 1039 2615 1105 sacerdotibus,
2642 1040 2889 1094 diaconis
2944 1039 3265 1107 atdituisque
3296 1035 3616 1103 designatis,

2030 1130 2256 1199 reliquis
2279 1131 2442 1183 etiam
2470 1130 2663 1185 ritibus
2679 1139 2733 1185 et
2761 1129 3101 1185 caeremoniis
3130 1136 3255 1197 apte
3287 1126 3615 1189 distributis,

2035 1223 2248 1277 vivendi
2282 1223 2491 1294 legibus
2520 1223 2833 1294 descriptis,
2861 1221 3113 1278 omnibus
3148 1221 3379 1290 denique
3413 1235 3531 1287 qua:
3568 1220 3617 1269 in

2035 1311 2219 1365 animo
2236 1319 2415 1378 erant,
2443 1325 2510 1366 ne
2534 1325 2692 1381 quem
2707 1310 3047 1367 Cretensium
3067 1309 3191 1365 boni
3220 1317 3500 1378 expertem
3528 1320 3614 1360 rc-

2039 1399 2336 1470 linqueret,
2394 1402 2588 1457 ordine
2638 1402 2977 1466 constitutis,
3027 1399 3267 1471 Gortyna
3330 1398 3617 1458 discessit.

2039 1492 2309 1562 triumque
2361 1493 2568 1548 dierum
2602 1494 2706 1549 iter
2739 1508 3088 1566 progressus,
3130 1491 3364 1562 quodam
3397 1490 3452 1545 in
3500 1491 3620 1543 loco

2038 1586 2139 1641 sub
2188 1592 2403 1655 noctem
2476 1587 2761 1652 constitit,
2816 1587 2911 1642 ubi
2985 1584 3352 1655 antiquissimi
3409 1582 3617 1650 templi.

2040 1686 2303 1747 quantum
2344 1692 2412 1733 ex
2440 1678 2729 1733 ruderibus
2760 1676 3033 1748 conjicere
3063 1684 3203 1741 erat,
3235 1672 3462 1743 vestigia
3504 1686 3621 1726 cer-

2039 1768 2326 1824 nebantur.
2362 1767 2476 1824 Hoc
2527 1769 2581 1823 in
2625 1768 2744 1824 loco
2786 1782 2909 1824 cum
2959 1776 3227 1823 nocturno
3273 1766 3478 1836 hymno
3520 1762 3627 1816 rite

354 1841 488 1895 colat
551 1843 807 1900 diuturna
854 1856 1022 1919 atque
1060 1851 1277 1907 assidua
1317 1868 1443 1909 cum
1486 1854 1776 1912 Saracenis
1807 1874 1935 1914 con-
1966 1851 2010 1905 Β
2039 1858 2348 1924 decantato,
2379 1869 2434 1914 et
2462 1859 2745 1928 crncigero
2783 1856 2976 1912 baculo
3004 1857 3152 1911 humi
3189 1853 3391 1919 deﬁxo,
3426 1866 3619 1908 somno

353 1933 659 1999 suetudine,
694 1939 760 1992 ad
792 1937 1004 1994 illorum
1041 1957 1239 2008 mores,
1274 1945 1419 2020 prob
1461 1948 1651 2002 dolor!
1703 1949 1935 2020 abrepti,

356 2024 588 2079 nefanda
621 2027 786 2082 etiam
819 2038 875 2083 et
906 2030 1132 2098 profana
1166 2018 1353 2089 eorum
1383 2037 1536 2107 orgia
1570 2037 1787 2093 fuerant
1817 2018 1936 2092 am-

355 2115 516 2181 plexi.
578 2117 645 2172 Ut
694 2119 855 2187 igitur
890 2136 956 2177 eo
988 2124 1233 2189 delatus,
1274 2127 1519 2184 solemne
1570 2129 1706 2186 illud
1752 2146 1934 2187 suum.

356 2203 725 2262 Penitentiam
797 2212 939 2283 agite
984 2215 1084 2285 (l),
1135 2216 1427 2274 inclamare
1475 2221 1675 2290 cmpit,
1723 2225 1936 2278 attoniti

355 2299 640 2367 peregrino
666 2310 719 2356 et
746 2302 989 2359 inaudito
1035 2308 1435 2376 przedicationis
1458 2327 1657 2382 genere
1678 2314 1934 2382 insulani,

353 2387 659 2458 animisque
705 2391 954 2460 incensi,
1003 2400 1354 2456 vehementer
1401 2406 1457 2458 in
1505 2418 1628 2460 eum
1671 2409 1930 2462 commoti

353 2489 484 2533 sunt
518 2499 533 2535 :
569 2483 706 2538 adeo
731 2486 975 2552 quidem,
1007 2500 1065 2543 ut
1098 2506 1304 2554 ,manus
1345 2494 1507 2548 etiam
1554 2496 1757 2553 inferre
1784 2499 1933 2569 cogi-

358 2578 575 2625 tarent:
609 2575 953 2632 manifestum
981 2579 1125 2633 enim
1158 2581 1222 2636 ad
1267 2581 1505 2638 furorem
1528 2585 1646 2640 illos
1684 2587 1938 2657 adegerat

358 2675 446 2716 res
476 2678 613 2717 nova
643 2676 698 2736 et
726 2667 1003 2735 imtsitata,
1035 2685 1438 2742 praeoccupatos
1474 2677 1754 2742 nimirmn,
1786 2679 1935 2733 dedi—

357 2762 573 2823 tosque,
631 2766 691 2811 ut
740 2757 1007 2827 diximus,
1081 2764 1474 2832 superstitiosis
1535 2767 1936 2825 Saracenorum

358 2847 715 2905 caeremoniis.

428 2936 515 2991 ΙΙΙ.
542 2937 741 2997 Videns
771 2956 900 3014 ergo
930 2946 1157 3002 immitis
1182 2956 1345 3020 atque
1377 2951 1735 3012 intractabilis
1763 2957 1939 3027 gentis

364 3027 662 3099 ingenium,
695 3037 1044 3108 sentiensque
1088 3050 1293 3097 tantam
1323 3044 1597 3111 duritiem,
1652 3047 1751 3103 nisi
1803 3064 1938 3117 pru-

364 3118 507 3175 denti
557 3124 788 3192 quadam
841 3138 958 3184 arte
1003 3133 1308 3200 perdomari
1344 3150 1452 3190 non
1496 3151 1654 3205 posse
1692 3154 1937 3194 :secuu-

364 3210 485 3267 dam
514 3214 679 3284 (quod
710 3218 885 3288 aiunt)
911 3222 1331 3291 navigationem,
1354 3228 1534 3297 priore
1579 3230 1782 3284 omissa
1803 3267 1821 3292 ,
1851 3229 1936 3283 in-

365 3303 558 3369 stituit,
591 3309 1011 3382 sapientumque
1059 3314 1385 3372 medicorum
1431 3319 1700 3391 exemplo,
1743 3335 1935 3377 eorum

362 3397 699 3454 curationem
723 3404 963 3471 apposite
986 3404 1146 3462 simul
1164 3421 1229 3462 ac
1257 3408 1486 3465 solerter
1517 3426 1805 3481 aggressus
1832 3421 1937 3469 est.

366 3485 610 3545 Habebat
631 3493 782 3548 enim
806 3493 1028 3551 Paulum
1054 3498 1106 3552 in
1134 3513 1198 3553 ea
1215 3514 1275 3555 re
1294 3500 1484 3556 ducem
1508 3517 1572 3556 ac
1594 3503 1935 3573 magistrum.

364 3578 551 3653 Itaque
597 3586 821 3679 missam
862 3589 1066 3647 faciens
1100 3593 1373 3649 insolitam
1414 3594 1560 3649 illam
1608 3597 1937 3667 pmdicandi

366 3675 652 3743 rationem,
696 3675 852 3749 quod
878 3690 947 3738 ex
981 3699 1081 3739 usu
1119 3685 1361 3741 futurum
1393 3686 1449 3741 in
1485 3700 1553 3743 eo
1570 3688 1683 3757 jam
1715 3689 1939 3746 elucens

364 3768 645 3837 perspicax
699 3769 999 3831 futurorum
1048 3777 1221 3847 gratia
1257 3780 1646 3848 praemonebat,
1692 3794 1935 3835 seorsum

363 3862 577 3933 aliquos
606 3866 902 3933 abducens,
935 3884 1070 3939 quos
1105 3870 1324 3941 reliquis
1365 3871 1811 3943 intelligentiores
1834 3914 1851 3941 ,
1881 3885 1937 3931 et

363 3953 430 4005 ad
485 3953 685 4009 bonum
742 3957 1119 4026 excipiendum
1177 3959 1479 4029 paratiores
1517 3970 1692 4026 norat,
1726 3961 1938 4017 blandis

364 4045 596 4111 primum
655 4048 838 4103 verbis
880 4048 1092 4104 illorum
1156 4050 1492 4107 ferocitatem
1540 4050 1734 4116 lenire,
1783 4053 1936 4108 duri-

364 4134 601 4205 tiemque
637 4138 803 4193 animi
841 4140 1085 4197 emollire
1129 4143 1323 4212 caepit;
1371 4143 1567 4198 deinde
1604 4145 1806 4199 sensim
1842 4159 1939 4200 cor

364 4243 703 4295 permovere,
731 4232 944 4286 occulta
980 4233 1240 4302 cuiusque
1284 4232 1429 4287 facta
1471 4234 1552 4304 (ut
1590 4250 1746 4290 meus
1781 4234 1939 4291 Jesus

361 4319 492 4373 olim
518 4320 897 4394 Samaritana)
936 4324 1167 4394 vitaeque
1198 4324 1402 4394 flagitia
1444 4325 1794 4395 redarguens.
1820 4325 1937 4392 Quo

366 4412 568 4465 factum
596 4422 700 4481 est,
728 4423 786 4468 ut
830 4415 1083 4469 eximiam
1112 4415 1230 4486 ejus
1266 4416 1520 4471 virtutem
1558 4427 1933 4486 agnoscentes,

2041 1965 2101 2005 se
2133 1952 2386 2015 dedisset,
2450 1952 2813 2007 lucernarium
2850 1952 3003 2022 quasi
3049 1951 3233 2007 lumen
3297 1957 3424 2005 ante
3457 1948 3621 2002 bacn-

2040 2041 2149 2096 lum
2185 2042 2239 2097 in
2279 2057 2406 2099 acre
2442 2043 2694 2099 libratum
2737 2043 2921 2098 videre
2958 2042 3115 2111 visus,
3151 2051 3255 2098 est.
3318 2041 3388 2096 At
3433 2054 3626 2095 summ

2040 2131 2267 2188 decusso
2311 2148 2433 2187 cum
2466 2134 2833 2199 surrexisset,
2866 2148 2973 2187 non
3012 2132 3124 2203 jam
3175 2131 3481 2193 somnium,
3526 2130 3631 2183 sed

2039 2236 2168 2276 vera
2198 2222 2335 2277 visio
2367 2223 2576 2294 objecta
2610 2232 2711 2279 est.
2744 2224 2935 2277 Divina
2957 2223 3207 2292 quaedam
3235 2222 3442 2291 lampas
3477 2219 3635 2274 haud

2040 2313 2339 2368 materialis
2372 2328 2401 2368 a
2445 2329 2607 2369 cruce
2646 2314 2956 2380 irradians,
2997 2314 3064 2368 ad
3105 2312 3399 2369 diluculum
3449 2326 3626 2380 usque

2040 2405 2237 2459 astanti
2267 2412 2323 2459 et
2356 2405 2533 2459 oranti
2557 2444 2573 2469 ,
2606 2406 2825 2473 Deoqne
2853 2405 3056 2474 gratias
3079 2420 3181 2474 pro
3211 2411 3365 2459 tanto
3398 2416 3622 2458 munem

2037 2493 2217 2562 agenti
2256 2492 2434 2549 lumen
2468 2494 2733 2549 exhibuit.

2110 2581 2174 2637 V.
2212 2582 2457 2653 Cumque
2508 2584 2727 2657 iterum,
2756 2585 2867 2641 Deo
2897 2586 2978 2655 (ut
3028 2582 3226 2655 patuit)
3267 2581 3349 2637 sic
3385 2580 3619 2639 volente.

2039 2690 2231 2731 somno
2260 2676 2595 2739 indulsisset,
2641 2686 2849 2732 ornatae
2899 2677 3144 2732 mulieris
3192 2676 3401 2744 species
3452 2688 3618 2741 appa

2039 2768 2163 2830 ruit,
2196 2783 2314 2837 qua:
2343 2768 2581 2823 dirutum
2614 2769 2871 2839 templum
2907 2766 3195 2824 instaurari
3223 2766 3467 2837 jubebat,
3498 2780 3613 2816 mn

2039 2859 2186 2913 nium
2240 2858 2469 2914 Domino
2521 2860 2600 2915 sic
2642 2859 2856 2929 placere
2904 2859 3256 2914 confirmans.
3301 2855 3397 2910 illo
3442 2866 3625 2908 autem

2039 2951 2431 3022 interrogante,
2459 2967 2709 3022 quaenam
2749 2960 2897 3007 esset
2945 2966 3065 3021 quae
3095 2950 3220 3005 talia
3249 2963 3347 3017 pro
3394 2947 3631 3015 imperio

2036 3041 2256 3111 jnberet
2281 3060 2295 3095 :
2330 3041 2557 3096 Photina
2578 3058 2722 3109 sum,
2739 3042 2937 3111 inquit,
2961 3052 3165 3112 martyr
3179 3049 3235 3095 et
3254 3038 3448 3093 famula
3466 3036 3595 3090 Cbri
3611 3069 3623 3076 -

2045 3133 2139 3190 sti.
2172 3133 2324 3200 Quod
2376 3133 2479 3187 nisi
2499 3134 2673 3203 reipsa
2696 3133 2839 3203 quod
2867 3132 2986 3188 volo
3001 3131 3324 3201 expleveris,
3343 3129 3531 3199 pedem
3557 3142 3625 3181 ex

2042 3224 2220 3281 insula
2242 3240 2349 3280 non
2372 3225 2586 3281 eﬂ'eres.
2612 3224 2978 3296 Experrectus
3000 3223 3065 3277 ad
3088 3225 3201 3277 lucc
3230 3233 3474 3287 sanctus,
3493 3233 3618 3288 pro-

2040 3326 2163 3385 pter
2212 3316 2435 3372 visionis
2464 3316 2804 3382 varietatem,
2859 3314 3113 3385 ambiguo
3161 3313 3347 3368 animo
3391 3321 3529 3377 erat,
3567 3320 3627 3363 ut

2044 3407 2207 3463 inane
2234 3408 2415 3478 potius
2458 3409 2786 3464 insomnium
2822 3407 3005 3463 fuisse
3028 3407 3294 3470 crederet,
3326 3418 3487 3474 quam
3533 3402 3622 3457 di-

2042 3501 2185 3556 vina:
2231 3499 2419 3571 gratim
2468 3500 2907 3557 illustrationem.
2967 3498 3150 3566 Quare
3197 3513 3318 3568 qua:
3370 3494 3631 3551 audierat

2043 3602 2431 3658 contemnens,
2481 3601 2716 3662 emptum
2782 3591 2887 3647 iter
2935 3592 3179 3653 tenebat,
3225 3603 3346 3643 cum
3402 3596 3633 3656 repente

2049 3683 2406 3752 interceptam
2442 3683 2546 3738 sibi
2568 3681 2848 3738 oculorum
2868 3681 3039 3736 aciem
3073 3679 3247 3735 sensit
3275 3698 3288 3733 :
3314 3686 3627 3747 eoqnetan-

2045 3773 2165 3829 dem
2216 3773 2415 3829 indicio
2442 3773 2606 3828 divini
2644 3772 2889 3828 numinis
2932 3771 3223 3841 imperium
3255 3769 3307 3824 id
3337 3768 3501 3823 fuisse
3531 3782 3625 3820 co-

2043 3865 2227 3936 gnovit
2247 3884 2260 3920 :
2281 3867 2424 3936 quod
2457 3861 2550 3921 ubi
2564 3867 2718 3935 jussa
2739 3865 2967 3936 exsequi
2985 3863 3270 3920 constituit
3291 3862 3467 3916 visum
3497 3875 3621 3914 mox

2044 3958 2259 4027 recipit.
2292 3959 2397 4014 Sed
2428 3957 2685 4029 quoniam
2725 3972 2825 4013 nec
2854 3957 2963 4029 ligo
2991 3956 3043 4011 in
3074 3962 3323 4026 promptu
3350 3962 3490 4016 erat,
3522 3966 3622 4006 nec

2043 4048 2160 4119 pala
2184 4090 2200 4116 ,
2234 4064 2334 4104 nec
2362 4050 2577 4120 adjutor
2607 4049 2750 4105 ullus
2781 4049 2836 4121 (ο
2859 4048 3019 4116 mira,
3049 4045 3306 4113 Domine,
3329 4054 3386 4102 et
3420 4058 3629 4101 arcana

2044 4156 2212 4213 opera
2232 4142 2370 4213 tua!)
2389 4150 2551 4198 nocte
2568 4142 2837 4207 insecuta,
2854 4138 3105 4195 ﬁnitimis
3127 4138 3233 4194 loci
3248 4137 3443 4193 incolis
3465 4136 3628 4206 ignea

2044 4234 2115 4290 ibi
2145 4236 2401 4290 columna
2430 4249 2525 4304 per
2549 4234 2805 4289 tenebras
2820 4233 3008 4289 lucens
3041 4230 3328 4303 apparuit:
3354 4227 3626 4299 prodigio—

2042 4341 2147 4395 que
2168 4326 2354 4391 exciti,
2371 4326 2549 4381 subito
2566 4333 2943 4389 accurrerunt,
2962 4334 3018 4380 et
3044 4339 3166 4379 cum
3189 4337 3256 4377 ex
3276 4320 3480 4376 Nicone
3500 4333 3624 4389 qua:

2046 4416 2278 4482 viderat,
2317 4417 2649 4483 didicissent,
2673 4431 2826 4472 suam
2852 4415 3084 4486 quisque
3104 4426 3324 4484 operam
3348 4412 3631 4475 conferre,

361 4502 647 4559 confestim
691 4504 801 4560 iras
828 4514 1088 4575 ponerent
1138 4506 1551 4577 animorumque
1588 4508 1819 4579 impetus
1852 4522 1939 4563 re-
1969 4550 2014 4607 Β
2038 4506 2176 4577 jussi
2214 4509 2486 4563 communi
2513 4522 2703 4563 omnes
2732 4519 3004 4562 consensu
3031 4504 3258 4575 imperio
3298 4510 3619 4573 paruerunt.

365 4606 641 4660 vocarent,
680 4606 736 4651 et
779 4612 939 4667 quem
974 4597 1119 4652 malo
1160 4613 1304 4653 nunc
1346 4596 1658 4667 atiecerant,
1688 4601 1937 4656 eumdem

366 4704 565 4757 magno
593 4703 694 4743 suo
732 4689 875 4744 bono
911 4697 1303 4744 venerarentur
1333 4705 1349 4743 :
1383 4691 1822 4761 propositamquo
1869 4693 1937 4749 ab

362 4798 428 4836 om
456 4791 660 4838 rectam
695 4782 852 4836 fidem
899 4782 1304 4849 amplectentes,
1352 4783 1460 4837 odii
1496 4784 1716 4838 modum
1749 4784 1818 4839 ad
1846 4785 1938 4839 beo

362 4873 683 4928 nevolentia:
709 4873 1089 4945 profectusque
1119 4876 1200 4930 sui
1229 4875 1501 4931 cumulum
1533 4884 1933 4931 converterent.

364 4966 708 5021 Consuetudo
733 4966 878 5021 enim
909 4964 994 5038 [ut
1015 4969 1089 5021 ait
1112 4967 1220 5039 ille]
1242 4968 1308 5022 ad
1336 4969 1547 5038 majora
1569 4977 1623 5023 et
1645 4966 1938 5037 perfectio-

363 5075 423 5115 ra
454 5060 593 5114 viam
640 5060 828 5114 munit.
853 5059 1039 5128 itaque
1079 5061 1318 5131 sapiens,
1358 5060 1404 5116 si
1429 5061 1611 5116 minus
1646 5062 1936 5117 verborum

360 5154 538 5223 copia,
573 5169 636 5208 ac
664 5153 908 5208 veritatis
931 5153 1184 5208 facultate
1216 5152 1451 5222 piscator
1482 5163 1616 5219 erat,
1653 5153 1930 5210 hominum

360 5248 572 5300 animas
598 5246 779 5299 venari
804 5246 1003 5311 sciens,
1029 5260 1232 5316 easque
1263 5245 1330 5299 ad
1361 5247 1816 5303 immortalitatem
1850 5248 1933 5302 di-

359 5338 502 5391 vinis
527 5336 782 5405 eloquiis,
819 5345 873 5389 et
906 5351 1008 5390 non
1057 5336 1306 5390 humanae
1332 5335 1642 5402 sapientiae,
1686 5338 1781 5392 sed
1811 5336 1935 5407 Spi-

362 5427 500 5481 ritus
525 5423 697 5480 sancti
726 5424 967 5478 doctrina
1007 5425 1311 5478 traducere.
1359 5423 1433 5477 Ex
1467 5423 1559 5478 illo
1601 5425 1765 5494 igitur
1801 5436 1940 5481 tem-

362 5532 495 5587 pore
537 5515 823 5571 Cretenses
867 5513 1127 5570 Niconetn
1175 5522 1432 5584 tanquam
1481 5530 1511 5569 a
1552 5516 1661 5571 Deo
1710 5517 1935 5571 missum

361 5596 666 5675 apostolum
708 5608 1035 5667 habuerunt,
1087 5617 1360 5676 tutamque
1390 5606 1618 5661 insulam
1643 5607 1760 5677 eius
1794 5607 1937 5662 fama

362 5701 724 5772 complerunt.
758 5699 1113 5756 Confluebant
1160 5701 1222 5755 ad
1254 5716 1375 5754 eum
1421 5700 1681 5767 universi,
1714 5710 1764 5757 et
1799 5702 1940 5756 sicut

2039 4601 2228 4671 Itaque
2268 4601 2453 4657 sedula
2486 4602 2605 4672 ejus
2642 4600 3033 4664 sollicitudine,
3080 4597 3381 4669 vigilantia,
3422 4595 3622 4649 alacri-

2037 4700 2167 4755 tate,
2203 4706 2339 4759 opus
2371 4700 2646 4754 exactum,
2690 4688 3061 4760 templumque
3114 4687 3372 4759 martyris
3418 4685 3623 4741 biennii

2034 4784 2212 4851 spatio
2262 4784 2561 4853 perfectum
2600 4791 2703 4838 est.
2732 4780 2791 4836 ln
2831 4796 2937 4851 qua
2970 4789 3159 4851 postea
3203 4793 3355 4834 aram
3406 4781 3627 4847 erigen-

2035 4874 2156 4929 dam
2190 4888 2256 4928 ac
2300 4874 2405 4928 rite
2436 4872 2863 4928 consecrandam
2918 4869 3167 4936 curavit,
3196 4868 3624 4935 sacerdotesque

2036 4966 2089 5022 in
2112 4983 2175 5022 ea
2204 4966 2437 5033 institui,
2484 4965 2754 5035 simulque
2798 4964 2979 5020 omnia
3022 4962 3185 5033 juxta
3218 4958 3625 5039 ecclesiasticos

2042 5057 2181 5112 ritus
2222 5057 2402 5125 peragi
2426 5055 2773 5125 praescripsit.
2815 5051 3189 5120 Omnibusque
3221 5057 3345 5116 post
3386 5047 3501 5099 haec
3527 5057 3624 5095 va-

2036 5145 2148 5202 lere
2167 5146 2333 5215 jussis
2358 5183 2374 5208 ,
2404 5142 2672 5213 navigium
2711 5141 3046 5203 conscendit,
3082 5152 3147 5194 ac
3182 5136 3422 5192 secundo
3451 5148 3619 5187 cursu

2030 5250 2320 5311 provectus
2365 5239 2729 5309 Epidaurum,
2776 5236 2923 5307 quod
2981 5231 3256 5289 Damalam
3302 5226 3491 5282 incolae
3527 5240 3621 5279 co~

2035 5328 2375 5399 gnominant,
2435 5327 2523 5381 dic
2556 5327 2748 5395 quinto
2792 5324 3063 5395 pervenit.
3113 5321 3246 5376 Dein
3304 5316 3625 5370 universam

2030 5428 2295 5486 Graeciam
2347 5424 2719 5493 pmnitentiam
2763 5419 3105 5492 prmdieando
3135 5411 3460 5485 peragravit,
3494 5412 3617 5479 plu-

2035 5535 2201 5591 raque
2230 5518 2490 5573 miracula
2541 5524 2800 5586 operatus
2844 5524 3005 5585 atque
3067 5512 3263 5567 uberes
3311 5506 3518 5564 fructus
3546 5516 3621 5561 es

2036 5628 2132 5668 sua
2166 5598 2546 5680 praedicatione
2579 5607 2812 5679 collegit.

2123 5699 2205 5755 γι.
2272 5699 2501 5757 Basilius
2559 5686 2915 5771 cognomento
2981 5693 3323 5773 Apocaucus,
3369 5683 3626 5759 praetoris-

437 5816 515 5889 (l)
572 5812 716 5869 .ludc
760 5812 1093 5868 Μετανοεῖτε
1157 5813 1489 5884 appellatum
1557 5815 1725 5872 tradit
1788 5814 2077 5871 Baronius.
