4096 6418
424 335 532 402 979

1823 336 2132 399 NICONIS
2173 343 2469 404 ARMENI

3604 348 3711 430 930

423 463 656 504 timuere
687 456 902 515 auctus,
921 449 1170 505 Corinthi
1189 453 1536 512 versabatur,
1557 450 1926 519 istlnnumqtte
1949 451 2007 504 il-
2035 457 2083 514 Α
2111 453 2425 507 detnnarent
2462 461 2622 522 alque
2655 455 2834 508 omnia
2891 470 3011 524 quae
3041 455 3560 524 jusserat,fa’cturos
3588 478 3714 532 pro-

425 541 531 593 lum
561 541 812 608 przesidio
829 550 1018 594 contra
1041 541 1356 612 Bulgaricos
1380 545 1625 596 incursus
1643 544 1890 595 tuebatur
1906 542 2006 613 (2).

425 632 675 687 Graviter
727 641 905 688 autem
938 631 1085 686 illum
1114 633 1345 704 angebat
1375 649 1481 686 non
1531 634 1700 688 solum
1755 635 2010 689 molestus

428 736 494 776 ac
523 721 753 776 diiIicilis
781 721 1004 776 morbus
1031 737 1138 791 quo
1171 722 1472 788 tenebatur,
1498 724 1594 778 sed
1640 723 1806 777 multo
1839 724 2010 794 magis

425 813 614 883 vigens
650 823 822 868 melus
851 824 903 868 et
935 829 1104 881 pavor
1136 811 1433 884 Bulgaricae
1479 815 1824 881 incursionis,
1864 818 2010 870 fama

423 903 713 970 gliscente,
758 915 972 973 gentem
1032 904 1177 958 illam
1221 915 1329 958 tota
1376 903 1541 976 Epiro
1582 918 1922 977 grassatam.
1959 909 2011 961 iu

423 985 701 1047 Helladam
731 1003 892 1062 atque
925 994 978 1047 in
1008 992 1440 1064 Peloponnesum
1463 997 1647 1065 copias
1670 1007 2010 1054 convertere.

425 1083 659 1140 Proinde
705 1087 884 1140 missis
939 1084 1190 1156 Spartam
1224 1089 1428 1144 nuntiis
1473 1089 1794 1159 Apocaucus
1854 1089 2012 1146 Nico—

425 1191 545 1230 nent
597 1189 872 1232 avocarat.
922 1180 1208 1236 Enimvero
1249 1182 1651 1251 compleverant
1693 1180 1809 1252 ejus
1856 1198 2016 1238 aures

422 1285 544 1339 qua:
577 1271 644 1324 de
673 1270 764 1324 illo
805 1272 1002 1340 passim
1051 1273 1434 1338 narrabantur,
1481 1273 1750 1342 prrecipue
1795 1289 1915 1342 qua:
1951 1274 2016 1328 de

421 1377 636 1422 summa
665 1363 808 1416 illius
840 1364 892 1416 in
924 1361 1088 1418 Deum
1118 1364 1312 1418 lidueia
1343 1377 1397 1419 et
1430 1366 1680 1419 libertate
1707 1377 2011 1434 acceperat.

423 1454 502 1510 Ex
538 1469 648 1523 quo
672 1463 852 1509 autem
901 1456 1115 1512 virtutis
1140 1457 1258 1527 ejus
1296 1457 1566 1512 illecebris
1597 1457 1718 1526 capi
1750 1469 2014 1527 coeperat,

423 1547 642 1600 beatum
717 1545 839 1618 ejus
892 1547 1096 1603 vultum
1155 1563 1404 1615 eernere,
1445 1564 1744 1618 vocemque
1792 1551 2014 1615 audire,

424 1638 565 1693 votis
590 1639 845 1694 omnibus
879 1640 1167 1710 gestiebat.
1218 1641 1448 1708 Semper
1485 1641 1629 1695 enim
1660 1643 1802 1712 apud
1829 1656 2019 1697 omnes

425 1739 618 1802 gentes
669 1723 726 1783 in
777 1731 952 1798 pretio
997 1741 1053 1785 et
1106 1733 1457 1786 veneratione
1511 1731 1612 1786 l'oit
1664 1747 1786 1786 vera
1839 1733 2015 1800 philo-

425 1821 636 1887 sophia.
699 1818 925 1876 Divinus
984 1821 1198 1890 quidem
1254 1821 1334 1876 vir
1393 1823 1660 1878 charitate
1723 1833 2012 1891 praestans,

425 1911 698 1980 Apocauci
761 1911 1075 1981 petitionem
1140 1927 1406 1981 propenso
1482 1914 1662 1968 animo
1718 1915 2012 1983 accipiens,

427 1999 702 2069 antiquius
749 1999 884 2054 nihil
925 2001 1111 2054 habuit
1156 2017 1316 2067 quam
1373 2010 1434 2056 ut
1473 2001 1792 2058 Corinthum
1845 2004 2015 2059 celer-

429 2092 569 2148 rime
599 2093 975 2150 contenderet.
1008 2093 1124 2159 Quo
1155 2093 1450 2163 appellans,
1475 2110 1580 2147 non
1614 2094 1786 2150 solum
1825 2096 2018 2150 morbo

429 2199 634 2256 aegrum
661 2199 756 2240 sua
799 2185 1087 2254 praesentia
1133 2185 1401 2254 liberavit,
1434 2187 1526 2241 sed
1568 2195 1715 2241 metu
1757 2187 1923 2241 etiam
1966 2195 2020 2242 et

434 2283 647 2328 terrore
676 2272 1056 2345 Bulgarorum,
1086 2274 1204 2328 illos
1238 2275 1343 2327 alio
1373 2289 1591 2328 cursum
1620 2289 1776 2327 suum
1805 2272 2022 2327 ﬂexisse

431 2365 762 2435 signiﬁcans.
817 2365 893 2419 Ita
946 2366 1092 2419 omni
1150 2381 1212 2419 ex
1271 2374 1424 2433 parte
1472 2365 1610 2417 facta
1661 2372 1744 2420 est
1781 2363 2018 2433 jucunda

432 2453 636 2511 Basilio
681 2455 902 2510 Niconis
929 2459 1127 2510 oratio.
1158 2455 1292 2508 Cum
1332 2472 1462 2525 ergo
1489 2456 1602 2508 dies
1645 2465 1850 2522 septem
1912 2455 2021 2508 illic

433 2547 734 2610 posuisset,
812 2547 1188 2614 malorumque
1232 2544 1659 2613 impendentium
1723 2543 1865 2598 illius
1925 2557 2023 2609 per

403 2623 562 2692 ’eum
597 2639 840 2695 discussa
875 2647 930 2693 et
958 2637 1172 2693 sublata
1206 2636 1438 2692 formido
1467 2647 1610 2692 esset
1632 2675 1646 2701 ,
1682 2636 1900 2691 domum
1938 2652 2023 2691 re-

435 2731 622 2784 vertit.

505 2820 620 2876 Vll.
677 2823 833 2877 Auno
890 2821 1301 2890 nongentesimo
1364 2821 1698 2888 octogesimo
1755 2822 2022 2885 secundo,

437 2926 636 2981 praeter
667 2913 802 2967 bella
835 2913 1017 2968 civilia
1049 2923 1102 2966 et
1128 2924 1350 2967 externa
1397 2913 1611 2980 aliaque
1661 2913 1802 2967 mala
1829 2913 2026 2982 quibus

438 3004 634 3060 Oriens
661 3003 1041 3068 afﬂictabatur,
1091 3012 1242 3074 peste
1280 3005 1442 3058 etiam
1475 3003 1768 3067 laboravit,
1801 3019 1923 3058 cum
1957 3004 2024 3057 ad

439 3111 560 3150 eam
589 3097 880 3150 curandam
932 3095 1351 3162 Lacedaemonii,
1385 3097 1628 3151 destituti
1655 3096 1892 3150 humano
1935 3111 2028 3150 au-

443 3189 592 3256 xilio,
623 3191 688 3244 ad
717 3204 872 3260 opem
905 3190 1140 3244 divinam
1178 3189 1569 3260 implorandam
1612 3198 1922 3257 assurgunt,
1959 3189 2037 3242 le-

442 3283 827 3351 gationemque
884 3283 1184 3338 decernunt
1249 3283 1316 3337 ad
1372 3280 1634 3336 Niconem
1677 3282 1852 3335 virum
1905 3296 2034 3334 san-

445 3373 752 3429 ctissimum
778 3373 879 3444 (5),
903 3375 969 3427 de
1000 3389 1102 3443 qua
1134 3373 1185 3428 in
1214 3373 1376 3428 rebus
1402 3373 1470 3427 ab
1503 3373 1619 3442 ipso
1657 3371 1920 3441 przeclare
1947 3383 2038 3439 ge-

442 3465 542 3521 stis
574 3465 676 3519 ista
706 3473 1017 3519 narrantur.
1079 3463 1484 3518 Transactistin
1523 3478 1585 3516 ea
1635 3461 1892 3533 Spelunca
1921 3463 2035 3514 die-

445 3556 544 3611 bus
577 3566 720 3618 octo,
753 3571 780 3608 a
813 3555 1003 3608 mou-bo
1047 3563 1362 3617 recreatus,
1410 3551 1663 3622 Spartam
1709 3555 1897 3607 venire
1943 3553 2038 3605 ab-

445 3659 636 3711 nuens,
668 3645 921 3716 Amyclas
965 3646 1264 3700 contendit.
1310 3644 1467 3712 Quod
1513 3655 1573 3699 ut
1613 3660 1832 3700 sensere
1870 3643 2038 3698 Lace-

445 3737 718 3800 daemonii,
749 3735 943 3791 feSIiuc
996 3737 1062 3789 ad
1096 3737 1244 3789 illum
1287 3736 1532 3804 prituarii
1577 3736 1744 3797 cives,
1789 3747 1841 3788 et
1889 3735 1976 3787 alii
2007 3750 2038 3788 c

447 3827 602 3898 plebe
631 3826 879 3881 certatim
916 3826 1272 3881 convolarunt
1301 3825 1462 3882 enixe
1507 3835 1747 3887 orantes,
1784 3833 1839 3876 ut
1870 3823 2035 3890 Spar-

449 3933 558 3976 tant
591 3935 766 3992 usque
798 3920 982 3974 venire
1029 3918 1201 3972 velit:
1239 3919 1514 3972 invaserat
1564 3918 1708 3970 enim
1759 3917 2036 3971 civitatem

449 4009 708 4082 pestifera
761 4009 917 4074 lues,
982 4019 1038 4064 et
1090 4007 1349 4076 plurimos
1405 4007 1612 4060 incolas
1668 4007 2036 4060 absumebat:

451 4113 740 4172 propterea
775 4102 957 4164 venire
991 4099 1141 4154 illum
1183 4098 1474 4168 cupiebant
1498 4136 1513 4163 ,
1565 4098 1709 4166 quod
1736 4113 1796 4151 se
1838 4097 2040 4153 divinis

451 4195 570 4264 ejus
595 4192 848 4263 precibus
899 4190 1208 4246 liberandos
1237 4190 1609 4257 confiderent;
1668 4191 1758 4244 ille
1806 4205 1955 4253 vero,
1988 4200 2041 4244 et

453 4294 651 4341 caetera
691 4284 1004 4338 misericors
1028 4322 1044 4348 ,
1089 4293 1142 4337 et
1172 4282 1228 4335 in
1263 4296 1328 4336 eo
1359 4281 1596 4336 maxime
1618 4322 1634 4348 ,
1669 4283 1757 4351 qui
1793 4281 1912 4352 ejus
1943 4297 2040 4346 po-

455 4379 630 4450 pulus,
656 4386 710 4434 et
735 4391 856 4434 sors
884 4375 1053 4431 futuri
1081 4384 1284 4439 essent,
1321 4385 1580 4448 tanquam
1623 4372 1806 4427 futura
1834 4387 2042 4443 praesa-

2117 541 2415 607 mitterent,
2476 542 2607 596 nihil
2687 544 2918 612 amplius
2992 555 3284 600 cunctatus
3338 563 3462 603 cum
3522 551 3715 618 legatis

2117 632 2222 687 illis
2251 632 2529 703 profectus
2553 643 2660 699 est,
2702 650 2810 690 non
2844 637 3131 692 cantherio
3155 676 3171 702 ,
3227 647 3322 691 aut
3377 639 3567 694 lectica
3617 660 3716 694 ve-

2115 732 2254 788 ctus,
2293 739 2392 778 nec
2431 725 2600 779 multo
2622 725 2881 779 comitatu
2935 728 3189 796 stipatus,
3243 731 3337 783 sed
3392 731 3508 785 solo
3541 734 3718 786 virtu-

2118 826 2228 870 tum
2261 817 2432 871 choro
2479 817 2895 886 circumseptus.
2933 821 3015 873 Ad
3053 821 3171 890 ejus
3210 836 3371 890 porro
3418 824 3714 878 adventum

2117 911 2232 965 lues
2259 910 2512 976 cessavit,
2541 919 2596 964 et
2642 908 2812 966 διιόωί
2859 912 2992 966 urbe
3039 913 3178 981 pulsi
3231 924 3382 968 sunt.
3415 913 3528 970 Nec
3582 932 3714 969 vero

2117 999 2500 1055 Lacedaemone
2534 999 2765 1069 amplius
2797 1004 3188 1069 excedendum,
3233 1003 3328 1057 sed
3362 1005 3414 1058 in
3464 1020 3526 1058 ea
3584 1023 3715 1073 per-

2119 1100 2282 1160 petuo
2330 1091 2656 1144 manendum
2689 1093 2992 1155 constituit,
3065 1093 3137 1146 ita
3178 1100 3234 1146 ut
3267 1109 3371 1147 nou
3428 1095 3584 1151 facile
3618 1111 3718 1166 pe-

2117 1185 2240 1238 dem
2277 1183 2384 1237 alio
2412 1183 2653 1246 eﬂ‘erret,
2692 1183 2792 1237 nisi
2829 1199 2950 1237 cum
2985 1185 3290 1238 necessaria
3325 1201 3414 1240 res
3443 1189 3715 1256 quaepiam

2117 1271 2298 1339 aliquo
2335 1282 2572 1332 vocaret,
2615 1283 2666 1325 et
2699 1281 2827 1325 tunc
2861 1287 3078 1339 quoque
3110 1272 3338 1339 gradum
3376 1275 3536 1327 citius
3571 1273 3716 1328 refe-

2123 1365 2298 1417 rebat.
2338 1361 2561 1415 Videres
2607 1363 2775 1429 igitur
2823 1373 3174 1416 accm-ientes
3223 1365 3470 1430 quotidie
3493 1380 3558 1417 ex
3591 1365 3717 1418 uni-

2121 1469 2274 1508 versa
2304 1453 2681 1523 Peloponneso
2702 1469 2968 1523 aegrorum
2989 1456 3168 1508 tnnuis
3191 1458 3406 1522 generis
3427 1467 3673 1512 catervas
3696 1499 3710 1520 .

2120 1547 2316 1616 quibus
2347 1546 2438 1600 ille
2477 1562 2581 1601 non
2611 1547 2790 1600 minus
2813 1546 3196 1625 animmguam
3243 1549 3492 1616 corporis
3528 1565 3716 1602 curam

2127 1639 2472 1708 impendebat
2506 1657 2518 1690 :
2551 1638 2772 1692 mellitis
2817 1639 2961 1694 enim
3002 1638 3472 1695 adhortationibus
3515 1642 3578 1693 ad
3607 1643 3719 1710 pie-

2124 1731 2249 1786 tatis
2271 1731 2445 1786 zelum
2471 1745 2565 1785 eas
2594 1731 2950 1793 accendebat,
2985 1730 3050 1785 ad
3079 1730 3313 1785 salutem
3339 1731 3535 1800 cuique
3559 1747 3716 1785 suam

2119 1822 2450 1890 pteuitentite
2482 1836 2583 1890 ope
2630 1821 2973 1890 disponebat.
3004 1821 3304 1876 Fortunata
3352 1835 3482 1875 vero
3530 1820 3711 1874 Laee-

2116 1910 2498 1978 daemon,qua:
2531 1910 2691 1962 talem
2734 1909 3002 1964 medicum
3055 1910 3338 1978 civemque
3392 1909 3579 1963 sortita
3628 1926 3716 1966 es.

2118 2002 2271 2072 cujus
2294 2000 2491 2055 divinis
2521 2002 2800 2069 praeceptis
2823 2015 2888 2054 ac
2920 2000 3224 2068 disciplinis
3244 2001 3311 2055 ad
3341 2016 3559 2055 omnem
3585 2002 3694 2053 vir-

2121 2093 2252 2148 tutis
2281 2091 2510 2147 l'ormam
2541 2091 2708 2145 multo
2745 2093 2945 2150 certius
2994 2093 3305 2160 rectiusque
3335 2107 3496 2160 quam
3536 2093 3719 2146 inani-

2119 2187 2220 2242 bus
2267 2185 2394 2240 olim
2429 2184 2658 2254 Lycurgi
2705 2184 2909 2253 legibus
2955 2183 3316 2255 ellingebarel
3352 2185 3582 2254 Subjicit
3616 2186 3708 2239 his

2121 2278 2188 2332 de
2232 2288 2506 2332 structura
2544 2275 2750 2345 templi,
2785 2285 2897 2330 tum
2957 2275 3072 2344 ejus
3123 2277 3340 2331 hortatu
3368 2277 3658 2330 elaborare
3702 2293 3717 2329 :

2123 2370 2208 2423 cui
2261 2369 2582 2423 adversatus
2627 2377 2712 2422 est
2775 2366 3013 2423 Joannes
3076 2369 3298 2438 quidam
3353 2377 3721 2437 cognomento

2121 2459 2340 2524 Aratus,
2371 2458 2681 2514 Iudaeorum
2703 2468 2987 2527 patronus.
3013 2459 3147 2526 Qua:
3174 2462 3250 2516 sit
3277 2476 3500 2531 passus,
3527 2461 3596 2516 ab
3625 2473 3722 2514 eo-

2123 2552 2244 2606 dem
2280 2560 2500 2606 auctorc
2525 2551 2606 2606 sic
2639 2551 2846 2618 accipe.

2196 2643 2332 2701 Vlli.
2368 2644 2465 2699 llic
2495 2642 2716 2713 (inquit)
2747 2641 3110 2697 solisinvidia:
3127 2643 3361 2699 stimulis
3388 2645 3719 2706 concitatus,

2124 2751 2216 2793 aut
2247 2736 2509 2798 dmmouis
2531 2735 2718 2804 potius
2767 2733 2973 2788 scelere
3006 2733 3308 2801 impulsus,
3361 2738 3438 2789 ira
3489 2746 3543 2789 et
3589 2735 3722 2789 odio

2126 2809 2384 2885 adversus
2431 2825 2688 2880 Nieouem
2738 2823 3086 2884 insaniebat,
3118 2823 3286 2878 divini
3333 2808 3513 2894 operis
3552 2840 3722 2894 argu-

2127 2931 2367 2978 mentqu
2418 2921 2484 2971 ad
2535 2918 2788 2983 probrum
2843 2923 2898 2968 et
2948 2913 3199 2979 iujuriam
3255 2931 3409 2970 suam
3451 2919 3719 2984 rapiens:

2127 3016 2419 3086 proclivior
2448 3017 2714 3083 siquidem
2747 3027 2831 3072 est
2877 3021 3106 3085 malitia,
3155 3028 3212 3072 ut
3241 3020 3307 3072 ad
3344 3017 3530 3087 pejora
3577 3013 3726 3066 l'era-

2058 3131 2105 3194 ρ
2138 3117 2223 3160 tur
2271 3121 2432 3175 quam
2489 3115 2548 3160 ut
2597 3107 2911 3163 melioribus
2962 3110 3243 3163 inhaereat.
3293 3106 3410 3162 Non
3469 3104 3726 3159 cessabat

2138 3199 2384 3268 egregius
2421 3197 2506 3252 ille
2536 3207 2725 3254 sancto
2774 3200 2829 3254 in
2862 3215 2925 3256 os
2953 3201 3206 3268 obloqui,
3245 3209 3530 3269 coeptoque
3572 3196 3725 3264 operi

2139 3305 2208 3344 ne
2271 3287 2629 3357 colophouem
2699 3290 2944 3352 adderet,
2996 3289 3144 3346 oumi
3205 3305 3310 3360 ope
3367 3289 3713 3358 prohibebat.

2137 3381 2370 3438 Prorsus
2399 3379 2546 3435 enim
2583 3395 2705 3433 eum
2747 3383 2973 3451 reliquis
3002 3383 3307 3438 Laconibus
3339 3382 3408 3435 ibi
3445 3395 3548 3433 non
3581 3394 3718 3432 ron-

2140 3472 2391 3528 veniebat
2424 3489 2438 3526 :
2473 3469 2618 3524 unde
2642 3480 2698 3525 et
2730 3470 3040 3526 Iudaeorum
3075 3474 3258 3541 fugam
3294 3470 3490 3538 injuria
3533 3483 3587 3524 et
3621 3472 3727 3524 im-

2139 3566 2334 3619 merito
2388 3562 2586 3619 factam
2657 3563 2963 3619 allirmabat
2999 3583 3012 3618 ε
3048 3580 3278 3634 eamque
3332 3579 3455 3618 cum
3513 3563 3729 3626 cixibus

2141 3657 2270 3710 vitio
2317 3666 2552 3720 vertere,
2602 3666 2769 3728 atque
2799 3657 2919 3711 illos
2965 3657 3070 3711 hoc
3102 3655 3318 3710 nomine
3363 3655 3621 3722 sugillare
3671 3665 3732 3710 ct

2143 3745 2427 3800 traducere
2449 3761 2556 3800 non
2591 3751 2900 3802 verebatur.

2212 3840 2303 3894 IX.
2334 3841 2577 3910 Cumque
2607 3842 2805 3910 opiﬁcii
2837 3841 3117 3910 cujusdam
3145 3841 3392 3905 obtentu,
3424 3853 3531 3907 quo
3558 3835 3722 3904 poliri

2139 3943 2193 3988 et
2220 3933 2476 3987 illustrari
2496 3933 2698 3988 textilia
2721 3933 2918 3994 solent,
2944 3930 3256 3986 Judaeorum
3279 3945 3442 3984 unum
3462 3929 3516 3982 in
3539 3927 3724 3980 urbem

2144 4023 2533 4078 introduxisset
2565 4040 2576 4076 :
2613 4022 2926 4078 intercessit
2960 4022 3108 4076 illico
3146 4021 3342 4084 Nicon,
3392 4019 3724 4084 bellatorque

2139 4117 2291 4186 juxta
2336 4117 2656 4184 praphetam
2689 4115 2922 4179 factus‘,
2964 4127 3224 4169 consueta
3259 4113 3483 4166 lenitate
3528 4109 3676 4180 paqu
3699 4141 3719 4148 -

2145 4209 2255 4261 lum
2297 4206 2633 4268 intermissa,
2687 4205 2957 4260 leoniunm
2997 4206 3241 4258 animum
3291 4204 3487 4264 induit,
3514 4213 3565 4256 et
3591 4201 3732 4252 iuste

2145 4300 2236 4368 qui
2281 4306 2501 4366 propter
2543 4296 2779 4366 iacebat,
2833 4306 3072 4364 arrepto,
3101 4294 3347 4348 Judamm
3383 4293 3524 4346 male
3569 4303 3730 4344 acce-

2150 4403 2298 4459 ptum
2369 4389 2513 4443 foras
2581 4388 2854 4451 extrusit,
2923 4386 3424 4454 formidabiliorque
3465 4384 3734 4442 hostibus.

453 4475 630 4544 giens,
661 4486 834 4542 eoque
859 4470 912 4524 in
968 4470 1090 4524 illos
1124 4469 1461 4539 propensior,
1493 4478 1547 4520 ct
1581 4466 1903 4538 legationem
1946 4467 2028 4521 be-

2146 4497 2306 4550 quam
2329 4479 2585 4535 Hercules
2600 4479 2688 4533 ille
2701 4494 2797 4533 sua
2813 4477 2964 4532 clava
2985 4477 3136 4532 visus
3153 4489 3255 4531 est.
3269 4475 3574 4530 Judaeorum
3588 4476 3736 4528 enim

457 4567 619 4636 nigne
656 4565 872 4633 excepit
939 4564 1236 4633 annuitque
1310 4563 1592 4630 petitioni,
1641 4571 1696 4616 et
1740 4560 2045 4630 ingruentis

459 4657 586 4712 mali
616 4655 1015 4727 propulsionem
1064 4657 1377 4726 spopondit,
1421 4655 1463 4708 si
1511 4655 1669 4708 modo
1712 4654 1814 4722 ipsi
1854 4651 2044 4707 Judai~

459 4769 578 4810 cam
605 4761 818 4823 gentem
851 4751 1086 4808 enurbe
1113 4767 1222 4818 sua
1244 4750 1506 4820 pellerent
1531 4789 1547 4814 ,
1589 4765 1656 4803 ne
1696 4749 2048 4804 exsccrandis

461 4857 652 4896 eorum
701 4842 786 4910 (ut
828 4841 1030 4911 aiebat)
1094 4840 1336 4896 moribus
1387 4840 1726 4908 piaculisque
1773 4839 2050 4908 religionis

461 4950 574 4992 suae
600 4935 805 4990 diutius
829 4950 948 4994 eam
991 4934 1451 4988 contan'iinareut.
1488 4932 1544 4984 lu
1577 4931 1662 4985 his
1687 4968 1702 4996 ,
1750 4932 1856 4994 ait,
1891 4931 1935 4985 si
1966 4946 2051 4985 tne

463 5025 777 5093 audieritis,
812 5037 867 5082 et
907 5028 1081 5098 pestis
1111 5043 1139 5080 a
1187 5025 1340 5078 vobis
1387 5027 1620 5089 recedet,
1667 5035 1724 5078 et
1773 5041 1872 5094 ego
1906 5025 2050 5092 quod

467 5130 718 5188 superest
749 5120 895 5183 vitae,
927 5120 1119 5172 ducatu
1156 5117 1454 5170 vobiscum.
1487 5115 1697 5182 Quibus
1728 5115 1910 5170 verbis
1940 5131 2050 5168 mo-

468 5213 579 5267 ttita
614 5211 718 5266 alia
751 5211 1032 5280 adjicieus,
1060 5224 1254 5263 Sat't'as
1283 5209 1444 5260 etiam
1468 5206 1718 5262 Jet‘entia:
1742 5223 1898 5262 voces
1923 5207 2054 5261 sub-

469 5304 595 5360 inde
643 5303 967 5373 aspergebat
1008 5319 1020 5354 :
1065 5301 1174 5355 Viae
1221 5312 1325 5354 tua:
1379 5301 1622 5356 fecerunt
1674 5301 1788 5355 luec
1831 5301 1948 5365 tibi,
1997 5309 2050 5355 et

471 5397 788 5466 iniquitates
823 5405 928 5452 tuae
959 5397 1355 5465 prazvaluerunt
1387 5403 1443 5448 et
1473 5393 1610 5449 duro
1639 5393 1763 5448 ludo
1796 5409 2049 5462 percussa

472 5503 554 5548 es.
578 5489 824 5560 Cumque
847 5488 921 5543 illi
948 5488 1064 5556 ejus
1089 5487 1334 5542 oratione
1361 5487 1613 5541 commoti
1661 5486 1869 5556 scipsos
1919 5502 2051 5542 cou-

551 5611 567 5641 ¹
602 5609 682 5667 lsa
737 5627 820 5672 ιιι,
861 5612 916 5664 ‘2.
995 5612 1014 5640 '
1074 5608 1214 5662 Psal.
1261 5624 1526 5672 cxxxvttt,
1589 5607 1772 5662 “ll-23.

551 5768 626 5832 (2)
668 5768 803 5821 Vide.
827 5768 1112 5824 Barouium
1139 5773 1204 5823 ad
1243 5790 1327 5825 an.
1359 5732 1480 5826 95,].

2146 4582 2362 4641 gentem
2395 4586 2566 4638 usque
2596 4570 2734 4625 adeo
2761 4570 3142 4634 aversabatur,
3172 4578 3229 4619 ut
3273 4581 3369 4620 nec
3395 4565 3598 4634 lingua,
3639 4576 3741 4614 nec

2146 4665 2369 4718 auribus
2397 4677 2661 4731 usurpare
2707 4661 2921 4716 illorum
2959 4675 3158 4715 nomen
3202 4659 3383 4719 vellet,
3446 4665 3506 4710 ut
3530 4654 3651 4722 jure
3686 4654 3738 4706 in

2151 4757 2302 4810 illum
2331 4755 2550 4810 Davidis
2569 4754 2730 4809 verba
2750 4753 3138 4808 convenirent:
3163 4751 3267 4815 Qui
3283 4751 3503 4803 oderunt
3524 4758 3597 4812 te,
3626 4745 3740 4799 Do-

2152 4847 2314 4908 mine,
2345 4845 2582 4910 oderam,
2617 4854 2666 4899 et
2702 4861 2859 4912 super
2897 4845 3138 4897 inimicos
3194 4853 3312 4894 tuos
3356 4837 3686 4893 tabescebam
3718 4853 3740 4890 :

2148 4938 2375 5006 perfecto
2404 4938 2522 4992 odio
2555 4938 2768 4990 oderant
2802 4936 2945 5001 illos,
2980 4946 3026 4988 et
3053 4934 3256 4988 inimici
3279 4933 3411 5000 [acti
3439 4943 3560 4984 sunt
3586 4931 3738 4992 mihi,

2148 5040 2422 5097 propterea
2461 5030 2674 5084 nomina
2717 5044 2901 5083 eorum
2945 5027 3101 5080 labiis
3133 5029 3152 5057 ⁸
3189 5029 3315 5079 meis
3370 5042 3476 5080 non
3506 5039 3740 5078 comme-

2125 5113 2385 5176 /ntorubo.

2221 5211 2290 5268 Χ.
2324 5212 2448 5269 llter.
2489 5227 2616 5266 vero
2645 5229 2766 5266 cutn
2818 5212 3059 5266 audisset
3095 5227 3125 5262 a
3178 5209 3360 5262 furore
3401 5222 3594 5261 nomen
3629 5216 3742 5256 tra-

2151 5305 2285 5358 heus
2300 5304 2518 5369 Aratus,
2539 5304 2910 5357 rabietumens
2930 5303 3239 5371 (utsetnper
3273 5300 3446 5353 litium
3481 5305 3746 5350 amauset

2153 5395 2439 5462 impudens
2462 5405 2624 5463 atque
2658 5397 2721 5447 ad
2751 5395 3007 5448 innnania
3033 5407 3272 5462 praeceps
3289 5400 3374 5446 est
3397 5389 3744 5457 improbitas)

2162 5489 2216 5542 in
2264 5497 2511 5542 sanctum
2547 5488 2808 5542 anhelans
2848 5487 3059 5540 irruere
3097 5485 3280 5552 ι’ωρὶι,
3315 5481 3574 5538 conviciis
3607 5498 3742 5534 one.

2234 5772 2308 5838 (ὅ)
2349 5770 2477 5823 Vide
2504 5767 2794 5822 Baronium
2819 5781 2911 5818 an.
2945 5763 3069 5818 982.
