2048 3212
181 182 235 218 981

944 182 1043 213 HTd.

1763 176 1819 213 98?

182 247 255 272 rare,
270 239 461 275 proscindere,
482 247 636 275 quanquam
660 241 750 269 inanis
766 241 824 269 huic
839 240 876 268 ini
903 245 973 269 suo.
987 240 1010 268 Α
1026 238 1058 264 ad
1075 238 1266 273 imperatorem
1280 236 1483 264 reconciliatum
1502 235 1644 263 festinasse
1658 246 1664 263 τ
1684 237 1741 268 eius
1754 243 1819 262 vero
1839 242 1842 246 ·

181 287 256 320 pitus
283 289 373 317 erant,
400 290 427 313 et
455 293 505 320 pro
526 287 606 314 larva:
633 287 768 315 terriculis
793 287 972 315 habebantur.

183 331 237 365 Qui
252 332 304 360 leni
323 332 355 359 ad
370 339 432 359 eum
450 339 515 360 voce
530 342 537 358 :
553 340 604 360 nec
623 333 695 361 enim
714 334 880 361 contendere
896 341 975 368 pror-

185 387 243 411 sus,
259 387 309 405 nec
323 379 448 405 altercari
462 384 539 406 norat
556 389 562 406 :
579 380 638 410 Abi,
655 380 752 414 inquit,
769 383 797 407 et
810 380 842 407 ad
859 384 885 406 te
903 380 972 412 redi,

187 425 291 452 infelix.
309 425 379 452 Defle
394 425 495 452 scelera
513 430 556 452 tua
577 433 582 451 :
603 426 675 452 brevi
691 427 764 453 enim
783 426 897 458 senties,
913 426 975 461 quis

185 470 350 505 arrogantia:
363 470 476 502 fructus,
494 476 520 497 et
533 471 622 504 qualia
640 472 768 505 nequitim
780 471 834 499 sint
852 472 972 506 praemia.

187 516 234 543 llis
245 516 323 543 dictis
335 521 361 542 ct
377 520 503 549 tanquam
521 517 546 542 in
561 517 656 544 mortui
675 518 756 552 (quod
776 517 865 553 alunt)
894 525 975 546 aures

185 562 289 593 clfusis,
303 562 335 588 ad
349 562 542 588 monasterium
555 570 695 596 regressus
706 568 746 590 est
757 571 762 590 :
774 564 891 591 hominis
903 565 975 592 enim

186 607 306 633 aninimn
325 607 405 633 verba
430 615 484 633 non
497 614 680 642 penetrarent.
699 609 788 642 Quare
808 617 862 637 non
874 610 977 638 destitit

187 659 280 678 amens
301 651 336 678 ab
356 652 473 685 incepto,
487 654 550 687 quin
567 654 696 682 adversus
713 660 837 682 sanctum
853 657 886 684 de
901 664 977 684 more

187 694 315 722 fremeret
345 697 525 729 proscindens
548 697 642 730 illum,
668 700 807 734 ligcnsque
830 705 884 727 tota
911 703 977 729 urbe

187 734 276 774 dig'nis
284 740 373 768 furore
379 747 405 767 et
413 743 517 769 insania
526 751 571 769 sua
578 745 685 777 probris
691 751 718 771 et
726 746 905 773 centumeliis:
913 748 976 780 quin

187 787 269 812 etiam
283 787 370 814 minas
382 788 542 820 intentabat,
562 790 685 817 nesciens
698 792 823 825 stupidus
833 797 860 819 et
869 800 975 827 vecors,

188 832 324 863 quodnon
346 833 475 866 glorietur
491 835 593 861 malitia
619 837 748 864 adversus
768 838 905 872 virtutem,
928 847 977 868 nec

189 878 313 909 proficiat
336 879 462 907 inimicus
475 886 569 907 contra
585 882 684 910 electos
710 883 765 914 Dei,
792 889 821 911 ut
844 886 974 920 scriptum

187 929 230 950 est
252 933 258 951 :
279 924 310 951 Et
327 926 400 959 ﬁlius
422 928 569 961 iniquilalis
593 938 643 956 non
667 937 776 963 apponet
799 939 890 959 nocere
911 934 934 959 et"
954 934 975 961 ³.

187 970 258 1001 Quid
279 975 335 997 tum
358 977 446 998 autem
465 980 639 1001 consecutum
665 977 725 1003 est?
742 977 857 1005 Tantum
880 978 976 1012 abfuit,

189 1020 218 1040 ut
233 1014 291 1047 ejus
312 1017 391 1043 minis
424 1026 455 1045 ac
476 1019 626 1048 maledictis
649 1029 820 1056 avocaretur,
845 1025 914 1051 utin
937 1026 979 1052 his

189 1061 288 1093 potius,
303 1062 406 1089 Domini
427 1066 560 1099 exemplo,
583 1071 710 1101 tanquam
732 1068 858 1097 laudibus
883 1070 977 1099 trium«

189 1107 293 1140 pharet.
313 1108 441 1137 Dominus
460 1116 550 1138 autem
574 1114 606 1139 de
632 1114 702 1140 caelo
719 1116 840 1143 auditum
858 1117 922 1144 fecit
935 1117 979 1152 ju-

189 1153 300 1185 dicium,
319 1159 345 1181 et
363 1155 465 1183 malitia
484 1157 649 1191 justissinias
672 1168 766 1194 poenas
781 1162 864 1190 dedit.
893 1163 978 1191 Verba

189 1200 216 1224 in
230 1206 285 1225 rem
303 1200 402 1227 misero
421 1203 544 1230 abierunt
563 1213 570 1230 :
594 1213 654 1231 nam
673 1207 767 1241 dignos
782 1209 907 1236 amentiis
926 1217 980 1236 suae

191 1244 294 1273 fructus
307 1247 378 1274 tristi
393 1253 421 1274 et
437 1250 582 1277 miserabili
607 1253 668 1278 vitm
686 1254 758 1280 exitu
776 1256 907 1290 percepit.
928 1256 981 1284 Nec

190 1292 266 1317 larda
283 1291 333 1319 fuit
349 1294 477 1326 vindicta,
496 1296 584 1330 qualis
604 1305 791 1332 saepenumero
822 1300 909 1328 divina
935 1303 982 1329 bo-

190 1336 275 1363 nitate
290 1339 495 1366 conversionem
515 1343 689 1374 prmstolante
712 1345 870 1379 contingere
883 1347 951 1374 solet
973 1358 978 1375 :

188 1383 237 1410 scd
253 1391 268 1411 e
284 1385 411 1420 vestigio,
444 1388 599 1422 derepente.
618 1397 667 1417 nec
690 1392 856 1425 opinantem,
874 1398 903 1420 ut
921 1402 981 1420 mox

189 1429 290 1463 dicant,
311 1433 456 1466 oppressit.

226 1475 273 1502 Kl.
290 1476 374 1504 Nocte
387 1479 508 1512 proxima
527 1480 624 1513 objecti
647 1487 706 1508 sunt
722 1482 822 1509 infelici
836 1484 888 1510 duo
904 1492 983 1514 senes

191 1522 218 1549 in
236 1524 349 1556 somnis,
372 1532 440 1559 quos
460 1525 504 1552 alii
532 1527 585 1553 duo
610 1528 803 1562 sequebantur,
819 1528 906 1557 forma
923 1533 981 1566 qui-

1026 285 1214 318 eognominem
1240 284 1353 311 alterum
1373 283 1459 318 ipsius
1483 283 1603 310 audacis
1628 290 1660 309 ac
1680 283 1819 310 rebellioni

1026 331 1203 359 sui-cessisse.
1223 331 1348 358 Attamen
1377 337 1426 357 nec
1447 329 1484 357 llli
1502 328 1670 364 profuturam
1697 328 1821 363 tyranni-

1027 378 1100 409 dem,
1117 384 1166 404 nec
1184 376 1394 411 imperatoribus
1417 374 1586 410 superiorem
1605 373 1672 400 fore.
1691 373 1739 400 llis
1755 380 1821 403 ergo

1025 423 1244 459 praedictionibus
1270 426 1467 450 consentaneus
1493 420 1544 447 fuit
1564 424 1677 447 eventus
1703 423 1730 445 et
1758 426 1820 445 eum

1025 471 1069 506 qui
1094 469 1270 504 praedixerat,
1298 466 1483 494 admirabilem
1505 465 1668 493 declaravit.
1691 465 1726 491 At
1753 471 1822 498 pra!-

1027 517 1093 545 toris
1110 517 1217 551 quidem
1242 515 1364 550 Gregorii
1387 513 1529 548 sanctique
1553 519 1598 539 res
1623 512 1674 539 hoc
1691 511 1772 538 modo
1791 517 1822 537 se

1028 564 1137 590 habent.

1063 609 1131 636 Xlll.
1149 609 1349 643 Peragebantur
1362 605 1507 642 aliquando
1523 604 1685 639 vespertina:
1700 603 1793 630 Iaudes
1809 611 1817 629 :

1027 656 1113 690 prima
1130 660 1219 682 autem
1239 653 1414 681 hebdomadis
1426 652 1485 680 dles
1498 655 1566 684 erat,
1582 658 1642 678 cum
1659 650 1822 685 Sphaerista-

1027 709 1086 728 rum
1099 706 1191 735 aperto
1207 699 1357 736 gymnasio,
1375 699 1502 734 iuvenum
1519 697 1649 731 frequens
1668 703 1762 723 manus
1782 696 1823 722 in-

1027 748 1067 775 fra
1082 755 1185 775 sacram
1199 747 1282 773 autem
1296 746 1428 778 constitlt,
1450 750 1531 779 atque
1547 744 1620 771 inter
1635 743 1703 769 alios
1723 747 1823 776 praetor

1027 793 1173 828 Gregorius
1194 799 1256 827 pars
1279 793 1334 826 ipse
1360 790 1530 823 certaminis,
1545 797 1605 816 cum
1622 788 1756 822 indigenis
1782 787 1823 814 ln-

1028 840 1094 867 dens
1123 838 1206 866 :ludi
1232 838 1305 865 enim
1334 844 1428 864 amans
1459 839 1528 868 erat,
1557 835 1721 869 Iudici-isque
1741 842 1821 868 supra

1029 887 1136 914 modum
1156 886 1322 920 capiebatur.
1340 883 1374 911 Et
1388 882 1514 917 quoniam
1535 881 1680 908 inconditae
1701 880 1824 908 claman-

1030 933 1096 959 tinm
1112 940 1204 964 voces,
1219 936 1272 957 tant
1286 929 1448 960 ludentium,
1463 935 1544 962 quam
1555 926 1735 961 spectantium
1746 933 1825 952 exau-

1029 977 1183 1007 diebantur,
1195 976 1317 1009 adeoque
1332 974 1548 1009 perstrepebant,
1566 978 1594 999 ut
1609 980 1624 1000 θ
1639 972 1725 1000 sacris
1745 972 1798 1006 hyn
1809 984 1825 991 -

1031 1024 1073 1051 nis
1086 1027 1278 1053 avocarent,et
1287 1026 1404 1048 mentem
1420 1020 1446 1046 in
1458 1019 1511 1046 illis
1529 1019 1611 1052 figere
1621 1025 1674 1045 non
1690 1017 1822 1049 sinerent,

1030 1070 1089 1097 zelo
1101 1069 1147 1096 Dei
1161 1069 1279 1103 percitus
1294 1067 1376 1094 Nicon
1392 1066 1518 1094 celeriter
1535 1068 1709 1100 approperat,
1727 1063 1825 1090 bellni-

1031 1123 1147 1151 namque
1160 1116 1299 1142 hominum
1313 1113 1465 1140 barbariem
1487 1112 1571 1139 libera
1586 1119 1662 1143 voce,
1675 1118 1727 1145 qua
1737 1110 1825 1144 justus

1032 1162 1118 1192 decet,
1138 1161 1261 1187 libertate
1274 1158 1400 1192 castigat.
1416 1158 1449 1184 At
1470 1161 1574 1191 pra-tor
1591 1157 1631 1182 vir
1650 1155 1735 1182 amari
1759 1155 1825 1182 alias

1031 1206 1144 1242 ingenii,
1161 1211 1187 1233 et
1201 1210 1255 1232 tum
1273 1204 1391 1231 maxime
1411 1204 1474 1230 ludo
1491 1203 1623 1234 intentius,
1642 1207 1671 1228 ut
1688 1201 1733 1236 qui
1750 1208 1763 1226 a
1779 1208 1809 1235 pi

1032 1241 1107 1282 ribus
1124 1260 1153 1280 se
1163 1250 1236 1279 vinci
1251 1250 1362 1282 doleret,
1395 1241 1534 1284 impoteiiti
1548 1248 1679 1275 adversus
1701 1251 1827 1274 sanctum

1033 1304 1110 1328 actus
1132 1298 1216 1331 rabie,
1240 1296 1413 1332 proscindere
1436 1294 1587 1321 maledictis
1607 1300 1759 1327 manusque
1791 1292 1825 1318 ad

1032 1346 1180 1373 vindictam
1193 1351 1275 1371 ausus
1289 1342 1422 1373 attollere,
1438 1341 1503 1368 urbe
1519 1340 1635 1375 denique
1650 1338 1748 1374 expelli
1763 1338 1822 1373 jus-

1034 1395 1081 1422 sit.
1097 1392 1210 1426 Jamque
1229 1390 1377 1417 ducebatur
1406 1388 1483 1415 hiiari
1506 1391 1656 1421 pacataque
1676 1385 1761 1417 vultu,
1776 1384 1827 1411 Do-

1034 1438 1098 1466 mini
1113 1437 1154 1464 sui
1172 1435 1306 1470 exemplo,
1328 1433 1467 1468 leviusque
1494 1432 1621 1467 injuriam
1637 1438 1717 1465 quant
1735 1430 1827 1457 ceteri

1036 1484 1168 1510 maximos
1177 1482 1296 1509 honores
1310 1478 1424 1506 ferebat.

1070 1528 1141 1556 XIV.
1156 1527 1290 1555 Cmternm
1303 1532 1352 1553 nec
1362 1532 1434 1557 sera,
1450 1531 1497 1551 nec
1511 1522 1623 1558 pedibus
1636 1522 1675 1556 (ut
1692 1525 1770 1556 poeta
1785 1520 1833 1547 di-

189 1569 250 1595 dem
268 1570 397 1602 eunuchi,
414 1571 460 1598 sed
471 1571 549 1606 longe
557 1580 638 1607 quam
648 1574 765 1601 humana
778 1577 977 1609 praestantiore.
993 1582 1015 1612 ο
1032 1576 1082 1610 xit)
1097 1575 1171 1602 tarda
1203 1572 1252 1600 fuit
1272 1572 1348 1604 ultio,
1370 1570 1435 1606 quin
1462 1569 1596 1601 velocius,
1615 1567 1770 1602 iunctisque
1785 1574 1829 1592 ve-

190 1615 232 1642 Ab
245 1616 287 1643 his
306 1624 369 1644 vero
386 1618 476 1653 ﬂagris
489 1619 554 1646 caedi
573 1620 622 1647 sibi
637 1621 788 1654 videbatur,
802 1626 828 1649 et
839 1622 878 1650 sic
890 1624 979 1651 verbis

193 1662 325 1696 increpari
346 1671 353 1689 :
371 1664 511 1697 Quomodo
528 1670 555 1692 tu
579 1673 612 1693 co
625 1674 654 1694 es
686 1671 830 1702 provectus
850 1669 979 1702 audaciae,

190 1712 222 1733 nt
251 1715 359 1736 servum
386 1709 432 1736 Dei
450 1715 624 1740 contemnere
652 1717 679 1739 et
700 1713 830 1741 conviciis
855 1719 981 1749 appetere

191 1761 244 1780 non
261 1754 418 1782 dubitares?
440 1757 537 1785 deinde
565 1759 590 1784 in
621 1758 767 1786 obscurum
790 1764 851 1794 post
868 1762 981 1789 verbera

189 1806 328 1827 carcerein
349 1801 466 1828 detrudi.
491 1802 524 1829 Et
543 1810 602 1829 cum
619 1803 726 1830 veniam
751 1804 842 1832 multis
867 1810 982 1840 orasset,

190 1845 235 1871 vix
259 1846 366 1874 tandem
386 1848 506 1875 ctedendi
537 1848 616 1876 linem
644 1849 751 1883 fecisse,
778 1858 827 1879 nec
853 1856 943 1880 tamen
969 1861 984 1880 e

189 1892 312 1919 custodia
330 1893 475 1921 dimisisse.
487 1894 666 1929 Experrectus
678 1897 884 1933 igitur,gravem
893 1898 983 1926 statim

191 1938 217 1964 iu
234 1938 335 1965 febrem
355 1939 449 1966 incidit
466 1949 472 1966 :
490 1941 634 1975 accitoque
648 1942 760 1974 Nicone,
779 1942 812 1970 ad
828 1943 886 1976 elus
902 1945 986 1979 pedes

190 1983 344 2017 advolutus,
370 1986 584 2013 misericordiam
604 1988 767 2021 implorarit.
794 1988 842 2016 Cui
867 1990 983 2017 beatus:

189 2030 255 2061 Quae
271 2030 297 2056 in
315 2037 356 2057 me
369 2033 540 2065 perpetrasti,
560 2031 607 2064 ait,
626 2040 656 2058 ea
673 2033 720 2060 tibi
739 2033 836 2068 frater,
856 2040 985 2069 quantum

188 2083 217 2110 in
236 2084 278 2103 me
292 2081 344 2109 est,
360 2077 594 2105 condonabnntnr.
621 2078 673 2105 Sed
692 2081 819 2114 quoniam
849 2082 909 2108 vine
926 2081 988 2110 linis

189 2124 237 2150 tibi
248 2123 352 2150 cu-lesli
368 2123 477 2150 decreto
490 2124 657 2158 praestitutus
673 2130 725 2157 est,
740 2133 814 2152 nemo
825 2126 875 2153 erit
888 2127 920 2153 de
936 2135 988 2154 ca:-

189 2176 259 2201 lero,
278 2169 505 2203 quemadmodum
529 2170 566 2196 ait
582 2170 716 2205 Propheta
729 2172 750 2203 ⁶,
768 2172 813 2206 qui
829 2172 875 2199 Dei
899 2173 988 2200 cousi-

186 2215 254 2240 lium
270 2214 402 2248 dissipare
421 2215 511 2248 possit.
529 2214 559 2241 Et
577 2215 620 2242 his
643 2217 722 2243 dictis
737 2218 769 2243 ad
788 2219 984 2246 monasterium

1033 1621 1121 1656 stigiis
1137 1618 1364 1647 contumeliosum
1386 1621 1477 1644 secuta
1488 1621 1539 1644 est.
1558 1614 1624 1643 Nam
1640 1621 1700 1640 cum
1712 1614 1829 1648 primum

1032 1669 1065 1696 ad
1083 1666 1270 1701 excipiendam
1302 1664 1436 1699 sphaeram
1476 1669 1584 1688 manum
1607 1659 1724 1691 sustulit,
1750 1666 1830 1693 para-

1032 1714 1081 1751 lysi
1103 1717 1212 1747 repente
1234 1712 1286 1739 icta
1302 1714 1353 1738 est.
1376 1709 1448 1736 Idem
1467 1715 1549 1743 porro
1564 1706 1692 1734 membris
1703 1705 1830 1732 omnibus

1033 1750 1123 1787 statim
1138 1758 1240 1785 solutus
1248 1760 1273 1783 et
1286 1760 1441 1785 enervatus,
1454 1753 1486 1780 ad
1499 1752 1660 1780 catholicam
1685 1750 1830 1778 ecclesiam

1034 1805 1148 1832 aliorum
1168 1802 1292 1830 manibus
1305 1801 1408 1828 delatus
1422 1804 1474 1827 est.
1495 1799 1547 1826 Ubi
1571 1796 1734 1825 acutissimis
1754 1795 1831 1823 dolo-

1035 1852 1110 1879 ribus
1118 1849 1301 1881 excruciatus,
1315 1850 1429 1875 mortem
1444 1854 1498 1880 pne
1513 1845 1565 1873 illis
1580 1845 1606 1871 in
1622 1843 1698 1871 lucro
1714 1849 1830 1877 ponens.

1036 1897 1221 1926 lamentabiles
1235 1899 1345 1930 questus
1358 1894 1466 1921 edebat.
1485 1893 1608 1927 Cumque
1625 1898 1720 1926 magna
1743 1889 1829 1916 incili-

1037 1952 1131 1972 eorum
1146 1942 1290 1970 sedulitate
1301 1946 1453 1972 curaretur.
1470 1944 1497 1967 et
1515 1938 1633 1967 remedia
1651 1938 1741 1965 omnia
1760 1936 1830 1963 infra

1038 1990 1138 2017 malum
1163 1994 1266 2022 essent,
1285 1988 1321 2015 ita
1340 1992 1369 2014 ut
1387 1986 1475 2014 inanis
1492 1991 1518 2013 et
1535 1993 1601 2012 vana
1623 1984 1710 2012 omnis
1726 1983 1758 2010 ab
1773 1982 1832 2010 illo—

1039 2044 1098 2063 rum
1120 2041 1178 2063 arte
1201 2042 1263 2070 spes
1288 2038 1383 2062 esset:
1404 2040 1515 2060 causam
1533 2031 1654 2067 exquirit
1678 2030 1831 2066 episcopus.

1040 2091 1087 2110 cur
1104 2090 1164 2110 eum
1186 2081 1342 2116 repentinus
1363 2080 1474 2107 morbus
1497 2078 1639 2107 invasisset
1664 2082 1741 2105 :erat
1758 2076 1831 2104 enim

1040 2133 1067 2156 et
1082 2129 1139 2163 ipse
1163 2127 1272 2154 medicae
1293 2125 1359 2153 artis
1377 2124 1569 2160 peritissimus.
1588 2124 1623 2150 At
1642 2123 1699 2154 ille,
1723 2129 1782 2156 quae
1800 2121 1832 2147 in

1040 2175 1169 2202 Niconem
1191 2172 1350 2205 admiserat,
1378 2172 1419 2198 vel
1443 2171 1543 2197 invitus
1566 2170 1692 2202 exposuit
1722 2178 1728 2195 :
1758 2168 1832 2194 hunc

1041 2220 1105 2248 mali
1119 2220 1160 2246 sui
1180 2219 1282 2247 fontem
1297 2221 1324 2245 et
1338 2221 1420 2252 caput
1433 2224 1494 2244 esse
1508 2223 1559 2242 non
1574 2214 1758 2242 dissimulans.
1769 2213 1830 2247 Quo

190 2268 317 2288 reversus
334 2266 385 2287 est.
404 2261 442 2287 llli
457 2269 521 2288 vero
538 2262 616 2289 tertia
635 2268 694 2297 post
709 2263 767 2291 dies
780 2263 882 2291 infelici
896 2270 983 2293 morte
1000 2254 1022 2282 θ
1035 2265 1142 2301 cognito
1165 2264 1308 2299 episcopus
1330 2262 1485 2298 objurgavit
1509 2260 1553 2288 illc
1583 2260 1691 2295 quidem
1711 2259 1836 2287 hominis-

188 2306 272 2331 "illim
301 2306 410 2339 eripuit.
437 2305 477 2332 Et
498 2314 550 2340 quo
577 2312 665 2334 metus
682 2307 776 2342 ingens
794 2316 824 2335 ac
840 2309 983 2343 trepidatio

190 2350 410 2379 Lacedmmonios
438 2353 536 2379 invasit
554 2362 560 2379 ε
576 2360 624 2380 nec
646 2360 768 2387 repertus
780 2358 822 2381 est
837 2355 982 2389 quisquam

187 2405 204 2424 ε
220 2398 340 2425 minimis
355 2404 381 2425 et
393 2399 529 2432 maximis,
551 2400 595 2434 qui
615 2400 647 2427 ad
665 2400 795 2427 Niconem
808 2408 861 2428 non
875 2401 984 2429 advola-

190 2448 231 2470 ret
251 2444 364 2479 ejusque
389 2445 472 2479 jussis
502 2451 619 2479 pareret.
649 2446 740 2473 Fidem
772 2447 843 2474 enim
883 2447 986 2475 fecerat

187 2491 317 2518 omnibus
328 2492 491 2525 exemplum,
505 2492 557 2527 [qui
576 2493 679 2520 Christi
701 2500 793 2521 servos
806 2493 922 2520 ludibrio
934 2494 983 2521 ha-

189 2537 254 2563 bent
271 2547 277 2565 :
291 2539 420 2572 quoniam
435 2538 528 2573 Utique
550 2544 585 2566 est
598 2540 700 2573 fructus
713 2539 798 2573 justo.
814 2544 839 2566 et
857 2540 925 2566 Deus
935 2540 981 2573 ju-

186 2582 280 2609 dicans
292 2591 334 2610 eos
347 2584 373 2610 in
384 2589 453 2611 terra
467 2585 488 2612 ⁵.

223 2627 282 2656 Xll.
296 2629 426 2664 Gregorio
443 2631 552 2665 przctori
572 2636 598 2658 cl
614 2632 646 2657 de
663 2631 748 2658 Scleri
774 2631 869 2658 Bardte
891 2632 981 2664 rebus,

185 2682 214 2703 et
237 2681 298 2711 post
321 2675 378 2710 ejus
398 2684 413 2703 e
441 2676 577 2712 Babylone
602 2677 731 2709 reditum,
748 2676 841 2705 audire
863 2677 983 2712 cupienti

187 2724 250 2753 (nec
261 2723 334 2750 enim
347 2723 437 2750 abdita
449 2724 570 2751 intuendi
583 2724 677 2759 gratia}
689 2729 825 2751 exsortem
835 2723 909 2751 illum
925 2731 985 2751 esse

187 2774 290 2805 praeter
301 2771 495 2807 arbitrabatur)
509 2772 630 2799 narravit
643 2771 863 2803 Nicon,Sclerum
876 2771 984 2806 quidem

224 2842 236 2857 ⁸
259 2840 464 2873 Psaluxxvtn,
481 2841 526 2869 25.
565 2842 574 2857 ⁸
590 2842 661 2869 I‘sal.
686 2850 772 2874 xxxu,
792 2842 833 2870 l0.

225 2919 268 2955 (ι)
284 2919 386 2948 Daren.
405 2928 449 2947 an.
466 2920 529 2947 987.

1004 2483 1012 2503 )

1032 2312 1213 2339 temeritatem
1233 2317 1287 2338 non
1312 2309 1420 2338 leviter.
1446 2308 1515 2335 Tum
1537 2312 1693 2342 opportuno
1714 2307 1829 2335 consilio

1032 2363 1129 2385 auctor
1143 2357 1205 2389 fuit,
1224 2361 1253 2383 ut.
1268 2356 1369 2384 fastum
1385 2360 1509 2391 poneret,
1529 2359 1556 2382 et
1571 2363 1586 2382 a
1601 2353 1705 2381 Nicone
1718 2354 1832 2389 supplex

1030 2403 1113 2431 illam
1143 2403 1250 2436 injuriae
1267 2402 1376 2430 veniam
1404 2406 1520 2437 peteret.
1549 2401 1632 2428 Norat
1666 2400 1749 2432 cnim,
1763 2400 1834 2426 unde

1036 2452 1111 2475 certa
1129 2447 1269 2475 medicinae
1281 2454 1344 2482 spes
1358 2451 1443 2474 esset.

1070 2492 1127 2520 XV.
1151 2492 1244 2520 Paruit
1269 2492 1323 2525 ille,
1351 2492 1514 2527 abjectoque
1544 2492 1614 2518 fastu
1643 2498 1674 2518 ac
1701 2490 1833 2526 praetoria,

1036 2540 1178 2575 potestatis
1201 2538 1354 2574 supercilio,
1375 2538 1503 2566 Niconem
1520 2539 1612 2566 multis
1639 2537 1764 2573 precibus
1785 2545 1833 2571 per

1034 2588 1144 2615 nuntios
1164 2588 1290 2615 accersit.
1313 2586 1364 2619 Qui
1381 2586 1490 2622 quidem
1507 2591 1625 2621 acceptae
1644 2584 1749 2619 injuria:
1762 2583 1832 2610 obli-

1034 2640 1086 2664 tus,
1108 2633 1179 2660 dicto
1197 2633 1277 2661 citius
1291 2633 1378 2660 adfuit
1393 2642 1399 2660 :
1416 2632 1546 2660 didicerat
1562 2633 1633 2659 enim
1647 2636 1676 2658 ιιι
1689 2635 1835 2658 contume-

1034 2680 1083 2707 lias
1097 2680 1161 2714 pati,
1181 2679 1221 2707 sic
1239 2679 1347 2706 easdem
1363 2678 1435 2706 ultro
1450 2678 1598 2710 remittere,
1615 2681 1662 2703 aut
1677 2675 1766 2710 potius
1783 2674 1830 2702 be-

1036 2725 1151 2753 nefactis
1177 2731 1204 2753 et
1226 2724 1320 2753 otIiciis
1348 2731 1535 2758 Compensare.
1559 2722 1664 2750 Praetor
1686 2725 1777 2748 autem
1803 2726 1835 2747 ut

1035 2772 1109 2799 illum
1124 2772 1200 2805 vidit,
1212 2772 1244 2799 ad
1257 2772 1315 2807 ejus
1327 2772 1408 2807 pedes
1424 2778 1453 2798 se
1475 2769 1577 2805 objicit,
1590 2772 1617 2797 et
1630 2769 1673 2805 qui
1686 2766 1765 2796 modo
1779 2771 1835 2794 tu!-

873 2843 881 2857 ⁵
903 2841 974 2870 Psal.
994 2850 1057 2875 Lvn,
1078 2842 1117 2869 l'2.
