4096 6424
410 326 519 391 983

1689 342 1752 405 S.
1793 341 2106 406 NICONIS
2146 345 2449 411 ARMENI

3594 352 3711 418 ρει

408 445 584 515 gidus,
612 446 918 542 animisque
954 450 1104 509 ferox
1142 452 1256 509 iras
1290 462 1504 510 tantum
1535 468 1589 512 et
1628 458 1857 530 injurias
1887 461 2003 528 spi-
2030 471 2080 524 Α
2106 464 2366 524 divinitus
2391 470 2594 541 agitata
2638 469 2819 539 lingua
2852 470 2965 525 haec
2990 468 3239 537 audiens,
3283 469 3528 542 nihilque
3550 469 3713 542 peni-

412 550 533 592 rare
577 537 885 609 videbatur,
968 545 1192 617 supplex
1268 545 1465 613 factus,
1523 551 1729 606 erroris
1789 553 2006 608 veniam

407 627 619 698 lugubri
651 646 784 689 voce
808 644 987 707 rogat,
1020 637 1250 710 ejusque
1287 652 1499 709 preces,
1554 642 1776 699 unicum
1818 646 2012 702 salutis

411 735 532 776 suae
558 721 919 791 pharmacnm
955 726 1235 798 implorat.
1272 728 1499 801 Semper
1538 732 1796 788 nimirum
1838 735 2012 790 imbe-

410 810 538 867 cilla
552 828 639 869 res
658 825 744 871 est
757 818 970 885 vitium,
988 819 1146 878 fortis
1160 829 1342 877 autem
1352 829 1409 877 et
1422 822 1631 879 stabilis
1650 824 1845 881 virtus.
1871 825 2013 893 Quid

413 916 553 971 ergo
581 906 648 959 ad
682 905 797 961 hac
824 908 1004 964 divina
1047 910 1250 967 mens?
1283 912 1367 967 An
1406 915 1759 983 exprobravit
1806 916 2014 974 homini

413 996 730 1064 amentiam,
762 997 1196 1071 eﬂrenatamque
1228 1002 1546 1060 audaciam?
1590 1016 1687 1061 aut
1729 1009 2015 1078 aspernari

413 1098 682 1155 orantem,
706 1099 761 1145 et
788 1092 1049 1163 tantisper
1066 1095 1309 1152 abnuere
1325 1098 1475 1152 visus
1500 1107 1584 1153 est
1601 1099 1624 1152 ἲ
1644 1096 1864 1153 Minime
1885 1114 2015 1170 gen-

412 1178 570 1233 tium.
592 1180 695 1247 Qui
721 1182 865 1237 enim
890 1182 1116 1253 faceret,
1140 1188 1232 1257 qui
1256 1188 1574 1259 discipulus,
1599 1199 1695 1247 aut
1715 1192 2017 1248 acerrimus

415 1268 595 1337 potius
630 1272 777 1327 mitis
806 1272 950 1330 illius
992 1284 1047 1329 et
1095 1278 1305 1346 pacifici
1338 1279 1579 1336 imitator
1612 1292 1731 1337 erat
1762 1283 1828 1338 ad
1860 1284 2018 1339 bene-

418 1363 723 1419 faciendum
757 1367 932 1438 magis
972 1384 1136 1439 quam
1174 1371 1240 1425 ad
1268 1372 1610 1441 plectendum
1643 1384 1836 1429 natura
1860 1390 2015 1431 com-

414 1457 631 1525 parati?
656 1456 844 1528 Itaque
873 1474 980 1515 non
1016 1461 1192 1517 solum
1228 1464 1443 1519 veniam
1474 1466 1641 1530 dedit,
1672 1468 1767 1522 sed
1811 1468 2016 1522 sanita-

418 1556 526 1601 tem
562 1547 728 1601 etiam
774 1550 1032 1618 precibus
1081 1554 1215 1620 suis,
1260 1553 1475 1610 admota
1534 1570 1697 1610 manu
1757 1557 2014 1612 restituit.

415 1635 494 1691 Ita
540 1648 600 1693 ut
638 1642 827 1695 statim
872 1642 1055 1698 cibum
1107 1656 1350 1703 sumeret
1387 1648 1696 1715 incolumis,
1743 1660 1794 1703 et
1850 1651 2019 1706 libere

416 1740 580 1800 atque
606 1735 859 1804 expedite
888 1734 1223 1805 loqueretur,
1251 1740 1516 1795 miraculo
1549 1740 1633 1796 vel
1676 1742 1851 1800 oculis
1882 1744 2015 1814 ipsis

416 1827 510 1893 qui
549 1825 892 1893 spectabant,
923 1827 1084 1883 fidem
1107 1830 1195 1885 vis
1225 1829 1480 1888 faciente.

495 1912 637 1970 XVI.
686 1917 770 1971 Ab
808 1917 1069 1988 improbis
1110 1921 1435 1991 quibusdam
1498 1925 1882 1997 malevolisque
1923 1928 2022 1983 ho-

418 2005 661 2062 minibus
697 2022 793 2077 per
822 2008 1148 2065 calumniam
1204 2022 1493 2070 accusatus
1526 2026 1610 2071 est
1630 2014 1872 2073 Joannes
1903 2017 2015 2072 hla-

416 2085 663 2162 l'acenus,
695 2098 974 2155 nobilitate
1018 2103 1236 2171 generis
1286 2119 1351 2159 ac
1404 2106 1694 2174 splendore
1761 2122 1861 2163 nec
1908 2123 2018 2163 non

419 2202 648 2244 summa:
704 2191 985 2262 sapientiae
1029 2194 1188 2249 laude
1240 2211 1348 2252 non
1403 2196 1546 2253 inter
1577 2197 2019 2257 Lacedaemonios

419 2282 603 2347 modo,
624 2297 808 2338 verum
823 2285 985 2340 etiam
1012 2297 1120 2342 tota
1141 2287 1362 2345 Hellade
1388 2305 1451 2345 ac
1472 2290 1844 2363 Peloponneso
1859 2293 2019 2350 facile

418 2370 675 2440 princeps
707 2389 720 2426 :
756 2385 1047 2431 accusatus
1082 2388 1264 2434 autem
1293 2381 1435 2449 apud
1456 2397 1602 2448 eum,
1636 2384 1731 2454 qui
1763 2392 1873 2438 tum
1912 2388 2015 2439 im-

419 2462 551 2529 perii
588 2465 821 2534 sceptris
868 2468 1202 2540 potiebatur,
1252 2470 1511 2528 Basilium
1549 2476 1759 2532 scilicet
1787 2475 2015 2548 Romani

419 2555 646 2611 minoris
703 2557 895 2623 filium,
948 2577 1134 2631 regum
1185 2566 1426 2619 omnium
1490 2566 2013 2638 fortunatissimum,

418 2649 583 2717 cujus
599 2661 653 2705 et
668 2651 775 2705 vita
804 2652 1050 2719 illustris,
1068 2665 1122 2709 et
1153 2655 1367 2725 imperii
1389 2661 1626 2727 spatium
1646 2660 2014 2732 longissimum

419 2740 543 2807 fuit,
568 2751 624 2797 et
654 2744 894 2802 victoria:
954 2757 1009 2802 et
1060 2756 1256 2818 tropaea
1304 2750 1371 2805 de
1428 2752 1678 2809 hostibus
1721 2756 2012 2825 quamplu-

418 2831 582 2899 rima,
640 2850 739 2905 per
771 2851 932 2906 quem
978 2848 1033 2894 et
1077 2838 1379 2911 Bulgariete
1424 2844 1601 2911 gentis
1647 2846 1902 2916 princeps
1934 2847 2019 2919 [ut

423 2935 724 2981 memorant
752 2928 1020 3001 historiae]
1059 2928 1276 2985 Samuel
1324 2932 1434 2998 ille,
1487 2935 1793 2991 viribuset
1821 2937 2016 2993 robore

421 3014 879 3085 inexpugnabilis,
908 3020 959 3072 in
1000 3018 1160 3075 Creta
1195 3036 1320 3075 cum
1353 3023 1736 3080 innumerabili
1763 3026 2012 3081 multitu-

424 3104 552 3160 dine
576 3105 928 3177 Bulgarorum
963 3110 1166 3166 fractus
1203 3121 1257 3167 et
1283 3113 1540 3171 subactus
1566 3124 1651 3171 est
1676 3116 1779 3187 (5).

494 3194 658 3252 XVII.
717 3196 1007 3254 Mittuntur
1061 3201 1242 3272 itaque
1292 3203 1361 3259 ab
1410 3204 1736 3275 imperatore
1780 3218 2015 3280 satrapae

384 3353 393 3367 ‘
423 3290 554 3352 duo,
588 3289 821 3346 militum
851 3284 1119 3364 legionem
1155 3296 1461 3364 trahentes,
1492 3309 1553 3353 ut
1576 3298 1916 3357 Malacenum
1945 3318 2013 3358 ex

426 3380 722 3452 improviso
774 3386 1263 3455 comprehendant,
1296 3391 1651 3464 vinctumque
1673 3393 1741 3448 ad
1768 3395 2013 3466 reginam

428 3472 645 3526 urbium
695 3474 946 3531 ducant:
992 3472 1316 3537 defectionis
1362 3483 1507 3538 enim
1545 3495 1600 3539 et
1632 3486 2016 3555 perduellionis

422 3561 638 3618 incum
693 3565 899 3623 crimen
957 3569 1346 3628 concinnantes
1400 3574 1606 3641 aanmli,
1672 3576 2016 3646 imperatoris

426 3668 589 3709 aures
619 3654 771 3711 falsa:
815 3660 1184 3717 accusationis
1218 3663 1493 3720 calumnia
1537 3667 1911 3738 oppleverant.
1948 3668 2018 3725 Ut

426 3762 561 3816 ergo
606 3748 659 3803 in
704 3747 1089 3808 Lacedaemona
1120 3768 1502 3824 pervenerunt,
1533 3768 1588 3813 et
1637 3761 1815 3814 virum
1862 3762 2018 3830 cujus

427 3854 594 3893 causa
645 3842 792 3897 missi
828 3842 1060 3908 fuerant,
1111 3850 1665 3917 comprehenderunt,
1711 3862 1903 3906 evocat
1930 3853 2018 3908 ille

428 3930 719 3987 confestim
745 3935 921 3988 virum
953 3935 1044 3990 Dei
1082 3936 1368 4004 Niconem,
1393 3955 1553 4009 quem
1599 3944 1669 3998 ob
1692 3944 1907 4013 egregia
1939 3943 2019 3998 fa-

427 4025 612 4078 cinora
652 4029 923 4093 praecipuo
952 4026 1007 4080 in
1050 4026 1254 4083 honore
1299 4030 1551 4098 habebat,
1622 4035 1881 4105 gravique
1919 4036 2019 4091 do-

428 4116 549 4170 lore
577 4116 774 4171 anxius
804 4135 816 4170 :
845 4114 977 4181 Ora,
1014 4118 1211 4188 inquit,
1241 4135 1335 4175 ora
1368 4138 1464 4191 pro
1496 4139 1582 4181 me
1611 4126 1833 4195 misero,
1862 4142 2020 4183 serve

425 4207 548 4274 Dei,
573 4222 639 4262 ne
673 4210 1020 4279 imperatoris
1045 4211 1126 4265 ira
1156 4214 1295 4269 male
1317 4229 1555 4283 peream.
1581 4218 1754 4286 Quem
1775 4231 2017 4285 sanctus,

426 4299 647 4356 blandis
677 4310 866 4357 contra
922 4305 1253 4376 mellitisque
1281 4309 1464 4365 verbis
1497 4313 1854 4381 respondens,
1887 4330 2019 4369 con-

426 4393 652 4450 firmare
693 4396 934 4451 animum
963 4397 1127 4466 jussit
1170 4401 1411 4471 nihilque
1447 4404 1655 4460 tristius
1706 4406 2017 4462 formidante.

2041 3151 2088 3215 C

2119 568 2206 616 tus
2234 561 2538 629 ambigens,
2575 564 2927 619 vehementer
2961 562 3302 620 exhilaratus
3340 574 3446 631 est,
3488 564 3714 635 naviga—

2118 649 2428 719 tionemque
2468 652 2710 709 salutato
2748 652 2978 721 Nicone,
3031 666 3228 710 securo
3263 654 3448 709 animo
3477 668 3715 710 exorsus

2114 751 2223 797 est.
2250 741 2542 812 Postquam
2573 743 2641 797 ad
2669 744 3055 814 imperatorem
3087 745 3357 814 pervenit,
3391 753 3447 800 et
3477 746 3711 799 conficta

2117 832 2188 887 ab
2244 834 2456 888 aemulis
2494 834 2808 891 criminatio
2855 836 3107 892 veritatis
3159 837 3301 903 luce,
3344 836 3440 892 sed
3485 832 3715 890 Niconis

2121 923 2354 978 maxime
2376 923 2649 992 precibus,
2683 926 2934 981 discussa
2976 935 3082 991 est,
3134 926 3400 994 majorem
3451 926 3716 994 deinceps

2119 1014 2262 1082 apud
2324 1012 2708 1084 imperatorem
2775 1015 3030 1085 gratiam,
3092 1015 3387 1086 ampliores
3452 1015 3716 1071 honores:

2119 1103 2348 1172 gloriam
2374 1114 2430 1160 et
2460 1104 2662 1161 famam
2691 1108 2922 1178 adeptus
2951 1116 3056 1175 est,
3083 1108 3219 1164 adeo
3249 1117 3308 1163 ut
3328 1107 3631 1178 principem
3657 1107 3718 1161 in

2118 1204 2311 1249 senatu
2352 1196 2529 1252 locum
2552 1197 2839 1253 obtineret.

2190 1284 2331 1342 Χικ.
2392 1286 2690 1344 Transacto
2740 1298 2866 1359 post
2914 1290 3031 1344 bare
3077 1298 3325 1358 tempore
3370 1303 3477 1345 non
3530 1288 3710 1351 brevi,

2118 1390 2245 1431 cum
2276 1373 2582 1433 Malacenus
2606 1378 3077 1448 Constantinopoli
3117 1380 3297 1434 adhuc
3330 1388 3502 1441 esset,
3534 1377 3709 1434 Nicon

2120 1470 2187 1524 ad
2212 1469 2574 1524 immortalem
2594 1470 2921 1540 beatamque
2940 1479 3145 1526 sortem
3168 1471 3408 1527 transiit.
3444 1470 3598 1537 Quod
3626 1469 3717 1524 ille

2119 1577 2244 1618 cum
2265 1563 2588 1631 accepisset,
2620 1574 2675 1621 et
2694 1563 2905 1620 dulcem
2933 1563 3080 1619 illam
3115 1579 3266 1634 spem
3324 1578 3432 1634 qua
3464 1563 3714 1619 futurum

2120 1668 2184 1708 ex
2216 1651 2335 1721 ejus
2362 1653 2547 1709 verbis
2584 1668 2691 1709 non
2723 1654 3019 1721 dubitarat,
3055 1665 3117 1709 ut
3144 1655 3433 1726 optabilem
3461 1653 3578 1722 ejus
3607 1652 3722 1706 vnl-

2123 1755 2235 1801 tum
2265 1744 2552 1814 aspiceret,
2587 1744 2691 1801 sibi
2730 1745 3131 1816 quodammodo
3155 1754 3398 1815 ereptam
3434 1745 3665 1799 sentiret
3698 1761 3717 1798 :

2122 1838 2470 1893 vehementer
2516 1838 2639 1908 angi
2699 1837 2904 1902 animo,
2961 1837 3238 1907 variisque
3294 1835 3719 1906 cogitationibus

2121 1938 2352 1985 aestuare
2389 1930 2577 2000 coepit,
2608 1943 2828 2000 gravem
2878 1935 3142 1998 praterea
3164 1928 3332 1983 vitam
3362 1928 3584 1992 ducere,
3614 1923 3723 1981 nisi

2121 2024 2264 2090 quod
2298 2020 2385 2075 ille
2411 2021 2739 2091 promiserat
2769 2018 2958 2090 perlici
2999 2019 3231 2073 videret.

2191 2111 2310 2167 XX.
2335 2111 2469 2168 Fide
2492 2113 2659 2183 igitur
2679 2111 3035 2167 confirmatus
3058 2111 3259 2180 (neque
3288 2109 3432 2163 enim
3459 2106 3605 2161 illius
3622 2122 3721 2183 ex:

2121 2221 2247 2276 pers
2265 2215 2385 2261 erat
2411 2181 2673 2272 scientiae,
2698 2218 2805 2274 qua
2832 2203 3087 2274 cognosci
3118 2201 3212 2257 Dei
3242 2200 3498 2271 mysteria
3524 2181 3726 2253 solentl

2120 2298 2249 2369 quid
2278 2298 2421 2369 agit?
2461 2312 2570 2366 quo
2600 2311 2659 2352 se
2685 2295 2989 2351 convertit?
3020 2293 3292 2349 Pictorem
3315 2292 3566 2357 advocat,
3601 2299 3727 2347 arte

2120 2405 2397 2461 manuque
2433 2390 2727 2460 insignem,
2757 2398 2813 2443 et
2849 2386 3028 2458 qualis
3067 2385 3278 2452 habitu,
3313 2392 3483 2449 veste,
3509 2382 3728 2451 capillis

2119 2490 2345 2537 sanctus
2366 2481 2576 2548 fuisset,
2607 2480 2786 2535 verbis
2812 2479 3061 2548 designat
3095 2494 3110 2531 :
3149 2486 3263 2531 tum
3284 2475 3426 2547 aptis
3448 2473 3727 2530 coloribus

2120 2575 2173 2628 in
2226 2572 2410 2629 tabula
2440 2583 2610 2627 totam
2644 2571 2761 2641 ejus
2824 2569 3115 2639 imaginem
3144 2567 3377 2637 exprimi
3404 2567 3583 2637 jubet.
3612 2564 3728 2621 Re-

2119 2676 2313 2719 versus
2368 2663 2588 2717 domum
2649 2657 2849 2732 pictor,
2911 2672 3091 2726 opera:
3159 2657 3503 2726 pretiumque
3566 2663 3726 2710 ratus

2118 2756 2260 2826 quod
2283 2754 2471 2824 jussus
2504 2754 2698 2820 fuerat,
2724 2767 2885 2823 quam
2912 2749 3322 2808 accuratissime
3376 2755 3561 2818 posset
3616 2761 3725 2802 ex-

2118 2848 2270 2916 sequi
2311 2867 2325 2902 :
2351 2856 2473 2918 post
2515 2847 2694 2903 varios
2721 2853 2975 2909 conatus,
2998 2844 3198 2899 frustra
3228 2841 3443 2897 tandem
3469 2855 3529 2897 se
3563 2840 3722 2896 labo-

2118 2952 2243 2993 rare
2272 2937 2654 2993 animadvertit
2690 2954 2707 2992 :
2747 2950 2848 2993 nec
2871 2935 3017 2990 enim
3063 2948 3126 2989 ex
3151 2932 3262 2989 sola
3296 2932 3610 2988 narratione
3627 2945 3730 3001 po-

2120 3036 2278 3094 terat,
2301 3029 2551 3098 quamvis
2594 3027 2959 3098 peritissimus
2992 3025 3129 3081 artis
3146 3032 3203 3078 et
3226 3022 3731 3079 exercitatissimus

2117 3130 2285 3182 esset,
2316 3133 2477 3188 quem
2512 3134 2791 3189 nunquam
2815 3117 3051 3183 viderat,
3078 3116 3147 3171 ad
3179 3128 3364 3172 veram
3399 3113 3729 3169 similitudi-

2117 3224 2242 3266 nem
2266 3209 2591 3279 exprimere.
2631 3209 2692 3264 In
2726 3210 2828 3265 hac
2864 3208 3031 3279 igitur
3077 3220 3210 3266 cura
3246 3206 3516 3268 versanti,
3555 3205 3731 3261 vehe-

2118 3309 2435 3373 menterque
2466 3301 2692 3370 dolenti,
2736 3302 2879 3371 quod
2929 3302 3044 3357 oris
3084 3300 3418 3357 lineamenta
3462 3297 3728 3368 efﬁngere

2118 3410 2224 3451 non
2265 3404 2467 3465 posset,
2498 3404 2626 3451 ante
2664 3395 2851 3451 oculos
2900 3400 3125 3467 repente
3154 3392 3370 3451 exstitit
3419 3391 3731 3477 monachus

2118 3487 2361 3558 quidam,
2395 3487 2487 3558 qui
2518 3489 2572 3543 in
2628 3489 2771 3544 aedes
2800 3487 2941 3543 clam
2985 3494 3323 3556 penetrarat,
3352 3494 3563 3541 statura
3593 3498 3728 3553 pro-

2118 3594 2294 3640 cerus,
2329 3579 2514 3634 habitu
2543 3580 2843 3645 eremitico,
2878 3578 3122 3634 obsoleta
3160 3586 3312 3633 veste
3339 3576 3598 3639 amictus,
3630 3590 3732 3629 co-

2120 3685 2206 3724 ma
2251 3669 2529 3740 squalens,
2586 3668 2851 3738 capillitio
2894 3668 3171 3738 barbaque
3221 3667 3401 3735 niger,
3453 3665 3507 3720 in
3554 3666 3731 3720 omni.

2118 3763 2221 3819 bus
2244 3762 2475 3832 denique
2505 3761 2664 3817 beato
2718 3762 2837 3817 viro
2877 3760 3186 3817 simillimus
3221 3777 3235 3814 :
3267 3772 3392 3813 nam
3428 3765 3484 3813 et
3513 3755 3727 3826 virgam

2122 3871 2282 3909 manu
2306 3855 2528 3926 gerebat
2554 3854 2710 3923 cujus
2745 3868 2882 3925 apex
2927 3853 2980 3907 in
3011 3866 3229 3908 crucem
3274 3849 3587 3905 desinebat.
3617 3848 3727 3914 Qui

2123 3945 2329 4014 pictore
2371 3945 2599 3999 comiter
2656 3944 2896 3999 salutato
2933 3942 3189 3998 maeroris
3227 3939 3727 4008 sollicitudinisque

2121 4050 2341 4090 causam
2395 4034 2708 4089 sciscitatus
2757 4043 2864 4089 est.
2910 4032 3003 4088 Ille
3048 4046 3178 4089 vero
3221 4041 3278 4087 et
3336 4045 3555 4085 causam
3593 4042 3717 4083 mox

2123 4129 2357 4198 aperuit,
2402 4137 2453 4182 et
2490 4128 2675 4197 operis
2704 4124 3078 4182 difﬁcultatem
3120 4125 3533 4180 demonstravit.
3578 4121 3716 4176 Tum

2123 4221 2229 4277 leni
2256 4220 2322 4275 ad
2358 4234 2480 4274 eum
2529 4233 2661 4274 voce
2710 4220 3012 4274 monachus
3076 4218 3227 4284 :Me,
3266 4217 3466 4287 inquit,
3517 4216 3725 4285 aspice.

2124 4313 2314 4379 frater,
2340 4312 2469 4366 mihi
2488 4326 2582 4381 per
2604 4310 2788 4366 omnia
2808 4311 3001 4367 similis
3031 4321 3135 4374 est,
3158 4325 3321 4380 quem
3358 4308 3626 4378 tlepingis.
3658 4307 3729 4361 Ut

2125 4420 2252 4474 ergo
2281 4405 2461 4458 acrius
2487 4403 2539 4457 in
2564 4402 2711 4457 illum
2741 4402 2928 4457 oculos
2959 4401 3192 4457 intendit
3224 4401 3424 4470 pictor,
3475 4398 3729 4469 penitus-

428 4486 566 4541 Tum
589 4488 788 4542 eximia
816 4491 1050 4558 quadam
1092 4490 1144 4545 vi
1184 4494 1467 4550 charitatis
1505 4512 1703 4553 mensa:
1728 4499 1890 4554 simul
1918 4515 2007 4554 ac-
2044 4494 2089 4550 D
2119 4507 2225 4563 que
2254 4491 2660 4560 Circum-5PM",
2720 4491 2867 4545 illum
2916 4491 3092 4561 ipsum
3137 4505 3257 4545 esse
3286 4490 3528 4558 agnovit.
3559 4504 3726 4554 αιισξιιι

430 4579 661 4643 cubans,
717 4589 771 4635 et
824 4581 1024 4637 laetitiae
1071 4586 1347 4653 poculum,
1404 4602 1502 4643 ceu
1556 4590 1825 4658 poeticum
1875 4591 2019 4645 illum

428 4669 707 4742 Gygcona,
769 4672 1034 4728 malorum
1082 4678 1328 4732 omnium
1383 4679 1707 4734 oblivionem
1768 4685 2020 4739 momenti

429 4764 751 4834 propinans,
789 4767 1066 4821 oraculum
1102 4767 1579 4840 adjecitzﬂegiatn
1631 4771 1810 4839 potius
1858 4771 2023 4827 bene-

430 4856 725 4911 volentiam
781 4858 1121 4928 adepturum,
1186 4862 1355 4916 vitam
1406 4872 1657 4918 anteacta
1720 4864 2017 4919 beatiorem

429 4956 701 5014 actm-um,
725 4947 947 5005 altiores
977 4952 1043 5004 ad
1072 4951 1339 5007 honorum
1358 4954 1553 5023 gradus
1574 4969 2021 5019 conscensurum,

429 5038 496 5091 de
526 5039 672 5091 omni
697 5038 927 5108 denique
947 5041 1193 5096 molestia
1224 5052 1280 5095 et
1303 5042 1611 5096 calamitate
1643 5042 2007 5111 triumphatu-

427 5146 548 5184 rum
576 5147 590 5184 :
616 5140 670 5184 et
696 5147 802 5196 me,
832 5132 1029 5201 inquit,
1051 5131 1280 5198 videbis,
1306 5142 1361 5187 et
1389 5134 1443 5187 in
1463 5134 1691 5202 patriam
1719 5134 1821 5189 sub
1849 5135 2009 5189 linem

431 5222 555 5274 vita:
589 5224 901 5277 reverteris.
929 5222 1061 5277 Nam
1093 5232 1147 5277 et
1174 5224 1289 5278 haec
1318 5239 1531 5294 quoque
1558 5224 1725 5278 Nicon
1748 5226 1827 5293 (ut
1854 5241 2019 5294 supra

432 5312 641 5365 dit-tum
679 5313 785 5384 est)
833 5329 861 5367 a
920 5313 1082 5368 Patre
1130 5313 1587 5384 luminumgratia
1608 5324 1834 5370 ornatus
1876 5325 2017 5380 erat,

436 5413 487 5454 ut
519 5403 698 5457 futura
724 5418 879 5471 mque
910 5418 975 5458 ac
1005 5403 1294 5473 praesentia
1341 5404 1664 5473 praevideret
1691 5406 1868 5476 Atque
1896 5422 2018 5461 om-

436 5494 523 5547 nia
564 5509 715 5560 sane,
745 5505 801 5546 ut
832 5496 1184 5564 praedixerat,
1210 5506 1538 5550 evenerunt.

507 5588 694 5644 XVIII.
734 5586 1045 5646 Malacenus
1088 5606 1217 5661 ergo
1249 5596 1507 5661 tanquam
1563 5606 1591 5643 a
1621 5591 1935 5661 prophetica
1964 5600 2018 5646 et

512 5768 587 5837 {5)
609 5767 807 5824 Baron.
840 5770 903 5824 ad
927 5788 1011 5825 an.
1041 5771 1163 5826 995.

2120 4584 2426 4638 Malacenus
2455 4581 2634 4638 verbis
2663 4581 2996 4651 designarat.
3052 4580 3231 4647 Quare
3258 4581 3328 4633 ad
3360 4578 3606 4633 tabulam
3640 4594 3728 4632 re-

2120 4676 2312 4740 flexus,
2366 4682 2425 4727 ut
2472 4682 2819 4743 conspectam
2876 4671 3109 4727 formam
3165 4673 3497 4738 imitaretur,
3529 4686 3564 4725 o
3608 4686 3726 4725 rem
3828 4724 3831 4727 .

2120 4763 2539 4819 admirandam!
2600 4778 2811 4819 sacram
2850 4773 2932 4818 ter
2982 4764 3123 4818 beati
3174 4762 3401 4833 effigiem
3455 4763 3506 4817 in
3540 4761 3725 4816 tabula

2118 4857 2233 4911 suis
2284 4856 2624 4911 lineamentis
2691 4865 2881 4923 suapte
2931 4870 3244 4923 expressam
3297 4864 3496 4925 sponte
3549 4854 3724 4915 videt,

2118 4961 2355 5019 cumque
2385 4946 2645 5002 miraculo
2671 4946 3081 5017 obstupefactus
3119 4947 3186 5001 ad
3216 4956 3469 5001 sanctum
3514 4945 3720 5009 subito,

2122 5038 2286 5109 Kyrie
2314 5037 2516 5092 elcison
2578 5053 2700 5092 cum
2735 5038 2961 5093 horrore
2988 5038 3315 5102 inclamans,
3349 5052 3410 5090 se
3444 5036 3722 5101 vertisset,

2124 5129 2272 5182 illum
2303 5130 2532 5197 amplius
2556 5143 2667 5183 non
2701 5128 2854 5183 vidit.
2898 5127 3015 5183 Jam
3059 5129 3203 5183 enim
3237 5128 3574 5183 avolaverat.
3610 5126 3721 5179 Ita-

2116 5237 2223 5289 que
2252 5221 2318 5274 ad
2350 5221 2679 5275 deliueatam
2721 5220 2981 5275 divinitus
3028 5219 3260 5274 formam
3314 5218 3524 5285 reliqua
3566 5218 3720 5271 colo-

2119 5328 2236 5367 rum
2269 5311 2539 5382 pigmenta
2564 5312 2847 5380 adjiciens,
2873 5312 3175 5381 perfectam
3192 5312 3508 5379 imaginem,
3536 5309 3718 5379 qualis

2119 5405 2382 5475 hodieque
2440 5406 2494 5459 in
2551 5420 2709 5460 sacro
2755 5405 2899 5460 beati
2944 5405 3143 5474 templo
3174 5418 3443 5474 suspensa
3498 5401 3716 5466 visitur,

2116 5501 2366 5555 omnibus
2402 5500 2646 5556 numeris
2679 5500 2951 5563 absolvit,
3001 5500 3293 5568 statimque
3325 5498 3393 5551 ad
3436 5495 3717 5567 spectabi-

2118 5590 2224 5646 lem
2273 5589 2607 5648 Malacenum
2638 5608 2758 5647 cum
2792 5592 2879 5646 illa
2909 5604 3209 5661 properans
3252 5607 3265 5644 :
3302 5587 3483 5643 unmia
3528 5587 3625 5653 illi,
3656 5595 3717 5640 ut
