4096 6432
289 338 402 406 985

289 561 419 603 cum
467 560 538 602 ex
569 545 750 603 oblata
792 546 989 618 pictori
1039 547 1262 606 Niconis
1301 553 1502 622 specie,
1565 568 1636 610 ne
1678 554 1733 610 in
1781 553 1886 610 hac

290 640 516 712 quidem
577 649 735 711 parte
778 641 998 699 inanem
1059 642 1230 700 fuisse
1280 644 1400 715 ejus
1449 646 1883 716 pradictionem,

265 734 798 801 tanimadverteret,
841 735 1044 808 ingenti
1095 737 1293 806 gaudio
1343 737 1622 808 perfusus,
1657 737 1886 795 mirabi-

293 827 433 884 lium
485 825 580 884 Dei
631 841 859 898 operum
909 827 1120 894 laudes,
1158 839 1214 884 et
1253 839 1522 900 quantum
1577 845 1611 886 a
1669 831 1884 899 Spiritu

290 928 487 977 sancto
547 918 781 990 gratiam
831 920 1058 976 sortitus
1114 917 1289 975 Nicon
1335 930 1520 986 esset.
1582 921 1886 992 pra-dicare

293 1024 574 1082 nunquam
612 1009 823 1067 destitit
853 1026 870 1066 :
905 1009 1002 1066 sed
1043 1008 1306 1066 Malaceni
1334 1010 1574 1082 quidem,
1620 1020 1678 1068 et
1712 1024 1885 1068 sacrm

291 1099 546 1173 imaginis
589 1100 816 1156 historia
844 1100 926 1156 sic
961 1115 1022 1158 se
1056 1101 1242 1156 habet.

364 1193 509 1248 XXI.
553 1191 713 1248 Venit
765 1191 1131 1250 cubicularius
1173 1180 1392 1264 quidam
1436 1195 1507 1253 ab
1553 1196 1884 1266 imperatore

292 1287 451 1343 aurei
491 1286 682 1342 tributi
713 1301 879 1343 causa
924 1288 1162 1344 missus:
1189 1290 1306 1360 qui,
1352 1297 1413 1344 ut
1454 1289 1698 1360 pecuniae
1765 1297 1882 1344 tur-

294 1379 491 1451 pisque
530 1379 664 1434 lucri
697 1379 1025 1449 percupidus
1063 1390 1203 1449 erat,
1252 1397 1477 1450 magnas
1515 1396 1638 1436 eum
1669 1381 1884 1438 caeteris

295 1471 506 1526 civibus
551 1478 663 1525 tum
715 1469 894 1526 sancti
945 1469 1000 1525 in
1046 1469 1242 1542 primis
1296 1471 1549 1528 cmnobio
1599 1471 1883 1527 molestias

293 1561 606 1618 exhibebat.
640 1560 831 1618 Solent
879 1563 1026 1619 enim
1075 1562 1356 1619 civitatum
1400 1562 1628 1634 imperia
1660 1571 1719 1618 et
1752 1576 1882 1619 exa-

294 1655 507 1711 ctiones
539 1668 646 1711 non
695 1656 868 1724 aequis
897 1663 950 1719 et
988 1655 1264 1727 benignis,
1297 1655 1393 1712 sed
1437 1655 1773 1724 durioribus,
1823 1665 1884 1710 ut

294 1749 607 1816 plurimum,
640 1757 698 1803 et
734 1746 1206 1804 inbumanioribus
1234 1747 1497 1818 delegari.
1528 1746 1753 1803 Frustra
1783 1762 1883 1802 au—

298 1810 404 1896 te
439 1810 714 1902 monachi,
751 1839 948 1909 quibus
988 1838 1106 1894 auri
1149 1837 1282 1894 nihil
1323 1810 1465 1906 erat,
1500 1837 1766 1893 immitem
1801 1837 1880 1893 fe-
1910 1810 1954 1867 Β

297 1944 528 2001 rumque
552 1929 712 1986 linire
730 1930 980 2000 precibus
999 1929 1306 1998 studebant,
1328 1930 1421 2000 qui
1447 1945 1638 1984 aurum
1663 1929 1879 1994 sitiens,

294 2021 441 2078 velut
495 2021 644 2090 aspis
689 2021 757 2075 ad
791 2019 1185 2075 incantantium
1234 2035 1395 2077 voces
1433 2018 1878 2086 obsurdescebat,

291 2124 348 2171 et
378 2123 640 2184 tanquam
665 2113 948 2182 spinarum
995 2127 1191 2169 sonum
1230 2113 1333 2168 sub
1358 2111 1533 2168 lebete
1560 2111 1727 2185 [quod
1750 2111 1882 2166 scri-

293 2218 447 2276 ptum
481 2205 590 2279 est]
629 2207 814 2263 omnia
860 2206 1078 2262 illorum
1118 2205 1282 2262 verba
1311 2204 1719 2270 contemnebat,
1743 2205 1878 2274 quin

289 2306 347 2352 et
376 2296 618 2354 ferocius
642 2297 997 2361 insolescens,
1041 2306 1163 2368 post
1206 2308 1422 2354 atroces
1455 2297 1631 2354 minas
1668 2298 1722 2352 in
1757 2310 1882 2352 car-

289 2404 474 2446 cerem
507 2404 604 2446 eos
632 2389 864 2445 detrusit
889 2405 956 2444 ac
985 2391 1378 2446 monasterium
1410 2391 1582 2461 ipsum
1635 2390 1882 2461 expilare

288 2481 700 2552 depraedarique
739 2495 929 2536 vecors
953 2481 1341 2538 meditabatur.
1377 2480 1534 2549 Quod
1565 2482 1750 2538 caeteri
1783 2497 1883 2538 au-

288 2571 504 2628 dientes
524 2573 615 2643 qui
638 2572 691 2627 in
719 2587 788 2629 eo
819 2574 1236 2638 exercebantur,
1261 2573 1329 2628 ad
1352 2584 1601 2630 sanctum
1626 2576 1881 2646 precibus

287 2663 628 2720 exorandum
660 2678 722 2719 se
754 2673 1079 2720 convertunt
1109 2675 1542 2737 praesentemque
1568 2665 1686 2736 ejus
1717 2681 1881 2737 opem

287 2755 410 2812 sine
440 2761 594 2810 mora
621 2754 830 2824 experti
861 2763 1008 2810 sunt.

364 2844 535 2902 XXII.
568 2845 784 2901 Etenim
814 2846 1062 2916 proxima
1100 2855 1280 2914 nocte,
1310 2847 1510 2903 minaci
1541 2857 1706 2918 atque
1740 2846 1884 2904 indi-

289 2936 582 3007 gnabundo
611 2936 756 2992 vultu
780 2938 847 2992 ad
877 2937 1272 2994 cubicularium
1301 2938 1526 2994 veniens
1547 2945 1769 2994 sanctus
1789 2937 1886 2994 Ni-

291 3043 418 3094 con,
457 3028 642 3084 uitis
681 3043 804 3084 eum
852 3028 1171 3086 verberibus
1214 3031 1449 3102 excepit.
1503 3029 1582 3086 Eo
1627 3031 1770 3101 quod
1811 3030 1886 3085 in-

1019 402 1023 406 «
1820 350 2022 414 VITA.

293 451 634 520 acciderant,
666 419 858 510 ordine
911 456 1243 525 percensuit.
1297 458 1503 526 Quibus
1532 459 1624 518 ille
1655 459 1876 527 auditis,
1907 465 1954 523 Α
1981 459 2217 529 extulit,
2253 474 2374 530 qtue
2403 461 2567 518 hodie
2611 467 2913 531 spectatur,
2947 468 3004 518 et
3038 463 3356 533 praeclarum
3395 419 3571 524 divini

3469 347 3575 423 9‘86

1988 553 2087 610 viri
2141 552 2427 610 consilium
2488 553 2852 625 pietatemque
2923 553 3088 611 tacito
3142 557 3412 626 praconio
3479 557 3573 614 de-

1985 645 2177 704 cierat.

2056 736 2246 796 XXIII.
2274 736 2384 794 Sed
2409 717 2484 794 ad
2505 737 2727 808 impium
2747 739 3077 797 Antiochum
3099 743 3466 798 convertenda
3487 753 3573 799 est

1983 829 2180 884 oratio.
2215 827 2454 884 Praeerat
2490 829 2537 884 is
2567 829 2724 885 ducis
2757 839 3029 900 potestate
3091 832 3437 888 ethnicorum
3471 849 3572 888 re—

1985 918 2150 990 gioni.
2175 919 2252 975 Eo
2278 927 2458 976 autem
2487 919 2630 976 inter
2651 929 2845 976 caetera
2868 919 2994 976 vitae
3011 919 3208 993 ﬂagitia
3233 933 3578 993 processerat

1984 1008 2260 1076 amentiae,
2292 1017 2354 1065 ut
2397 1009 2574 1078 ipsum
2605 1009 2754 1066 beati
2794 1017 3183 1067 testamentum
3218 1012 3421 1068 violare
3464 1029 3570 1068 non

1984 1101 2274 1158 dubitaret.
2321 1102 2508 1173 Itaque
2551 1101 2836 1157 ﬁnitimum
2892 1103 3232 1160 ethnicorum
3274 1119 3384 1160 orte
3436 1120 3576 1176 prae-

1987 1194 2134 1249 dium
2168 1195 2453 1262 invadens,
2487 1193 2674 1251 sedem
2704 1195 2762 1250 in
2799 1210 2886 1261 eo,
2920 1197 3348 1253 reclamantibus
3380 1213 3572 1252 mona-

1983 1287 2123 1354 chis,
2161 1288 2560 1370 tentoriumque
2591 1289 2727 1345 fixit.
2768 1288 2836 1345 Et
2859 1305 2926 1346 ne
2952 1290 3081 1361 quid
3110 1291 3305 1346 sceleri
3329 1291 3569 1357 deesset,

1984 1394 2110 1434 cum
2150 1378 2328 1436 locum
2375 1379 2597 1451 perfuso
2647 1381 2996 1438 circumcirca
3054 1396 3249 1438 cruore
3306 1384 3574 1438 contami-

1984 1480 2210 1537 nasset,
2267 1472 2482 1543 impuro
2555 1473 2610 1528 in
2661 1471 2940 1528 libidinum
2994 1487 3152 1529 coeno
3220 1473 3574 1542 nefandisque

1983 1562 2217 1636 ﬂagitiis,
2249 1580 2348 1622 suo
2401 1564 2516 1622 illic
2567 1580 2720 1621 more
2767 1565 3134 1635 volutabatur,
3165 1567 3343 1637 quoad
3383 1567 3575 1638 dignos

1985 1656 2308 1712 temeritatis
2347 1671 2460 1713 suae
2506 1657 2718 1713 fructus
2769 1672 2799 1710 a
2835 1654 3040 1713 Sancto
3078 1662 3332 1728 percepit.
3365 1659 3414 1715 Is
3445 1676 3575 1730 ergo

1983 1763 2082 1819 per
2121 1757 2334 1805 noctem
2384 1747 2713 1806 formidabili
2775 1752 3030 1820 trucique
3071 1765 3171 1806 ore
3215 1751 3288 1806 illi
3347 1761 3576 1816 astans,

1981 1849 2104 1912 post
2134 1838 2422 1896 horribiles
2465 1839 2716 1896 incussos
2747 1849 3010 1907 terrores,
3049 1841 3328 1911 crncigero
3356 1839 3574 1896 demum

1982 1931 2176 1988 baculo
2194 1931 2337 1988 latus
2357 1929 2542 1988 lethali
2563 1931 2718 2004 plaga
2738 1931 3031 2003 percussit.
3054 1931 3171 2000 Qua
3193 1932 3426 1999 excitus,
3450 1947 3578 1987 cum

1979 2034 2268 2082 exeuntem
2310 2025 2596 2081 etentorio
2622 2040 2998 2096 percussorem
3037 2035 3299 2092 notasset,
3360 2025 3579 2080 l'aInulis

1983 2119 2223 2190 quidem,
2247 2127 2308 2174 ut
2334 2133 2458 2174 eum
2480 2119 3027 2189 comprehenderent,
3043 2118 3210 2174 cruda
3229 2129 3286 2172 et
3311 2118 3576 2172 lalltettta-
3614 2153 3631 2174 ι

1980 2212 2017 2267 h
2038 2213 2074 2267 li
2090 2225 2224 2267 voce
2247 2209 2565 2281 imperabat,
2591 2224 2782 2266 verum
2800 2210 2875 2264 illi
2899 2209 3167 2264 neminem
3193 2207 3469 2262 videbant.
3494 2207 3571 2262 Ex

1981 2317 2091 2374 quo
2119 2303 2334 2358 demum
2361 2300 2486 2356 mali
2516 2302 2719 2356 fontem
2756 2300 2923 2356 miser
2960 2314 3280 2370 agnoscens,
3306 2297 3571 2353 Sanctum

1982 2395 2149 2450 fuisse
2177 2391 2536 2463 intelligebat,
2563 2392 2654 2461 qui
2693 2391 2891 2448 vulnus
2921 2390 3194 2446 inflixerat
3231 2390 3570 2444 invasorem-

1981 2500 2090 2558 que
2129 2499 2289 2540 suum
2321 2498 2388 2538 ex
2415 2481 2531 2538 suis
2561 2482 2782 2538 sedibus
2809 2480 3010 2551 pellere
3062 2481 3366 2550 satagebat.
3399 2481 3578 2545 Quare

1983 2591 2283 2634 conscenso
2306 2591 2428 2630 mox
2464 2589 2628 2644 equo,
2651 2572 3095 2628 Lacedaemonem
3128 2571 3430 2626 contendit.
3469 2568 3577 2624 Sed

1984 2669 2165 2727 stadia
2211 2668 2353 2724 haud
2379 2668 2614 2738 amplius
2656 2665 2874 2738 triginta
2905 2673 3284 2735 processerat,
3323 2678 3448 2717 cum
3483 2663 3580 2716 do-

1983 2760 2111 2816 loris
2143 2759 2445 2814 acerbitate
2471 2756 2668 2821 vietus,
2687 2771 2753 2811 ex
2783 2770 2922 2824 equo
2953 2754 3310 2816 descendens,
3331 2752 3507 2808 media
3525 2753 3578 2807 in

1984 2854 2068 2909 via
2103 2851 2398 2920 turpiterin
2427 2865 2650 2905 suorum
2675 2849 2935 2905 manibus
2959 2848 3304 2903 exanimatus
3336 2847 3577 2912 interiit,

1985 2955 2152 3011 reque
2191 2942 2243 2996 in
2287 2955 2374 3005 eo,
2403 2941 2549 3011 quod
2582 2939 2634 2994 in
2681 2937 2996 2994 Proverbiis
3029 2935 3263 3012 legitur,
3308 2936 3583 3005 expletum

1986 3047 2101 3092 est:
2129 3036 2336 3090 Anima:
2354 3035 2660 3103 iniquorum
2681 3032 2982 3086 immatura:
2999 3030 3262 3100 peribunt,
3287 3039 3332 3082 et
3347 3029 3583 3096 perversi

301 3119 490 3190 quiens
516 3118 662 3192 [ejus
707 3119 852 3175 enim
893 3119 1077 3176 verbis
1113 3122 1372 3176 utendum
1407 3120 1515 3194 est]
1561 3119 1881 3178 monasterii
1910 3149 1954 3206 ρ
1987 3129 2043 3183 in
2093 3136 2263 3181 morte
2295 3126 2568 3196 repentina
2595 3122 2781 3194 (Prov.
2816 3138 2899 3190 ιι»,
2936 3137 3050 3178 sec.
3078 3119 3289 3190 lLXX.)
3330 3119 3583 3175 Miserum

296 3222 595 3280 curatores,
619 3228 743 3268 cum
773 3212 872 3283 ipsi
903 3213 1037 3268 nihil
1064 3212 1440 3284 deliquissent,
1463 3213 1697 3271 vinculis
1727 3229 1883 3268 man-

295 3306 491 3378 cipasti
542 3323 559 3358 :
603 3306 748 3376 quod
802 3305 906 3361 nisi
951 3319 1047 3362 eos
1089 3306 1276 3362 statim
1303 3305 1598 3371 exstiteris,
1647 3305 1882 3362 acerbus

297 3407 558 3469 praeterea
592 3408 644 3452 te
673 3401 799 3452 that
825 3397 1006 3452 exitus
1044 3406 1251 3452 manet.
1292 3395 1506 3452 Profuit
1551 3395 1792 3468 palatino
1815 3395 1882 3449 ad

295 3493 572 3552 saniorem
635 3501 872 3548 mentem
933 3492 1049 3547 haec
1099 3489 1337 3546 aﬂlictio.
1397 3489 1558 3546 Mane
1607 3489 1773 3560 igitur
1827 3497 1884 3544 et

297 3588 510 3642 vinctos
566 3584 760 3640 eduxit
812 3593 870 3638 et
924 3583 993 3637 ad
1044 3581 1306 3652 templum
1348 3595 1667 3651 properans,
1713 3594 1886 3636 sacrae

297 3680 470 3734 thecae
497 3676 781 3732 advolutus
809 3691 934 3732 cum
963 3675 1220 3746 lacrymis
1257 3674 1498 3730 audacia:
1533 3687 1646 3729 suae
1673 3673 1884 3728 veniam

297 3787 329 3826 a
381 3770 586 3826 Sancto
625 3767 808 3838 petiit,
873 3768 1236 3824 discessurum
1302 3765 1576 3837 extemplo
1618 3763 1886 3821 Lacedae-

297 3877 464 3923 mone
501 3863 847 3934 promittens,
885 3870 942 3916 et
967 3857 1180 3916 civibus
1212 3875 1406 3915 aurum
1429 3858 1577 3930 quod
1605 3867 1885 3928 exegerat,

297 3957 639 4021 relicturum,
681 3955 827 4025 quod
856 3967 915 4009 re
944 3954 1058 4024 ipsa
1085 3956 1364 4024 praestitit.
1391 3950 1529 4007 Nam
1592 3951 1776 4008 aureis
1802 3967 1888 4007 se-

300 4049 582 4121 ptuaginta
636 4045 1042 4120 [septingentis]
1069 4046 1282 4103 duobus
1334 4047 1402 4101 ad
1467 4045 1608 4100 beati
1652 4043 1888 4099 loculum

299 4142 552 4216 abjectis,
581 4140 1326 4216 conscensoequoprotinns
1362 4138 1647 4195 abscessit.
1678 4138 1887 4192 Aurum

299 4213 455 4305 ergo,
495 4232 590 4303 qui
622 4213 956 4290 monasterio
997 4241 1112 4288 tum
1153 4239 1407 4301 praeerat,
1440 4229 1892 4297 Constantinopo'

302 4314 396 4380 lim
422 4324 567 4380 misit
596 4325 665 4380 ad
695 4322 1064 4395 praepositum.
1089 4321 1143 4377 Is
1175 4336 1304 4377 vero
1337 4320 1602 4391 coemptis
1635 4321 1736 4374 hoc
1767 4308 1892 4388 p're-

304 4417 381 4472 tio
418 4416 592 4472 sacris
623 4415 910 4487 pyxidibus
950 4413 1178 4484 aliisque
1220 4413 1472 4484 pretiosis
1519 4411 1754 4466 vasculis
1784 4425 1890 4466 non

1985 3235 2148 3292 porro
2204 3217 2346 3274 illius
2405 3217 2642 3272 cadaver
2693 3215 2946 3286 Spartam
3001 3213 3282 3278 delatum,
3335 3209 3584 3281 sequenti

1985 3321 2142 3366 nocte
2169 3309 2252 3380 (ut
2284 3318 2544 3363 constans
2580 3307 2722 3360 fama
2763 3307 2869 3375 est)
2917 3303 3075 3375 ignis,
3112 3303 3378 3357 incertum
3419 3305 3585 3367 unde,

1985 3403 2036 3456 in
2071 3401 2306 3456 loculum
2339 3400 2672 3467 irrumpens,
2702 3407 2996 3463 utrumque
3023 3393 3184 3448 simul
3220 3392 3582 3460 consumpsit,

1984 3503 2041 3548 et
2076 3493 2129 3547 in
2162 3492 2402 3546 cinerem
2441 3487 2670 3559 redegit.

2055 3584 2174 3640 Non
2212 3583 2394 3637 minus
2437 3579 2738 3650 pavendum
2768 3586 2852 3633 est
2880 3575 3024 3646 quod
3061 3573 3328 3642 sequitur.
3356 3569 3586 3628 Michael

1986 3678 2079 3734 ille
2133 3673 2608 3744 Clnerosphactes,
2679 3671 2763 3724 vir
2814 3667 3028 3725 scilicet
3087 3664 3355 3728 illustris',
3428 3661 3587 3717 nulli-

1987 3787 2093 3844 que
2112 3771 2254 3826 inler
2279 3767 2715 3825 Lacedaemonios
2736 3773 2952 3822 nostros
2981 3763 3210 3828 honore,
3237 3757 3434 3828 gloria,
3463 3755 3584 3827 opi-

1987 3869 2089 3925 bus
2117 3862 2426 3922 secundns:
2458 3861 2524 3916 ad
2548 3861 2664 3915 hate
2696 3855 2972 3922 facundia,
2999 3852 3199 3918 indole,
3229 3851 3426 3916 forma,
3456 3863 3584 3903 sua-

1991 3960 2168 4014 vitate,
2191 3930 2436 4017 morum,
2482 3949 2746 4022 sapientia
2793 3947 3010 4015 aliaque
3053 3941 3203 3997 omni
3254 3939 3411 3993 laude
3445 3951 3585 4006 prae-

1990 4059 2144 4105 stans
2175 4054 2322 4112 erat,
2355 4043 2492 4099 adeo
2526 4049 2586 4095 ut
2617 4041 2670 4094 in
2699 4052 2795 4093 ore
2824 4035 3074 4092 omnium
3101 4045 3224 4087 cum
3258 4028 3581 4084 suavissimo

1991 4156 2150 4198 sensu
2196 4145 2526 4194 versaretur.
2561 4132 2668 4189 Sed
2729 4144 2895 4200 quam
2943 4124 3159 4182 diliicile
3206 4131 3288 4177 est
3330 4123 3583 4176 humana:

1992 4243 2198 4288 naturae
2229 4229 2400 4286 hostis
2427 4226 2636 4282 insidiis
2671 4237 2947 4294 nunquam
2980 4217 3369 4279 succumbere,
3409 4223 3585 4268 recte-

1992 4340 2098 4396 que
2137 4326 2240 4377 iter
2273 4334 2445 4390 usque
2485 4313 2554 4373 ad
2584 4315 2746 4370 tinent
2787 4312 3053 4370 inoffenso
3080 4308 3219 4379 pede
3253 4307 3545 4360 decurrere
3566 4302 3592 4354 2

1995 4415 2225 4472 Deflexit
2250 4413 2334 4468 vir
2360 4406 2826 4478 incomparabilis,
2856 4415 2911 4458 et
2941 4401 3153 4456 invidia:
3175 4397 3296 4451 face
3324 4409 3590 4448 accensus

303 4509 514 4582 paucis,
536 4510 606 4565 ad
635 4509 1027 4566 ωοηεειθΐὶυω
1065 4509 1249 4562 omlia
1278 4507 1488 4570 deﬂuit.
1514 4521 1632 4575 quae
1655 4506 1721 4559 ad
1743 4505 1887 4558 hunc
1916 4497 1966 4558 Β
1990 4517 2178 4564 contra
2227 4502 2613 4559 monasterium
2644 4494 2992 4568 impudenter
3032 4491 3271 4555 exarsit,
3316 4488 3593 4582 levissimo

304 4617 480 4673 usque
508 4602 651 4658 diem
680 4601 867 4672 templi
932 4599 1119 4654 usibus
1162 4596 1543 4668 percommode
1571 4605 1894 4661 cernuntur,

306 4704 364 4750 et
384 4693 727 4765 splendorem
750 4692 827 4748 illi
855 4707 965 4747 non
1003 4704 1231 4761 parvum
1253 4691 1478 4754 addunt,
1505 4687 1672 4742 variis
1693 4685 1897 4756 alioqui

305 4796 364 4842 et
404 4785 638 4858 egregiis
689 4786 932 4841 omnium
978 4797 1239 4856 generum
1289 4780 1625 4836 ornamentis
1669 4779 1894 4842 referto,

307 4892 440 4933 cura
482 4877 538 4933 in
586 4877 779 4948 primis
825 4875 1116 4947 studioque
1163 4873 1406 4945 ejusdem
1453 4870 1750 4942 praepositi.
1800 4869 1897 4926 Hic

273 5008 281 5016 .
309 4967 452 5024 enim
485 4968 572 5024 vir
604 4969 840 5039 optimus
867 4977 922 5023 et
953 4964 1547 5038 magniﬁcentissimos,
1578 4964 1763 5019 divino
1779 4963 1898 5019 zelo

311 5077 636 5129 succensus,
665 5077 882 5118 omnem
913 5076 1134 5131 operam
1171 5060 1372 5131 posuit,
1412 5068 1472 5114 ut
1519 5057 1701 5126 templi
1745 5067 1898 5112 vetu-

311 5170 514 5215 statem
559 5161 900 5229 ahstergeret
930 5157 1155 5229 ejusque
1185 5156 1424 5226 speciem
1486 5153 1704 5223 penitus
1747 5167 1901 5208 reno-

311 5261 492 5316 varet,
539 5249 683 5319 quod
706 5258 763 5304 et
782 5249 1025 5304 donariis
1049 5247 1240 5303 deinde
1279 5243 1698 5316 quamplurimis
1727 5243 1896 5306 anxit,

312 5341 694 5396 columnarum
734 5338 965 5406 fulgore,
1014 5337 1304 5410 politornm
1340 5333 1582 5404 lapidum
1623 5331 1900 5388 coloribus

313 5437 502 5504 variis,
541 5437 986 5506 pictnrarumque
1017 5432 1593 5506 praestantissimarum
1636 5428 1900 5485 varietate

312 5530 733 5594 eondecoravit,
766 5530 1064 5600 porticibus
1104 5530 1267 5585 etiam
1301 5535 1356 5582 et
1400 5523 1684 5582 vestibulis
1728 5522 1904 5594 gradi-

315 5625 528 5694 busque
562 5620 940 5678 circumcinxit
974 5638 990 5675 :
1026 5620 1092 5675 ad
1137 5633 1260 5675 eam
1311 5616 1544 5686 denique
1579 5612 1897 5686 dignitatem

391 5807 412 5841 ⁸
437 5807 599 5862 Prov.
635 5821 719 5870 ιιι,
749 5820 857 5858 sec.
888 5800 1047 5857 LXX.

1995 4597 2273 4670 cujusdam
2324 4594 2442 4666 agri
2485 4601 2779 4664 praetextu,
2818 4602 2980 4658 quem
3023 4583 3221 4638 laadere
3271 4578 3593 4636 monasterii

1995 4705 2190 4764 pecora
2205 4688 2546 4744 dicebantur.
2565 4682 2707 4752 Ergo
2720 4679 2944 4735 collecta
2964 4675 3394 4732 facinorosorum
3420 4671 3594 4726 homi-

1998 4799 2124 4839 num
2154 4797 2340 4844 tnanu,
2371 4794 2496 4835 cum
2519 4776 2585 4831 ad
2612 4777 2790 4832 locum
2813 4773 3080 4835 venisset,
3109 4768 3344 4840 primum
3375 4764 3594 4836 quidem

1997 4873 2275 4931 Zositnum
2312 4869 2638 4926 monachum
2682 4865 2840 4920 annis
2873 4875 3126 4933 gravem,
3149 4860 3240 4928 qui
3274 4855 3594 4910 monasterii

1997 4982 2086 5023 res
2113 4963 2458 5036 procurabat,
2487 4959 2619 5014 nihil
2649 4957 2767 5027 ejus
2799 4969 2989 5019 canos,
3019 4965 3120 5008 nec
3155 4950 3412 5004 virtutem
3456 4946 3599 5000 veri-

2001 5070 2119 5123 tus,
2146 5065 2298 5112 veste
2324 5069 2423 5110 sua
2449 5051 2737 5122 spoliatum
2782 5059 2947 5116 atque
2997 5044 3052 5098 in
3116 5053 3319 5098 terram
3355 5046 3600 5110 prostra—

2002 5161 2135 5215 tum,
2170 5148 2363 5219 pugnis
2394 5145 2736 5212 Instihusque
2785 5141 2857 5194 ita
2883 5135 3125 5198 vexavit,
3159 5142 3219 5217 ut
3251 5141 3461 5186 tantum
3494 5142 3599 5179 non

1997 5237 2704 5307 exanimatumreliquerit;
2741 5233 2939 5290 deinde
2985 5229 3391 5301 Syracusanum
3441 5219 3594 5274 illum

2005 5335 2319 5407 Dionysium
2344 5332 2547 5387 imitari
2575 5329 2765 5385 volens
2786 5373 2800 5398 ,
2829 5329 2881 5382 in
2913 5334 3156 5397 agrestes
3183 5320 3350 5374 etiam
3400 5329 3596 5382 operas

2006 5426 2342 5495 famulosque
2361 5423 2554 5480 saevire
2581 5423 2829 5492 parabat,
2847 5419 2951 5474 nisi
2978 5416 3103 5484 fuga
3131 5410 3291 5466 saluti
3321 5423 3432 5462 sua:
3465 5421 3599 5461 con-

2006 5516 2320 5573 sulnissent.
2341 5513 2480 5570 Tum
2500 5529 2630 5570 vero
2663 5509 2979 5569 monasterii
3004 5519 3093 5561 res
3115 5515 3307 5560 omnes
3333 5499 3598 5571 Nysornm

2006 5611 2203 5683 praeda:
2233 5610 2504 5680 exposuit,
2537 5623 2644 5664 non
2680 5605 2850 5664 caulis
2901 5599 3054 5672 ipsis,
3105 5604 3472 5670 pecorumque
3510 5603 3596 5644 se-
