4096 6466
478 359 586 422 987

1710 365 2124 426 TilEODOSlI
2193 366 2502 426 DIACONI

3658 361 3766 427 93$

480 481 590 550 ptis
618 494 871 548 parcens,
895 480 1093 549 quibus
1119 481 1280 536 etiam
1315 481 1559 536 ﬂammas
1583 482 1832 550 subjecit,
1857 501 1922 539 ne
1941 487 2067 552 quid
2103 491 2145 547 Α
2177 499 2379 549 nostra,
2416 498 2639 554 pravum
2669 484 2959 548 ﬁctumque
2993 477 3226 533 hominis
3249 478 3487 532 animum
3513 480 3762 538 intuens:

479 579 625 626 esset
652 586 756 638 quo
779 572 883 640 tegi
908 586 1084 640 caprae
1120 587 1358 640 ovesque
1389 585 1442 627 et
1464 591 1491 625 a
1517 573 1693 627 furum
1712 572 2060 644 ferarumque

480 662 694 717 insidiis
738 661 950 715 defendi
999 672 1236 730 possent.
1289 663 1360 717 Ita
1411 665 1660 729 domum,
1705 667 1858 734 quasi
1906 679 2059 736 parta

484 751 730 817 victoria,
762 764 952 815 ovans,
983 750 1033 804 in
1062 767 1199 819 equo
1224 755 1389 805 miser
1415 753 1881 817 exsultabat,cum
1909 756 2059 809 subi-

493 856 600 899 tam
631 845 790 900 illata
830 855 1018 899 saneto
1040 844 1248 912 injuria:
1279 847 1567 900 vindictam
1598 859 1853 916 expertus
1881 860 1988 904 est.

557 935 744 990 XXIV.
783 935 949 990 Nocte
972 937 1233 1001 insecuta,
1268 940 1523 1004 terribili,
1549 951 1606 994 ut
1639 941 1689 994 in
1722 943 1804 995 his
1829 944 2058 1007 solebat,

483 1037 705 1096 aspectu
736 1029 1024 1082 dormienti
1061 1041 1281 1085 sanctus
1302 1031 1471 1086 Nicon
1513 1047 1572 1086 se
1612 1033 1828 1100 objicit,
1855 1036 2064 1103 gravis-

482 1118 744 1187 simisque
787 1131 844 1173 et
895 1122 1181 1176 acerrimis
1209 1124 1386 1176 verbis
1429 1127 1757 1194 increpans:
1790 1127 1929 1192 Quid
1963 1128 2059 1181 tibi

489 1226 721 1277 mecum,
764 1213 862 1278 ait,
915 1224 977 1269 ut
1011 1224 1217 1269 tantum
1273 1218 1515 1271 audacia:
1546 1219 1851 1288 furorisque
1875 1223 2061 1274 conci-

482 1313 630 1372 pere,
667 1313 722 1360 et
745 1315 933 1360 contra
965 1321 1061 1360 nos
1111 1309 1388 1378 Deumque
1442 1312 1615 1380 ipsum
1645 1311 1928 1381 insurgere
1955 1326 2059 1364 non

483 1395 808 1451 i‘urmidares
830 1397 854 1451 7
880 1395 987 1453 Sed
1012 1398 1251 1452 diuturni
1281 1402 1604 1469 arrogantiae
1647 1402 1803 1471 hujus
1834 1412 2062 1456 conatus

487 1503 590 1541 non
629 1498 810 1554 erunt,
858 1489 1170 1559 seutiesque
1194 1494 1410 1546 tandem
1449 1493 1593 1547 haud
1622 1493 1914 1560 optabilem
1947 1494 2064 1546 exi-

485 1587 595 1632 tum
623 1578 755 1645 fore,
793 1595 858 1634 ac
883 1581 1096 1638 docebit
1139 1584 1474 1650 experientia
1517 1595 1776 1652 quantum
1819 1587 1944 1640 mali
1995 1587 2066 1640 sit

486 1670 785 1734 tmneritas,
813 1680 869 1726 et
894 1672 1127 1740 projecta
1152 1675 1203 1726 in
1227 1673 1393 1728 Deu'u
1448 1676 1672 1744 ejusque
1695 1692 1882 1731 servos
1913 1693 2068 1730 arro-

483 1760 706 1830 gantia;
747 1772 910 1831 atque
953 1764 1037 1818 his
1070 1765 1230 1821 dictis
1278 1768 1522 1820 recessit.
1574 1766 1887 1821 Michaelem
1934 1783 2065 1822 vero

2168 579 2342 647 qualis
2373 577 2427 630 in
2449 576 2722 644 plenisque
2749 572 2887 628 solet
2917 585 3038 624 esse
3069 568 3382 623 mortalium
3410 585 3424 621 :
3471 571 3561 636 qui
3628 580 3770 622 tem-

2167 683 2299 737 pore
2327 668 2544 737 quidem
2579 665 2883 720 afﬁictianis
2910 663 3004 716 Dei
3035 663 3392 716 recordantur
3414 701 3428 724 ,
3459 675 3768 730 aspernan-

2171 770 2256 814 tur
2278 770 2454 814 autem
2481 774 2602 812 cum
2630 757 2864 824 exempti
2896 755 3049 808 malis
3083 753 3324 807 fuerint:
3352 753 3559 806 irritam
3594 762 3774 819 atque

2172 853 2392 908 inanem
2430 851 2580 905 abire
2605 848 2724 917 ejus
2749 847 3054 902 orationem
3087 861 3277 914 passus
3307 856 3410 900 est.
3447 845 3648 910 Quare,
3679 846 3773 898 in-

2169 952 2520 1014 gravescente
2539 942 2590 995 vi
2611 941 2781 995 morbi
2805 941 2856 993 in
2878 939 3139 992 luctuosis
3167 937 3272 990 illis
3293 937 3516 990 vocibus
3539 950 3777 1003 oppres-

2169 1050 2263 1091 sus
2291 1043 2376 1100 est
2429 1051 2444 1088 :
2499 1033 2650 1102 gravi
2693 1030 2968 1086 ferocibus
3015 1028 3372 1098 superbisque
3405 1028 3784 1092 documento,

2170 1134 2228 1178 ut
2254 1127 2329 1179 ira
2361 1141 2458 1178 sua
2490 1125 2767 1178 moderate
2801 1124 2878 1177 uti
2907 1121 3141 1184 discant,
3179 1119 3382 1188 Deique
3421 1118 3627 1187 judicia
3670 1133 3770 1171 re-

2171 1215 2494 1271 formident.

2236 1306 2428 1361 XXVI.
2471 1306 2723 1361 Praetoris
2753 1317 2973 1357 munere
2999 1302 3266 1372 prievipna
3289 1314 3411 1353 cum
3439 1299 3598 1352 laude
3635 1309 3776 1367 pera

2173 1398 2390 1453 functus
2415 1396 2643 1450 Basilius
2670 1394 2986 1464 Apocaucus
3007 1391 3108 1462 (6),
3143 1406 3302 1458 quem
3346 1405 3508 1457 supra
3551 1402 3774 1442 memo—

2174 1491 2410 1544 ravimus
2447 1489 2756 1558 priusquam
2792 1487 2989 1540 rediret
3033 1485 3087 1536 in
3121 1483 3372 1550 patriam,
3408 1481 3766 1534 Lacedaemo-

2173 1596 2295 1636 nem
2327 1581 2492 1644 venit,
2521 1589 2576 1632 ut
2603 1593 2815 1633 sacram
2846 1576 2996 1630 Beati
3030 1575 3241 1629 thecam
3262 1575 3534 1637 adoraret,
3566 1587 3771 1625 suum-

2173 1687 2280 1742 que
2309 1673 2361 1726 in
2407 1672 2555 1725 illum
2593 1685 2832 1724 altiorem
2863 1678 2917 1722 et
2960 1667 3198 1722 studium
3225 1673 3550 1730 testaretur;
3579 1665 3765 1720 disce-

2173 1763 2310 1818 dens
2352 1772 2542 1818 autem
2575 1762 2860 1818 collectum
2908 1760 3130 1815 vasculo
3176 1773 3335 1813 sacro
3403 1767 3774 1826 unguentum.

488 1849 872 1906 ardentissima
908 1852 1055 1907 illico
1085 1855 1251 1908 febris
1281 1856 1559 1920 invasit,et
1588 1873 1710 1912 cum
1739 1858 1889 1913 febre
1913 1874 2072 1928 para-
2109 1835 2147 1889 Β
2180 1856 2322 1925 quod
2367 1854 2776 1910 sanetiﬁcatioui
2819 1852 3080 1919 malisque
3129 1850 3334 1905 morbis
3361 1848 3616 1902 omnibus
3661 1846 3772 1900 de-

489 1939 640 2009 lysis.
668 1940 746 1996 ita
783 1945 1002 1999 domum
1039 1946 1262 2011 relatus,
1288 1960 1513 2003 mortem
1537 1952 1912 2019 exspectabat.
1934 1950 2072 2006 Cum

490 2032 684 2086 iterum
722 2034 823 2103 ipsi
859 2044 1110 2109 tanquam
1146 2038 1197 2091 iu
1245 2043 1441 2094 tuentis
1473 2055 1696 2096 excessu
1732 2042 1946 2098 oblatus
1981 2041 2078 2095 Ni-

489 2135 616 2184 con,
649 2125 1004 2179 succensebat
1026 2141 1208 2192 porro,
1228 2126 1526 2197 eademque
1547 2147 1668 2185 cum
1693 2131 1854 2187 minis
1877 2146 2078 2200 expro-

490 2212 702 2266 brabat.
745 2211 900 2269 Unde
943 2217 1009 2271 ad
1050 2221 1485 2291 consanguineos
1521 2223 1612 2290 qui
1645 2223 1908 2284 aderant,
1939 2238 2067 2274 ron-

491 2316 718 2358 versus:
746 2303 865 2359 Non
891 2308 1102 2372 videtis,
1136 2312 1230 2375 ait,
1258 2315 1579 2368 monachum
1607 2314 1793 2379 istum,
1818 2315 1906 2383 qui
1939 2314 2074 2370 mihi

491 2391 608 2444 dira
634 2394 814 2448 omnia
834 2396 1151 2454 minitatur?
1172 2398 1307 2457 Tum
1327 2403 1521 2472 expelli
1549 2413 1604 2458 et
1631 2404 1778 2475 abigi
1824 2420 1952 2462 eum
1989 2421 2076 2461 ro-

491 2482 654 2549 gabat
686 2491 850 2552 atque
875 2485 1122 2555 jubebat.

564 2568 730 2624 XXV.
776 2571 970 2628 Verum
1011 2576 1120 2641 illi,
1163 2579 1287 2647 quia
1321 2582 1588 2636 neminem
1621 2584 1906 2648 videbant,
1961 2601 2078 2654 am-

493 2662 634 2728 plius
674 2666 1048 2723 morabantur.
1095 2670 1258 2750 Paulo
1297 2683 1418 2741 post
1460 2691 1580 2728 eum
1625 2678 1692 2731 ad
1726 2693 1786 2732 se
1838 2680 2071 2748 quodam

496 2753 656 2807 modo
687 2757 972 2824 rediisset.
1018 2775 1082 2815 ex
1120 2763 1400 2833 utriusque
1432 2767 1528 2821 visi
1572 2770 1904 2839 argumentis
1948 2772 2072 2825 mali

494 2847 577 2900 sui
609 2863 827 2906 causam
866 2855 1212 2923 coniectans,
1256 2859 1544 2913 stultitiam
1583 2877 1734 2915 suam
1780 2867 2075 2932 reprehen-

405 2973 408 2976 .
495 2940 626 2992 dere
674 2942 1143 3012 calamitatemque
1189 2947 1468 3003 lamentari
1509 2953 1707 3018 coepit:
1743 2951 1856 3006 lleu
1883 2954 1896 3006 ι
1927 2954 2071 3009 heul

497 3029 705 3096 inquit,
733 3031 856 3099 quia
891 3035 1023 3088 mihi
1065 3053 1207 3092 nunc
1240 3049 1428 3094 contra
1477 3058 1635 3108 quam
1669 3041 1770 3098 Job
1799 3044 2070 3114 contigit:

501 3115 683 3172 Timor
705 3120 864 3186 enim,
893 3139 1045 3191 quem
1069 3141 1172 3179 non
1197 3125 1462 3195 timebam,
1489 3133 1656 3186 evenit
1685 3133 1834 3196 mihi,
1859 3143 1906 3186 et
1930 3133 2072 3202 quod

501 3224 604 3260 non
631 3209 862 3282 verebor,
885 3213 1076 3269 accidit
1112 3217 1154 3270 ⁷.
1178 3215 1383 3273 Deinde
1408 3217 1632 3278 sceleris
1647 3225 2075 3281 emendationem
2105 3192 2146 3249 ϐ

501 3300 817 3368 pomitentia
851 3306 1191 3372 promittens,
1223 3319 1278 3363 et
1305 3312 1444 3378 quod
1478 3321 1589 3366 tum
1619 3323 1812 3369 cetera
1845 3333 1967 3386 qua:
1996 3318 2079 3371 in-

501 3392 750 3446 consulto
779 3406 986 3464 egerat,
1010 3401 1326 3470 corrigeret,
1362 3412 1470 3456 tum
1499 3405 1778 3460 caularum
1810 3410 2084 3466 cancellos

504 3480 697 3537 ferreis
732 3488 996 3557 repagulis
1028 3492 1352 3560 obvallaret,
1412 3497 1582 3551 morbi
1623 3498 1782 3554 linem
1807 3503 1963 3556 unice
1991 3504 2086 3557 de-

501 3573 848 3639 precabatur.
889 3577 1157 3635 Czeterum
1207 3582 1322 3650 ejus
1365 3601 1552 3654 preces
1595 3602 1624 3639 a
1661 3587 1772 3644 Deo
1815 3592 2085 3647 exauditae

505 3678 613 3719 non
636 3677 756 3721 sunt
778 3709 793 3735 ,
829 3669 1086 3728 Dominus
1111 3677 1278 3742 enim,
1313 3678 1402 3746 qui
1436 3677 1592 3733 ﬁnxit
1623 3680 1895 3752 sigillatim
1920 3683 2083 3739 corda

576 3779 595 3809 ⁷
625 3779 731 3836 Job
769 3797 852 3845 Ill,
877 3785 970 3842 25.

577 3898 656 3969 (6)
689 3899 882 3958 Baron.
916 3906 982 3959 ad
1007 3923 1098 3961 an.
1129 3907 1226 3963 981

2183 1947 2442 2016 pellendis
2467 1947 2766 2014 proﬁcuum
2791 1955 2957 2008 esset,
2986 1945 3202 1998 domum
3245 1942 3387 1996 tulit.
3442 1940 3595 1992 Domi
3635 1953 3788 2008 ergo

2182 2039 2470 2110 quemdam
2497 2051 2561 2092 ex
2590 2037 2822 2102 famulis,
2851 2051 3010 2106 quem
3039 2036 3091 2088 in
3121 2033 3330 2088 intimis
3357 2031 3615 2093 habebat,
3637 2044 3776 2098 grao

2183 2132 2232 2185 vi
2262 2130 2556 2197 lethalique
2579 2129 2768 2183 morbo
2801 2127 3237 2188 decumbentem,
3265 2139 3329 2178 ac
3355 2125 3636 2192 desperata
3669 2135 3786 2190 per

2184 2222 2454 2276 medicum
2482 2219 2804 2283 valetudine,
2829 2218 3165 2288 deploratum
3185 2223 3376 2269 nactus
3403 2214 3588 2269 divino
3617 2212 3766 2280 quod

2181 2313 2406 2384 gerebat
2435 2319 2707 2378 unguento
2733 2308 3055 2376 Gregorium
3105 2306 3182 2376 (id
3210 2305 3352 2358 enim
3375 2317 3535 2358 servo
3571 2315 3777 2356 nomen

2181 2403 2336 2474 erat)
2363 2413 2511 2458 certa
2553 2401 2659 2457 ﬁde
2701 2416 2854 2470 spem
2897 2399 3130 2453 fulciens
3165 2396 3400 2451 innuxit.
3437 2393 3547 2448 Res
3586 2393 3720 2445 mira
3754 2393 3784 2444 ι·

2181 2496 2283 2548 sub
2309 2493 2544 2548 mediam
2579 2502 2790 2546 noctem
2821 2504 2852 2544 e
2887 2490 3026 2544 lecto
3059 2497 3280 2557 repente
3307 2485 3566 2540 desiliens
3593 2497 3788 2552 aeger,

2182 2586 2403 2653 suisque
2424 2584 2650 2650 pedibus
2663 2583 2937 2651 gradiens,
2953 2595 3149 2634 sonora
3177 2593 3308 2633 voce
3325 2577 3416 2646 qui
3445 2575 3603 2628 modo
3627 2573 3773 2627 elin-

2181 2678 2300 2745 guis
2323 2686 2459 2738 erat,
2484 2689 2706 2728 uxorem
2734 2682 2916 2728 vocat.
2946 2673 3264 2740 Apocaueus
3293 2670 3358 2723 ad
3385 2669 3534 2723 vocis
3576 2681 3774 2720 sonum

2179 2769 2412 2833 excitus,
2447 2769 2705 2832 accurrit,
2733 2778 2786 2822 et
2809 2767 3052 2829 sanitati,
3087 2755 3180 2818 atit
3203 2765 3325 2817 vitae
3345 2763 3523 2828 potius
3547 2763 3777 2815 restitu-

2181 2869 2293 2914 tum
2311 2873 2556 2922 cernens,
2574 2859 2800 2913 modum
2830 2871 3129 2926 causasqae
3170 2856 3489 2923 interrogat.
3523 2854 3661 2907 Tum
3685 2855 3781 2905 ille

2181 2952 2506 3004 monachum
2525 2951 2625 3006 sibi
2643 2949 2931 3019 quemdam
2950 2949 3191 3004 adfuisse
3208 2949 3302 3011 ait,
3328 2947 3589 3016 insignem
3606 2959 3792 3000 crure'

2182 3045 2386 3113 virgam
2405 3059 2564 3098 manu
2578 3042 3145 3114 gerentem,‘cultuque
3159 3039 3403 3110 corporis
3419 3037 3704 3092 eremitico
3724 3051 3781 3089 et

2182 3135 2428 3189 lethalem
2472 3137 2720 3190 morbum
2760 3135 3008 3204 protinus
3045 3133 3338 3202 depulisse.
3388 3133 3587 3184 Astans
3624 3127 3784 3182 enim

2179 3225 2334 3289 mihi,
2371 3226 2573 3288 aiebat,
2592 3225 2892 3280 monachus
2915 3224 3004 3279 ille
3027 3223 3206 3292 (cujus
3224 3224 3386 3277 etiam
3403 3222 3586 3276 vultus
3605 3220 3784 3273 linea-

2177 3326 2358 3370 menta
2386 3316 2732 3385 signabat,“
2757 3317 2952 3386 quibus
2969 3317 3288 3386 Apocaucus
3332 3323 3581 3369 sanctum
3608 3311 3784 3364 fuisse

2179 3408 2393 3476 didicit)
2416 3422 2686 3474 manuque
2703 3406 3045 3476 prehendens
3075 3423 3090 3460 :
3131 3407 3291 3468 Deus,
3324 3403 3519 3473 inquit,
3553 3409 3784 3471 propter

2179 3498 2452 3567 Apocauci
2488 3501 2644 3554 ﬁdem
2676 3501 2841 3555 vitam
2873 3499 2968 3554 tibi
2998 3499 3303 3554 Metanoita:
3327 3495 3579 3567 precibus
3609 3493 3784 3562 largi-

2182 3603 2304 3655 tur,
2335 3601 2390 3647 et
2429 3609 2554 3648 cum
2598 3593 2701 3648 hoc
2740 3593 2884 3648 dicto
2918 3593 3104 3648 statim
3137 3592 3290 3648 abiit.
3326 3590 3439 3662 Ego
3479 3603 3611 3645 vero
3639 3589 3788 3643 inte-

2184 3701 2340 3756 grain
2377 3686 2745 3742 valetudinem
2771 3686 2998 3757 adeptus
3027 3699 3176 3741 sum.

523 4052 3754 4106 Μ

1743 4235 1914 4279 ANNO
1970 4238 2199 4281 DOMINI
2241 4239 2516 4286 CMLXIH.

786 4429 2182 4617 THEODOSIUS
2301 4436 3503 4622 MONACHUS

1488 4923 1729 5012 NIC.
1819 4923 2234 5013 MARUE
2317 4924 2812 5016 FOGGINI

1948 5096 2329 5196 MONITUM

1346 5281 1458 5340 DE
1510 5279 2006 5342 THEODOSIO
2039 5281 2162 5341 ET
2187 5281 2398 5344 EJUS
2435 5282 2978 5345 ACROASIBUS.

1467 5444 1619 5506 (Hist.
1649 5448 1844 5512 Byzant.
1876 5447 2097 5510 Append.
2131 5462 2270 5499 nova.
2297 5449 2481 5511 Romae,
2508 5450 2650 5511 i777,
2684 5451 2798 5515 fol.)

582 5731 810 5827 .Crctam
837 5733 1323 5827 insulamfeulum
1358 5739 1513 5804 olim,
1539 5750 1598 5795 ut
1627 5742 1879 5799 iioratius
1910 5745 2108 5800 cecinit
2136 5745 2229 5800 lib.
2265 5761 2343 5809 Ill,
2396 5745 2482 5798 od.
2517 5743 2608 5810 ‘27,
2650 5753 2911 5810 potentem
2961 5745 3195 5814 oppidis,
3229 5757 3392 5815 quam
3431 5740 3668 5812 Agareni
3708 5739 3779 5793 ab

527 5809 786 5885 iiispania
820 5820 1049 5892 profecti
1076 5823 1340 5882 Michacle
1375 5827 1541 5884 Balbo
1570 5830 1895 5892 imperatore
1927 5848 2014 5886 an.
2047 5833 2178 5888 Chr.
2210 5834 2314 5888 8'25
2357 5809 2783 5900 occupaverant,
2817 5809 3163 5903 Nicephorius
3199 5809 3436 5900 Pliocas,
3470 5809 3599 5887 tunc
3629 5839 3777 5886 tem-
