4096 6458
365 367 468 432 989
1106 367 1505 432 ACROASES.
1535 396 1603 404 ·-
1630 371 1679 432 N
1690 374 1779 432 lC.
1825 373 2087 431 MARle
2128 373 2445 434 FOGGlNl
2492 373 2870 437 MONITUM.
3513 381 3622 447 990

367 477 518 550 poris
554 477 813 546 mag'stcr
865 487 919 531 et
953 475 1264 531 scholarum
1311 477 1658 532 orientalium
1716 478 2068 544 domesticus,
2109 481 2242 536 [usis
2304 481 2600 552 deletisque
2653 485 2928 551 Barbaris,
2964 485 3334 546 Romanorum
3371 496 3604 563 imperio

369 570 634 634 restituit,
688 569 930 623 Romano
958 567 1182 624 Juniore
1207 571 1552 638 imperatore,
1589 588 1678 626 an.
1713 573 1843 627 Chr.
1874 572 2002 628 961.
2045 574 2196 628 llanc
2249 576 2675 643 expeditionem,
2713 577 2941 633 Romani
2987 580 3334 650 imperatoris
3361 585 3546 652 jussu,
3587 607 3614 642 a

361 658 676 734 Nicephoro
717 667 949 717 inaxima
988 661 1270 718 celeritate
1297 662 1530 721 feliciter
1566 662 1868 720 confectam
1895 675 2188 735 sequentes
2229 667 2503 723 Acroases
2536 669 2778 738 quinque
2805 670 3088 727 celebrant
3112 683 3166 727 et
3186 685 3473 730 exornant.
3511 677 3616 733 Eas

362 754 530 809 edere
564 754 858 809 meditatus
879 764 962 808 est
986 752 1113 808 olim
1149 752 1454 819 Maltretus,
1493 754 1587 808 sed
1612 753 1844 822 primum
1878 770 2050 825 nuper
2075 755 2243 810 edidit
2269 754 2574 812 Flaminius
2603 759 2889 816 Cornelius
2919 764 3112 820 nobilis
3147 764 3384 821 Venetus
3425 767 3477 821 iu
3509 783 3611 823 suo

361 851 427 906 de
461 849 619 905 Creta
652 867 807 905 sacra
841 850 1232 905 commentario
1269 858 1402 906 tom.
1429 850 1473 916 Ι,
1531 867 1584 920 p.
1614 851 1743 908 269.
1776 849 1968 907 Nullus
2007 851 2166 916 alius,
2205 854 2295 921 qui
2345 868 2440 908 eas
2480 855 2893 924 complectatur.
2945 858 3250 926 usquedum
3306 861 3606 915 inuotescit

361 954 520 999 vetus
541 943 735 1006 codex,
769 953 970 1012 prazter
993 941 1312 999 Vaticanum
1335 951 1584 998 notatum
1627 959 1780 1000 num.
1813 943 1940 1010 997,
1971 943 2166 999 litteris
2189 959 2338 1022 pene
2365 945 2478 1016 jam
2521 947 3011 1016 exsolesceutibus,
3037 960 3088 1004 et
3121 965 3150 1004 a
3176 954 3388 1006 notario
3412 954 3616 1020 potius,

361 1052 528 1106 quam
558 1052 589 1090 a
631 1036 854 1092 librario
895 1040 1179 1106 scriptum,
1201 1052 1266 1092 ev
1300 1052 1412 1106 quo
1437 1045 1550 1092 tum
1587 1037 1890 1104 Maltretus,
1924 1039 2109 1093 Allatii
2138 1054 2292 1103 cura,
2351 1051 2464 1096 tum
2490 1041 2778 1101 Cornelius
2829 1059 3107 1114 accepere.
3164 1047 3354 1115 Itaque
3389 1048 3606 1102 easdem

378 1140 669 1182 recensere
699 1142 762 1181 ac
791 1130 1050 1182 recudere
1072 1127 1274 1193 jussus,
1307 1131 1409 1186 boc
1435 1129 1608 1186 solum
1649 1140 1909 1199 praestare
1929 1131 2109 1198 potui,
2165 1142 2223 1185 ut
2253 1134 2428 1200 ipsum
2463 1134 2706 1188 codicem
2741 1136 3062 1191 Vaticanum
3123 1139 3320 1193 iterum
3349 1140 3604 1194 consule-

373 1235 511 1279 rem,
539 1228 739 1273 etcum
793 1218 1114 1272 Corneliana
1156 1220 1396 1273 editione
1443 1220 1770 1285 conferrem,
1817 1236 1980 1288 quem
2022 1222 2263 1278 laborem
2319 1239 2426 1278 non
2451 1225 2569 1280 sine
2601 1225 2778 1280 fructu
2820 1231 2996 1298 exegi,
3027 1229 3129 1284 etsi
3161 1245 3360 1299 anceps
3399 1232 3609 1300 haereo,

360 1323 545 1364 utrum
581 1319 636 1364 et
668 1324 770 1379 ego
799 1311 939 1378 ipse,
963 1320 1076 1364 tum
1104 1309 1174 1364 ob
1204 1310 1408 1366 codicis
1437 1311 1589 1378 vitia,
1623 1319 1736 1366 tum
1785 1311 1855 1365 ob
1901 1313 2232 1384 singularem
2285 1325 2457 1382 poetae
2493 1317 2764 1386 sequioris
2824 1319 2922 1372 aevi
2971 1319 3196 1389 stylum,
3237 1321 3417 1374 omnia
3472 1321 3612 1376 bene

360 1413 648 1457 assecutus
693 1401 818 1456 sim.
877 1400 1058 1467 Quare
1115 1401 1482 1457 dubitationes
1540 1403 1802 1472 quasdam
1862 1417 2010 1458 meas
2065 1419 2128 1459 ac
2189 1405 2534 1472 conjecturas
2565 1407 2618 1462 in
2659 1408 2918 1477 subjectis
2970 1410 3416 1466 adnotationibus
3457 1411 3601 1466 indi-

359 1497 519 1560 cabo,
551 1495 642 1550 ubi
679 1497 842 1550 etiam
873 1495 1023 1564 plura
1057 1511 1384 1565 prosequar,
1411 1511 1532 1564 qua:
1567 1511 1762 1551 sensus
1793 1496 2033 1551 auctoris
2057 1511 2121 1552 ac
2147 1511 2328 1552 rerum
2362 1499 2640 1554 historiam
2673 1500 3002 1557 luculentius
3034 1513 3328 1570 exponant.

433 1588 566 1654 Quis
598 1587 762 1642 fuerit
787 1585 1124 1642 Theodosius
1154 1589 1436 1652 dial-onus,
1459 1589 1550 1656 qui
1587 1589 1749 1642 hasce
1781 1587 2050 1644 Acroases
2082 1590 2408 1655 composuit,
2442 1591 2736 1646 obscurum
2772 1594 2994 1647 omnino
3019 1603 3103 1648 est
3140 1612 3153 1648 :
3185 1597 3280 1649 sed
3307 1595 3610 1652 nullatenus

358 1681 615 1737 dubitare
644 1681 790 1746 licet,
822 1680 987 1734 fuisse
1030 1695 1152 1732 eum
1181 1679 1438 1734 Ecclesia:
1479 1679 2097 1747 Constantinopolitantc
2126 1679 2438 1736 diaconum.
2477 1682 2645 1737 Porro
2675 1699 2739 1738 ex
2778 1686 3002 1753 epistola
3030 1702 3136 1755 qua
3179 1688 3446 1744 Acroases
3477 1707 3607 1745 suas

357 1769 669 1845 Nicephoro
695 1773 934 1836 dedicat,
967 1773 1122 1843 plane
1151 1774 1338 1840 liquet,
1371 1775 1620 1828 emisisse
1644 1789 1738 1829 eas
1771 1774 1822 1827 in
1856 1774 2030 1830 lucem
2064 1784 2186 1844 post
2211 1785 2596 1843 praematurum
2631 1775 2858 1832 Romani
2888 1778 3235 1848 imperatoris
3279 1781 3511 1844 obitum,
3539 1799 3606 1836 eo

355 1871 480 1928 licet
507 1872 729 1927 vivente
749 1870 1102 1938 compositas.
1137 1869 1229 1923 Sic
1261 1870 1407 1923 enim
1431 1867 1770 1925 Theodosius
1797 1869 1972 1937 Nicepl

1989 1884 2157 1924 torum
2191 1869 2520 1940 alloquitur:
2564 1871 2651 1934 Ὠς
2681 1873 2740 1926 ὲν
2795 1873 3076 1944 προσώπῳ
3108 1874 3238 1938 γοῦν
3271 1877 3304 1946 ή
3335 1877 3433 1946 μὲν
3464 1878 3606 1948 ἀρχὴ

355 1963 570 2032 ἰάμϐων
594 1963 742 2018 δοκεῖ
774 1961 910 2032 πρὸς
931 1961 1022 2014 τὸν
1045 1961 1210 2016 πάλαι
1241 1961 1471 2031 βασιλᾶα
1493 1961 1670 2032 ἡμῶν,
1714 1962 1776 2017 τὸ
1807 1963 1864 2016 δὲ
1887 1963 1998 2016 τῶν
2029 1965 2266 2018 ἐπαίνων
2301 1965 2594 2033 κεφάλαιον
2630 1967 2766 2033 πρὸς
2807 1968 2950 2032 τίνα,
3006 1971 3130 2040 εἴσῃ
3169 1969 3352 2032 εὐθύς.
3387 1968 3604 2025 Ιιιιιιὺο-

357 2076 475 2114 rum
499 2060 676 2127 itaque
701 2057 912 2110 initium
941 2058 1112 2124 prima
1145 2055 1316 2122 [route
1343 2055 1413 2107 ad
1450 2053 1754 2122 defunctum
1791 2071 1956 2123 nuper
1995 2057 2363 2122 imperatorem
2417 2067 2656 2114 nostrum
2683 2064 2944 2125 pertinere
2971 2062 3177 2114 videtur
3211 2077 3228 2112 :
3278 2078 3453 2115 verum
3489 2063 3614 2118 lau-

355 2155 483 2204 dum
517 2162 724 2204 suntme
756 2147 825 2199 ad
853 2162 1004 2216 quem
1033 2146 1368 2212 potissimum
1393 2157 1604 2212 spectet,
1633 2147 1811 2200 statim
1839 2146 2119 2217 intelliges.
2151 2147 2421 2203 Prmterea
2450 2164 2515 2203 ex
2542 2151 2733 2204 eadem
2764 2152 2996 2218 epistola
3048 2164 3236 2220 aperte
3265 2155 3608 2229 intelligitur,

351 2242 621 2297 obtulisse
642 2255 736 2294 cas
769 2236 1100 2309 Nicephoro,
1135 2247 1423 2308 postquam
1455 2237 1545 2294 ille
1569 2239 1809 2293 victoria:
1844 2239 2092 2294 Cretensi
2123 2240 2409 2295 victoriam
2442 2241 2609 2293 etiam
2649 2243 2925 2298 addiderat
2977 2245 3046 2296 de
3073 2245 3340 2313 Agerenis
3367 2250 3606 2302 orienta-

352 2336 518 2398 libus,
561 2333 842 2403 metrOpoli
871 2347 1057 2388 eorum
1091 2331 1326 2400 Chalepe
1350 2348 1579 2388 eversa:
1616 2331 1782 2397 Δέξαι
1802 2329 1917 2397 οὖν,
1951 2331 1964 2384 i

1985 2333 2144 2401 :tquit,
2173 2335 2222 2386 εὶ
2252 2333 2347 2386 καὶ
2379 2333 2478 2404 τῆς
2506 2334 2662 2399 ἀξίας
2697 2336 2836 2389 εἰσὶν
2872 2334 3028 2387 ἐνδεᾶ
3086 2337 3368 2392 Θεοδοσίου
3419 2339 3602 2407 ψελλί-

351 2442 560 2498 aptata,
612 2427 704 2481 καὶ
738 2427 865 2498 περὶ
894 2427 992 2496 τῆς
1020 2425 1114 2479 τοῦ
1149 2425 1375 2479 Χαλέπε
1408 2425 1644 2496 γράφειν
1696 2425 1968 2496 ὲπίτρεψσ

2025 2427 2412 2499 καταστροφῆς
2463 2428 2555 2481 καὶ
2583 2427 2862 2492 ἁλώσεως.
2912 2430 3102 2499 Accipe
3148 2432 3334 2500 igitur,
3366 2432 3613 2501 indignos

352 2519 475 2574 licet
511 2520 793 2588 majestate
835 2529 948 2583 tua,
1006 2517 1286 2572 Theodosii
1335 2533 1526 2589 nugas,
1560 2528 1608 2572 et
1644 2517 1709 2572 de
1738 2520 2004 2573 eversione
2039 2529 2085 2572 et
2115 2521 2503 2590 expugnatione
2554 2519 2776 2587 Cltalepi
2810 2522 3040 2576 scribere
3070 2523 3331 2590 permitte.
3371 2523 3450 2576 Ad
3493 2539 3612 2590 qmc

349 2614 518 2670 verba
551 2616 737 2669 mirari
762 2615 929 2681 subit,
973 2614 1244 2684 quomodo
1269 2611 1555 2668 Cornelius
1589 2613 1948 2677 adnotaverit,
1979 2628 2036 2667 se
2077 2629 2301 2682 prorsus
2341 2615 2574 2676 nescire,
2602 2630 2698 2668 cur
2741 2615 3078 2676 Theodosius
3109 2617 3172 2669 dc
3197 2615 3359 2669 Creta
3398 2632 3608 2669 serum-

350 2723 474 2761 nent
507 2707 817 2768 instituens,
850 2705 1072 2774 Chalepi
1103 2706 1431 2760 mentionem
1463 2705 1773 2774 ingesserit.
1795 2706 1966 2760 Nemo
1985 2707 2127 2760 enim
2154 2715 2392 2760 veterum
2420 2709 2895 2776 recentiorumque
2926 2709 3311 2762 historicorum
3346 2711 3607 2778 praeterit,

359 2800 728 2870 Nicephorum
755 2799 988 2855 Phocam
1029 2801 1273 2855 Creticos
1295 2801 1552 2870 primum,
1587 2801 1778 2856 deinde
1812 2816 1941 2856 vero
1996 2800 2361 2870 Chalepenses
2413 2801 2720 2861 Saracenos
2773 2804 3070 2873 subegisse.
3116 2804 3253 2857 Audi
3300 2804 3608 2859 Cedrenum

347 2892 491 2950 Hist.
524 2892 714 2960 Comp.
745 2909 796 2962 ι).
828 2892 965 2948 645ς
1000 2894 1318 2966 Νικηφόρος
1346 2893 1402 2944 δὲ
1433 2893 1460 2944 6
1492 2894 1710 2956 Φωκᾶς,
1770 2895 1846 2956 ὠς
1871 2892 2184 2964 ἔμπροσθεν
2220 2895 2460 2964 εἴρηται,
2495 2895 2858 2965 προσταχθεὶς
2893 2897 2958 2946 ἐκ
3016 2897 3240 2966 Κρήτης
3273 2897 3608 2964 ἐπανελθεῖν,

346 2986 410 3038 οὐ
446 2983 800 3056 συνεχωρήθη
828 2985 1090 3038 εἰσελθεῖν
1121 2987 1197 3049 εἰς
1228 2986 1325 3055 τὴν
1353 2984 1769 3054 βασιλεύουσαν,
1790 2984 1905 3037 ἀλλ’
1923 2987 1982 3038 ἐν
2016 2990 2082 3057 τῇ
2122 2985 2382 3057 Ἀνατολῇ
2409 2986 2671 3058 ἐκελεύθη
2708 2988 3110 3057 παραγενέσθαι
3133 2991 3272 3058 μετὰ
3292 2991 3490 3050 παντὸς
3514 2988 3610 3040 τοῦ

350 3077 587 3152 στρατοῦ
615 3094 627 3107 ·
654 3077 1057 3147 ἀναλαμϐάνων
1088 3077 1195 3149 γὰρ
1227 3079 1419 3131 ἑαυτὸν
1446 3081 1510 3132 ὲκ
1536 3078 1633 3146 τῆς
1659 3078 1931 3148 προτέρας
1954 3079 2122 3150 ἥττης
2151 3080 2178 3131 6
2203 3079 2442 3143 Χαϐδὰν,
2475 3080 2774 3150 ἀναφέρειν
2802 3078 3006 3150 ἤρξατο
3032 3080 3215 3144 πάλιν,
3251 3083 3340 3134 καὶ
3374 3081 3604 3150 στρατὸν

350 3169 648 3246 ἀξιόμαχον
705 3172 1003 3244 ἠθροικὼς,
1069 3173 1432 3244 προσδόκιμος
1489 3168 1559 3244 ἦν
1619 3173 1976 3242 ἐπιθήσεσθαι
2010 3177 2122 3236 τοῖς
2166 3174 2454 3241 Ῥωμαίων
2489 3173 2719 3245 ἄρχουσί
2761 3191 2822 3227 τε
2861 3175 2958 3228 καὶ
2991 3175 3315 3245 πράγμασιν
3347 3191 3360 3206 ο
3398 3177 3512 3229 ἀλλ’
3549 3176 3608 3228 ἐν

347 3265 522 3340 Συρίᾳ
553 3267 848 3339 γενόμενος
880 3268 909 3320 6
933 3269 1126 3331 Φωκᾶς
1158 3269 1252 3320 καὶ
1277 3267 1502 3337 σταδαῐᾳ
1541 3267 1688 3340 μάχῃ
1714 3267 1905 3320 τούτου
1929 3268 2293 3340 τρεψάμενος,
2317 3267 2412 3321 καὶ
2437 3268 2579 3320 κατὰ
2610 3268 2811 3336 κράτος
2847 3270 3112 3339 ἡττήσας,
3139 3271 3236 3322 καὶ
3263 3272 3344 3334 εἰς
3369 3271 3437 3325 τὰ
3459 3270 3610 3324 ὲνδόο

345 3381 483 3436 τερα
511 3363 614 3434 τῆς
637 3362 836 3434 Συρίας
873 3363 1152 3424 ἀπελάσας
1184 3361 1282 3432 τὴν
1307 3361 1461 3414 πόλιν
1493 3360 1757 3432 Βέρροιαν
1791 3361 2127 3432 ἐξεπόρθησε
2157 3360 2281 3430 δίχα
2322 3361 2419 3429 τῆς
2453 3361 2826 3431 ἀκροπόλεως.
2867 3361 3197 3430 Nicepltorus
3256 3373 3434 3414 autem
3476 3362 3611 3425 ΡΙιο,

344 3473 461 3522 cas,
482 3453 660 3518 Creta,
702 3456 780 3508 uti
808 3456 1061 3519 diximus,
1085 3456 1268 3522 jussus
1305 3455 1548 3506 decedere
1571 3455 1647 3506 ita
1685 3463 1784 3518 est,
1820 3464 1877 3506 ut
1910 3470 2012 3507 non
2046 3455 2092 3507 ei
2122 3453 2296 3506 liceret
2327 3452 2854 3523 Constantinopolim
2885 3454 3092 3523 ingredi
3120 3473 3136 3507 ι
3170 3455 3261 3508 sed
3302 3457 3610 3508 mandatum

345 3557 447 3612 est,
478 3556 535 3600 ut
565 3564 681 3602 cum
713 3548 855 3602 omni
887 3551 1119 3602 exercitu
1150 3549 1203 3601 in
1227 3546 1493 3603 Orientem
1527 3549 1800 3601 transiret.
1839 3547 1979 3600 Nam
2007 3547 2071 3600 ab
2105 3557 2318 3612 accepta
2351 3546 2501 3601 clade
2545 3564 2600 3602 se
2659 3547 2964 3614 recolligens
3002 3547 3321 3602 Chubdanus
3350 3549 3460 3610 iam
3493 3567 3608 3615 sese

344 3642 620 3713 erigebat:
655 3651 938 3712 coactoque
964 3644 1034 3694 ad
1058 3659 1285 3712 pugnam
1316 3643 1504 3696 idoneo
1527 3645 1759 3697 exercitu
1790 3640 2060 3694 uidebatur
2099 3639 2334 3708 jamjam
2360 3641 2414 3694 in
2457 3639 2720 3696 Romanos
2751 3653 3014 3696 moturus.
3054 3640 3196 3694 Eum
3257 3641 3490 3708 Phocus,
3553 3645 3611 3698 in

347 3734 560 3805 Syriam
588 3742 644 3789 ut
676 3735 834 3797 venit,
890 3737 1076 3800 proelio
1099 3735 1360 3803 superarit
1399 3751 1460 3787 ac
1491 3733 1653 3802 fudit,
1685 3743 1731 3786 et
1761 3735 1815 3785 in
1849 3732 2062 3802 Syriam
2094 3732 2397 3786 interiorem
2443 3732 2690 3800 couipulit
2719 3747 2738 3786 :
2784 3735 2962 3786 urbem
3013 3733 3343 3796 Berrliaeam,
3395 3745 3610 3803 excepta

348 3847 488 3883 arce.
524 3831 836 3886 devastavit.
874 3831 1020 3885 Idem
1051 3840 1277 3886 enarrat
1303 3832 1466 3884 etiam
1494 3827 1721 3884 Michael
1756 3826 2044 3902 Glycasin
2072 3825 2375 3883 Annalibus
2405 3841 2459 3896 p.
2495 3841 2568 3892 Iv,
2608 3842 2661 3896 p.
2696 3827 2825 3892 504,
2857 3838 2912 3882 et
2946 3837 3174 3896 uterque
3207 3828 3344 3881 hanc
3374 3828 3612 3886 aﬂ'erunt

349 3938 573 3977 causam
605 3924 742 3978 adeo
772 3923 1021 3977 sollicita:
1037 3921 1403 3991 expeditionis
1432 3918 1718 3989 Nicephori
1747 3918 1804 3972 in
1827 3918 2131 3980 Orientem,
2165 3917 2308 3986 quod
2340 3916 2608 3987 Josephus
2629 3917 2849 3988 Bringa,
2884 3918 2973 3987 qui
3009 3933 3192 3973 rerum
3243 3933 3295 3970 m
3336 3918 3457 3970 aula
3504 3932 3604 3986 po-

348 4018 608 4081 tiebatur,
639 4017 886 4072 Romano
912 4017 980 4070 ob
1009 4017 1197 4071 oculos
1227 4016 1422 4071 callide
1450 4014 1714 4084 posuerit,
1749 4013 2047 4067 invaluisse
2083 4027 2381 4077 rumorem,
2445 4013 2707 4068 victorem
2762 4013 2937 4068 Cretae
2979 4014 3314 4067 evehcndnm
3377 4011 3492 4067 fore
3540 4015 3609 4067 ad

345 4105 657 4174 imperium.
689 4107 909 4162 Atvero
936 4105 1213 4162 Cedreuus
1249 4114 1304 4161 et
1357 4105 1557 4177 Glycas
1597 4120 1624 4157 a
1661 4103 1842 4158 Leone
1874 4103 2136 4169 Diacono,
2202 4105 2471 4172 scriptore
2506 4119 2710 4168 comvo,
2761 4105 2813 4157 in
2852 4104 2953 4157 hoc
2994 4105 3285 4158 dissrttlire
3336 4105 3606 4169 videntur,

343 4202 490 4271 quod
527 4202 579 4255 hi
607 4199 914 4271 Nicephoro
952 4218 983 4256 e
1008 4203 1166 4257 Creta
1193 4201 1372 4256 reduci
1401 4198 1928 4268 Constantinopolim
1954 4200 2142 4253 venire
2189 4214 2293 4252 non
2321 4213 2443 4253 esse
2467 4198 2812 4267 permissum,
2856 4198 2948 4252 sed
2991 4208 3142 4253 recta
3181 4199 3268 4250 via
3307 4199 3358 4250 in
3389 4198 3607 4268 Syriam

345 4295 429 4350 ire
459 4295 774 4348 mandatum
807 4295 1074 4360 scribunt,
1118 4293 1207 4349 ille
1244 4304 1423 4348 autem
1451 4303 1638 4347 contra
1668 4303 1921 4357 testatur,
1942 4291 2310 4361 Nicephorum
2341 4308 2371 4347 e
2409 4291 2570 4346 Creta
2602 4293 2920 4346 redeuntem
2955 4307 3060 4345 nou
3092 4291 3255 4347 modo
3283 4291 3603 4348 Constanti-

346 4387 584 4459 nopolim
621 4388 855 4452 venisse,
877 4387 968 4442 sed
995 4389 1158 4441 etiam
1183 4385 1657 4454 Constantinopoli
1693 4385 2090 4454 triumphasse,
2124 4393 2178 4438 et
2206 4384 2332 4437 hinc
2361 4393 2549 4453 postea
2586 4383 2638 4436 in
2699 4382 2916 4452 Syriam
2950 4381 3254 4450 profectum
3285 4399 3425 4438 esse.
3467 4383 3606 4438 Leo—

346 4495 471 4534 nem
503 4495 617 4536 rem
647 4479 722 4534 ita
747 4494 1034 4534 enarrasse
1057 4488 1393 4548 compertum
1419 4489 1584 4534 estex
1624 4478 1835 4534 Latinis
1862 4477 2138 4547 excerptis
2168 4476 2409 4530 historiae
2437 4489 2659 4528 suorum
2710 4484 3046 4544 temporum,
3100 4490 3264 4542 quant
3301 4478 3366 4528 ad
3393 4475 3602 4530 obitum

345 4588 522 4644 usque
548 4571 776 4628 Joannis
796 4571 1084 4626 Tzimiscis
1105 4572 1396 4640 protraxit,
1419 4586 1449 4625 a
1472 4571 1640 4639 Pugio
1667 4571 1719 4626 in
1736 4570 1937 4626 Critica
1961 4570 2014 4622 in
2041 4568 2242 4624 Annal.
2272 4567 2472 4622 Baroo.
2503 4577 2635 4620 tom.
2671 4565 2758 4633 lll,
2805 4583 2858 4638 ι).
2895 4567 3022 4631 875,
3048 4576 3103 4620 et
3137 4578 3265 4622 tom.
3312 4568 3400 4633 IV,
3435 4585 3490 4637 p.
3546 4573 3604 4636 5,

346 4669 566 4735 relatis;
599 4669 838 4723 nondum
867 4669 1010 4723 enim
1043 4668 1095 4720 in
1127 4666 1300 4722 lucem
1327 4667 1476 4720 edita
1536 4676 1622 4721 est
1652 4667 1860 4733 integra
1895 4673 1950 4721 el.
1978 4663 2170 4720 Graece
2219 4661 2417 4716 Leonis
2470 4659 2746 4726 Historia,’
2783 4663 2850 4716 ad
2915 4661 3124 4730 prelum
3179 4661 3306 4716 licet
3355 4675 3604 4732 paratam

347 4761 636 4831 reliquerit
666 4761 1046 4817 Combelisius.
1082 4757 1588 4823 Verumenimvero,
1619 4760 1673 4812 ni
1731 4759 1910 4822 fallor,
1945 4757 2158 4813 facilem
2188 4755 2253 4810 ad
2299 4756 2604 4812 Cedrenum
2631 4765 2686 4810 et
2712 4754 2936 4825 Glycam
2965 4770 3088 4809 cum
3118 4753 3303 4810 Leone
3357 4753 3604 4834 Diacon0

349 4852 406 4910 in
437 4855 543 4910 hoc
571 4872 788 4926 quoque
822 4855 1192 4910 conciliandos
1243 4855 1421 4924 aperit
1449 4855 1591 4908 viam
1620 4853 1856 4926 Symeon
1885 4853 2142 4924 Magister
2164 4859 2218 4909 et
2248 4852 2548 4922 Logotheta
2587 4855 2639 4906 in
2671 4853 2972 4908 Annalibus
3019 4853 3071 4908 in
3105 4852 3232 4920 line,
3271 4854 3362 4924 qui
3401 4853 3466 4907 de
3509 4853 3604 4906 Ni-

345 4951 568 5019 cephori
597 4952 871 5018 triumpho
900 4957 970 5005 ob
1010 4951 1277 5007 devictam
1328 4952 1544 5007 Cretam
1606 4954 1685 5008 sic
1715 4953 1958 5022 loquitur

1992 4969 2006 5005 :
2054 4951 2113 5004 Ὀ
2152 4951 2209 5004 δὲ
2247 4949 2525 5021 βασιλεὺς,
2571 4949 2761 5021 μαθὼν
2809 4949 2910 5020 τὴν
2951 4951 3051 5020 τῆς
3111 4953 3337 5021 Κρήτης
3379 4950 3606 5012 ἅλωσιν,

346 5040 566 5104 ἒδὸξασε
593 5041 681 5094 τὸν
712 5043 845 5095 Θεόν
876 5059 890 5072 ·
927 5043 1043 5111 μετ’
1075 5043 1138 5096 οὐ
1176 5042 1311 5097 πολὺ
1345 5045 1402 5097 δὲ
1431 5045 1527 5097 καὶ
1551 5046 1579 5098 6
1631 5045 1954 5116 δομέστικος
1988 5045 2098 5098 τῶν
2146 5044 2353 5114 σχολῶν
2400 5041 2716 5114 Νικηφόρος
2753 5041 3005 5095 κελεύσει
3054 5041 3150 5094 τοῦ
3179 5041 3443 5111 βασιλέως
3471 5041 3610 5110 πρὸς

351 5131 443 5202 τὴν
482 5132 639 5186 πόλιν
669 5132 941 5201 εἰσῆλθεν,
975 5136 1069 5187 καὶ
1106 5135 1242 5204 μετὰ
1268 5136 1375 5188 τῶν
1402 5135 1659 5207 λαφύρων
1691 5138 1784 5190 καὶ
1812 5137 1910 5207 τῆς
1933 5136 2314 5207 αἰχμαλωσίας
2342 5131 2472 5206 ἦλθε
2516 5138 2659 5205 πεζῇ
2694 5135 2802 5187 ἀπὸ
2825 5134 2916 5186 τοῦ
2948 5133 3100 5185 οἴκου
3131 5132 3296 5185 αὐτοῦ
3329 5136 3407 5194 εἰς
3432 5133 3492 5183 τὸ
3519 5134 3609 5184 ἱπ-

351 5226 639 5295 ποδρόμιον
676 5228 790 5295 ἅμα
819 5225 898 5296 τῷ
927 5224 1122 5299 ἀμηρᾷ
1158 5229 1381 5298 Κρήτης
1428 5229 1522 5280 τοῦ
1562 5229 1856 5298 λεγομένου
1891 5231 2153 5300 Κουρόπα
2187 5233 2283 5282 καὶ
2318 5229 2534 5282 πάντων
2573 5227 2681 5278 τῶν
2717 5225 2996 5294 συγγενῶν
3034 5225 3220 5289 αὐτοῦ,
3259 5225 3450 5285 στολὰς
3485 5225 3609 5275 λευ-

347 5318 446 5379 ita;
475 5334 539 5368 πε
553 5319 960 5389 ριὸεὸλημένων
990 5319 1209 5371 πάντων
1240 5319 1348 5371 τῶν
1383 5320 1716 5389 Σαρακηνῶν
1737 5335 1749 5349 ⁸
1786 5301 1878 5372 καὶ
1899 5321 1926 5373 6
1963 5321 2062 5389 μὲν
2094 5322 2397 5389 μάγιστρος
2426 5319 2600 5390 τιμῶν
2617 5319 2711 5371 καὶ
2744 5319 2922 5390 γερῶν
2950 5318 3202 5388 μεγάλων
3225 5314 3429 5384 ἠξιώθη
3455 5315 3608 5383 παρὰ

354 5410 437 5462 τοῦ
465 5410 866 5480 αὐτοκράτορος
901 5427 914 5439 ·
947 5412 975 5464 6
999 5413 1217 5482 ἁμηρὶ,;
1254 5412 1332 5475 δὲ,
1369 5413 1592 5464 πλεῖστα
1616 5413 1764 5480 δῶρα
1797 5412 1893 5464 καὶ
1922 5412 2123 5480 χρυσὸν
2155 5413 2248 5464 καὶ
2269 5411 2508 5480 ἄργυρον
2536 5411 2688 5480 παρὰ
2711 5411 2804 5462 τοῦ
2831 5411 3096 5480 βασιλέως
3125 5407 3326 5473 λαϐὼν,
3365 5407 3462 5459 σὺν
3494 5410 3606 5470 τοῖς

347 5507 556 5568 τέκνοις
587 5505 751 5558 αὐτοῦ
785 5508 865 5568 εἰς
919 5507 1094 5575 χωρία
1126 5510 1293 5560 οἰκεῖν
1328 5510 1706 5578 συνεχωρήθη,
1734 5510 1812 5570 εἰς
1844 5508 2022 5577 δὲτὴν
2053 5509 2354 5576 σύγκλητον
2409 5508 2508 5560 οὐκ
2549 5507 2904 5576 ἀνεϐιϐάσθη,
2959 5505 3048 5558 διὰ
3088 5505 3148 5557 τὸ
3185 5506 3259 5575 μὴ
3321 5504 3609 5574 βούλεσθαι

348 5604 548 5666 αὐτοὺς
585 5602 953 5672 βαπτισθῆναι
987 5618 1000 5632 ο
1025 5605 1052 5655 6
1075 5603 1132 5655 δὲ
1167 5603 1419 5673 βασιλεὺς
1459 5604 1739 5673 Ῥωμανδς
1768 5604 2083 5675 Νικηφόρον
2114 5607 2204 5656 τὸν
2237 5604 2540 5672 μάγιστρον
2561 5601 2713 5666 αὖθις
2743 5601 2886 5655 κατὰ
2931 5599 3029 5668 τὴν
3055 5598 3195 5669 ἑῴαν
3229 5598 3610 5661 ἐξαπέστειλεν

347 5701 489 5750 κατὰ
529 5696 622 5749 τοῦ
653 5696 909 5760 ἀλαζόνος
946 5696 1176 5765 Χαμϐδᾶ
1205 5712 1219 5726 ο
1259 5700 1287 5749 ὁ
1324 5698 1380 5749 δὲ
1412 5699 1682 5761 ἀπελθὼν,
1727 5698 1942 5769 πρῶτον
1965 5700 2064 5768 μὲν
2087 5702 2178 5752 τὶν
2206 5700 2424 5752 Χαλὲπε
2451 5699 2684 5769 κάστρον
2713 5696 3005 5769 παρέδαλε,
3035 5695 3093 5758 ἐξ
3131 5689 3191 5746 οὗ
3224 5698 3318 5748 καὶ
3351 5694 3610 5762 λαφύρων

356 5791 527 5860 πολλὴ
562 5789 768 5858 γίνεται
803 5791 1118 5860 συναγωγή.
1153 5790 1468 5857 Imperator,
1505 5793 1592 5843 ubi
1624 5801 1828 5862 captant
1865 5807 1973 5846 esse

2022 5792 2232 5845 Cretam
2287 5794 2546 5863 cognovit,
2594 5792 2697 5843 Deo
2729 5791 2912 5842 laudes
2981 5789 3282 5858 gratiasque
3337 5789 3603 5856 pct'sotril.
