4096 6478
465 388 570 452 991
1696 384 2112 444 THEODOSII
2159 386 2470 446 DIACONI
3618 381 3730 447 992

475 505 605 560 Tum
659 507 798 562 brevi
851 507 1012 560 etiam
1062 502 1392 573 Nicephorus
1447 502 1748 556 scholarum
1801 502 2140 565 domesticus,
2199 502 2536 570 imperatoris
2578 503 2762 572 jussu,
2817 503 2998 557 urbem
3045 503 3317 572 ingressus
3368 514 3486 555 cum
3549 503 3732 555 multis

469 600 654 667 spoliis
699 608 854 666 atque
897 597 1115 665 captivis
1159 612 1192 647 a
1235 595 1346 647 suis
1388 592 1591 647 wdibus
1650 594 1720 644 ad
1766 589 1979 645 Circum
2031 589 2186 658 pedes
2240 592 2376 645 venit
2427 605 2532 645 una
2595 608 2711 646 cum
2777 593 2952 648 Crete
2992 609 3195 658 amera,
3224 590 3434 660 Curope
3491 595 3728 660 nomine,

475 692 692 760 ejusque
748 689 1051 758 propinquis
1117 686 1378 751 omnibus,
1414 700 1533 738 cum
1581 681 1834 737 Saraceni
1881 697 2058 735 omnes
2121 680 2257 735 albis
2313 683 2542 736 vestibus
2598 685 2771 737 induti
2832 695 3021 737 essent.
3065 683 3140 738 Ac
3196 685 3407 754 quidem
3473 686 3733 753 magister

472 792 696 840 honores
734 799 1023 853 magnaque
1073 782 1290 848 prsentia
1335 778 1671 849 imperatoris
1696 777 2011 830 liberalitate
2063 787 2368 831 consecutus
2401 788 2522 842 est;
2577 795 2783 832 ameras
2840 795 2956 834 rero
3005 779 3163 832 donis
3194 779 3438 847 plurimis
3497 795 3736 848 auroque

474 891 631 945 atque
684 887 898 945 argento
955 876 1018 928 ab
1053 874 1363 941 imperatore
1397 871 1648 931 donatus,
1719 867 1924 936 pradia
1985 867 2098 919 ruri
2143 865 2313 920 colere
2357 877 2512 936 atque
2571 868 2814 921 habitare
2858 869 3143 937 permissus
3197 881 3325 924 est:
3356 869 3496 938 quod
3554 882 3733 925 tamen

476 971 735 1036 baptismo
811 965 1016 1020 initiari
1084 964 1274 1026 noluit,
1345 963 1400 1016 in
1443 970 1687 1014 senatum
1749 959 1965 1011 minime
2021 965 2298 1026 cooptatus
2354 967 2453 1012 est.
2514 957 2687 1012 Porro
2739 956 3012 1012 Romanus
3070 961 3359 1028 imperator
3413 963 3735 1028 magistrum

483 1059 843 1128 Nicephorum
875 1058 1066 1111 iterum
1094 1056 1148 1110 in
1178 1053 1445 1110 Orientem
1465 1052 1632 1113 misit,
1659 1062 1712 1104 ut
1744 1047 2030 1105 Chambda:
2063 1050 2424 1117 arrogantiam
2450 1049 2733 1119 frangeret.
2762 1048 3116 1118 Susceptaque
3140 1052 3473 1119 expeditione
3500 1054 3736 1122 primum

478 1153 772 1220 Chalepum
795 1150 974 1204 urbem
1003 1150 1260 1202 munitam
1287 1149 1442 1214 cepit,
1469 1145 1610 1198 unde
1637 1145 1801 1198 etiam
1827 1141 2116 1210 spoliorum
2140 1142 2241 1195 vim
2272 1157 2518 1209 magnam
2546 1141 2778 1210 collegit.
2808 1140 3046 1195 Videsne
3067 1144 3210 1210 quod
3248 1144 3506 1214 triumphi
3560 1159 3741 1216 genus

477 1244 824 1313 Neephorus
846 1259 878 1299 e
911 1243 1074 1298 Creta
1105 1243 1273 1295 redux
1297 1239 1507 1295 obivit?
1533 1239 1578 1291 Α
1628 1237 1740 1291 suis
1772 1236 1973 1291 aedibus
2028 1249 2147 1287 cum
2206 1235 2386 1288 multis
2413 1235 2590 1302 spoliis
2639 1244 2687 1289 et
2740 1236 2958 1304 captiuis
2993 1236 3146 1300 pedes
3210 1237 3268 1290 in
3315 1235 3528 1292 Circum
3564 1241 3742 1305 venit,

482 1349 593 1405 quo
625 1336 833 1390 scilicet
869 1336 1029 1390 modo
1063 1341 1290 1389 ovantes
1327 1318 1720 1401 procedebant,
1762 1343 1869 1382 non
1903 1325 2343 1395 triumphantes;
2376 1325 2447 1379 ita
2478 1334 2556 1390 ut,
2590 1325 2637 1380 si
2682 1326 2820 1380 bene
2863 1327 3028 1382 vertit
3065 1327 3302 1382 Leonem
3343 1328 3737 1393 Combetisius,

483 1447 618 1486 usus
639 1431 710 1482 sit
732 1426 843 1482 Leo
865 1442 999 1482 voce
1027 1426 1283 1496 triumphi
1323 1423 1434 1478 lato
1468 1422 1649 1487 modo,
1685 1418 1960 1490 quomodo
1993 1417 2158 1472 etiam
2183 1433 2213 1471 a
2236 1415 2448 1472 Latinis
2482 1432 2589 1472 non
2629 1417 2796 1473 semel
2828 1417 3030 1473 factum
3055 1434 3180 1475 esse
3213 1419 3487 1476 novimus.
3515 1420 3579 1474 Et
3606 1437 3744 1489 pro-

483 1526 629 1579 fecto
670 1523 716 1578 is
737 1528 878 1587 erat,
919 1520 1008 1589 qui
1031 1518 1104 1574 ob
1131 1519 1352 1572 Cretam
1375 1525 1594 1582 captam
1619 1511 1928 1580 Nicephoro
1950 1509 2275 1573 debebatur,
2314 1509 2488 1564 honos
2506 1509 2801 1565 secundum
2825 1508 3192 1566 Romanorum
3217 1525 3446 1576 morem,
3463 1511 3589 1582 quia
3622 1513 3747 1568 bel-

480 1617 594 1671 lum
629 1613 907 1670 Creticum
934 1611 1200 1666 indictum
1227 1624 1331 1663 non
1363 1607 1560 1670 fuerat,
1598 1615 1656 1663 et
1686 1605 1812 1673 quia
1835 1603 2016 1656 luerat
2052 1601 2172 1656 sine
2193 1600 2459 1670 sanguine
2488 1601 2824 1666 confectum,
2867 1603 2934 1658 de
2980 1603 3180 1672 quibus
3223 1603 3527 1658 luculenter
3554 1615 3748 1663 certos

479 1727 579 1768 nos
607 1709 770 1763 faciet
794 1703 1158 1761 Theodosius.
1183 1701 1301 1768 Qua
1337 1701 1404 1754 de
1430 1713 1487 1754 re
1512 1697 1818 1753 Cedrenum
1853 1702 1908 1750 et
1932 1693 2156 1764 Glycam
2184 1692 2258 1747 ita
2300 1707 2425 1748 esse
2457 1691 2898 1764 interpretandos
2921 1709 3141 1758 censeo.
3196 1703 3256 1750 ut
3304 1695 3540 1749 dixerint
3569 1710 3743 1766 nega-

486 1811 602 1855 tum
637 1800 805 1853 fuisse
831 1794 1138 1864 Nicephoro
1159 1808 1189 1847 e
1209 1791 1366 1846 Creta
1389 1788 1573 1847 reduci
1603 1784 2129 1854 Constantinopolim
2159 1782 2369 1849 venire,
2403 1783 2616 1839 scilicet
2635 1785 2702 1839 ad
2726 1784 3202 1854 commorandum,
3224 1785 3354 1857 quia
3397 1786 3522 1842 hinc
3550 1788 3744 1842 statim

479 1896 671 1966 jussus
700 1902 782 1949 est
820 1893 873 1946 in
905 1889 1120 1962 Syriam
1164 1885 1472 1958 proﬁcisci;
1497 1894 1552 1940 et
1579 1898 1673 1939 eos
1701 1881 1846 1937 haud
1881 1879 2198 1935 meminisse
2242 1877 2529 1947 triumphi,
2568 1894 2729 1948 quem
2753 1888 2884 1934 tunc
2904 1877 3272 1950 Nicephorum
3321 1882 3502 1952 egisse
3551 1893 3750 1938 narrat

486 1989 600 2045 Leo
628 1983 1064 2053 Diaconus,quia
1099 1982 1411 2036 nullatenus
1446 1975 1808 2044 triumphans,
1843 1973 1939 2027 sed
1986 1969 2162 2026 solum
2194 1986 2370 2027 ovans
2409 1970 2464 2024 in
2494 1971 2716 2026 Circum
2756 1971 3109 2041 processerit.
3151 1981 3206 2028 et
3237 1973 3581 2029 solummodo
3618 1985 3749 2044 post

483 2079 879 2151 Clutlepcnsem
905 2076 1186 2132 victoriam
1210 2075 1509 2128 solemnem
1539 2069 1876 2138 triumphum
1902 2068 2098 2137 egerit,
2125 2082 2286 2137 quem
2313 2065 2563 2122 Cedreno
2592 2065 2766 2122 visum
2793 2076 2879 2122 est
2893 2069 3029 2124 satis
3056 2082 3510 2135 commemorare,
3536 2086 3660 2126 eum
3687 2071 3752 2126 in

484 2188 552 2230 eo
573 2183 772 2242 praeter
800 2167 1179 2225 Bcrrbmensia
1209 2164 1379 2234 spolia
1410 2163 1579 2217 etiam
1621 2158 1834 2217 Cretica
1863 2159 2245 2214 ostentaverit.

558 2267 783 2333 Verum,
813 2271 938 2320 utut
962 2263 1085 2334 quis
1139 2261 1288 2316 malit
1327 2261 1428 2315 hoc
1456 2257 1773 2326 contigisse.
1810 2263 2022 2310 certum
2056 2268 2160 2322 est,
2191 2254 2338 2326 quod
2372 2253 2708 2324 Nicephorns
2741 2266 2864 2326 post
2893 2258 3179 2314 victoriam
3203 2260 3476 2316 Creticam
3530 2259 3586 2314 in
3639 2260 3753 2330 Sy-

484 2360 625 2414 riam
660 2359 937 2429 profectus
964 2363 1070 2424 est,
1100 2371 1165 2411 ac
1195 2369 1334 2410 nova
1367 2355 1434 2410 de
1466 2351 1788 2442 Chalepensi
1815 2351 2032 2407 sultano
2057 2360 2333 2424 reportata
2367 2350 2594 2406 victoria
2629 2367 2696 2406 eo
2754 2353 2925 2423 magis
2983 2354 3278 2423 inclaruit;
3320 2364 3376 2413 et
3423 2357 3570 2425 quod
3619 2372 3749 2411 cum

489 2455 712 2510 interim
748 2452 1055 2517 Romanus,
1087 2451 1287 2507 ﬂorens
1341 2450 1469 2505 licet
1499 2458 1680 2514 aetate,
1713 2447 2083 2517 voluptatibus
2123 2447 2332 2504 fractus
2390 2447 2476 2500 die
2513 2448 2580 2502 15
2631 2446 2809 2502 Martii
2863 2449 3161 2506 indictione
3221 2462 3377 2506 sexta
3425 2453 3680 2520 obiissct,
3720 2469 3756 2508 a

487 2549 897 2623 TheOphanone
926 2549 1162 2606 Romani
1193 2562 1365 2603 uxore
1397 2545 1629 2601 ﬁliorum
1667 2545 1888 2599 nomine
1948 2545 2254 2613 imperante
2298 2543 2594 2599 accersitus
2645 2553 2730 2598 est
2775 2544 3334 2616 Constantinopolim,
3381 2547 3473 2603 ubi
3517 2548 3754 2602 solemni

490 2662 686 2717 pompa
711 2647 779 2702 dc
803 2645 1096 2701 Saracenis
1127 2654 1236 2699 tum
1265 2643 1521 2706 Creticis,
1549 2653 1660 2696 tum
1710 2641 2143 2709 Chalepensibns
2191 2641 2567 2711 triumphavit.
2610 2641 2908 2713 Ἀπριλλίῳ
2941 2643 3001 2696 δὲ
3036 2644 3191 2714 μηνὶ,
3257 2644 3434 2713 inquit
3467 2645 3756 2700 Cedrenus

488 2739 648 2803 ibid,
682 2737 783 2807 τῆς
817 2736 990 2806 αὐτῆς
1025 2741 1078 2800 ς’
1116 2732 1465 2796 ῑνδικτιῶνος,
1505 2731 1730 2785 εἴσεισιν
1760 2732 1788 2784 ὁ
1818 2731 2015 2795 «ama;
2045 2731 2363 2802 Νικηφόρος
2394 2734 2460 2802 τῇ
2491 2733 2593 2802 τῆς
2641 2731 2940 2802 Δεσποίνης
2969 2731 3218 2787 κελεύσει
3248 2733 3364 2804 (τοῦ
3423 2733 3620 2805 Ἰωσὴφ
3648 2753 3758 2790 κα.-

491 2830 668 2896 θάπερ
700 2829 796 2880 καὶ
823 2827 991 2880 πάλαι
1023 2822 1346 2894 κωλύοντος)
1375 2824 1432 2876 ὲν
1455 2823 2031 2877 Κωνσταντινουπόλει
2059 2839 2073 2854 '
2107 2823 2199 2876 καὶ
2224 2822 2334 2876 ἀπὸ
2357 2824 2465 2876 τῶν
2495 2825 2561 2876 ὲκ
2588 2823 2689 2893 τῆς
2707 2824 2932 2894 Κρήτης
2954 2823 3216 2896 λαφύρων
3237 2826 3328 2879 καὶ
3356 2825 3455 2895 τῆς
3483 2827 3758 2899 Bappo!“

489 2921 894 2993 ἐθριάμϐευσεν
930 2923 990 2974 ὲν
1019 2919 1097 2990 τῷ
1124 2917 1469 2988 ἱπποδρόμῳ.
1509 2916 1708 2971 Eadem
1734 2927 1884 2972 sexta
1918 2917 2104 2971 indicti

2144 2934 2226 2985 ne,
2258 2935 2433 2974 mense
2457 2919 2650 2987 Aprili,
2674 2919 2831 2990 jussu
2861 2919 3116 2992 Augustae
3169 2918 3506 2989 Nicephorus
3539 2922 3758 2978 Phocus

492 3019 1012 3089 Constantinopolim
1032 3023 1196 3082 venit,
1229 3015 1482 3099 Josepho,
1519 3024 1575 3068 ut
1601 3023 1741 3080 ante,
1770 3031 1833 3067 ne
1861 3014 1957 3068 hoc
1987 3013 2135 3078 ﬁeret
2171 3015 2431 3071 obstante.
2473 3015 2636 3071 Duxit
2687 3018 3012 3086 triumphum
3047 3016 3101 3069 in
3134 3014 3312 3082 Circo,
3348 3018 3579 3086 inferens
3603 3019 3662 3072 in
3695 3034 3766 3074 so

496 3111 770 3166 Cretensia
795 3119 844 3163 et
873 3108 1235 3162 Berrliaeensia
1266 3105 1458 3172 spolia.
1493 3104 1752 3160 Eamdem
1779 3118 1891 3156 rem
1929 3104 2121 3159 iisdem
2149 3104 2264 3161 lere
2295 3107 2477 3161 verbis
2509 3107 2582 3162 ita
2611 3118 2797 3162 narrat
2823 3105 3066 3163 Joannes
3095 3106 3451 3178 Curopalates
3486 3110 3540 3163 in
3565 3108 3759 3165 Histo-

499 3206 593 3259 riae
623 3201 949 3272 compendio
969 3217 1024 3270 p.
1063 3200 1134 3254 66
1164 3217 1178 3255 :
1216 3200 1391 3269 Aprili
1439 3210 1615 3254 autem
1649 3215 1849 3267 mense,
1871 3200 2053 3254 eadem
2076 3209 2224 3254 sexta
2262 3201 2572 3266 indictione,
2604 3201 2814 3256 Phocas
2833 3201 2993 3271 jussu
3055 3204 3252 3274 regina:
3281 3205 3579 3274 ingreditur
3607 3205 3761 3262 Con-

493 3294 920 3364 stantinopolim,
943 3294 1171 3363 losepho
1197 3294 1433 3359 omnino,
1469 3304 1522 3346 ut
1551 3293 1776 3360 pridem,
1807 3294 2140 3361 prohibente,
2171 3303 2219 3346 et
2244 3293 2307 3348 de
2331 3294 2499 3364 captis
2519 3293 2710 3364 “spoliis
2737 3305 2785 3348 st
2811 3292 3060 3349 Berrhma
3091 3295 3437 3366 triumphavit
3471 3298 3525 3350 in
3555 3295 3766 3366 Hippo-

494 3389 702 3443 dromo.
729 3386 984 3440 Attamen
1017 3399 1192 3454 neque
1215 3393 1343 3438 tunc
1394 3384 1675 3439 immorari
1695 3384 1785 3439 diu
1816 3385 1995 3454 potuit
2039 3382 2383 3456 Nicephorus
2415 3385 2934 3457 Constantinopoli:
2982 3388 3329 3459 comperiens
3381 3389 3524 3446 enim
3570 3384 3762 3462 parari

495 3483 598 3539 sibi
630 3483 826 3538 iterum
863 3481 1089 3536 insidias
1115 3495 1144 3534 a
1183 3479 1421 3550 .losepho
1450 3479 1670 3549 Brings,
1697 3490 1910 3536 mature
1939 3480 1993 3535 in
2026 3479 2429 3552 Cappadociam
2475 3483 2725 3551 secessit,
2764 3482 2857 3538 ubi
2895 3484 2964 3540 ab
2996 3483 3246 3539 exercitu
3272 3483 3663 3555 imperatorem
3703 3501 3766 3541 se

496 3574 756 3647 appellari
787 3574 876 3628 die
895 3572 931 3626 2
963 3570 1092 3627 Julii
1123 3587 1316 3643 passus
1342 3581 1446 3637 est,
1480 3581 1536 3628 et
1564 3572 1687 3628 inde
1715 3572 2243 3643 Constantinopolim
2287 3576 2486 3644 rediit,
2506 3585 2912 3646 coronatusque
2933 3587 3018 3632 cst
3049 3592 3081 3631 a
3113 3575 3406 3648 Polyeucto
3439 3578 3765 3646 patriarcha

495 3669 586 3723 die
613 3667 680 3722 {5
709 3665 958 3737 Augusti.
995 3663 1124 3719 Haec
1149 3673 1231 3720 est
1252 3679 1433 3719 rerum
1489 3665 1684 3730 series,
1723 3673 1780 3721 et
1808 3665 1935 3720 hinc.
1962 3663 2127 3718 facile
2170 3664 2397 3738 intelligi
2429 3675 2606 3738 potest
2629 3683 2738 3739 quo
2762 3667 3106 3739 putissimum
3134 3676 3384 3739 tempore
3418 3667 3770 3728 Theodosius

495 3765 767 3819 Acroases
791 3777 921 3818 suas
948 3760 1254 3832 Nicephoro
1279 3758 1559 3815 obtulerit.
1593 3759 1732 3815 Cum
1777 3760 1925 3815 enim
1978 3759 2239 3816 obtulerit
2273 3762 2386 3833 jam
2433 3771 2648 3819 mortuo
2684 3761 2954 3828 Romano,
3003 3771 3058 3817 et
3104 3761 3347 3834 Chalepe
3375 3763 3522 3818 urbe
3540 3777 3767 3829 eversa,

495 3856 592 3912 sed
628 3865 915 3926 antequam
943 3855 1288 3927 Nlcephorus
1313 3857 1379 3911 ad
1400 3855 1692 3925 imperium
1709 3864 1932 3913 evectus
1955 3855 2120 3920 foret,
2152 3865 2325 3912 restat
2345 3855 2611 3914 obtulisse
2635 3856 2961 3912 intermedio
2990 3865 3228 3927 quatuor
3259 3858 3529 3912 mensium
3553 3860 3765 3928 spatio,

499 3955 591 4024 qui
628 3954 1058 4010 intercesserunt
1084 3969 1113 4008 a
1145 3955 1233 4013 die
1265 3953 1332 4009 l5
1368 3952 1544 4008 Martii
1586 3953 1654 4008 ad
1685 3953 1829 4009 diem
1855 3953 1891 4008 2
1914 3952 2069 4022 Julii,
2095 3962 2261 4024 atque
2295 3954 2455 4024 adeo,
2482 3964 2545 4011 ut
2575 3953 2835 4020 arbitror,
2853 3968 3039 4011 mense
3065 3952 3262 4024 Aprili,
3282 3968 3392 4026 quo
3415 3952 3761 4026 Nicephorus

498 4046 969 4117 Constantinopoli
1007 4061 1039 4103 e
1071 4043 1230 4118 Syria
1261 4045 1432 4102 redux
1465 4045 1842 4115 triumphavit.
