4096 6422
334 374 470 441 1013

469 485 629 540 Πνέει
653 485 774 540 καθ’
801 486 957 556 ἡμῶν
994 486 1304 558 φλεγμονὰς
1334 487 1742 560 πυρεκϐόλουςς

469 579 682 650 Mutpr
709 597 761 632 τι
786 578 1144 648 καρτέρησον,
1171 579 1423 650 ἐμϐαλὼν
1446 583 1668 651 κράνος,

483 671 652 741 ’Υπὲρ
687 670 832 724 θυῶν
867 669 980 741 (60)
1009 671 1198 724 ἵστασο
1236 672 1332 724 καὶ
1355 672 1456 739 τῆς
1483 673 1660 740 δίκης.

325 760 433 815 220
474 760 644 828 ’Δφες
678 757 769 812 τὸν
795 758 979 824 ὕπνον,
1019 759 1114 812 καὶ
1146 759 1339 829 κράτει
1366 759 1466 830 τὴν
1497 760 1720 826 ἀσπίδα,

467 852 560 922 Μὴ
585 852 699 922 γνῷ
723 851 784 904 τὸ
815 851 1030 922 συμϐὰν
1049 852 1078 904 ὁ
1104 852 1407 922 στρατηγὸς
1428 852 1526 921 τῆς
1555 853 1752 923 μάχης.
1770 871 1788 905 ι

467 944 625 998 Οὕτω
652 945 712 998 τὸ
743 943 954 1014 νωθρὸν
981 944 1276 1008 ἐξὲκοπτες
1318 944 1578 1015 ἐργάτου,

469 1036 642 1106 Εἴπερ
671 1038 856 1105 παρῆν
883 1052 967 1099 τις
987 1035 1265 1106 νωθρότης
1289 1039 1404 1098 τοῖς
1424 1035 1684 1100 οἰκέταις.

478 1127 630 1180 Ἐπεὶ
657 1127 715 1180 δὲ
744 1127 838 1180 καὶ
861 1128 973 1195 φῶς
1003 1129 1188 1199 ἡμέρα
1217 1129 1562 1199 προμηνύειν

321 1221 430 1275 225
467 1221 696 1282 Λευκοῖς
720 1219 944 1290 χιτῶσιν
967 1220 1170 1290 ήρξατο
1190 1219 1545 1291 ζοφοφθὸρος,

469 1312 703 1374 [Ιέπλοις
739 1311 796 1366 δὲ
817 1312 1093 1383 λαμπροῖς
1114 1312 1387 1365 ὲστόλισεν
1415 1312 1633 1383 αἰθέρα,

462 1400 572 1457 Ἦν
597 1404 700 1474 γῆν
735 1403 962 1474 θεωρεῖν
990 1404 1365 1474 λευκὸμορφον
1390 1404 1537 1473 (61),
1585 1404 1679 1456 καὶ
1721 1403 1901 1474 μάχης

465 1494 698 1566 Κήρυκα
723 1493 833 1548 τῶν
864 1495 975 1547 σῶν
1006 1495 1304 1564 ἐκδραμεῖν
1328 1493 1778 1565 στρατὲυμάτων,

465 1586 646 1656 Τείχει
678 1586 789 1659 (62)
824 1586 922 1655 μὲν
950 1586 1106 1659 ἄκρῳ
1145 1587 1258 1659 (65)
1303 1587 1406 1658 τὴν
1438 1586 1697 1656 φάλαγγα
1729 1603 1902 1657 προσ-

1494 1677 1682 1751 [ξέειν
1715 1677 1828 1750 (σει)

319 1773 430 1826 250
482 1770 950 1824 Ἐπεισπεσοῦσαν
972 1771 1081 1823 τῶν
1113 1770 1372 1825 ἐναντίων
1399 1771 1573 1840 ἄφνω.

471 1862 620 1915 Ἐκεῖ
651 1863 712 1915 τὸ
745 1863 948 1932 πλῆθος
982 1863 1094 1934 (65)
1127 1864 1239 1917 τῶν
1273 1864 1606 1935 φερεκλοίων
1642 1865 1789 1920 ἅπαν

460 1941 640 2021 Τάξεις
669 1956 973 2026 στρατηγὸς
991 1957 1275 2026 τμητικῶς
1304 1958 1644 2027 ἀναρπάσαι,

459 2047 523 2099 Ol
552 2048 958 2118 συστρατὸῳχαι
982 2049 1079 2119 τῆς
1118 2049 1321 2118 πικρᾶς
1354 2048 1650 2118 ἀλγηδόνος

315 2200 402 2255 his
427 2199 608 2254 verbis
645 2198 972 2255 admonebas
1006 2200 1072 2254 de
1092 2199 1335 2269 periculo
1365 2219 1378 2255 :
1414 2221 1432 2254 t
1467 2202 1695 2258 Curnon
1719 2202 1889 2258 refor-

315 2290 530 2344 midans
561 2290 775 2354 ducem,
808 2304 992 2360 eques,
1030 2289 1267 2347 fervente
1313 2307 1488 2361 pugna
1513 2295 1678 2348 cubas
1712 2303 1893 2348 extra-

315 2378 438 2432 neis
467 2378 519 2431 in
553 2376 707 2442 locis,
740 2376 830 2431 ubi
874 2379 1247 2434 consternatio
1307 2379 1599 2435 manifesto
1651 2381 1893 2450 periculo

315 2469 490 2538 spirat
526 2477 712 2522 contra
749 2482 846 2522 nos
875 2469 1128 2523 ardentes
1184 2469 1448 2539 impetus?
1493 2471 1709 2540 paulum
1761 2473 1902 2542 quid

316 2559 547 2624 sustine,
579 2567 634 2614 et
668 2559 918 2627 imposita
954 2560 1105 2629 galea
1151 2575 1251 2629 pro
1289 2561 1548 2631 religione
1575 2571 1681 2630 sta,
1711 2571 1767 2618 et
1796 2577 1895 2632 pro

316 2650 524 2720 legibus
550 2666 564 2703 :
598 2661 791 2706 excute
819 2667 1089 2716 somnnm,
1119 2661 1174 2706 ct
1215 2653 1493 2722 prehende
1530 2655 1800 2725 clypeum,
1826 2671 1895 2712 ne

313 2753 433 2794 rem
469 2751 759 2812 cognoscat
783 2741 890 2795 dux
919 2741 1126 2810 fprmlii.
1164 2762 1182 2794 ι
1222 2742 1298 2798 lla
1353 2745 1658 2800 socordiam
1706 2745 1894 2817 depel-

316 2830 473 2886 lebas
502 2846 532 2884 a
571 2831 762 2896 milite,
808 2832 855 2886 si
891 2833 1219 2903 quandoque
1272 2835 1447 2890 iuerat
1500 2837 1606 2892 tuis
1655 2835 1890 2894 famulis.

313 2923 453 2977 Cum
515 2933 693 2978 autem
745 2939 941 2980 aurora
993 2927 1360 2995 prmnuntiare
1405 2929 1580 2984 lucem
1637 2932 1897 2999 coepisset

1250 380 1346 438 DE
1387 377 1984 438 EXPUGNATIONE
2015 378 2277 438 CRET/E
2306 381 2675 440 ACROASIS
2713 381 2756 440 ῐ.

1934 495 1982 550 Α

2155 490 2229 544 Τὸ
2274 490 2492 560 συμϐάν
2517 490 2617 542 οὐκ
2644 490 2896 559 ἤνεγκον,
2937 488 3072 541 ἀλλᾶ
3110 488 3207 552 τὰς
3245 491 3414 562 θύρας

2003 581 2110 636 255
2156 581 2434 646 Ἦνοιξαν,
2465 579 2770 650 ὲξέπτησαν
2801 579 2922 632 ἀντὶ
2952 577 3277 649 στρουθίων,
3383 573 3399 585 ’

2145 671 2256 726 Καὶ
2288 673 2424 742 πρὸς
2451 672 2658 742 τάφρον
2687 670 2800 742 (66)
2822 671 3131 742 πλήξαντες
3163 672 3581 740 ἀντανακλάσει,

2147 766 2259 834 Τὴν
2298 765 2503 836 τάφρον
2531 765 2872 825 ἀντέϐαινον,
2904 765 3020 817 ἀλλ’
3061 764 3413 835 ὲμπροσθίως

2146 855 2481 925 Πληγέντες,
2519 854 2814 926 ἐξήλαυνον
2853 853 3201 920 ὲξοπισθίως.

2159 946 2246 1009 Ὠς
2275 941 2371 1001 οὖν
2403 947 2584 1018 φυγῆς
2615 941 2705 1018 ἦν,
2741 945 2836 1000 καὶ
2887 943 3000 1016 (67)
3037 943 3280 1015 τρόμου,
3340 944 3431 997 καὶ
3483 944 3592 997 δει-

3376 1035 3520 1101 [λίας

2004 1131 2111 1186 2⁴⁰
2149 1130 2332 1193 Δεινδς
2365 1127 2674 1200 χαρακτὴρ,
2715 1129 2812 1182 καὶ
2849 1127 3228 1197 ταχύστροφος
3253 1126 3460 1192 κλόνος,

2159 1224 2223 1277 'll
2256 1224 2464 1294 τάφρος
2494 1223 2634 1294 αὕτη
2661 1222 2772 1275 τῶν
2801 1220 3063 1274 ἐναντίων
3103 1218 3295 1286 τάφος,

2148 1318 2256 1369 Καὶ
2293 1316 2579 1385 συμφορᾶς
2601 1310 2670 1386 ἦν
2695 1313 3034 1380 ἀστέγαστος
3062 1313 3231 1366 οἰκία.

2147 1403 2308 1478 Εἶχον
2334 1408 2444 1476 γὰρ
2479 1405 2634 1460 αὐτοὶ
2671 1405 3048 1475 συμποδιστὰς
3081 1404 3176 1457 καὶ
3201 1402 3420 1466 τόπους,

2143 1498 2364 1568 υῦσπερ
2395 1496 2806 1560 κατεσκεύαζον
2836 1497 2916 1560 είς
2948 1495 3248 1565 σωτηρίαν,

2003 1590 2111 1645 245
2161 1591 2250 1652 Ὡς
2283 1588 2350 1643 ἂν
2387 1589 2638 1660 μάθωσιν
2671 1588 2730 1653 ἐξ
2765 1587 3115 1657 ἀναισθήτων
3142 1586 3324 1638 τόπων

2144 1683 2256 1754 Τὴν
2283 1683 2470 1737 πίστιν
2499 1681 2680 1738 αὐτῶν
2707 1683 2865 1746 ἀξίαν
2896 1680 3267 1750 ὑϐρισμένων.

2146 1775 2239 1839 Τίς
2274 1776 2340 1830 ἂν
2369 1777 2656 1846 προφήτης
2682 1773 2928 1845 εὑρεθεὶς
2954 1772 3194 1842 πρδκτῆς
3237 1769 3416 1840 μάχης

2139 1867 2270 1928 Τοῖς
2297 1866 2708 1937 ταφρορύκταις
2737 1860 2891 1924 εἶπεν
2922 1861 2988 1914 ἂν
3017 1860 3128 1913 τῶν
3163 1858 3478 1929 βαρϐάρων,

2159 1956 2246 2019 Ὠς
2275 1956 2484 2026 τύμϐον
2515 1957 2842 2027 ζςξώρυττον,
2880 1953 2942 2005 οὐ
2969 1952 3198 2020 τάφρον,
3228 1947 3477 2013 τέκνοιςς

2001 2047 2108 2102 250
2148 2047 2383 2118 Ἀνικμε
2420 2049 2634 2119 Κρήτη,
2673 2048 2749 2117 μὴ
2787 2044 2983 2116 στένῃς
3015 2039 3348 2112 ἀνομϐρίαν,

2002 2199 2215 2255 turbam
2251 2201 2358 2255 dux
2412 2201 2710 2266 statuisset,
2751 2209 2810 2254 ut
2862 2201 3210 2256 traherentur
3259 2199 3328 2254 ad
3377 2205 3588 2256 necem.‘

1999 2293 2400 2348 commilitones
2432 2307 2620 2347 eorum
2655 2278 2834 2345 acérhi
2888 2291 3091 2346 doloris
3127 2305 3312 2346 casum
3362 2307 3467 2345 non
3502 2301 3588 2345 tu-

2000 2383 2201 2449 lerunt,
2261 2398 2450 2438 verum
2517 2381 2701 2451 ianuis
2764 2381 2966 2452 apertis
3032 2380 3356 2436 advolabant
3417 2382 3592 2436 instar

2001 2489 2308 2544 passerum,
2348 2483 2402 2528 et
2446 2473 2512 2528 ad
2557 2473 2759 2528 fossam
2815 2471 3093 2526 turmatim
3127 2471 3400 2526 irruentes
3440 2471 3590 2525 illam

2003 2569 2267 2623 violenter
2304 2566 2731 2636 pertransibant,
2759 2565 2852 2620 sed
2887 2579 2916 2618 a
2947 2563 3126 2620 fronte
3157 2563 3400 2634 percussi
3439 2562 3594 2617 festi-

2000 2661 2205 2715 nabant
2257 2670 2401 2716 retro
2454 2661 2667 2715 cedere.
2731 2659 2866 2713 Dum
2926 2671 3054 2728 ergo
3108 2664 3255 2712 esset
3311 2655 3469 2725 fugte,
3531 2665 3590 2709 et

2001 2762 2197 2817 metus,
2231 2753 2301 2807 'ct
2349 2751 2652 2807 formidinis
2697 2749 2957 2804 terribilis
3000 2749 3199 2818 imago,
3249 2757 3304 2802 et
3350 2761 3592 2815 praeceps

2001 2848 2284 2911 tumultus,
2312 2843 2453 2900 fossa
2501 2845 2615 2913 ipsa
2663 2842 2971 2911 sepulcrum
3027 2839 3266 2894 hostium
3311 2838 3494 2901 fiebat,
3533 2841 3592 2889 et

2001 2934 2169 2988 caedis
2204 2944 2392 3003 aperta
2415 2935 2630 2988 domus.
2661 2931 2827 2985 Erant
2865 2930 3008 2984 enim
3038 2929 3172 2998 ipsis
3205 2929 3594 2998 impedimento

316 3016 440 3069 alba
499 3023 650 3070 veste
681 3015 952 3085 expellens
1006 3019 1278 3084 tenebras,
1332 3028 1387 3075 et
1413 3035 1596 3076 aerem
1652 3023 1900 3079 vestibus
1924 3013 1970 3072 ο
2004 3030 2168 3084 etiam
2211 3028 2488 3096 loca,quas
2521 3025 2588 3080 ad
2637 3025 2868 3080 salutem
2898 3022 3003 3078 sibi
3041 3028 3505 3090 praeparaverant,
3535 3023 3596 3070 ul-

315 3118 634 3162 exornasset
663 3107 878 3171 lucidis,
913 3110 1250 3179 prospiceres
1299 3119 1500 3168 terram
1545 3114 1890 3188 albicantem,
2004 3133 2071 3174 ex
2127 3120 2260 3173 locis
2289 3130 2506 3189 quoque
2537 3131 2700 3174 sensu
2756 3113 3076 3184 expertibus
3111 3113 3390 3167 discerent
3437 3125 3592 3185 suam

315 3207 373 3250 ει
404 3211 596 3265 Pugna!
618 3212 920 3266 Ιπωοοιιϐιη
944 3215 1168 3254 currere
1205 3216 1302 3270 per
1349 3214 1438 3258 tua
1463 3207 1700 3275 agmina,
1739 3219 1793 3264 et
1826 3224 1895 3266 ex
2009 3215 2166 3270 fidem
2193 3213 2408 3282 dignam
2449 3207 2809 3264 contumeliis.
2849 3205 2984 3274 Quis
3030 3204 3142 3274 iam
3192 3212 3412 3274 rogalus
3468 3217 3589 3272 pro-

317 3288 430 3342 alto
461 3300 615 3357 septo
647 3289 966 3356 phalangem
1003 3292 1256 3358 educere,
1311 3310 1431 3364 quae
1477 3311 1700 3368 repente
1734 3303 1897 3358 irrui-

316 3393 442 3436 tura
468 3381 672 3436 eratin
717 3381 920 3438 hostes.
967 3382 1042 3437 lbi
1100 3399 1223 3439 cum
1264 3399 1498 3444 ‘omnem
1555 3394 1892 3462 captivorum

2006 3307 2171 3378 pheta
2198 3313 2324 3359 ante
2345 3302 2593 3373 praelium
2631 3298 2882 3355 barbaris
2922 3298 3154 3351 dixisset
3206 3296 3408 3351 fossam
3455 3293 3591 3348 etfu-

2001 3397 2300 3458 dientibus,
2335 3394 2643 3463 sepulcrum
2671 3391 2940 3457 liliis,non
2965 3387 3066 3443 sibi
3097 3385 3298 3441 vallum
3319 3382 3594 3440 effodere?

1621 3502 1856 3562 VARle
1916 3509 2324 3566 LEUTION‘ES.

388 3608 517 3696 2H).
544 3609 699 3696 'Fort.
746 3609 897 3692 ὑπὲρ.
931 3610 1064 3696 θεοῦ-
1105 3607 1218 3696 (ϐυ)
1247 3612 1853 3696 συνίῖταέοιημιουεο
1873 3638 1902 3690 p

2004 3642 2052 3696 ta
2073 3634 2134 3696 et
2165 3639 2260 3696 pro
2313 3622 2551 3696 jnstitia.
2591 3619 2719 3696 226.
2752 3617 2905 3673 Fort.
2932 3613 3233 3696 ἐστολιζενἶ
3262 3611 3345 3696 ρι’.
3379 3609 3466 3666 Ill.

313 3680 445 3734 9.29.
475 3680 645 3748 τείχει
677 3680 858 3804 μικῇρῷ
885 3682 940 3734 in
975 3681 1198 3762 notxvel
1225 3683 1422 3754 μακρῷ
1455 3683 1516 3739 C.
1551 3680 1672 3742 Viti.
1704 3680 1906 3748 Λιιηοῖ.

315 3751 443 3804 cod.
478 3759 564 3804 est
594 3760 730 3804 teste
808 3789 824 3804 .
851 3751 1018 3804 -καὶ
1043 3751 1215 3804 διΑίας
1235 3750 1299 3804 C.

315 3751 443 3805 cod.
478 3759 564 3804 est
594 3760 730 3805 teste
766 3750 824 3806 F.
851 3751 1018 3805 -καὶ
1043 3750 1215 3814 διλίας
1235 3750 1299 3805 C.

2018 3681 2236 3767 239.1719
2271 3681 2382 3762 γᾶρ
2413 3692 2643 3762 τρόμου,
2688 3691 2745 3744 in
2775 3695 2891 3742 not.
2926 3683 3113 3738 melius
3147 3683 3244 3736 καὶ
3273 3681 3336 3747 C,
3363 3681 3506 3752 quod
3535 3683 3589 3736 in

1843 3822 2082 3882 NOTAE.

315 3917 439 3990 qui
460 3925 646 3990 tamen
677 3913 1287 3990 Elyoocemendandum
1339 3927 1461 3990 esse
1484 3913 1623 3971 bene
1661 3913 1898 3990 censuit.

388 3988 504 4058 (60)
543 3985 759 4058 Aliquid
795 3986 980 4058 inhoe
1018 4001 1173 4058 versu
1208 3985 1366 4058 deest
1394 3985 1900 4058 adtmmeri‘com-

317 4055 674 4126 plementum,
726 4058 819 4113 sed
853 4057 906 4112 in
954 4056 1138 4126 codice
1169 4055 1300 4126 nihil
1352 4056 1586 4126 amplius
1634 4055 1898 4126 scriptum

317 4137 577 4198 apparet1
580 4125 905 4198 ,Legendum
937 4127 1076 4180 forte
1113 4125 1258 4178 θοῶν
1292 4125 1408 4180 σοῦ.

394 4195 508 4269 (61)
549 4195 771 4254 Terram
803 4197 1150 4269 albicatitent,
1189 4205 1374 4269 utpote
1440 4195 1510 4249 ab
1541 4210 1736 4269 aurora
1770 4195 1898 4250 illu-

319 4265 574 4334 stratam,
629 4275 778 4322 recte
829 4277 987 4321 vocat
1039 4265 1401 4330 Theodosius,
1446 4280 1512 4319 eo
1561 4267 1741 4329 modo,
1795 4280 1902 4331 quo

319 4317 887 4392 Ξὶίὲόὲἇέέὸἐίέήιέ
907 4317 1178 4406 arietare
1204 4317 1401 4406 mea};
1430 4317 1592 4406 dixit
1624 4317 1903 4406 Virgilius
1937 4317 1983 4374 D

333 4407 455 4462 diu.
492 4407 683 4486 lib._|v,
710 4421 773 4473 iv.
971 4404 1076 4460 Sed
1109 4405 1328 4486 propius
1374 4405 1449 4486 ad
1487 4419 1598 4486 rem
1656 4404 1902 4486 nostram

324 4493 516 4561 agrum
555 4479 624 4530 ob
653 4491 871 4557 aurorae
893 4476 1073 4529 lumen
1118 4475 1386 4556 albentem
1419 4476 1710 4542 descripsit
1739 4474 1902 4556 _Clau-

322 4549 520 4601 dianus
547 4547 614 4602 de
647 4545 805 4614 Rapt.
841 4547 934 4600 hb.
968 4559 1052 4607 ιιι,
1079 4557 1130 4598 v.
1155 4543 1280 4604 232,
1313 4553 1385 4598 tta
1417 4560 1622 4599 canens
1658 4563 1672 4599 :

433 4636 502 4690 Et
533 4640 704 4704 prima
733 4635 827 4689 sub
857 4634 970 4688 luce
998 4636 1196 4702 legunt,
1229 4647 1348 4686 cum
1377 4647 1494 4687 rore
1524 4649 1738 4687 serenus

434 4705 581 4760 Albet
613 4721 738 4774 ager
763 4717 780 4756 :

324 4809 425 4848 nec
449 4791 687 4848 absimili
721 4791 875 4858 plane
904 4789 1066 4845 modo
1096 4790 1238 4844 idem
1286 4789 1366 4845 sic
1391 4787 1626 4844 asseruit
1655 4789 1901 4848 Valerius

328 4865 574 4923 Flaccus.
601 4865 802 4930 Argon.
833 4861 926 4914 lib.
952 4876 1012 4924 ιι,
1041 4877 1092 4915 ν.
1120 4860 1186 4915 ’12
1216 4874 1231 4913 :

430 4951 656 5018 Jamque
677 4951 772 5005 sub
805 4950 933 5004 an:
953 4950 1144 5006 dubios
1169 4950 1454 5004 Allantidis
1487 4949 1630 5020 ignes

434 5023 583 5076 Albet
613 5038 738 5092 ager
765 5061 780 5076 .

327 5109 420 5177 qui
455 5109 619 5163 etiam
651 5108 756 5162 alio
788 5107 840 5162 in
872 5108 992 5163 loco
1016 5108 1146 5162 ibid.
1179 5110 1272 5163 lib.
1301 5123 1381 5174 ιιι,
1411 5124 1464 5163 v.
1499 5107 1625 5174 258,
1656 5107 1726 5163 ob
1757 5107 1920 5162 diem

326 5190 505 5233 ortam
537 5189 704 5232 turres
736 5180 993 5233 albescere
1025 5179 1263 5245 scripsit.

279 5299 288 5306 .
399 5249 513 5315 (62)
556 5249 776 5317 Septum
806 5248 958 5319 illud,
984 5263 1079 5302 seu
1107 5262 1354 5319 aggerem
1385 5262 1413 5302 a
1456 5245 1763 5319 Nicephoro
1803 5261 1903 5319 pro

328 5321 410 5374 sui
431 5316 700 5376 exercitus
726 5318 1023 5373 munimine
1039 5316 1498 5389 jam'aadilicatum
1529 5317 1613 5372 hic
1631 5316 1902 5389 designari

329 5407 426 5458 pro
476 5400 626 5446 certo
675 5391 866 5444 habeo.
912 5386 1053 5444 Audi
1118 5388 1352 5444 Leonem
1412 5388 1708 5458 Diaconum
1758 5386 1904 5456 apud

329 5457 554 5526 Pagium
580 5459 717 5516 Crit.
753 5460 806 5514 in
837 5460 1034 5514 Annal.
1066 5459 1267 5514 Baron.
1303 5468 1437 5512 tom.
1469 5457 1558 5523 Ill,
1587 5474 1708 5526 pag.
1741 5457 1846 5511 874
1879 5473 1894 5509 :

331 5536 370 5585 Α
412 5527 589 5585 littore
613 5532 682 5584 ad
723 5539 963 5584 austrum
1004 5540 1267 5599 spectante
1306 5538 1471 5598 cwpta
1505 5535 1792 5599 structura,
1833 5527 1904 5579 ad

331 5604 554 5655 alteram
586 5614 743 5670 usque
779 5600 969 5654 littoris
987 5598 1206 5670 partem,
1236 5600 1373 5670 quod
1399 5609 1550 5670 terra:
1580 5598 1902 5670 interje‘ctunt

329 5681 466 5732 erat,
502 5667 995 5738 septo'intercludit.
1030 5687 1092 5724 ne
1127 5667 1320 5724 scilicet
1350 5669 1573 5723 Barbari
1619 5683 1711 5736 pro
1752 5667 1898 5720 libita

333 5743 388 5795 in
419 5760 602 5812 agrum
634 5743 788 5810 facile
814 5741 1014 5810 effundi
1052 5750 1280 5806 possent,
1310 5741 1630 5808 liberumque
1658 5739 1754 5812 ipsi
1789 5746 1900 5789 erat

334 5808 564 5883 pugnam
594 5808 882 5876 conserere,
917 5822 1005 5866 aut
1041 5827 1142 5864 non
1166 5826 1451 5878 conserere,
1481 5825 1595 5864 cum
1622 5820 1669 5864 et
1698 5808 1904 5861 liberet.

2083 3917 2198 3988 (63)
2235 3915 2524 3988 Cornelius
2547 3915 2716 3970 edidit
2755 3916 2961 3988 μικρῷ,
2981 3924 3049 3988 et_
3066 3913 3446 3988 corrigendum
3469 3926 3598 3966 cen-

2010 3983 2120 4043 suit
2149 3985 2381 4057 μακρῷε
2409 3985 2503 4057 sed
2534 3983 2788 4057 neutrum
2815 3983 3010 4057 horum
3037 3984 3091 4038 in
3121 3986 3308 4057 codice
3327 3983 3588 4057 scriptum

2008 4051 2408 4112 esse'videt'ur.
2444 4055 2720 4126 Equidem
2782 4055 2882 4124 μὲν
2926 4055 3083 4126 ἄκρῳ
3122 4053 3420 4126 legendum
3445 4051 3594 4104 arbi-

2007 4136 2142 4191 tror,
2198 4142 2264 4180 eo
2317 4125 2488 4194 magis
2521 4125 2664 4194 quod
2718 4123 3088 4195 monosyllaba
3150 4123 3460 4195 necessario
3509 4129 3596 4177 est

2009 4196 2276 4254 addenda.
2307 4205 2366 4247 ut
2390 4209 2580 4249 versus
2618 4209 2871 4250 mensura
2899 4194 3049 4252 recte
3082 4208 3143 4249 se
3171 4194 3386 4248 habeat.

2083 4267 2196 4338 (64)
2259 4265 2445 4327 Ξέσαι,
2498 4265 2911 4338 κατασκευάσαι
2971 4266 3364 4338 interpretatur
3422 4259 3596 4338 Hesy-

2007 4330 2190 4402 chius,
2241 4338 2383 4405 quod
2437 4333 2663 4388 verbum
2709 4349 2810 4404 pro
2837 4330 3134 4405 armando'
3164 4330 3596 4405 instruendoque

2007 4401 2398 4481 exercitu'nou
2447 4407 2613 4458 semel
2643 4401 2797 4481 apud
2819 4404 3040 4481 Gnaeos
3072 4401 3372 4481 scriptores
3400 4413 3568 4453 occur

2006 4480 2098 4534 rit.
2154 4476 2254 4531 Hic
2297 4485 2477 4529 autem
2539 4473 2797 4537 peculiari
2835 4473 3006 4542 magis
3060 4470 3458 4542 significatione
3496 4483 3595 4533 pro

2007 4546 2344 4602 advocaudis
2372 4545 2438 4597 ad
2471 4543 2672 4598 bellum
2706 4538 2970 4597 militibus
2991 4548 3311 4609 usurpatum
3337 4538 3590 4591 videtur:

2005 4619 2142 4671 adeo
2170 4627 2229 4670 ut
2261 4629 2440 4684 praeco
2476 4611 2729 4668 bellicum
2784 4613 2910 4684 tuba
2961 4625 3164 4684 canens
3198 4610 3520 4684 phalangem
3563 4621 3595 4661 e

2004 4700 2159 4756 septo
2197 4677 2290 4740 illo
2317 4685 2682 4749 advocaverit,
2705 4693 2760 4738 et
2793 4682 3067 4744 eduxerit,
3094 4677 3216 4750 qua:
3239 4679 3292 4733 in
3323 4677 3594 4733 Barbaros

2004 4757 2262 4813 irrueret.
2829 4795 2838 4804 .

2077 4827 2190 4895 (65)
2260 4825 2554 4880 Pulchrum
2613 4822 2856 4895 profecto
2925 4820 3214 4895 Nicepheri
3263 4827 3592 4895 strategema

2003 4889 2306 4951 collocandi
2356 4898 2408 4949 in
2465 4889 2639 4948 fronte
2686 4891 2968 4961 phalangis
3016 4889 3259 4957 captivos
3301 4889 3592 4961 Barbaros,

2003 4977 2064 5020 ut
2114 4968 2167 5020 in
2203 4975 2496 5035 conspectu
2531 4956 2751 5035 suorum
2793 4956 2991 5035 civium
3022 4956 3364 5035 necarentur,
3401 4973 3464 5010 ac
3496 4956 3594 5035 sel

2004 5037 2086 5092 sic
2141 5027 2396 5090 commoti
2460 5032 2716 5087 Saraceni
2768 5033 2833 5086 ad
2874 5046 3104 5102 pugnam
3159 5027 3596 5102 exire_concita-

2005 5116 2211 5159 rentur.
2266 5105 2454 5160 Simile
2502 5102 2628 5171 quid
2685 5097 3011 5171 strartagen'ta
3067 5108 3256 5171 contra
3311 5097 3511 5171 sar-des
3564 5110 3594 5147 a

2003 5176 2184 5298 Cyro6
2197 5167 2555 5298 echgitzgum
2594 5171 2759 5226 refert
2785 5167 3068 5242 Polyaenus
3107 5169 3343 5236 Stratag.
3370 5167 3464 5222 lib.
3494 5179 3591 5227 vn,

2004 5261 2120 5298 can.
2191 5285 2205 5298 .
2240 5261 2389 5298 nttm.
2460 5285 2472 5297 .

2004 5261 2120 5300 can.
2151 5247 2205 5300 6.
2240 5261 2389 5298 utrm.
2418 5247 2472 5298 5.

2071 5263 2205 5386 (66)
2613 5311 2704 5386 illa
2736 5322 2840 5374 est,
2875 5325 3034 5386 quam
3078 5308 3379 5386 Saracenos
3413 5303 3480 5357 ad
3508 5300 3592 5386 sui

2003 5373 2306 5440 custodiam
2352 5383 2606 5438 eﬂ'odisse
2637 5382 2718 5436 sic
2749 5373 2970 5437 enarrat
3011 5379 3119 5433 Leo
3152 5377 3420 5431 Diaconos
3453 5373 3596 5426 :Ac-

2005 5455 2253 5510 cedebant
2284 5462 2331 5508 et
2367 5455 2487 5527 dua:
2519 5453 2574 5527 in
2619 5452 2786 5505 latum
2819 5467 2976 5527 quam
3023 5447 3248 5527 maxime
3279 5444 3448 5527 ducta:
3477 5441 3594 5527 fos-

2005 5541 2098 5588 ⁸ίεν
2129 5536 2283 5591 alque
2315 5523 2616 5590 profundae,
2648 5538 2752 5587 qua
2791 5522 3024 5591 undique
3048 5522 3423 5591 nranimentum
3454 5526 3594 5591 pra:-

2004 5577 2231 5648 sta'rent'.
2256 5577 2377 5649 Vici.
2414 5577 2556 5664 'Pag.
2582 5577 2717 5648 Crit.
2761 5591 2814 5644 in
2851 5577 3050 5642 An'nal.
3089 5587 3285 5640 Baron.
3332 5577 3462 5637 tom.
3503 5577 3592 5645 lll,

2046 5680 2130 5718 att.
2168 5664 2292 5718 87L

2009 5680 2314 5801 Ρδῗϐῧιῖίη
2353 5735 2517 5791 codex
2556 5753 2566 5786 :
2599 5740 2652 5784 ct
2707 5735 2784 5801 sic
2818 5742 3032 5801 quoque
3074 5727 3138 5781 ad
3189 5738 3340 5779 oram
3384 5721 3592 5792 pagina:

2011 5798 2388 5874 corrigendum
2413 5803 2686 5858 adnotavit
2717 5798 3022 5854 Cornelius.
