4096 6416
527 327 665 396 1015

668 441 751 498 Τά
774 441 942 497 τέκνα
973 442 1328 516 λαμϐάνουσα
1355 449 1421 518 τῇ
1455 448 1604 521 μάχῃ
1631 449 1791 521 νέφη,

673 532 766 587 Ἐν
799 528 882 598 οἷς
916 534 1143 590 ἐπελθὸν
1180 537 1257 600 ὡς
1286 539 1422 609 πνοὴ
1460 540 1678 611 Ῥώμης
1704 541 1854 613 δόρυ,

663 625 775 678 Καὶ
819 624 1096 694 πνεῦσαν,
1127 626 1315 699 ῶσπερ
1355 631 1632 702 συστροφή
1680 649 1794 696 τις,
1833 635 1958 700 τοὺς
2002 636 2096 706 φό-

1901 744 2027 792 νους

665 807 944 879 Ὄμϐρους
971 809 1185 879 ἀφῆκεν
1216 811 1468 882 αἱμάτων
1497 815 1875 888 πολυῤῥῦτων.

517 897 625 953 255
663 898 1026 968 Δημόσθενες,
1064 901 1330 968 Φίλιππος
1355 905 1455 958 οὐκ
1483 906 1595 977 ἔχει
1630 909 1850 979 κράτος

659 989 996 1063 Πλούταρχε,
1037 993 1256 1066 Καῖσαρ
1291 997 1392 1051 οὐκ
1437 998 1552 1069 ἔχει
1591 1001 1908 1073 παρρησίαν
1939 1001 2051 1074 (68)
2076 1020 2091 1036 ⁸

657 1079 819 1144 Δίων,
847 1080 874 1132 ὁ
898 1080 1104 1145 Σύλλας
1133 1083 1215 1147 εἰς
1247 1085 1426 1156 μάτην
1455 1086 1823 1160 δημοκράτωρ
1850 1107 1866 1123 ·

660 1169 854 1238 Ἄφες,
884 1169 1160 1241 Ξενοφῶν,
1184 1175 1310 1240 τοὺς
1334 1177 1628 1249 ἀνικήτους
1661 1182 1917 1251 γράφειν’

657 1259 762 1314 Τὸν
817 1261 1097 1332 Ῥωμανὸν
1123 1264 1372 1338 θαύμαζε
1403 1269 1497 1322 καὶ
1523 1269 1685 1339 μόνον
1713 1271 1915 1342 γράφε.

515 1349 620 1406 260
656 1352 863 1416 Κύζικε
896 1356 1266 1430 συνθρήνησον
1297 1359 1432 1431 (69),
1462 1364 1496 1433 ἡ
1530 1365 1847 1435 κεκαυμένη

657 1443 849 1514 Κρήτη
883 1446 1128 1502 παθοῦσα
1155 1453 1446 1522 συμφορὰς
1482 1454 1794 1525 ἰσοκρατεῖς
1825 1457 1967 1529 (70)-

654 1533 748 1586 .‘Joi.
777 1536 886 1607 γάρ
911 1539 1141 1606 παλαιὸς
1169 1543 1296 1608 τοὺς
1326 1544 1523 1614 φόνους
1548 1547 1914 1620 Μιθριδάτης,

655 1624 796 1689 Νέος
822 1645 884 1696 γε
922 1629 1095 1702 ταύτῃ
1131 1635 1415 1705 Ῥωμανδς
1449 1637 1640 1692 πλέκει
1671 1640 1887 1709 φόνους.

671 1718 811 1772 Ἀλλ’
838 1715 885 1774 ὦ
911 1725 1184 1794 στρατηγέ
1204 1725 1309 1796 γῆς
1336 1727 1484 1797 ὅλης,
1521 1731 1614 1784 καὶ
1646 1731 1756 1802 γὰρ
1782 1731 1985 1803 πρέπει

513 1807 619 1864 263
657 1809 730 1863 Τὸ
773 1809 966 1880 μέλλον
1005 1815 1184 1868 εἰπεῖν
1228 1817 1362 1886 (7|),
1411 1819 1487 1890 μὴ
1527 1797 1847 1889 φθόνει-τὸν
1872 1824 2089 1897 οἰκέτην
2122 1797 2162 1853 Β

654 1902 976 1972 Κροτοῦντα
998 1907 1098 1970 τὰς
1128 1909 1226 1974 σὰς
1258 1914 1671 1978 νικοσυνθέτους
1703 1918 1905 1988 μάχας,

656 1993 870 2062 Τράνου
900 1995 956 2049 δὲ
981 1997 1250 2066 γλῶτταν,
1276 2002 1366 2066 δὸς
1398 2004 1712 2076 παρρησίαν
1743 2006 1902 2078 λόγου
1931 2025 1947 2040 ο

654 2084 888 2158 Πλήττει
907 2088 1017 2160 γὰρ
1043 2093 1194 2161 ἡμᾶς
1225 2095 1437 2167 κέντρῳ
1464 2099 1564 2168 τῆς
1595 2100 1876 2172 ἀτολμίας.

654 2176 937 2234 Θεοδοσίου
968 2183 1045 2254 μὴ
1083 2185 1438 2261 παραϐλέψας
1463 2189 1683 2258 πόνους,

1779 344 2193 410 THEODOSII
2233 349 2540 415 DIACONI

3641 354 3781 426 1016

2125 460 2170 515 Α
2195 457 2303 512 270
2340 458 2448 511 Τοῦ
2477 458 2792 530 στέμματός
2821 477 2918 516 σου
2956 461 3381 533 συγγραφέντας
3411 463 3493 527 εἰς
3527 464 3710 532 κλέος,

2352 549 2441 612 Ὠς
2472 549 2540 604 ἂν
2573 551 2764 625 βαδίζῃ
2788 554 2910 625 χεὶρ
2940 553 3055 628 (72)
3090 555 3328 626 γράφειν
3361 557 3672 629 ἠπειγμένη

2341 640 2483 710 Πρὸς
2507 642 2767 713 δευτέραν
2801 661 2896 697 σου
2939 643 3034 698 τοῦ
3069 645 3302 717 στρατοῦ
3329 648 3666 704 πανοπλίαν.

2723 773 3069 829 ΑΚΡΟΑΣΙΣ
3112 777 3188 834 B'.

2411 911 2598 978 Οὕτως
2631 913 2864 984 ἐχόντων
2903 913 3200 984 Κρητικῶν
3222 914 3646 985 παλαισμάτων,

2351 1001 2570 1074 Ῥώμης
2599 1003 2660 1057 τδ
2691 1002 2909 1067 κάλλος,
2952 1003 3202 1074 Ῥωμανὲ
3235 1005 3684 1075 σκηπτοκράτορ,

2336 1096 2400 1149 Οἰ
2441 1094 2542 1164 μὲν
2571 1095 2754 1157 κακῶς
2786 1095 3025 1167 ἔπασχον
3053 1097 3110 1149 έν
3145 1097 3319 1162 ξένοις
3352 1100 3558 1162 τόποις,

2338 1186 2432 1250 Εἰς
2467 1185 2656 1256 καῦμα
2695 1187 2810 1257 (75)
2851 1187 2948 1242 καὶ
2993 1187 3271 1259 μάχαιραν
3312 1187 3784 1258 ἀνθωπλισμένοι.

2269 1279 2303 1334 5
2342 1278 2453 1342 Τὰς
2484 1279 2591 1351 γὰρ
2620 1279 2916 1350 φλογώδεις
2950 1281 3242 1350 λαμπάδας
3275 1281 3447 1351 βελῶν
3473 1281 3633 1351 δίκην
3872 1273 3876 1278 ’

2339 1371 2596 1441 Ἐπεμπε
2631 1373 2744 1436 τοῖς
2777 1375 2891 1436 σοῖς
2918 1374 3156 1437 οἰκέταις
3184 1376 3212 1428 ὁ
3250 1373 3559 1444 φωσφόρος.

2335 1463 2507 1528 Αὐτὸς
2537 1464 2594 1518 δὲ
2617 1464 2809 1535 καῦμα
2836 1463 2950 1538 (74)
2977 1465 3075 1519 καὶ
3105 1466 3260 1535 ξίφος
3286 1465 3384 1528 τὰς
3417 1465 3710 1534 φροντίδας

2337 1551 2497 1625 Εἷχες
2518 1557 2586 1609 δι’
2615 1557 2815 1620 αὐτοὺς
2841 1557 2991 1612 ἔνδον
3026 1559 3085 1611 ἐν
3115 1560 3180 1628 τῇ
3217 1557 3436 1629 καρδία.

2345 1647 2435 1712 ’ος
2461 1649 2554 1704 οὖν
2581 1649 2642 1704 τὸ
2673 1649 2784 1722 πῦρ
2820 1668 2879 1704 σε
2901 1652 3000 1723 τῆς
3032 1651 3341 1722 ἀγρυπνίας
3365 1651 3562 1720 φλέγον

2232 1742 2299 1797 10
2348 1742 2544 1813 Ὠχράν
2571 1743 2744 1797 ἐποίει
2771 1743 2871 1815 τὴν
2903 1744 3163 1816 έναστρόν
3195 1761 3291 1798 σου
3325 1744 3478 1810 Θέαν,

2334 1835 2449 1888 Οὐκ
2480 1830 2624 1906 εἶχον
2651 1837 2826 1890 εἰπεῖν
2859 1838 2906 1890 οἰ
2935 1834 3223 1906 βλέποντες
3249 1836 3452 1901 αἰτίαν,

2330 1927 2456 1991 Πῶς
2485 1943 2580 1980 σου
2615 1927 2675 1981 τὸ
2705 1927 2930 1998 φαιδρὸν
2969 1928 3049 1991 εἰς
3085 1927 3314 1996 στυγνὸν
3352 1929 3702 2000 μετιτράπηο

2333 2017 2479 2083 Ἕως
2511 2018 2773 2084 στενάξας
2804 2019 3060 2088 ὲμπόνως
3089 2019 3150 2086 ἐξ
3175 2019 3450 2087 ὲγκάτων,

2331 2109 2616 2180 Φλογμοὺς
2646 2111 2864 2178 ἀφῆκας
2903 2109 3013 2163 τῶν
3036 2110 3188 2164 κάτω
3216 2111 3648 2181 πυρσευμάτων,

2228 2198 2298 2254 15
2335 2198 2528 2268 Λέγων
2557 2200 2619 2254 τὸ
2647 2202 2881 2273 πρᾶγμα
2910 2203 3045 2257 πᾶσι
3072 2203 3188 2266 τοῖς
3217 2201 3505 2273 ὑπηκόοις.

512 2333 680 2427 Arida
702 2333 887 2405 Creta,
917 2339 1216 2398 siccltatem
1249 2357 1317 2399 ne
1348 2354 1718 2415 gemastuam,
1745 2363 1868 2404 cum
1902 2349 1994 2406 lilii
2035 2351 2090 2407 in
2185 2354 2482 2424 pungimur
2509 2371 2522 2407 :
2561 2354 2854 2413 Theodosii
2879 2371 3066 2412 versus
3085 2323 3433 2427 nedespicias
3455 2358 3790 2414 diadematis

513 2426 700 2496 praelio
736 2429 832 2507 tibi
885 2435 996 2486 sint
1025 2448 1123 2502 pro
1151 2435 1404 2504 nubibus,
1459 2440 1656 2507 quibus
1703 2445 2093 2511 superveniens

519 2516 692 2571 instar
720 2521 866 2575 venti
897 2520 1266 2581 Romanorum
1293 2528 1530 2598 gladius,
1559 2541 1614 2586 et
1643 2535 1861 2602 spirans
1892 2536 2090 2604 caedes,

515 2609 690 2664 instar
719 2613 972 2682 turbinis,
999 2619 1269 2686 expressit
1312 2621 1514 2679 imbres
1542 2626 1746 2695 copiosi
1791 2629 2091 2696 sanguinis.

512 2696 928 2786 Demosthenes,
955 2704 1200 2779 Philippo
1233 2726 1341 2766 non
1364 2723 1446 2768 est
1464 2717 1704 2782 potentia
1736 2733 1751 2772 :
1780 2716 2095 2786 Plutarche,

511 2785 719 2882 Caesarl
772 2806 877 2846 uon
916 2802 1001 2849 est
1036 2798 1208 2853 virtus
1263 2802 1477 2858 animi:
1512 2804 1671 2871 Dion,
1695 2805 1893 2863 frustra
1945 2807 2092 2882 Sylla

516 2877 758 2937 Dittator
778 2883 922 2938 fuit:
967 2895 1108 2953 tuos,
1134 2888 1452 2962 Xenophon,
1496 2896 1690 2956 heroas
1726 2901 1949 2959 laudare
1988 2877 2094 2963 vde-

513 2973 656 3038 sine,
701 2974 1004 3033 Romanum
1046 2981 1339 3051 admirare,
1383 2998 1437 3043 et
1487 3005 1610 3045 eum
1641 2993 1814 3049 solum
1853 2997 2090 3054 celebra.

513 3060 1203 3158 Cyzice,collacryniare;
1233 3075 1480 3134 incendio
1498 3084 1702 3150 perdita
1733 3085 1891 3141 Creta
1930 3105 2090 3158 passa

2190 2445 2264 2499 tui
2295 2447 2528 2516 scriptos
2560 2449 2627 2502 ad
2664 2448 2910 2518 gloriam,
2930 2459 2989 2504 ut
3034 2465 3228 2505 manus
3267 2458 3458 2520 pergat
3505 2449 3788 2517 scribere,

2190 2537 2543 2608 progrediens
2565 2540 2630 2594 ad
2658 2540 2888 2594 alteram
2915 2541 3316 2611 expeditionem
3341 2541 3417 2596 tui
3438 2539 3744 2596 exercitus.

2615 2632 2956 2688 ACROASIS
2999 2632 3344 2690 SECUNDA.

2264 2720 2402 2777 Dum
2435 2723 2518 2779 sic
2568 2723 2833 2780 haberent
2871 2739 2931 2780 se
2977 2723 3266 2780 conﬂictus
3313 2723 3534 2789 Cretici,
3585 2721 3787 2778 Romae

2191 2815 2379 2881 decus,
2404 2815 2666 2880 Romane,
2697 2817 2789 2887 qui
2816 2816 3048 2887 sceptra}
3076 2817 3240 2888 regis,
3271 2816 3346 2871 illi
3380 2815 3600 2886 quidem
3630 2814 3780 2868 mala

2191 2909 2535 2980 patiebantur
2558 2911 2834 2966 extraneis
2889 2911 2942 2964 in
2982 2909 3118 2966 locis
3155 2911 3417 2966 adversus
3455 2917 3672 2971 aestum.
3717 2916 3786 2963 et

2192 3001 2429 3070 gladium
2480 3002 2533 3056 in
2590 3002 2758 3058 armis
2796 3011 3002 3058 stantes
3051 3017 3066 3054 :
3115 3001 3370 3057 ardentes
3417 3001 3563 3057 enim
3621 3002 3788 3070 ignes

2188 3093 2362 3149 instar
2381 3091 2545 3162 jaculi
2581 3093 2635 3148 in
2659 3101 2781 3148 tuos
2810 3107 2999 3149 servos
3029 3093 3357 3150 imminebat
3381 3093 3622 3149 Lucifer.
3650 3091 3777 3146 Tibi

515 3154 824 3254 εῖδει-θυοδ
889 3161 1021 3254 tuis?
1049 3163 1251 3220 similes
1298 3185 1312 3220 :
1366 3169 1460 3223 tibi
1502 3171 1644 3226 enim
1706 3175 1912 3233 cladem
1930 3154 2086 3237 vetus
2115 3195 2159 3252 ε
2194 3154 2582 3254 autemazstus,
2611 3193 2668 3240 et
2711 3184 2920 3254 gladius
2955 3185 3350 3241 sollicitudines
3396 3194 3618 3254 propter
3649 3183 3783 3240 illos

514 3243 878 3316 Mithridates,
932 3252 1058 3308 huic
1109 3254 1297 3324 iunior
1351 3257 1628 3318 Romanus
1674 3266 1882 3322 cladem
1947 3269 2094 3323 intu-

514 3337 599 3393 llt.
649 3338 780 3407 Sed,
827 3355 862 3396 o
898 3341 1193 3411 imperator
1247 3347 1419 3413 orbis,
1484 3365 1718 3423 namque
1773 3355 1933 3412 decet
1986 3359 2090 3416 fari

465 3469 470 3474 -
515 3430 782 3497 futurum,
808 3447 1021 3488 servum
1069 3445 1220 3492 tuum
1265 3455 1332 3495 ne
1375 3455 1518 3511 aegre
1561 3445 1708 3502 feras
1747 3447 2087 3516 plaudentem

515 3521 684 3573 armis
727 3523 834 3576 tuis
879 3524 1195 3582 victricibus
1233 3545 1247 3582 :
1281 3530 1536 3588 disertam
1594 3534 1680 3592 fac
1731 3537 1991 3610 linguam,
2023 3545 2089 3600 da

511 3615 767 3685 loquendi
789 3617 1102 3676 facultatem
1119 3620 1600 3695 llberam,‘stimulo
1620 3630 1765 3686 enim
1785 3633 2090 3693 timiditatis

2193 3275 2472 3347 ingerebat
2506 3276 2559 3330 in
2584 3276 2768 3332 corde.
2803 3276 2938 3332 Cum
2971 3291 3100 3346 ergo
3129 3277 3266 3346 ignis
3307 3291 3473 3332 urens
3505 3285 3557 3330 te
3578 3275 3782 3345 vigilia:

2194 3365 2399 3436 pallore
2433 3365 2676 3423 inliceret
2701 3376 2850 3422 tuum
2890 3379 3170 3437 aspectum
3195 3367 3534 3438 splendidum
3567 3363 3782 3421 nescie-

2193 3459 2328 3514 baut
2356 3459 2717 3529 respicientes
2769 3474 2990 3514 causam
3041 3459 3292 3524 reddere,
3343 3473 3442 3514 cur
3498 3457 3551 3512 in
3597 3457 3776 3511 tristi-

2195 3550 2324 3606 tiam
2353 3559 2442 3606 tua
2483 3565 2642 3606 versa
2684 3561 2832 3607 esset
2874 3551 3124 3606 hilaritas
3158 3567 3173 3608 :
3202 3551 3374 3606 donec
3411 3564 3556 3620 aeger
3590 3550 3778 3617 suspi-

2196 3657 2326 3699 rans
2356 3643 2464 3698 imo
2492 3657 2558 3698 ex
2578 3653 2795 3714 pectore
2817 3641 3063 3698 ﬂammas
3076 3643 3305 3700 emisisti
3332 3642 3542 3698 ardoris
3571 3641 3776 3708 intimi,

1822 3751 2056 3811 VARI/1'3
2115 3759 2416 3817 LECTION
2425 3761 2528 3817 ES.

575 3830 704 3888 258.
742 3833 1019 3896 ἀνικίτους
1047 3835 1110 3890 C.
1181 3833 1310 3892 260.
1342 3835 1494 3892 Fort.
1520 3834 1590 3909 ἦν
1615 3843 1896 3912 κεκαυμέν
1941 3886 1954 3910 ,
1987 3865 2298 3920 quanquam
2347 3853 2570 3908 verbum
2599 3852 3006 3908 substantivum
3046 3851 3210 3906 etiam
3243 3851 3374 3907 alibi
3401 3849 3698 3906 omittitur.

575 3902 597 3955 '.
622 3901 684 3955 11.
722 3902 812 3958 34.
886 3903 1013 3958 261-
1052 3906 1392 3970 ἰσοκράτους,
1426 3907 1538 3970 lego
1569 3911 1874 3970 ἰσοκρατεῖς
2039 3919 2164 3970 263-
2198 3920 2317 3970 Scr.
2343 3923 2461 3970 νέος
2497 3922 2575 3970 δέ-
2651 3922 2777 3970 εδδ-
2833 3919 3006 3970 εἷπον-
3073 3923 3245 3970 notius
3301 3924 3474 3970 sinsin
3499 3919 3562 3970 C.
3637 3921 3698 3970 es

508 3901 597 3979 5f.
622 3901 684 3955 ll.
714 3902 812 3979 βαι.
1031 3906 1406 3979 -ίσοκράτουξ,
1426 3901 1874 3979 ιεθοξίσοκρατετς

513 3972 634 4027 Scr.
661 3973 886 4046 κέντρα.
917 3973 1004 4030 Cf.
1030 3974 1122 4029 Ill.
1154 3972 1239 4030 f3.
1314 3976 1440 4031 272.
1470 3972 1566 4031 σοῦ
1598 3972 1782 4036 τοῦὈ.

2039 3919 2164 3976 263.
2198 3920 2317 3977 Scr.
2343 3923 2461 3985 νέος
2497 3922 2575 3978 δέ.
2651 3922 2778 3980 2ϐ5.
2833 3919 3006 3990 εἶπον,
3072 3923 3245 3991 potius
3301 3919 3562 3977 εἰπεῖνο.
3637 3921 3769 3980 268.

2057 4077 2290 4137 nom.
2354 4034 2356 4038 ’

585 4166 697 4237 (68)
740 4165 815 4218 De
837 4160 1068 4228 viribus,
1088 4161 1174 4216 vel
1193 4161 1256 4216 de
1287 4161 1451 4216 animi
1484 4162 1682 4218 virtute
1709 4165 2079 4235 explicandam

509 4238 653 4294 hanc
675 4249 859 4289 vocem
890 4247 1192 4305 censemus,
1212 4247 1278 4286 eo
1296 4247 1485 4305 nempe
1504 4247 1688 4305 sensu,
1717 4251 1824 4305 quo
1851 4238 1993 4293 illam
2015 4242 2085 4295 si-

509 4305 854 4376 gniﬁcatione
874 4302 974 4358 sibi
1006 4301 1420 4376 [uinus'propria
1455 4301 1748 4360 adhibitam
1772 4306 1940 4362 fuisse
1955 4311 2086 4364 srri-

2261 4169 2505 4253 (70)_.lta
2560 4170 2698 4228 bene
2760 4169 3152 4227 emendandum
3209 4171 3320 4242 iam
3367 4173 3571 4230 viderat
3603 4173 3766 4230 etiam

2189 4240 2496 4383 (ἱοῖξιῗιῗῗᾶ
2521 4321 2670 4368 certe
2705 4312 2986 4383 legendum
3016 4321 3117 4374 est,
3151 4326 3257 4366 non
3291 4307 3467 4378 εἶπον,
3503 4322 3562 4367 ut
3604 4315 3775 4369 edidit

508 4370 1106 4454 bitfbavorinusg'lizu
1126 4370 1320 4454 τούτου
1339 4370 1396 4454 δὲ
1417 4378 2092 4454 καταχρηστικῶς-ἐρρέθη
2126 4390 2171 4446 υ
2200 4370 2507 4454 Cornelius,
2555 4383 2647 4450 qui
2698 4370 2878 4438 tamen
2920 4370 3499 4452 studii-reponendum
3542 4399 3689 4450 esse,
3721 4396 3774 4442 et

506 4445 796 4519 παρρησία
822 4443 1006 4531 καὶτὸ
1043 4442 1442 4531 θάρᾼῥοςικαλήή
1465 4442 1712 4531 ἐξουσία.
1750 4446 1834 4531 _Ea:
1863 4442 2091 4531 ζιοόἀμζ

507 4512 609 4572 teni
632 4512 742 4584 per
795 4512 1099 4568 abusionem
1130 4512 1409 4582 παρρησία
1433 4512 1586 4568 dicta
1616 4527 1690 4569 est
1721 4526 1768 4570 et
1795 4519 1959 4572 animi
1988 4521 2095 4574 vir-

509 4598 619 4650 tus,
661 4595 710 4640 et
745 4586 899 4638 vires.
955 4581 1160 4654 [βαθεῖ
1197 4597 1306 4638 non
1358 4583 1591 4654 amplius
1619 4585 1836 4643 audebit
1867 4604 1954 4645 res
1976 4603 2007 4642 a
2033 4605 2094 4648 se

510 4667 694 4727 gestas
733 4651 991 4775 gelare.)
1450 4651 1465 4654 ⁷
1613 4723 1626 4737 ,

513 4725 699 4806 (69)
738 4737 816 4806 ne
851 4721 1350 4806 Cymbgbsidione
1388 4737 1419 4777 a
1444 4721 1755 4806 Mithridate
1783 4728 1955 4806 posita
1983 4730 2094 4806 agit

507 4791 700 4851 Cicero
730 4791 838 4846 Pro
883 4791 1005 4863 lege,
1035 4791 1258 4863 Manilia
1302 4793 1355 4847 in
1406 4795 1693 4863 principio,
1743 4791 1833 4852 ubi
1871 4796 1932 4854 L.
1989 4791 2094 4853 [Ju-

507 4865 638 4920 culli
683 4863 890 4934 laudes,
920 4861 1011 4934 qui
1051 4861 1325 4934 Cyzicum,
1349 4861 1419 4919 ab
1438 4867 1846 4934 oppugnatione
1881 4869 2095 4924 Mithri-

506 4935 654 4989 datis
712 4931 1376 5003 liberavit,‘perstringit.
1435 4931 1881 5003 verttmpmpius
1929 4939 2093 5000 hosce

511 5019 700 5059 versus
733 5001 963 5057 illustrat
993 5000 1702 5070 Appianus'Alexandrintis
1732 5000 1804 5059 De
1833 5007 1964 5062 bello
1995 5008 2095 5063 Mi-

507 5075 813 5136 thridatico,
858 5087 910 5140 p.
945 5071 1071 5133 221,
1099 5085 1198 5125 seu
1232 5071 1303 5124 al.
1335 5073 1460 5136 37l,
1488 5073 1580 5141 qui
1616 5073 1765 5129 urbis
1787 5076 2091 5136 incendium

508 5144 790 5206 describit,
827 5141 971 5210 quod
1001 5141 1109 5210 hic
1143 5151 1409 5196 memorat
1454 5142 1808 5200 Theodosius.
1844 5145 1917 5200 Ita
1945 5151 2091 5204 enim

427 5263 447 5282 μ
507 5215 687 5280 inquit
735 5231 749 5268 :
790 5209 902 5263 καὶ
949 5209 1076 5263 τάδε
1132 5210 1316 5274 αὐτοῖς
1363 5213 1785 5280 φερεπονὼτατα
1837 5216 1901 5285 δὴ
1929 5234 2094 5272 κακο-

505 5283 794 5338 παθοῦσιν,
843 5280 993 5338 ὅμως
1054 5296 1119 5338 γε
1182 5279 1275 5332 τοῦ
1307 5283 1516 5338 τείνους
1542 5283 1745 5338 ἐκαύθη
1778 5303 1827 5338 τι
1853 5288 1946 5338 καὶ
1964 5303 2092 5338 συν-

505 5283 794 5343 παθοῦσιν.
843 5283 993 5350 ὅμως
1054 5296 1119 5347 γε
1182 5283 1275 5332 τοῦ
1307 5283 1516 5352 τείχους
1542 5283 1746 5353 ἐκαύθη
1778 5303 1827 5338 τι
1853 5283 1946 5340 καὶ
1964 5303 2092 5341 συν.

513 5354 709 5425 ἐπεσεν
749 5353 825 5425 εἰς
883 5348 1371 5425 έσπέᾌρανομοὺλμὴν
1404 5353 1612 5425 έφθασέ
1639 5371 1723 5416 τις
1761 5355 2092 5425 ὲσαλάμενος

509 5421 594 5496 ἔτι
651 5422 849 5496 θερμὸν
865 5461 911 5496 ,__
943 5419 1069 5496 ἀλλ’
1110 5419 1273 5496 aptat
1311 5419 1504 5487 νυκτὸς
1559 5423 1754 5496 αὐτίκα
1792 5419 2090 5496 ’περιῳκοέ

509 5490 760 5564 δόμησαν
785 5493 834 5544 οἰ
868 5490 1466 5564 ΚυζικηνοίτΔΑιιαηιεη
1496 5509 1696 5548 omnem
1728 5490 2090 5564 laborem'pa.

510 5562 820 5634 tientissime
855 5561 1099 5626 ferentes,
1133 5560 1338 5629 efﬁcere
1365 5580 1468 5618 non
1493 5573 1789 5631 potuerunt,
1811 5560 1940 5634 quin
1967 5560 2088 5632 pars

512 5633 760 5682 manium
787 5639 1273 5706 exustamcorrueret
1308 5634 1403 5687 sub
1432 5649 1694 5706 vesperam
1723 5650 1743 5687 :
1763 5637 1855 5689 sed
1879 5648 2089 5706 propter

514 5715 739 5773 umorem
764 5701 1016 5773 incendii
1058 5717 1208 5773 nemo
1247 5704 1496 5756 sustinuit
1536 5704 1822 5773 irrumpere
1854 5701 2083 5760 {verum

516 5768 613 5828 ipsi
647 5768 1057 5837 Cyziceninoctu
1093 5771 1490 5830 snbstruxernnt
1514 5768 1852 5830 munitionem
1907 5777 2087 5832 aliam.

2198 4453 2320 4520 ipse
2341 4451 2714 4520 adoptaverat.

2442 4519 2519 4573 Ex
2566 4519 2653 4575 his
2703 4521 2918 4600 duobus
2953 4521 3243 4600 Theodosii
3285 4523 3534 4577 versibus
3583 4533 3777 4600 aperte

2194 4589 2481 4663 colligitur,
2513 4605 2636 4663 eum
2671 4592 2755 4645 vel
2804 4594 3108 4663 scripsisse,
3137 4593 3217 4646 vel
3247 4601 3395 4663 certe
3423 4589 3775 4650 conscribere

2191 4659 2620 4732 voluis_se,_aliud
2672 4659 2978 4732 poemation
3027 4663 3097 4732 ad
3125 4662 3500 4732 celebrandam
3552 4678 3778 4732 quoque

2193 4725 2482 4800 Nicephori
2535 4731 2602 4783 de
2655 4725 2972 4800 Chalepensi
3022 4731 3235 4786 sultano
3268 4725 3593 4791 victoriam,
3625 4725 3773 4800 quod

2194 4812 2354 4871 supra
2413 4798 2578 4871 etiam
2646 4815 2713 4854 ex
2785 4798 2903 4868 eius
2973 4801 3196 4870 epistola
3258 4801 3325 4855 ad
3403 4798 3776 4871 Nicephorum

2196 4867 2249 4920 in
2278 4876 2468 4939 nostro
2519 4867 2722 4924 Monito
2761 4867 3255 4939 comprobavimus.

2265 4937 2380 5006 (75)
2420 4936 2694 4994 Mensibns
2728 4939 2841 4994 fere
2867 4936 3168 4996 octodecim
3209 4941 3261 4994 in
3295 4939 3472 4995 Cretae
3494 4952 3778 5009 expugna-

2194 5005 2365 5077 tione
2398 5018 2690 5077 pugnatum
2745 5025 2864 5064 esse
2904 5011 3094 5066 scribit
3143 5013 3384 5065 incertus
3416 5005 3777 5064 contiiiuator

2195 5076 2647 5149 'l‘heophanis_iu
2703 5078 2935 5135 Roman.
2964 5079 3090 5134 Jun.
3131 5095 3287 5133 num.
3351 5079 3434 5143 l6,
3483 5079 3768 5149 pag.300,

2232 5163 2365 5202 uare
2397 5158 2452 5201 et
2483 5146 2736 5202 ardentes
2791 5151 2921 5204 solis
2978 5159 3143 5203 aestus
3201 5164 3264 5204 ea
3312 5149 3366 5203 in
3425 5146 3777 5217 expeditione

2246 5232 2414 5271 raecos
2461 5217 2659 5272 milites
2705 5220 3034 5274 sustinuisse
3103 5229 3250 5274 recte
3313 5219 3540 5273 adnotat
3585 5217 3773 5273 Theo-

2195 5288 2398 5342 dosius.

2264 5357 2378 5427 (74)
2419 5357 2526 5412 llas
2572 5358 2700 5427 imp.
2747 5358 2973 5414 Romani
3018 5373 3182 5416 curas
3239 5373 3304 5413 ac
3370 5357 3776 5414 sollicitudines

2193 5427 2372 5498 nullus
2400 5443 2467 5482 ex
2495 5430 2880 5498 superstitibus
2915 5429 3189 5486 historicis
3221 5438 3512 5498 memorat.
3562 5427 3775 5494 Quam-

2192 5497 2381 5552 obrem
2415 5499 2482 5553 ad
2515 5498 2633 5564 ejus
2663 5499 3083 5554 assentationem
3111 5499 3368 5554 conﬁctas
3403 5514 3431 5550 a
3461 5497 3775 5553 Theodosio

2191 5567 2446 5633 arbitror,
2473 5577 2531 5623 ut
2562 5569 2630 5623 ab
2660 5569 2851 5623 aulicis
2881 5569 3223 5634 potissimum
3257 5567 3619 5637 scriptoribus
3652 5569 3770 5622 licri

2191 5639 2441 5704 assolet;
2526 5638 2731 5694 scimus
2793 5638 2968 5704 enim,
3041 5636 3772 5706 [tomanumvoluptatibus

2191 5709 2370 5774 potius
2418 5707 2562 5762 domi
2611 5707 2885 5777 indulgere
2927 5709 3292 5774 cousuevisse,
3313 5706 3510 5778 quibus
3562 5708 3773 5763 fractus

2198 5778 2360 5847 paulo
2391 5788 2507 5848 post
2548 5779 2843 5836 contabuit.
