4096 6504
346 346 483 416 1025

496 461 906 536 Ἀναρροφῆσαι
938 464 1156 538 μαίεται
1201 467 1420 541 Ῥώμης
1443 472 1676 542 κράτος

343 554 449 611 115
498 556 629 610 Ἰδοὺ
661 558 775 630 (11)
814 560 1117 629 συριγμοὺς
1144 560 1173 611 ὀ
1200 561 1416 631 δράκων
1447 564 1599 633 χειᾶς
1628 565 1792 635 μέσον

483 650 750 720 Κήρυκας
788 650 959 721 ὀργῆς
996 652 1090 704 καὶ
1113 653 1329 722 σφαγῆς
1353 655 1635 722 ἀναπνέει,

480 740 631 809 Φυσᾷ
658 739 751 793 τὸν
791 740 869 794 ἰὸν
899 742 992 794 καὶ
1017 740 1197 812 βιάζει
1222 742 1322 812 τὴν
1349 743 1532 813 φύσιν.

494 829 632 882 Ἀλλ’
664 830 812 883 ἐστιν
835 832 1000 885 αὑτοῦ
1031 833 1091 886 τὸ
1134 832 1333 904 θράσος
1372 835 1699 908 δείλανδρία.

479 920 691 991 Μηδεὶς
715 921 978 992 φοϐηθεὶς
1012 923 1299 990 ἐξόπισθεν
1332 927 1614 994 φευγέτω·

337 1006 443 1062 150
477 1007 660 1089 Θυμὸς
686 1011 797 1078 γάρ
826 1010 977 1082 αὑτῷ
1006 1011 1167 1081 μέχρι
1204 1013 1313 1065 τῶν
1338 1014 1561 1069 κτύπων
1590 1015 1789 1089 μόνων.

482 1088 682 1167 Ἴωμεν
707 1097 824 1152 ἀνθ’
848 1092 924 1152 ὧν
948 1099 1215 1165 εὐσθενῶς
1243 1103 1579 1174 ὡπλισμένοι
1615 1122 1630 1137 ·

479 1191 703 1261 Ἔχουσι
734 1192 944 1263 σάρκας
970 1193 1063 1249 καὶ
1093 1193 1164 1249 τά
1198 1195 1299 1266 τῆς
1342 1198 1523 1268 ’Δγαρ
1559 1200 1725 1253 τέκνα
1752 1200 1887 1273 (12).

476 1284 591 1337 Οὐκ
610 1283 757 1339 ἔστιν
787 1286 975 1350 αὐτοῖς
1007 1287 1145 1358 σὰρξ
1176 1289 1452 1361 σίδηροςῆ
1484 1292 1653 1355 λίθος.

484 1375 784 1445 ⁹Αλγοῐίσιν,
822 1378 889 1432 ἂν
917 1377 1142 1446 λάϐωσι,
1198 1380 1483 1451 Ῥωμαίων
1518 1384 1714 1438 πλέον·

333 1464 444 1520 155
488 1466 797 1536 Ἀργοῦσιν,
831 1468 1013 1522 αὐτῶν
1044 1469 1093 1521 εί
1120 1470 1365 1525 κοπῶσιν
1393 1472 1450 1525 αῖ
1481 1476 1663 1544 χεῖρες
1685 1492 1699 1506 ·

479 1558 775 1612 Πίπτουσιν
798 1558 880 1622 είς
901 1558 1030 1630 γῆν,
1062 1561 1111 1613 εί
1136 1562 1381 1617 κοπῶσιν
1402 1566 1450 1616 oi
1494 1565 1673 1630 πόδες.

476 1648 683 1719 Μηδεὶς
710 1650 931 1720 νοσήσει
956 1650 1057 1720 τὴν
1082 1651 1287 1720 πικρὰν
1318 1654 1610 1727 ἀνανδρίαν
1633 1671 1647 1685 ·

474 1738 681 1811 Μηδεὶς
714 1740 975 1810 φοϐηθεὶς
1006 1742 1066 1795 οὐ
1109 1745 1270 1813 φανεῖ
1304 1742 1525 1816 Ῥώμης
1557 1746 1769 1812 κλάδος.

472 1831 682 1903 Μηδεὶς
712 1831 866 1886 νόθον
893 1833 1140 1905 γέννημα
1179 1836 1273 1889 καὶ
1304 1836 1516 1907 σποράν
1543 1836 1702 1909 ξένην

330 1988 449 2043 haec
482 1988 667 2044 emisit
685 1988 847 2046 verba
875 1991 944 2046 ad
966 1990 1169 2047 bellum
1194 1994 1493 2050 excitantia
1516 2014 1529 2050 :
1556 2015 1575 2048 ι
1606 1996 1793 2053 Roma:
1825 2013 1915 2055 ro-

328 2080 455 2141 bur,
478 2080 597 2145 lilii,
626 2083 896 2148 conservi,
918 2084 1115 2149 amici,
1151 2100 1280 2141 ecce
1296 2089 1585 2143 adversum
1604 2105 1703 2145 nos
1719 2090 1913 2146 iterum

329 2170 508 2226 bellua
533 2172 715 2226 molita
740 2182 824 2228 est
843 2175 988 2229 intus
1012 2176 1198 2232 irritas
1226 2176 1490 2244 insidias;
1527 2194 1653 2235 ecce
1669 2180 1915 2252 Charyb-

329 2261 491 2318 disos
506 2262 748 2319 terribile
759 2263 1065 2319 Romanum
1085 2265 1379 2323 absorbere
1396 2269 1680 2338 imperium
1698 2271 1910 2325 nititur:

330 2369 464 2412 ecce
490 2355 648 2411 sibila
684 2356 849 2413 draco
874 2357 1049 2416 lustro
1075 2359 1130 2415 in
1156 2360 1339 2417 medio
1365 2362 1587 2427 emittit,
1620 2363 1715 2419 ira:
1748 2373 1913 2434 atque

332 2447 497 2503 caedis
520 2449 928 2519 nuntia,spirat
956 2464 1244 2519 venenum,
1275 2461 1331 2508 et
1352 2452 1459 2508 vim
1497 2452 1661 2509 infert
1683 2465 1909 2511 naturae.

329 2539 588 2596 Attamen
635 2540 823 2596 timida
851 2554 937 2598 est
970 2542 1089 2614 ejus
1122 2546 1348 2601 audacia
1377 2565 1391 2601 :
1434 2562 1596 2603 nemo
1620 2550 1913 2606 exterritus

329 2642 511 2687 vertat
539 2644 689 2703 terga
726 2632 885 2704 fugte,
912 2650 1148 2704 namque
1202 2638 1280 2692 illi
1321 2648 1403 2694 est
1434 2640 1646 2696 animus
1684 2643 1912 2699 summis

329 2732 542 2780 tantum
564 2725 743 2782 labiis.
768 2728 980 2783 Armati
1014 2728 1195 2800 itaque
1210 2746 1398 2787 eamus
1410 2741 1599 2788 contra
1623 2733 1743 2789 illos
1762 2745 1913 2789 stue-

327 2832 459 2885 nue,
516 2820 699 2875 carnei
751 2829 877 2876 sunt
919 2822 1081 2876 etiam
1111 2824 1260 2893 Agar
1287 2824 1404 2890 lilii,
1454 2839 1558 2881 nec
1611 2826 1716 2883 illis
1774 2828 1914 2883 inest

329 2900 691 2975 (aro'ferrea,
715 2917 810 2964 aut
841 2925 1024 2965 saxea.
1058 2908 1114 2965 Si
1148 2911 1520 2979 vulnerentur,
1573 2915 1693 2985 plus
1744 2930 1909 2985 quam

330 3002 585 3067 Romani,
626 2992 813 3057 delent
858 3020 873 3070 ;
928 3012 1281 3074 torpescunt,
1349 3005 1396 3061 si
1463 3006 1772 3061 incidantur
1814 3021 1910 3061 eo-

330 3110 451 3149 rum
514 3109 708 3149 manus
766 3112 782 3148 :
852 3095 1001 3150 bumi
1074 3097 1467 3165 procumbunt,
1518 3099 1562 3152 si
1621 3109 1911 3169 amputen-

332 3200 420 3243 tur
445 3188 632 3257 pedes.
668 3185 837 3242 Nemo
869 3187 1079 3243 laboret
1098 3188 1341 3259 improba
1374 3188 1601 3257 desidia,
1622 3206 1781 3246 nemo
1804 3200 1913 3248 tre-

1230 357 1330 419 DE
1360 358 1957 425 EXPUGNATIONE
1992 366 2261 427 CRET/E
2291 368 2664 433 ACROASIS
2693 372 2776 434 ΙΙ.

1951 485 1996 542 Α
2029 476 2131 531 160
2170 478 2377 544 Δείξειν
2409 479 2602 535 ἑαυτὸν
2628 484 2687 535 ὲν
2712 486 2899 548 κακοῖς
2950 489 3318 554 σπουδαζέτω.

3459 385 3598 451 1026

2158 568 2353 634 Αἰδὼς,
2387 571 2627 642 ἀδελφοὶ,
2658 574 2760 645 τῆς
2789 577 2970 647 φυγῆς
2994 581 3023 650 ἡ
3052 580 3223 652 ζημία
3248 584 3385 656 (13).

2160 661 2403 716 Αἰδείσθε
2431 667 2656 734 φεύγειν
2689 668 2786 722 καὶ
2815 671 3096 725 πτοεῖσθαι
3125 672 3194 727 τά
3228 673 3381 746 ξίφη.

2160 751 2270 804 Ποῦ
2306 753 2414 822 γάρ
2443 758 2711 825 φυγοῦσιν
2739 760 2937 832 εὑρεθῇ
2973 764 3240 834 σωτηρία,

2159 844 2429 901 Μὲνουσιν
2456 848 2605 903 ἔνδον
2641 852 2936 922 Κρητικῶν
2971 857 3317 927 όρισμάτων;

2020 929 2125 987 165
2164 934 2278 987 Οὐκ
2308 934 2455 991 ἔστιν
2495 939 2647 1009 ίσχὺς
2673 942 2770 1013 τῆς
2802 944 2982 1018 ’Δγαρ
2998 949 3111 1012 τοῖς
3132 950 3379 1018 ἐγγόνοις
3402 968 3417 982 ⁸

2160 1025 2293 1090 Θεὸς
2324 1028 2433 1100 γάρ
2455 1032 2567 1103 (14)
2599 1034 2732 1105 ἡμῖν
2776 1044 3058 1111 συμμαχεῖ
3081 1044 3177 1097 καὶ
3234 1046 3537 1119 συντρέχει.
3574 1070 3594 1103 ο

2229 1119 2386 1211 Οὕτω
2408 1124 2694 1195 στομώσας
2720 1128 2815 1182 τοῦ
2857 1134 3090 1203 στρατοῦ
3114 1154 3208 1190 σου
3225 1139 3293 1192 τά
3325 1138 3475 1211 ξίφη,

2157 1208 2365 1280 Λόχους
2393 1214 2588 1280 ἐποίει,
2624 1219 2718 1270 καὶ
2741 1222 2949 1290 τροπὴν
2970 1225 3387 1300 πεπλασμένην,

2171 1300 2263 1393 ii};
2298 1303 2364 1355 ἂν
2395 1305 2695 1371 κλαπέντες
2722 1309 2934 1366 ἔνδοθεν
2965 1320 3329 1388 τειχισμάτων
3352 1322 3466 1393 (15)

2018 1390 2119 1445 170
2160 1391 2397 1456 Ἔξωθεν
2422 1396 2765 1469 θαρσήσωσιν
2790 1403 3169 1474 ἐκϐεϐηκέναι.

2171 1481 2258 1547 Ὠς
2280 1483 2373 1539 οὖν
2398 1488 2588 1559 καιρὸς
2613 1490 2807 1560 ἦγγισε
2836 1494 2949 1549 τῶν
2977 1497 3388 1569 βουλευμάτων,

2157 1573 2356 1643 Χώραν
2385 1575 2497 1647 (16)
2524 1580 2757 1654 ἐχούσης
2789 1586 2888 1657 τῆς
2918 1590 3203 1661 ροδοχρόου
3242 1588 3465 1664 τρίτην,

2158 1664 2327 1729 Χειάς
2351 1668 2642 1739 ἀνώρμων,
2682 1673 2758 1738 ὡς
2784 1676 2958 1745 ὄφεις,
2989 1681 3037 1733 οί
3068 1684 3169 1745 τὰς
3198 1686 3375 1753 κάρας

2166 1757 2441 1827 Ἔχοντες,
2484 1764 2559 1826 ὡς
2579 1763 2781 1830 ὄνειδος
2806 1769 2941 1839 (17),
2974 1772 3334 1844 ὲξυρημένας.

1946 1822 1995 1884 Β
2022 1844 2125 1900 175
2163 1822 2381 1902 Τοιέτων
2402 1822 2625 1924 iisti}st
2661 1822 2990 1930 mlvupézr'og
3008 1822 3387 1936 ἶταῖῖξῖᾇῖτῖᾇι,

2017 2015 2171 2057 mens
2206 2018 2310 2060 non
2342 2018 2600 2077 appareat
2647 2010 2828 2068 Romae
2874 2030 3119 2087 germen,
3163 2036 3323 2079 nemo
3356 2026 3597 2094 spuriam

2014 2098 2327 2166 progeniem
2403 2109 2457 2156 et
2514 2110 2835 2159 extraneum
2898 2124 3065 2178 genus
3120 2112 3172 2167 in
3236 2118 3478 2171 adversis
3540 2134 3601 2174 se

2015 2199 2234 2260 satagat
2266 2194 2573 2250 ostendere.
2605 2194 2802 2267 Turpis
2832 2211 2939 2267 est,
2976 2200 3196 2268 fratres,
3227 2205 3370 2277 fuga,
3406 2219 3460 2263 et
3498 2225 3598 2279 pe-

2014 2279 2286 2349 riculosa;
2322 2285 2518 2353 pudeat
2544 2302 2638 2341 vos
2678 2287 2862 2360 fugere
2890 2301 2940 2346 et
2976 2309 3169 2363 pavere
3198 2298 3438 2367 gladios;
3472 2316 3597 2356 nam

2013 2382 2122 2437 quo
2168 2368 2437 2440 fugientes
2486 2374 2716 2430 salutem
2787 2377 3064 2436 invenient
3126 2397 3405 2443 manentes
3454 2389 3597 2443 intra

2012 2460 2227 2516 Cretica
2277 2462 2547 2518 conﬁnia?
2586 2465 2793 2520 nullum
2834 2478 2920 2523 est
2955 2472 3121 2527 robur
3155 2475 3301 2546 Agar
3338 2481 3597 2547 posteris.

2016 2553 2158 2610 Deus
2196 2556 2340 2611 enim
2385 2571 2485 2612 nos
2538 2567 2719 2614 tuetur
2765 2569 2927 2631 atque
2980 2563 3217 2634 adjuvat.
3267 2584 3288 2619 ›
3341 2568 3475 2624 Cum
3521 2573 3600 2627 sic

2014 2645 2249 2701 acuisset
2278 2660 2441 2703 enses
2474 2647 2555 2702 sui
2582 2649 2881 2716 exercitus,
2916 2650 3142 2712 insidias
3179 2659 3392 2725 paravit
3434 2671 3487 2715 et
3531 2661 3599 2715 li-

2013 2745 2156 2790 ctam
2202 2735 2416 2807 fugam,
2450 2746 2508 2793 ut
2537 2738 2887 2818 decepti,_qui
2925 2743 3143 2800 stabant
3186 2748 3329 2803 intra
3377 2752 3600 2818 mmaia,

2013 2824 2160 2880 foras
2192 2827 2456 2881 auderent
2496 2829 2703 2898 egredi.
2742 2814 2812 2885 Ut
2860 2830 3022 2901 igitur
3074 2843 3337 2892 statutum
3386 2814 3602 2909 tempus

2013 2916 2251 2981 advenit,
2272 2916 2459 2970 horam
2487 2916 2721 2972 habente
2745 2934 2901 2976 rosea
2928 2920 3017 2977 die
3043 2925 3281 2991 tertiam,
3307 2940 3373 2981 ex
3399 2930 3595 2994 antris,

2014 3017 2071 3061 ut
2102 3018 2407 3077 serpentes,
2438 3010 2816 3077 erumpebant,
2841 3012 3021 3082 capita
3055 3014 3279 3072 detonsa
3315 3018 3599 3087 habentes,

2013 3111 2292 3169 tamquam
2332 3100 2398 3153 de
2428 3099 2598 3168 plebis
2633 3098 2785 3156 faece.
2819 3100 2915 3158 llis
2940 3113 3059 3159 erat
3090 3106 3255 3161 etiam
3290 3107 3600 3179 clypeorum

2014 3192 2301 3259 strepitus,
2319 3189 2638 3261 clamorque
2655 3191 2882 3263 multus,
2900 3203 2956 3250 et
2974 3197 3227 3253 tremoris
3242 3207 3402 3269 pater
3423 3212 3603 3258 metus

1568 3327 1807 3385 VARI/IS
1845 3328 2251 3387 LECTIONES.

405 3446 531 3502 145.
566 3446 633 3502 ίδ.
674 3449 1002 3518 συριγμοὺς.
1035 3444 1127 3502 Sic
1323 3446 1446 3501 154.
1478 3448 1702 3516 ἀλγοῦσι
1727 3448 1792 3503 C.

1896 3447 2019 3503 155.
2051 3446 2281 3516 ἀργοῦσι
2312 3444 2374 3499 C.
2454 3443 2785 3516 16οζδείξεν
2903 3444 3025 3516 162.
3054 3450 3305 3504 πτοεῖσθε
3330 3450 3392 3506 C.
3469 3452 3596 3509 169-

330 3517 714 3588 τειχισάντων,
748 3513 1022 3572 ἰηῖιοιίει
1055 3516 1243 3570 melius
1274 3513 1666 3588 ﬁetxtapdrwv
1712 3518 1775 3573 C.
1801 3519 1947 3587 quod
2027 3513 2257 3588 in'reod.
2293 3514 2520 3588 invenit
2565 3513 2627 3588 F.

2736 3514 2856 3568 l7l.
2905 3514 3171 3594 Fort._t_b;
3205 3517 3354 3594 οὖνξό
3385 3525 3595 3594 καιρόςο

330 3583 487 3642 Fort.
517 3588 681 3643 etiam
712 3599 974 3657 praeterea
1005 3589 1232 3659 ἦγγισεν
1265 3583 1671 3656 βουλευμάτων,
1695 3604 1725 3642 a
1772 3583 2003 3658 pedibus
2034 3587 2182 3641 enim
2239 3584 2531 3654 trisyllabis
2583 3583 2860 3639 abstinere
2888 3586 3027 3641 solet
3056 3586 3417 3646 Theodosius.

1829 3700 2056 3758 ΝΟΤΔΕ.

402 3820 519 3889 (11)
568 3819 767 3894 Eadem
817 3835 883 3894 ex
920 3836 1080 3894 causa
1126 3820 1289 3894 hujus
1322 3821 1486 3878 etiam
1513 3822 1663 3878 verbi
1710 3822 1916 3894 primas
1942 3832 1986 3891 α
2094 3821 2208 3893 (ll)
2250 3819 2624 3894 Haecetiama
2651 3820 3075 3894 praefata,quam
3091 3822 3435 3891 Theophanis
3466 3841 3599 3882 con-

328 3901 543 3947 tantum
582 3891 790 3946 litteras
828 3892 1005 3946 innuit
1035 3892 1341 3947 Cornelius.

407 3960 520 4031 (l2)
560 3961 789 4030 Agareni
826 3963 1051 4025 scilicet,
1104 3962 1178 4014 ita
1210 3964 1360 4029 dicti,
1396 3963 1538 4031 quod
1569 3962 1639 4018 ab
1680 3961 1911 4019 lsmaele

329 4032 865 4104 descenderentAlilio
894 4032 1264 4104 Agarancillte
1291 4035 1542 4098 Abrahae,
1574 4048 1734 4104 quam
1771 4034 1909 4104 ipse,

330 4103 682 4173 permittente
727 4100 883 4166 Sara,
923 4100 1076 4155 duxit
1129 4103 1184 4155 in
1242 4104 1544 4173 conjugem.
1589 4100 1911 4171 llujusmodi

330 4171 563 4242 populos
591 4171 755 4225 etiam
782 4180 994 4242 veteres
1026 4171 1426 4242 cognoverunti
1457 4175 1741 4241 Agarenos
1765 4174 1910 4229 enim

332 4240 642 4311 iuemorant
674 4256 843 4295 saera:
869 4240 1084 4311 Paginae
1113 4241 1256 4296 Psal.
1289 4240 1575 4308 Lxxxu,’v.
1610 4243 1664 4305 6,
1687 4258 1908 4298 necnon

333 4312 546 4366 Plinius
582 4310 677 4364 lib.
710 4326 781 4377 v1,
802 4324 930 4380 cap.
954 4310 1049 4377 28,
1083 4313 1173 4379 qui
1197 4312 1466 4379 Arabiam,
1494 4312 1727 4367 Felicem
1763 4314 1913 4367 habi-

335 4393 485 4454 tasse
519 4381 677 4454 dicit,
708 4390 762 4435 et
782 4379 991 4454 ‘Strabo
1022 4383 1115 4454 lib.
1149 4397 1282 4445 xv",
1316 4399 1436 4454 pag.
1471 4382 1594 4438 528.
1628 4381 1731 4448 Qui
1768 4383 1912 4454 ipsos

334 4450 650 4505 Nabatbteis
707 4451 972 4521 adiungit.
1029 4450 1437 4506 Observandum
1505 4463 1725 4517 tamen,
1771 4450 1911 4521 Quod

330 4523 711 4593 Agarettorutn
778 4536 971 4593 nomen
1016 4537 1044 4593 a
1092 4524 1488 4578 recentioribus
1542 4523 1906 4593 scriptoribus

333 4591 516 4646 latiori
582 4592 741 4645 modo
800 4593 867 4644 ad
918 4591 1291 4661 designandos
1314 4608 1503 4647 omnes
1541 4591 1916 4661 cujuscunque

334 4662 577 4730 regionis
598 4664 637 4714 A
650 4662 810 4714 rabas
826 4675 889 4714 ac
912 4659 1214 4714 Saracenos
1230 4672 1548 4730 usurpatum
1566 4659 1686 4716 fuit.
1705 4662 1914 4732 Agartei

334 4735 500 4785 etiam
524 4732 557 4785 ii
596 4732 892 4800 nuncupati
916 4739 1231 4793 occurrunt,
1267 4733 1333 4785 ab
1360 4734 1526 4799 Agar,
1554 4733 1687 4786 urbe
1708 4732 1915 4785 Arabiae

337 4801 560 4854 Pellaeae
589 4801 851 4870 principe,
873 4802 957 4853 cui
989 4801 1235 4853 eamdem
1260 4802 1404 4868 Agar
1423 4802 1656 4855 Abraha:
1686 4816 1912 4855 uxorem

338 4887 539 4924 nomen
569 4872 783 4925 dedisse
820 4871 1157 4924 contendunt
1187 4871 1454 4924 nonnulli.

412 4941 525 5011 (l5)
558 4939 753 4994 Hanca
778 4937 1083 5011 Nicephoro
1110 4940 1357 5011 habitant
1389 4942 1455 4994 ad
1490 4940 1686 4997 milites
1724 4940 1918 5011 allocu-

339 5009 543 5065 tionem
572 5011 748 5064 nullus
795 5026 860 5063 ex
893 5009 1120 5074 bracis,
1152 5012 1242 5077 qui
1277 5009 1453 5079 adhuc
1497 5021 1727 5076 restant,
1756 5010 1917 5079 hujus

341 5080 709 5144 expeditionis
737 5080 1096 5149 scriptoribus
1127 5090 1393 5133 recenset.
1425 5078 1585 5133 Plura
1615 5092 1793 5135 tamen
1830 5078 1916 5136 bis

336 5152 539 5204 similia
591 5162 738 5213 sunt,
796 5166 913 5218 quae
945 5150 1236 5220 allocututn
1280 5164 1400 5220 esse
1441 5150 1809 5220 Nicephorum
1850 5152 1917 5204 ad

2021 3891 2260 3962 tinuatur
2297 3891 2511 3962 recitat,
2540 3891 3289 3962 allocutioneillustrantur;
3335 3896 3404 3949 ibi
3450 3901 3595 3952 enim

2016 3965 2096 4037 sic
2119 3961 2457 4037 Nicepltorus
2476 3961 2655 4037 _loqui_
2649 3972 2732 4015 tur
2754 3980 2768 4037 ς
2790 3960 3013 4037 Στῶμεν
3040 3964 3139 4037 καὶ
3163 3960 3597 4037 καρτερήσωμεν

2014 4031 2549 4104 είςάντιπσέράέφξιν
2587 4030 2696 4083 τῶν
2742 4031 3004 4104 ἀρνητῶνί
3047 4033 3142 4085 τοῦ
3192 4030 3450 4104 Χρεστοῧ,
3496 4030 3600 4090 ’καὶ

2013 4103 2249 4173 Χριστὸς
2294 4101 2324 4153 ὁ
2377 4101 2511 4173 Θεὸς
2545 4101 2867 4173 συνεργήσειι
2915 4103 3067 4171 ἡμῖν,
3117 4103 3212 4155 καὶ
3244 4101 3446 4159 ’ὀλέσει
3472 4108 3601 4170 τοὺς

2016 4169 2249 4244 ἐχθροὺς
2322 4169 2502 4244 ήμρχ,
2552 4169 2688 4244 καὶς
2721 4169 3057 4244 πορθήσεται
3106 4174 3166 4227 τὸ
3212 4173 3447 4244 κάστρον
3490 4177 3601 4230 τῶν

2016 4193 2042 4226 ε
2085 4193 2249 4241 ῠρους
2322 4193 2502 4242 ημιπν,
2552 4193 2645 4224 και
2721 4193 3057 4243 πορυησεται
3106 4193 3166 4227 το
3212 4193 3447 4244 καστρον
3490 4193 3599 4230 των

2015 4193 2296 4316 ἀλαζόνων
2329 4241 2422 4294 τοῦ
2452 4239 2723 4316 Χριστοῦ..
2747 4242 2957 4316 Stemus
2987 4243 3239 4316 intrepidi
3276 4245 3599 4316 adversaque

2016 4316 2126 4366 acie
2148 4309 2417 4365 Christum
2437 4309 2679 4382 negantes
2705 4310 2944 4382 inﬁdeles
2973 4309 3227 4365 audacter
3251 4309 3553 4382 appetamus
3578 4331 3599 4377 ;

2015 4383 2145 4452 feret
2176 4382 2443 4449 suppetias
2473 4377 2716 4452 Christus
2740 4379 2883 4433 Deus
2918 4390 3113 4452 noster,
3160 4377 3432 4451 hostesque
3475 4400 3599 4447 pro-

2015 4450 2243 4521 ﬂigabit,
2286 4451 2714 4521 aesuperborum
2754 4452 2901 4519 eique
2940 4450 3307 4505 insultantium
3345 4454 3594 4521 oppidum

2018 4520 2293 4591 arcemque
2318 4520 2515 4573 diruet.

2089 4588 2215 4662 (tsi
2240 4589 2331 4662 Sic
2360 4596 2506 4644 recte
2528 4588 2720 4653 codex,
2744 4588 2895 4662 quod
2915 4588 3173 4662 mendose
3207 4589 3376 4662 edidit
3393 4589 3597 4648 Corne-

2016 4658 2144 4728 lius,
2179 4661 2279 4716 etsi
2310 4660 2380 4712 ita
2414 4672 2534 4713 esse
2562 4658 2955 4712 emendandum
2983 4660 3280 4713 adnotavit.

2089 4731 2203 4802 (16)
2235 4727 2525 4802 Stationem
2579 4728 2808 4802 scilicet,
2840 4741 2935 4781 seu
2984 4728 3188 4802 sedem,
3234 4731 3286 4802 in
3317 4745 3424 4800 qua
3468 4741 3597 4789 tunc

2018 4796 2137 4856 dies
2184 4796 2553 4868 consistebat.
2584 4796 2871 4868 Eleganter
2924 4807 3107 4852 autem
3157 4798 3297 4852 dixit
3328 4796 3469 4855 diem
3518 4818 3598 4857 se-

2018 4874 2141 4925 dem
2194 4868 2410 4924 tertiam
2472 4867 2749 4932 habuisse,
2795 4877 2854 4922 ut
2912 4868 3100 4923 horam
3158 4869 3330 4938 ipsius
3380 4872 3593 4926 tertiam

2018 4942 2304 4993 indicaret.

2018 4944 2530 5079 Il“2|lc7a)rT‘tircarum
2555 5021 2762 5062 morem
2794 5008 2929 5061 satis
2957 5016 3143 5062 notum
3169 5010 3339 5132 tangoit
3372 5012 3595 5066 radendi

2020 5081 2120 5132 sibi
2178 5078 2377 5132 capita.
2431 5078 2585 5132 Ouod
2620 5088 2799 5132 autem
2842 5078 3009 5132 addit.
3034 5077 3108 5132 ὡς
3141 5077 3251 5132 δνει
3314 5097 3362 5132 ς.
3397 5081 3595 5132 Bonna-

2020 5077 2120 5136 sibi
2178 5077 2377 5146 Capita.
2431 5078 2585 5146 Quod
2620 5088 2799 5132 autem
2842 5078 3009 5143 addit,
3034 5077 3108 5140 ὡς
3141 5077 3362 5146 ὄνειδος,
3397 5081 3597 5134 Roma-

2027 5165 2218 5204 norum
2242 5149 2667 5219 Gratcorumque
2696 5163 2916 5219 morem
2928 5148 3169 5217 respicit,
3193 5152 3332 5217 apud
3354 5166 3489 5219 quos
3519 5152 3599 5203 vi-

340 5201 543 5274 milites
594 5201 737 5273 ‘a’a'
768 5201 1073 5287 causam
1096 5201 1299 5287 refert;
1340 5201 1703 5286 Theophilus
1730 5201 1922 5273 conti—-
1955 5201 1999 5256 ι)
2027 5201 2659 5287 ἰίὑὶιέὲιϊεηὸώίηίοὲίέ
2695 5201 3593 5287 hominibus'capiia'raaeiiantur.

341 5304 542 5361 nuator
594 5305 898 5361 anonymus
951 5290 1006 5343 in
1059 5286 1218 5361 llotn.
1262 5286 1387 5343 Jun.
1459 5305 1608 5343 num.
1658 5289 1748 5352 l2,
1797 5306 1919 5360 pag.

341 5360 491 5424 299,
562 5375 629 5414 ex
707 5358 809 5428 qua
878 5360 993 5413 huic
1054 5358 1149 5430 ad
1201 5374 1310 5430 rem
1379 5368 1620 5430 nostram
1695 5358 1923 5430 accipe:

342 5430 620 5500 Δαϐωμεν
654 5427 837 5482 πίστιν
870 5430 968 5498 τὴν
1007 5429 1115 5500 τῶν
1145 5428 1325 5497 φόϐων
1350 5429 1671 5498 φονεύτριαν
1696 5443 1711 5459 ⁸
1738 5427 1926 5483 ἀναλο-
2022 5428 2067 5481 δ’
2096 5428 2161 5481 ἂν
2190 5428 2288 5496 τῆς
2324 5427 2565 5500 κεφαλῆς

1751 5500 1927 5579 μέγαν
2022 5515 2137 5579 ξος.
2172 5495 2647 5579 κατακριθήσεται
2687 5498 2788 5579 τῂν
2820 5495 3103 5579 εἰς’έργον
3144 5496 3409 5579 δημόσιον
3454 5496 3598 5549 κατά

341 5499 630 5571 γισὼμεθα
660 5499 1082 5571 ὅτιένδονεσμὲν
1103 5499 1200 5571 τῇς
1230 5500 1686 5571 Συριακῆς-νήσου
1712 5513 1725 5527 ·

343 5569 590 5625 κίνδυνον
626 5573 659 5639 ἡ
684 5569 832 5640 φυγὴ
859 5569 967 5622 ἀπὸ
1002 5570 1109 5621 τῶν
1132 5569 1234 5624 ᾆδε
1255 5573 1436 5639 φέρει.
1472 5569 1661 5622 Fidem
1692 5571 1924 5637 arripia-

342 5659 482 5704 mus,
502 5658 618 5710 quw
648 5645 860 5694 timores
910 5641 1117 5710 perimit
1147 5657 1165 5694 :
1202 5645 1378 5693 animo
1421 5651 1713 5708 reputemus
1743 5655 1834 5692 nos
1864 5640 1919 5692 in

345 5708 576 5783 Syriaca
601 5712 772 5767 insula
804 5708 1023 5767 versari.
1054 5708 1246 5782 Ingens
1270 5711 1561 5779 periculum
1586 5721 1684 5775 est,
1724 5714 1767 5765 si
1802 5712 1924 5765 inde

343 5786 655 5855 fugerintus.

1911 5886 1991 5906 ,κ’

2024 5289 2102 5345 De
2137 5290 2311 5345 servis
2340 5295 2503 5356 atque
2550 5289 2616 5340 ad
2640 5302 2776 5356 opus
2800 5287 3069 5355 publicum
3096 5290 3361 5342 damnatis
3394 5288 3461 5339 ita
3490 5288 3594 5339 Ar-

2026 5360 2324 5414 temidorus
2371 5356 2696 5427 Oneirocrit.
2751 5358 2844 5411 lib.
2888 5373 2929 5421 ι,
2974 5372 3093 5425 cap.
3141 5358 3258 5427 εὶς
3305 5356 3596 5427 Ὀπότερον

2599 5426 2754 5495 ψιλὸν
2792 5427 2904 5499 ἔχει
2945 5444 3029 5499 τις
3056 5426 3598 5499 οὑκμῶν-εὐσυνείδητ

2027 5569 2183 5638 δίκην
2203 5584 2217 5598 ο
2250 5566 2409 5619 τοῦτο
2442 5566 2553 5638 γάρ
2587 5566 2753 5620 κάκεῖ
2784 5566 3111 5638 παράσημόν
3141 5568 3256 5618 ἐστι
3284 5567 3395 5626 τοῖς
3428 5582 3599 5638 κατα-

2027 5635 2426 5706 δικαζομένοις.
2468 5635 2652 5690 Utrum
2688 5635 2877 5690 autem
2906 5635 3091 5702 capiiis
3131 5645 3333 5701 partem
3356 5637 3471 5705 quis
3501 5650 3599 5687 uu-

2030 5711 2153 5760 dum
2193 5707 2367 5771 habet,
2394 5719 2448 5760 ut
2484 5723 2584 5760 non
2618 5710 2773 5773 probe
2790 5708 3029 5774 cognosci
3055 5712 3229 5772 queat,
3258 5707 3599 5757 danntabitur

2032 5780 2086 5831 in
2113 5794 2240 5845 opus
2273 5778 2537 5848 publicum
2569 5773 2928 5844 adjudicatus.
2964 5773 3081 5829 Hoc
3122 5776 3261 5833 enim
3289 5776 3445 5831 etiam
3477 5776 3597 5829 istic

3622 628 3631 659 ὶ
