4096 6416
558 330 696 397 1087

695 443 803 516 Βοή
841 461 902 498 τε
933 444 1126 514 πολλὴ,
1154 445 1249 499 καὶ
1287 444 1494 515 τρόμου
1529 443 1710 515 πατὴρ
1741 444 1926 514 φόϐος,
2027 453 2030 456 ’

698 538 810 592 Καὶ
838 538 1015 593 πάντα
1035 539 1185 592 δεινά
1205 554 1222 570 ·
1249 540 1359 601 τοῖς
1387 537 1444 590 δὲ
1477 541 1589 600 σοῖς
1619 540 2021 608 στρατηγέταις

694 629 880 694 Τάξις,
910 629 1110 698 σιωπὴ,
1147 628 1434 699 σεμνότης,
1470 629 1771 698 προθυμία.

697 712 792 783 Εἷς
813 719 906 773 οὖν
941 720 1280 789 στρατηγῶν,
1313 717 1568 785 εὐγενοῦς
1620 718 1774 789 ῥίζης
1810 716 2023 781 κλάδος,

555 810 660 866 180
689 810 856 881 Ἀνὴρ
882 808 1140 880 κραταιὸς
1171 808 1251 870 είς
1287 807 1528 878 στροφὴν
1566 808 1844 874 ἀκοντίου,

695 901 905 972 Βραδὺς
929 899 987 953 δὲ
1017 898 1257 970 φεύγων,
1291 899 1386 954 καὶ
1416 899 1587 968 ταχὺς
1615 899 1986 967 κατατρέχων,

691 993 898 1061 Λόγους
929 991 1153 1059 γλυκεῖς
1191 989 1370 1055 ἔλεξεν
1397 991 1456 1043 ἐν
1487 989 1706 1062 στρατῷ
1741 990 1906 1059 μέσον
1925 1005 1942 1022 ο

702 1103 722 1138 ι
761 1083 1252 1156 Πρωτοστράτηγε,
1280 1082 1396 1146 πῶς
1424 1080 1597 1135 λιπὼν
1624 1081 1716 1135 τὸν
1756 1081 2024 1152 δεσπότην

691 1176 805 1247 Οὐχ
835 1175 910 1237 ὡς
935 1175 1198 1245 μάγειρος
1227 1175 1292 1244 τῇ
1333 1171 1612 1242 βαναυσίῳ
1637 1172 1799 1242 τέχνῃ

549 1268 654 1324 185
685 1267 887 1323 Κυκῶν
911 1266 1106 1335 ἔμιξας
1133 1265 1338 1318 τούτων
1371 1266 1429 1317 ὲν
1462 1265 1808 1334 παραινέσει,

705 1361 794 1426 Ὣς
824 1361 890 1416 ἂν
919 1359 981 1414 τὸ
1014 1359 1212 1429 νέκταρ
1240 1359 1270 1410 ό
1292 1357 1496 1427 γλυκὺς
1524 1357 1861 1426 στεφηφόρος

693 1441 826 1517 Ταῖς
858 1454 978 1515 σαῖς
1008 1452 1233 1522 γένηται
1262 1450 1602 1521 προσταγαίς
1639 1448 1871 1518 ἀρτυσία
1899 1465 1913 1513 ;

707 1547 949 1607 Ἐκεῖνος
982 1544 1128 1614 ἡμᾶς
1160 1543 1273 1612 (18)
1299 1541 1584 1604 νουθετῶν,
1627 1539 1960 1608 ἐπιτρέπων,

695 1636 808 1708 Τὴν
833 1637 992 1706 χεῖρα
1027 1636 1194 1688 πᾶσιν
1221 1632 1493 1699 ὲξαπλῶν,
1524 1631 1823 1702 εὐεργέτει.

554 1724 659 1782 190
691 1723 1040 1794 Μνησθῶμεν
1065 1721 1233 1774 αὑτοῦ
1265 1719 1529 1790 ῥημάτιον
1556 1719 1920 1789 μελιρῤύτων,

695 1817 807 1870 Καὶ
835 1815 945 1868 τῶν
972 1811 1283 1882 τραπεζῶν,
1319 1807 1439 1863 εἶτα
1466 1810 1572 1863 τῶν
1608 1812 1988 1882 χαρισμάτων.

692 1904 1007 1976 Μνήσθητε,
1045 1905 1138 1958 καὶ
1167 1902 1436 1971 θάνωμεν,
1471 1903 1685 1971 ἄνδρες,
1711 1903 1790 1965 εἰς
1805 1901 1944 1965 δέον,

707 1997 843 2051 Ὑπὸ
880 1996 1070 2065 γένους
1103 1993 1332 2055 ἄνακτος
1359 1992 1770 2046 εὐσεϐεστάτου.

697 2089 875 2142 Μόνον
908 2087 1184 2157 πλατυνθῇ
1209 2086 1322 2156 (19)
1354 2086 1632 2156 σκῆπτρον
1659 2085 1760 2155 τῆς
1805 2085 2128 2157 μοναρχίας,

557 2181 660 2236 195
701 2181 813 2234 Καὶ
852 2179 958 2249 γῆς
980 2178 1166 2244 ἀνάξει
1203 2176 1482 2246 Ῥωμανὸς
1517 2175 1698 2246 πάσης
1733 2177 1917 2247 μόνος.
1963 2196 1982 2229 ι

776 2269 932 2322 Ἐπεὶ
967 2267 1025 2321 δὲ
1075 2265 1285 2336 πληθὺς
1328 2265 1657 2337 μυρίανδρος
1699 2265 1990 2338 βαρϐάρων

548 2435 602 2481 et
644 2424 889 2494 undique
940 2422 1226 2478 confusio:
1271 2423 1378 2477 tuis
1433 2431 1615 2476 autem
1671 2420 1938 2476 militibus
1977 2422 2136 2486 ordo,

548 2515 844 2580 silentium,
875 2515 1144 2585 gravitas,
1182 2511 1459 2568 alacritas.
1500 2511 1651 2567 Unus
1691 2527 1855 2580 porro
1892 2511 2124 2567 militum

548 2610 697 2664 claro
728 2617 888 2661 natus
912 2619 1130 2674 genere,
1163 2603 1246 2658 vir
1265 2603 1426 2658 fortis
1456 2603 1508 2657 in
1536 2602 1687 2673 jactu
1725 2601 1915 2672 jacnli,
1948 2604 2137 2659 tardus

548 2702 615 2755 ad
655 2699 870 2770 fugam,
919 2707 974 2753 et
1019 2699 1086 2753 ad
1127 2696 1504 2752 insectandum
1554 2695 1746 2759 velox,
1794 2696 1908 2751 haec
1956 2695 2132 2750 dulcia

547 2792 730 2847 emisit
763 2791 926 2846 verba
970 2790 1024 2844 in
1070 2789 1248 2843 medio
1284 2786 1531 2842 exercitu
1574 2803 1588 2842 :
1629 2805 1647 2839 t
1686 2787 1950 2856 Supreme
2002 2788 2131 2852 dux,

548 2898 797 2948 curnam,
824 2881 1026 2936 omisso
1059 2881 1303 2949 despota,
1336 2877 1499 2932 veluti
1525 2891 1734 2946 coquus
1764 2878 1816 2931 in
1851 2887 1970 2932 arte
2000 2877 2135 2933 culi-

554 2973 733 3037 naria,
771 2985 1013 3027 noneum
1045 2969 1380 3025 admiscuisti
1417 2969 1469 3023 in
1507 2971 1701 3024 borum
1734 2969 2134 3034 adhortatione,

1811 333 2226 396 THEODOSII
2271 339 2578 400 Dl’ACONI

2153 450 2205 508 Α

3668 348 3811 412 1028

2383 450 2478 502 Ἐκ
2508 450 2616 503 τῶν
2651 449 2835 504 πυλῶν
2868 449 3154 522 ὥρμησεν,
3187 453 3264 516 ῶς
3297 454 3450 508 νότου
3481 458 3664 525 νέφος,

2372 540 2590 611 Βρυχὴν
2619 541 2731 612 (20)
2768 542 3048 606 ἀπειλοῢν,
3081 545 3174 596 καὶ
3205 546 3554 615 προδεικνύον
3579 551 3815 620 σπόρον,

2372 630 2435 683 Ol
2495 631 2580 684 σοὶ
2612 633 2919 702 τραπέντες
2948 635 3027 696 εἰς
3058 634 3234 706 φυγὴν
3270 637 3664 710 πεπλασμένην

2228 721 2334 776 200
2379 723 2565 794 Πάγην
2597 725 2946 794 έτεχνάζοντο
2968 725 3066 796 τὴν
3089 728 3469 797 κρητεκτόνον.

2373 811 2588 884 Πύργον
2612 814 2668 868 δὲ
2701 817 2911 886 μακρὸν
2947 817 3148 881 πάντες
3185 818 3568 889 ἐκϐεϐηκότες,

2374 902 2483 955 Καὶ
2510 903 2619 956 τῶν
2647 904 2830 956 πυλῶν
2856 904 3054 970 ἔξωθεν
3084 906 3466 978 ἐξωρμηκότες

2377 992 2572 1057 Ποινὰς
2598 995 2820 1064 ὑπεῖχον
2847 997 3085 1060 πίστεως
3112 999 3211 1060 τὰς
3242 999 3421 1064 ἀξίας.

2384 1085 2480 1138 Ἐκ
2507 1087 2786 1159 τεττάρων
2811 1089 2920 1157 γὰρ
2951 1091 3256 1160 στρατικῶς
3282 1093 3824 1164 ὲγκρυμμάτωνβι)

2227 1173 2335 1229 205
2373 1175 2598 1228 Κλύδων
2623 1177 2890 1246 ἐγερθεὶς,
2924 1181 3023 1231 καὶ
3060 1179 3305 1250 σφοδρῶς
3336 1180 3667 1251 ὲπιδράσας,

2370 1267 2628 1334 Χειμῶνα
2661 1271 2862 1340 γεννᾷν
2895 1268 3097 1340 ἤρξατο
3131 1271 3267 1340 πρὸς
3299 1271 3398 1339 τῆς
3430 1272 3644 1342 μάχης⁸

2369 1357 2480 1410 Καὶ
2505 1358 2784 1428 δυσμενῶν
2809 1356 2877 1430 ἦν
2904 1362 3181 1431 συμφορὰ,
3215 1363 3423 1427 κλόνος,
3460 1365 3675 1428 στόνος,

2371 1449 2536 1502 Δαῶν
2567 1449 2623 1501 δὲ
2652 1449 2761 1504 τῶν
2806 1450 2914 1504 σῶν
2936 1452 3184 1522 χαρμονὴ
3213 1454 3527 1526 νικηφόρος.

2403 1538 2491 1602 Ὦς
2514 1538 2604 1594 οὖν
2629 1540 2913 1604 σταθέντες
2943 1537 3083 1612 ἦσαν
3111 1545 3169 1598 ἐν
3208 1545 3540 1614 μεταιχμίῳ,

2229 1631 2334 1685 210
2371 1633 2484 1703 Τὴν
2518 1633 2742 1688 ἔκϐασιν
2772 1633 3063 1703 βλέποντες
3091 1636 3490 1705 ὲστενωμένην,

2374 1723 2438 1775 Οἱ
2467 1723 2565 1792 τῆς
2597 1723 2802 1776 ἑαυτῶν
2835 1725 2995 1778 αἴτιοι
3052 1727 3401 1795 φονουργίας,

2377 1813 2639 1867 ΙἘὅαλλον
2671 1815 2853 1879 εὐθὺς,
2887 1816 3242 1870 άνεσάλλοντο
3273 1817 3456 1882 πλέον,

2373 1906 2483 1958 Καὶ
2501 1905 2600 1976 τὴν
2627 1907 2809 1977 φυγὴν
2837 1907 3054 1978 ἔχοντες
3079 1911 3548 1982 ὴπορημένην,--

2377 1995 2562 2062 Πάντη
2585 1997 2694 2068 γὰρ
2724 1998 2908 2062 αὐτοῖς
2938 1996 3005 2070 ἦν
3027 2001 3366 2070 ταράττουσα
3400 2002 3578 2072 βλάϐη
3607 2031 3676 2043 -

2234 2085 2339 2141 215
2380 2087 2662 2156 Ἐστησαν
2683 2090 2762 2150 εἰς
2786 2088 2848 2140 ἒν
2868 2089 2968 2158 τῆς
2992 2091 3168 2159 ταφῆς
3201 2091 3262 2144 τὸ
3285 2092 3506 2162 χωρίον.

2378 2177 2472 2239 Τίς
2503 2179 2567 2230 ὲκ
2602 2180 2901 2250 τραγῳδῶν
2921 2181 3172 2250 ὲκϐοήσει
3196 2183 3322 2246 τοὺς
3371 2183 3588 2251 φόνους,

2382 2267 2497 2321 Kal.
2525 2268 2623 2340 τὴν
2641 2269 2872 2323 ἑκάστου
2901 2263 3000 2341 τῆς
3029 2273 3246 2342 σφαγῆς
3278 2273 3552 2343 τιμωρίαν
3581 2291 3598 2339 ;

2241 2422 2413 2480 nubes
2449 2424 2707 2479 minitans
2744 2434 3138 2494 tempestatem,
3173 2435 3228 2482 et
3270 2429 3407 2483 mala
3443 2431 3702 2486 nuntians
3735 2447 3823 2488 se-

2239 2517 2472 2586 getibus,
2511 2517 2587 2570 tui
2627 2532 2685 2572 se
2723 2527 2996 2574 vertentes
3027 2519 3079 2572 in
3122 2520 3297 2574 [ictam
3333 2521 3513 2590 fugam
3559 2525 3820 2593 laqueum

2240 2609 2509 2672 parabant
2541 2608 2592 2660 in
2634 2608 2986 2676 perditionem
3016 2608 3307 2665 Creticam.
3345 2613 3534 2668 Cuncti
3556 2623 3762 2678 autem,
3794 2629 3824 2667 e

2239 2697 2415 2768 longis
2435 2709 2695 2754 exeuntes
2723 2702 2979 2768 turribus,
3002 2712 3163 2772 atque
3184 2705 3354 2772 portis
3376 2720 3434 2760 se
3463 2706 3610 2761 foras
3636 2722 3828 2760 erum-

2240 2798 2452 2860 pentes,
2481 2805 2674 2858 pmnas
2704 2792 2921 2846 luebant
2948 2793 3050 2849 ﬁde
3072 2810 3258 2849 eorum
3282 2795 3494 2862 dignas.
3519 2797 3563 2851 A
3591 2807 3829 2867 quatuor

2244 2894 2478 2948 namque
2513 2881 2727 2935 insidiis
2775 2891 2984 2936 tuorum
3036 2881 3263 2936 militum
3299 2895 3464 2938 azstus
3497 2896 3858 2947 commotus.'

2234 2980 2300 3026 "et
2331 2971 2680 3026 vehementer
2712 2975 2956 3038 lervens,
2993 2974 3285 3043 procellam
3330 2976 3495 3042 carpit
3525 2977 3828 3042 producere

557 3074 618 3118 ut
665 3063 836 3117 dulcis
887 3062 1230 3125 dominator,
1273 3059 1448 3115 instar
1497 3061 1758 3126 nectaris,
1806 3060 1913 3114 tuis
1955 3061 2139 3116 condi-
2167 3055 2210 3115 C
2247 3061 2298 3114 in
2327 3061 2547 3130 praclio;
2571 3063 2927 3132 hostibusque
2954 3071 3072 3118 erat
3106 3063 3310 3128 clades,
3337 3065 3618 3128 tunmltus,
3643 3067 3828 3134 suspi-

552 3167 794 3211 tnentum
835 3153 987 3209 fieret
1035 3152 1321 3222 imperiis?
1369 3153 1666 3207 admonens
1704 3151 1814 3215 ille,
1869 3159 1926 3205 et
1962 3150 2135 3205 nostri

551 3261 737 3300 curam
770 3260 986 3314 gerens,
1025 3243 1320 3298 beneficam
1351 3256 1567 3296 manum
1594 3241 1921 3296 extendebat
1954 3239 2133 3296 omni-

551 3341 672 3394 bus.
716 3338 1084 3394 Recordemur
1128 3339 1244 3407 ejus
1299 3335 1460 3388 verba
1510 3332 1787 3397 mellillua,
1823 3341 1878 3387 et
1919 3346 2135 3387 mensas

551 3441 713 3499 atque
752 3446 996 3485 munera.
1030 3425 1432 3490 llccordemini,
1470 3435 1524 3480 et
1566 3425 1884 3489 moriamur,
1927 3423 1972 3479 si
1999 3437 2136 3494 opus

553 3523 736 3590 fuerit,
769 3540 868 3595 pro
893 3522 1112 3592 familia;
1142 3521 1283 3590 regis
1317 3519 1566 3589 piissimi.
1600 3516 1785 3574 Solum
1813 3517 2135 3572 extendatur

552 3626 825 3687 sceptrum
880 3615 1113 3684 imperii,
1164 3621 1470 3680 cunctoque
1509 3610 1628 3664 orbi
1674 3623 1814 3664 unus
1855 3607 2134 3663 Romanus

553 3709 803 3777 imperet.
845 3724 865 3758 ι
901 3703 1194 3772 Postquam
1221 3717 1351 3758 vero
1383 3701 1589 3755 infinita
1617 3699 1908 3754 multitudo
1940 3699 2136 3754 barba-

552 3811 737 3854 rerum
775 3809 808 3851 e
847 3795 1017 3864 portis
1065 3793 1250 3861 irruit,
1285 3802 1540 3862 tanquam
1583 3797 1767 3844 coacta
1838 3789 1906 3843 ab
1945 3797 2134 3842 austro

2241 3153 2404 3219 rium,
2436 3155 2541 3208 tuis
2571 3164 2750 3209 autem
2788 3154 2997 3224 populis
3029 3155 3363 3225 triumphale
3387 3156 3664 3227 gaudium.
3687 3156 3824 3211 Cum

2240 3259 2370 3314 ergo
2423 3255 2607 3300 essent
2674 3246 3027 3302 circumventi
3085 3247 3153 3301 ab
3214 3248 3470 3313 aciebus,
3523 3247 3624 3302 sibi
3687 3263 3829 3316 pra:-

2242 3335 2450 3391 clusum
2496 3337 2820 3406 aspicientes
2860 3340 3103 3403 exitum,
3153 3348 3207 3393 et
3257 3340 3359 3394 sibi
3405 3354 3529 3394 esse
3573 3349 3829 3391 auctores

2243 3427 2475 3496 propriae
2505 3428 2687 3492 caedis,
2715 3428 3067 3483 vulnerabant
3102 3431 3306 3494 statim,
3333 3433 3426 3485 sed
3460 3429 3828 3482 vulnerabano

2243 3526 2331 3572 tur
2359 3519 2568 3587 magis;
2622 3519 2930 3587 nullumque
2981 3521 3240 3574 habentes
3293 3522 3360 3575 ad
3399 3521 3631 3576 salutem
3685 3518 3828 3574 eﬂ'n-

2239 3607 2410 3676 gium,
2451 3624 2553 3663 nex
2587 3609 2732 3664 enim
2768 3610 2874 3664 illis
2914 3610 3231 3664 imminebat
3260 3612 3516 3679 undique,
3559 3612 3829 3664 constite-

2241 3708 2366 3752 runt
2400 3700 2452 3752 in
2499 3715 2664 3754 unum
2694 3701 2928 3772 sepulcri
2966 3701 3162 3758 locum.
3198 3702 3330 3768 Quis
3370 3717 3435 3756 ex
3467 3703 3692 3773 tragicis
3721 3718 3830 3755 ca:-

2240 3789 2336 3846 des
2361 3793 2668 3859 enarrabit,
2700 3799 2756 3848 et
2788 3793 3125 3863 singulorum
3164 3809 3366 3850 saevum
3400 3796 3592 3850 mortis
3618 3795 3833 3865 genus?

1847 3902 2086 3958 VARle
2139 3903 2547 3965 LECTIONES.

625 4010 749 4065 176.
791 4006 938 4064 Fort.
1009 4008 1206 4075 ψόφος,
1263 4005 1524 4075 strepitus
1590 4003 1657 4058 ad
1711 4012 1978 4056 terrorem
2041 4001 2420 4058 incutiendum
2473 4006 2802 4061 concitatus.

625 4079 793 4126 stituit
837 4077 901 4126 F.
1006 4078 1126 4126 191.
1191 4077 1312 4126 ταῖν
1366 4073 1736 4126 τραπεζῶν.Δ
1787 4071 1910 4126 195.
1966 4069 2087 4126 Scr.
2117 4073 2260 4126 ὑπὲρ
2309 4076 2520 4126 γένους.
2586 4076 2675 4126 cfs.
2708 4077 2776 4126 11.

1895 4109 1910 4125 .
1966 4087 2087 4144 δίον.
2117 4087 2260 4144 οπερ

551 4079 793 4136 restituit
837 4077 901 4132 F.
1006 4073 1126 4132 191.
1191 4077 1312 4145 ταῖν
1366 4073 1676 4145 τραπεζῶν.

2913 4006 3040 4062 188.
3103 4009 3254 4077 ἡμᾶς
3314 4025 3426 4062 om.
3487 4007 3548 4063 C.

2586 4076 2675 4132 cii:
2708 4077 2776 4131 11.
2835 4076 2956 4130 118.

3605 4023 3671 4063 ex
3698 4011 3820 4063 cod.

2309 4076 2520 4142 γένους.
2586 4076 2675 4132 cli:
2708 4077 2776 4131 11.
2835 4076 2956 4130 118.
3072 4076 3190 4131 illi.
3221 4078 3567 4140 πλατυνθεὶς,
3601 4079 3650 4130 in
3702 4089 3817 4132 not.

553 4119 2087 4228 ἱῖςῖῖἶιῖἱᾶτῦὖοῇξ”195.’ῐ”ὁτιῖ⁷ἀῖηἱᾶ’ξέχῖ”ἣξῖῤῥυξῆὖξ
2119 4119 2526 4226 {ﬁdafida};
2569 4119 2776 4266 β’έὸάῆἷ
2793 4119 3825 4216 εἶἥὲῑιιειὲἶῖὲτὲἒῇεἱῖιξ”ῖξ’ἐιξξ’ρ.”ξ⁵ι’.

555 4223 611 4266 αἱ
647 4216 838 4266 ϐοογαὶ
871 4233 981 4266 των
1011 4215 1284 4266 αἱμάτων.
1366 4213 1485 4266 198.
1523 4213 1672 4266 Fort.
1709 4229 1920 4266 σποοω.
1970 4212 2054 4265 vel
2115 4214 2262 4266 auod
2324 4217 2509 4266 ttialtm
2561 4234 2595 4266 φ
2636 4217 2782 4266 όοον.
2859 4217 2984 4266 901.
3052 4217 3202 4266 Fort.
3257 4218 3506 4266 πύργων-
3541 4234 3571 4266 e
3600 4220 3825 4266 turribus

2561 4234 2595 4283 φ

555 4211 626 4272 αἴ
644 4216 838 4297 βροχαὶ
871 4211 981 4269 τῶν
1011 4215 1284 4284 αἱμάτων.
1323 4283 1335 4295 .
1366 4211 1672 4297 l9’8‘AAFort.
1709 4211 2262 4297 cndpgi,n'velquog
2324 4211 2509 4297 manu!

2669 4217 2993 4297 ρονκῃίέξΟΙ-ἒ
3051 4217 3230 4297 κὀνι.⁸
3257 4218 3506 4297 πόργων,
3541 4234 3571 4271 e
3600 4220 3835 4297 turribus

555 4281 756 4358 egressi
766 4281 1035 4355 longeque
1067 4281 1355 4354 progressi.
1430 4283 1558 4337 202.
1592 4283 1701 4334 τῶν
1731 4281 1905 4334 συλῶν
1931 4282 1994 4335 C.
2069 4281 2196 4336 204.
2231 4281 2627 4354 ὲγκρουμάτῶν
2655 4281 2718 4339 C.
2793 4285 2918 4340 206.
2954 4284 3100 4340 Fort.
3137 4304 3174 4338 π
3216 4286 3243 4339 ὸ
3271 4281 3618 4358 τῆςμάχηςε
3651 4289 3838 4356 agitur

555 4358 702 4411 enim
733 4357 803 4410 de
835 4356 902 4410 iis
968 4372 1089 4411 una:
1121 4365 1247 4408 ante
1279 4369 1514 4411 pugnam
1551 4354 1901 4406 commissam
1935 4350 2076 4406 facta
2111 4361 2262 4408 sunt.
2340 4353 2466 4406 212.
2499 4353 2619 4408 Scr.
2651 4356 3062 4411 ἀντεϐἀλλοντο.
3138 4303 3266 4411 216.
3301 4355 3418 4411 Scr.
3446 4358 3836 4411 txroavwﬁév.

555 4350 803 4425 e'nimide
835 4350 902 4410 iis
948 4350 1089 4425 quae
1121 4350 1247 4408 ante
1279 4369 1514 4425 pugnam
1551 4354 1901 4425 commissam
1935 4350 2076 4406 facta
2111 4350 2281 4408 sunt.
2340 4350 2466 4406 2t?)
2499 4353 2619 4408 Scr.
2651 4356 3062 4411 ἀντεϐἀλλοντο.

555 4427 677 4483 Vid.
707 4424 960 4482 Boisson.
987 4422 1061 4482 ad
1090 4422 1384 4482 Nicet.’|V’.
1413 4424 1530 4478 109.
1561 4439 1616 4492 p.
1654 4423 1756 4476 198
1778 4437 1896 4491 seq.

558 4614 778 4681 insigne
837 4624 914 4667 est
955 4614 1248 4666 damnatis.

557 4679 807 4738 servilem
849 4681 1058 4736 Ethrze
1093 4681 1288 4736 Thesei
1327 4683 1514 4734 matris
1548 4679 1912 4733 conditionem
1965 4687 2149 4728 osten-

558 4757 735 4813 deret,
761 4753 1012 4807 derasam
1047 4754 1314 4819 usquead
1340 4761 1519 4804 cutem
1543 4747 1932 4819 eautpinxisse
1963 4744 2151 4819 obser-

561 4835 650 4874 vat
684 4821 983 4875 Pausanias
1009 4815 1230 4875 Phocic.
1265 4821 1359 4876 lib.
1389 4835 1443 4883 χ,
1473 4835 1596 4887 cap.
1618 4815 1710 4871 9.5.
1739 4815 1972 4887 scurras
1995 4815 2148 4876 item,

560 4893 804 4959 aliosque
833 4892 966 4944 viles
1018 4891 1269 4945 homines
1308 4904 1432 4943 raso
1469 4886 1637 4941 fuiSse
1685 4886 1865 4959 capite
1912 4892 2146 4936 testatur

561 4956 839 5016 iuvenalis
871 4961 967 5016 lib.
1002 4976 1041 5027 ι,
1075 4968 1178 5016 sat.
1213 4975 1267 5026 v,
1301 4975 1353 5014 ν.
1398 4960 1522 5022 171,
1567 4960 1640 5010 ita
1683 4956 1974 5024 inquiens:

1098 5067 1419 5136 pulsandum
1453 5065 1642 5116 rertice
1671 5077 1794 5136 raso

704 5137 972 5192 Prwbcbis
1005 5127 1540 5206 quandoquehraput,
1587 5131 1843 5206 necdum
1874 5127 2077 5206 timebis

705 5206 907 5276 Flagra
937 5202 1073 5276 patr,
1108 5207 1189 5258 Iit":
1221 5202 1407 5272 epulis,
1439 5213 1485 5254 et
1535 5203 1628 5254 tali
1665 5202 1850 5268 dignus
1884 5202 2073 5250 amico.

639 5311 751 5381 (l8)
796 5311 868 5363 Ita
907 5313 972 5362 ad
1005 5309 1162 5381 fidem
1190 5307 1519 5381 codicissuo
1558 5304 1678 5381 loco
1709 5301 2145 5381 hocpronomen

561 5371 905 5451 reposuitth
935 5378 1196 5451 omissum
1241 5377 1295 5428 in
1330 5371 1570 5451 editione
1599 5371 1856 5428 Cornelii.
2106 5437 2116 5448 .

648 5450 758 5519 «19)
814 5450 906 5506 Sic
967 5449 1104 5502 bene
1179 5445 1578 5501 emendandum
1651 5455 1868 5509 quoque
1933 5445 2150 5492 censuit

564 5519 873 5574 Cornelius.

642 5586 752 5656 (‘20)
791 5587 1077 5656 Cornelius
1100 5585 1390 5656 legendum
1417 5582 1604 5637 maluit
1630 5579 1855 5651 βροχήν,
1886 5577 1978 5630 sed
2015 5576 2150 5629 nihil

567 5654 1017 5710 immutandum;
1056 5654 1230 5725 βρυχὴ
1262 5655 1404 5712 enini
1450 5669 1546 5724 pro
1584 5659 1880 5718 tempestate
1914 5664 1976 5700 ac
2025 5662 2148 5713 pro-

571 5727 703 5779 cella
742 5726 878 5782 bene
918 5726 1158 5794 ponitur.

3301 4355 3418 4411 Scr.
3446 4355 3836 4428 ὲκ⁷τραγιμδῶεδ

2069 4511 2302 4570 NOTAE.

1287 4610 1404 4678 Qua
1435 4611 1500 4684 de
1548 4625 1609 4664 re
1658 4608 2034 4684 Polygnotum,
2093 4613 2153 4658 ut
2184 4610 2228 4664 D
2329 4606 2442 4684 (21)
2478 4607 3518 4684 Corneliusmalelegitéyxpoupatwv.
3548 4613 3841 4684 Ἐγκρυμο

2261 4695 2339 4746 μα
2379 4679 2450 4750 ad
2492 4679 2854 4747 designandas
2895 4681 3160 4734 militares
3196 4679 3421 4734 insidias
3457 4684 3660 4750 passim
3698 4679 3836 4736 uses

2258 4760 2379 4800 esse
2413 4746 2632 4821 Crisaeos
2655 4750 2951 4821 scriptores
2973 4759 3211 4821 constat.
3235 4746 3505 4804 Caeterum
3535 4751 3839 4821 ἔγκρυμμα.

2258 4831 2288 4868 a
2324 4816 2675 4886 κρύπτομαι,
2711 4815 2852 4886 quod
2893 4829 2975 4872 est
3003 4835 3057 4871 se
3107 4815 3314 4882 abdere,
3354 4815 3658 4873 derivatum
3709 4815 3838 4873 con-

2261 4887 2431 4939 tendit
2464 4887 2776 4941 Eustathius
2803 4889 2858 4942 in
2878 4903 2976 4942 suo
3007 4889 3073 4942 ad
3101 4889 3390 4943 llonterum
3423 4889 3835 4943 Commentario

2259 4955 2530 5027 pag.932,
2563 4956 2704 5027 edit.
2725 4957 2883 5010 Batti.
2917 4959 3200 5012 scribens:
3233 4959 3396 5011 Ὅθεν
3421 4959 3514 5010 καὶ
3532 4959 3834 5027 ἕγκρυμμα

2252 5023 2347 5097 τὸν
2372 5023 2526 5095 λόχον
2571 5025 2599 5075 ὁ
2625 5026 2719 5079 τοῦ
2761 5029 2823 5095 δή
2835 5045 2934 5095 μου
2962 5027 3250 5097 ἄνθρωπος
3278 5028 3458 5095 λέγει·
3498 5023 3835 5097 κρυπτονται

2251 5093 2319 5166 δὲᾼ
2343 5093 2560 5166 πάντως
2581 5097 2630 5147 οἱ
2657 5098 2730 5166 μὴ
2759 5093 2970 5148 τετανοὶ
3001 5093 3256 5159 ἑστῶτες,
3291 5093 3406 5149 ἀλλ’
3431 5093 3750 5165 ἀναγκαίως
3782 5100 3837 5147 ἐν

2255 5163 2331 5232 τῷ
2359 5163 2668 5236 συνιζάνειν
2697 5163 3074 5228 συστέλλοντες
3096 5169 3346 5230 ἑαυτοὺς,
3365 5167 3439 5229 ὡς
3473 5163 3558 5236 μὴή
3579 5169 3835 5234 περιφαί-

2254 5233 2464 5305 νεσθαι.
2502 5236 2679 5298 Quare
2711 5247 2758 5288 et
2790 5236 3086 5305 ἕγκρυμμα
3117 5239 3330 5291 insidia:
3357 5233 3509 5305 vulgo
3536 5233 3835 5291 dicuntur:

2256 5303 2595 5356 occultantur
2627 5309 2763 5357 enim
2792 5303 3026 5366 omnino,
3059 5310 3145 5374 qui
3179 5303 3622 5370 coarctati‘slant,
3650 5322 3713 5358 ac
3747 5323 3827 5358 nc-

2246 5374 2498 5445 cessario,
2519 5376 2641 5426 dum
2675 5376 2813 5445 inter
2837 5391 2891 5426 se
2917 5387 3124 5438 coeunt,
3157 5381 3474 5429 contrahunt
3529 5379 3838 5445 semetipsos

2245 5443 2651 5514 aenide/tutu.
2675 5469 2742 5484 -ν
2778 5443 2935 5496 Plura
2975 5445 3138 5513 hujus
3172 5448 3386 5514 generis
3440 5443 3836 5514 stratagernata

2244 5510 2610 5584 releruutttra
2637 5513 2884 5584 Polymuo
2909 5514 3002 5568 lib.
3030 5510 3086 5575 ll,
3115 5510 3234 5583 cap.
3268 5517 3317 5575 1,
3343 5530 3494 5568 num.
3524 5513 3593 5565 ‘27
3613 5510 3642 5579 ς’
3664 5515 3760 5567 lib.
3785 5531 3837 5578 v,

2246 5597 2366 5648 cap.
2403 5583 2488 5655 tt),
2528 5597 2676 5655 num.
2707 5583 2770 5655 ις
2798 5599 2916 5655 cap.
2951 5586 3039 5653 lli,
3070 5601 3222 5641 num.
3256 5585 3323 5651 9.;
3349 5585 3444 5640 lib.
3481 5599 3598 5650 vut,
3632 5599 3756 5653 cap.
3783 5585 3838 5652 5,

2249 5667 2400 5705 num.
2435 5653 2490 5718 '2,
2529 5662 2582 5708 et
2613 5654 2764 5709 alibi.

3401 5779 3430 5790 ω
