4096 6416
547 305 682 376 1031

1877 503 1898 576 [
1910 504 2039 568 λων,

678 606 771 677 Μὴ
805 603 1126 676 προσϐαλών
1156 619 1250 656 σου
1273 600 1352 672 τῷ
1399 599 1590 672 κράτει
1618 597 1783 668 τιμὴν
1815 595 1928 667 ἔχει
1953 611 1970 658 ;

678 701 794 751 Ούιι
837 693 975 750 εἶδεν
1005 687 1163 757 οὗτος
1195 695 1380 762 γυμνά
1429 689 1717 760 Ῥωμαίων
1745 689 1872 760 ξίφη
1901 705 1914 718 ⁸

680 787 795 842 Οὐκ
827 785 934 841 εἶδε
961 786 1061 856 τὴν
1099 786 1224 855 σὴν,
1268 782 1543 852 Ῥωμανὲ,
1577 781 1976 851 σκηπτουχίαν.

542 879 651 934 270
683 875 760 932 Ἦ
791 879 898 948 γὰρ
927 875 1170 947 παρῆλθε
1191 873 1282 927 τὸν
1321 871 1552 943 στρατόν
1582 887 1676 924 σου
1701 870 2009 939 θαυμάσας,

689 971 802 1040 Τὴν
828 965 998 1042 ἧτταν
1031 968 1089 1020 ὲν
1135 964 1220 1020 σοὶ
1281 961 1631 1036 προσλαϐὼν,
1673 961 2114 1033 σκηπτοκράτορ.

1099 1105 1450 1162 ΔΚΡΟΑΣΙΣ
1509 1105 1592 1159 Γ’.

773 1242 834 1296 Ὀ
861 1241 961 1312 τῆς
988 1239 1229 1294 ἀϐύσσου
1258 1237 1369 1310 (50)
1400 1237 1497 1302 τὰς
1530 1233 1905 1304 πολυστόμους
1934 1233 2120 1303 χύσεις

685 1333 920 1400 Κλεὶων,
946 1330 1202 1403 χαλινῶν,
1230 1329 1546 1398 ὲξανοίγων,
1584 1326 1814 1394 ἐξάγων,

690 1419 862 1488 Οὗτος
885 1421 1145 1477 πλατύνει
1177 1421 1302 1484 τοὺς
1328 1421 1485 1491 ὄρους
1512 1417 1604 1472 τοῦ
1642 1435 1734 1470 σου
1791 1416 2048 1488 κράτους,

691 1519 963 1580 ’Ἄνακτος
993 1515 1096 1579 υἱὲ,
1128 1514 1224 1568 καὶ
1281 1512 1541 1584 κρατύνει
1572 1509 1666 1563 τὸν
1694 1509 1902 1575 στόλον,

615 1609 650 1663 5
684 1609 793 1660 Καὶ
822 1607 1003 1658 πάντα
1030 1605 1193 1668 ποιεῖ,
1229 1603 1325 1656 καὶ
1359 1599 1730 1670 καταστρέφει
1783 1598 1990 1662 πόλεις.

691 1700 801 1753 Καὶ
828 1699 912 1760 τίς
944 1696 1063 1749 κατ’
1087 1693 1243 1758 ἀξίαν
1273 1709 1330 1746 σε
1361 1691 1471 1744 τῶν
1499 1689 1882 1761 λογογράφων,

690 1788 880 1851 Ἀναξ,
917 1789 1159 1840 ἐπαινεῖν
1202 1786 1281 1846 εἰς
1302 1783 1556 1837 τοσοῦτον
1593 1779 1823 1851 ἰσχύσει,

689 1879 807 1933 Κάν
832 1881 977 1931 ἐστιν
999 1876 1155 1939 ἄλλος
1187 1877 1243 1928 ὲν
1267 1872 1645 1948 Σταγειρίταις
1665 1871 1802 1942 (51),
1829 1871 2078 1937 Πλάτων,

704 1970 776 2024 ’⁸11
813 1970 922 2023 τῶν
963 1967 1205 2038 Ἀθηνῶν
1241 1967 1271 2018 6
1329 1953 1547 2036 κροιτιῦίι
1571 1962 1683 2033 (52)
1709 1962 2084 2034 Δημοσθένηςν

587 2065 655 2117 10
694 2065 763 2116 ’Β
797 2061 894 2132 τὴν
918 2059 1351 2132 πολυθρύλλητον
1375 2057 1403 2109 ὁ
1432 2054 1646 2126 κρούων
1668 2055 1779 2125 (55)
1806 2054 1979 2127 λύραν
2008 2071 2026 2121 ;

694 2154 933 2223 Ἐγώστε
958 2153 1066 2206 τῶν
1097 2150 1206 2204 σῶν
1229 2145 1492 2210 δουλικῶς
1527 2143 1819 2217 ἐγκωμίων

555 2311 759 2378 Xerxi,
790 2310 880 2380 qui
913 2309 1040 2365 olint
1091 2316 1294 2386 terr-gn
1339 2305 1392 2359 in
1430 2316 1582 2359 mare
1622 2301 1865 2371 redigere
1904 2298 2134 2364 studuit,

1469 374 1475 382 ,
1770 297 2189 360 THEODOSII
2234 295 2547 358 DIACONI

678 421 884 494 Ξέρξης
908 419 1020 491 (28)
1049 419 1078 474 ὁ
1102 417 1163 472 τὸ
1189 416 1318 503 πρὶν
1363 412 1470 486 γῆν
1503 413 1850 470 θαλασσῶσαι
1889 410 1998 480 (29)
2027 409 2114 463 θέο
2143 417 2190 473 Α

3646 284 3790 352 1032

2369 411 2428 463 '0
2452 413 2549 480 τῆς
2585 407 2866 480 παρούσης
2893 405 3106 480 ἡμέρας
3139 405 3479 477 λογογράφος

2365 501 2710 570 Ἀπάρχομαι
2741 499 2858 569 μὲν,
2891 497 3029 553 άλλά
3052 497 3149 566 τῆς
3174 496 3433 567 ἀτολμίας

2359 592 2442 644 Τὰ
2465 591 2668 662 κέντρα
2698 593 2878 644 κεντεῖ
2896 589 3032 660 (δι),
3061 589 3157 644 καὶ
3179 573 3354 655 βιάζει
3379 590 3472 641 τὸν
3504 585 3685 656 λόγον.

2257 686 2328 740 15
2365 685 2437 738 Σὺ
2466 685 2553 748 δὸς
2585 684 2646 737 τὸ
2674 683 2900 754 τολμᾷν,
2933 683 3177 750 ἐξάνοιγε
3195 682 3255 735 τὸ
3287 684 3486 751 στόμα,

2355 775 2576 841 Δίδαξον
2599 776 2744 845 ἡμᾶς
2783 773 2858 846 μὴ
2894 775 3102 844 σιωπᾷν
3154 772 3413 837 εὐκόλως,

2359 870 2530 923 Ὅταν
2557 867 2792 938 τοσαύτη
2827 867 3087 938 συμφορά
3114 869 3226 930 τοῖς
3259 865 3577 936 βαρϐάροις.

2358 961 2604 1016 Πλάτυνε
2647 959 2740 1014 τὸν
2767 958 3029 1030 φάρυγγα
3059 960 3125 1030 τῇ
3157 957 3444 1029 παρρησίᾳ
3467 973 3481 986 ·

2357 1051 2469 1104 Καὶ
2502 1051 2612 1120 γάρ
2647 1048 2926 1102 στενοῦται
2964 1046 3289 1121 προσϐαλών
3310 1063 3405 1100 σου
3428 1047 3541 1109 τοῖς
3560 1044 3755 1108 πόνοις
3787 1060 3803 1076 ο

2255 1141 2326 1196 eo
2374 1142 2608 1212 ’Δγωνιᾷ
2640 1139 2786 1212 χεὶρ.
2817 1141 3062 1210 εἴργεται
3091 1137 3218 1200 νοῦς
3258 1137 3546 1204 “nam”

2360 1233 2710 1286 Συστέλλεται
2738 1232 2816 1295 δὲ,
2842 1231 2937 1284 καὶ
2963 1231 3228 1294 πτοεῖται,
3262 1229 3356 1284 καὶ⁸
3386 1230 3554 1282 ϐέλων

2361 1324 2486 1386 Τοῖς
2522 1325 2634 1387 σοῖς
2667 1322 2900 1394 βαδίζειν
2956 1321 3410 1391 χριστομιμήτοις
3441 1320 3694 1389 τρόποις,

2376 1415 2466 1479 Ὠς
2499 1413 2650 1480 πτὼξ
2673 1412 2926 1476 δεδοικὼς
2954 1413 3052 1477 τὰς
3091 1412 3244 1475 ὀδοὺς
3277 1412 3615 1481 περιτρέχει.

2365 1507 2439 1560 Σὺ
2469 1507 2576 1576 γὰρ
2606 1506 2668 1559 τὸ
2697 1507 2855 1576 νικᾷν
2878 1503 3151 1574 πανταχοῦ
3191 1502 3550 1572 κεκτημένος,

2262 1597 2335 1651 25
2372 1597 2446 1650 Τὸ
2475 1596 2654 1650 κοινὸν
2682 1596 2994 1665 ὠφέλησας,
3022 1593 3264 1666 ηὔξησας
3293 1594 3478 1662 μόνος.

2367 1687 2442 1740 Σὺ
2479 1688 2579 1758 τὴν
2601 1686 2855 1756 φάλαγγα
2879 1686 2988 1739 τῶν
3009 1685 3268 1738 ἐναντίων
3299 1684 3490 1746 πόνοις

2377 1780 2617 1850 Ὠθησας
2640 1781 2720 1842 εἰς
2743 1780 3000 1850 φάραγγα
3019 1777 3300 1831 δυσϐάτων
3327 1777 3530 1831 τόπων.

2371 1872 2444 1926 Σὺ
2478 1871 2578 1934 τὰς
2601 1871 2784 1934 πόλεις
2808 1870 2919 1941 (55)
2944 1869 3185 1942 ἐπλησας
3213 1869 3275 1922 ού
3304 1868 3515 1922 σκύλων
3540 1867 3745 1938 μόνων,

2374 1961 2523 2015 Ἀλλ’
2547 1963 2770 2034 εἰρήνης
2795 1963 3056 2031 ἔπλησας,
3095 1961 3192 2015 καὶ
3220 1961 3418 2030 πολλῆς
3443 1960 3624 2030 δόξης.

2269 2051 2341 2108 50
2377 2051 2752 2122 Ἀγαλλιάσθω
2781 2051 2932 2117 τάξις
2957 2051 3204 2121 ἀγγέλων
3231 2051 3365 2115 ἄνω,

2379 2143 2668 2216 Χορευέτω
2693 2141 2948 2215 σύστημα
2981 2143 3088 2196 τῶν
3119 2143 3325 2215 βροτῶν
3351 2142 3522 2195 κάτω.

2233 2300 2315 2354 nit
2354 2299 2511 2372 lyra?
2555 2298 2667 2370 Ego
2724 2309 2934 2355 tuarum
2983 2301 3226 2367 laudum,
3259 2310 3318 2356 ut
3363 2318 3578 2358 servum
3627 2304 3808 2367 decet,

550 2405 693 2473 quod
763 2417 870 2456 non
935 2401 1008 2456 sit
1075 2412 1400 2469 congressus
1463 2396 1571 2449 tuis
1643 2393 1852 2448 viribus
1925 2389 2122 2446 honori
2230 2390 2464 2460 scriptor
2506 2389 2683 2447 factus
2735 2392 2835 2446 hac
2885 2389 2974 2446 die
3018 2391 3216 2462 incipio
3268 2395 3485 2463 quidem
3519 2410 3534 2447 :
3567 2397 3660 2450 sed
3693 2395 3811 2450 for-

551 2495 670 2550 est?
715 2493 834 2548 Non
881 2491 1032 2547 novit
1087 2490 1178 2546 ille
1240 2488 1416 2544 nudos
1466 2487 1837 2542 Romanorum
1899 2481 2131 2552 gladios,
2235 2483 2455 2539 midinis
2487 2482 2693 2538 stimuli
2734 2497 2821 2538 me
2863 2495 3055 2554 urgent
3091 2494 3147 2540 et
3183 2487 3482 2541 orationem
3530 2495 3807 2557 premunt.

557 2601 663 2641 non
702 2585 851 2642 novit
878 2593 1053 2649 tuum,
1091 2597 1126 2638 o
1153 2579 1430 2646 Romane,
1463 2579 1773 2649 imperium.
1806 2573 1974 2630 Retro
2015 2586 2140 2628 ces-

2233 2575 2316 2632 Tu
2361 2578 2598 2631 animum
2645 2587 2879 2646 praesta,
2925 2578 3162 2648 linguam
3205 2588 3259 2632 tu
3307 2579 3456 2633 solve
3503 2594 3703 2644 meam,
3753 2587 3811 2632 tn

554 2678 720 2733 sisset
743 2683 911 2741 certe,
950 2684 1098 2728 tuum
1123 2672 1423 2727 admiratus
1453 2669 1776 2736 exercitum,
1807 2664 2080 2736 accipiens
2108 2677 2141 2718 a
2235 2670 2402 2726 edoce
2455 2684 2554 2726 nos
2600 2670 2743 2741 loqui
2791 2669 3184 2739 conﬁdentius,
3227 2672 3483 2742 quoniam
3529 2681 3682 2726 tanta
3726 2681 3814 2726 est

553 2783 606 2827 te
632 2768 867 2834 cladem,
897 2782 931 2823 ο
953 2765 1268 2838 sceptriger.

1019 2897 1363 2957 ACROASIS
1398 2895 1674 2953 TERTIA.

2240 2763 2492 2819 barbaris
2529 2764 2798 2833 angustia.
2829 2762 3001 2818 Dilata
3045 2773 3231 2834 guttur
3275 2766 3398 2819 data
3443 2763 3588 2818 fandi
3629 2767 3810 2834 copia,

2242 2861 2484 2907 arctatur
2515 2853 2659 2908 enim
2705 2862 2870 2924 gesta,
2893 2863 2982 2909 tua
3013 2855 3330 2924 aggrediens
3358 2871 3375 2910 :
3418 2853 3561 2908 labat
3594 2869 3813 2916 manus,

2241 2945 2440 3014 saepius
2470 2959 2622 3001 mens
2648 2945 2866 3014 refugit,
2890 2945 3232 3002 contrahitur
3265 2956 3322 3000 et
3349 2945 3606 3016 pavescit,
3634 2954 3692 2999 et
3717 2959 3816 2998 cn-

625 3038 728 3106 Qui
753 3037 934 3108 abyssi
973 3034 1333 3092 circumfusos
1363 3032 1602 3105 gurgites
1633 3028 1868 3094 claudit',
1903 3025 2135 3087 cohibet,

2245 3035 2399 3106 piens
2433 3043 2559 3092 tuos
2602 3035 2877 3091 imitantes
2901 3034 3177 3091 Christum
3218 3006 3397 3090 mores
3436 3006 3656 3105 pingere
3700 3043 3816 3088 tre-

553 3132 747 3204 aperit,
795 3129 1024 3194 emittit,
1077 3127 1169 3182 ille
1209 3126 1284 3181 tui
1331 3125 1469 3180 fines
1519 3121 1763 3180 extendit
1806 3117 2054 3190 imperii,
2099 3132 2134 3173 ο

553 3225 699 3292 regis
731 3222 935 3293 proles,
970 3232 1025 3276 et
1063 3221 1281 3275 roborat
1322 3217 1644 3284 exercitum,
1681 3224 1737 3272 et
1786 3214 1965 3270 omnia
2000 3213 2135 3286 agit,

555 3315 827 3384 urbesque
857 3311 1108 3368 destruit.
1147 3309 1476 3379 Ecquisnant
1507 3317 1787 3362 oratorum
1817 3316 1871 3362 te
1898 3321 1995 3377 pro
2021 3321 2139 3362 me-

558 3406 709 3473 ritis,
735 3420 767 3459 o
805 3419 924 3469 rex,
953 3403 1175 3458 laudare
1204 3403 1256 3456 in
1287 3402 1452 3456 tantis
1481 3399 1643 3456 rebus
1671 3399 1894 3471 poterit,
1920 3399 2136 3454 etiamsi

555 3499 625 3552 sit
656 3497 796 3551 alius
840 3505 934 3550 aut
977 3494 1258 3566 Stagirita,
1283 3501 1376 3549 aut
1397 3491 1571 3559 Plato,
1599 3503 1693 3546 aut
1720 3491 2134 3548 Atheniensium

557 3588 827 3644 maximus
857 3586 1272 3652 Demosthenes,
1303 3593 1396 3639 aut
1425 3583 1516 3654 qui
1551 3597 1752 3639 canora
1783 3581 1963 3639 clarus
1993 3585 2135 3639 ceci-

2241 3125 2366 3196 pide
2400 3127 2794 3183 circumcursat
2834 3127 3006 3183 instar
3026 3127 3245 3198 leporis.
3285 3125 3419 3180 Nam
3451 3137 3507 3181 tu
3532 3134 3820 3181 assecutus

2243 3218 2480 3288 undique
2499 3218 2780 3286 victorias,
2796 3218 3184 3288 rempublicam
3202 3218 3410 3286 juvisti,
3429 3217 3624 3270 auxisti
3642 3216 3816 3270 solus.

2243 3305 2326 3362 Tu
2354 3307 2560 3377 ingenti
2589 3306 2774 3362 labore
2801 3308 3034 3363 hostium
3074 3308 3288 3377 agmina
3337 3306 3592 3376 redegisti
3627 3306 3818 3361 inloca

2245 3410 2518 3472 prterupta
2574 3409 2631 3455 et
2684 3399 2969 3469 impervia.
3023 3397 3104 3454 Τιι
3167 3399 3330 3456 urbes
3388 3399 3662 3468 replevisti
3713 3415 3819 3452 non

2244 3493 2418 3549 solum
2455 3492 2663 3562 spoliis,
2713 3492 2806 3547 sed
2853 3492 3019 3546 etiam
3068 3505 3202 3562 pace
3230 3501 3390 3560 atque
3428 3491 3592 3544 multa
3624 3490 3818 3559 gloria.

2243 3588 2494 3644 Essultet
2535 3587 2847 3659 angelorum
2879 3587 3015 3642 ordo
3040 3585 3095 3640 in
3131 3585 3302 3650 cretis,
3343 3582 3595 3654 tripudiet
3643 3591 3822 3638 caelus

1849 3721 2090 3779 VARUE
2131 3722 2541 3781 LECTIONES.

623 3836 754 3892 266.
807 3834 966 3916 Ξέρξ.
996 3835 1127 3920 dab.
1159 3833 1216 3888 in
1253 3847 1363 3903 mg.
1404 3831 1612 3954 Ξέρξης
1651 3831 1716 3886 C.
1745 3833 1889 3901 quod
1927 3832 1982 3888 in
2032 3833 2155 3890 cod.
2189 3851 2316 3916 esse
2360 3843 2591 3918 testatur
2616 3834 2680 3890 F.

623 3922 726 3954 mm
756 3920 937 3954 nosut.
1011 3905 1136 3954 269.
1166 3901 1307 3954 εἶδεν
1346 3903 1491 3954 vuln.
1595 3901 1662 3954 ll.
1693 3902 1751 3954 2.
1792 3903 1966 3954 κλέων
1996 3902 2060 3954 C.
2136 3906 2190 3954 '5.
2214 3922 2309 3954 του
2340 3923 2434 3954 σου
2463 3906 2526 3954 C.
2603 3905 2656 3954 8.

795 3902 937 3960 osui.
1011 3905 1136 3960 269.
1166 3902 1492 3972 εῐδενίνιιὶε.
1570 3902 1662 3956 lll.
1693 3902 1751 3956 2.
1792 3903 1966 3955 κλέων
1996 3902 2060 3958 C.
2136 3906 2190 3959 5.
2214 3905 2309 3958 τοῦ
2340 3906 2434 3960 σοῦ
2463 3906 2526 3960 C.
2603 3905 2656 3960 8.

793 4017 804 4031 .
840 3975 992 4029 Fort.
1025 3975 1082 4026 ὲν
1107 3971 1425 4041 Σταγείροις
1463 3971 1498 4041 ἢ
1529 3971 1777 4041 Πλάτων.
1813 3971 1936 4026 Νοι.
1972 3973 2096 4028 crit.
2134 3975 2190 4028 in
2216 3975 2387 4031 Anth.
2417 3975 2535 4031 Pal.
2567 3990 2622 4041 p.

560 3922 727 3979 gnum
743 3901 937 3979 posui.
1011 3905 1143 3979 269;
1166 3901 1491 3979 eiecti—vulg.

561 3993 707 4032 COI'I'.

2791 3832 2919 3889 267.
2954 3833 3106 3904 Post
3158 3832 3273 3904 ἔχει
3330 3832 3701 3904 interrogandi
3745 3837 3819 3890 si-

2603 3905 2656 3960 8.
2713 3903 3086 3974 σταγειρίταις
3143 3902 3220 3958 C.
3271 3902 3681 3975 σταγειρίτηςῆ
3718 3907 3815 3960 Πλ.

2567 3990 2622 4044 p.
2656 3975 2744 4028 6L
2825 3975 2913 4026 Η.
2951 3972 3070 4044 Scr.
3099 3973 3311 4044 ἔγωγε.
3376 3975 3463 4044 id.
3497 3978 3678 4026 κεντεῖ
3703 3992 3812 4028 οηι.

559 4046 622 4100 C.
647 4060 714 4099 ex
742 4044 864 4100 cod.
907 4042 1146 4116 restituit
1181 4042 1218 4097 F
1291 4039 1406 4116 _28.
1436 4039 1536 4116 τάς
1567 4039 1853 4116 πύλας-(οι
1881 4042 2003 4096 cod.
2047 4042 2316 4116 t_eslef.),
2354 4047 2411 4100 in
2451 4039 2725 4114 notfleqo-
2749 4044 2924 4107 πόλως
2950 4039 3159 4113 (πόλεις
3175 4039 3364 4113 valuit)
3391 4043 3455 4098 C.
3495 4045 3584 4098 29.
3621 4046 3812 4098 Versus

560 4116 823 4180 auctoris,
863 4122 923 4168 ut
961 4112 1194 4179 videtur,
1221 4109 1380 4181 culpa
1411 4109 1660 4164 vitiosus.
1737 4111 1826 4166 51.
1854 4114 2161 4182 χορευτέτω
2179 4113 2241 4170 C.

2079 4249 2315 4306 NOTA‘J.

633 4373 748 4444 (28)
791 4370 926 4426 Male
963 4368 1133 4444 edidit
1174 4377 1364 4444 contra
1418 4367 1540 4422 cod.
1587 4365 1745 4444 [idem
1797 4366 1900 4421 hoc
1931 4379 2144 4444 _nomen
2173 4369 2224 4429 Ι)
2252 4365 2696 4444 Abgssinomine
2743 4364 3062 4444 intelligitur
3096 4368 3329 4444 maxima
3379 4380 3642 4434 aquarum
3685 4383 3826 4444 cnn-

563 4434 850 4502 Cornelius
880 4459 894 4495 :
927 4439 1024 4495 sed
1057 4439 1196 4494 bene
1225 4439 1292 4492 ad
1323 4453 1470 4493 oram
1501 4438 1712 4507 pagina}
1735 4434 1993 4507 correxit.

635 4514 748 4582 (‘29)
787 4511 1016 4567 Celebre
1051 4509 1193 4578 apud
1230 4503 1518 4582 historicos
1548 4503 1861 4582 est_Xe_rsis
1904 4503 2138 4570 facinus,

563 4575 657 4655 qui
688 4575 864 4655 Athon
901 4575 1138 4634 montem
1171 4593 1203 4632 a
1225 4578 1563 4655 continente
1609 4575 1859 4655 abscidit,
1891 4587 1989 4644 per
2016 4589 2139 4655 eum

562 4643 714 4708 mare
739 4651 1014 4714 derivans,
1055 4657 1113 4702 ut
1156 4648 1270 4702 suis
1305 4647 1533 4701 navibus
1558 4643 1903 4700 commodum
1932 4643 2140 4714 praebc-

567 4733 646 4776 rel
681 4720 989 4775 transitum.
1035 4717 1172 4772 Audi
1217 4717 1448 4770 Plinium
1499 4716 1573 4770 ita
1605 4721 1671 4768 de
1717 4714 1819 4767 hac
1873 4727 1932 4766 re
1971 4713 2144 4766 disse-

450 4817 456 4823 -
565 4801 777 4844 rentcm
802 4790 893 4843 lib.
928 4805 1002 4852 tv,
1035 4803 1152 4855 cap.
1185 4787 1252 4841 lO
1291 4784 1566 4845 :Fretum,
1594 4800 1695 4852 quo
1720 4793 1944 4855 montem
1972 4783 2145 4855 ᾼιιιοῃ

568 4859 770 4913 Xerxes
811 4873 905 4911 rex
958 4853 1241 4910 Persarum
1290 4855 1573 4909 continenti
1616 4854 1856 4915 abscidit,
1898 4853 1953 4904 in
1983 4853 2144 4917 lonqi-

569 4930 749 4982 tudine
775 4943 1028 4994 passuum
1055 4925 1177 4978 MD.
1207 4923 1358 4978 Mons
1386 4925 1496 4992 ipse
1526 4941 1558 4976 a
1587 4923 1810 4994 planitie
1832 4922 2059 4974 excurrit
2091 4921 2145 4973 in

567 5015 716 5052 mare
750 4992 947 5050 LXXV
976 4994 1108 5048 mill.
1141 5010 1285 5062 pass.
1316 4994 1430 5048 Hoc
1461 4995 1623 5054 idem,
1657 5005 1716 5045 ut
1744 4992 1879 5062 alios
1912 4999 2140 5060 praeter-

567 5084 708 5132 eam,
744 5073 1010 5120 memorat
1054 5061 1216 5118 etiam
1254 5063 1587 5134 Pomponius
1620 5062 1756 5134 Mela
1796 5061 1890 5134 lib.
1929 5076 1993 5134 tt1
2023 5075 2142 5134 cap.

567 5137 602 5192 2
636 5155 650 5192 :
684 5127 802 5202 Qua
838 5135 1123 5188 continenti
1163 5134 1325 5188 Athos
1359 5127 1612 5194 a'dhaaret,
1644 5130 1840 5202 Xerxe
1862 5130 1916 5182 in
1954 5127 2143 5202 Graios

569 5199 828 5269 tendente,
860 5204 1129 5274 perfossus
1154 5205 1790 5274 transnatjigatusqueest,
1817 5199 1994 5274 [actus
2011 5201 2144 5266 freto

570 5269 870 5348 navigabili
897 5269 1110 5348 pervius
1150 5290 1169 5338 ,°
1221 5276 1363 5327 unde
1391 5269 1654 5326 Lucanus
1666 5269 1910 5324 Pharsal.
1942 5269 2035 5322 lib.
2073 5284 2144 5333 ιι,

569 5363 623 5400 v.
647 5345 771 5412 676,
793 5345 994 5401 cecinit
1031 5361 1048 5398 :

1239 5463 1355 5500 cum
1403 5447 1514 5501 vela
1557 5455 1797 5515 ratesque

819 5519 886 5573 In
922 5519 1154 5572 medium
1193 5517 1417 5586 deferret
1449 5517 1646 5570 Athon.

641 5623 758 5694 (50)
798 5625 950 5690 Quod
1000 5625 1054 5678 in
1114 5641 1172 5680 se
1219 5623 1468 5694 continet
1488 5623 2142 5694 itnmensamuaquarum

573 5691 998 5763 multitudinem,
1047 5695 1285 5749 ἄϐυσσον
1327 5692 1503 5750 Graeci
1559 5693 1766 5748 dicunt.
1831 5691 1927 5745 Hic
1959 5701 2142 5746 autem

2248 4436 2425 4508 geries
2459 4436 2514 4490 in
2545 4451 2672 4490 aere
2717 4451 2746 4488 a
2782 4436 2910 4508 solis
2939 4446 3171 4492 attractu
3197 4438 3444 4501 collecta,
3471 4451 3546 4508 es
3567 4451 3672 4508 qua
3707 4440 3825 4507 plu-

2248 4505 2349 4586 via:
2376 4521 2440 4586 ac
2475 4514 2818 4586 tempestates
2845 4505 3171 4586 gignuntur;
3215 4508 3446 4586 ideoque
3483 4505 3829 4586 additur—rte-

2247 4575 2551 4658 λυστὸμους
2585 4575 2788 4658 χύσεις,
2835 4575 2924 4644 qui
2981 4575 3133 4630 habet
3192 4575 3473 4648 emisimus
3524 4590 3590 4629 ea:
3641 4577 3826 4632 multis

2249 4655 2398 4699 ostiis
2439 4655 2781 4710 erumpentes.

2323 4714 2435 4788 (51)
2477 4715 2550 4788 Ita
2583 4713 2787 4788 codex;
2836 4714 2931 4788 sed
2977 4715 3165 4788 malim
3193 4715 3294 4782 legi
3346 4733 3375 4788 ε,
3401 4716 3827 4788 Σταγειρίτηςῆ

2253 4783 2500 4856 mam.
2517 4783 2824 4852 Stagiritem
2862 4785 3260 4856 dictutnl‘uissc
3287 4783 3656 4850 Aristoteletit,
3681 4783 3827 4856 quod

2255 4854 2479 4922 Stagira:
2509 4861 2670 4907 natus
2698 4862 2862 4918 esset,
2889 4870 3051 4909 nemo
3077 4855 3308 4919 ignorat.

2324 4924 2436 4995 (52)
2477 4923 2868 4995 Demosthenes
2897 4923 3042 4995 inter
3084 4927 3448 4995 Athenienses
3478 4939 3731 4979 summus
3765 4938 3830 4978 ac

2254 4990 2546 5063 plurimum
2575 4990 2785 5060 pollens
2817 4991 3036 5057 dicitur,
3086 4993 3169 5045 vel
3208 4995 3377 5063 quod,
3435 5007 3558 5063 post
3593 5008 3826 5049 mortem

2251 5062 2543 5132 Alexandri
2591 5069 2645 5115 et
2683 5063 2985 5132 Antipatri,
3027 5063 3188 5116 rebus
3247 5062 3466 5117 Graeciaa
3502 5066 3827 5132 praepositus

2253 5133 2434 5195 fuerit,
2467 5131 2553 5185 vel
2583 5130 2784 5202 potius,
2835 5131 2982 5201 quod
3020 5148 3131 5202 pra:
3164 5135 3417 5188 omnibus
3466 5130 3731 5189 doetr’ina:
3774 5143 3828 5189 et

2251 5203 2576 5271 eloquentiae
2599 5200 2760 5254 laude
2782 5200 3118 5257 excelluerit.

2286 5341 2296 5352 _
2325 5270 2767 5341 (35)tl’indarum
2795 5271 3037 5342 intellige
3057 5272 3346 5342 lyricorum
3369 5282 3652 5342 poetarum
3679 5273 3828 5342 prin-

2252 5356 2447 5411 etpem.

2328 5411 2451 5482 (54)
2489 5409 2570 5464 Ad
2621 5412 2781 5468 ﬁdem
2833 5411 3036 5467 codicis
3076 5414 3180 5466 hoe
3225 5411 3451 5468 verbum
3497 5412 3736 5478 restitui,
3770 5412 3824 5466 in

2255 5480 2494 5552 editione
2525 5482 2765 5552 Cornelii
2796 5484 3239 5552 praetermissum.

2287 5551 2902 5632 '(55ﬂ)‘ﬂo').a;uscri|‘t‘sit
2945 5552 3151 5632 codicis
3204 5552 3490 5632 librarius,
3537 5552 3727 5621 sicque
3750 5552 3824 5632 ad

2253 5621 2371 5701 ejus
2401 5623 2560 5677 tidem
2595 5623 2764 5678 edidit
2806 5622 3128 5679 Cornelius:
3178 5638 3276 5676 nos
3323 5621 3511 5685 πόλεις
3564 5627 3829 5679 eruenda-

2253 5704 2448 5745 vrmus.
3036 5731 3122 5753 ηρ,
3155 5728 3246 5745 .
3279 5732 3320 5742 ,-
