4096 6438
460 455 600 515 itt3

593 562 752 622 Οὗτοι
780 570 901 624 καθ’
941 572 1094 641 ἡμῶν
1123 573 1230 627 τῶν
1263 575 1536 644 ὑπηκόων,
1565 577 1720 640 ἄναξ,

603 663 770 731 Ὁμοῦ
800 667 1268 736 στρατευέτωσαν,
1302 669 1402 721 οὑκ
1429 669 1542 738 ἔχει
1577 671 1743 737 φόϐον

599 753 838 822 Ἐχουσα
871 756 971 824 τὴν
999 756 1097 827 σὴν
1128 758 1160 828 ἡ
1193 759 1345 822 πόλις
1375 762 1698 815 πανοπλίαν.

595 845 770 897 Μῦθοι
804 846 969 914 βοῶσι
996 849 1119 911 τοὺς
1152 851 1346 914 πόνους
1376 853 1741 923 Ἠρακλέους,

445 932 550 988 ἓ25
599 933 854 1002 ’Υψυῦσιν
880 937 1041 992 αὐτὸν
1067 940 1166 1009 τῆς
1191 941 1451 1012 ἀληθείας
1489 944 1653 1014 πέρα,

589 1027 830 1080 Φωνοῦσι
869 1029 1060 1095 πολλὰ,
1087 1032 1180 1084 καὶ
1209 1035 1649 1105 καταπλήττουσί
1683 1055 1772 1108 με,

591 1119 699 1169 Καὶ
729 1119 955 1174 πλεῖστα
989 1121 1318 1191 φημίξωσιν
1341 1126 1470 1189 ἴσως
1506 1127 1688 1192 ἀξίως.

591 1209 735 1276 Πλὴν
774 1213 1096 1282 ἐκράτησεν,
1133 1213 1165 1286 ἢ
1207 1217 1557 1290 κατέστρωσε
1592 1222 1793 1284 πόλεις.

592 1301 800 1364 Πολλὰς
838 1303 946 1373 γὰρ
971 1307 1168 1369 εἴποις·
1197 1307 1335 1361 ἀλλά
1361 1311 1620 1382 τοιαύτην
1646 1313 1774 1366 πότε
1809 1333 1823 1378 ;

445 1394 550 1450 220
590 1395 707 1449 Ούκ
733 1393 802 1468 ἦν
830 1416 913 1462 τις
943 1399 1103 1464 ἄλλος
1132 1402 1230 1473 τῆς
1259 1404 1427 1459 πάλαι
1479 1408 1698 1480 Ῥώμης
1721 1412 1876 1478 ἄναξο

587 1486 698 1538 Οὐκ
727 1482 796 1558 ἦν
814 1505 898 1552 τις
928 1489 1088 1554 ἄλλος
1112 1492 1188 1555 ὡς
1209 1495 1236 1547 ὁ
1259 1495 1468 1560 κλεινὸς
1499 1498 1782 1570 δεσπότης.

584 1578 800 1632 Πολὶῶν
823 1579 1065 1649 ἀνέγνων
1097 1584 1328 1655 ίστόρων
1362 1589 1562 1653 πολλὰς
1591 1591 1827 1661 βίϐλουςο

586 1667 931 1739 Πλούταρχον
960 1671 1244 1742 ὲξαίροντα
1289 1675 1578 1747 Ῥωμαίων
1609 1681 1798 1750 κράτει
1826 1681 1937 1752 (71)
1957 1714 2022 1725 -

589 1759 800 1823 Ἔγνων
831 1760 940 1831 γὰρ
963 1762 1127 1816 αὑτὸν
1152 1795 1220 1804 -
1249 1758 1407 1830 οὗτος
1434 1767 1571 1821 ἀλλά
1599 1770 1860 1836 πολλάκις

441 1843 549 1898 2‘25
590 1847 825 1902 κλέπτει
850 1849 911 1901 τὸ
937 1849 1156 1919 χαῦνον,
1187 1855 1282 1908 καὶ
1311 1855 1402 1908 τὸν
1421 1855 1583 1925 ὄγκον
1609 1860 1840 1928 είσάγει,

598 1939 754 2010 Ὑψοῖ
781 1941 840 1994 τὸ
867 1943 1082 2014 μικρὸν,
1115 1944 1210 1999 καὶ
1239 1951 1496 2018 κατασπᾷ
1535 1949 1594 2003 τὸ
1622 1951 1806 2005 πλέον*

581 2032 758 2086 Δίωνα
790 2033 902 2105 (75)
927 2035 1019 2090 τὸν
1046 2038 1292 2107 τέττιγα,
1323 2039 1426 2111 τὴν
1457 2043 1624 2114 σοφὴν
1645 2043 1838 2116 λύραν·

580 2123 691 2192 Οὐχ
715 2115 895 2194 εὗρον,
922 2126 998 2191 ὡς
1021 2128 1083 2182 σὲ
1111 2129 1360 2201 λαμπρδν
1393 2135 1452 2185 ὲν
1482 2115 1858 2206 στρατηγίαις·

583 2214 695 2285 Οὐχ
722 2210 884 2287 εὗρον
913 2217 1073 2272 ἄλλον
1099 2219 1354 2292 δεύτερον
1387 2225 1780 2295 στρατηγέτην’

436 2301 545 2359 930
583 2303 695 2375 οὐχ
731 2297 894 2377 εὗρον
925 2307 1086 2363 ἄλλον
1118 2308 1403 2382 Ῥωμανὸν
1442 2310 1802 2388 βουληφόρονο

433 2469 618 2516 contra
649 2477 749 2518 nos
767 2476 956 2521 servos
983 2467 1128 2533 tuos,
1150 2480 1184 2523 ο
1213 2466 1347 2534 Rex,
1379 2470 1538 2528 simul
1559 2485 1709 2527 arma
1740 2487 2010 2542 moveant,

431 2568 542 2610 non
593 2555 764 2622 timet,
818 2557 946 2613 dum
992 2559 1100 2616 tuis
1157 2561 1324 2617 armis
1372 2563 1445 2618 sit
1509 2565 1738 2630 munita,
1794 2568 2008 2624 civitas.

429 2643 648 2702 Fabula.-
681 2650 838 2705 valde
865 2650 1144 2708 celebrant
1170 2652 1384 2710 labores
1400 2653 1671 2723 Herculis,
1695 2657 1832 2714 ultra
1866 2661 2004 2716 veri-

429 2745 596 2794 tatem
651 2739 894 2797 exaltant
953 2742 1125 2810 illum,
1174 2744 1469 2801 inclamant
1505 2747 1760 2814 multum,
1825 2758 1880 2804 et
1918 2765 2007 2805 me

429 2829 818 2898 terrel‘aciunt,
839 2847 906 2889 ac
937 2834 1175 2889 maxima
1210 2835 1259 2890 ei
1278 2835 1540 2903 tribuunt,
1562 2821 1748 2894 tol'san
1781 2841 2009 2904 merito;

429 2935 808 2980 verumtamen
839 2925 992 2990 vicit,
1024 2941 1134 2982 non
1163 2928 1360 2982 evertit
1385 2929 1552 2985 urbes
1587 2931 1763 3000 :quod
1797 2931 1843 2986 si
1875 2932 2012 2986 mul-

431 3024 513 3068 tas
555 3016 777 3082 dixeris,
809 3018 903 3072 sed
935 3015 1100 3072 talem
1122 3019 1374 3088 quando?
1395 3035 1501 3074 non
1531 3019 1629 3076 fuit
1656 3023 1792 3077 alter
1811 3024 2012 3078 veteris

431 3106 619 3160 Romae
643 3121 760 3170 rex,
793 3121 900 3161 non
929 3107 1028 3162 {uit
1053 3109 1210 3176 alter,
1251 3119 1310 3164 ut
1341 3111 1572 3182 inclytus
1603 3111 1845 3182 despota.
1882 3112 2009 3169 Plu-

1695 461 2110 522 THEODOSII
2154 463 2461 524 DIACONI

2056 578 2105 634 Α

2276 577 2386 648 Οὐχ
2413 570 2572 647 εὖρον
2593 577 2770 631 ἄλλον·
2798 578 2916 637 οὐδὲ
2939 578 3028 632 τὸν
3061 576 3155 631 τοῦ
3185 577 3452 632 Φιλίππου
3483 578 3619 650 (76).

2280 671 2376 723 Ὃν
2406 671 2624 740 πρῶτον
2662 672 2689 722 ό
2711 671 3053 742 Πλούταρχος
3086 673 3143 724 ὲν
3174 672 3376 742 μάχαις
3407 671 3544 742 ἔχει.

2277 762 2546 816 Τοσοῦτον
2577 763 2754 833 ἤρθης
2776 765 2841 832 τῇ
2867 763 3004 816 Θεοῦ
3031 763 3293 834 συνεργίᾳ
3313 780 3327 794 ο

2272 854 2543 908 Τοσοῦτον
2575 855 2883 926 ἐκράτησας
2917 855 3094 909 ἀλλων
3121 858 3179 909 ἐν
3217 858 3416 927 μάχαις
3440 872 3455 887 ο

2274 947 2537 1002 Τοσοῦτον
2569 948 2874 1018 ἐξέπληξας
2913 947 3141 1018 ἔχθροὺς
3168 951 3226 1002 ὲν
3261 950 3426 1018 ξίφει.

2685 1084 3026 1139 ΑΚΡΟΔΣΙΣ
3073 1087 3144 1138 Δ’.

2274 1224 2455 1293 Ἀρτι,
2477 1220 2704 1292 κραταιὲ
2737 1222 2874 1289 φῶς,
2900 1219 3037 1286 ἄναξ
3070 1222 3416 1290 οίκονμένης,

2274 1314 2380 1366 Τοῦ
2408 1313 2500 1366 σοῦ
2531 1312 2766 1382 στρατοῦ
2807 1313 3110 1381 κάμνοντος
3139 1314 3196 1365 ἐν
3214 1312 3556 1382 παραστάσει
3587 1311 3711 1383 (77)

2272 1407 2438 1475 Βάρει
2474 1405 2718 1476 σιδήρου,
2743 1403 2836 1458 καὶ
2867 1405 3042 1474 κόπῳ,
3086 1405 3180 1457 καὶ
3209 1404 3474 1473 φροντίδι,

2270 1497 2512 1564 Χειμῶνι
2541 1495 2722 1566 πολλῷ
2754 1494 2887 1565 (78),
2944 1497 3037 1549 καὶ
3091 1498 3326 1566 κρυμοῖς
3363 1495 3665 1557 ἁνενὸότοις
3688 1511 3704 1524 ·

2198 1589 2230 1643 5
2265 1589 2387 1641 Τῶν
2423 1587 2718 1657 Κρητικῶν
2769 1586 2968 1650 ἔξωθεν
2992 1587 3043 1638 oi
3069 1585 3276 1656 πρῶτοι
3300 1586 3482 1650 κύνες,

2264 1681 2337 1732 Οὐ
2365 1680 2468 1746 γῆς
2494 1679 2786 1748 τοπάρχαι,
2816 1679 2911 1730 καὶ
2938 1677 3328 1748 φαλαγγάρχαι
3360 1677 3484 1729 τότε
3506 1693 3520 1708 ·

2268 1769 2566 1841 Κρημνοίδς
2628 1770 2735 1839 γὰρ
2787 1767 2966 1832 αὐτοὶ,
3033 1769 3127 1820 καὶ
3179 1767 3562 1839 φαραγγώδεις
3609 1767 3705 1821 τό·-

3395 1860 3555 1928 ιπους
3586 1864 3602 1927 (
3611 1857 3705 1921 79)

2270 1956 2488 2024 ᾯκουν,
2518 1953 2729 2007 ἐκεῖθεν
2761 1952 3109 2020 ἐξελαθέντες
3277 1951 3446 2018 ξίφει,

2267 2045 2572 2114 Πληγέντες
2596 2043 2741 2114 όρμῇ
2774 2043 2869 2098 καὶ
2901 2042 3029 2115 βρλῇ
3055 2046 3124 2114 τῇ
3167 2042 3259 2097 τοῦ
3289 2043 3511 2114 κρύους.

2160 2139 2226 2193 10
2263 2139 2374 2192 Καὶ
2403 2139 2530 2202 τοὺς
2560 2137 2773 2190 ἑαυτῶν
2805 2137 2906 2189 οὐκ
2939 2138 3266 2200 ἀπειπόντες
3307 2137 3552 2207 χρόνους.

2273 2229 2441 2298 Ὁμοῦ
2465 2228 2589 2283 καθ’
2627 2228 2786 2299 ἡμῶν
2811 2227 2926 2297 (καὶ
2955 2227 3063 2294 γὰρ
3095 2229 3175 2291 εἰς
3203 2226 3544 2297 συνοικέτας)

2273 2321 2368 2374 Ἐκ
2395 2319 2503 2374 τῶν
2530 2317 2675 2392 ὀρῶν
2701 2317 2971 2392 ὥρμησαν
3015 2319 3093 2382 είς
3130 2321 3355 2390 σφαγὴν
3398 2318 3551 2390 μίαν.

2118 2478 2278 2542 siliis,
2305 2493 2410 2534 non
2437 2477 2620 2533 inveni
2645 2476 2832 2543 alium,
2852 2490 3031 2544 neque
3058 2474 3284 2544 Philippi
3312 2473 3506 2539 tilium,
3533 2487 3698 2539 quem

2116 2571 2440 2627 Plutarchus
2462 2570 2514 2624 in
2575 2568 2778 2639 praeliis
2826 2568 2985 2622 habet
3016 2567 3311 2638 principem
3353 2582 3369 2620 :
3405 2567 3538 2620 adeo
3587 2567 3700 2620 ele-

2120 2673 2271 2720 vatus
2299 2678 2359 2718 es
2385 2669 2707 2732 cooperante
2747 2661 2876 2725 Deo,
2905 2660 3038 2715 adeo
3071 2659 3338 2728 superasti
3370 2667 3600 2714 caeteros
3629 2657 3689 2712 in

2113 2755 2331 2825 praeliis,
2364 2755 2498 2810 adeo
2533 2753 2847 2809 exterruisti
2872 2751 3057 2807 hostes
3087 2749 3287 2820 gladio.

2547 2882 2891 2943 ACBOASIS
2935 2881 3243 2952 QUARTA.

2181 3024 2299 3082 lam
2320 3065 2335 3090 ,
2370 3039 2404 3081 o
2437 3034 2632 3094 potens
2669 3023 2872 3089 lumen,
2904 3023 3214 3079 dominator
3242 3021 3417 3088 orbis,
3445 3022 3693 3078 exercitu

2109 3125 2203 3172 tuo
2246 3115 2528 3170 laborante
2573 3114 2760 3186 procul
2796 3129 2826 3169 a
2857 3113 3035 3185 patria
3075 3129 3240 3169 onere
3283 3127 3584 3180 armorum,
3635 3122 3696 3168 et

434 3198 578 3252 rium
634 3201 1024 3256 historicorum
1057 3203 1160 3274 legi
1203 3204 1402 3260 multos
1419 3204 1621 3262 libros:
1657 3205 2012 3263 Plutarchum
2038 3203 2082 3265 C
2116 3208 2400 3272 molestiis,
2429 3217 2484 3264 et
2517 3206 2687 3273 curis,
2713 3221 2923 3263 summa
2953 3207 3162 3271 hieme,
3191 3214 3247 3261 et
3277 3203 3571 3276 frigoribus
3600 3219 3694 3262 as-

428 3281 778 3348 extolieutEm
796 3292 1100 3350 Romanum
1131 3297 1418 3365 imperium
1444 3298 1585 3367 (novi
1608 3299 1754 3354 enim
1782 3299 2002 3373 ipsum),

428 3382 523 3436 sed
560 3382 662 3439 iste
695 3384 890 3452 saepius
925 3385 1066 3440 celat
1094 3386 1404 3454 mollitiem,
1435 3398 1488 3442 et
1510 3391 1830 3458 gravitatem
1873 3405 2011 3461 prte-

2113 3304 2279 3375 peris,
2314 3301 2675 3366 Creticorum,
2704 3301 2792 3371 qui
2819 3299 2952 3357 foris
2974 3305 3152 3364 erant,
3182 3299 3344 3370 primi
3369 3313 3553 3365 canes,
3578 3313 3691 3354 non

2109 3393 2339 3464 amplius
2370 3403 2526 3447 terrae
2551 3391 2777 3456 domini,
2811 3400 2867 3446 et
2893 3392 3058 3446 duces
3079 3389 3382 3458 agminum,
3409 3399 3690 3460 praerupta

429 3473 595 3542 dicat,
618 3476 824 3532 exaltat
857 3492 1043 3547 parva,
1073 3487 1233 3550 atque
1255 3482 1466 3554 magnis
1481 3482 1714 3538 detrahit
1740 3498 1755 3536 :
1779 3482 2006 3539 Dionem
2105 3485 2250 3542 enim
2283 3483 2406 3556 ipsi,
2445 3493 2502 3540 et
2523 3483 2756 3554 algentia
2797 3483 2914 3538 loca
2951 3481 3288 3547 habitabant,
3332 3482 3455 3538 inde
3503 3497 3690 3537 erum-

426 3569 594 3622 etiam
626 3569 890 3637 cicadam,
923 3570 1226 3641 sapientem
1255 3573 1446 3643 lyram.
1472 3572 1590 3629 Non
1625 3573 1827 3640 inveni,
1859 3583 1919 3630 ut
1954 3583 2006 3630 te
2104 3582 2294 3643 pontes
2324 3572 2516 3628 armati
2561 3571 2765 3642 gladio,
2797 3570 3002 3640 impetu
3045 3569 3227 3625 aﬂlicti
3277 3578 3332 3625 et
3384 3570 3689 3626 acerbitate

426 3661 693 3718 illustrem
722 3662 777 3718 in
810 3662 1040 3734 imperio
1064 3664 1320 3731 militum,
1351 3681 1460 3721 non
1503 3665 1684 3722 inveni
1722 3666 1887 3722 alium
1917 3681 2004 3722 se-

425 3754 662 3809 cundum
687 3753 898 3821 ducem,
923 3767 1032 3810 non
1064 3755 1244 3812 inveni
1271 3755 1434 3812 alium
1460 3756 1763 3813 Romanum
1793 3758 1848 3813 in
1870 3773 2000 3814 con-

2101 3664 2338 3738 frlgoris,
2389 3678 2626 3735 suosque
2664 3663 2901 3720 nondum
2937 3675 3252 3720 recusantes
3294 3679 3487 3729 annos,
3518 3665 3686 3720 simul

2099 3767 2286 3828 contra
2307 3771 2405 3812 nos
2425 3756 2572 3828 (nam
2601 3763 2788 3813 contra
2812 3755 3066 3812 concives
3091 3755 3332 3828 nostros)
3354 3771 3385 3812 e
3411 3757 3692 3814 montibus

1675 3852 1910 3910 VARUE
1970 3851 2268 3910 LECTION
2274 3852 2380 3910 ES.

495 3945 620 4000 218.
643 3945 760 4001 Scr.
805 3945 1213 4031 κατέστρωσεν.
1276 3948 1403 4004 223.
1469 3947 1708 4029 npé‘tet,‘
1740 3947 1796 4000 in
1855 3955 1972 4001 not.
2023 3947 2138 4033 [ego
2203 3947 2425 4028 κράτος.
2503 3943 2655 4027 Fort.
2711 3944 2909 4070 κράτὲ.
2966 3945 3041 4004 cf.
3101 3943 3211 4027 Ν..
3249 3943 3340 4000 31.
3381 3943 3681 4002 227.1¹“οι-ι·

501 4025 550 4070 te
580 4016 728 4070 hunc
779 4032 995 4070 versum
1054 4033 1196 4070 unus
1216 4027 1309 4070 aut
1334 4019 1471 4070 alter
1535 4018 1758 4070 excidit.
1820 4013 1907 4069 ιν.
1955 4016 2006 4070 1.
2055 4035 2169 4070 coma
2203 4024 2426 4070 corrtmt
2466 4013 2713 4070 Bonsson.
2749 4031 2802 4069 tn
2900 4031 3065 4070 0mm.
3113 4017 3298 4070 Entar.
3355 4026 3480 4070 post
3549 4016 3681 4070 Hol-

423 4016 728 4087 anterhgne
779 4013 1024 4087 versum'
1054 4019 1309 4087 unus’aut
1334 4019 1471 4072 alter
1510 4013 1758 4072 'excidit.
1820 4013 1907 4087 IV.
1955 4016 2006 4070 1.
2055 4013 2170 4087 (ῥὼς
2203 4013 2426 4087 corrigit
2466 4013 2713 4087 Boisson.
2749 4013 2802 4069 in

1984 4083 2118 4154 φῶς,
2143 4083 2298 4157 ἄναξ,
2349 4083 2698 4157 ὀίκουμένης,
2719 4100 2836 4157 rea:_
2857 4083 3242 4157 potentissime,
3261 4083 3438 4157 tanien
3479 4089 3676 4151 mundi,

999 4156 1069 4210 cf.
1102 4155 1242 4210 infra
1271 4174 1323 4209 ν.
1357 4157 1480 4214 115.
1509 4153 1562 4210 8.
1595 4155 1902 4222 ἐξελθόντες
1923 4153 2356 4222 (Ζζὲξελαθέντες
2394 4169 2460 4210 ex
2485 4153 2608 4210 cod.
2634 4153 2956 4210 emendavit
2982 4156 3042 4210 F.
3088 4157 3233 4211 Fort.
3273 4155 3676 4221 ἐξελασθέντες.

425 4086 584 4140 stenii
612 4085 951 4209 Epistolas
981 4087 1114 4169 452..
1133 4085 1316 4142 Malim
1362 4087 1617 4156 distingui
1643 4105 1657 4140 :
1683 4085 1931 4153 κραταιὲ,

430 4155 482 4207 7.
518 4172 798 4209 κρυμνους
828 4172 896 4208 vu
923 4171 974 4209 α.
999 4156 1069 4209 cl'.
1102 4155 1242 4209 Infra
1271 4174 1323 4209 ν.
1357 4157 1480 4209 115.
1509 4158 1562 4209 8.
1595 4155 1931 4209 ἐξελθόντεςι

430 4155 482 4207 7.
518 4156 798 4225 κρυμνοὺς
828 4155 974 4225 vulg.

425 4225 517 4280 10.
550 4222 700 4280 Fort.
726 4222 1056 4289 ἀπειπόντες
1075 4227 1278 4290 δόλους.
1304 4226 1379 4282 cf.
1412 4226 1554 4285 infra
1578 4244 1630 4284 ν.
1657 4228 1748 4284 77.

2937 4031 3065 4070 mm.
3113 4015 3298 4086 Epigr.
3355 4026 3480 4084 post
3549 4016 3681 4072 Hol-

1930 4321 2163 4382 NOTAE.

423 4427 477 4472 et
525 4412 721 4470 sufﬁcit
754 4430 952 4472 nomen
986 4413 1282 4487 Καίσαρος,
1317 4415 1440 4485 quia
1478 4416 1676 4473 Brutus
1709 4415 2000 4484 Caesarem,

423 4504 531 4543 non
555 4487 872 4557 Pompeium
892 4485 1181 4557 percussit;
1204 4485 1331 4540 Mihi
1363 4496 1540 4542 tamen
1565 4502 1646 4542 vix
1675 4488 2002 4557 persuadeo,

423 4557 744 4626 scriptorem
796 4556 1012 4612 Codicis
1065 4556 1200 4610 adeo
1251 4559 1478 4623 turpiter
1516 4556 1752 4622 errasse,
1794 4557 2002 4626 utduo

2184 4417 2296 4482 (76)
2317 4416 2546 4486 Philippi
2569 4414 2760 4478 lilium,
2782 4411 2991 4486 scilicet
3011 4413 3376 4486 Alexandrum
3405 4411 3684 4485 Magnum,

2110 4486 2269 4556 cujus
2316 4483 2580 4540 vitam'ac
2631 4499 2717 4556 res
2750 4483 2820 4538 ab
2849 4497 2915 4538 eo
2963 4484 3224 4553 prteclare
3254 4496 3434 4554 gestas
3463 4483 3687 4556 copiose

2109 4554 2395 4624 descripsit
2423 4554 2760 4608 Plutarchus.

424 4622 641 4681 nomina
678 4626 812 4680 adeo
841 4627 979 4680 inter
1009 4643 1066 4682 se
1096 4627 1310 4682 diversa
1342 4622 1394 4680 in
1422 4628 1712 4682 scribendo
1744 4625 2000 4682 conlude-
2032 4636 2078 4693 ι)
2181 4622 2300 4696 (7η
2339 4625 2406 4678 In
2442 4623 2650 4696 exsilio,
2696 4640 2787 4680 seu
2814 4622 3020 4696 procul
3048 4639 3079 4676 a
3111 4622 3290 4696 patria
3329 4640 3347 4679 :
3383 4639 3506 4679 nam
3539 4623 3688 4678 inter

422 4697 530 4773 rlt._
544 4697 726 4773 Itaque
767 4696 997 4773 aliquem
1032 4697 1212 4773 potius
1233 4767 1245 4773 _
1255 4697 1998 4773 _v_ersiculu_m“intermedium

424 4765 676 4836 omisisse
706 4766 889 4836 malim
925 4785 939 4822 :
973 4765 1113 4836 quod
1128 4766 1356 4836 facilius
1382 4765 1621 4822 evenire'
1637 4768 1792 4823 solet.
1830 4765 2003 4822 Porro

424 4851 549 4890 cum
594 4834 768 4890 Julius
804 4834 1005 4907 Qtesar‘
1027 4836 1082 4890 in
1112 4834 1275 4892 Curia
1321 4834 1588 4907 Pompeii,
1625 4838 1716 4891 ubi
1753 4846 2000 4892 senatum

423 4914 698 4976 coegerat,
740 4921 768 4958 a
823 4903 990 4962 Bruto
1032 4915 1156 4976 ante
1196 4907 1434 4974 ejusdem
1460 4903 1724 4976 'Pompeii
1761 4915 2000 4962 statuam

425 4975 591 5030 fuerit
628 4976 916 5046 perﬁdiose
947 4975 1250 5046 confossus,
1289 4975 1741 5033 verisimillimum
1774 4991 1895 5032 esse
1917 4977 1998 5030 vi-

424 5051 603 5111 detur,
628 5043 1012 5100 Theodosium
1060 5045 1218 5114 huius
1262 5047 1339 5100 rei
1380 5048 1713 5112 meminisse,
1759 5048 1898 5102 adeo
1941 5057 2002 5100 ut

423 5117 645 5184 dixerit,
688 5117 831 5186 quod
881 5117 1077 5186 Brutus
1107 5115 1344 5186 Pompeii
1393 5117 1644 5172 manibus
1671 5119 1852 5184 litans,
1883 5117 2001 5186 Cte-

423 5189 563 5258 saris
610 5185 873 5255 sanguine
921 5185 1209 5258 pugionem
1246 5185 1497 5258 tinxerit,
1533 5191 1614 5242 vel
1647 5189 1776 5257 quid
1825 5185 2006 5241 simile

424 5257 566 5340 quod
619 5259 902 5314 commode
943 5256 1016 5316 in'
1044 5256 1366 5312 intermedlo
1400 5256 1681 5314 versiculo,
1703 5258 1874 5327 possit
1912 5271 1999 5328 ap-

426 5343 549 5382 lal'l.

495 5398 607 5470 (74)
640 5397 925 5470 lta_exstat
951 5397 1004 5452 in
1037 5393 1262 5452 codice:
1289 5397 1394 5470 sed
1421 5411 1606 5470 errore
1634 5396 1819 5470 (orsan
1841 5397 2002 5470 libra-

423 5466 514 5521 rii.
539 5466 820 5525 Ceruelius
837 5477 1139 5539 Opportune
1159 5468 1537 5538 corrigendum
1568 5467 1849 5524 adnotavit
1867 5466 1998 5538 κρά-

420 5555 529 5603 τος.

496 5610 609 5730 ᾳδ)
639 5608 749 5667 Cur
780 5607 1001 5666 Dionem
1027 5609 1267 5666 cicadam
1292 5623 1356 5664 ac
1383 5608 1682 5676 sapientem
1709 5608 1878 5694 lyram
1903 5622 1997 5677 ap-

420 5677 504 5798 pel
531 5689 613 5759 ει,
633 5696 742 5736 non
775 5682 912 5734 bene
943 5680 1215 5762 intelligo;
1248 5690 1422 5750 poeta:
1453 5681 1595 5760 enim
1630 5691 1808 5760 potius
1836 5692 1997 5762 quam

446 5755 685 5798 ustortco
728 5749 811 5798 htn
857 5750 1242 5798 appellationes
1282 5757 1692 5798 conivemssent.
1741 5749 1844 5798 nisi
1873 5762 1997 5798 aliis

446 5748 685 5822 tistorico
714 5749 811 5822 lite
857 5748 1692 5822 appellationesconvenissent,
1741 5749 1844 5822 nisi
1873 5749 1997 5816 quis

425 5813 577 5866 malit
625 5830 654 5867 a
714 5813 1018 5886 Theodosio
1079 5820 1300 5874 Dionem
1362 5822 1434 5874 ita
1495 5834 1619 5874 esse
1670 5813 1995 5886 appellatum

428 5891 648 6013 εἷριιᾶἓῖ
682 5883 801 5950 ejus
841 5886 1171 5957 singularem
1223 5887 1532 5946 facundiam
1582 5883 1996 5960 elegantemque

1709 5608 1878 5694 ΨΨ
1894 5622 1999 5694 ξι»

2107 4693 2310 4766 plures,
2335 4711 2471 4764 quas
2503 4693 2628 4766 huic
2657 4698 2772 4749 voci
2801 4693 2978 4766 Graeci
2999 4693 3683 4766 esplicationesitribuere,

2107 4761 2171 4820 ea
2193 4761 2554 4835 potissmium,
2583 4765 2708 4819 licet
2734 4767 2908 4821 minus
2931 4761 3112 4830 obvia,
3143 4761 3433 4819 Theodosii
3461 4779 3684 4820 sensum

2107 4837 2382 4893 exprimit.

2179 4853 2552 4978 ῗξὲῗῗίιιαξοοε
2576 4913 2764 4978 contra
2777 4903 3065 4978 _B_arbaros
3096 4903 3150 4978 in
3185 4901 3342 4958 Creta
3383 4902 3685 4978 militantes

2107 4973 2328 5047 {rigore
2356 4975 2491 5030 adeo
2531 4975 2697 5047 fuisse
2735 4973 2980 5047 afﬂictos,
3019 4983 3079 5047 ut
3117 4977 3334 5047 domum
3365 4973 3562 5047 reverti
3589 4991 3686 5028 co-

2145 5044 2420 5110 itiverint,
2467 5056 2580 5100 tum
2629 5045 2848 5100 Simeon
2899 5044 3156 5112 Magister
3197 5055 3251 5099 et
3291 5044 3589 5114 Legothe_ta
3625 5047 3680 5098 in

2158 5131 2267 5171 om.
2294 5115 2419 5171 Jun.
2451 5131 2601 5168 num.
2630 5116 2716 5180 ll,
2756 5130 2806 5183 p.
2839 5115 2962 5172 498.
2990 5111 3108 5168 tum
3138 5111 3482 5169 centinuator
3507 5111 3682 5168 Theo-

2107 5187 2304 5255 phariis
2330 5187 2382 5240 in
2413 5185 2569 5240 Rom.
2591 5183 2719 5240 Jun.
2752 5201 2899 5239 num.
2936 5185 3023 5248 12,
3053 5189 3173 5253 pag.
3210 5183 3334 5240 299.
3371 5183 3676 5253 scripsere:

2108 5267 2268 5325 atque
2294 5257 2337 5310 is
2359 5255 2573 5325 quidem
2596 5255 2880 5324 Nic-ephori
2905 5271 3119 5322 quoque
3139 5255 3541 5325 allocutionem,
3571 5269 3677 5322 qua

2109 5324 2306 5382 milites
2327 5324 2580 5388 detinuit,
2611 5340 2640 5378 a
2671 5325 2923 5380 Simeone
2955 5327 3328 5378 tantummodo
3357 5324 3679 5388 indicatam,

2108 5397 2370 5466 integram
2414 5398 2623 5466 recitat.
2672 5393 3238 5466 Verttttr'l‘lleodositts
3293 5391 3677 5466 hocAmilitut‘n

2107 5462 2390 5521 consilium
2431 5475 2488 5520 et
2518 5463 2805 5533 Nicephori
2850 5462 3230 5519 allocutionem
3277 5463 3500 5520 Omnino
3545 5462 3678 5533 reti-

2105 5537 2236 5603 cuit,
2267 5552 2375 5607 qua
2409 5537 2462 5590 in
2505 5550 2564 5607 re
2591 5532 2712 5589 cum
2757 5533 2937 5590 Leone
2976 5537 3201 5607 diacono
3236 5535 3535 5607 consentit,
3558 5532 3676 5607 qui,

2107 5601 2368 5673 quantum
2400 5622 2470 5660 ex
2496 5606 2615 5674 ejus
2647 5607 2918 5674 exrcerptis
2956 5605 3133 5672 colligi
3174 5615 3348 5673 potest
3398 5605 3537 5672 apud
3574 5601 3676 5654 Pa-

2107 5679 2253 5746 gium
2295 5678 2423 5730 ibid.
2463 5673 2581 5746 pag.
2621 5673 2743 5740 875,
2789 5674 2837 5727 id
2871 5675 3042 5743 ipsum
3078 5689 3506 5730 eammemornre
3540 5685 3678 5741 pne-

2108 5748 2312 5801 termisi
2322 5755 2358 5799 ι.

2199 5817 2289 5883 79)
2323 5813 2454 5869 Vide
2470 5829 2590 5883 quae
2608 5814 2856 5882 superius
2885 5815 3194 5869 notavimus
3212 5813 3340 5869 Acr.
3368 5813 3434 5877 ll,
3470 5830 3519 5868 v.
3551 5813 3673 5870 111.

2201 5883 2289 5953 80)
2345 5883 2421 5937 lta
2463 5884 2598 5938 bene
2646 5884 2840 5949 codex,
2888 5902 2992 5941 non
3047 5883 3389 5950 ὲξελθέντες,
3437 5895 3496 5939 ut
3543 5884 3679 5954 legit

2107 5954 2409 6024 Cornelius,
2445 5955 2534 6024 qui
2569 5955 2690 6012 ideo
2730 5971 2942 6014 versum
2983 5955 3378 6014 claudicantcm
3407 5955 3577 6014 edidit
