4096 6444
445 400 584 467 1047
1664 407 1763 466 ΤΗ
1773 405 2062 467 EODOSIl

2121 407 2431 468 DIACONI
3551 407 3693 472 1048

462 521 532 575 55
566 521 636 574 Σὺ
666 519 722 574 δὲ
760 518 1064 590 πρόθυμον,
1096 521 1172 584 ὡς
1233 523 1315 576 ἐνὶ
1353 521 1466 594 (90)
1502 508 1655 588 πᾶσι,
1701 523 1846 576 δίδου
1873 541 1885 552 ·
2022 527 2072 584 Α
2242 525 2468 588 Τούτοις
2501 511 2819 593 στρατηγδξ
2847 517 2915 594 ἦν
2947 521 3086 594 ἀνὴρ
3124 520 3234 576 ὁτὸ
3269 519 3425 589 ξίφος

567 611 638 663 Σὺ
665 611 776 681 γάρ
805 610 990 682 πατὴρ
1013 611 1108 665 καὶ
1137 611 1345 682 πύργος
1371 614 1527 683 ἡμῶν
1559 616 1614 665 ὲν
1657 615 1910 684 μάχαις.»
2145 619 2213 676 80
2253 618 2442 673 [Iollam
2477 617 2620 687 ὑπὲρ
2652 615 2769 681 σοῦ,
2814 616 2909 668 καὶ
2941 614 3247 686 προτείνων
3271 616 3349 676 είς
3389 611 3592 681 μάχην,

568 701 797 764 Τούτοις
827 702 887 754 τὸ
923 701 1126 771 κοῦφον
1156 705 1514 775 ὲμπτερωθὲν
1553 706 1807 775 ἁπτὲρως
2249 708 2358 760 Καὶ
2394 707 2469 778 μὴ
2492 703 2748 767 δεδοικὼς
2769 705 2870 774 τὴν
2899 703 3073 775 τομὴν
3109 703 3222 756 τῶν
3251 701 3550 771 φασγάνων
3569 717 3583 730 ·

567 794 818 865 Ὣρμησε
851 794 1020 865 φῦλον
1061 795 1388 865 προσϐαλεῖν
1427 813 1519 849 σου
1553 798 1630 867 τῷ
1658 798 1830 869 στόλῳ
1854 814 1868 827 ·
2265 800 2323 853 Ὀ
2353 799 2447 852 καὶ
2477 799 2609 868 πρὶν
2640 800 2720 861 εἰς
2760 797 3038 867 ἄπληστον
3063 794 3324 866 ἐμπεσὼν
3374 794 3533 860 γένος

571 888 711 950 Aab;
753 887 1008 956 πονηρὸς,
1056 887 1349 960 δυσμενὴς,
1391 891 1746 961 αἱμορῤόφος,
2246 892 2453 962 Θάρσει
2487 891 2749 961 μεγίστῳ,
2777 890 2874 944 καὶ
2904 889 3188 960 προθυμία
3217 888 3365 958 ξένῃ,

462 982 530 1034 60
568 981 737 1034 «rem
768 982 1003 1052 πονηρὸν
1042 983 1270 1052 Ίσμαὴλ
1309 982 1422 1054 (9!)
1451 984 1839 1056 δουλοσπόρου.
2245 984 2356 1037 Καὶ
2385 982 2506 1044 δοὺς
2538 981 2729 1034 ἑαυτὸν
2760 983 2840 1043 εἰς
2877 979 3092 1050 σφαγὴν
3123 978 3468 1046 μονωτάτως.

569 1070 803 1124 Τοιαῦτα
837 1071 938 1140 μὲν
977 1073 1308 1142 πράττοντες
1331 1070 1472 1146 ἦσαν
1512 1079 1568 1129 ὲν
1591 1077 1724 1148 ζάλῃ
2143 1073 2213 1130 85
2253 1074 2363 1127 Καὶ
2394 1076 2520 1136 τοὺς
2556 1073 2828 1136 άνίππους
2864 1069 3209 1142 συνταράξας
3237 1069 3546 1138 βαρϐάρους
3571 1080 3587 1094 ’

570 1162 700 1224 Βίας
730 1162 1000 1234 τοσαύτης
1032 1165 1269 1234 Κρῆτες,
1312 1168 1360 1218 οἱ
1403 1169 1761 1236 πεφευγότες,
2254 1169 2372 1231 Ὃς,
2401 1165 2528 1236 φεῦ,
2564 1165 2863 1236 κρατηθεὶς
2915 1168 2980 1236 τῇ
3015 1167 3190 1234 τροπῇ
3224 1160 3578 1222 Μακεδόνων,

567 1257 632 1308 Oi
662 1257 926 1321 πολλάκις
959 1259 1057 1328 μὲν
1082 1261 1476 1332 εἰσδραμόντες
1499 1267 1578 1328 εἰς
1617 1267 1822 1335 μάχην,
2251 1261 2362 1314 Καὶ
2399 1259 2537 1324 πρὸς
2579 1259 2738 1324 ξένην
2765 1257 2872 1328 γῆν
2891 1258 3115 1327 δέσμιος
3142 1253 3474 1323 κατεσχέθη.

566 1349 680 1402 καὶ
703 1349 814 1420 (92)
851 1350 1110 1414 πολλάκις
1133 1353 1434 1422 πληγέντες
1465 1357 1530 1408 ὲκ
1560 1356 1652 1409 τοῦ
1678 1357 1771 1410 σοῦ
1793 1358 2002 1412 στόλου.
2251 1351 2362 1405 Καὶ
2395 1352 2522 1414 τοὺς
2557 1350 2864 1420 ρυποῦντας
2890 1345 3002 1420 εἶχε
3029 1348 3261 1418 πικροὺς
3287 1347 3578 1408 δεσπότας.

459 1440 528 1496 65
564 1442 627 1492 Τί
674 1443 764 1496 δαὶ
789 1443 850 1496 τὸ
879 1443 969 1497 σὺν
995 1447 1345 1516 στράτευμα;
1377 1450 1488 1512 τοῖς
1523 1449 1828 1516 Θαλάττῐοις
2254 1435 2422 1506 Οὗτος
2464 1442 2680 1503 σταλεὶς
2716 1440 2927 1496 ἐκεῖθεν
2972 1440 3052 1499 εἰς
3089 1438 3307 1507 πρῶτον
3336 1437 3516 1507 λόχον.

567 1532 632 1588 Οἱ
663 1531 764 1602 μὲν
795 1532 986 1599 τόποις
1022 1534 1255 1598 ἔκειντο,
1289 1539 1384 1590 καὶ
1413 1539 1521 1609 γάρ
1549 1535 1616 1610 ἦν
1644 1540 1810 1610 κρύος
2153 1535 2223 1592 90
2265 1536 2471 1606 Ἔρωτι
2500 1534 2747 1605 πληγῶν,
2778 1534 3006 1604 καρδίας
3037 1531 3353 1600 ύπερζέσει,

568 1625 754 1696 Βορῤἄ
781 1627 1039 1691 πνέοντος
1064 1630 1336 1692 εἰσϐολαῖς
1360 1631 1752 1704 δυσπρακτίοις
1779 1651 1791 1664 ·
2249 1627 2432 1681 Μέσον
2453 1625 2513 1679 τὸ
2544 1626 2722 1679 κοινὸν
2746 1620 2871 1694 εὗρε
2903 1623 3194 1695 βαρϐάρων
3227 1622 3400 1685 τέλος,

567 1718 632 1769 Οἱ
661 1717 717 1769 δὲ
756 1718 1093 1788 κρατοῦντες
1117 1720 1228 1774 τῶν
1257 1722 1441 1775 πυλῶν
1471 1723 1571 1787 τὰς
1601 1724 1816 1788 ἐξόδους
2267 1717 2354 1779 Ὠς
2382 1716 2555 1787 φύλλα
2590 1717 2753 1787 ῥίψας
2779 1717 2887 1770 τῶν
2925 1715 3104 1786 μελῶν
3157 1716 3256 1786 τὴν
3299 1713 3534 1784 τετράδα
3559 1712 3701 1782 (96).

569 1810 709 1872 Τοὺς
733 1809 884 1865 ἔνδον
917 1811 1030 1883 (9'5)
1059 1813 1388 1884 ἐξέπληττον
1422 1815 1481 1869 ἐν
1511 1817 1876 1886 παραστάσει.
2039 1881 2071 1886 _
2265 1812 2354 1874 Ὧς
2387 1813 2494 1882 γὰρ
2526 1813 2789 1880 μέγιστος
2819 1812 2913 1865 καὶ
2936 1809 3272 1880 πολύχρονος
3303 1808 3471 1868 λύκος

465 1899 534 1953 70
571 1899 776 1952 Μαθὼν
807 1901 866 1954 δὲ
899 1881 1290 1971 τὴν-φάλαγγα
1314 1903 1426 1956 τῶν
1459 1881 1722 1960 ἐναντίων
2038 1881 2082 1937 Β
2262 1881 2571 1974 Ἐμπειρος
2597 1902 2673 1956 ὢν
2703 1903 2884 1975 ἅρπαξ
2905 1920 2963 1955 τε
3004 1903 3099 1955 καὶ
3128 1898 3536 1969 ποιμνηλάτης.

569 1989 784 2054 Κοίλοις
811 1990 1000 2054 τόποις
1027 1991 1342 2062 βαίνουσαν,
1365 1994 1441 2058 ὡς
1473 1994 1530 2048 δὲ
1557 1996 1746 2067 θηρίον
2150 1999 2220 2055 95
2261 1996 2494 2059 Πεινῶν,
2532 1995 2723 2049 ἑαυτὸν
2751 1997 2818 2065 τῇ
2854 1997 2989 2064 μονῇ
3027 1993 3137 2046 τῶν
3169 1991 3440 2062 ποιμνίων

567 2081 757 2152 Θυμοῦ
787 2084 1079 2152 πνέουσαν,
1101 2085 1239 2139 ἀλλὰ
1267 2091 1360 2140 καὶ
1402 2087 1768 2160 δειλανδρίας,
2255 2089 2461 2160 θάρσει
2500 2089 2840 2158 προπέμπει,
2873 2088 2965 2140 καὶ
3007 2084 3331 2149 καταξαίνει
3362 2084 3555 2147 κύνας,

573 2173 795 2244 Ἀρκων
822 2175 1128 2246 στρατηγὸς
1153 2177 1214 2230 ὲν
1248 2177 1396 2250 μάχῃ
1429 2178 1766 2250 Νικηφόρος,
2257 2181 2404 2243 ’Ἕως
2439 2180 2715 2251 κρατηθῇ,
2749 2179 2844 2232 καὶ
2869 2179 3055 2248 σφαγῇ
3089 2178 3201 2237 τοῖς
3249 2174 3498 2244 ἀνδράσι,

574 2265 842 2318 ’Δπιστον
863 2263 978 2336 εἶχε
1000 2265 1160 2320 τοῦτο
1181 2283 1196 2301 ·
1231 2268 1326 2322 καὶ
1352 2271 1670 2340 παραυτίκα
2257 2276 2319 2329 Οἳ
2352 2274 2612 2337 πολλάκις
2634 2272 2870 2345 ἕϐρυξαν
2905 2274 2984 2336 είς
3018 2272 3180 2326 αὐτὸν
3207 2270 3379 2341 μέγα.

459 2357 527 2411 75
559 2355 758 2409 Τάττει
805 2356 867 2409 τὸ
890 2357 1082 2428 τάγμα
1101 2358 1210 2413 τῶν
1235 2359 1557 2432 Θρᾳκηδίων
1595 2360 1710 2432 (94)
1747 2360 1869 2414 ὅλον
2255 2363 2443 2429 Οὕτως
2474 2365 2684 2425 ἐκεῖνος
2718 2361 2981 2433 ἐμπεσὼν
3015 2359 3402 2432 στρατηγέτης

567 2449 778 2504 Μαθεῖν
807 2450 869 2503 τὸ
895 2453 1163 2522 πρᾶγμα·
1197 2454 1293 2508 καὶ
1325 2455 1434 2523 γὰρ
1473 2449 1542 2526 ἧν
1568 2453 1731 2508 τοῦτο
1763 2453 1914 2520 ξένον
2115 2459 2218 2515 100
2265 2458 2483 2528 Ῥώμης
2512 2455 2799 2529 κραταιὸς,
2832 2457 2928 2510 καὶ
2971 2454 3236 2524 μονωθεὶς
3272 2457 3352 2516 εἰς
3379 2453 3568 2522 μέσον,

579 2543 668 2594 Ἐν
701 2543 766 2614 τῇ
799 2542 1037 2616 τοσαύτῃ
1069 2547 1324 2617 συμφορᾷ
1350 2545 1572 2600 πλέκειν
1601 2546 1784 2612 δόλους
2259 2549 2503 2614 Ἔδειξεν
2533 2548 2676 2611 οἴους
2709 2547 2907 2618 ἄνδρας
2932 2549 2966 2618 ἡ
3010 2547 3195 2619 Ῥώμη
3235 2547 3452 2616 τρέφει.

566 2633 709 2698 Τοὺς
739 2635 1078 2701 ὲκκοπέντας
1135 2636 1369 2702 ἑπτάκις
1399 2637 1514 2711 (95)
1547 2638 1628 2710 τῷ
1672 2625 1752 2711 σῷ
1809 2639 2003 2712 στόλῳ.
2255 2639 2477 2696 Πολλῶν
2507 2637 2616 2711 γὰρ
2645 2639 2828 2693 αὐτῶν
2856 2637 3139 2692 κύκλωθεν
3171 2637 3599 2710 πεφραγμένων,

425 2805 644 2862 semper
677 2790 841 2860 soles,
887 2799 1045 2862 pater
1076 2792 1221 2848 enim
1268 2801 1322 2849 et
1374 2796 1833 2866 propugnaculum
1878 2810 2008 2850 nos-
2119 2809 2233 2859 eos,
2265 2795 2356 2864 qui
2381 2793 2448 2848 ab
2468 2793 2708 2848 exercitu
2740 2802 2832 2847 tuo
2859 2791 2982 2847 caesi
3015 2801 3170 2847 erant
3201 2793 3425 2862 septies.
3455 2791 3553 2847 Vix
3580 2803 3709 2848 erat

425 2892 574 2940 trum
619 2897 682 2940 es
713 2883 768 2939 in
797 2883 1021 2954 praliis.
1062 2884 1145 2940 Ita
1188 2884 1257 2940 ad
1312 2901 1465 2958 spem
1516 2898 1702 2943 erecta
1756 2889 1873 2943 sine
1915 2903 2011 2958 spe
2116 2887 2226 2943 illis
2257 2888 2387 2953 dux,
2417 2885 2508 2957 qui
2550 2885 2788 2956 gladium
2833 2885 3066 2941 libenter
3092 2900 3188 2954 pro
3219 2896 3269 2939 te
3303 2884 3606 2954 stringebat
3647 2887 3706 2940 iu

428 2975 626 3045 ignava
664 2973 754 3030 illa
787 2974 1064 3046 generatio
1093 2977 1273 3049 erupit
1303 2992 1664 3048 congressura
1701 2995 1826 3036 cum
1850 2995 2010 3036 excr-
2117 2980 2322 3050 prtelio,
2369 2993 2544 3049 neque
2587 2977 2976 3034 reformidabat
3024 2978 3171 3032 acies
3207 2979 3418 3034 ensium
3455 2997 3469 3032 :
3513 2979 3602 3048 qui
3651 2988 3708 3034 et

429 3066 546 3122 citi
573 3075 689 3134 tuo,
724 3066 956 3138 populus
981 3066 1223 3138 iniquus,
1256 3069 1504 3137 infestus,
1529 3071 1754 3143 cupiens
1793 3073 2010 3142 sangui-
2117 3081 2273 3127 antea
2306 3087 2474 3142 genus
2513 3069 2826 3140 incxplibile
2859 3070 3134 3127 invaserat
3180 3069 3405 3124 audacia
3445 3071 3704 3134 maxima,

429 3171 582 3223 nem,
629 3171 800 3228 genus
831 3158 1160 3229 improbum,
1202 3159 1452 3219 lsmaelis
1505 3163 1611 3218 orti
1662 3177 1727 3217 ex
1785 3163 2007 3218 famula.
2041 3205 2084 3262 ο
2121 3173 2175 3217 et
2203 3164 2487 3218 alacritate
2525 3163 2687 3227 mira,
2729 3162 3060 3229 dederatque
3093 3175 3152 3217 se
3189 3159 3367 3232 ipsum
3415 3161 3468 3214 in
3497 3160 3704 3216 caedem

431 3248 585 3305 Talia
619 3251 833 3321 quidem
854 3252 1082 3321 agebant
1115 3253 1164 3307 in
1188 3254 1420 3322 procella
1452 3265 1614 3310 tantm
1674 3256 2014 3312 necessitatis
2044 3248 2084 3262 “
2126 3257 2308 3319 unice,
2343 3256 2732 3324 imperitosque
2761 3253 3036 3322 equitandi
3064 3252 3382 3309 confuderat
3419 3251 3704 3314 barbaros,

428 3340 720 3397 Cretenses
756 3341 986 3412 dispersi
1035 3343 1087 3397 in
1121 3343 1324 3414 fugam,
1356 3346 1446 3416 qui
1482 3360 1626 3416 serpe
1658 3354 2010 3402 excurrentes
2119 3350 2232 3422 qui,
2265 3349 2402 3404 heu!
2432 3355 2624 3417 captus
2658 3348 2836 3402 fuerat
2861 3346 2931 3402 ob
2963 3346 3145 3416 fugam
3173 3344 3548 3409 Macedonum,
3581 3343 3708 3398 vin-

429 3433 486 3487 in
519 3433 761 3503 praelium
793 3448 938 3504 stepe
978 3437 1218 3503 percussi
1257 3446 1384 3492 sunt
1413 3452 1442 3491 a
1484 3439 1591 3493 tuis
1619 3438 1900 3494 militibus.
1933 3439 2004 3492 At
2117 3451 2348 3511 ctusque
2378 3439 2572 3495 ductus
2601 3439 2654 3494 in
2697 3447 2900 3494 terram
2948 3447 3287 3501 extraneam,
3320 3435 3574 3490 sordidos
3607 3435 3710 3489 ha-

431 3526 563 3594 quid
603 3526 872 3582 exercitus
903 3535 1029 3584 tuus
1055 3529 1550 3600 agebat?Littoreis
1584 3530 1672 3586 alii
1695 3531 1912 3600 quidem
1941 3515 2012 3586 in.
2110 3534 2306 3590 buerat
2330 3541 2386 3586 et
2415 3531 2630 3608 iniquos
2657 3530 2929 3586 dominos.
2973 3528 3074 3584 Hic
3103 3529 3228 3584 inde
3259 3530 3458 3584 missus
3493 3527 3563 3582 ad
3591 3528 3710 3596 pri-

435 3619 574 3674 locis
623 3619 877 3690 iacebant
904 3663 920 3689 ,
979 3637 1106 3677 nam
1168 3623 1340 3694 frigus
1382 3634 1502 3679 erat
1553 3625 1722 3680 Borea
1772 3624 2016 3694 spirante
2117 3640 2236 3682 mas
2267 3624 2487 3680 insidias
2507 3623 2731 3678 vulnera
2758 3623 2985 3693 cupiens
3009 3621 3215 3677 ardenti
3251 3631 3466 3691 pectore
3495 3621 3706 3676 Barba-

429 3711 743 3767 vehementi
771 3713 970 3782 impetu
1000 3732 1015 3769 :
1049 3714 1140 3769 alii
1186 3725 1365 3771 autem
1399 3717 1775 3772 custodientes
1828 3725 2016 3786 porta-
2118 3729 2304 3772 rerum
2357 3715 2414 3771 in
2452 3715 2632 3770 medio
2683 3729 3028 3770 communem
3079 3713 3289 3768 invenit
3336 3713 3526 3778 linem,
3577 3713 3708 3766 dum

429 3817 554 3859 rum
597 3805 776 3860 exitus
821 3807 1052 3862 astando
1087 3808 1364 3863 terrebant
1395 3823 1508 3874 eos,
1541 3810 1633 3879 qui
1667 3809 1811 3863 intus
1839 3818 2015 3864 erant.
2121 3815 2354 3877 quatuor
2398 3804 2642 3860 membra
2688 3804 2973 3875 projicere,
3018 3811 3274 3874 tanquam
3330 3802 3476 3858 folia.
3512 3801 3710 3870 Quem-

429 3893 552 3950 Jam
584 3905 715 3951 vero
743 3895 969 3952 edoctus
1004 3911 1197 3969 agmen
1223 3897 1462 3954 hostium
1481 3889 1587 3968 'per
1619 3897 1896 3953 anfractus
1935 3901 2021 3954 in-
2126 3897 2414 3953 admodum
2489 3898 2634 3953 enim
2697 3897 2890 3968 ingens
2937 3903 2990 3951 et
3050 3910 3218 3951 senex
3269 3894 3426 3964 lupus
3489 3895 3700 3964 peritus

431 3986 651 4050 cedere,
686 3999 751 4041 ac
795 3987 1032 4042 ferarum
1083 3990 1254 4042 instar
1299 3990 1433 4043 iram
1478 3991 1686 4059 spirare
1731 3989 1915 4056 simul,
1960 3999 2014 4046 et
2123 3997 2330 4058 raptor,
2361 3995 2418 4042 et
2467 3995 2706 4042 vastator
2743 4000 3002 4056 gregum,
3042 3985 3314 4054 esuriens,
3345 3999 3404 4040 se
3437 3985 3612 4055 ipsum
3649 3985 3701 4038 in

435 4075 804 4142 formidinem,
844 4093 1134 4148 supremus
1173 4079 1276 4133 dux
1319 4096 1510 4149 pugnae
1555 4079 1890 4148 Nicephorius
1922 4081 2012 4136 vix
2128 4079 2420 4136 stationem
2453 4077 2642 4134 ovium
2672 4077 2931 4132 audacter
2973 4075 3291 4141 introducit,
3326 4085 3381 4130 et
3419 4075 3694 4130 laniatca-

433 4168 564 4221 illud
593 4169 767 4238 potuit
794 4170 1014 4224 credere
1047 4188 1060 4224 :
1085 4169 1181 4226 sed
1207 4173 1386 4225 statim
1424 4186 1488 4226 ex
1516 4171 1817 4226 Thracibus
1855 4171 2012 4242 juve-
2127 4187 2246 4236 nes,
2274 4169 2449 4226 donec
2481 4178 2675 4239 captus
2707 4167 2801 4235 sit,
2831 4170 3118 4236 casusque
3148 4168 3216 4222 ab
3247 4167 3578 4231 hominibus,
3609 4166 3697 4235 qui

442 4260 606 4317 nibus
633 4267 804 4316 totum
849 4277 1037 4334 agmen
1085 4264 1324 4328 instruit,
1363 4274 1422 4320 ut
1460 4279 1572 4318 rem
1643 4263 1927 4332 inquirat:
1959 4274 2015 4321 et
2124 4277 2266 4330 smne
2297 4263 2624 4318 infremuere
2654 4262 2706 4315 in
2734 4261 2908 4329 ipsum
2937 4259 3175 4313 maxime
3207 4275 3222 4313 :
3259 4259 3333 4312 ita
3363 4258 3472 4314 dux
3500 4257 3592 4313 ille
3630 4258 3704 4311 ir-

441 4353 588 4410 euim
622 4366 742 4424 erat
787 4372 986 4412 novum
1022 4356 1077 4413 in
1109 4357 1274 4412 tantis
1306 4355 1574 4428 angustiis
1605 4355 1757 4412 dolos
1797 4366 2016 4412 nectere
2127 4369 2290 4410 ruens
2319 4352 2508 4408 Romae
2537 4350 2713 4418 fortis,
2745 4349 3000 4420 solusque
3041 4349 3098 4404 in
3140 4350 3320 4407 medio
3356 4350 3593 4405 hostium
3621 4365 3709 4402 os-

1707 4468 1943 4524 VARIIE
1978 4463 2386 4524 LECTIONES.

510 4582 598 4638 55.
622 4583 680 4635 ὲν
733 4586 868 4638 πᾶσι
901 4585 962 4639 C.
994 4586 1073 4639 ὲνὶ
1123 4587 1175 4640 ἱη
1229 4587 1353 4640 cod.
1397 4602 1518 4642 esse
1576 4587 1745 4642 videri
1796 4587 1871 4641 ait
1923 4585 1983 4640 F.
2051 4585 2170 4641 Scr.
2228 4572 2413 4645 πᾶσιν,
2441 4585 2543 4635 aut
2572 4580 2714 4648 quod
2772 4581 3020 4650 proxima
3051 4590 3265 4636 tantum
3290 4595 3401 4635 non
3421 4579 3706 4650 postulant

437 4652 766 4724 ὲνὶπαισίν.
844 4653 932 4708 οι.
988 4657 1082 4708 καὶ
1149 4673 1259 4711 om.
1293 4657 1358 4711 C.
1418 4659 1645 4712 evanida
1694 4657 1869 4711 voxin
1926 4656 2046 4711 cod.
2109 4664 2249 4710 teste
2313 4653 2372 4708 [δ’.
2450 4653 2541 4706 67.
2572 4651 3150 4724 Βορρᾷᾼνιιίςηιῖοτι.
3197 4652 3382 4723 Βορῤᾶ
3422 4650 3703 4724 *πνέοντρς

437 4721 1106 4848 ῗῧδοέἓξὶἰοσῗρκτίοις.
1124 4727 1498 4838 compositum
1529 4727 1895 4799 προσάρκτιος
1911 4739 2097 4798 cstap.
2121 4726 2358 4782 Manass.
2402 4725 2606 4780 Chron.
2633 4719 2699 4792 βξ
2725 4719 2812 4776 72.
2845 4719 2928 4778 1'5.
2960 4719 3376 4795 ὑπάρκτιοςέἰλ
3419 4719 3702 4778 Plutarch.

1981 4903 2212 4962 ΝΟΤΔΞ.

511 4993 627 5064 (90)
662 4994 814 5050 Hanc
839 5010 960 5052 esse
1001 4997 1204 5052 codicis
1230 4997 1514 5055 lectionem
1540 4997 1773 5053 videtur.
1801 4995 2007 5052 Corne-
2042 5001 2089 5056 D
2118 5007 2332 5053 tuantes
2359 4999 2554 5054 milites
2583 5013 2690 5054 non
2715 4999 2790 5063 vi,
2819 4999 2912 5052 sed
2943 4997 3122 5053 verbis
3143 5005 3197 5053 et
3226 4996 3701 5052 adhortationibus

435 5065 564 5128 lius,
585 5065 728 5130 legit
757 5067 838 5130 ὲν,
879 5081 1205 5130 versumque
1240 5069 1360 5125 ideo
1393 5068 1785 5123 claudicantem
1817 5068 2008 5124 edidit.
2121 5069 2439 5123 detinuerit.

516 5082 564 5128 ε,
602 5082 648 5119 te
689 5082 728 5120 ιι
757 5082 838 5130 εν,
879 5082 1093 5121 versum
1139 5083 1205 5123 ue
1240 5082 1360 5125 ideo
1393 5082 1785 5123 claudicantetn
1817 5082 2008 5124 eututt.
2121 5082 2439 5123 detinuerat.

511 5124 626 5208 (9i)
652 5082 788 5208 {fide
813 5151 978 5205 supra
1012 5136 1080 5191 ad
1100 5082 1234 5192 ίλον.
1259 5153 1321 5201 ll,
1354 5154 1409 5191 v.
1443 5137 1571 5194 261.
1971 5206 1978 5208 _
2195 5137 2310 5208 (94)
2354 5138 2598 5194 Thraces
2625 5137 2788 5208 etiam
2822 5137 2925 5191 sub
2959 5135 3344 5208 Nicephorojn
3377 5137 3480 5208 hac
3523 5150 3704 5208 espe—

512 5205 624 5276 (εδει)
653 5205 846 5261 Omisit
891 5208 1031 5262 hanc
1061 5208 1382 5275 particulam
1412 5208 1718 5272 Cornelius,
1747 5221 1868 5276 quae
1893 5206 2016 5277 qui-
2126 5205 2327 5277 ditione
2376 5208 2642 5277 militasse
2669 5207 2846 5277 refert
2890 5207 3234 5260 continuator
3255 5205 3605 5274 Theophanis
3649 5206 3702 5260 in

437 5277 644 5348 ilo-min
690 5277 876 5332 codice
925 5279 1169 5348 adeerst
1215 5279 1465 5347 evanida,
1512 5287 1573 5334 ut
1609 5278 1695 5332 vel
1739 5275 2020 5348 diligenter
2125 5275 2708 5348 Rom.lun.num.i6,
2737 5291 2860 5348 pag.
2887 5277 3013 5329 500.

434 5343 818 5419 inspicientem
849 5347 1013 5419 facile
1033 5345 1274 5419 effugiat.
1374 5417 1388 5419 _
1449 5343 1486 5419 '_
1545 5416 1557 5419 _
1581 5417 1612 5419 υ
1774 5416 1790 5419 _
1836 5343 1858 5348 ⁷
2033 5387 2036 5391 λ
2198 5347 2315 5419 (95)
2346 5348 2426 5419 Eu
2453 5348 2540 5402 ubi
2555 5343 2904 5419 Theudosius
2929 5345 3212 5419 perspicue
3250 5344 3700 5419 narrattbjarace-

513 5415 627 5498 (93)
653 5415 961 5498 .Cretenses
1002 5413 1390 5498 intelligenqui
1439 5416 1724 5498 obsidigtte
1766 5416 2018 5498 fameque
2128 5413 2225 5498 nos
2253 5413 2452 5498 septies
2472 5433 2516 5498 ,ιι
2541 5416 2748 5471 Gracis
2780 5413 3284 5498 fuisse‘prclligatcs
3311 5431 3326 5468 :
3356 5414 3502 5498 qugd
3534 5427 3706 5498 supe-

436 5483 620 5538 aftlicti
652 5485 708 5539 in
741 5489 874 5541 urbe
894 5497 1065 5556 erant
1093 5483 1589 5556 inclusi,’quosque
1609 5486 1781 5541 Graeci
1819 5483 2015 5541 milites
2121 5487 2240 5541 rius
2270 5483 2553 5556 obscurius
2578 5484 3084 5556 expresserat.Vide
3111 5483 3306 5540 Achll
3327 5483 3473 5548 v.80,
3500 5492 3554 5537 et
3581 5497 3703 5552 qua:

437 5564 567 5625 ante
593 5563 782 5625 portas
826 5555 977 5610 urbis
1017 5563 1283 5622 astantes,
1311 5555 1379 5610 ne
1401 5557 1811 5625 egrederentur,
1834 5557 2015 5624 prohi-
2118 5556 2190 5612 ibi
2217 5555 2613 5612 adnotavimus.

435 5622 762 5696 bebant.‘lta
787 5638 918 5679 sane
945 5626 1129 5696 magis:
1156 5627 1353 5696 placet,
1384 5622 1559 5696 quam
1601 5625 1670 5680 de
1701 5622 1904 5680 Graecis
1941 5627 2013 5696 ob
2126 5694 2138 5696 _
2192 5626 2304 5696 (96)
2337 5627 2598 5681 Occubuit
2637 5641 2848 5696 nempe,
2890 5625 3015 5679 dum
3045 5639 3303 5696 magnam
3341 5623 3700 5679 barbarorum

435 5692 611 5767 frigus
640 5693 862 5767 domum
897 5692 1096 5767 reverti
1137 5692 1508 5767 cogitantibus
1545 5694 1615 5767 id_
1623 5694 2009 5767 interpretari,
2116 5692 2318 5767 faceret
2340 5697 2561 5767 caedem,
2586 5697 2654 5751 ad
2677 5692 2840 5767 quam
2861 5692 3250 5767 designandam
3276 5695 3702 5767 dicitstrenuum

438 5761 585 5824 quod
613 5776 678 5814 ea
709 5763 999 5830 explicatio
1046 5761 1337 5820 obscurum
1383 5765 1544 5820 nimis
1573 5761 1858 5821 Theodosii
1888 5781 2014 5820 sen-
2121 5766 2267 5820 hunc
2297 5765 2519 5820 militem
2547 5761 2808 5821 'menibra
2852 5761 3252 5822 Saracenorum
3301 5764 3538 5819 abscissa
3571 5777 3700 5830 pro-

443 5839 570 5880 sum
604 5829 876 5900 redderet,
921 5847 1008 5919 eo‘
1027 5834 1220 5905 magis,
1249 5835 1390 5907 quod
1437 5834 1775 5905 Nicephorus
1819 5835 2017 5897 tumul-
2119 5836 2316 5906 iecisse
2335 5850 2488 5906 aeque
2516 5851 2578 5894 ac
2598 5837 2644 5892 si
2670 5843 2855 5894 essent
2877 5834 3025 5893 folia.
3049 5834 3292 5902 Quatuor
3321 5843 3500 5892 autem
3529 5829 3697 5894 meum

1773 6099 1796 6148 2
