4096 6412
534 412 676 478 1055

660 525 1025 593 Εὐαγγελίςου
1050 530 1184 583 πᾶσι
1225 527 1322 599 τὴν
1353 528 1641 598 εὐθυμίαν.

547 617 615 670 75
677 617 983 689 Ἐλευθεροῖ
1012 636 1069 673 σε
1100 620 1380 689 συντόμως
1405 622 1432 673 ὁ
1455 620 1740 690 δεσπότης.

659 711 868 780 Χόρευε
899 714 990 782 γῆ,
1020 715 1211 784 χόρευε
1257 713 1548 782 Ῥωμαίων
1589 715 1712 784 ὅση,

674 802 762 866 Ὦς
787 804 1102 874 ηὑτύχησας
1129 806 1207 867 είς
1240 805 1561 876 ἀνακτόρων
1584 807 1780 878 στέφη,

674 892 761 955 Ὠς
789 894 1098 957 ὲπλάτυνας
1124 897 1204 959 είς
1229 896 1297 950 τά
1327 895 1560 968 πατρῷα
1586 897 1762 966 πλάτη
1793 899 1929 968 (20),

671 985 758 1047 Ὠς
781 986 1096 1056 ἐκράτησας
1117 987 1227 1040 τῶν
1253 988 1459 1053 πάλους
1488 990 1901 1060 κρατουμένων.

556 1075 627 1130 80
672 1076 799 1130 Εἴθε
821 1077 1133 1157 προκύψαις
1158 1079 1258 1137 τοῦ,
1281 1081 1477 1150 τάφου,
1519 1082 1921 1148 Κωνσταντῖνε,

660 1168 785 1221 Εἴθε
827 1171 1158 1242 σκοπήσαις,
1182 1171 1254 1234 ὼς
1279 1171 1393 1242 ἔχει
1427 1172 1497 1226 τά
1521 1173 1741 1242 Συρίας.

661 1259 876 1328 Ἐγνως
909 1261 978 1315 ἂν
1001 1263 1138 1328 υίδν,
1168 1263 1243 1327 ὼς
1271 1264 1561 1329 Φίλιππος,
1602 1265 1837 1336 ἱππότην
1863 1263 1973 1334 (il)
2005 1280 2020 1296 ο

660 1357 772 1408 Kal.
803 1356 992 1410 τοῦτον
1023 1353 1196 1422 εἶπες,
1231 1375 1250 1410 t
1283 1351 1330 1412 ὧ
1358 1358 1570 1423 τέκνον,
1619 1358 1776 1430 ζήτει
1808 1359 1922 1430 (22)
1956 1359 2096 1429 κρά-

1889 1449 2024 1520 [τος,

659 1537 777 1590 Οὐκ
837 1539 1070 1609 ἀρκετόν
1135 1557 1220 1594 σοι
1247 1541 1350 1610 γῆς
1387 1542 1518 1610 ὅλης
1548 1540 1643 1594 καὶ
1671 1540 1780 1613 γάρ
1805 1543 2030 1611 κράτος.
2070 1559 2088 1593 ι

554 1626 625 1682 85
656 1630 876 1700 Κρήτης
911 1631 1154 1704 (sane?
1208 1627 1319 1695 οἷος
1365 1634 1476 1686 τῶν
1514 1633 1839 1704 ὀδυρμάτων
1887 1633 2094 1696 στόνος.

661 1712 786 1780 Οἷος
816 1720 1164 1788 σπαραγμδς,
1207 1722 1391 1790 γυμνὰ
1435 1719 1728 1790 Ῥωμαίων
1769 1721 1897 1792 ξίφη

661 1807 830 1861 Ὅταν
861 1810 1105 1864 κατεῖδον
1134 1812 1343 1866 ἔνδοθεν
1377 1815 1786 1885 πυργωμάτων,

665 1899 836 1954 Ὅταν
858 1904 1104 1956 κατεῖδον
1132 1904 1298 1958 τέκνα
1351 1905 1525 1977 μικρά
1551 1906 1664 1977 (24)
1701 1908 1968 1981 μητέρας,

662 1991 774 2054 Τάς
801 1994 898 2062 μὲν
924 1994 1139 2065 βρόχοις
1163 1996 1392 2052 ὄπισθεν
1441 1999 1915 2070 ὲστρεόλωμὲνας,

551 2081 620 2137 90
676 2080 786 2145 Τὰς
811 2086 866 2136 δὲ
897 2086 1032 2155 πρὸς
1055 2081 1197 2157 αἷμα
1231 2091 1326 2142 καὶ
1356 2088 1505 2143 κόνιν
1531 2093 1912 2162 πεφυρμένας,

662 2174 774 2237 Τὰς
804 2173 861 2227 δὲ
901 2177 1180 2248 στοιχηδὸν
1207 2180 1288 2242 εἰς
1317 2179 1534 2251 σφαγὴν
1558 2183 1951 2251 προκειμένας.

674 2265 825 2322 Ἐκεῖ
845 2266 916 2321 τὰ
941 2269 1108 2323 τέκνα
1140 2271 1406 2342 πατέρας,
1443 2274 1538 2325 καὶ
1577 2273 1816 2344 πατέρες

661 2359 864 2425 Παῖδας
893 2361 1332 2432 κατησπάζοντο,
1356 2365 1627 2437 καὶκοινῇ
1654 2365 1808 2437 ξίφος

517 2521 648 2576 lata.
677 2519 936 2579 Jamvero
968 2521 1156 2580 laetare
1203 2523 1585 2580 Africanorum
1633 2524 1843 2592 Sicilia,
1878 2539 2094 2580 annun-

520 2611 593 2666 tia
637 2612 889 2668 omnibus
915 2613 1173 2679 letitiam,
1209 2623 1262 2670 te
1285 2616 1394 2670 cito
1419 2615 1473 2669 in
1508 2615 1815 2670 libertatem
1849 2615 2098 2670 vindica-

521 2704 598 2757 bit
643 2703 892 2774 despota.
946 2704 1190 2770 Exsulta,
1225 2706 1432 2762 exsulta
1483 2716 1651 2773 terra,
1684 2721 1804 2778 quae
1837 2705 2098 2762 Romanis

522 2795 809 2865 subiaces,
848 2799 991 2866 quod
1039 2798 1162 2854 felix
1218 2797 1356 2853 facta
1402 2814 1463 2854 es
1525 2799 1578 2853 in
1625 2814 1823 2854 corona
1871 2814 2096 2871 regum,

521 2889 663 2955 quod
691 2889 930 2943 dilatasti
977 2890 1210 2944 ditioues
1251 2892 1476 2960 patrias,
1527 2892 1670 2960 quod
1704 2892 1968 2960 superasti
2001 2906 2098 2959 po-

521 2991 700 3036 tentes
744 2982 796 3034 in
831 2982 1051 3050 prazliis.
1100 2981 1344 3047 Utinam,
1385 2983 1762 3049 Constantine,
1791 2998 1820 3038 e
1846 2984 2097 3053 sepulcro

522 3088 795 3141 surgeres,
836 3075 1040 3128 utinam
1086 3077 1458 3144 prospiceres,
1505 3075 1776 3143 quomodo
1805 3091 1864 3131 se
1897 3076 2098 3131 habent

522 3179 614 3219 res
648 3164 843 3235 Syriae,
873 3179 1147 3231 nosceres,
1181 3166 1374 3233 tilium,
1408 3175 1464 3220 ut
1497 3165 1800 3236 Philippus,
1833 3165 2096 3236 equitem,

1770 418 2184 480 THEODOSII
2227 420 2502 480 DIACON
2512 422 2538 480 Ι

2346 533 2660 605 Κρουνηδὸν
2691 533 2894 604 ὁρμαῖς
2927 531 3152 605 ἑϐρεχον
3190 531 3297 586 τῶν
3325 533 3592 603 αἱμάτων.

2241 627 2309 681 95
2346 627 2590 696 ’Υπῆρχε
2642 625 2860 696 θρῆνος,
2885 621 2954 696 ἦν
2988 626 3084 696 βοὴ
3112 624 3523 695 προθουμένων.

2337 718 2451 770 Οὐκ
2478 713 2546 787 ἦν
2577 718 2861 788 προφήτης
2891 715 3003 786 (25)
3041 715 3259 787 ἰσχύων,
3288 715 3409 768 οὐδὲ
3441 714 3624 784 σπάθη
3653 730 3669 745 ·

2339 805 2486 876 Αὕτη
2519 807 2630 873 γὰρ
2664 805 2879 876 ἐχθροῖς
2909 805 2983 867 ὡς
3006 804 3140 867 Θεὸς
3167 803 3454 873 τιμωμένη
3491 803 3622 871 (2ο).

2351 899 2502 950 Ἐκεῖ
2529 897 2789 967 γέροντες
2813 897 2894 958 εἰς
2925 895 3104 964 φυγὴν
3133 895 3456 964 ὡρμηκότες

2343 989 2608 1043 Ὀπισθεν
2632 989 2961 1060 ὶπλήττοντο
2991 989 3102 1052 τοῖς
3131 986 3425 1048 ἀκοντίοις.

2201 1081 2304 1136 11³0
2347 1081 2498 1136 Ἐκεῖ
2524 1081 2682 1144 νέους
2712 1079 3014 1149 φεύγοντας
3047 1080 3082 1150 η
3108 1080 3376 1150 χιτωνίων

2344 1173 2626 1238 ’Δξωστος
2661 1173 2742 1237 είς
2771 1171 2984 1225 ὄλισθον
3005 1171 3212 1225 ῑκλωθε
3237 1171 3394 1234 τάσις
3421 1169 3555 1239 (27),

2344 1265 2455 1319 Kal.
2481 1263 2860 1336 συμποδισμδν
2891 1263 3228 1334 ὲμπαρεῖχεν
3248 1260 3416 1326 ἀξίως

2341 1359 2525 1421 Νόμος
2556 1357 2786 1420 παλαιὸς
2828 1355 3093 1425 πατρικὸς
3123 1356 3236 1416 τοῖς
3271 1353 3594 1424 βαρϐάροις.

2342 1449 2463 1502 Τῶν
2493 1448 2588 1502 οὖν
2615 1448 2936 1517 στρατηγῶν
2963 1442 3032 1518 ἦν
3060 1446 3325 1515 ὑπηκόοις
3349 1446 3535 1514 νόμος.

2202 1542 2306 1597 105
2338 1541 2449 1594 Kal.
2505 1539 2664 1594 τοῦτο
2735 1538 2838 1608 τῆς
2909 1537 3008 1608 σῆς
3071 1536 3432 1608 προσταγῆς,
3495 1551 3778 1604 σκηπτρο-

3373 1666 3378 1670 .
3446 1623 3702 1695 [κράτορ,

2340 1721 2434 1792 Μὴ
2458 1721 2594 1790 πρὸς
2623 1720 2887 1788 γυναῖκας
2929 1716 3200 1789 πορνίκῶς
3246 1715 3596 1786 καθυϐρίσαι,

2342 1814 2555 1880 Μήπως
2583 1811 2644 1863 τὸ
2675 1809 2871 1880 σεμνὸν
2905 1811 2986 1873 είς
3017 1807 3390 1870 άδαπτίστους
3431 1806 3604 1877 κόρας

2339 1907 2634 1976 Βάπτισμα
2669 1903 2900 1974 χρανθῇ,
2931 1901 3025 1956 καὶ
3051 1901 3287 1972 μολυνθῇ
3325 1917 3419 1953 σου
3457 1898 3660 1962 στόλος.

2337 1996 2603 2050 Τοσοῦτον
2636 1992 2956 2064 ὲφροντίζες
2978 1993 3228 2057 οἰκετῶν,
3264 1991 3420 2056 ἄναξ,

2199 2090 2300 2145 ΗΟ
2355 2088 2444 2150 Ὦς
2481 2087 2641 2158 μέχρι
2674 2084 3255 2156 λεπτῶν-προφθάνειν
3279 2101 3371 2136 σου
3406 2083 3533 2145 τοὺς
3557 2081 3774 2150 λόγους,

2339 2181 2448 2235 Kal.
2484 2180 2644 2249 μέχρι
2675 2177 2882 2232 τούτων
2931 2175 3422 2231 συνταπεινοῦσθαι
3454 2175 3648 2244 φίλοις.

2339 2272 2449 2326 Kal
2475 2272 2581 2342 γὰρ
2624 2269 2776 2340 φίλος
2801 2287 2885 2323 σοι
2920 2270 3030 2333 πᾶς
3056 2268 3278 2341 κρατῶν
3315 2266 3416 2339 τὴν
3442 2268 3665 2333 ἀσπίδα,

2338 2367 2451 2420 Kal.
2480 2365 2588 2429 πᾶς
2613 2366 2641 2418 ὁ
2669 2362 2862 2418 τείνων
2905 2362 3005 2434 τὴν
3046 2362 3324 2434 μάχαιραν
3357 2361 3416 2416 ὲν
3443 2360 3669 2432 μάχαις,

2192 2521 2568 2595 plectebantur
2597 2560 2614 2586 ,
2661 2527 2717 2574 et
2767 2517 2914 2576 ensis
2966 2516 3166 2587 ubique
3210 2517 3450 2572 tumidos
3504 2524 3780 2573 torrentes

2194 2615 2509 2671 eﬂ'undebat
2547 2610 2848 2682 sanguinis.
2885 2609 3021 2665 Erat
3048 2611 3247 2676 luctus,
3274 2617 3394 2666 erat
3421 2608 3778 2665 obsessorum

2195 2707 2404 2764 clamor
2435 2725 2450 2762 :
2488 2713 2684 2776 potens
2708 2719 2814 2760 non
2846 2712 2966 2760 erat
2997 2703 3291 2775 propheta,
3319 2715 3509 2772 neque
3540 2701 3779 2771 gladius,

2201 2799 2296 2870 qui
2326 2798 2396 2854 ab
2430 2795 2669 2852 inimicis
2720 2804 2978 2863 tanquam
3002 2793 3146 2850 Deus
3169 2793 3492 2848 honoratur.
3522 2791 3599 2848 lbi
3616 2807 3782 2848 senes

2203 2897 2426 2945 ruentes
2455 2889 2509 2942 in
2539 2885 2721 2958 fugam
2745 2885 2942 2956 iaculis
2971 2885 3417 2955 percutiebantur
3445 2899 3476 2938 a
3511 2893 3734 2954 tergore
3761 2899 3777 2936 :

2203 2981 2277 3038 ibi
2301 2981 2538 3052 iuvenes
2568 2977 2839 3050 fugientes
2861 2977 3092 3034 vestium
3123 2977 3388 3032 discincta
3415 2976 3663 3032 extensio
3687 2989 3783 3029 co-

2203 3075 2364 3145 gebat
2393 3072 2656 3136 fataliter,
2689 3080 2750 3126 ut
2780 3073 3061 3136 caderent,
3086 3077 3143 3126 et
3168 3070 3609 3140 impedimentum
3641 3082 3782 3139 prae-

2203 3164 2366 3219 bebat
2393 3163 2587 3218 merito
2607 3163 2690 3218 lex
2718 3161 2890 3230 patria
2917 3161 3139 3232 antiqua
3163 3160 3432 3217 barbaris.
3456 3159 3570 3215 Lex
3595 3169 3783 3214 autem

520 3231 944 3326 eique'diceres.
991 3275 1010 3308 ‹
1045 3256 1170 3321 Fili,
1211 3231 1368 3311 aliud
1398 3273 1581 3328 qurere
1634 3231 1943 3330 imperium,
1989 3231 2095 3312 non
2126 3231 2168 3290 ο
2205 3260 2324 3308 erat
2352 3249 2586 3306 subditis
2611 3264 2641 3303 a
2671 3249 2900 3305 ducibus
2929 3248 3061 3314 lata,
3092 3257 3147 3304 et
3173 3249 3277 3304 hoc
3303 3262 3370 3304 ex
3394 3249 3638 3316 iussione
3663 3255 3780 3312 tua,

521 3351 665 3403 enim
702 3349 796 3404 tibi
825 3350 1108 3420 imperium
1132 3350 1294 3405 totius
1327 3350 1479 3404 orbis
1515 3348 1731 3406 sufﬁcit.
1767 3369 1786 3403 ι
1824 3350 1929 3406 Sed
1961 3349 2099 3405 Cre-

521 3445 589 3490 tae
620 3437 798 3506 qualis
847 3446 968 3492 erat
999 3439 1235 3508 gemitus
1265 3439 1460 3493 miser!
1499 3439 1678 3508 qualis
1705 3439 1969 3504 turbatio,
1998 3456 2098 3493 nu-

521 3527 620 3582 dos
667 3527 1034 3583 Romanorum
1069 3543 1231 3585 enses
1263 3531 1450 3586 statim
1495 3547 1559 3586 ac
1599 3541 1998 3600 conspexerunt
2025 3547 2092 3586 ex

519 3619 780 3685 turribus,
821 3621 1003 3677 statim
1051 3637 1115 3678 ac
1157 3623 1363 3692 parvuli
1399 3624 1649 3678 viderunt
1694 3633 1932 3684 matres.
1961 3624 2094 3678 alias

520 3711 736 3778 quidem
764 3720 886 3779 post
910 3721 1057 3782 terga
1084 3713 1305 3768 strictas
1333 3713 1583 3776 vinculis.
1609 3713 1743 3769 alias
1763 3723 1942 3767 autem
1971 3728 2097 3768 san-

521 3803 684 3867 guine
725 3803 981 3867 foedatas,
1024 3811 1080 3858 et
1128 3805 1370 3873 pulvere,
1401 3805 1534 3859 alias
1562 3805 1854 3860 ordinatim
1884 3805 1949 3858 ad
1987 3819 2094 3857 ca:-

520 3895 640 3949 dcm
671 3897 981 3964 expositas!
1017 3895 1091 3952 ibi
1138 3895 1232 3952 lilii
1275 3905 1479 3967 patres,
1510 3907 1566 3954 et
1595 3907 1777 3970 patres
1811 3898 1947 3953 filios
1978 3912 2096 3950 am-

2202 3359 2236 3401 o
2271 3341 2579 3414 sceptrifer,
2611 3355 2683 3396 ne
2713 3341 3108 3397 dedecorarent
3146 3341 3352 3411 stupris
3404 3339 3664 3404 feminas,
3710 3351 3782 3392 ne

2202 3437 2256 3492 in
2294 3451 2403 3491 non
2438 3434 2728 3506 baptizatis
2763 3433 2958 3504 puellis
3005 3433 3316 3489 venerabile
3349 3431 3618 3504 baptisma
3666 3430 3785 3502 pol-

2202 3529 2439 3606 luerent,
2473 3537 2530 3584 et
2575 3526 2912 3582 macularent
2945 3526 3148 3583 milites
3181 3527 3278 3584 tui.
3311 3526 3459 3581 Adeo
3500 3525 3597 3578 tibi
3628 3523 3785 3578 cordi

2203 3628 2358 3676 erant
2390 3619 2533 3674 servi
2573 3619 2675 3684 tui,
2709 3633 2741 3673 o
2781 3617 2919 3687 Rex,
2958 3626 3018 3673 ut
3060 3619 3223 3674 etiam
3251 3617 3544 3672 minutiora
3574 3630 3784 3687 praeve-

2205 3713 2350 3768 niret
2397 3721 2548 3768 tuum
2584 3710 2898 3777 consilium,
2943 3723 3001 3768 et
3043 3711 3325 3782 usquead
3358 3712 3473 3766 hzec
3520 3720 3573 3765 te
3601 3709 3786 3764 humi-

2201 3804 2367 3860 liares
2393 3803 2462 3859 ob
2489 3804 2692 3859 amicos
2714 3812 2837 3858 tuos
2864 3818 2877 3856 :
2909 3818 3035 3858 nam
3063 3804 3156 3859 tibi
3190 3804 3397 3867 amicus
3422 3811 3507 3858 est
3548 3803 3784 3871 quicun-

2205 3910 2312 3966 que
2367 3904 2515 3952 tenet
2565 3895 2850 3968 clypeum,
2883 3907 2938 3952 et
2964 3894 3278 3966 quicunque
3322 3893 3544 3964 stringit
3590 3906 3776 3948 ensem

1818 4051 2060 4108 VARIAS
2091 4049 2511 4110 LECTlONES.

589 4191 677 4268 7_8.
721 4191 924 4268 πλάγη,
980 4192 1039 4268 in
1079 4203 1195 4268 n_ot_.
1224 4194 1362 4268 Alegq
1395 4193 1628 4268 πελάγη,
1682 4197 1908 4268 expende
1939 4204 2131 4250 tamen.
2158 4194 2248 4268 C.‘
2279 4194 2606 4268 πλάτηᾼοοιὶἐ
2629 4203 2768 4268 teste
2807 4194 2870 4268 Ε.
2947 4195 3037 4268 8ξ,
3091 4195 3272 4268 ζήσει,
3301 4211 3411 4268 mg.
3446 4195 3680 4268 ζήτειο.
3713 4205 3778 4250 ut

519 4263 867 4337 (δούς-τιτθή.
909 4265 1004 4337 :t_al.
1039 4263 1184 4337 τοῦτ’
1213 4261 1514 4337 ᾂνεῖπες.-
1679 4267 1886 4336 κρητῆς
1937 4268 1990 4320 in
2020 4274 2137 4320 not.
2170 4265 2282 4336 lego
2305 4261 2624 4337 κρητῶν.(].
2701 4266 2789 4321 89.
2821 4265 3082 4335 ὲστρεὸλυ

520 4339 584 4395 υ,
638 4333 865 4405 ἐὸρεχεν
919 4333 986 4392 F.
1061 4336 1353 4392 10l.Fort.
1385 4333 1655 4406 ὲκλώσθη.

3163 4283 3260 4330 νας
3288 4266 3382 4322 (1.⁷
3429 4267 3519 4322 94.
3552 4266 3780 4338 ἕϐρεχον

2025 4451 2261 4508 NOTAE.

519 4581 721 4637 llistor.
755 4577 944 4646 Comp.
976 4589 1100 4646 pag.
1131 4572 1256 4646 512.
1285 4569 1624 4646 Nicephorus
1646 4586 1774 4646 vero
1799 4571 1874 4646 de
1903 4585 1965 4624 ea
2017 4571 2084 4646 ab
2111 4569 2165 4628 D
2191 4571 2444 4646 heluium
2465 4573 2524 4646 in
2559 4571 2838 4646 Supplem:
2871 4574 2922 4628 in
2953 4573 3018 4640 Q.
3045 4573 3198 4630 Curt.
3235 4573 3332 4630 lib.
3365 4591 3408 4638 ι,
3442 4589 3567 4646 cap.
3594 4575 3656 4646 γι.

519 4650 792 4705 Africanis
834 4639 1160 4701 vindicanda
1215 4645 1267 4698 in
1317 4639 1437 4713 ipso
1482 4644 1691 4713 imperii
1731 4643 1811 4696 sui
1861 4639 2088 4713 exordio

519 4719 798 4789 cogitavit,
829 4730 1003 4785 eoque
1027 4712 1525 4789 Manuelem’misit,
1548 4715 1646 4789 qui
1663 4712 1964 4789 iuventutis
1986 4725 2090 4764 aes-

528 4782 856 4852 tuvfervens,
912 4782 1034 4839 cum
1063 4800 1164 4839 nec
1195 4786 1331 4838 bene
1371 4785 1523 4838 ducis
1557 4783 1741 4836 officio
1775 4782 2090 4849 fungeretur

517 4870 576 4916 et
608 4860 755 4913 vitiis
783 4858 996 4912 deditus
1024 4855 1336 4910 sanioribus
1393 4869 1504 4908 non
1530 4854 1928 4920 obtemperaret
1959 4865 2090 4904 eon-

522 4931 684 4992 siliis.
719 4927 926 4996 asperis
959 4925 1282 4995 quibusdam
1313 4925 1583 4994 inviisque
1615 4921 1980 4996 locisSicilize
2002 4921 2090 4996 in-

518 4991 700 5056 clusus
732 4991 797 5052 se
816 4991 990 5066 ipsuni
1029 5004 1309 5066 totumque
1344 4991 1648 5066 exercitum
1663 4991 1804 5047 {aede
1835 4992 2086 5066 perdidit.

525 5069 763 5126 Consule
794 5061 1179 5137 przeIaudatum
1205 5061 1511 5137 Cedrenum
1543 5063 1673 5137 ibid.
1705 5078 1831 5137 pag.
1863 5061 1988 5137 654.

591 5140 702 5211 (20)
731 5131 1014 5211 cornelius
1026 5137 1195 5211 edidit
1212 5135 1418 5211 ultam,
1433 5149 1540 5211 nec
1559 5136 1694 5211 satis
1718 5131 1852 5188 bene
1874 5131 2090 5200 πελάγη

517 5204 816 5281 legendum
834 5207 1184 5281 coniectavit,
1239 5220 1361 5281 cum
1396 5204 1446 5258 id
1474 5204 1674 5281 senarii
1703 5217 1970 5258 mensura:
1997 5217 2088 5258 re-

518 5274 740 5351 pu'gnet.
764 5278 884 5351 Nos
917 5274 1191 5351 ﬁdem“
1222 5275 1407 5351 codice
1435 5274 1796 5351 restituimus.

615 5344 706 5411 21)
748 5348 1040 5402 Alexandri
1077 5344 1253 5413 Magni
1282 5344 1485 5398 factum
1509 5345 1574 5395 ad
1608 5353 1841 5397 mentem
1871 5356 2087 5408 revoca,

517 5413 646 5477 dum
674 5433 873 5490 equum
903 5415 1254 5490 ferocientem
1291 5413 1908 5490 planequeindomitum
1937 5429 2091 5490 man:

524 5483 816 5545 Sueliorem
854 5487 1232 5554 mitioremque
1257 5484 1362 5538 sibi
1392 5485 1632 5536 reduxit:
1659 5499 1724 5538 ex
1753 5499 1860 5551 quo
1888 5483 2087 5552 ingenii

521 5561 798 5628 animique
825 5557 908 5628 sui
957 5555 1360 5628 experimento
1386 5563 1590 5628 tantam
1640 5563 1966 5608 consecutus
2008 5561 2093 5628 est

521 5623 733 5686 laudem
766 5636 823 5681 ut
853 5623 1131 5695 Philippus
1157 5639 1300 5695 equo
1331 5623 1776 5689 descendentem,
1815 5625 2091 5695 mananti-

523 5701 626 5768 bus
683 5698 877 5768 gaudio
920 5694 1230 5768 laerymis’,
1289 5695 1604 5768 complexus
1664 5694 2088 5768 exclamaverit:

527 5763 712 5837 Majas
743 5767 1020 5834 imperium
1046 5763 1149 5818 sibi
1169 5766 1598 5837 circumspicere,
1625 5779 1717 5837 νεεδ
1746 5763 2090 5837 εηὶηι--Μιιεε-

524 5833 699 5890 αοιῐίιυ
713 5851 924 5902 regnum
942 5844 1146 5889 tantam
1160 5836 1384 5890 indolem
1409 5850 1610 5901 capere.
1626 5835 1861 5888 Consule
1880 5833 2091 5890 Freins-
2180 5867 2187 5872 -

2267 4640 2380 4711 (22)
2409 4643 2574 4712 Ζήσει
2602 4640 2772 4697 edidit
2793 4643 3101 4705 Cornelius.
3128 4645 3225 4699 sed
3247 4659 3434 4701 veram
3473 4640 3783 4702 lectionem

2194 4715 2398 4784 codicis
2427 4715 2494 4784 ad
2525 4729 2676 4784 oratu
2709 4717 2920 4784 paginae
2952 4715 3206 4784 subiecit.

2260 4783 2375 4856 (ᾧ)
2415 4783 2698 4856 Cornelius
2750 4783 2961 4856 maluit,
2988 4783 3246 4856 Κρητῶν,
3292 4785 3388 4841 sed
3455 4785 3781 4841 immerito:

2195 4852 2327 4911 nihil
2363 4853 2507 4906 enim
2550 4854 2638 4907 hic
2669 4852 3084 4909 immutandum.

2287 4922 2381 4992 24)
2412 4922 2556 4989 Haec,
2589 4939 2710 4992 quae
2741 4926 2902 4980 modo
2929 4924 3267 4981 Theodosius
3325 4926 3620 4991 describit,
3665 4928 3786 4982 sin-

2195 4993 2420 5066 gillatim
2448 5006 2812 5066 _rece_nsuerat
2829 4996 3066 5066 incertus
3103 4998 3451 5051 continuatur
3477 4997 3782 5065 Theopha-

2198 5062 2324 5120 nis:
2365 5062 2460 5117 sed
2498 5064 2639 5136 malo
2674 5067 2908 5136 quodam
2957 5065 3069 5119 fato
3097 5066 3216 5136 eius
3248 5067 3488 5121 historia:
3537 5062 3786 5136 comple-

2197 5141 2461 5205 mentum,
2493 5134 2584 5188 ubi
2616 5150 2678 5189 ea
2711 5135 3104 5200 narrabantur,
3129 5134 3443 5205 ‘perieratin
3469 5134 3684 5200 codice,
3711 5139 3782 5190 ad

2197 5205 2351 5270 cuius
2384 5201 2542 5257 [idem
2570 5205 2861 5259 editionem
2881 5219 3036 5259 suam
3064 5201 3350 5260 adornavit
3376 5207 3776 5261 Combeilsius.

2272 5271 2401 5346 125)
2424 5272 2781 5346 Μρθηιοιιιοιη
2808 5275 3100 5346 Δἱιιιοιιίεο,
3134 5274 3312 5346 cuius
3365 5276 3675 5346 patrocinio
3715 5291 3783 5331 ac

2197 5344 2455 5416 potentia
2470 5343 2662 5399 Terea:
2684 5343 2972 5416 conﬁdunt
3005 5343 3318 5416 plurimum.

2271 5413 2385 5484 (26)
2412 5411 2618 5469 Turcas
2645 5415 2844 5483 gladio,
2871 5411 3032 5470 veluti
3070 5415 3198 5480 Deo,
3227 5416 3487 5470 honorem
3513 5415 3783 5470 adhibere

2198 5484 2541 5540 Theodosius
2569 5485 2752 5554 forsan
2787 5484 2944 5548 dicit,
2975 5486 3119 5554 quod
3151 5487 3202 5540 ei
3230 5485 3574 5554 potissimum
3598 5484 3780 5539 conti-

2197 5557 2408 5620 derenl,
2460 5569 2582 5609 cum
2617 5553 2888 5608 Moameth
2916 5553 3094 5624 gladio
3123 5558 3192 5610 ad
3234 5553 3570 5625 religionem
3619 5569 3778 5608 suam

2199 5630 2454 5679 tuendam
2477 5639 2541 5680 ac
2559 5625 2960 5695 prepagandam
2984 5625 3212 5680 ﬁdenter
3229 5625 3306 5679 uti
3338 5640 3434 5679 eos
3467 5625 3776 5695 docuisset.

2270 5695 2382 5764 (27)
2422 5694 3002 5750 Orientalesnationes
3031 5696 3272 5750 vestibus
3317 5696 3383 5748 ad
3417 5694 3558 5750 talos
3599 5709 3776 5764 usque

2199 5766 2449 5822 demissis
2477 5767 2554 5821 uti
2587 5765 2778 5823 solitas
2812 5765 2944 5822 satis
2969 5781 3163 5824 omnes
3195 5775 3416 5821 norunt.
