4170 6506
422 329 556 393 1061

1082 328 1232 390 PRO
1270 330 1763 390 MONASTERIO
1805 329 2301 391 XEROPOTAMI
2347 331 2428 391 1N
2471 312 2730 392 MONTE
2762 334 2980 394 ATIIO.

3472 412 3485 423 η
3545 337 3682 406 mea

417 437 551 507 δρᾷν
585 435 648 488 οὐ
682 434 844 506 μόνον
874 434 1033 501 αὐτὰ,
1070 437 1187 490 ἀλλ’
1218 438 1326 490 οὐδ’
1351 438 1659 509 ἀποστῆναι
1684 440 1781 510 τῆς
1813 439 1995 510 ἀμαρ-

2109 454 2338 510 surgere
2366 457 2469 495 non
2496 452 2727 509 poterat.
2756 442 2882 495 Ilico
2915 443 3008 511 qui
3034 445 3101 497 ab
3129 445 3284 501 initio
3304 448 3456 504 illum
3475 458 3681 511 crearit

416 528 540 590 τίσις
567 525 820 591 ἠδύνατο.
852 527 932 582 Δι’
960 530 1100 599 ὅπερ
1140 532 1168 584 ὁ
1212 530 1333 583 κατ’
1368 530 1543 601 ἀρχὰς
1589 531 1755 586 αὐτὸν
1785 531 2000 595 πλάσας

416 620 550 684 Θεὸς
587 619 1018 691 τρισυπόστατος
1048 621 1212 676 πάλιν
1259 620 1427 676 αὐτοῦ
1484 624 1543 686 ες
1574 622 1802 696 ὕστερον
1830 625 2002 695 ἐμνη-

420 713 651 783 μόνευσε
688 711 785 765 καὶ
819 712 1101 767 κατελθὼν
1145 713 1310 779 αὐτὸς
1334 715 1364 770 ὁ
1400 714 1496 771 τοῦ
1529 716 1666 770 Θεοῦ
1704 715 2001 787 μονογενὴς

418 803 550 865 Υἱὸς
580 804 645 857 ὲκ
664 802 773 857 τῶν
820 805 1102 875 πατρικῶν
1149 805 1582 878 ἀπεριγράπτων
1616 807 1835 861 κόλπων
1861 807 2001 878 ὑπὲρ

417 894 722 966 ἀνθρώπων
754 894 1038 966 ἄνθρωπος
1060 895 1291 964 γίνεται.
1324 891 1395 968 Ὦ
1411 898 1508 954 καὶ⁵
1536 898 1700 953 παντὶ
1733 897 1814 970 τῷ
1842 899 1999 953 εὐσε-

419 984 605 1037 ϐοῦντι
656 985 818 1056 χρέος
871 987 1021 1040 ἐστὶν
1073 989 1454 1060 ἀπαραίτητον
1481 987 1580 1059 τὴν
1639 989 2001 1062 λατρευτικὴν

418 1073 720 1142 ἀπονέμειν
775 1074 1150 1149 προσκύνησιν
1204 1078 1298 1131 καὶ
1325 1079 1615 1145 παντοίαις
1667 1080 1998 1152 ἀμείϐεσθαι

419 1163 652 1234 δωρεαῖς
682 1165 827 1218 κατά
851 1165 1082 1236 δύναμιν
1109 1167 1339 1239 στόματι
1361 1173 1456 1224 καὶ
1471 1169 1616 1242 ψυχῇ
1640 1171 1736 1226 καὶ
1767 1172 1966 1243 καρδίᾳ
1981 1186 1997 1202 ·

420 1253 656 1325 στόματι
714 1257 813 1325 μὲν
856 1258 1130 1329 ὁσημέραι
1181 1261 1277 1315 καὶ
1331 1263 1486 1332 κοινῇ
1523 1263 1619 1316 καὶ
1658 1262 1765 1334 ἰδίᾳ
1787 1263 1997 1333 ὑμνεῖν,

418 1346 665 1414 εὐλογεῖν
695 1348 789 1400 καὶ
815 1346 1063 1414 δοξάζειν
1092 1350 1192 1420 τὴν
1214 1350 1351 1423 πρὸς
1375 1351 1435 1405 τὸ
1462 1353 1806 1424 ἀνθρώπειον
1830 1354 1997 1422 φῦλον

423 1436 813 1509 μακροθυμίαν
858 1457 918 1493 τε
959 1442 1057 1495 καὶ
1124 1443 1474 1513 κηδεμονίαν,
1509 1444 1654 1517 ψυχῇ
1700 1445 1758 1498 δὲ
1809 1446 2001 1500 τοῦτον

419 1530 785 1596 ἀδιαλείπτως
807 1531 882 1597 ὠς
909 1533 1042 1588 Θεὸν
1082 1534 1384 1606 λατρεύειν.
1434 1538 1528 1591 καὶ
1559 1538 1756 1610 καρδία
1778 1538 1840 1593 τὸ
1873 1539 2002 1594 κάλ-

419 1622 600 1676 λιστον
625 1616 699 1678 ὧν
726 1624 839 1694 ἔχει
878 1627 972 1679 καὶ
1000 1626 1331 1694 τιμιώτατον
1352 1627 1501 1698 αὐτῷ
1523 1628 2001 1700 αὐτοπροαιρέτως

420 1716 743 1785 προσάγειν,
772 1716 847 1779 ὡς
867 1717 976 1769 τῶν
1002 1717 1224 1786 ἀγαθῶν
1251 1719 1509 1773 ἁπάντων
1542 1720 1688 1792 μόνῳ
1715 1722 1874 1793 αἰτίῳ
1903 1723 1999 1777 καὶ

420 1808 665 1879 χορηγῷ.
723 1808 821 1862 Διά
866 1808 1026 1863 τοῦτο
1073 1811 1166 1863 καὶ
1193 1814 1221 1865 ὁ
1249 1814 1414 1881 σοφὸς
1444 1813 1541 1867 τοῦ
1571 1812 1738 1867 πάλαι
1786 1814 2003 1886 Ἰσραὴλ

421 1897 575 1965 ἔλεγε
606 1899 909 1971 νομοθέτης
928 1916 976 1952 ο»
1006 1899 1094 1954 Ἐν
1118 1901 1193 1972 τῷ
1222 1902 1450 1973 στόματί
1465 1920 1560 1957 σου
1585 1903 1680 1960 καὶ
1700 1905 1757 1957 ὲν
1775 1906 1842 1975 τῇ
1866 1921 2002 1976 καρ-

419 1988 509 2060 δίᾳ
535 2006 629 2042 σου
657 1990 752 2043 καὶ
778 1992 836 2045 ὲν
885 1992 1009 2054 ταῖς
1057 1994 1219 2064 χερσί
1266 2011 1361 2047 σου
1399 2013 1420 2046 ι
1459 1997 1556 2049 καὶ
1593 1995 1779 2062 πάλιν,
1808 1996 1884 2060 ὡς
1933 1997 2003 2051 ὲκ

421 2080 717 2149 προσώπου
756 2081 849 2135 τοῦ
874 2082 1035 2150 Θεοῦ,
1077 2102 1095 2135 t
1127 2085 1241 2138 Οὐκ
1272 2086 1486 2159 ὀφθήσῃ
1512 2086 1743 2143 ἐνώπιόν
1774 2105 1878 2158 μου
1911 2106 2005 2142 κε-

417 2170 531 2237 νδς,
562 2190 581 2223 ι
619 2172 795 2242 δηλῶν
820 2172 895 2238 ὡς
926 2175 1014 2229 διὰ
1058 2176 1265 2232 τούτων
1294 2179 1521 2250 ’ἀνάγκη
1560 2179 1652 2235 τὸν
1696 2179 1817 2235 θεὸν
1838 2180 2001 2245 δοξά-

421 2259 636 2329 ζεσθαι,
666 2265 787 2317 ἐπεὶ
826 2266 920 2319 καὶ
963 2266 1169 2322 τούτων
1218 2269 1383 2332 αὐτὸς
1422 2270 1583 2339 μόνος
1621 2271 1888 2342 ἀλάθητος
1910 2273 2000 2339 ἐξ-

421 2355 677 2426 εταστής.
734 2355 1039 2427 Τοιγαροῦν
1103 2360 1262 2428 εἴπερ
1322 2361 1474 2413 τουτὶ
1506 2362 1663 2432 χρέος
1718 2363 2001 2417 εὐσεϐέσιν

421 2444 629 2498 ἅπασιν
665 2444 1060 2515 ἀπαραίτητον,
1105 2446 1285 2518 πολλῷ
1337 2449 1542 2519 μᾶλλον
1593 2453 1702 2513 τοῖς
1741 2450 1809 2504 δι’
1833 2452 1999 2506 αὐτοῦ

421 2532 863 2606 βεϐασιλευκόσι,
898 2538 992 2591 καὶ
1038 2538 1211 2593 ταῦτα
1261 2539 1407 2595 δυοῖν
1443 2540 1627 2608 ἕνεκα,
1669 2542 1750 2612 τῷ
1790 2543 1890 2613 μὲν
1923 2542 2001 2607 ὡς

421 2626 829 2692 πολυπλασίους
867 2629 1147 2699 ὀφείλουσι
1204 2631 1434 2705 χάριτας
1478 2633 1556 2704 τῷ
1597 2634 1708 2687 τῶν
1742 2635 2001 2689 ἁπάντων

418 2718 694 2790 Δεσπότη,
718 2719 814 2773 ἅτε
849 2721 946 2774 καὶ
974 2720 1082 2774 τῶν
1113 2722 1288 2777 ἄλλων
1323 2724 1404 2788 είς
1435 2723 1640 2788 πλάτος
1664 2725 1797 2795 παρ’
1826 2724 1994 2779 αὐτοῦ

420 2810 779 2882 τιμωμένοις,
820 2810 898 2882 τῷ
943 2813 1000 2866 δὲ
1049 2814 1146 2867 καὶ
1197 2814 1271 2879 ὡς
1319 2814 1428 2869 τῶν
1487 2817 1664 2872 ἀλλων
1720 2818 2000 2886 ἐσομένοις
2048 2860 2077 2877 κ.

421 2901 628 2974 ἀρετῆς
654 2902 878 2967 κανόνες
899 2906 992 2958 καὶ
1023 2905 1309 2970 εὐσεϐείας
1350 2908 1729 2980 ὑπογραμμοί.
1758 2909 1881 2971 Τοῖς
1902 2909 2003 2962 αὐ-

421 2990 536 3053 τοῖς
561 2990 617 3045 δὲ
648 2990 744 3046 καὶ
767 2991 867 3064 τὴν
899 2992 1067 3047 αὐτοῦ
1092 2994 1401 3066 ὐπέραγνον
1430 2996 1644 3068 μητέρα
1670 2997 1767 3051 καὶ
1790 2998 1998 3069 παρθέ-

2105 531 2251 586 Deus
2276 532 2450 586 trinns
2466 532 2715 602 personis
2740 533 2936 589 iterum
2970 534 3115 589 illius
3144 544 3327 605 postea
3362 545 3679 601 recordatus

2100 632 2212 689 est,
2236 630 2290 676 et
2311 612 2646 680 descendens
2672 624 2788 693 ipse
2815 625 3123 695 unigenitus
3150 624 3247 680 Dei
3268 625 3438 685 Filius
3456 631 3680 689 epatris

2102 714 2318 770 inﬁnito
2347 713 2468 768 sinu
2507 730 2609 785 pro
2654 715 2966 771 hominibus
2999 716 3164 772 homo
3215 716 3392 774 lactus
3427 729 3530 776 est.
3577 722 3681 779 Cui

2102 805 2416 873 quicunque
2455 807 2576 868 pius
2610 816 2697 862 est
2739 806 2986 863 districts
3011 808 3173 865 debet
3201 809 3537 868 adoretienie
3564 815 3681 868 eul-

2103 904 2214 950 tum
2232 904 2510 966 praestare,
2524 909 2577 952 et
2596 897 2897 955 innumeris
2914 899 3030 970 ejus
3045 899 3203 956 donis
3216 896 3515 959 Secundum
3536 887 3682 960 vires

2099 987 2429 1055 respondere
2450 1001 2565 1053 ore,
2596 994 2777 1042 mente
2801 996 2856 1045 et
2878 988 3064 1045 corde.
3095 989 3202 1044 Ore
3226 988 3471 1061 quidem,
3501 995 3686 1064 quoti-

2100 1079 2190 1135 die
2216 1080 2272 1133 in
2302 1079 2519 1150 publico
2540 1091 2596 1136 et
2615 1082 2867 1151 privatim
2900 1084 3188 1150 cantando,
3223 1084 3598 1144 benedicendo
3624 1100 3686 1145 et

2099 1169 2455 1240 gloriﬁcando
2502 1170 2650 1227 illius
2687 1170 2743 1226 in
2790 1171 3085 1228 humanam
3117 1182 3334 1243 gentem
3365 1175 3683 1243 patientiam

2098 1270 2152 1315 et
2181 1260 2610 1332 benignitatem;
2646 1272 2827 1317 mente
2852 1272 3030 1318 autem
3057 1264 3204 1319 illum
3228 1264 3603 1322 indelicienter
3623 1275 3683 1322 ut

2100 1342 2271 1409 Deum
2290 1354 2587 1420 adoranda,
2605 1363 2659 1409 et
2679 1356 2844 1410 corde
2864 1354 3131 1425 optimum
3151 1365 3207 1410 et
3229 1358 3679 1425 pretiosissimum

2099 1461 2286 1501 eorum
2318 1462 2438 1516 quae
2463 1446 2628 1502 habet
2654 1446 2731 1500 illi
2775 1447 3076 1503 voluntarie
3101 1447 3401 1516 oﬂ‘erendo,
3425 1457 3483 1505 ut
3509 1450 3683 1506 bono-

2101 1554 2222 1593 rum
2270 1538 2512 1593 omnium
2564 1539 2667 1594 soli
2700 1539 2967 1608 principio
3013 1549 3069 1594 et
3122 1541 3352 1596 auctori.
3384 1541 3566 1608 Quare
3589 1559 3681 1600 sa-

2101 1630 2256 1699 piens
2291 1629 2500 1698 antiqui
2535 1627 2700 1685 Israel
2728 1630 2866 1684 dixit
2919 1630 3199 1700 legislator
3243 1649 3256 1684 :
3316 1649 3336 1684 ε
3366 1630 3425 1686 In
3462 1646 3559 1688 ore
3591 1643 3682 1688 tuo

2103 1728 2156 1773 et
2191 1719 2244 1773 in
2285 1721 2451 1774 corde
2481 1728 2574 1773 tuo
2597 1730 2652 1774 et
2697 1721 2751 1773 in
2789 1720 3037 1775 manibus
3071 1721 3174 1774 tuis
3207 1721 3257 1786 ¹;
3310 1738 3331 1773 ι
3382 1734 3433 1776 ει
3462 1723 3680 1790 iterum,

2103 1810 2258 1880 quasi
2284 1811 2336 1865 in
2375 1824 2609 1880 persona
2635 1810 2753 1875 Dei,
2789 1829 2807 1863 ε
2842 1810 2959 1866 Νοη
2990 1814 3277 1882 apparebis
3308 1815 3361 1868 in
3385 1827 3683 1884 conspectu

2104 1917 2226 1956 meo
2257 1916 2466 1957 vacuus
2492 1904 2548 1969 ’ς
2584 1920 2603 1955 ι
2630 1905 2923 1959 ostendens
2953 1918 3051 1974 per
3080 1904 3195 1959 hac
3227 1917 3481 1974 oportere
3514 1906 3681 1961 Deum

2101 1993 2418 2065 gloriﬁcari,
2456 1993 2717 2063 quoniam
2774 1996 2966 2050 horum
3020 1995 3113 2050 ille
3152 1997 3303 2052 solus
3352 2012 3515 2059 quem
3549 1998 3683 2052 nihil

2099 2086 2236 2157 fugit
2253 2087 2556 2156 exquisitor
2572 2093 2676 2141 est.
2700 2085 2756 2141 Si
2780 2087 2945 2157 igitur
2970 2088 3021 2143 id
3047 2090 3299 2144 omnibus
3322 2090 3427 2159 piis
3442 2091 3629 2145 distric
3653 2106 3684 2143 e

2099 2177 2432 2245 praecipitur,
2454 2177 2625 2232 multo
2650 2178 2824 2247 magis
2846 2178 2931 2232 bis
2959 2177 3051 2248 qui
3078 2191 3177 2246 per
3207 2178 3358 2232 illum
3394 2179 3682 2247 imperant;

2100 2285 2155 2322 et
2190 2266 2297 2322 hoc
2354 2268 2573 2336 quidem
2602 2270 2739 2324 duas
2770 2269 2841 2324 ob
2887 2252 3107 2335 causas,
3170 2277 3434 2338 tanquam
3471 2270 3686 2324 scilicet

2100 2360 2428 2429 multiplices
2453 2360 2775 2416 debentibus
2793 2361 2999 2428 gratias
3021 2361 3399 2415 universorum
3432 2361 3685 2423 Domino,

2101 2462 2163 2506 ut
2196 2466 2306 2521 pra:
2334 2452 2458 2507 aliis
2484 2450 2825 2506 abundanter
2861 2453 2929 2508 ab
2960 2451 3052 2505 illo
3095 2450 3495 2513 bonorilicau‘e,
3527 2460 3583 2503 et
3614 2464 3687 2504 eo

2100 2543 2242 2611 quod
2290 2555 2411 2597 esse
2467 2541 2700 2596 debeant
2733 2540 2857 2595 aliis
2884 2541 3105 2595 virtutis
3144 2554 3335 2593 norma
3379 2548 3435 2594 et
3462 2539 3683 2608 pietatis

2099 2630 2398 2701 exemplar.
2448 2630 2641 2685 Iisdem
2704 2644 2921 2700 quoque
2971 2628 3313 2684 immaculata
3368 2628 3541 2683 Mater
3564 2627 3684 2696 ejus

2099 2733 2153 2777 et
2184 2722 2334 2790 virgo
2359 2721 2586 2791 Deipara
2610 2719 2776 2774 Maria
2801 2720 3117 2775 honoranda
3144 2727 3250 2783 est,
3278 2716 3421 2773 velut
3440 2718 3681 2773 omnium

2099 2813 2292 2870 salutis
2317 2812 2701 2883 procuratrix;
2755 2811 2884 2880 quin
2936 2811 3097 2865 etiam
3131 2820 3254 2881 post
3306 2809 3451 2864 illam
3485 2809 3686 2877 pretio-

2100 2920 2219 2963 sum
2248 2902 2476 2958 viviﬁcu:
2501 2901 2684 2956 crucis
2714 2901 2916 2972 lignum
2947 2901 3126 2957 colere
3158 2910 3214 2955 et
3247 2901 3477 2954 adorare
3524 2914 3685 2967 opor-

2101 3005 2221 3054 tet:
2262 2996 2330 3049 de
2375 2995 2471 3050 illo
2525 2996 2668 3051 enim
2721 2992 2965 3065 loquitur
3016 3008 3111 3049 rex
3160 2993 3427 3063 propheta
3464 2992 3633 3046 David
3666 3008 3683 3042 :

423 3096 515 3135 νον
540 3080 638 3152 τὴν
660 3082 913 3138 θεοτόκον
973 3085 1193 3156 Μαρίαν
1224 3088 1489 3157 τιμᾶσθαι
1524 3086 1719 3159 χρεὼν,
1751 3088 1826 3153 ὡς
1865 3088 1999 3142 πάν-

2108 3105 2127 3140 t
2166 3086 2412 3141 Exaltate
2442 3085 2732 3140 Dominum
2762 3085 2930 3139 Deum
2965 3094 3205 3141 vestrum
3235 3094 3290 3139 et
3320 3084 3545 3137 adorate
3565 3096 3690 3136 sca-

421 3190 533 3229 των
581 3170 748 3231 οὖσαν
790 3178 1050 3251 πρόξενον
1103 3182 1414 3252 σωτηρίας·
1459 3182 1621 3237 Ἀλλά
1644 3182 1708 3252 δὴ
1740 3183 1835 3236 καὶ
1874 3182 1992 3253 μετ’

2102 3178 2305 3236 bellum
2343 3176 2541 3246 pedum
2576 3174 2719 3244 eius,
2751 3175 3005 3244 quoniam
3045 3184 3297 3233 sanctum
3326 3175 3476 3229 est'.

422 3266 595 3338 αὐτὴν
619 3270 680 3323 τὸ
705 3269 797 3324 τοῦ
826 3270 1091 3335 ζωοποιοῦ
1121 3272 1355 3344 σταυροῦ
1399 3274 1813 3346 πανσεϐάσμιον
1841 3273 2001 3342 ξύλον
2032 3271 2295 3344 τιμητέον
2329 3286 2391 3322 τε
2429 3269 2533 3323 ⁸καὶ
2562 3268 2971 3339 προσκυνητέον
2992 3282 3006 3297 ⁸
3035 3268 3167 3337 περὶ
3208 3266 3400 3323 τούτου
3427 3266 3523 3321 καὶ
3578 3267 3688 3337 γάρ

422 3378 593 3437 φησιν
628 3365 657 3417 δ
719 3366 1077 3447 προφητάναξ
1138 3367 1304 3423 Δαυῖδ
1369 3387 1387 3422 ι
1435 3368 1668 3440 Ὑψοῦτε
1706 3368 1912 3441 Κύριον
1938 3368 2028 3423 τὸν
2056 3366 2190 3420 Θεὸν
2223 3363 2377 3435 ὐμῶν
2404 3362 2500 3415 καὶ
2549 3363 2911 3431 προσκυνεῖτε
2953 3358 3032 3429 τῷ
3059 3359 3337 3429 ὑποποδίῳ
3367 3357 3478 3413 τῶν
3508 3358 3691 3417 ποδῶν

422 3455 613 3524 αὑτοῦ,
648 3455 731 3511 ὅτι
764 3456 920 3525 ἅγιόν
949 3458 1099 3513 ἐστιν
1124 3477 1143 3510 ι

494 3548 567 3605 α’.
608 3550 707 3605 Διά
743 3551 916 3605 ταῦτα
937 3552 1006 3618 δὴ
1036 3554 1130 3606 καλ⁸
1151 3554 1185 3624 ἠ
1210 3553 1443 3624 εὐσεϐὴς
1466 3555 1719 3626 βασιλεία
1747 3573 1873 3626 μου,
1899 3572 2002 3625 κη-

420 3639 623 3713 δομένη
668 3639 764 3694 τοῦ
817 3642 1059 3712 ὑπηκόου
1104 3642 1201 3697 καὶ
1248 3643 1357 3698 τῶν
1384 3646 1516 3716 περὶ
1548 3647 1719 3715 αὐτὴν
1743 3648 2001 3702 ἁπάντων

406 3730 723 3801 ’ποιουμένη
754 3729 1028 3802 πρόνοιαν,
1048 3730 1170 3784 ἐπεὶ
1186 3731 1352 3800 νόμος
1374 3731 1598 3803 Ἕλληνι
1621 3733 1717 3787 καὶ
1741 3733 2003 3804 βαρϐάρῳ

421 3816 605 3875 παντὶ
621 3819 816 3892 μέχρις
836 3820 1068 3890 αῐματος
1118 3821 1261 3891 ὑπὲρ
1307 3823 1414 3876 τῶν
1469 3823 1761 3894 ὁμοφύλων
1795 3824 2000 3891 ἀγωνί-

422 3904 636 3977 ζεσθαι,
671 3914 834 3983 νόμος
876 3912 934 3966 δὲ
973 3912 1109 3967 Θεοῦ
1152 3915 1316 3968 πάλιν
1363 3916 1556 3970 τούτου
1605 3916 1999 3987 θεοειδέστερος

421 3998 529 4055 καὶ·
558 3998 941 4073 λαμπρότερος
988 4000 1219 4056 ἕκαστον
1251 4003 1443 4058 ἑαυτὸν
1489 4005 1998 4077 παρακελευόμενος

421 4091 566 4160 ὑπὲρ
610 4093 800 4164 ἑτέρου
855 4092 1054 4148 διδόναι
1074 4109 1101 4145 ·.
1144 4093 1447 4166 ηὐδόκησεν
1496 4097 1531 4168 η
1587 4096 1834 4166 βασιλεία
1895 4113 1997 4167 μου

421 4184 564 4256 ὑπὲρ
600 4184 710 4237 τῶν
754 4184 1070 4250 ἀξιωτάτων
1100 4185 1205 4257 τῆς
1233 4187 1362 4259 περὶ
1397 4185 1475 4256 τῷ
1505 4186 1654 4241 Ἄθω
1694 4186 1994 4255 σεϐασμίις,

424 4275 596 4348 μονῆς
623 4275 724 4346 τῆς
760 4276 1006 4347 ἀοιδίμου
1041 4276 1313 4347 βασιλίδος
1364 4276 1701 4349 Πούλχερίας
1728 4279 1826 4348 τῆς
1854 4295 1996 4348 παρ-

2179 3550 2230 3604 l.
2261 3547 2557 3617 Propterea
2588 3545 2681 3615 pia
2709 3558 2830 3601 mea
2876 3542 3231 3613 imperatoria
3261 3552 3509 3613 potestas
3552 3545 3686 3599 sub--

2097 3641 2258 3711 iactis
2292 3640 2502 3703 fat-ens,
2525 3646 2579 3691 et
2605 3636 2673 3691 de
2693 3635 2946 3690 omnibus
2973 3648 3095 3703 quae
3116 3636 3185 3689 ad
3210 3633 3387 3704 ipsam
3411 3635 3688 3704 pertinent

2100 3747 2287 3789 curam
2312 3745 2531 3800 gerens,
2566 3744 2688 3784 cum
2718 3728 2807 3783 lex
2835 3734 2921 3782 est
2964 3723 3156 3781 Graeco
3178 3733 3235 3781 et
3287 3726 3521 3781 barbaro
3566 3742 3678 3780 ont-

2103 3826 2232 3881 nino
2262 3837 2437 3893 usque
2470 3821 2537 3875 ad
2589 3819 2874 3891 sanguinis
2905 3816 3227 3874 effusionem
3256 3832 3354 3887 pro
3384 3817 3687 3875 consimili-

2104 3916 2203 3972 bus
2224 3930 2282 3970 se
2315 3928 2621 3985 exponere;
2678 3912 2762 3968 lex
2817 3918 2997 3965 autem
3038 3908 3137 3963 Dei
3185 3908 3386 3963 iterum
3437 3909 3541 3965 ista
3568 3909 3686 3977 lege

2103 4005 2337 4061 divinior
2369 4013 2423 4058 et
2460 4001 2794 4073 splendidior
2826 3998 2982 4070 jubet
3028 4012 3300 4068 quemque
3349 4013 3411 4053 se
3464 4008 3686 4067 propter

2103 4095 2266 4150 alium
2295 4094 2545 4159 tradere;
2582 4091 2750 4148 voluit
2794 4105 2921 4147 mea
2962 4089 3308 4159 lmperatoria
3341 4098 3586 4158 potestas
3615 4090 3705 4169 olr

2101 4189 2313 4244 eximia:
2356 4188 2551 4240 merita
2600 4183 2897 4243 venerandi
2950 4183 3005 4237 in
3046 4182 3189 4238 Atho
3220 4181 3532 4237 monasterii
3559 4181 3684 4236 illn-

2103 4280 2234 4335 stris
2266 4279 2628 4349 imperatricis
2675 4276 2978 4334 Pulcheriae
3014 4276 3241 4345 virginis
3274 4290 3461 4330 muros
3493 4276 3685 4330 retudi-

420 4365 579 4420 θόνου
606 4364 1019 4420 ἀνανεώσασθαι
1038 4367 1106 4420 τά
1127 4367 1283 4438 τείχη
1308 4382 1322 4397 ·
1355 4368 1449 4421 καὶ
1481 4367 1592 4437 γὰρ
1632 4361 1794 4439 εὗρον
1824 4368 1991 4436 αὐτὴν

2100 4372 2268 4428 ﬁcari.
2300 4371 2511 4426 Etenim
2541 4367 2673 4423 illud
2727 4367 2910 4423 inveni
2942 4376 3051 4421 tam
3080 4366 3317 4421 dirutum
3373 4372 3430 4420 et
3453 4366 3681 4419 omnino

418 4457 677 4514 τοσοῦτον
706 4458 1190 4530 κατηδαφισμένην
1240 4461 1331 4514 καὶ
1372 4461 1550 4531 πάντη
1580 4459 1995 4531 διαλελυμένην,

416 4551 496 4615 ὡς
533 4551 602 4604 τά
632 4552 690 4605 ὲν
717 4548 871 4604 ὕδασι
892 4550 1047 4621 τείχη
1104 4551 1406 4622 φαινόμενα
1425 4569 1441 4586 ·
1473 4551 1697 4624 τοιαύτη
1724 4570 1781 4605 τε
1805 4548 1872 4624 ἦν
1903 4554 1996 4606 καὶ

417 4647 453 4714 ἡ
484 4643 594 4697 τῶν
628 4641 937 4697 θεοσέπτων
979 4640 1230 4710 ἀθλητῶν
1258 4642 1430 4709 ἁγίων
1458 4659 1561 4712 μου
1589 4644 1996 4714 τεσσαράκοντα

419 4733 698 4804 σεϐασμία
739 4733 954 4804 μονὴ,ή
988 4732 1223 4786 ἔκπαλαι
1267 4731 1369 4805 μὲν
1394 4732 1486 4786 τοῦ
1518 4733 1860 4806 Χειμάρρου,
1898 4734 1994 4788 νῦν

414 4827 476 4881 δὲ
504 4825 900 4897 Ξηροποτάμου
927 4825 1357 4896 ἐπικαλουμένη,
1392 4823 1536 4879 ὥστε
1582 4825 1718 4896 μηδὲ
1742 4827 1994 4898 ὁμοίωμα

413 4919 631 4991 τείχους
661 4917 949 4989 φαίνεσθαι
974 4916 1112 4988 πρὸς
1143 4917 1243 4986 τῆς
1288 4916 1637 4987 παλαμναίας
1666 4919 1847 4988 χειρὸς
1896 4916 1997 4970 Ἰσ-

418 5010 752 5086 μαηλίτιδος.
783 5010 1044 5081 ’Δλείτπῃ
1081 5007 1138 5062 δὲ
1168 5010 1262 5062 καὶ
1292 5007 1537 5079 συνεργῷ
1569 5011 1648 5071 εἰς
1678 5010 1834 5063 τοῦτο
1863 5027 1999 5080 χρη-

419 5104 694 5176 σαμένηη
724 5105 833 5176 ἐμὴ
866 5104 1116 5175 βασιλεία
1160 5102 1239 5174 τῷ
1295 5103 1489 5172 ὑπάτῳ
1528 5102 1637 5157 τῶν
1691 5103 1998 5172 φιλοσόφων

417 5195 616 5265 Παύλῳ
656 5194 736 5266 τῷ
771 5197 1052 5266 δσιωτάτῳ
1100 5193 1471 5264 ἐπιλεγομένῳ
1521 5191 1990 5264 Ξηροποταμηνῷ,

411 5290 555 5345 Θεοῦ
595 5290 856 5361 συνάρσει
889 5290 982 5344 καὶ
1035 5289 1219 5360 χάριτι
1251 5288 1576 5361 ᾠκοδόμησα
1618 5288 1744 5341 ναὸν
1771 5306 1994 5358 παμμε-

410 5382 548 5451 γέθη
577 5396 638 5432 τε
663 5382 757 5434 καὶ
786 5378 1112 5450 περικαλλῆ,
1142 5378 1237 5432 καὶ
1286 5376 1507 5440 ὲνδύτας
1539 5376 1991 5448 χρυσοῦφάντους

410 5478 509 5527 καὶ
536 5470 708 5526 πολλὰ
736 5471 1092 5542 χρυσόπαστα
1121 5471 1302 5542 ἀμφία
1347 5469 1442 5523 καὶ
1474 5469 1594 5539 ἱερά
1645 5469 1980 5538 καλύμματα

411 5560 511 5613 καὶ
539 5561 605 5613 ὲκ
637 5560 842 5631 χρυσοῦ
865 5547 996 5629 ἀγία
1029 5559 1398 5630 δισκοπὸτηρα
1427 5558 1486 5612 ὲν
1522 5558 1671 5629 αὐτῷ
1717 5559 1986 5630 ἀπεχαρι-

2099 4463 2354 4519 decidens
2389 4470 2449 4515 ut
2483 4459 2621 4514 muri
2681 4458 2839 4527 aquis
2876 4464 3262 4527 penetrentur;
3304 4464 3362 4509 et
3406 4454 3511 4509 tale
3565 4464 3685 4508 erat

2101 4556 2212 4609 Deo
2234 4553 2554 4607 dilectorum
2582 4548 2909 4605 athletarum
2939 4555 3253 4602 sanctorum
3281 4559 3526 4600 meorum
3551 4559 3683 4614 qua-

2100 4646 2348 4716 draginta
2381 4642 2751 4699 venerandum
2786 4637 3202 4701 monasterium,
3232 4638 3375 4706 quod
3404 4637 3534 4691 olim
3563 4639 3687 4705 qni-

2100 4740 2219 4803 dem
2245 4734 2541 4801 Chimarri,
2580 4747 2726 4790 nunc
2749 4741 2929 4787 autem
2953 4727 3304 4796 Xeropotami
3343 4736 3589 4791 vocatur,
3625 4742 3687 4782 ut

2098 4846 2168 4886 ne
2195 4832 2407 4900 species
2431 4828 2650 4899 quidem
2690 4839 2972 4881 murorum
3000 4828 3322 4878 cerneretur
3350 4830 3539 4877 contra
3569 4822 3686 4875 vio-

2097 4926 2270 4978 lentus
2304 4934 2497 4974 manus
2528 4918 2948 4974 lsuiaelitarum.
2983 4914 3259 4971 Directore
3314 4926 3441 4966 vero
3470 4920 3525 4967 et
3546 4927 3683 4967 coo-

2098 5023 2347 5083 peratore
2375 5013 2443 5067 ad
2476 5011 2527 5066 id
2558 5026 2655 5067 usa
2686 5024 2804 5064 mea
2853 5006 3203 5077 imperatoria
3230 5013 3474 5074 potestas
3502 5002 3684 5072 philo-

2097 5107 2395 5175 sOpliorum
2427 5103 2671 5172 principe
2692 5100 2863 5155 Paulo
2897 5098 3246 5155 sanctissimo
3268 5096 3355 5151 cui
3382 5108 3685 5164 cognomen

2096 5195 2557 5267 Xeropotameno,
2592 5195 2682 5250 Dei
2707 5208 2810 5263 ope
2836 5201 2891 5248 et
2936 5190 3116 5261 gratia
3147 5186 3394 5245 exstruxi
3422 5183 3681 5253 templum

2098 5289 2400 5358 Spatiosum
2422 5296 2477 5342 et
2498 5286 2941 5357 pulcherrimum,
2976 5296 3113 5337 auro
3141 5280 3407 5339 micantes
3428 5284 3603 5328 vestes
3624 5281 3682 5327 et

2099 5390 2286 5435 aurata
2323 5389 2644 5451 ornamenta
2700 5378 2926 5448 velaque
2972 5384 3031 5447 et
3063 5386 3249 5431 saneta
3283 5389 3352 5429 ex
3386 5384 3519 5424 auro
3546 5384 3677 5422 vasa

2095 5471 2172 5526 illi
2224 5472 2448 5542 largitus
2502 5487 2644 5526 sum.
2698 5469 2765 5525 Et
2821 5470 2971 5525 circa
3026 5468 3155 5523 illud
3227 5464 3371 5521 aedes
3403 5460 3677 5531 amplissi-

2095 5576 2237 5626 mas,
2271 5560 2507 5633 hospitia
2552 5574 2749 5630 nempe
2788 5568 2841 5616 et
2875 5553 3193 5615 dormitoria
3240 5546 3699 5609 commeantibus;

483 5715 502 5748 ‘
527 5715 698 5772 Exod.
733 5732 886 5781 “In,
924 5715 1009 5769 15.
1087 5715 1107 5746 ²
1141 5714 1313 5771 Exod.
1346 5732 1490 5783 XXIV,
1524 5714 1616 5772 20.
1694 5717 1713 5748 ³
1743 5715 1897 5777 Ρεαι.,
1921 5730 2114 5783 cxvm,
2152 5716 2203 5771 5.
