4170 6424
480 315 618 381 1063

1290 299 1543 362 ADDEN
1558 298 1654 359 DA
1686 289 1988 355 ROMANI
2027 283 2389 346 SENIONIS
2422 280 2680 345 AUREA
2716 277 2964 342 BULLA

3607 273 3746 339 Π)θᾶ

480 424 772 491 a-diiicavi;
806 420 986 478 adhuc
1030 423 1216 472 autem
1247 422 1304 467 ct
1343 426 1529 466 muros
1571 408 1710 460 a‘tos
1736 414 1789 457 et
1814 413 1992 456 turres
2013 404 2067 451 et
2094 400 2128 452 Α

2206 392 2382 463 ἁμηψ
2419 392 2511 445 καὶ
2539 390 2668 461 περὶ
2703 390 2868 443 αὐτὸν
2901 391 3084 451 οἴκους
3124 385 3463 458 εὐμεγέθεις,
3508 386 3748 453 ξενῶνας

480 479 823 576 munimenta
861 513 1053 578 multa,
1086 523 1193 564 non
1231 499 1660 575 praecedentibus
1717 493 1940 555 similia,
1968 488 2064 544 sed

2206 483 2372 553 ηλαδὴ
2409 485 2505 536 καὶ
2560 480 3089 552 κραϐϐατοστρώσια
3122 480 3211 533 διὰ
3263 479 3392 543 τοὺς
3417 479 3746 549 εἰσερχομέ-

494 570 951 667 νίιτιηίοη
979 570 1423 661 etvmlrab-iliora,
1452 599 1511 646 ut
1547 590 1660 644 sint
1687 583 1973 641 monachis
2017 588 2073 635 et

2206 591 2319 641 ους,
2342 574 2421 627 ἐτι
2453 573 2512 628 δὲ
2544 570 2661 626 ’καὶ
2714 573 2871 644 τείχη
2921 572 3161 642 ὑψιπετῆ
3203 572 3301 627 καὶ
3354 570 3598 642 πύργους
3656 570 3756 624 καὶ

486 704 595 774 piis
632 700 770 756 viris
793 706 1081 760 tutamen;
1128 690 1249 744 visu
1282 699 1500 756 quoque
1544 676 1951 774 speciosissima
1972 714 1986 739 ,
2019 679 2076 726 et

490 764 682 851 auditu
733 804 864 846 vere
922 781 1313 857 iucundissima
1358 776 1429 831 ob
1476 770 1729 829 eximiam
1770 764 2071 821 incolarum

488 874 772 940 virtutem.
814 876 951 933 Nam
985 869 1191 928 Christi
1222 863 1487 922 habitatio
1512 869 1614 925 est,
1643 873 1676 913 e
1719 869 1828 927 qua
1879 865 2076 921 corpo-

489 975 638 1033 rales
657 980 713 1027 et
733 964 1041 1041 spirituales
1063 960 1170 1032 lupi
1196 973 1301 1014 non
1324 962 1548 1026 possunt
1571 952 1785 1021 eripere
1805 960 1936 1003 oves
1955 956 2078 1013 qua

492 1066 566 1121 ibi
596 1039 803 1122 insunt,
840 1057 945 1112 sub
967 1054 1082 1125 jam
1115 1053 1264 1107 dicto
1295 1045 1643 1104 sanctissimo
1690 1039 1858 1096 Paulo
1891 1050 2077 1092 mona-

492 1158 597 1214 cho
645 1164 702 1211 et
742 1150 1062 1224 presbytero
1114 1145 1202 1214 pie
1257 1150 1460 1213 pastas,
1488 1148 1544 1193 et
1563 1135 1666 1190 sub
1717 1127 2079 1224 CitristogDei

493 1222 1059 1318 praesidio—degentes,
1113 1237 1168 1291 in
1196 1242 1409 1298 sancto,
1444 1237 1505 1284 ut
1532 1228 1637 1283 alia
1674 1222 2081 1318 comparatione

495 1312 643 1404 utar,
675 1337 831 1392 alveo
856 1312 977 1387 isto
1024 1328 1326 1386 bombilare
1371 1339 1475 1378 non
1506 1328 1808 1383 cessantes,
1863 1312 2082 1367 virtutis

496 1434 735 1489 fructum
773 1437 1066 1498 operantcs
1126 1419 1286 1475 melle
1316 1415 1642 1476 dulciorem,
1684 1418 1740 1464 et
1775 1409 1851 1466 in.
1876 1404 2081 1498 iudicia

501 1537 753 1596 superum
779 1496 1086 1578 divinitatis
1127 1514 1439 1583 vigilantes,
1473 1516 1529 1562 et
1552 1514 1773 1560 sanctas
1798 1513 1996 1596 manus
2026 1496 2081 1551 in

501 1590 754 1672 noctibus
790 1612 1064 1673 tollentes,
1113 1602 1302 1675 procul
1350 1616 1382 1655 a
1412 1594 1805 1668 cupiditatibus
1829 1590 1991 1646 malis
2030 1594 2086 1641 et

500 1707 659 1763 vanis
690 1698 1139 1774 cogitationibus,
1183 1702 1382 1748 terram
1414 1697 1697 1750 ementes,
1749 1690 1934 1737 mente
1965 1691 2086 1734 evo-

502 1798 706 1860 lantes,
769 1791 966 1862 spiritu
1018 1787 1316 1848 ferventes,
1367 1781 1597 1835 Domino
1646 1774 2089 1862 servietites,spe

508 1860 852 1958 gaudentes,
898 1874 1343 1934 in'tribulatioue
1385 1870 1674 1941 patientes,
1727 1861 1957 1919 orationi
2012 1860 2094 1913 in-

508 1955 718 2032 stantes
733 1974 782 2039 ⁵,
807 1967 1221 2026 necessitatibus
1254 1971 1566 2019 sanctorum
1594 1955 2093 2013 communicantes,

521 2063 954 2136 hospitalitatem
1002 2065 1298 2116 sectantes,
1351 2053 1504 2123 juxta
1539 2063 1695 2106 sacra
1721 2042 2096 2136 oracula._Ad-

512 2134 815 2216 buc'etiam
841 2165 1035 2208 senum
1067 2154 1472 2234 “aegrotorum
1519 2140 1756 2211 hospitia
1798 2151 1921 2191 cum
1954 2134 2090 2209 duo-

511 2236 705 2304 decim
733 2242 989 2301 oratoriis
1027 2224 1327 2301 construxi,
1370 2243 1428 2290 et
1458 2230 1817 2290 oblationibus
1874 2224 2085 2290 multis,

2175 667 2549 739 προμαχῶνας
2572 662 2825 731 πολλοὺς,
2854 667 2956 720 οὐκ
2981 665 3040 719 ἐν
3070 663 3244 736 ὁμοίῳ
3256 663 3367 717 τῶν
3395 662 3587 728 πάλαι,
3614 662 3757 716 ἀλλὰ

2175 760 2311 814 πολύ
2337 758 2583 829 βελτίονα
2611 758 2706 812 καὶ
2731 756 3186 828 θαυμασιώτερα,
3229 756 3369 811 ὥστε
3419 751 3558 811 εῖναι
3588 772 3761 825 μονα-

2175 856 2292 924 χοίς
2326 854 2421 906 καὶ
2442 852 2728 904 εὐσεϐέσιν
2768 850 3029 920 ἀνδράσιν
3074 849 3379 919 ἀσφάλεια·
3415 848 3763 920 μεγαλοπρε-

2177 947 2257 1017 πῆ
2286 945 2385 1015 μὲν
2404 948 2471 1015 τῇ
2496 945 2617 1017 θέα,
2644 947 2712 1016 τῇ
2744 944 2803 998 δέ
2842 946 2979 1014 ἀκοῇ
3023 942 3263 1013 ἀτεχνῶς
3305 943 3640 1013 χαριέστατα
3668 942 3764 995 διὰ

2178 1038 2279 1107 τὴν
2300 1036 2359 1091 ἐν
2381 1038 2568 1100 αὐτοῖς
2588 1035 2984 1106 εὐδοκιμοῦσαν
3010 1036 3234 1104 ἀρετήν.
3268 1034 3493 1103 Μάνδρα
3528 1034 3622 1087 καὶ
3643 1034 3761 1103 γὰρ

2179 1127 2421 1197 Χριστοῦ
2439 1129 2623 1190 ἐστιν,
2653 1121 2722 1198 ἦς
2748 1127 2799 1179 oi
2836 1125 3087 1195 αἰσθητοὶ
3113 1126 3208 1179 καὶ
3236 1123 3417 1194 νοητοὶ
3444 1123 3601 1177 λύκοι
3621 1123 3765 1177 ἁδυ-

2182 1217 2407 1273 νατοῦσι
2455 1217 2735 1288 σπαράξαι
2784 1217 2854 1271 τὰ
2909 1218 2968 1270 ἐν
3001 1217 3140 1288 αὐτῇ
3193 1215 3461 1286 πρόϐατα,
3505 1216 3611 1269 ὐπδ
3662 1213 3764 1268 τοῦ

2185 1309 2443 1383 ῥηθέντος
2464 1310 2780 1363 ὠσιωτάτου
2804 1309 3019 1364 Παύλου
3055 1308 3293 1379 μοναχοῦ
3325 1308 3419 1361 καὶ
3450 1308 3766 1377 πρεσϐυτέ-

2186 1419 2281 1472 ρου
2316 1401 2557 1464 εὐσεϐῶς
2588 1400 3010 1471 ποίμαινόμενα,
3034 1401 3126 1454 καὶ
3155 1399 3260 1453 ὐπὸ
3286 1398 3386 1470 τῆς
3408 1401 3503 1455 τοῦ
3524 1401 3767 1469 Χριστοῦ

2185 1491 2280 1544 τοῦ
2310 1489 2447 1544 Θεοῦ
2479 1490 2818 1560 ἀντιλήψεως
2845 1489 3194 1559 αὐλιζόμενα,
3240 1491 3321 1553 εἰς
3357 1488 3451 1542 τὸν
3475 1490 3619 1561 ἱερὸν
3641 1488 3769 1544 καθ’

2187 1582 2382 1654 ἑτέραν
2420 1581 2682 1651 ἐπιϐολὴν
2722 1581 3028 1649 μελιττῶνα
3054 1580 3244 1635 τοῦτον
3274 1581 3636 1652 περιϐομϐεῖν
3667 1584 3773 1652 ἐμ⁸

2192 1676 2519 1743 μελέστατα,
2555 1674 2646 1728 τὸν
2672 1674 2772 1743 τῆς
2802 1675 3002 1744 ἀρετῆς
3030 1675 3375 1745 ἐργαζόμενα
3394 1674 3605 1746 καρπὸν
3627 1676 3774 1743 ὐπὲρ

2193 1764 2316 1834 μέλι
2332 1764 2696 1832 γλυκάζοντα,
2722 1765 2815 1817 καὶ
2838 1767 2930 1818 ἐπὶ
2949 1764 3016 1818 τά
3039 1764 3137 1835 τῆς
3165 1767 3492 1836 ὐπερουσίου
3514 1767 3775 1837 θεότητος

2192 1858 2439 1928 κρίματα
2470 1858 2859 1929 ἐξεγειρόμενα
2893 1859 2989 1910 καὶ
3012 1858 3167 1920 ὁσίας
3191 1852 3381 1929 χεῖρας
3415 1859 3474 1911 ἐν
3501 1862 3620 1921 ταῖς
3651 1860 3777 1924 νυξὶ

2160 2012 2167 2020 ι
2191 1950 2511 2022 ἐπαίροντα,
2539 1952 2709 2021 χωρὶς
2741 1951 3094 2022 ἐνθυμήσεων
3124 1948 3377 2023 πονηρῶν
3403 1953 3498 2006 καὶ
3525 1956 3775 2023 ματαίων

2192 2043 2561 2113 διαλογισμῶν
2610 2062 2629 2093 ι
2681 2044 2785 2095 Τὸν
2821 2044 2950 2112 χοῦν
2998 2043 3280 2109 κενοῦντα,
3324 2044 3415 2097 τὸν
3466 2045 3590 2098 νοῦν
3644 2062 3777 2098 πτε-

2199 2135 2419 2208 ροῦντα,
2449 2134 2528 2204 τῷ
2556 2134 2828 2205 πνεύματι
2861 2136 3072 2200 ζέοντα,
3107 2136 3187 2206 τῷ
3217 2138 3409 2209 Κυρίῳ
3434 2136 3777 2202 δουλεύοντα,

2198 2228 2266 2298 τῇ
2285 2225 2464 2280 ἐλπίδι
2491 2226 2779 2298 χαίροντα,
2810 2229 2876 2298 τῇ
2906 2227 3085 2297 θλίψει
3119 2228 3485 2298 ὑπομένοντα,
3511 2232 3578 2301 τῇ
3612 2248 3784 2302 προσ-

440 2376 441 2379 η
512 2351 574 2397 ιιι
600 2341 848 2404 decebat,
878 2335 1083 2389 dictum
1117 2328 1505 2385 monasterium
1558 2337 1690 2379 mea
1728 2316 2094 2390 imperatoriae

2206 2320 2336 2388 ευχῇ
2372 2318 2918 2389 προσκαρτεροῦντα,
2946 2321 3067 2382 ταῖς
3095 2320 3311 2390 χρείαις
3336 2319 3447 2374 τῶν
3477 2321 3646 2390 ἁγίων
3665 2338 3785 2374 κοι-

512 2428 793 2502 potestatis
836 2425 1040 2492 ditavi;
1073 2423 1168 2479 sed
1201 2430 1255 2478 et
1282 2418 1604 2489 patriarcha:
1631 2412 1916 2485 praesentia
1941 2408 2094 2465 dedi-

2206 2410 2502 2476 νωνοῦντα,
2536 2411 2638 2481 τὴν
2666 2411 2974 2481 φιλοξενίαν
3016 2410 3279 2467 διώκοντα
3319 2432 3336 2464 ι
3378 2414 3519 2468 κατὰ
3560 2415 3626 2468 τὰ
3663 2415 3787 2485 ἱερὰ

513 2501 781 2579 cationem
819 2519 938 2589 ejus
975 2513 1348 2572 illustraudam
1380 2509 1588 2589 curavi.

2211 2501 2388 2571 λόγια.
2420 2502 2545 2555 Ἔτι
2570 2502 2628 2556 δὲ
2682 2504 3054 2575 γηροτροφεϊὰ
3076 2522 3136 2558 τε
3177 2506 3272 2560 καὶ
3297 2509 3619 2576 νοσοκομεῖα
3645 2510 3787 2577 μετὰ

520 2613 618 2671 καὶ
637 2613 735 2668 δύο
774 2584 874 2667 καί
905 2608 1040 2664 δέκα
1090 2584 1515 2678 παρεκκλησιῶν
1557 2600 1884 2671 συνέστησα,
1928 2594 2026 2651 καὶ
2045 2593 2364 2666 ἀναθήμασι
2417 2595 2633 2658 πολλοῖς
2669 2596 2746 2660 ὡς
2800 2598 2949 2662 εἰκὸς
3006 2598 3108 2671 τὴν
3172 2599 3434 2670 ῥηθεῖσαν
3476 2600 3644 2672 μονὴν
3685 2603 3786 2674 τῆς

518 2708 798 2783 βασιλείας
827 2720 929 2778 μου
979 2700 1401 2759 κατεπλούτισα,
1434 2697 1596 2753 Ἀλλὰ
1643 2698 1737 2751 καὶ
1762 2694 1901 2767 μετὰ
1945 2689 2360 2765 πατριαρχικῆς
2394 2691 2706 2761 παρουσίας
2738 2691 2831 2745 τὸν
2885 2693 3283 2766 ἐγκαινιασμύν
3325 2694 3499 2765 αὐτῆς
3527 2695 3784 2761 ἐδόξασα.

585 2802 642 2856 2.
665 2798 803 2855 Cum
837 2806 1020 2853 autem
1066 2804 1188 2867 post
1209 2793 1604 2850 dedicationem
1635 2799 1691 2847 et
1736 2786 2103 2845 consecratio.

2284 2783 2352 2856 β’.
2411 2785 2566 2840 Ἐπεὶ
2591 2785 2649 2839 δὲ
2685 2787 2824 2858 μετὰ
2851 2786 2943 2843 τδν
2975 2788 3372 2859 ἐγκαινιασμὺν
3404 2792 3499 2845 καὶ
3527 2790 3627 2859 τὴν
3653 2791 3791 2845 καθ-

524 2911 648 2952 nem
666 2892 955 2950 restaurati
975 2890 1160 2961 templi
1179 2899 1234 2947 et
1263 2889 1494 2944 reditum
1517 2884 1843 2943 sanctissimi
1872 2881 2106 2954 patriar-

2212 2877 2434 2949 ιέρωσιν
2463 2879 2556 2933 τοῦ
2596 2880 2754 2949 ἁγίου
2780 2881 2911 2935 ναοῦ
2950 2867 3045 2937 κάὶ
3072 2882 3172 2954 τὴν
3206 2882 3467 2940 ἐπάνοδον
3493 2884 3590 2940 τοῦ
3615 2885 3793 2954 ἁγιω-

527 2987 646 3040 ριιιιε
675 2982 878 3038 domini
907 2979 1321 3050 Theophylacti,
1364 2975 1709 3033 dilectissimi
1742 2974 1835 3029 lilii
1873 2975 2109 3043 impera-

2214 2967 2382 3021 τὰτου
2413 2969 2756 3041 πατριάρχου
2784 2971 2953 3043 κυροῦ
2977 2972 3382 3044 Θεοφυλὰκτου,
3405 2976 3794 3051 ποθεινοτάτού

526 3078 678 3132 ιοι-ἱεε
701 3072 986 3145 potestatis
1013 3082 1173 3137 mea,
1203 3077 1259 3124 et
1290 3068 1589 3139 spiritualis
1615 3067 1719 3123 mei
1748 3063 1936 3137 patris,
1966 3060 2110 3132 quod

2217 3058 2336 3113 υἱοῦ
2389 3060 2491 3132 τῆς
2543 3061 2824 3132 βασιλείας
2877 3080 2979 3135 μου
3032 3064 3250 3121 καὶτοῦ
3279 3069 3654 3139 πνευματικοῦ
3689 3087 3794 3140 μου

527 3165 581 3220 in
614 3166 799 3220 animo
828 3169 947 3218 erat
968 3161 1190 3232 explere
1220 3158 1609 3215 convenienter
1633 3152 1949 3226 dijudicavi,
1978 3165 2115 3222 quo-

2219 3152 2450 3222 πατρὸς,
2479 3151 2542 3207 τὸ
2564 3155 2709 3208 κατὰ
2740 3156 2915 3227 θυμὸν
2943 3153 3299 3229 ἐκπληρῶσαι
3322 3159 3562 3229 εὐλόγως
3591 3160 3799 3232 διενοή-

532 3260 679 3314 niam
711 3255 829 3324 ejus
857 3253 1111 3324 precibus
1139 3250 1250 3307 Deo
1280 3250 1521 3320 acceptis
1545 3246 1728 3303 triduo
1767 3255 1924 3301 antea
1954 3257 2116 3299 sana-

529 3361 615 3405 tus
650 3362 820 3414 eram,
854 3353 909 3401 et
953 3352 1187 3413 aegrotus
1234 3354 1359 3398 cum
1393 3354 1572 3397 essem
1625 3338 1900 3395 relevatus
1938 3349 2112 3400 eram,
2151 3334 2156 3339 ’

529 3440 672 3514 quod
715 3439 875 3509 paulo
916 3447 1044 3493 ante
1103 3435 1268 3490 limen
1303 3432 1504 3489 inferni
1556 3430 1780 3486 subiens
1810 3426 2116 3484 faciendum

524 3536 915 3616 indicaveram,
966 3532 1242 3602 ingressus
1277 3542 1396 3584 sum
1427 3540 1551 3582 cum
1578 3523 1847 3594 aliquibus
1889 3535 1922 3577 e
1960 3534 2120 3616 seua-

467 3651 472 3656 ·
525 3611 749 3682 toribus
800 3626 853 3681 in
887 3621 1330 3696 gazophylacium
1372 3617 1736 3689 imperatoria
1779 3626 1913 3670 mem
1961 3611 2119 3669 Pote-

531 3719 711 3781 siatis,
736 3723 791 3771 et
813 3716 953 3772 inter
972 3713 1270 3784 fragmenta
1293 3708 1584 3766 venerandi
1609 3705 1734 3761 libri
1752 3706 1977 3761 vivilicaa
1994 3717 2122 3759 eru-

530 3810 612 3865 cis
627 3808 866 3864 omnium
892 3807 1195 3861 maximum
1209 3813 1266 3859 et
1284 3802 1643 3857 admiratione
1678 3799 1894 3870 dignius
1914 3799 2121 3869 eligens
2178 3792 2187 3805 “

533 3896 662 3968 (fert
685 3897 828 3951 enim
853 3896 1116 3949 hactenus
1146 3893 1201 3947 in
1231 3905 1293 3948 se
1311 3889 1898 3958 Dominlcae‘passionis
1931 3901 2123 3942 monu-

535 3998 738 4052 menta,
782 4001 946 4040 unum
975 3986 1251 4040 clavorum
1294 3981 1564 4047 foramen,
1607 3981 1805 4050 quibus
1864 3979 2120 4035 Deiﬂcata

536 4092 666 4132 caro
698 4075 910 4130 Domini
949 4075 1053 4129 mei
1105 4073 1277 4128 divisa
1310 4084 1396 4128 est
1420 4082 1475 4127 et
1511 4070 1840 4126 ablutionem
1872 4079 2123 4140 peccato-

541 4183 662 4221 rum
691 4175 1003 4219 nostrorum
1032 4163 1229 4232 largita
1259 4171 1366 4228 est,
1399 4164 1606 4218 scilicet
1637 4161 1756 4218 fons
1788 4161 2120 4218 sanctissimi

536 4257 817 4328 sanguinis
863 4256 1145 4326 manavit),
1172 4255 1513 4309 altitudinem
1562 4256 1766 4311 habens
1809 4270 1931 4311 cum
1982 4255 2119 4311 obli-

2216 3243 2340 3314 θην,
2377 3245 2567 3317 ἐπειδὴ
2595 3249 2716 3312 ταῖς
2740 3248 2930 3302 τούτου
2955 3249 3294 3306 θεοπειθέσιν
3311 3253 3497 3323 εὐχαῖς
3527 3254 3800 3325 πρότριτα

2217 3336 2486 3408 ὑγιὰσθην
2512 3339 2607 3393 καὶ
2644 3339 2906 3412 κλινήρης
2934 3342 3009 3397 ὢν
3048 3344 3312 3399 ἀνέλαϐον
3341 3347 3599 3416 ἐμαυτὸν,
3633 3346 3663 3400 ὃ
3689 3347 3802 3418 πρὸ

2219 3429 2419 3502 μικροῦ
2447 3432 2539 3485 τὸν
2567 3432 2722 3486 οὐδὸν
2749 3434 2947 3499 ἐπιϐὰς
2985 3436 3077 3490 τοῦ
3110 3434 3239 3508 ᾅδου
3281 3437 3594 3508 διεκρίνατο
3628 3442 3803 3508 ποιη-

2216 3525 2363 3588 τέον,
2394 3523 2643 3595 εἰσῆλθον
2670 3526 2806 3596 μετά
2837 3543 3001 3581 τινων
3030 3529 3130 3598 τῆς
3160 3529 3470 3601 συγκλήτου
3503 3531 3562 3583 ἐν
3585 3529 3665 3601 τῷ
3698 3529 3805 3603 θην·

2220 3614 2648 3685 σαυροφυλακίῳ
2677 3618 2777 3686 τῆς
2806 3618 3076 3687 κραταιᾶς
3123 3636 3227 3690 μου
3258 3618 3536 3691 βασιλείας
3563 3623 3660 3674 καὶ
3689 3622 3801 3674 τῶν

2218 3705 2418 3775 τιμίων
2453 3704 2628 3772 ξύλων
2660 3705 2757 3759 τοῦ
2812 3706 3077 3771 ζωοποιοῦ
3134 3709 3368 3781 σταυροῦ
3425 3711 3485 3763 τὸ
3540 3701 3802 3781 μέγιστον

2221 3796 2440 3851 πάντων
2468 3798 2565 3852 καὶ
2605 3797 2884 3869 θαύματος
2914 3800 3068 3867 ἄξιον
3118 3800 3294 3873 εὑρὼν
3328 3802 3507 3875 (φέρει
3547 3805 3642 3859 καὶ
3689 3807 3801 3874 γὰρ

2220 3889 2388 3944 εἰσέτι
2433 3892 2492 3944 ἐν
2542 3890 2722 3964 ἐαυτῷ
2754 3892 2823 3947 τὰ
2844 3890 2937 3947 τοῦ
2966 3896 3296 3949 Δεσποτικοῦ
3344 3898 3549 3961 πάθους
3589 3900 3800 3968 μνημό-

2222 3998 2381 4049 συνα,
2428 3984 2559 4054 μίαν
2612 3985 2720 4039 τῶν
2769 3984 2914 4057 ἥλων
2959 3986 3122 4058 ὀπὴν,
3156 3983 3350 4058 ἀφ’ὧν
3403 3992 3435 4060 ἡ
3485 3991 3795 4061 τεθεωμένη

2223 4076 2362 4148 σὰρξ
2390 4078 2482 4132 τοῦ
2508 4078 2714 4149 Κυρίου
2758 4079 2861 4151 μου
2913 4081 3223 4154 περιεπάρη
3253 4084 3348 4136 καὶ
3394 4083 3456 4138 τὸ
3507 4085 3791 4152 καθάρσιον

2222 4168 2332 4223 τῶν
2349 4169 2637 4240 ἁμαρτιῶν
2662 4172 2821 4242 ἡμῶν
2847 4171 3158 4243 ἐδωρήσατο
3179 4174 3344 4246 litori}
3369 4174 3529 4239 λιϐἁς
3551 4175 3640 4230 τοῦ
3663 4193 3797 4229 παν-

2223 4262 2384 4330 αγίου
2443 4263 2796 4333 κατεκενὼοη
2856 4264 3132 4336 αἵματος),
3184 4265 3318 4336 ὕψος
3368 4267 3493 4338 ἕχον
3529 4269 3669 4340 μετὰ
3696 4270 3806 4322 τῶν

538 4350 662 4419 quis
711 4347 963 4418 partibus
1006 4355 1061 4401 et
1092 4346 1258 4401 rectis
1300 4361 1468 4401 unum
1525 4346 1742 4402 circiter
1789 4347 2024 4402 cubitale
2066 4355 2119 4402 et

2226 4354 2539 4426 ἐγκαρσίων
2564 4357 2659 4410 καλ⁸
2694 4356 2791 4410 τοῦ
2827 4357 2977 4411 ἱστοῦ
3001 4358 3131 4412 ὡσεὶ
3162 4360 3281 4423 ἐνὸς
3300 4362 3525 4432 πήχεως
3549 4364 3646 4416 καὶ
3674 4364 3808 4433 μιᾶς

539 4457 699 4495 unam
728 4439 1017 4510 pra‘linam,
1033 4437 1369 4494 latitudinem
1388 4446 1567 4494 autem
1586 4438 1731 4494 circa
1753 4440 1889 4495 duos
1904 4441 2126 4515 digitos,

539 4531 940 4589 etsoliditatem
959 4547 1129 4587 unum
1150 4532 1405 4601 digitum,
1424 4532 1638 4601 pondus
1661 4546 1792 4588 vero
1810 4540 1980 4588 totum
1997 4550 2130 4589 cen-

548 4632 663 4677 tum
696 4622 918 4677 circiter
944 4623 1232 4678 drachmas
1248 4631 1336 4691 ;et
1362 4623 1610 4678 manibus
1632 4638 1856 4680 sumens
1870 4634 2124 4682 sanctum

549 4713 699 4769 hunc
728 4712 1065 4779 thesaurum,
1096 4712 1439 4769 tremendum
1478 4713 1740 4770 vexillum
1764 4716 2008 4774 cmlestis
2034 4732 2126 4774 re—

561 4805 666 4875 gis,
682 4804 894 4875 signum
915 4803 1055 4873 quod
1073 4804 1129 4859 in
1156 4804 1294 4861 smlo
1317 4805 1528 4873 parebit
1544 4805 1642 4861 lilii
1661 4807 1892 4864 hominis
1909 4798 2126 4880 quando

549 4895 765 4951 venerit
782 4895 849 4949 ad
864 4895 1386 4963 judicandumwivos
1408 4906 1464 4953 et
1485 4906 1731 4955 mortuos
1750 4916 1765 4967 ;
1784 4901 1887 4956 hoc
1905 4915 2033 4972 ergo
2047 4901 2128 4956 di-

546 4985 734 5039 vinum
759 4984 1180 5042 instrumentum
1198 4986 1389 5044 salutis
1409 4998 1610 5045 nostra;
1631 5000 1945 5047 reverenter
1965 4994 2130 5063 depo-

550 5079 635 5134 sui
660 5078 805 5133 iutra
833 5086 1050 5134 sanctas
1064 5094 1258 5136 manus
1296 5081 1627 5137 sanctissimi
1654 5080 1807 5137 Pauli
1832 5082 2139 5160 Xeropota-g

545 5170 712 5236 meni,
729 5179 788 5225 ut
804 5170 877 5225 sit
892 5170 1067 5227 donec
1079 5163 1265 5227 veniat
1279 5170 1540 5228 Dominus
1554 5172 1916 5231 inalienabilis
1929 5175 2131 5232 oblatio

544 5262 690 5319 dicto
720 5263 1191 5320 venerandissimo
1222 5265 1562 5321 monasterio
1594 5280 1730 5322 meae
1765 5268 2130 5337 imperatoriae

546 5360 854 5425 potestatis;
884 5360 1026 5429 quod
1056 5360 1382 5416 comitantes
1405 5375 1527 5416 cum
1550 5364 1918 5422 ecclesiastica
1946 5376 2000 5423 et
2022 5369 2127 5423 mi-

547 5449 691 5502 litari
724 5463 939 5519 pompa,
965 5460 1026 5504 ut
1047 5449 1314 5506 collucent
1344 5451 1472 5507 illud
1502 5453 1555 5509 in
1591 5467 1779 5512 sancto
1809 5460 2124 5516 monasterii

549 5542 859 5597 sanctuario
889 5542 945 5598 in
974 5544 1462 5603 sanetillcationem
1498 5557 1564 5620 et
1596 5552 1986 5611 munimentum
2021 5556 2124 5612 im-

625 5715 838 5807 ‘tllom.
874 5739 975 5795 xu,
1017 5724 1107 5784 12.

2229 4446 2556 4518 παλαιστῆς,
2590 4447 2795 4512 πλάτος
2818 4449 2876 4502 δὲ
2903 4448 3037 4503 ὡσεὶ
3070 4450 3165 4505 δύο
3204 4451 3485 4507 δακτύλων
3514 4456 3612 4509 καὶ
3642 4454 3809 4525 βάθος

2225 4537 2360 4591 ὡσεὶ
2386 4539 2505 4604 ἐνὸς
2525 4528 2818 4608 δακτύλου,
2852 4540 3019 4612 ὁλκὴν
3072 4542 3130 4596 δέ
3176 4544 3236 4597 τὸ
3296 4545 3404 4598 πᾶν
3455 4546 3621 4600 αὐτοῦ
3675 4548 3811 4600 ὡσεὶ

2226 4629 2481 4701 δραχμὰς
2512 4631 2708 4686 ἑκατόν
2732 4648 2745 4662 ·
2780 4632 2877 4687 καὶ
2914 4634 3021 4691 ἁνὰ
3070 4637 3259 4707 χεῖρας
3288 4635 3473 4690 λαϐὼν
3503 4638 3694 4691 τοῦτον
3718 4638 3811 4691 τὶν

2225 4719 2385 4790 ἅγιον
2420 4720 2716 4794 θησαυρὸν,
2741 4722 2842 4793 τὴν
2879 4725 3116 4796 φρικτὴν
3144 4725 3387 4796 σημαίαν
3440 4726 3537 4781 τοῦ
3579 4729 3816 4796 sco-spa-

2226 4820 2342 4875 νίου
2381 4819 2672 4891 βασιλέως,
2707 4821 2768 4875 τὸ
2820 4823 2878 4876 ἐν
2903 4822 3119 4894 οὐρανῷ
3171 4824 3550 4894 φανησόμενον
3580 4828 3811 4896 σημεῖον

2225 4913 2319 4967 τοῦ
2339 4914 2472 4968 Υἱοῦ
2503 4913 2602 4968 τοῦ
2631 4913 2925 4987 ἀνθρώπου
2956 4915 3049 4970 τοῦ
3084 4916 3374 4987 μέλλοντος
3402 4917 3662 4988 ἔρχεσθαι
3689 4921 3813 4987 κρῖ-

2227 5022 2317 5059 ναι
2342 5006 2553 5071 ζῶντας
2585 5010 2682 5061 καὶ
2706 5007 2935 5079 νεκρούς
2962 5023 2974 5036 ⁸
3004 5007 3161 5061 τοῦτο
3187 5007 3251 5078 δὴ
3286 5008 3389 5079 (τὸ)
3417 5009 3692 5062 θειότατον
3711 5009 3813 5080 δρ-

2227 5113 2393 5165 γανον
2425 5099 2524 5168 τῆς
2551 5099 2828 5170 σωτηρίας
2852 5099 3009 5171 ήμῶν
3026 5100 3270 5163 εὐλαϐῶς
3298 5100 3547 5172 ἐπέθηκα
3570 5103 3688 5166 ταῖς
3713 5103 3813 5156 τοῦ

2230 5192 2526 5246 ὁσιωτάτου
2546 5190 2761 5244 Παύλου
2788 5191 2882 5245 τοῦ
2900 5192 3367 5264 Ξηροποταμηνοῦ
3394 5195 3580 5264 ἁγίαις
3598 5212 3655 5265 χε
3662 5197 3816 5267 ρᾳὶν,

2228 5284 2377 5365 ὅπως
2403 5284 2490 5353 εἴη
2521 5285 2628 5349 ἕως
2671 5284 2871 5357 ἀνέλθῃ
2900 5286 3103 5357 Κύριος
3139 5286 3505 5359 ἀναφαίρετον
3549 5288 3815 5359 ἀνάθημα

2225 5376 2293 5444 τῇ
2325 5373 2558 5447 ῥηθείσῃ
2584 5374 3007 5447 σεϐασμιωτὰτῃ
3040 5378 3176 5448 μονῇ
3221 5376 3322 5446 τῆς
3369 5376 3654 5447 βασιλείας
3682 5395 3813 5447 μου,

2225 5467 2612 5536 ἐφοδιάσαντες
2641 5467 2774 5522 αὐτὸ
2810 5468 2949 5538 μετὰ
2995 5468 3462 5540 ἐκκλησιαπικῆς
3503 5468 3599 5523 καὶ
3639 5485 3816 5540 στραο

2225 5560 2491 5633 τιωτικῆς
2519 5560 2873 5633 προπομπῆς,
2904 5560 2991 5617 ἵνα
3018 5561 3331 5617 ἁποθέσωσι
3356 5559 3515 5616 τοῦτο
3532 5562 3593 5616 ἐν
3615 5560 3692 5631 τῷ
3712 5561 3815 5632 τῆς
