4170 6430
363 317 504 385 1065

1028 321 1179 384 PRO
1219 322 1721 387 MONASTERIO
1757 325 2257 390 XEROPOTAMI
2300 330 2382 397 IN
2428 332 2686 394 MONTE
2725 335 2950 398 ATHO.

3503 331 3641 397 1066

364 431 536 503 μονῆς
563 428 708 500 ἁγίῳ
742 428 953 501 βήματι
996 433 1136 505 πρὸς
1179 433 1457 506 ἁγιασμὺν
1487 435 1590 489 ⁵καὶ
1635 435 1951 504 υστηριγμδν

2068 439 2315 506 peratorii
2364 441 2537 502 nostri
2585 440 2926 501 monasterii.
2962 439 3069 495 Sed
3115 443 3371 510 quoniam
3423 459 3645 516 promer

357 524 458 594 τῆς
491 523 968 594 αὐτοκρατορικῆς
996 524 1158 595 ἡμῶν
1193 530 1385 597 μονῆς.
1437 524 1577 582 Ἀλλ’
1600 525 1790 596 emat;
1820 526 1951 580 τού-

357 633 455 670 του
490 616 651 686 χάριν
679 615 885 679 ίκανῶς
913 615 948 685 ἦ
980 634 1038 670 τε
1089 616 1395 689 σύγκλητος
1447 619 1543 673 καὶ
1577 618 1724 672 ἅπαν
1763 618 1822 671 τὸ
1853 618 1950 689 δη-

363 709 556 780 μόσιον
588 708 769 762 ἐδέετο
795 709 1001 779 ταύτης
1031 709 1106 780 μὴ
1129 710 1425 781 ἀποτυχεῖν
1456 713 1557 781 τῆς
1598 712 1821 783 χάριτος
1850 711 1948 782 τῆς

358 801 645 873 οὐρανίου,
669 802 936 872 ἐδιόρισεν
961 805 993 874 ἠ
1035 802 1285 874 βασιλεία
1312 822 1436 873 μου,
1472 806 1559 860 ἵνα
1589 805 1730 859 κατὰ
1766 807 1951 860 πᾶσαν

360 891 608 962 τριετίαν
634 892 1082 947 ἀποστέλλωνται
1120 893 1272 965 παρὰ
1318 894 1418 964 μὲν
1439 894 1539 965 τῆς
1571 896 1842 966 κραταιᾶς
1863 894 1953 966 βα-

361 984 573 1048 σιλείας
589 984 699 1038 τῶν
731 984 1022 1056 Ῥωμαίων
1040 984 1134 1040 δύο
1159 990 1504 1058 ουεκρετάριοι
1529 986 1783 1056 μυστικοὶ
1812 987 1952 1058 μετά

362 1076 459 1129 καὶ
482 1075 606 1140 ἐνὸς
635 1075 1063 1147 ἑκατοντάρχου,
1093 1078 1246 1150 παρὰ
1271 1078 1328 1132 δέ
1351 1079 1452 1149 τῆς
1477 1079 1700 1134 συνόδου
1742 1080 1838 1134 τοῦ
1873 1081 1952 1134 οἱ·

362 1170 695 1242 κουμενικοῦ
721 1171 1068 1243 πατριάρχου
1097 1171 1192 1226 δύο
1221 1171 1478 1244 κληρικοί
1506 1189 1522 1203 ·
1559 1172 1654 1226 καί
1674 1172 1950 1244 δημοσίως

361 1263 498 1319 αὐτὸ
529 1263 994 1335 μεταστέλλεσθαι
1028 1264 1170 1335 μετά
1197 1265 1598 1338 στρατιωτικῆς
1620 1265 1952 1339 δορυφορίας

362 1357 461 1412 καὶ
493 1357 836 1428 προπομπῆς
883 1357 1272 1429 συγκλητικῶν
1324 1358 1606 1428 ἀρχόντων
1658 1356 1801 1410 κατὰ
1852 1355 1952 1428 τὴν

360 1446 589 1520 πρώτην
619 1451 715 1502 τοῦ
747 1449 1066 1517 Αὐγούστου
1110 1451 1300 1522 μηνὸς,
1353 1451 1446 1504 καὶ
1490 1448 1951 1520 μεταπέμπεσθαι

360 1551 525 1606 τοῦτο
557 1551 698 1622 μετὰ
716 1550 940 1604 καὶτῶν
969 1550 1244 1621 ἐγκρίτων
1268 1549 1521 1620 μοναχῶν
1544 1548 1646 1618 τῆς
1667 1547 1950 1618 ἡμετέρας

365 1642 672 1713 σεϐασμίας
709 1643 882 1714 μονῆς
910 1642 1004 1695 τοῦ
1037 1640 1456 1712 Ξηροποτάμου,
1479 1639 1640 1712 χάριν
1655 1638 1756 1709 τῆς
1782 1635 1950 1692 αὐτοῦ

363 1735 828 1807 προσκνυνήσεως
865 1734 960 1789 καὶ
990 1733 1343 1804 παγκοσμίου
1369 1732 1658 1804 ὐψὼσεως,
1692 1728 1954 1784 εἴθόῦτω

367 1828 760 1883 συστέλλεσθαι
794 1829 889 1882 καὶ
914 1827 1380 1900 μετακομίζεσθαι
1403 1825 1542 1898 πρὸς
1567 1825 1666 1896 τὴν
1692 1823 1951 1898 ῥηθεῖσαν

365 1920 538 1992 μονὴν
575 1921 716 1991 μετὰ
744 1921 843 1992 τῆς
863 1918 1258 1993 προσηκούσης
1289 1917 1629 1991 προπομπῆς
1656 1916 1750 1972 καὶ
1790 1916 1949 1970 εὐλαη

360 2014 540 2078 ϐείας.
635 2014 843 2072 Τούτου
880 2016 1049 2088 χάριν
1079 2013 1292 2071 κελεύει
1335 2013 1398 2066 τὸ
1444 2012 1647 2085 κράτος
1701 2009 1806 2081 τῆς
1849 2010 1949 2080 βα-

363 2108 569 2172 σιλείας
601 2126 727 2180 μου,
758 2109 995 2164 δίδοσθαι
1031 2110 1248 2181 ἐτήσιον
1274 2106 1558 2178 σολέμνιον
1581 2107 1693 2169 τοῖς
1711 2103 1953 2175 Ξηροπο·

365 2203 634 2272 ταμηνοϊς
663 2202 912 2272 Πατράσι
949 2202 1092 2275 ὑπὲρ
1121 2201 1362 2274 ψυχικῆς
1381 2202 1544 2272 ἡμῶν
1570 2198 1846 2270 σωτηρίας
1865 2195 1956 2252 διὰ

362 2288 467 2363 τὴν
525 2293 635 2347 τῶν
655 2295 1014 2351 ἐνοικούντων
1048 2295 1134 2349 ἐπ’
1161 2296 1330 2366 ἀρετῇ
1350 2291 1796 2362 διαϐεϐοημένων
1854 2305 1952 2360 μο-

367 2385 548 2456 ναχῶν
611 2386 860 2459 δαπάνην
924 2389 1035 2444 τῶν
1103 2387 1460 2458 ἀναγκαίων,
1519 2387 1629 2440 τῶν
1686 2383 1949 2453 Πατέρων

2056 531 2158 586 hoc
2177 531 2323 602 juste
2348 542 2572 590 senatus
2589 543 2642 589 et
2662 534 2842 591 omnis
2860 533 3011 604 plebs
3028 533 3466 605 supplicaverunt
3494 547 3556 592 ιιι
3579 555 3645 594 co

2055 623 2296 680 caelestis
2319 626 2512 696 gratiae
2541 626 2856 682 vadimonio
2912 642 3018 681 non
3047 627 3354 698 priventur,
3403 629 3648 691 decrevit

2055 725 2175 768 mea
2196 712 2548 784 imperatoria
2572 723 2900 786 potestas,ut
2926 716 3158 774 triennio
3188 732 3405 790 quoque
3429 721 3650 778 mittan-

2059 811 2148 857 tur
2175 806 2244 860 ab
2263 804 2611 876 imperatoria
2642 817 2908 878 potestate
2933 807 3304 867 Romanorum
3331 814 3441 870 duo
3470 829 3651 874 scere-

2057 895 2181 951 tarii
2214 898 2426 972 mystici
2445 915 2567 955 cum
2593 915 2700 956 uno
2729 901 3071 966 centurione,
3124 919 3154 958 a
3210 907 3436 976 synodo...
3467 917 3650 963 autem

2047 991 2379 1069 \tncumcnici
2413 992 2738 1060 patriarchzn
2780 992 2889 1048 duo
2917 994 3128 1056 clerici,
3159 1005 3212 1050 et
3259 997 3475 1066 publice
3519 998 3649 1056 illud

2056 1077 2260 1150 lignum
2295 1080 2574 1138 deferatur
2620 1099 2742 1138 cum
2791 1084 3012 1140 militari
3059 1069 3319 1141 comitatu
3359 1099 3413 1144 et
3453 1103 3649 1160 pompa

2057 1182 2282 1228 senatus
2305 1175 2612 1247 principum
2637 1177 2810 1247 prima
2833 1178 2920 1234 die
2944 1179 3174 1250 Augusti
3208 1181 3433 1244 mensis,
3461 1189 3517 1236 et
3545 1182 3650 1235 im-

2059 1265 2306 1320 mittatur
2355 1282 2476 1322 cum
2531 1267 2748 1324 selectis
2791 1271 3077 1326 monachis
3125 1273 3419 1328 venerandi
3481 1274 3650 1334 nostri

2059 1361 2378 1414 monasterii
2422 1360 2796 1432 Xeropotami,
2848 1363 2915 1418 ad
2948 1363 3068 1434 ejus
3107 1364 3482 1422 adorationem
3511 1375 3564 1422 et
3598 1367 3650 1420 in

2058 1451 2209 1506 omni
2244 1455 2447 1509 mundo
2487 1454 2910 1522 exaltationcm;
2958 1456 3151 1512 deinde
3189 1456 3264 1512 ita
3299 1455 3571 1514 referatur
3599 1471 3656 1516 ct

2059 1553 2372 1616 reportetur
2392 1547 2458 1602 ad
2487 1547 2692 1605 dictum
2723 1551 3119 1605 monasterium
3151 1565 3274 1606 cum
3300 1551 3650 1608 convenienti

2058 1652 2253 1708 pompa
2274 1645 2330 1694 et
2355 1639 2680 1694 reverentia.
2703 1639 2915 1695 llorum
2939 1655 3100 1696 causa
3121 1641 3278 1708 jubet
3302 1641 3652 1711 imperatoria

2061 1744 2180 1784 mea
2205 1738 2453 1801 potestas
2480 1732 2596 1786 dari
2631 1732 2863 1788 annua‘le
2893 1732 3223 1802 stipendium
3255 1732 3654 1802 Xeropotame-

2066 1821 2152 1877 nis
2183 1820 2439 1877 Patribus
2472 1835 2571 1890 pro
2608 1823 2879 1893 spirituali
2909 1835 3097 1879 nostra
3125 1825 3331 1893 salute,
3363 1827 3428 1880 ad
3461 1842 3658 1896 proco.-

2066 1916 2238 1972 randa
2285 1915 2357 1970 ibi
2395 1915 2716 1985 degentibus
2757 1916 2810 1971 in
2841 1917 3036 1972 virtute
3067 1918 3344 1988 praedictis
3374 1920 3663 1975 monachis

2067 2005 2374 2062 necessaria
2391 2006 2600 2076 quibus
2624 2007 2787 2062 vitam
2820 1992 3135 2063 sustentare
3163 2010 3394 2080 possint.
3423 2011 3482 2068 Si
3510 2012 3656 2069 enim

2069 2100 2263 2155 horum
2293 2099 2384 2169 qui
2419 2098 2472 2153 in
2492 2097 2748 2169 Olympo,
2775 2098 3024 2171 Cymina,
3049 2112 3104 2158 et
3133 2102 3288 2160 ‘Latri
3311 2106 3518 2178 degunt
3539 2123 3659 2160 mo-

2066 2191 2226 2248 nachi
2247 2207 2344 2263 per
2369 2191 2742 2262 chrysobullas
2770 2208 2890 2248 mea
2920 2195 3143 2252 miserta
3172 2205 3257 2252 est
3304 2198 3656 2269 imperatoria

2065 2293 2332 2356 potestas,
2351 2283 2523 2339 multo
2537 2284 2937 2353 potiusutiliter
2960 2286 3011 2341 in
3030 2288 3279 2357 proprios
3291 2291 3661 2362 supplicantes

2059 2381 2125 2437 ad
2158 2388 2473 2450 perpetuam
2499 2393 2686 2434 eorum
2721 2379 2941 2434 tutelam
2975 2380 3154 2436 faciet.
3359 2363 3361 2366 ί

365 2461 434 2533 ὲκ
468 2477 678 2533 τούτων
711 2481 1064 2546 ἁποζὼντων.
1101 2481 1166 2534 Εί
1198 2480 1307 2553 γάρ
1333 2479 1462 2544 τούς
1485 2479 1545 2532 ἐν
1579 2477 1658 2549 τῷ
1714 2477 1979 2547 Ὀλύμπῳ
2017 2474 2117 2529 καὶ
2147 2471 2223 2542 τῷ
2261 2472 2489 2542 Κυμινᾷ
2517 2469 2612 2524 καὶ
2679 2469 2758 2541 τῷ
2790 2470 2887 2524 τοῦ
2928 2471 3171 2542 Λάτρους
3222 2475 3498 2544 μοναστᾶς
3567 2478 3660 2534 διὰ

364 2571 782 2644 χρυσοϐούλλων
814 2579 848 2647 ὴ
908 2574 1018 2647 ἐμὴ
1064 2575 1252 2646 ἐλέησε
1302 2572 1551 2644 βασιλεία
1585 2614 1600 2638 ,
1656 2570 1836 2643 πολλῷ
1891 2567 2094 2642 μᾶλλον
2139 2562 2491 2638 χρεωστικῶς
2539 2562 2647 2617 τῶν
2691 2563 2910 2618 οἰκείων
2960 2564 3202 2638 εύχετῶν
3259 2569 3341 2632 είς
3409 2568 3499 2627 ἀεὶ
3559 2572 3660 2642 τὴν

367 2669 699 2740 κηδεμονίαν
770 2672 1009 2739 ποιήσει.

438 2759 511 2830 γ’.
550 2762 717 2816 ’Ὅθεν
767 2763 864 2816 καὶ
910 2764 1002 2816 τον
1049 2762 1295 2834 παρόντα
1353 2761 1750 2834 χρυσόϐουλλον
1797 2761 1958 2830 λόγον

372 2855 703 2926 ἐπιχορηγεί
728 2856 822 2910 καὶ
857 2855 1217 2927 ἐπιϐραϐεύει
1244 2858 1310 2928 τῇ
1349 2855 1578 2928 ῥηθείσῃ
1615 2857 1774 2927 μονῇ,
1808 2854 1874 2907 δι’
1899 2845 1960 2906 οῦ

367 2949 582 3002 εὐδοκεῖ
620 2949 716 3001 καὶ
745 2947 1018 3012 θεσπίζει,
1046 2949 1134 3002 ἵνα
1161 2951 1225 3019 τῇ
1261 2948 1454 3000 τούτου
1489 2946 1763 3018 ἐμφανείᾳ
1791 2947 1839 2998 οἱ
1863 2947 1962 3012 τῆς

373 3039 546 3109 μονῆς
598 3039 806 3110 ταύτης
863 3039 1090 3110 μοναχο¹ί¹
1134 3041 1229 3093 τοῦ
1271 3039 1570 3093 ὁσιωτάτου
1611 3037 1824 3092 Παύλου
1866 3038 1960 3090 τοῦ

370 3133 845 3204 Ξηροποταμηνοῦ
868 3133 966 3187 διὰ
997 3133 1059 3187 τὸ
1098 3132 1395 3204 προνόμιον
1447 3132 1544 3186 τοῦ
1575 3118 1856 3196 ζωοποιοῦ
1876 3147 1960 3183 τι-
1990 3169 2036 3228 C

374 3228 500 3297 μίου
570 3225 729 3293 ξύλου
786 3227 1148 3298 λαμϐάνωσιν
1203 3227 1270 3281 ἐκ
1313 3225 1407 3282 τοῦ
1439 3225 1668 3297 ταμείου
1693 3225 1790 3295 τῆς
1825 3241 1963 3295 κρα-

373 3321 533 3383 ταιᾶς
559 3319 669 3374 τῶν
719 3317 1011 3390 Ῥωμαίων
1050 3319 1334 3391 βασιλείας
1364 3319 1508 3373 κατὰ
1553 3320 1665 3373 πᾶν
1709 3317 1828 3381 ἔτος
1859 3316 1964 3371 ἀνὰ

373 3409 586 3480 χιλίους
615 3410 977 3473 ὀκτακοσίους
1009 3409 1247 3480 χρυσοῦς
1277 3408 1376 3479 τῆς
1409 3407 1552 3480 ἐμῆς
1578 3407 1851 3481 χαραγῆς,
1877 3405 1964 3458 διά

372 3519 433 3555 τε
473 3503 602 3566 τοὺς
638 3502 907 3574 ῥηθέντας
937 3501 1180 3568 ξενῶνας
1225 3503 1321 3557 καὶ⁴
1369 3501 1438 3555 τά
1493 3502 1838 3570 νοσοκομεῖα,
1870 3499 1964 3552 καὶ

368 3593 460 3648 διά
484 3593 547 3646 τὸ
571 3592 855 3665 ἑορτάζειν
893 3594 1294 3667 πανηγυρικῶς
1348 3593 1488 3664 μετὰ
1519 3592 1835 3660 φιλοτιμίας
1869 3591 1963 3643 καὶ

374 3685 651 3761 παννύιχου
697 3686 941 3750 στάσεως
1000 3688 1152 3759 τρεῖς
1198 3685 1450 3757 ἐτησίους
1490 3685 1718 3756 ἑορτάς·
1753 3683 1822 3737 τὰ
1863 3683 1963 3753 τῆς

373 3780 630 3834 θεοτόκου
667 3781 725 3834 ἐν
758 3780 873 3850 ναῷ
905 3780 982 3852 τῷ
1029 3780 1242 3852 νομικῷ
1293 3777 1431 3849 ἅγια
1484 3778 1710 3842 είσόδια,
1759 3776 1964 3851 κλῆρος

374 3874 472 3928 καὶ
501 3873 610 3943 γὰρ
642 3873 780 3945 αὐτῇ
812 3874 1024 3929 ἄνωθεν
1052 3873 1210 3945 ἐδόθη
1244 3873 1306 3927 τὸ
1333 3871 1647 3944 ἁγιώνυμον
1670 3871 1795 3941 ὅρος
1816 3886 1830 3901 ·
1863 3871 1963 3940 τὴν

373 3967 475 4035 τῆς
503 3967 855 4039 παγκοσμίου
879 3966 1144 4038 ύψώσεως
1167 3967 1263 4022 τοῦ
1295 3967 1481 4038 τιμίου
1519 3965 1676 4030 ξύλου
1705 3963 1798 4018 τοῦ
1829 3981 1965 4017 παν-

376 4061 539 4130 αγίου
598 4060 864 4131 σταυροῦ,
892 4061 975 4115 ὅτι
1017 4061 1168 4132 παρὰ
1193 4059 1288 4113 τοῦ
1311 4059 1548 4132 κράτους
1577 4056 1674 4126 τῆς
1704 4052 1966 4117 εὐσεϐοῦς

375 4153 538 4224 ἡμῶν
568 4153 851 4224 βασιλείας
877 4153 1085 4224 ταύτην
1132 4150 1470 4206 πεπλούτικε
1516 4151 1716 4222 χάριτα
1735 4165 1750 4180 ·
1782 4149 1877 4204 καὶ¹
1907 4146 1968 4200 τὸ

379 4245 685 4318 μαρτύριον
717 4247 826 4300 τῶν
856 4248 1029 4316 ἁγίων
1056 4245 1368 4300 θεοσέπτων
1389 4244 1645 4315 μεγάλων
1672 4238 1967 4314 μαρτύρων

379 4358 485 4412 μου
517 4339 960 4410 τεσσαράκοντα,
994 4340 1077 4393 ὅτι
1117 4340 1297 4395 πάντα
1329 4340 1399 4394 τὰ
1431 4339 1541 4393 τῶν
1564 4337 1736 4406 ἁγίων
1760 4334 1968 4388 τούτων

377 4433 658 4505 σεϐάσμια
685 4433 916 4503 λείψανα
944 4434 1001 4485 ἐν
1026 4435 1092 4503 τῇ
1131 4435 1269 4504 μονῇ
1297 4431 1473 4504 ταύτῃ
1507 4431 1596 4485 διὰ
1632 4428 1968 4502 χρυσοϐούλ-

2137 2756 2192 2809 3.
2227 2753 2384 2811 Unde
2433 2766 2674 2823 praesens
2712 2751 3165 2823 chrysobuliense
3212 2753 3447 2810 edictum
3489 2749 3661 2811 donat

2065 2857 2122 2904 et
2158 2857 2438 2905 asseverat
2465 2845 2609 2902 dicto
2639 2846 2992 2912 monasterio,
3046 2861 3143 2914 per
3170 2847 3312 2918 quod
3341 2848 3455 2903 vult
3485 2860 3538 2904 et
3565 2849 3663 2906 de-

2069 2940 2266 3006 cernit,
2301 2947 2360 2994 ut
2396 2937 2514 3006 ejus
2563 2937 2936 3008 publicatione
2985 2937 3144 3006 hujus
3189 2940 3508 3000 monasterii
3538 2957 3661 2994 mo-

2067 3032 2226 3088 nachi
2264 3028 2595 3086 sanctissimi
2645 3028 2794 3083 Pauli
2831 3028 3253 3099 Xeropotameni
3296 3045 3392 3099 per
3437 3031 3660 3100 pririle~

2065 3121 2218 3192 gium
2251 3119 2452 3176 vivitici
2490 3118 2632 3174 illius
2657 3128 2713 3172 et
2744 3119 2964 3189 pretiosi
3008 3119 3136 3190 ligni
3173 3120 3445 3192 accipiant
3480 3137 3511 3177 e
3540 3122 3662 3179 tlte-

2071 3228 2233 3269 sauro
2267 3211 2633 3282 imperatoriae
2674 3209 3048 3267 Romanorum
3081 3215 3377 3284 potestatis
3421 3231 3669 3286 unoquo-

2069 3318 2177 3374 que
2209 3317 2354 3359 anno
2401 3303 2550 3358 mille
2591 3302 2899 3373 octogintos
2955 3313 3149 3357 aureos
3203 3319 3337 3358 meae
3393 3314 3666 3376 monetm,

2068 3406 2293 3466 propter
2327 3395 2440 3466 jam
2477 3395 2620 3450 dicta
2649 3393 2876 3464 hospitia
2922 3403 2976 3451 et
3010 3397 3346 3461 nosocomia,
3393 3404 3447 3450 et
3479 3405 3537 3450 ut
3567 3411 3662 3452 ce-

2067 3488 2279 3545 lebrent
2304 3487 2621 3544 solemniter
2661 3503 2785 3542 cum
2817 3488 2936 3542 zelo
2970 3497 3024 3540 et
3051 3496 3313 3540 nocturna
3345 3487 3522 3558 vigilia
3553 3497 3664 3544 tres

2070 3580 2337 3636 annuales
2384 3579 2713 3635 festivitates
2743 3593 2758 3630 :
2797 3579 3040 3650 Dciparm
3070 3593 3266 3654 nempe
3311 3579 3363 3635 in
3397 3581 3660 3651 templum

2068 3674 2239 3746 legale
2288 3682 2538 3730 sanctum
2568 3673 2908 3744 ingressum;
2939 3672 3228 3728 haereditas
3254 3673 3400 3727 enim
3444 3672 3520 3726 illi
3568 3687 3664 3727 su-

2066 3782 2237 3838 perne
2263 3767 2420 3822 datus
2453 3774 2536 3821 est
2559 3780 2716 3821 mons
2750 3765 2840 3820 ille
2862 3764 2952 3838 qui
2978 3772 3200 3820 sanctus
3236 3764 3667 3829 rocatur;exal-

2071 3861 2332 3916 tationem
2371 3859 2428 3915 in
2477 3857 2736 3922 universo
2766 3856 2972 3912 mundo
3016 3854 3242 3926 pretiosi
3281 3853 3410 3925 ligni
3437 3855 3667 3908 sanctis.-

2069 3953 2221 4009 simae
2250 3951 2432 4009 erucis
2455 3991 2469 4016 ,
2519 3951 2645 4022 quia
2673 3965 2771 4022 per
2800 3958 3044 4005 nostram
3077 3946 3220 4016 piam
3256 3946 3663 4016 imperatoriam

2069 4054 2397 4116 potestatem
2445 4047 2548 4100 hac
2589 4043 2874 4114 largitione
2902 4042 3164 4098 donatum
3197 4046 3320 4107 est;
3356 4046 3412 4092 et
3452 4048 3662 4108 marty-

2077 4139 2220 4194 rium
2253 4147 2570 4194 sanelorum
2599 4137 2711 4192 Deo
2745 4135 3066 4192 dilectarum
3099 4152 3128 4186 n
3153 4147 3419 4204 agnorum
3459 4139 3666 4203 marty-

2071 4247 2196 4287 rum
2245 4229 2630 4302 quadraginta,
2683 4229 2811 4298 quia
2859 4242 3052 4284 omnes
3087 4235 3407 4282 sanctorum
3435 4224 3666 4280 istorum

2071 4325 2396 4382 venerandae
2433 4322 2677 4391 reliquiae
2710 4322 2764 4376 in
2802 4321 2906 4376 hoc
2936 4318 3270 4376 monasterio
3302 4333 3398 4387 per
3433 4319 3668 4388 chryso-

2072 4419 2280 4475 bullam
2304 4415 2580 4472 collocatae
2610 4422 2738 4469 sunt
2774 4428 2802 4468 a
2829 4413 3002 4482 prima
3033 4425 3156 4482 quae
3191 4410 3319 4465 illud
3353 4409 3670 4479 possidebat

376 4525 475 4577 λου
501 4501 938 4597 τενθησαύρισται
985 4501 1144 4593 παρὰ
1333 4501 1558 4595 πρώτης
1596 4501 1963 4592 κτητορίσσης

2076 4510 2276 4568 illustri
2336 4507 2685 4578 imperatriee
2760 4504 3045 4561 Pulcher-ia
3107 4501 3354 4570 virgine,
3418 4509 3672 4571 tempore

377 4613 601 4685 ἐκείνης
652 4613 754 4684 τῆς
813 4612 1061 4682 ἀοιδίμου
1115 4609 1439 4680 βασιλίσσης
1489 4607 1828 4679 Πουλχερίας
1868 4605 1970 4676 τῆς

379 4704 680 4775 παρθένου,
713 4702 836 4757 καθ’
863 4701 924 4754 ὃν
949 4700 1139 4771 χρόνον
1183 4700 1322 4771 αὐτῇ
1349 4702 1417 4770 τῇ
1455 4698 1706 4770 μακαρίᾳ
1733 4695 1971 4768 βασιλίδι

379 4796 507 4851 κατ’
535 4797 669 4868 ὄναρ
717 4795 769 4849 οἱ
813 4792 1308 4866 μεγαλομάρτυρες
1362 4789 1603 4862 Χριστοῦ
1644 4789 1792 4858 ἁγιοι
1847 4803 1974 4841 τεσ-

385 4889 701 4960 σαράκοντα
759 4885 1216 4957 ἐνεφανίσθησαν.
1253 4882 1397 4954 Πρὸς
1445 4880 1658 4944 τούτοις
1690 4879 1749 4935 δὲ
1803 4896 1975 4950 προσ-

352 4979 784 5052 ,εκληρὼθησαν
818 4979 914 5032 καὶ
944 4976 1337 5050 ἁφιερῶθησαν
1383 4975 1462 5038 ὼς
1502 4972 1852 5028 ἁδιάσπαστα
1875 4989 1971 5043 με-

381 5071 544 5142 τὸχια
569 5073 662 5125 καὶ
688 5073 738 5126 oi
766 5071 825 5124 ἐν
856 5072 923 5143 τῇ
958 5066 1325 5140 βασιλευούσῃ
1358 5064 1470 5118 τῶν
1501 5063 1714 5118 πόλεων
1749 5064 1972 5132 εὐαγεῖς

384 5167 538 5237 τρεῖς
571 5159 734 5228 οἴκοι,
765 5164 794 5218 ὅ
818 5180 875 5217 τε
908 5167 966 5217 ἐν
996 5161 1072 5233 τῷ
1102 5159 1334 5228 Νεωρίῳ
1378 5159 1444 5211 ἐκ
1484 5155 1703 5227 βάθρων
1745 5155 1968 5226 ἀνεγερ-

384 5258 502 5321 Osi;
535 5255 692 5326 ἁγιος
747 5256 876 5320 ναὸς
925 5256 1028 5326 τῆς
1070 5252 1376 5326 ὑπεραγίας
1411 5251 1665 5307 θεοτόκου
1690 5247 1844 5320 παρὰ
1875 5248 1976 5318 τῆς

388 5349 675 5422 βασιλείας
706 5366 831 5422 μου,
869 5349 966 5402 καὶ
1009 5348 1070 5402 τδ
1111 5346 1477 5417 συγκείμενον
1525 5342 1678 5414 αὐτῷ
1709 5341 1976 5396 παλάτιόν

389 5460 496 5515 μου
533 5443 595 5498 τὸ
626 5441 897 5515 πατρικὸν
923 5441 1062 5512 μετὰ
1096 5441 1206 5494 τῶν
1253 5437 1417 5510 πέριξ
1464 5435 1850 5509 ἐργαστηρίων
1883 5435 1979 5491 καὶ

389 5539 488 5609 τῆς
526 5535 721 5608 λοιπῆς
765 5533 1055 5606 περιοχῆς,
1105 5533 1226 5604 ἦτοι
1259 5532 1320 5587 τὸ
1348 5531 1685 5602 Μυρέλαιον,
1735 5526 1832 5582 καὶ
1861 5529 1890 5581 ὁ
1918 5528 1978 5580 ἐν

390 5626 899 5690 Κωσταντινιαναίς
949 5624 1303 5695 περιώνυμος
1351 5623 1479 5686 ναὸς
1529 5621 1640 5676 τῶν
1669 5620 1842 5690 ἁγίων
1873 5633 1976 5688 μον

388 5718 807 5791 τεσσαράκοντα
845 5717 994 5788 μετᾶ
1012 5719 1106 5772 καὶ
1146 5719 1254 5771 τῶν
1291 5715 1574 5771 ἐνοικειῶν
1601 5714 1770 5770 αὐτοῦ
1799 5715 1976 5783 ὁσπη-

389 5812 528 5870 τίων
552 5814 646 5868 καὶ
681 5811 1088 5883 ἐργαστηρίων,
1119 5811 1206 5864 ἵνα
1229 5811 1601 5877 δεσπόζωνται
1632 5809 1724 5868 καὶ
1756 5806 1979 5882 κυριεύ-

731 5905 1004 5968 ΡΑΤιιοι..
1047 5904 1165 5966 Gn.
1197 5903 1422 5972 CXlll.

2076 4618 2186 4675 quo
2240 4602 2340 4670 ipsi
2393 4601 2565 4656 beatae
2624 4597 2960 4668 impcratrici
3015 4611 3112 4665 per
3163 4594 3437 4650 somnium
3483 4593 3672 4664 magni

2077 4695 2250 4751 sancti
2303 4701 2578 4764 martyres
2611 4690 2816 4746 Christi
2864 4686 3222 4758 quadraginta
3272 4699 3668 4756 apparuerunt.

2076 4788 2156 4842 Ad
2185 4791 2301 4841 haec
2329 4793 2512 4840 autem
2542 4783 2830 4852 assignatas
2861 4789 2987 4834 sunt
3021 4789 3076 4833 ct
3103 4789 3444 4833 consecratae
3474 4784 3532 4831 ut
3555 4778 3674 4832 ina-

2079 4877 2362 4934 lienabiles
2391 4876 2788 4947 possessiones,
2834 4883 2943 4927 tres
2985 4870 3132 4926 mdes
3163 4877 3368 4924 sancta:
3411 4869 3552 4923 intra
3581 4885 3676 4923 ur-

2076 4972 2228 5028 bium
2269 4973 2514 5042 reginam
2534 4969 2650 5025 sita!
2677 4985 2691 5022 :
2715 4966 2846 5021 illud
2880 4978 3074 5034 nempe
3106 4962 3158 5018 in
3191 4961 3385 5018 Neorio
3421 4979 3452 5016 a
3481 4961 3674 5016 funda-

2077 5063 2277 5120 mentis
2306 5077 2335 5116 a
2373 5071 2560 5118 nostra
2598 5056 2952 5130 imperatoria
3008 5065 3282 5127 potestate
3329 5064 3670 5139 exstructum

2083 5165 2332 5210 sanctum
2357 5151 2612 5223 templum
2634 5149 2996 5206 sanctissima:
3015 5147 3260 5220 Dcipara:
3277 5157 3327 5202 et
3356 5147 3674 5215 contiguum

2078 5249 2153 5304 illi
2189 5247 2450 5318 palatium
2487 5259 2667 5300 meum
2708 5250 2996 5313 paternum
3031 5256 3158 5296 eum
3196 5238 3420 5294 fabricis
3449 5237 3594 5292 circa
3617 5223 3707 5291 σι’.

2083 5351 2196 5400 toto
2241 5339 2513 5403 circuitu,
2557 5337 2608 5392 id
2658 5345 2744 5392 est
2780 5334 3115 5407 Myrclmum,
3141 5335 3206 5388 'et
3233 5330 3588 5400 conspicuum
3617 5330 3672 5384 in

2083 5431 2553 5491 Constantinianis
2609 5399 2869 5500 templum
2932 5399 3245 5484 sanctorum
3307 5399 3695 5511 quadraginta:

2083 5539 2208 5581 cum
2233 5522 2632 5596 pertinentibus
2654 5520 2909 5591 hospitiis
2929 5528 2985 5574 et
3007 5517 3250 5582 fabricis,
3274 5524 3332 5570 ut
3355 5515 3677 5587 possidean-

2084 5628 2174 5674 tur
2203 5627 2262 5674 et
2288 5625 2579 5672 teneantur
2612 5630 2643 5670 a
2677 5612 2988 5672 venerando
3016 5608 3350 5666 monasterio
3379 5607 3678 5678 imperato—

2084 5711 2180 5767 riae
2221 5725 2354 5768 mete
2383 5711 2692 5782 potestatis,
2718 5709 2891 5766 donec
2919 5705 3001 5762 sol
3027 5719 3188 5777 super
3210 5712 3412 5758 terram
3445 5700 3675 5761 fesatur.

2086 5801 2233 5861 Istud
2264 5801 2410 5860 enim
2436 5812 2594 5860 antea
2625 5809 2871 5858 materna
2889 5807 3006 5856 erat
3037 5794 3314 5882 possessio
3337 5792 3674 5852 sanctissimi

3232 5883 3311 5950 34
