4170 6424
485 278 622 344 1057

1090 276 1476 340 ADDENDA.
1520 303 1586 313 -—
1630 278 1786 340 1MP.
1833 276 2130 338 ROMANI
2171 276 2538 339 JUNIORIS
2577 279 2834 340 AUREA
2877 281 3146 342 BULLA.

3627 285 3769 350 1068

485 393 632 448 Pauli
676 389 979 463 spiritualis
1008 391 1175 458 patris
1200 405 1334 446 meae
1373 391 1738 462 imperatoriae
1762 389 2064 462 potestatis,

2187 408 2340 444 ,ονται
2376 391 2528 462 παρὰ
2577 392 2678 462 τῆς
2727 393 3036 464 σεόασμίας
3101 392 3272 464 μονῆς
3331 394 3431 465 τῆς
3481 395 3772 466 βασιλείας

485 488 578 541 ﬁlii
633 484 950 541 exsistentis
1005 485 1150 538 illius
1195 484 1422 540 illustris
1473 485 1729 555 Augustae
1768 483 2071 554 Procopiar,

485 575 608 629 tiliae
651 572 944 642 Nicephori
983 580 1038 628 et
1078 573 1264 627 uxoris
1308 571 1607 638 Michaelis,
1642 572 2071 629 ortbodoxorum

490 677 706 723 aeterna:
740 666 1019 722 memoriae
1041 665 1429 735 imperatorum
1468 676 1593 721 ante
1621 680 1746 722 nos.
1777 665 1877 734 Qui
1913 666 2076 735 igitur

493 760 782 815 attentabit
830 759 1110 815 destruere
1155 757 1299 812 hunc
1361 757 1412 812 in
1471 758 1831 828 praesentibus
1893 772 2076 814 meum

492 859 672 904 actum
709 859 762 904 et
803 848 1037 917 spoliare
1085 847 1230 902 dicto
1263 848 1532 918 stipendio
1569 864 1749 904 meum
1797 859 2074 904 monaste-

490 943 651 1008 rium,
681 941 766 995 vel
809 940 1004 996 otl‘erre
1045 948 1099 994 et
1133 940 1406 1010 subjicere
1431 941 1562 995 illud
1617 941 1778 997 alicui
1829 957 2078 1011 personae

493 1039 545 1090 in
581 1037 842 1108 dignitate
896 1040 1225 1107 constitutae,
1261 1041 1342 1097 vel
1372 1043 1588 1097 auferre
1617 1057 1648 1097 a
1686 1043 1829 1099 dicto
1857 1059 2079 1101 monas-

493 1132 631 1186 terio
687 1146 822 1187 meae
879 1132 1244 1204 imperatoriae
1296 1136 1586 1205 potestatis
1637 1137 1973 1193 adorandum
2021 1147 2079 1193 et

489 1224 896 1279 sanctissimum
928 1225 1132 1290 lignum
1176 1225 1405 1282 viviticae
1435 1230 1637 1296 crucis,
1672 1231 1820 1301 regis
1841 1231 2080 1287 caelestis

489 1324 737 1371 sanctum
774 1318 1095 1382 scabellum,
1127 1319 1190 1372 ad
1221 1321 1366 1388 quod
1399 1319 1735 1376 a'lorandum
1759 1337 1860 1378 nos
1886 1321 2080 1378 invitat

491 1424 585 1464 rex
616 1410 882 1480 prepbeta
929 1411 1094 1466 David
1120 1412 1306 1468 dicens
1337 1427 1350 1466 :
1389 1430 1409 1465 ι
1443 1412 1783 1469 lntroeamus
1818 1415 1871 1470 in
1900 1413 2082 1470 taber-

495 1502 747 1557 naculum
785 1502 924 1572 ejus,
957 1506 1247 1563 adoremus
1275 1507 1326 1560 in
1362 1506 1480 1562 loco
1503 1508 1594 1562 ubi
1625 1516 1894 1563 steterunt
1916 1508 2082 1578 pedes

492 1594 610 1665 ejus
649 1597 693 1662 ⁸,
735 1616 754 1649 ι
805 1598 891 1652 hic
932 1607 1196 1668 tanquam
1239 1600 1505 1673 sacrilega
1539 1601 1784 1657 incurrat
1821 1602 1874 1656 in
1911 1602 2082 1657 male-

494 1689 791 1744 dictionem
831 1690 983 1756 Cain,
1018 1691 1224 1762 lepram
1253 1691 1426 1760 Giezi,
1454 1703 1508 1750 et
1533 1689 1687 1751 Jud'ae
1721 1695 1996 1765 laqueum,
2028 1704 2084 1751 et

497 1796 614 1836 sors
649 1782 793 1838 illius
825 1783 897 1838 sit
931 1797 1054 1837 cum
1087 1784 1529 1855 cruciﬁgentibus
1553 1785 1844 1842 Dominum
1877 1787 2079 1858 gloriae.

499 1871 640 1943 Ergo
671 1873 720 1926 vi
773 1881 827 1929 et
874 1875 1244 1944 publicatione
1286 1878 1574 1947 praesentis
1621 1879 2084 1951 cbrysobullcnsis

497 1966 660 2022 edicti
696 1983 832 2024 meae
879 1969 1241 2040 imperatoriae
1296 1971 1580 2040 potestatis
1630 1972 1794 2029 debet
1837 1975 2085 2045 accipere

500 2058 670 2116 libere
697 2071 824 2117 ante
847 2062 1050 2118 dictum
1085 2064 1456 2121 venerandum
1487 2066 1784 2122 maximum
1813 2078 2085 2126 monaste-

501 2152 641 2208 rium
658 2169 792 2210 mcae
813 2155 1178 2226 imperatoriae
1201 2160 1488 2229 potestatis
1510 2160 1860 2232 Xeropotami
1885 2178 2090 2233 cogno-

501 2245 790 2312 minatum,
818 2261 884 2302 ex
911 2263 1054 2303 nunc
1079 2260 1133 2304 et
1162 2250 1442 2321 deinceps,
1478 2252 1679 2308 dictum
1702 2253 2028 2323 stipendium
2057 2268 2088 2308 e

501 2334 756 2392 thesauro
773 2336 1134 2407 imperatoriae
1159 2337 1531 2395 Romanorum
1551 2341 1859 2411 potestatis,
1879 2350 1939 2396 ut
1964 2351 2089 2411 agat

500 2429 774 2500 Liturgiam
804 2445 1132 2502 unoquoque
1175 2433 1400 2489 sabbato
1449 2449 1547 2504 pro
1593 2435 1749 2489 beata
1793 2436 1976 2490 anima
2003 2435 2087 2489 di-

505 2522 815 2579 lectissimae
837 2523 968 2579 mibi
997 2523 1225 2582 illustris
1245 2525 1502 2596 Augustae
1527 2527 1893 2598 imperatricis
1915 2527 2090 2583 Theo-

499 2616 686 2683 dorae;
714 2616 911 2672 habeat
930 2626 1110 2672 autem
1130 2617 1454 2682 dominium,
1481 2619 1759 2674 fructuum
1788 2620 2090 2690 perceptio-

503 2724 624 2764 nem
651 2719 704 2765 et
727 2725 919 2766 omnes
942 2711 1275 2786 reditusjam
1297 2712 1567 2768 dictorum
1595 2714 1756 2768 trium
1775 2723 2088 2768 sanctorum

500 2803 918 2874 conspicuornm
945 2803 1296 2874 templorum,
1325 2814 1583 2874 tanquam
1615 2805 1722 2860 sint
1747 2805 1964 2876 propria
1992 2820 2087 2861 sua

502 2895 642 2948 bona
687 2905 744 2951 et
785 2897 1183 2966 possessiones,
1213 2906 1490 2952 servatum
1524 2897 1685 2952 simul
1716 2898 1786 2952 ab
1819 2898 1967 2953 omni
1997 2898 2093 2953 im-

505 2987 804 3056 peratoria,
831 2987 1185 3057 patriarcbali
1209 2995 1265 3044 et
1288 2989 1540 3044 saeculari
1571 2989 1834 3059 dignitate
1867 3001 2084 3060 exemp-

506 3087 618 3132 tum
652 3086 706 3131 et
736 3078 996 3136 immune.

2181 500 2307 553 μου,
2333 483 2440 547 ἓως
2472 483 2675 555 όῆλιος
2731 486 2872 554 ὑπὲρ
2919 487 3025 553 γῆν
3071 488 3280 557 ἐφορᾷο
3311 480 3472 551 οὗτος
3513 492 3610 543 καὶ
3655 493 3772 564 γὰρ

2179 574 2414 629 ἔκπαλαι
2461 575 2728 646 μητρικὸν
2779 578 2962 646 κτῆμα
2990 572 3058 647 ἦν
3080 577 3178 630 τοῦ
3203 579 3504 632 ὀσιωτάτου
3550 582 3770 637 Παύλου

2179 667 2277 720 τοῦ
2331 669 2710 738 πνευματικοῦ
2743 670 2950 740 πατρὸς
3001 671 3102 740 τῆς
3165 670 3446 738 βασιλείας
3482 690 3608 742 μου,
3648 675 3770 728 υἱοῦ

2179 760 2630 831 χρηματίσαντος
2699 762 2917 832 ἐκείνης
2972 763 3071 832 τῆς
3136 763 3389 834 ἀοιδίμου
3448 765 3772 836 Αὐγούστης

2181 852 2519 923 Προκοπίας,
2565 852 2844 924 θυγατρὸς
2888 853 3208 924 Νικηφόρου
3242 855 3339 907 καὶ
3386 855 3623 924 συζύγου
3659 857 3774 910 Μι-

2181 945 2322 1015 χαὴλ
2355 945 2468 998 τῶν
2505 946 2855 1016 ἀειμνήστων
2895 946 2987 998 καὶ
3032 945 3335 1016 όρθοδόξων
3365 946 3632 1016 βασιλέων
3654 948 3774 1002 τῶν

2183 1037 2290 1107 πρὸ
2313 1036 2490 1108 ἡμῶν.
2537 1037 2596 1089 Ὀ
2622 1037 2800 1091 τοίνυν
2835 1037 3312 1108 πειραθησόμενος
3336 1039 3642 1110 ἀνατρέψαι
3667 1041 3774 1112 τὴν

2183 1131 2241 1183 ἐν
2265 1129 2343 1200 τῷ
2377 1130 2607 1201 παρόντι
2636 1147 2738 1201 μου
2805 1131 3006 1200 πρᾶξιν
3039 1131 3130 1184 καὶ
3152 1131 3525 1203 ἀποστερῆσαι
3547 1132 3639 1186 τοῦ
3675 1136 3776 1203 ρη-

2185 1222 2372 1284 θέντος
2418 1222 2703 1292 σολεμνίου
2738 1223 2839 1292 τὴν
2884 1222 3029 1292 ἐμὴν
3082 1222 3273 1294 μονὴν,
3303 1224 3336 1292 ἢ
3383 1223 3774 1293 καταδηλῶσαι

2183 1315 2215 1386 ἢ
2259 1314 2525 1380 ὑποτάξαι
2557 1315 2728 1386 αὑτήν
2759 1332 2866 1368 τινι
2897 1315 3256 1385 ἀξιωματικῷ
3287 1313 3582 1386 προσώπῳ,
3607 1317 3639 1386 ἢ
3672 1317 3774 1368 καὶ

2186 1406 2532 1474 ἀποξενῶσαι
2564 1408 2662 1478 τῆς
2697 1407 2958 1478 ρηθείσης
2991 1409 3160 1479 μονῆς
3199 1410 3297 1479 τῆς
3345 1407 3623 1478 βασιλείας
3665 1425 3776 1478 μου

2184 1499 2245 1552 τὸ
2296 1500 2675 1572 προσκυνητὶιν
2725 1502 2818 1554 καὶ
2876 1504 3144 1571 πανὰγιον
3194 1501 3350 1571 ξύλον
3381 1502 3474 1556 τοῦ
3504 1503 3779 1568 ζωοποιοῦ

2189 1594 2448 1667 σταυροῦ,
2471 1595 2531 1648 τὸ
2562 1595 2655 1648 τοῦ
2685 1596 2936 1666 οὐρανίου
2963 1596 3228 1666 βασιλέως
3259 1598 3416 1666 ἅγιον
3457 1597 3776 1662 ὑποπόδιον,

2188 1689 2267 1752 εἰς
2299 1688 2326 1742 ὂ
2367 1690 2659 1760 παρεγγυᾷ
2699 1689 2858 1760 ἡμῶν
2898 1692 2926 1743 ό
2969 1690 3330 1761 προφητὰναξ
3384 1690 3547 1744 Δαυῖδ
3597 1708 3776 1762 προσ-

2187 1781 2370 1833 κυνεῖν
2394 1779 2586 1847 λέγων·
2615 1800 2631 1831 ι
2655 1781 2998 1851 Είσὲλθωμεν
3020 1783 3099 1844 εἰς
3122 1783 3189 1834 τὰ
3219 1781 3560 1852 σκηνώματα
3579 1781 3774 1844 αὐτοῦ,

2188 1873 2656 1942 προσκυνήσωμεν
2677 1873 2759 1936 εἰς
2798 1875 2890 1928 τὶν
2926 1875 3116 1936 τόπον,
3150 1869 3213 1930 οὗ
3265 1874 3502 1945 ἔστησαν
3528 1877 3576 1928 οἱ
3612 1874 3778 1938 πόδες

2188 1963 2387 2016 αὑτοῦ·
2423 1983 2442 2016 ›
2473 1965 2501 2018 ὁ
2535 1963 2777 2028 τοιοῦτος
2823 1964 2900 2028 ὡς
2937 1966 3212 2037 ἱερόσυλος
3262 1967 3636 2038 εὐπορήσαιτο
3675 1967 3779 2035 τῆς

2190 2053 2478 2121 ἀσθενείας
2513 2057 2606 2111 τοῦ
2643 2057 2784 2112 Κάῖν
2817 2058 2911 2111 καὶ
2941 2057 3042 2128 τῆς
3087 2058 3249 2130 Γιεζῆ
3295 2058 3502 2130 λέπρας
3533 2060 3626 2115 καὶ
3676 2060 3779 2127 τῆς

2187 2149 2284 2202 τοῦ
2331 2149 2507 2203 ’ἰούδα
2545 2150 2808 2221 ἀγχόνης,
2846 2149 3008 2222 καὶὴ
3055 2152 3217 2222 μερὶς
3273 2151 3441 2206 αὐτοῦ
3485 2153 3624 2222 μετὰ
3668 2151 3784 2206 τῶν

2191 2243 2627 2313 σταυρωσάντων
2653 2243 2744 2298 τὸν
2769 2242 3092 2315 Κύριοντῆς
3119 2243 3296 2316 δόξης.
3327 2245 3406 2316 Τῇ
3436 2243 3569 2313 γοῦν
3601 2243 3781 2314 ἰσχύει

2190 2337 2284 2391 καὶ
2314 2335 2590 2408 ἐμφανείᾳ
2621 2335 2718 2389 τοῦ
2749 2339 3020 2410 παρόντος
3053 2336 3458 2411 χρυσοϐούλλου
3496 2337 3653 2406 λόγου
3676 2337 3783 2404 τῆς

2194 2430 2476 2501 βασιλείας
2511 2447 2611 2501 μου
2637 2429 2846 2501 ὀφείλει
2880 2430 3178 2501 λαμϐάνειν
3219 2431 3518 2494 ἀκωλύτως
3549 2433 3582 2501 ἡ
3606 2429 3785 2499 δηλω-

2193 2522 2348 2576 θεῖσα
2381 2521 2658 2592 σεδασμία
2703 2520 2940 2593 μεγίστη
2968 2520 3105 2592 μονὴ
3145 2521 3244 2590 τῆς
3281 2517 3563 2590 βασιλείας
3605 2535 3709 2588 μου
3745 2519 3783 2589 ἡ

2191 2612 2604 2683 ἐπικεκλημένη
2631 2611 3029 2682 Ξηροποτάμου
3072 2610 3180 2663 ἀπὸ
3210 2609 3302 2663 τοῦ
3338 2608 3432 2662 νῦν
3465 2609 3559 2662 καὶ
3596 2610 3676 2671 εἰς
3719 2608 3785 2660 τὸ

2191 2703 2322 2772 ἑξῆς
2345 2702 2408 2756 τὸ
2443 2703 2610 2774 ῥηθὲν
2647 2702 2940 2784 σολέμνιον.
2961 2701 3113 2772 παρὰ
3137 2700 3228 2754 τοῦ
3260 2700 3490 2770 ταμείου
3514 2700 3612 2768 τῆς
3645 2715 3786 2770 κρα-

2191 2796 2352 2859 ταιᾶς
2385 2795 2662 2866 βασιλείας
2682 2795 2790 2849 τῶν
2817 2795 3131 2867 Ῥωμαίων,
3158 2795 3244 2848 ἵνα
3273 2795 3401 2864 ποιῇ
3430 2792 3784 2863 λειτουργίαν

2192 2890 2340 2944 κατὰ
2373 2890 2483 2944 πᾶν
2522 2888 2804 2944 Σάϐϐατον
2843 2888 2987 2958 ὑπὲρ
3019 2887 3117 2958 τῆς
3151 2887 3436 2959 μακαρίας
3467 2886 3650 2958 ψυχῆς
3679 2887 3782 2955 τῆς

2193 2981 2618 3054 ὲρασμιωτάτης
2687 2999 2778 3052 μοι
2821 2981 3047 3052 ἀοδίμου
3088 2980 3407 3050 Δύγούστης
3455 2979 3785 3052 βασιλίσσης

2116 3094 2161 3155 C
2195 3074 2481 3145 Θεοδὼρας
2505 3073 2630 3144 ,ἔχῃ
2669 3072 2725 3125 δὲ
2753 3072 2844 3125 καὶ
2865 3071 2964 3142 τὴν
2985 3072 3326 3137 δεσποτείαν,
3357 3071 3698 3143 ἐπικαρπίαν
3719 3085 3783 3123 τε

2209 3168 2304 3222 καὶ
2335 3169 2444 3222 πᾶν
2479 3166 2745 3236 εῑσόδημα
2772 3165 2879 3218 τῶν
2924 3165 3196 3236 ῥηθέντων
3221 3163 3391 3235 τριῶν
3425 3164 3598 3232 ἁγίων
3623 3180 3786 3234 περι-

504 3253 739 3325 ωνύμων
762 3256 910 3311 ναῶν
939 3256 1014 3321 ὡς
1050 3256 1157 3311 ἴδια
1201 3257 1371 3330 αὐτῆς
1413 3259 1670 3332 κτήματα
1712 3260 2082 3332 καὶμετόχια,
2124 3259 2538 3332 διατηρουμένη
2602 3257 2863 3322 καθάπαξ
2901 3257 2966 3310 ὲκ
3009 3257 3210 3320 παντὸς
3252 3254 3532 3326 βασιλικοῦ
3594 3272 3653 3309 τε
3689 3257 3789 3312 καὶ

506 3347 844 3420 πατριαρχοῦ
873 3350 906 3421 ἢ
936 3351 1030 3404 καὶ
1051 3351 1319 3423 κοσμικοῦ
1346 3350 1658 3423 ἀξιώματος
1680 3353 1882 3425 ἀτελής
1901 3371 1962 3406 τε
1985 3355 2080 3410 καὶ
2117 3355 2292 3423 ἀνεπη
2303 3353 2549 3424 ρέαστος.

564 3445 633 3499 1η
685 3445 936 3501 stabilem
984 3446 1147 3518 igitur
1183 3456 1233 3504 et
1267 3448 1568 3504 durabilem
1615 3450 2086 3507 conﬁrmationem

498 3535 696 3588 borum
746 3535 945 3590 factum
986 3545 1073 3592 est
1107 3552 1349 3609 praesens
1377 3538 1824 3610 cbrysobullense
1851 3540 2086 3598 edictum

508 3636 707 3682 nostra:
749 3626 848 3697 pias
899 3627 1265 3699 imperatoriae
1307 3632 1613 3699 potestatis,
1668 3631 1852 3688 datum
1909 3647 2096 3690 mense

492 3718 802 3774 "Februario
849 3719 1160 3790 incipientis
1191 3719 1309 3794 [l2]
1340 3721 1650 3780 indictiouis
1678 3724 1805 3780 anni
1839 3724 2000 3792 6452,
2042 3727 2094 3782 in

504 3828 611 3880 quo
649 3821 833 3868 nostra
881 3813 969 3884 pi'a
1002 3823 1061 3870 et
1089 3815 1199 3871 Deo
1228 3816 1580 3888 acceptabilis
1623 3818 1963 3890 proclatnata
2010 3830 2094 3878 est

504 3914 760 3973 potestas.

577 4016 852 4075 Romanus
894 4022 944 4074 in
987 4021 1196 4076 Christo
1237 4024 1340 4097 [leo
1377 4025 1550 4092 ﬁdelis
1586 4030 1874 4097 impcratm
1900 4041 1947 4085 et

876 4101 1186 4146 antorrator
1229 4093 1611 4153 Romanorum.

2269 3451 2366 3514 Είς
2399 3447 2532 3518 γοῦν
2557 3447 2789 3519 μόνιμον
2824 3445 2916 3500 καὶ
2939 3442 3166 3517 διηνεκῆ
3192 3443 3293 3516 τὴν
3333 3441 3637 3511 ἀσφάλειαν
3667 3443 3785 3498 tati”

2199 3562 2293 3598 του
2322 3543 2540 3613 ἐγένετο
2568 3540 2661 3596 καὶ
2685 3541 2712 3593 ό
2737 3538 2929 3612 παρὼν
2956 3537 3357 3610 χρυσόϐουλλος
3373 3536 3532 3604 λόγος
3565 3535 3664 3603 τῆς
3695 3536 3788 3588 εὐ-

2199 3635 2392 3700 σεϐοῦς
2427 3634 2586 3706 ἡμῶν
2612 3630 2914 3704 βασιλείας,
2938 3628 3237 3690 ἀπολυθεὶς
3274 3626 3417 3681 κατὰ
3457 3627 3601 3696 μῆνα
3641 3624 3783 3676 Φευ-

2201 3733 2458 3805 ρουόιριον
2480 3730 2579 3801 τῆς
2611 3727 2973 3798 ἐνισταμένης
3003 3724 3119 3798 ἶιβἹ
3155 3722 3485 3784 ἰνδικτιῶνος
3503 3719 3597 3772 τοῦ
3630 3719 3786 3781 ἔτους

2202 3821 2380 3896 ςυλβ’,
2406 3823 2464 3876 ὲν
2493 3814 2537 3890 ᾧ
2568 3821 2662 3875 καὶ
2684 3819 2745 3873 τὸ
2774 3818 3047 3889 ἡμέτερον
3073 3814 3297 3879 εὐσεϐὲς
3319 3811 3412 3867 καὶ
3439 3808 3783 3881 θεοπρόὸλη-

2196 3933 2286 3972 τον
2320 3915 2497 3984 ὑπεση
2508 3911 2728 3984 μήνατό
2748 3911 2972 3982 κράτος.

2212 4030 2512 4102 Ῥωμανὸς
2539 4029 2609 4084 ἐν
2639 4028 2876 4102 Χριστῷ
2919 4025 3012 4102 (ab,
3057 4026 3183 4102 est?)
3224 4024 3442 4102 πιστὸς
3485 3989 3778 4088 ,βασιλεὺς

2555 4100 2654 4156 καὶ
2680 4097 3060 4169 αὐτοκράτωρ
3093 4097 3420 4169 Ῥωμαίων.
