4170 6426
459 225 3693 284 Mm

1057 440 1642 598 PETRI
1761 429 3083 596 WESSELINGII

1304 897 1965 992 HlEllOCLiS
2038 866 2862 988 SYNECDEMUM

1530 1112 2635 1229 PROLEGOMENA.

858 1347 1154 1416 (“inerat-ia
1189 1353 1350 1400 vetera
1387 1347 1730 1397 Romanorum.
1766 1339 2133 1390 Amstelazdami
2161 1351 2288 1387 anno
2316 1336 2433 1387 1755
2458 1336 2610 1387 edita.
2638 1363 2697 1371 —
2722 1336 2844 1386 V’ide
2879 1349 3026 1398 supra
3059 1336 3153 1386 col.
3185 1337 3312 1398 141.)

516 1680 784 1740 liieroclis
805 1679 1179 1753 Synecdemus
1219 1674 1350 1746 quin
1369 1671 1586 1742 egregia
1615 1667 2028 1724 itinerariorum

444 1766 690 1826 accessio
752 1764 919 1820 fuerit
951 1762 1157 1818 nullum
1222 1756 1444 1814 dubiant
1476 1764 1597 1811 est:
1637 1753 1839 1818 lirmat,
1912 1765 2032 1819 quae

440 1852 608 1908 dubia
635 1851 692 1905 in
720 1848 829 1905 illis
851 1857 1017 1916 atque
1047 1845 1254 1899 incerta
1281 1840 1630 1904 videbantur,
1677 1835 2032 1903 indidemque

448 1936 689 1992 vicissim
754 1930 1080 2002 adjuvatur;
1140 1924 1417 1983 uberrime
1464 1930 1749 1992 praeterea,
1803 1933 1924 1990 qua:
1978 1917 2031 1972 in

442 2021 688 2078 Orientis
722 2017 811 2073 illa
865 2013 1160 2086 provinciis
1201 2007 1605 2081 praeterieram,
1634 2004 1833 2075 explet.
1869 2002 2035 2072 Igitur

444 2108 503 2160 in
533 2104 858 2174 scriptorem
911 2109 1074 2168 atque
1106 2097 1276 2165 ipsam
1315 2090 1566 2148 notitiam
1600 2093 1727 2144 abte
1773 2087 2028 2156 inquira-

449 2205 571 2245 mus
631 2173 796 2260 quam
821 2185 875 2241 in
932 2199 1048 2238 rem
1085 2187 1409 2251 praesentem
1442 2176 1747 2233 veniamus.
1799 2173 1878 2230 Ne
1908 2187 2036 2229 vero

444 2291 478 2328 a
509 2257 680 2328 limite
734 2266 1008 2340 progressi
1041 2265 1093 2320 in
1153 2259 1569 2319 molestissimas
1619 2257 1867 2315 salebras
1900 2257 2037 2312 inci-

445 2359 662 2423 damus,
704 2355 842 2410 duce
883 2352 1213 2420 imperatore
1241 2343 1604 2402 Constantino
1635 2342 2019 2414 Porphyroge-

449 2441 566 2495 nito
606 2448 841 2503 utemur,
888 2434 1008 2505 qui,
1034 2439 1297 2503 quantum
1330 2427 1537 2485 rescire
1581 2425 1756 2490 licuit,
1824 2425 2036 2494 primus

449 2526 504 2580 in
536 2521 870 2580 tbematibus
921 2517 1133 2588 imperii
1169 2513 1488 2572 ordinandis
1545 2509 1814 2566 Hieroclis
1869 2507 2037 2578 Syne-

445 2611 691 2665 cdemum
719 2607 773 2662 in
797 2603 1085 2662 consilium
1111 2599 1418 2655 adhibuitl.
1442 2613 1502 2663 ll,
1567 2596 1734 2651 them.
1781 2597 1842 2650 l:
1881 2595 2040 2663 Μαρ-

449 2695 607 2766 τυρεί
631 2734 649 2764 ,
693 2690 891 2761 inquit,
952 2687 1030 2758 τῷ
1062 2685 1207 2756 λόγῳ
1243 2682 1354 2766 mi,
1375 2681 1650 2753 Ἱεροκλῆς
1683 2681 1711 2733 ὁ
1765 2695 2037 2766 Impact-

450 2761 603 2842 ctatbc
632 2761 680 2830 ὀ
741 2773 960 2846 γράψας
986 2770 1098 2841 λτὸν
1133 2765 1548 2835 Σπονέκδημον,
1606 2765 1668 2819 τὸ
1728 2763 1837 2816 τῶν
1872 2761 2037 2846 AcM-

449 2880 606 2933 γκων
645 2845 796 2923 ἔθνος
841 2861 908 2929 τῇ
938 2855 1138 2928 Θρᾴκῃ
1191 2849 1571 2921 συναριθμῶν,
1604 2847 1799 2933 λέγων
1835 2845 2035 2933 οὕτως·

457 2930 650 3005 ᾇΕῐσὶν
697 2945 755 3001 αἱ
785 2944 960 2998 πᾶσαι
995 2939 1265 3010 ὲπαρχίαι
1296 2938 1391 2991 καὶ
1431 2933 1640 3001 πόλεις,
1699 2932 1758 2988 αἱ
1782 2930 1888 2986 ὑπὸ
1947 2931 2040 2983 τὸν

452 3030 684 3105 βασιλέα
731 3027 842 3082 τῶν
893 3023 1185 3095 Ῥωμαίων
1250 3017 1631 3105 διοικούμενος.
1665 3017 1758 3070 τὸν
1790 3016 1850 3069 ὲν
1887 3014 2045 3068 Κων-

456 3101 923 3176 ξπαντινουπόλει,
957 3106 1224 3179 ὲπαρχίαι
1258 3105 1358 3177 μὲν
1390 3122 1445 3158 κ.
1473 3103 1554 3180 λ.)
1588 3103 1630 3157 Ε
1669 3101 1866 3171 quibus
1931 3113 2046 3153 me-

453 3200 724 3257 ritissimo
783 3194 1014 3267 colligas
1040 3189 1368 3265 Syneedemi
1400 3188 1722 3258 scriptorem
1776 3184 2048 3240 Constan-

459 3286 570 3341 tino
632 3283 963 3352 imperatore
1011 3285 1068 3332 ct
1099 3273 1300 3331 saeculo
1322 3286 1468 3329 nono
1496 3285 1619 3326 esse
1648 3270 1887 3340 priorem
1917 3284 1932 3333 ;
1958 3275 2044 3321 at-

457 3383 564 3437 que
593 3368 668 3422 ita
720 3365 822 3420 viri
869 3358 1164 3418 clarissimi
1200 3355 1521 3413 Emmanuel
1573 3353 2045 3415 Sebelstratenus,

451 3434 618 3508 .ioan.
649 3449 769 3506 Alb.
798 3445 1086 3502 Fabricius
1129 3453 1185 3498 et
1208 3439 1497 3496 Anselmus
1550 3437 1860 3492 Bandurius
1887 3434 2048 3490 iusti-

460 3544 701 3603 luerunt,
768 3543 1078 3603 quanquam
1147 3526 1234 3580 hic
1291 3524 1518 3593 insuper
1567 3521 1719 3575 addit
1774 3520 2046 3574 incertum

459 3637 585 3678 esse
643 3617 872 3676 omnino
935 3628 1044 3685 quo
1095 3622 1340 3680 tempore
1402 3604 1668 3662 ﬂoruerit.
1725 3603 1958 3659 Carolus
2017 3617 2048 3655 a

462 3705 522 3759 S.
587 3702 755 3759 Paulo
814 3699 960 3756 circa
1041 3696 1442 3750 Saracenorum
1509 3697 1724 3744 aetatem
1784 3688 2048 3756 scriptum

461 3787 844 3859 suspicabatur
911 3779 1311 3852 Synecdemum,
1343 3772 1487 3859 quod
1517 3772 1656 3859 ejus
1678 3769 1858 3859 e_odicl_
1929 3769 2048 3859 plu-

467 3854 577 3930 res—
614 3868 929 3944 provinciis,
986 3879 1124 3935 quas
1181 3871 1304 3933 post
1335 3857 1647 3914 lleraclium
1683 3855 1860 3911 Graeci
1908 3854 2049 3909 ami-

463 3940 672 4022 serunt,
708 3955 1008 4016 deessent;
1072 3963 1195 4018 quae
1254 3960 1377 4007 cum
1432 3957 1497 3999 ex
1547 3940 1890 3996 Farnesiano
1945 3954 2048 3995 ms.

464 4040 680 4097 caeteris
721 4035 1056 4094 accesserint
1105 4030 1421 4104 provincitc,
1475 4027 1585 4082 ruit
1654 4033 1711 4081 et
1778 4024 1868 4078 illa
1927 4039 2052 4080 sus-

464 4126 629 4196 picto.

541 4210 816 4263 Hactenus
875 4203 1059 4272 itaque
1091 4199 1196 4256 nisi
1255 4195 1620 4254 incertissima
1664 4195 1732 4251 de
1798 4193 2050 4250 Hierocle

467 4303 597 4349 sunt
648 4289 882 4360 prodita.
911 4285 1142 4356 Propius
1168 4282 1298 4355 :ejus
1327 4291 1542 4336 aetatem
1596 4279 1658 4334 L.
1714 4277 2051 4333 llolsteinius

466 4377 697 4433 delinire
743 4385 1037 4443 aggressus
1069 4381 1157 4424 est
1205 4370 1273 4422 ad
1322 4361 1762 4432 Pulcheriopeiin
1787 4360 2052 4416 Thesauri

464 4459 730 4518 Orteliani
761 4474 775 4512 :
805 4476 824 4508 ι
851 4455 1112 4518 Civitas,»
1136 4453 1330 4522 inquit,
1360 4468 1378 4501 ι
1403 4449 1549 4518 Epiri
1586 4463 1736 4504 nova:
1762 4447 1816 4502 in
1852 4444 2055 4500 Notitia

473 4543 762 4608 llieroclis,
823 4541 913 4595 ubi
967 4539 1114 4593 male
1179 4532 1678 4607 Πολυχεριούπολις
1724 4547 1821 4608 pro
1879 4529 2054 4584 Πουλ-

473 4605 819 4704 χεριούπολις
848 4625 1048 4681 editur.
1103 4605 1553 4689 Accepitautem
1623 4605 1819 4672 nomen
1851 4630 1878 4667 a
1937 4613 2058 4668 i’nl-

472 4698 660 4772 cheria
716 4712 984 4782 Augusta,
1013 4704 1166 4773 cujus
1199 4703 1314 4758 haec
1344 4702 1538 4756 notitia
1571 4709 1818 4769 tempore
1855 4698 2056 4766 scripta

476 4799 747 4854 videtur.»
785 4796 1072 4863 Optassem
1123 4788 1276 4857 plura
1331 4785 1413 4838 vir
1475 4784 1726 4854 egregius
1780 4781 2061 4838 constabi-

477 4883 671 4941 lienda‘.
721 4876 984 4951 opinioni,
1012 4888 1130 4944 qua;
1163 4871 1236 4927 illi
1282 4873 1336 4925 in
1367 4868 1567 4924 mundo
1593 4869 1762 4924 fuisse
1803 4881 1908 4922 non
1942 4882 2060 4920 am-

477 4972 624 5039 bigo,
657 4950 1040 5035 produxisset:
1072 4973 1198 5012 nam
1231 4955 1346 5011 sola
1380 4952 1498 5024 ejus
1518 4952 1672 5007 urbis
1702 4950 1909 5006 mentio
1943 4963 2056 5004 rem

476 5035 586 5107 non
608 5046 916 5106 constituit.
941 5043 1212 5110 Quantum
1239 5035 1553 5105 conjectura
1579 5035 1797 5104 assequi
1818 5045 2060 5104 possum,

477 5133 744 5205 impulsus
779 5131 832 5185 in
890 5143 1009 5184 eam
1045 5136 1130 5182 est
1184 5121 1508 5178 sententiam
1562 5119 1678 5190 ipsa
1739 5119 2061 5190 Synecdemi

479 5203 864 5289 dispositione:
897 5209 1192 5282 provincia:
1217 5205 1455 5289 Orientis
1477 5207 1666 5259 eodem
1729 5203 1817 5258 hic
1840 5203 2064 5272 digestae

483 5287 643 5358 modo
676 5311 734 5355 ut
784 5299 838 5354 in
889 5297 1168 5367 Ephesino
1215 5301 1268 5348 et
1304 5287 1740 5344 Cbaleedonensi
1793 5288 2064 5354 conciliis,

481 5389 670 5446 codice
727 5384 1107 5440 Tltcodosiano
1135 5387 1190 5434 et
1270 5373 1472 5431 Notitia
1554 5371 1766 5442 imperii
1827 5371 2068 5430 Orientis

481 5469 914 5541 conspiciuntur,
947 5481 1047 5521 nec
1090 5464 1213 5520 aliis
1265 5461 1674 5532 magistratibus
1716 5470 1942 5528 parent:
1977 5475 2070 5514 ve-

484 5555 642 5626 stigia
722 5551 1156 5613 innovationum,
1211 5563 1348 5618 quas
1411 5546 1671 5616 deinceps
1729 5543 2068 5600 Justinianus

484 5625 583 5695 est
622 5636 840 5696 molitus
869 5676 886 5698 ,
927 5633 1013 5689 vix
1047 5631 1153 5690 ulla
1208 5639 1490 5702 apparent,
1549 5630 1862 5698 omniaque,
1894 5625 2068 5685 Theu-

2143 1664 2279 1719 dosii
2335 1662 2629 1718 secundiet
2662 1660 2922 1727 Marciani
2965 1663 3301 1731 tcmporinus
3333 1662 3510 1730 prima
3545 1661 3726 1719 fronte

2142 1748 2284 1802 haud
2309 1745 2452 1800 male
2504 1745 2835 1813 respondere
2870 1744 3141 1800 videntur.
3170 1746 3346 1815 Atque
3375 1745 3490 1800 lucc
3510 1746 3554 1800 si
3587 1748 3723 1800 citra

2137 1830 2362 1886 dubium
2383 1825 2586 1895 forent,
2621 1843 2789 1897 prona
2805 1829 2871 1882 ad
2900 1827 3288 1898 suspicandum
3313 1829 3396 1881 via
3421 1828 3728 1898 aperiretur

2137 1914 2440 1970 Hieroclem
2471 1928 2575 1968 non
2606 1913 2769 1966 alium
2799 1923 2965 1982 atque
2985 1927 3108 1967 eum
3142 1925 3264 1966 esse
3289 1925 3452 1980 quem
3474 1911 3725 1966 Φιλίστο-

2143 2015 2240 2068 ρας
2270 1997 2461 2066 λόγους
2491 1996 2776 2066 reliquisse
2804 1994 2964 2053 Juau.
2989 1993 3218 2051 Tz-etzes
3230 1994 3468 2051 Chaliad.
3491 2010 3585 2062 vn,
3603 1997 3728 2063 144,

2142 2083 2295 2139 testis
2335 2083 2419 2138 bis
2472 2080 2724 2137 versibus
2757 2088 2874 2136 est:

2153 2208 2465 2276 Ἱεροκλῆς
2496 2208 2786 2272 ὡσαύτως
2819 2206 3220 2276 Φιλίστορσιν
3248 2207 3318 2260 ἐν
3351 2207 3565 2276 λόγοις

2153 2279 2336 2348 Ἑξῆς
2369 2279 2459 2344 δὲ,
2487 2279 2704 2348 λέγων,
2723 2277 2983 2346 Εῖδομεν
3012 2281 3217 2348 χώραν
3239 2279 3726 2347 αὑχμηροτάτην.

2153 2347 2335 2413 Ἡλίῳ
2367 2347 2756 2419 φλεγομένην
2793 2364 2880 2410 τε,
2920 2350 3021 2401 καὶ
3051 2347 3188 2419 περὶ
3229 2349 3457 2419 ταύτην
3503 2349 3732 2418 ἄνδρα(-

2143 2415 2436 2512 {XM-oft
2446 2415 2793 2512 μνέτζςζους,
2807 2435 2890 2512 τε,
2919 2420 3072 2512 πρρς
3094 2417 3313 2502 xciv-mc
3349 2415 3456 2504 τῆς
3479 2415 3731 2512 ἐρήμου.

2181 2486 2272 2545 ar
2319 2494 2372 2546 οὶ
2395 2491 2508 2559 μὲν
2561 2487 2936 2559 daedala-{or
2957 2488 3023 2541 τὸ
3051 2490 3383 2559 πρόσωπον
3414 2486 3639 2554 (helori,

2151 2561 2296 2628 Τοὺς
2343 2557 2538 2626 πόδας
2596 2558 3070 2625 δ’ἀνατειίὊντες
3131 2557 3200 2613 τὸ
3255 2559 3509 2629 uiuam;
3575 2559 3733 2618 ἄλλο

2692 2663 2695 2665 ’
3490 2646 3707 2686 Ισωιια.

2246 2626 2285 2718 ί
2649 2700 2660 2718 '
2692 2663 2695 2665 ›
2872 2697 2885 2710 ⁸
3339 2626 3349 2629 ⁷
3486 2626 3707 2711 [σῶμα.

2150 2706 2385 2757 Τουτων
2407 2701 2476 2757 δὲ
2509 2703 2787 2772 Στραϐων
2809 2713 3132 2772 μεμνηται,
3161 2698 3264 2752 καί
3305 2715 3371 2753 τε
3439 2717 3560 2772 tow
3596 2705 3734 2756 ἀκε-

2145 2843 2256 2899 Kal
2290 2843 2409 2897 τῶν
2440 2841 2873 2911 δεκακεςςάλων
2908 2856 2973 2894 τε
3021 2840 3118 2894 καὶ
3159 2771 3736 2911 τετραχειροξόιὲἶξῖ

2152 2915 2409 2984 Οῢσπερ-
2437 2914 2554 2984 ἐγὼ
2593 2918 2707 2968 οὐκ
2740 2913 2972 2984 (Supina,
3001 2911 3196 2981 φησιν
3225 2916 3260 2966 ὀ
3292 2913 3658 2982 Ἱεροκλέης·

2153 2985 2346 3041 Ταῦτα
2359 2981 2718 3054 ίίεροκλέης
2759 2982 2902 3052 μέν.

2220 3095 2412 3166 Liquet
2428 3095 2573 3159 inde,
2597 3093 2741 3164 quod
2764 3092 3049 3149 verissime
3072 3091 3230 3149 Joan.
3253 3095 3583 3152 Pearsonins
3605 3094 3739 3152 Pro-

2148 3184 2255 3253 leg.
2285 3186 2338 3239 in
2373 3193 2672 3240 comment.
2700 3181 2926 3237 alterius
2953 3180 3220 3238 Hieroclis
3259 3184 3325 3236 ad
3344 3184 3528 3239 Aurea
3549 3185 3736 3239 Carm.

2150 3269 2484 3332 observavit,
2518 3268 2666 3323 illum
2707 3266 2800 3336 qui
2821 3264 3148 3334 Φιλίστορας
3177 3266 3401 3330 scripsit
3425 3281 3588 3336 quam
3613 3268 3736 3337 pitt-

2149 3352 2317 3407 rimas
2360 3351 2614 3422 regiones
2655 3364 3000 3421 peragrasse,
3038 3363 3236 3418 resque
3267 3349 3320 3402 in
3374 3349 3569 3405 itinere
3591 3350 3740 3408 visas

2151 3443 2246 3490 aut
2267 3434 2487 3490 aliunde
2507 3436 2753 3504 cognitas
2787 3435 2988 3502 scripto
3012 3431 3321 3498 tradidisse,
3351 3441 3405 3488 et
3426 3432 3597 3489 libros
3616 3438 3741 3506 qui-

2150 3521 2252 3576 bus
2281 3519 2398 3576 ltzec
2455 3520 2636 3575 omnia
2671 3528 2790 3573 erat
2837 3517 3150 3586 complexus
3173 3515 3497 3588 Φιλίστορας
3552 3523 3734 3576 ηοωῑ-

2152 3618 2336 3662 nasse.
2371 3602 2490 3661 Jam
2524 3617 2647 3658 cum
2691 3601 2962 3656 Strabone
3006 3601 3277 3667 posterior
3335 3610 3390 3655 et
3425 3600 3728 3673 Stephano,

2153 3689 2246 3758 qui
2275 3703 2398 3743 eum
2436 3689 2490 3742 in
2529 3689 2854 3759 Βραχμᾶνες
2889 3696 2943 3741 et
2969 3686 3253 3757 Ταρκυνία
3281 3693 3475 3742 testem
3503 3688 3744 3757 appella-

2154 3772 2306 3838 lavit,
2344 3782 2437 3827 aut
2492 3773 2668 3842 prior,
2703 3780 2796 3825 aut
2825 3771 3050 3840 aqualis
3103 3770 3289 3836 fuerit,
3328 3773 3670 3842 nonulique,
3693 3776 3742 3827 si

2155 3865 2350 3912 caetera
2383 3856 2549 3927 probe
2576 3856 2932 3922 quadrareut,
2962 3856 3266 3910 absurdum
3296 3853 3438 3912 foret
3491 3855 3738 3910 Φιλιστὸ-

2158 3958 2266 4013 ρων
2289 3950 2345 3994 et
2417 3939 2765 4011 Συνεκδήμου
2787 3939 3039 3994 eumdem
3091 3949 3372 4007 parentem
3425 3955 3741 4010 agnoscere,

2156 4027 2454 4096 praesertim
2504 4039 2625 4080 cum
2660 4023 3028 4094 Synecdemus
3053 4022 3245 4079 similis
3272 4024 3470 4095 ingenii
3511 4025 3746 4095 scripto-

2159 4126 2271 4166 rem
2301 4117 2558 4165 ostentet.
2614 4107 2917 4176 Quominus
2937 4115 3126 4162 tamen
3160 4107 3214 4160 iu
3252 4107 3338 4162 his
3370 4108 3744 4178 acquiescam,

2155 4209 2325 4264 pauca
2377 4191 2607 4259 faciunt,
2640 4194 2735 4248 sed
2792 4191 2918 4246 talia
2953 4207 3076 4262 qua:
3125 4191 3457 4248 validissime
3510 4200 3564 4247 et
3621 4192 3750 4248 huic

2159 4278 2488 4345 conjecturae
2506 4289 2558 4332 et
2581 4279 2640 4330 ιι.
2671 4275 2956 4330 Ilolsleinii
2973 4275 3258 4330 sententia
3281 4287 3542 4344 pugnant.
3560 4277 3748 4333 Primo

2156 4361 2306 4434 enim
2371 4359 2742 4431 Synecdemns
2775 4358 2828 4413 in
2899 4358 3183 4426 provincia
3215 4355 3498 4412 Osi-hocne
3560 4356 3747 4414 Leon-

2163 4443 2364 4514 topolin
2421 4452 2696 4505 recenset,
2739 4455 2847 4511 quo
2872 4441 3098 4496 nomine
3121 4439 3446 4494 Callinicum
3473 4440 3680 4512 aliquot
3715 4459 3747 4497 a

2162 4539 2338 4583 morte
2412 4525 2674 4582 Marciani
2712 4526 3059 4597 imperatoris
3093 4524 3250 4578 annis
3287 4534 3542 4578 ornatum
3576 4525 3753 4582 fuisse

2163 4629 2263 4670 suo
2323 4615 2442 4669 loco
2510 4613 2842 4675 ostendant;
2901 4608 3099 4664 deinde
3168 4609 3219 4662 in
3267 4607 3472 4663 Pisidia
3521 4610 3750 4681 reliquis

2165 4701 2390 4755 urbibus
2442 4695 2903 4765 Justiuianopolin
2934 4703 3213 4758 accenset,
3243 4708 3366 4762 quae
3397 4709 3522 4749 cum
3551 4712 3578 4749 a
3601 4698 3752 4751 nullo

2164 4785 2270 4839 nisi
2335 4782 2453 4853 ejus
2516 4781 2754 4836 nominis
2797 4780 3150 4849 imperatore,
3205 4788 3258 4832 et
3300 4779 3755 4849 miriﬁcehujus-

2166 4867 2310 4923 modi
2367 4866 2541 4922 titulis
2595 4873 2776 4933 capto,
2833 4862 3215 4931 cognominata
3287 4862 3381 4927 sit,
3433 4862 3554 4918 sine
3581 4863 3753 4920 dubio

2167 4951 2424 5021 scriptor,
2468 4953 2562 5020 qui
2597 4963 2717 5004 eam
2780 4954 3072 5013 memorat,
3129 4955 3187 5000 et
3219 4944 3501 5015 Stephano
3527 4949 3750 5002 urbium

2167 5038 2526 5105 explanatore
2557 5042 2612 5088 et
2641 5032 2930 5087 Pulchcria
2969 5032 3214 5102 Augusta
3255 5033 3444 5085 multis
3470 5031 3629 5086 annis
3662 5047 3752 5087 re-

2167 5119 2380 5176 centior
2429 5127 2532 5174 est.
2584 5118 2727 5173 Idem
2768 5117 2992 5187 colligas
3021 5131 3088 5171 ex
3116 5115 3397 5186 provincia
3444 5115 3751 5180 Pannonia,
3803 5146 3808 5150 ι

2168 5219 2288 5273 quae
2342 5200 2586 5258 Orientis
2635 5203 2860 5272 imperio
2887 5201 2976 5255 hic
3007 5200 3327 5268 subjicitur:
3361 5199 3448 5252 illa
3484 5197 3749 5252 Marciani

2169 5287 2398 5357 Augusti
2453 5295 2700 5356 tempore
2787 5285 2992 5339 amissa
3055 5298 3284 5353 prorsus
3359 5289 3502 5347 erat,
3559 5283 3757 5352 prmda:

2170 5352 2350 5428 Attila:
2397 5352 2580 5442 atque
2614 5370 2829 5426 llunnis
2873 5352 3146 5441 exposita,
3186 5375 3563 5438 prmtereaqne
3595 5377 3749 5421 extra
3789 5352 3797 5377 ¹

2171 5458 2470 5515 Orientalis
2516 5457 2732 5528 imperii
2781 5458 2944 5522 tinos,
3002 5464 3063 5509 ut
3106 5469 3175 5509 ex
3225 5451 3431 5508 Notitia
3467 5451 3757 5522 utriusque

2176 5543 2391 5614 imperii
2451 5543 2822 5598 certissimum
2869 5549 2996 5601 est;
3041 5552 3203 5606 quam
3249 5550 3369 5591 cum
3433 5536 3760 5603 reciperarit

2172 5629 2351 5685 virtus
2402 5636 2458 5686 et
2514 5625 2855 5699 providentia
2904 5620 3222 5689 Justiniaui,
3254 5619 3415 5677 sicuti
3441 5619 3658 5678 Novella
3689 5621 3747 5675 lt
