4170 6456
408 254 543 326 1071

1428 240 1819 306 ‘ADDENDA.
1863 264 1932 276 --
1966 237 2032 297 P.
2073 233 2590 298 WESSELINGII

3522 234 3674 302 10τὲ

404 368 649 444 praefert,
705 362 893 432 utique
920 358 986 414 ad
1034 356 1154 430 ejus
1208 362 1426 444 aetatem
1461 346 1975 444 demittendus-Ilie-

2090 345 2153 400 ἑκ
2177 346 2277 418 τῆς
2298 345 2699 412 Καππαδοκίας
2715 344 2841 444 diser;
2867 361 2880 399 :
2914 344 3188 444 sed'prius
3228 343 3667 444 prmpptaverittt,

402 432 578 511 ioeles
598 450 743 515 erit;
784 462 891 518 qua
921 460 989 499 an
1026 444 1192 499 etiam
1250 441 1419 497 multo
1468 439 1637 511 possit
1682 450 1803 491 esse
1838 432 1980 488 infe-

401 540 535 604 rior,
579 547 726 590 nunc
746 526 1270 598 circumspiciamus.

474 621 673 676 Notum
718 616 775 670 in
828 613 1027 683 vulgus
1077 618 1162 665 est
1196 607 1365 662 multa
1405 620 1528 661 eum
1591 604 1978 674 imperatorem

356 708 462 762 ‘in
537 699 944 775 provinciarum
1002 690 1474 775 administratione
1542 696 1817 775 mutasse:
1882 685 1983 775 has

404 770 554 845 aliis'
582 781 995 853 magistratibus
1047 774 1365 837 mandasse.
1408 772 1620 827 illarum
1644 770 1858 826 nomina
1888 774 1984 823 aut

408 869 952 936 sustulisseprorsus
976 869 1067 915 aut
1086 874 1149 914 ex
1184 857 1328 913 binis
1375 869 1536 911 unam
1573 864 1629 910 et
1658 854 1898 909 vicissim
1916 867 1981 904 cx

405 970 518 1012 una
566 954 723 1009 binas
770 947 1000 1002 fecisse:
1048 941 1331 1015 Hierocles
1397 954 1528 995 vero
1587 953 1710 993 cum
1742 936 1985 992 Orientis

406 1039 564 1095 nobis
606 1028 983 1088 annumerarit
1036 1023 1369 1096 provincias,
1395 1020 1629 1092 singulis
1671 1035 1799 1075 suos
1839 1034 1983 1088 prm-

405 1123 616 1193 positos
664 1116 974 1184 imponens,
997 1108 1229 1164 fortasse
1255 1108 1341 1162 bis
1395 1106 1447 1161 itt
1477 1103 1769 1193 consilium
1800 1099 1984 1155 missis

404 1186 461 1261 et
494 1215 679 1259 secum
720 1196 951 1252 invicem
984 1190 1316 1260 comparatis
1352 1203 1507 1244 suam
1564 1186 1723 1242 nobis
1767 1193 1984 1240 aetatem

384 1285 731 1357 ostenderit.
777 1278 933 1336 Viam
986 1278 1129 1333 hanc
1157 1290 1327 1346 nuper
1367 1274 1659 1357 ingressus
1680 1280 1765 1325 est
1789 1268 1985 1357 erudi-

413 1353 501 1429 tus
524 1377 715 1426 auctor
744 1365 972 1419 Dissert.
991 1357 1368 1430 Cltorograplt.
1388 1356 1509 1411 Ital.
1542 1354 1687 1410 med.
1706 1353 1803 1410 aevi
1835 1353 1982 1407 Sect.

408 1459 466 1523 5,
500 1454 659 1525 cujus
709 1450 956 1514 duetutn,
990 1451 1180 1499 nostra
1229 1441 1432 1531 passim
1494 1438 1901 1531 adspergentes,
1932 1436 1985 1490 in

404 1543 495 1597 his
552 1524 886 1605 vestigandis
939 1539 1254 1596 sequemur.
1320 1524 1467 1595 Ergo
1506 1537 1632 1578 cum
1691 1524 1919 1576 mutatis
1956 1533 1986 1572 a

404 1620 719 1680 Justiniano
776 1612 1186 1686 provinciarum
1238 1608 1653 1678 magistratibus
1680 1605 1985 1661 ordiamur.

402 1707 568 1764 iubet
624 1703 716 1758 ille
759 1697 979 1754 Novella
1023 1695 1096 1750 24
1122 1711 1172 1750 c.
1209 1696 1231 1749 l
1292 1703 1349 1748 ιιι
1385 1692 1480 1762 qui
1530 1691 1747 1746 Pisidia:
1773 1688 1984 1762 praesit,

404 1800 605 1860 prtetor
674 1781 1052 1839 Jttstinianeus
1101 1779 1174 1833 sit
1220 1786 1277 1832 et
1334 1783 1594 1860 vocetur;
1655 1789 1764 1860 quo
1797 1771 1987 1860 tardem

406 1854 617 1927 honore
647 1862 939 1937 Lycaoniae
988 1860 1300 1930 praefectum
1333 1857 1466 1912 Nov.
1497 1855 1570 1910 25
1595 1870 1646 1910 c.
1673 1856 1697 1909 l
1733 1854 1986 1910 et'l‘ltra-

406 1956 508 2012 cite
544 1950 681 2006 Nov.
722 1946 794 2002 26
844 1953 1034 2011 ornat;
1068 1955 1298 2013 quarum
1344 1938 1747 2009 provinciarum
1780 1950 1991 2006 priapo-

406 2037 498 2092 siti
536 2032 777 2090 Hieroeli
853 2037 980 2084 sunt
1034 2023 1373 2080 consulares.
1435 2019 1690 2076 Decernit
1726 2025 1987 2088 praeterea

405 2116 708 2187 ntPhrygia
733 2110 1023 2168 Pacatiana
1042 2117 1093 2163 et
1126 2107 1253 2163 item
1272 2103 1482 2160 Galatia
1510 2102 1687 2187 prima
1714 2101 1992 2187 spectabi-

407 2202 515 2256 lem
541 2184 602 2254 in
617 2184 894 2269 posterum
924 2188 1476 2255 eomitemhabeant;
1511 2186 1600 2241 cui
1621 2184 1838 2255 utrique
1854 2198 1990 2269 con-

406 2265 702 2340 sularis-ab
729 2274 979 2333 Hierocle
1003 2272 1319 2344 imponitur.
1348 2270 1436 2325 Est
1460 2271 1510 2324 in
1529 2269 1862 2340 Syneedemo
1888 2265 1992 2324 Pa-

408 2363 698 2437 phlagonia
712 2359 816 2416 sub
833 2366 1164 2421 correctore,
1178 2354 1275 2425 qui
1289 2351 1426 2409 Nov.
1445 2351 1514 2407 29
1539 2360 1737 2437 praetor
1750 2357 1986 2437 creatur,

406 2433 676 2507 tat-Isauria
710 2445 813 2502 sub
840 2440 1096 2512 praeside,
1125 2451 1286 2508 quem
1321 2437 1588 2493 comitem
1611 2433 1747 2488 Nov.
1776 2433 1845 2487 27
1867 2447 1990 2489 esse

406 2533 539 2589 vult.
564 2528 804 2600 Denique
826 2523 1083 2580 Phoenice
1097 2518 1441 2576 adLibanum
1456 2515 1986 2600 moderatorilidict.

388 2619 461 2683 ἰ,
492 2618 731 2684 itemque
765 2608 966 2664 Arabia
1003 2605 1389 2672 subjiciuntur,
1415 2617 1534 2673 qum
1553 2603 1656 2657 hac
1695 2602 1748 2656 in
1784 2599 1988 2684 Notitia

407 2682 723 2771 praesidiiet
764 2690 1036 2750 consulari
1080 2688 1227 2744 dicto
1268 2697 1409 2743 sunt
1444 2687 1747 2771 audientes.
1774 2682 1987 2771 llarutn

405 2765 588 2837 autem
624 2774 1070 2834 constitutionum
1108 2771 1376 2843 pleraeque
1404 2783 1527 2824 cunt
1548 2767 1824 2823 'Belisario
1842 2765 1984 2823 V.C.

405 2864 629 2926 consule
650 2865 763 2920 sint
789 2862 972 2928 editae,
997 2859 1121 2927 jure
1150 2858 1336 2926 utique
1367 2854 1574 2925 optimo
1598 2854 1856 2909 statuitur
1884 2851 1989 2923 Sy-

404 2952 729 3006 needemum
757 2955 883 2998 ante
921 2941 1239 2997 Belisatium
1266 2938 1541 2994 consulem
1560 2949 1869 3006 annumque
1885 2936 1989 2991 555

404 3032 742 3105 publicatum
783 3025 1058 3081 videri:ni
1091 3024 1236 3079 enim
1293 3022 1345 3077 id
1393 3020 1753 3086 concesseris,
1806 3018 1986 3075 danda

407 3116 550 3171 ratio
588 3112 695 3169 erit
721 3109 1075 3181 quamobrem
1106 3106 1163 3162 in
1187 3106 1394 3172 libello,
1419 3121 1527 3176 quo
1576 3105 1986 3177 provinciarum

405 3200 755 3272 magistratus
771 3209 838 3250 ex
856 3194 936 3249 sui
954 3192 1220 3263 temporis
1238 3205 1392 3248 more
1411 3191 1689 3247 Hierocles
1706 3190 1985 3255 describit,

405 3284 551 3339 nulla
609 3293 831 3351 prorsus
879 3277 945 3332 de
978 3275 1302 3347 praetoribus
1351 3273 1710 3330 Justinianeis
1729 3273 1985 3329 modera-

406 3368 725 3438 toribusque
756 3362 960 3419 mentio
992 3362 1101 3417 ﬁat.
1139 3363 1258 3430 Quo
1315 3361 1491 3432 magis
1531 3374 1665 3415 vero
1702 3358 1985 3428 scriptoris

404 3463 538 3508 actas
582 3451 652 3506 ad
697 3447 959 3519 liquidum
1011 3444 1368 3517 perducatur,
1414 3444 1468 3497 in
1524 3456 1621 3498 eas
1671 3441 1986 3511 provincias

403 3549 693 3608 pergamus
715 3546 853 3601 quas
907 3530 1206 3600 imperator
1247 3537 1339 3582 aut
1377 3525 1594 3583 sustulit
1622 3524 1865 3582 funditus
1893 3534 1987 3582 aut

401 3619 561 3676 novis
604 3617 774 3674 titulis
825 3614 979 3669 auxit
1022 3621 1116 3668 aut
1169 3611 1335 3667 etiam
1396 3609 1579 3679 plures
1601 3624 1724 3665 esse
1773 3608 1980 3678 jussit;

402 3717 636 3777 quarum
693 3699 739 3755 si
773 3698 977 3754 nullum
1043 3696 1096 3751 in
1138 3694 1476 3766 Synectlemo
1520 3693 1776 3777 indicium
1832 3707 1988 3763 repe-

402 3790 534 3857 rias,
590 3783 723 3856 quid
768 3781 913 3839 aliud
961 3777 1303 3851 proﬁteberis
1332 3792 1492 3846 quam
1527 3776 1637 3832 illis
1681 3791 1807 3832 eum
1863 3792 1986 3831 mu-

402 3885 453 3928 ta
466 3869 706 3927 tionibus
738 3872 863 3922 “esse
895 3860 1170 3933 priorem?
1196 3858 1461 3915 Memorat
1490 3859 1604 3914 haec
1630 3859 1833 3915 Notitia
1862 3874 1988 3928 pro-

400 3954 639 4010 vinciam
679 3946 1048 4005 llonoriadem
1105 3954 1161 3998 et
1210 3942 1426 4013 praesidi
1460 3942 1711 4012 subjicit:
1735 3956 1853 3996 eam
1889 3939 1986 3996 Ju-

402 4038 676 4095 stinianus
732 4030 870 4086 Nov.
906 4028 978 4084 29
1008 4027 1112 4082 c.l
1170 4026 1397 4094 abrogat
1421 4034 1476 4079 et
1525 4025 1833 4080 arctissime
1880 4023 1989 4079 Pa-

402 4116 714 4191 phlagoniae
769 4110 1163 4183 agglutinatam
1195 4108 1289 4191 uni
1322 4106 1538 4191 praetori
1572 4111 1813 4191 mandat,
1845 4105 1988 4160 ὥστε

402 4189 500 4258 atat
522 4200 632 4255 τῶν
665 4195 860 4259 ὲονῶν,
895 4194 1090 4263 inquit,
1130 4190 1340 4244 τούτων
1415 4189 1610 4260 ἔχοντα
1659 4190 1758 4261 τὴν
1810 4191 1988 4263 ἀρχὴν

400 4286 693 4357 ἡνωμένην
740 4279 836 4334 καὶ
881 4277 1012 4348 μίαν
1059 4274 1184 4332 ἀντὶ
1207 4274 1352 4328 δυοῖν
1380 4273 1490 4327 τῶν
1519 4273 1853 4345 ἔμπροσθεν,
1890 4291 1989 4344 φα-

406 4356 607 4443 paves
664 4361 1051 4435 Παφλαγονίας
1099 4377 1161 4413 τε
1208 4360 1306 4413 καὶ
1343 4359 1669 4431 Ὀνωριάδος
1701 4356 1986 4413 καλεῖσθαι

342 4445 349 4464 ’
412 4442 714 4523 πραίτορα.
757 4446 965 4503 Dividit
1021 4452 1281 4514 praeterea
1328 4442 1726 4513 Cappadociam
1779 4458 1846 4498 ex
1877 4444 1987 4500 Va-

398 4539 564 4594 lentis
586 4531 814 4604 Augusti
851 4530 1100 4585 instituto
1125 4527 1178 4582 in
1210 4526 1389 4594 binas,
1412 4526 1753 4582 consularem
1776 4536 1985 4582 utram-

398 4636 527 4690 que,
555 4620 601 4676 si
634 4617 919 4688 plerosque
954 4629 1056 4668 ms.
1120 4625 1379 4680 sequare,
1425 4627 1562 4682 quos
1622 4610 1760 4668 Nov.
1818 4611 1889 4667 50
1930 4611 1983 4667 in

397 4718 561 4760 unam
620 4700 830 4754 videtur
880 4706 1169 4752 constare:
1231 4696 1438 4762 Πᾶσαν,
1490 4695 1689 4766 inquit,
1739 4696 1986 4751 ἀνθυπά-

397 4803 551 4841 τειαν
605 4781 856 4851 γενέσθαι
901 4797 959 4834 τε
993 4780 1089 4835 καὶ
1151 4778 1435 4845 καλεῖσθαι
1491 4779 1815 4850 βουλόμεθα.
1853 4779 1986 4846 Qum

401 4884 583 4928 tamen
637 4885 707 4923 an
736 4869 975 4931 vincere,
1007 4867 1147 4936 quod
1185 4854 1300 4920 viro
1324 4865 1645 4921 doctissimo
1675 4864 1982 4932 videbatur,

397 4956 632 5028 possint,
680 4967 736 5008 re
786 4966 913 5007 vera
965 4949 1332 5005 Iustinianum
1390 4963 1456 5003 ex
1518 4947 1726 5002 duabus
1759 4946 1978 5018 Cappa-

399 5040 571 5097 dociis
601 5053 761 5093 unam
817 5035 1175 5093 exstruxisse.
1207 5049 1314 5088 non
1346 5032 1547 5103 injuria
1573 5030 1824 5087 dubites:
1856 5046 1983 5086 nam

398 5123 600 5180 diserte
625 5120 763 5177 Nov.
792 5120 864 5175 20
915 5134 967 5175 c.
1034 5117 1209 5190 prima
1276 5115 1661 5186 Cappadociae
1692 5115 1979 5185 prmsidem

396 5214 710 5284 dignatione
740 5209 1115 5283 proconsulari
1146 5207 1573 5264 eoudecoratum
1604 5204 1771 5262 fuisse
1817 5205 1981 5261 doce-

396 5307 518 5365 tur;
565 5306 758 5368 estque
779 5295 834 5350 in
871 5294 985 5365 ipsa
1011 5291 1150 5349 Nov.
1183 5291 1253 5347 50
1275 5307 1329 5346 e.
1356 5289 1424 5345 10
1450 5290 1734 5360 utriusque
1768 5289 1981 5361 Cappa-

397 5380 567 5435 tlocite
622 5379 860 5434 mentio:
890 5377 1031 5431 Εἰδέ
1052 5372 1138 5439 τὶς
1173 5373 1235 5441 ἐξ
1276 5374 1546 5445 ἑκατέρας
1580 5373 1985 5438 Καππαδοκίας

412 5464 541 5536 δίκη
597 5463 975 5518 πεντακοσίων
1017 5461 1259 5516 ἐλάττων
1299 5459 1535 5531 Χρυσῶν
1586 5460 1850 5531 ὲφέσιμος
1899 5459 1985 5529 γι-

397 5564 584 5619 νηται.
624 5548 816 5615 Neque
855 5548 1028 5611 enitn,
1091 5545 1135 5602 si
1171 5555 1465 5614 utramque
1514 5545 1568 5600 in
1605 5560 1768 5600 unam
1822 5559 1978 5601 com-

392 5641 683 5695 mutasset,
713 5630 1000 5698 utriusque
1051 5630 1306 5685 distincte
1332 5629 1587 5697 deinceps
1620 5627 1976 5685 meminisset.

392 5715 527 5770 Esse
585 5716 639 5771 iu
676 5712 966 5769 llaloandri
1004 5714 1243 5771 editione
1289 5714 1450 5771 novi:
1486 5713 1547 5768 Et
1598 5714 1655 5769 δέ
1682 5730 1767 5778 τις
1806 5715 1971 5789 ἑτέρα

566 5937 612 5974 \

2090 439 2201 483 tum
2265 435 2411 501 quod
2484 432 2663 485 oratio
2721 431 2915 501 ἑτέραν
2976 429 3139 501 δίκην
3200 436 3283 485 vix
3332 432 3491 502 ferat,
3549 446 3663 492 ttttn

2026 558 2029 559 ν
2088 515 2347 583 quoniam
2393 513 2755 583 Cappadociae
2788 516 2908 570 dua:
2948 529 3218 584 nusquam
3248 516 3670 584 esscjubentur,

2090 606 2202 663 tum
2248 600 2411 653 etiam
2470 599 2616 668 quod
2694 599 2882 669 primas
2954 597 3312 667 Cappadocia:
3379 602 3674 670 proconsul

2089 689 2325 745 creetur,
2383 682 2622 739 secunda
2659 697 2769 737 non
2807 681 3015 736 addita.
3047 680 3345 752 Utcunque
3377 684 3430 737 id
3453 685 3678 740 cecide-

2091 764 2184 828 rit,
2213 763 2526 834 insignitam
2559 766 2902 837 Cappadocia
2936 766 3292 822 mutationem
3324 767 3515 835 subiit,
3543 768 3677 824 Hic-

2090 848 2225 904 rocli
2279 864 2400 904 cum
2455 849 2854 921 Synecdemum
2888 852 3152 906 scriberet
3177 852 3518 921 ignoratam;
3552 868 3680 924 quae

2078 933 2192 988 etsi
2229 946 2297 989 ex
2361 935 2684 1003 proconsule
2731 934 3092 1006 Cappadociae
3145 936 3323 1005 prima
3374 937 3664 1007 explorata

2087 1025 2193 1085 est,
2227 1017 2426 1087 negligi
2476 1027 2655 1074 tamen
2687 1019 2852 1073 nolim
2899 1019 3143 1091 ejusdem
3181 1022 3532 1091 imperatoris
3577 1023 3678 1077 de-

2088 1110 2241 1156 creto
2292 1101 2479 1172 gentis
2522 1102 2643 1169 ejus
2685 1103 3101 1173 dispositionem
3154 1104 3581 1160 ecclesiasticam
3616 1107 3671 1161 in

2092 1183 2257 1239 alium
2274 1186 2520 1240 ordinem
2571 1185 2739 1242 fuisse
2768 1203 3114 1244 conversam.
3167 1186 3285 1243 Huc
3316 1204 3489 1259 usque
3529 1190 3677 1245 bin‘e

2093 1266 2308 1323 fuerant
2366 1269 2744 1340 Cappadocum
2795 1271 3142 1341 metropoles,
3206 1273 3395 1340 primm
3460 1272 3680 1345 Cappa-

2091 1351 2261 1407 docia:
2298 1351 2569 1419 Ctesarea,
2597 1353 2849 1409 secunda:
2883 1351 3098 1424 Tyana:
3137 1355 3359 1409 tertiam
3397 1355 3677 1412 Mucisson

2092 1432 2366 1506 Tyauensi
2430 1436 2732 1490 detractam
2799 1446 2854 1490 et
2906 1435 3684 1509 Justiniauoltolinnuneupa-

2093 1525 2204 1572 tam
2259 1518 2435 1573 tertite
2470 1517 2828 1589 Cappadocia:
2864 1520 2983 1589 ipse
3035 1521 3316 1591 imposuit.
3339 1522 3529 1592 Operm
3548 1538 3678 1593 prc-

2093 1603 2226 1656 tium
2266 1602 2429 1657 fuerit
2466 1616 2532 1657 ea
2586 1603 2654 1658 de
2687 1617 2743 1656 re
2790 1613 3141 1674 perorantem
3185 1606 3378 1661 audire
3424 1606 3675 1677 Euphra-

2093 1696 2202 1741 tam
2249 1686 2590 1758 Tyanensem
2626 1688 2940 1758 episcopum
2975 1687 3175 1744 Collat.
3230 1688 3269 1743 V
3301 1704 3458 1746 conc.
3516 1691 3681 1746 Con-

2093 1772 2446 1841 stantinopol.
2488 1786 2554 1839 ιι,
2585 1786 2639 1842 p.
2669 1770 2761 1830 96.
2793 1791 2812 1824 ι
2840 1773 2898 1827 In
2936 1772 3048 1838 illo,
3076 1773 3272 1843 inquit,
3306 1782 3553 1842 tempore
3578 1777 3682 1830 sub

2095 1852 2368 1926 Tyaneusi
2399 1855 2624 1911 civitate
2640 1864 2760 1910 erat
2781 1865 2834 1910 et
2861 1855 3073 1910 Dobara
3102 1865 3153 1909 et
3174 1855 3491 1925 Nazianzusj
3506 1871 3681 1928 usque

2094 1941 2160 1993 ad
2195 1949 2435 2011 tempora
2473 1937 2635 2008 hujus
2678 1941 2752 2009 pil
2786 1940 3023 2011 imperii.
3056 1939 3342 1998 Piissintus
3360 1953 3546 1998 autem
3572 1943 3681 1997 im—

2096 2030 2314 2094 perator
2335 2038 2460 2078 cum
2519 2024 2939 2094 tnetropolitana
2998 2024 3126 2096 jura
3162 2026 3404 2083 dedisset
3469 2026 3681 2083 civitati

2095 2120 2216 2174 qua:
2277 2107 2551 2177 quondam
2594 2110 2814 2180 quidem
2866 2107 3169 2176 Mueissus,
3218 2125 3367 2166 nunc
3416 2126 3548 2167 vero
3586 2111 3687 2167 Ju-

2094 2190 2478 2262 stinianopolis
2526 2202 2891 2263 nuncupatur,
2935 2209 3060 2249 cum
3108 2194 3231 2250 aliis
3274 2195 3590 2251 civitatibus
3625 2205 3684 2251 et

2094 2272 2309 2328 Dobara
2337 2283 2396 2328 'et
2420 2272 2754 2331 Nazianzum
2788 2276 3019 2345 subjecit
3066 2277 3140 2332 ei.
3178 2295 3197 2328 ι
3234 2276 3358 2334 Ilzce
3395 2278 3440 2333 si
3491 2279 3545 2332 in
3580 2279 3686 2348 Sy-

2093 2355 2358 2412 nccdemo
2390 2359 2653 2427 praeteriri
2695 2359 2937 2429 potuisse
2979 2360 3281 2430 putaveris,
3314 2362 3459 2431 quod
3489 2376 3519 2415 a
3565 2359 3683 2415 No-

2096 2439 2213 2495 titia
2245 2440 2618 2499 ecclesiastica
2648 2444 2722 2499 sit
2764 2444 3031 2507 diversus.
3052 2446 3240 2500 debuit
3263 2456 3444 2501 tamen
3476 2445 3684 2500 Muris-

2093 2537 2190 2579 sus
2221 2524 2436 2579 urbium
2475 2526 2725 2596 catalogo
2750 2526 2938 2593 inseri,
2973 2542 3084 2583 non
3115 2530 3431 2600 regionibus
3452 2530 3566 2585 sive
3595 2531 3685 2584 vi-

2094 2608 2199 2674 cis,
2245 2618 2306 2664 nt
2355 2608 2433 2674 ﬁt,
2460 2609 2504 2664 si
2529 2619 2646 2680 post
2669 2610 2986 2679 metrOpolis
3015 2611 3337 2682 dignitatem
3362 2612 3437 2667 illi
3467 2614 3673 2683 oppido

2093 2690 2343 2747 collatam
2385 2692 2550 2748 fuerit
2590 2694 2851 2764 scriptus.
2887 2695 2967 2749 Ad
3012 2695 3131 2750 haec
3166 2697 3400 2764 accedit,
3426 2696 3675 2752 Heleno-

2094 2781 2317 2843 pontutn
2357 2774 2632 2831 censnlari
2684 2786 2741 2832 et
2784 2775 3223 2833 Polemoniacum
3273 2778 3503 2835 Pontum
3536 2796 3683 2849 pra:-

2094 2856 2194 2912 sidi
2242 2858 2295 2912 in
2344 2858 2447 2914 hac
2493 2859 2696 2914 Notitia
2747 2862 2994 2927 attribui,
3026 2859 3248 2917 Novella
3273 2878 3403 2918 vero
3432 2861 3503 2918 28
3545 2864 3683 2919 abo-

2095 2939 2192 2996 lito
2235 2939 2391 2996 Ponti
2438 2941 2806 2999 Polemoniaci
2843 2943 3001 3000 titulo
3024 2944 3453 3016 Helenepontum
3483 2950 3678 3004 mode-

2096 3025 2261 3080 ratori
2286 3023 2628 3080 Justinianeo
2671 3027 2965 3082 committi.
3006 3025 3180 3084 Porro
3224 3030 3345 3085 dua:
3383 3039 3588 3086 tatttum
3623 3033 3682 3087 in

2095 3106 2720 3179 SynecdemoArmenite
2736 3112 2942 3179 insunt,
2969 3128 3103 3183 quas
3131 3114 3485 3170 multifariam
3503 3125 3686 3172 sectas

2093 3190 2437 3265 Jttstinianus
2488 3194 2642 3266 (non,
2670 3202 2729 3249 ut
2766 3208 3057 3264 perperam
3094 3196 3418 3253 Eustathius
3457 3199 3509 3253 iu
3546 3198 3683 3253 Dio-

2094 3290 2213 3347 nys.
2246 3275 2667 3347 Perieges.69ai,
2727 3278 2998 3351 Justinus)
3043 3291 3282 3351 quatuor
3337 3280 3561 3338 Novella
3607 3283 3677 3338 31

2091 3374 2216 3414 esse
2233 3371 2396 3431 atque
2416 3360 2599 3416 haberi
2630 3362 2760 3416 vult.
2781 3361 2961 3419 Taceo
2989 3381 3112 3435 quae
3142 3364 3463 3423 Justiuiaute
3487 3368 3683 3438 prima:

2089 3456 2253 3497 causa
2299 3444 2605 3499 decreverit
2640 3444 2773 3500 Nov.
2821 3446 2911 3512 Η,
2944 3456 3112 3517 utque
3168 3449 3410 3521 in-Syria
3480 3450 3671 3506 Theo-

2091 3525 2394 3592 doriadem,
2444 3543 2511 3583 ne
2560 3531 2791 3599 egregia:
2844 3526 3143 3587 Theodore:
3204 3534 3377 3589 honor
3439 3535 3679 3601 deesset,

2072 3608 2427 3679 provinciam
2485 3610 2552 3665 de
2578 3626 2684 3678 qua
2724 3612 2945 3668 Novella
2980 3614 3034 3678 8,
3065 3615 3390 3672 condiderit.

2162 3692 2290 3748 Mthi
2327 3708 2450 3763 qua:
2483 3695 2698 3750 abunde
2742 3697 2809 3751 ad
2867 3706 3084 3752 aetatem
3129 3700 3413 3770 scriptoris
3476 3716 3682 3757 eruen-

2093 3776 2215 3833 dam
2247 3776 2521 3832 videntur.
2563 3776 2760 3836 Posses
2804 3780 3004 3851 alioqui
3028 3782 3233 3837 auxilio
3266 3797 3463 3838 vocare
3490 3786 3676 3849 urbes,

2091 3875 2228 3932 quas
2270 3875 2367 3916 suo
2403 3862 2777 3918 etheodorae
2814 3865 3031 3920 nomine
3060 3865 3301 3922 illustres
3337 3881 3459 3923 esse
3489 3869 3680 3935 voluit,

2093 3944 2147 3998 in
2198 3958 2365 3998 unum
2419 3945 2722 4017 catologum
2774 3961 2804 4000 a
2841 3945 2908 4003 N.
2953 3948 3262 4005 Aletnauno
3302 3952 3368 4005 ad
3425 3950 3677 4021 Procopii

2093 4026 2239 4085 Hist.
2280 4028 2485 4084 Arcan.
2546 4045 2597 4085 c.
2670 4030 2733 4085 11
2782 4031 3084 4102 conjectas,
3130 4034 3186 4088 ni
3214 4044 3268 4089 et
3316 4035 3434 4091 alia:
3500 4035 3675 4091 forent

2094 4127 2323 4182 quarum
2344 4114 2611 4170 rationem
2664 4115 2945 4172 Hierocles
2995 4117 3197 4172 nullam
3260 4119 3477 4174 ltabuit.
3518 4122 3670 4186 Quod

2092 4197 2238 4253 enim
2266 4195 2515 4254 Justinus
2551 4198 2759 4268 primus
2790 4201 3078 4255 Anazarbo
3120 4211 3285 4272 atque
3318 4204 3539 4259 Edessa:
3565 4204 3677 4274 pri-

2093 4281 2296 4338 stinum
2323 4296 2519 4337 nomen
2536 4283 2784 4348 abstulit,
2803 4285 3015 4354 utrique
3045 4284 3472 4356 Justinopoleos,
3500 4303 3609 4356 quo
3627 4297 3683 4343 et

2092 4367 2309 4437 priorlin
2331 4366 2709 4437 Mopsuestana
2740 4370 2945 4440 synodo
2964 4368 3111 4440 (licet
3131 4369 3685 4441 lustinianapolitana

2092 4450 2398 4518 metropolis
2424 4450 2586 4522 vulgo
2612 4465 2665 4520 p.
2691 4452 2797 4505 152
2822 4463 2957 4509 tom.
2987 4452 3055 4507 12
3075 4454 3137 4508 C.
3172 4454 3238 4511 ϐ.
3257 4457 3470 4526 edatur)
3491 4470 3685 4524 super-

2092 4534 2192 4600 bit,
2229 4533 2490 4603 imposito
2544 4534 2704 4589 titulo
2732 4535 2873 4604 apud
2900 4535 3194 4608 Euagrium
3256 4541 3325 4596 H.
3370 4541 3433 4596 Ε.
3464 4541 3500 4596 4
3529 4540 3563 4595 8
3624 4549 3687 4594 et

2092 4616 2478 4685 TheOphanem
2506 4615 2777 4689 Cborogr.
2812 4634 2867 4689 p.
2906 4618 3033 4684 146,
3062 4636 3136 4677 eo
3153 4622 3448 4694 nusquam,
3502 4638 3684 4695 quan-

2094 4702 2296 4757 tumvis
2355 4701 2430 4756 illi
2467 4702 2698 4772 tempori
2766 4703 3070 4773 proximus,
3102 4707 3158 4762 in
3184 4708 3530 4779 Syneedemo
3577 4709 3682 4764 has

2092 4786 2254 4841 urbes
2298 4785 2521 4854 diguatu
2531 4800 2576 4842 r.

2164 4868 2262 4923 Illa
2294 4884 2571 4939 ergoaquae
2625 4869 2677 4925 in
2730 4872 2916 4928 medio
2967 4873 3147 4943 posui,
3205 4875 3342 4930 satis
3403 4887 3681 4945 superque

2091 4954 2344 5009 evincent
2380 4953 2515 5008 nihil
2537 4969 2726 5010 eorum
2742 4970 2865 5025 quae
2882 4955 3224 5013 Justinianus
3247 4958 3678 5016 novavitiliero-

2091 5036 2252 5102 clum,
2295 5051 2416 5090 cum
2449 5037 2592 5094 hanc
2627 5038 2888 5094 Notitiam
2920 5040 3186 5110 vulgaret,
3214 5042 3550 5098 inaudivisse
3575 5043 3627 5096 vi
3650 5073 3672 5085 ο

2090 5120 2240 5187 deri;
2289 5122 2534 5192 adeoque
2587 5133 2716 5179 ante
2783 5123 3103 5180 Belisarium
3157 5127 3463 5193 consulem,
3517 5126 3677 5197 cujus

2089 5220 2294 5261 annum
2342 5206 2531 5276 plures
2584 5206 2799 5263 illarum
2854 5209 3308 5266 constitutionum
3353 5209 3673 5281 praeferunt,

2087 5292 2336 5363 principe
2400 5301 2577 5346 tamen
2628 5291 2937 5348 Justiniano
2996 5294 3304 5365 scripsisse.
3370 5293 3503 5349 Nam
3547 5305 3677 5350 ante
3774 5348 3777 5349 ν

2091 5378 2238 5433 hunc
2268 5376 2549 5432 consulem
2588 5376 2705 5431 fato
2732 5368 3101 5445 concessisse,
3133 5379 3278 5450 quod
3313 5380 3431 5435 viro
3457 5379 3676 5435 erudito

2091 5464 2144 5518 in
2172 5474 2408 5518 mentem
2446 5463 2597 5516 venit
2654 5462 2935 5528 arbitrari,
2972 5464 3063 5518 vix
3111 5464 3351 5520 indidem
3400 5465 3671 5533 coegeris.

2090 5545 2273 5602 Potuit
2289 5560 2422 5605 sane
2442 5544 2660 5616 vulgato
2679 5545 3020 5617 Synecdemo
3039 5548 3223 5602 omnia
3236 5546 3355 5618 qua:
3377 5546 3680 5615 imperator

2089 5638 2406 5687 mutaverat
2470 5632 2694 5695 addere,
2751 5644 3055 5701 novamque
3090 5632 3210 5703 ejus
3232 5633 3527 5689 editionem
3582 5645 3679 5700 pn-

2092 5715 2332 5774 blicare:
2380 5723 2437 5772 at
2460 5713 2534 5791 id
2556 5713 2794 5775 voluisse
2822 5713 2964 5775 unde
2992 5716 3415 5787 cognoscemus?
3446 5715 3588 5784 Quid
3628 5714 3679 5772 si
