4170 6494
417 487 558 554 10⁵13

416 599 583 653 etiam
637 594 806 665 priori
837 594 1061 651 editioni
1095 594 1186 650 illa
1214 595 1566 661 adstruxerit,
1593 595 1721 650 etin
1747 603 1988 650 nostram

410 688 624 736 aetatem
667 677 896 744 Notitia,
936 687 994 732 ut
1023 678 1257 746 primum
1287 695 1318 734 e
1349 679 1633 748 scriptoris
1664 677 1873 733 calamo
1895 677 1992 732 de-

413 766 646 820 fluxerat
681 762 1213 833 devenerit‘rltaque
1266 764 1331 820 ad
1359 761 1990 835 Synecdemumgipsum

411 848 823 909 descendamus,
851 856 1015 917 atque
1039 848 1316 918 intergene
1343 858 1398 902 et
1420 848 1709 918 genuinus,
1754 854 1813 901 et‘
1842 844 1995 915 cujus

413 930 628 1000 generis
680 932 752 986 sit
779 929 1006 997 Notitia,
1031 930 1209 985 civilis
1233 943 1301 984 an
1325 929 1722 996 ecclesiastica,
1744 929 1995 1001 explore-

481 1097 603 1153 Non
645 1113 769 1154 esse
789 1099 1078 1170 genuinum
1128 1113 1307 1167 neque
1361 1100 1633 1169 integrum
1673 1098 1993 1153 Emmanuel

415 1180 859 1238 Sebelstratenus
883 1193 1011 1238 tom.
1033 1184 1071 1237 2
1100 1184 1280 1255 Antiq.
1314 1182 1512 1237 [ἔσεισε.
1545 1198 1598 1253 p.
1616 1183 1725 1249 7:20
1751 1185 1853 1240 sibi
1871 1199 1995 1254 per-

412 1266 607 1331 suasit,
640 1275 751 1320 tmn
778 1269 921 1335 quod
948 1276 1012 1322 ea
1038 1282 1162 1337 quae
1188 1268 1255 1322 de
1281 1268 1501 1322 civitate
1529 1268 1995 1336 Constantinopo-

413 1347 581 1403 litana
637 1364 705 1403 ex
761 1347 1010 1405 Hierocle
1069 1350 1454 1405 Constantinus
1497 1350 1997 1422 l’orphyrogenitus

414 1429 603 1499 refert,
621 1431 673 1484 in
696 1430 898 1487 Notitia
913 1448 1018 1488 non
1048 1442 1433 1503 compareant;
1467 1443 1577 1486 tmn
1602 1448 1670 1487 ex
1692 1448 1758 1488 eo
1782 1446 1995 1502 quoque

415 1515 660 1579 probari,
696 1516 839 1583 quod
892 1515 1158 1571 llieroclis
1203 1532 1339 1587 opus
1400 1516 1469 1570 64
1511 1515 1872 1586 praefecturas
1893 1529 1991 1569 seu

414 1596 726 1661 provincias
767 1607 835 1651 et
852 1597 960 1652 835
981 1612 1073 1653 seu
1097 1598 1201 1655 935
1230 1599 1482 1653 civitates
1507 1599 1861 1663 continuerit,
1884 1597 1995 1651 No-

314 1728 331 1739 .
416 1677 533 1732 titia
562 1691 745 1734 autem
778 1679 841 1733 51
873 1689 1080 1735 tantum
1113 1682 1421 1750 provincias
1474 1690 1531 1737 et
1570 1681 1671 1737 751
1743 1681 1992 1736 civitates

414 1761 691 1817 exhibeat.
729 1762 861 1831 Quae
918 1766 1280 1820 accusatimiis
1316 1766 1495 1835 capita
1520 1768 1588 1832 si,
1643 1777 1704 1821 ut
1756 1774 1990 1835 oportet,

418 1846 820 1913 expendantur,
859 1862 1078 1901 causam
1114 1858 1299 1903 tenere
1324 1851 1463 1903 haud
1512 1859 1799 1920 poterunt;
1845 1849 1994 1919 quod

416 1935 476 1981 ut
497 1927 762 1983 unicuivis
783 1928 1098 1995 dilucescat,
1136 1931 1481 1987 Constantini
1511 1933 1858 2003 imperatoris
1888 1933 1926 1987 l.
1957 1947 1995 1986 ιι

416 2009 581 2066 them.
616 2011 642 2066 1
672 2012 837 2066 verba
891 2012 999 2068 illis
1026 2015 1237 2070 adnexa
1273 2031 1395 2084 qua:
1427 2016 1479 2069 in
1508 2016 1891 2085 superioribus
1911 2031 2001 2071 ex-

413 2091 613 2161 scripta
633 2094 899 2158 dedimus,
917 2095 1245 2154 inseramus:
1282 2098 1481 2171 Ἀρχὴν
1506 2099 1597 2153 οὖν
1612 2100 1708 2170 τῆς
1731 2097 1997 2170 Εὐρώπης

414 2175 516 2241 τὴν
548 2175 798 2246 βασιλίδα
848 2180 956 2233 τῶν
1008 2180 1217 2237 πολεων
1250 2185 1345 2237 καὶ
1368 2184 1462 2237 τοῦ
1500 2185 1711 2254 κόσμου
1770 2184 1998 2247 παντὸς,

413 2259 518 2330 τὴν
566 2260 693 2315 νέαν
748 2260 988 2334 Ῥώμην,
1043 2266 1145 2333 τὴν
1176 2267 1750 2323 Κωνσταντινούπολιν
1770 2270 1884 2336 ἐγὼ
1919 2268 1997 2323 τί-

416 2344 575 2414 θημι.
611 2345 708 2398 Διὰ
736 2346 897 2399 τοῦτο
949 2348 1042 2401 καὶ
1072 2349 1133 2402 τὸ
1166 2352 1294 2421 περὶ
1321 2351 1494 2423 αὐτὴν
1517 2351 1682 2421 Θέμα,
1712 2351 1774 2405 τὸ
1802 2351 2000 2413 καλού-

417 2443 584 2496 μενον
630 2428 846 2500 Θρᾴκη,
867 2430 930 2483 τὸ
954 2431 1013 2484 ὲν
1041 2435 1155 2496 τοῖς
1217 2433 1489 2505 Εὐρώπης
1507 2436 1723 2505 μέρεσι,
1747 2434 2002 2506 θεμάτων

417 2510 637 2579 πρῶτον
673 2512 1023 2584 τεθείκαμεν.
1053 2515 1185 2583 Quis
1224 2520 1392 2581 enim,
1428 2520 1571 2586 quod
1604 2519 1743 2574 bene
1768 2519 2001 2574 advertit

416 2592 705 2651 Anselmus
728 2595 1051 2664 Bandurius,
1081 2616 1189 2655 non
1214 2602 1410 2657 viderit
1442 2603 1557 2658 hrec
1584 2620 1687 2657 non
1712 2601 2023 2670 Hieroclis,-

416 2681 514 2734 sed
540 2679 887 2737 Constantini
909 2685 1073 2739 verba
1104 2701 1247 2754 esse,
1284 2698 1503 2742 causam
1530 2687 1855 2758 explicantis
1902 2703 2002 2742 cur

417 2759 911 2822 Thracitethemati
938 2768 1078 2821 inter
1097 2767 1355 2840 Europaeo
1388 2770 1620 2839 primum
1651 2771 1829 2826 locum
1860 2769 2005 2826 assi-

417 2845 621 2916 gnarit.
638 2847 757 2904 Jam
775 2854 917 2920 quod
942 2868 1222 2907 numerum
1243 2854 1641 2923 provinciarum
1661 2870 1767 2911 non
1785 2868 2003 2923 :cquare

418 2933 489 2989 64
515 2935 846 3008 adjungit,id
878 2939 930 2994 in
955 2940 1131 2994 Caroli
1152 2956 1183 2995 a
1216 2941 1271 2996 S.
1315 2940 1505 2996 Paullo
1525 2942 1820 2998 editionem
1856 2942 2003 2996 vale-

417 3019 520 3083 liit,
549 3035 657 3076 non
677 3038 796 3078 eam
815 3039 974 3093 quam
995 3024 1202 3094 primus
1231 3024 1347 3096 ipse
1377 3025 1430 3080 in
1448 3026 1722 3096 publicum
1760 3027 1908 3081 dedit
1935 3025 2004 3080 ab

417 3101 723 3158 ilolsteiuio
752 3121 817 3161 ex
852 3106 1187 3162 Farnesiano
1213 3122 1314 3162 ms.
1338 3108 1585 3178 pluribus
1601 3109 1893 3178 provinciis
1914 3125 2004 3163 au-

418 3195 586 3239 ctam.
618 3185 1151 3245 Novidoctissimmn
1188 3190 1415 3246 Dissert.
1448 3190 1715 3259 Chorogr.
1753 3191 1872 3248 Ital.
1905 3207 2003 3247 au-

416 3277 622 3324 ctorem
654 3280 965 3329 autumasse
983 3288 1102 3329 .non
1124 3273 1195 3330 64
1222 3274 1526 3344 provincias
1551 3275 1644 3330 sed
1671 3274 1740 3330 65
1773 3290 1896 3331 esse
1913 3275 2005 3331 de-

417 3350 569 3422 bere,
589 3356 844 3422 quoniam
861 3356 915 3410 in
940 3356 1276 3429 Synecdemo
1304 3357 1620 3429 Pamphylia
1638 3360 1875 3413 secunda
1903 3372 2008 3411 me.

418 3447 687 3502 moratur,
727 3454 995 3509 nusquam
1032 3440 1243 3510 prima:
1290 3443 1377 3495 cui
1403 3442 1758 3512 egoopinioni
1793 3442 2002 3495 nullum

419 3520 527 3575 nisi
553 3521 607 3576 in
641 3520 827 3576 Latina
856 3524 1107 3579 versione
1127 3524 1437 3593 praesidium
1464 3526 1699 3594 reperio.
1726 3523 1840 3581 Etsi
1858 3527 2004 3580 enim

416 3621 484 3662 ex
535 3606 902 3664 ecclesiastica
948 3607 1302 3678 dispositione
1345 3610 1719 3681 Pamphyliam
1764 3611 1817 3665 in
1871 3610 2006 3666 duas

420 3688 624 3745 fuerint
651 3690 859 3760 partiti,
878 3700 935 3746 ut
965 3700 1018 3747 et
1040 3692 1270 3749 durehic
1299 3696 1716 3749 recenserentur
1737 3691 1870 3747 nihil
1902 3691 2009 3748 fuit

423 3785 669 3838 necesse,
691 3773 994 3842 praesertim
1023 3790 1146 3829 cum
1180 3790 1282 3829 uua
1306 3775 1568 3831 duntaxat
1594 3775 1648 3830 in
1678 3774 1878 3831 Notitia
1903 3776 2006 3832 im-

422 3854 557 3923 perii
608 3851 846 3910 Orientis
881 3859 1204 3927 reperiatur,
1243 3872 1341 3913 nec
1379 3857 1511 3914 duas
1555 3856 1918 3925 Justinianus,
1948 3867 2008 3914 ut

419 3936 633 3992 novella
655 3935 692 3992 8
707 3937 907 3994 indicio
922 3947 1025 4008 est,
1043 3940 1275 3997 noverit.
1294 3940 1348 3995 Id
1367 3940 1584 3995 inlitiari
1608 3939 1798 4007 nolim,
1815 3942 2007 3999 deesse

423 4023 607 4091 plures
630 4020 897 4090 civitates,
933 4039 1032 4080 nec
1049 4040 1331 4081 numerum
1361 4024 1468 4081 955
1499 4024 1799 4080 rotundari.
1830 4024 2005 4082 Gras-

424 4117 543 4161 sata
570 4107 919 4162 librariorum
941 4107 1287 4179 negligentia,
1319 4109 1451 4163 utin
1488 4109 1700 4165 caeteris
1729 4108 2003 4174 omnibus,

420 4199 480 4245 et
519 4189 610 4245 hic
659 4198 775 4256 est;
823 4191 1121 4262 multaque,
1156 4191 1285 4261 quia
1339 4190 1618 4248 vitiosiora
1644 4191 1997 4259 videbantur,

423 4273 686 4341 neglexit,
736 4275 842 4329 alia
886 4275 1214 4343 turpissimis
1266 4275 1478 4330 mendis
1521 4274 1770 4329 ftedavit.
1810 4272 1998 4345 Neque

420 4372 635 4428 nupera
676 4373 738 4413 ea
771 4358 1078 4428 corruptela
1105 4365 1221 4414 est:
1254 4359 1297 4415 si
1327 4360 1396 4414 de
1425 4359 1769 4414 Constantini
1833 4359 2004 4428 impe-

424 4443 629 4499 ratoris
650 4443 835 4497 codice
852 4458 916 4497 ex
955 4442 1059 4499 illis
1082 4458 1202 4513 quae
1231 4442 1287 4498 in
1317 4443 1356 4498 l.
1375 4460 1434 4499 ιιι
1471 4442 1651 4497 Tltem.
1678 4441 1804 4498 inde
1829 4452 2004 4498 trans-

425 4528 570 4594 tulit,
633 4528 1000 4596 conjecturam
1049 4527 1267 4594 feceris,
1287 4527 1783 4600 corruptissimum,
1818 4541 2001 4596 neque

422 4612 630 4668 nostris
678 4610 964 4676 munditie,
1021 4610 1272 4679 quamvis
1331 4611 1618 4666 admodum
1678 4609 1998 4677 inquiuatis,

419 4694 856 4764 praestantiorem
883 4693 1157 4763 reperies:
1193 4708 1405 4747 summa
1453 4691 1543 4747 ille
1600 4691 1727 4747 imis
1783 4692 2003 4747 miscuit

416 4787 473 4832 et
508 4777 909 4846 previnciarum
944 4778 1205 4831 terminos
1237 4774 1676 4844 frequentissime
1722 4774 2000 4844 migravit.

420 4863 556 4928 Quze
586 4861 716 4915 vitia
753 4868 873 4915 utut
919 4875 1176 4933 agnosco,
1210 4868 1389 4915 tamen
1421 4856 1834 4915 criminationes
1880 4874 2001 4929 qua:

419 4945 475 5000 in
507 4945 647 5001 hanc
677 4942 939 4999 Notitiam
989 4943 1314 5012 atteruntur,
1349 4952 1406 4999 et
1436 4944 1632 5013 quibus
1655 4953 2000 5014 peccatorum

416 5044 651 5099 quorum
668 5027 1113 5083 innocentissima
1135 5035 1220 5082 est
1240 5041 1328 5081 rea
1348 5026 1643 5098 peragitur,
1665 5025 2002 5094 repellendas

415 5110 758 5169 existimem:
792 5111 936 5181 quod
970 5126 1037 5167 ne
1073 5126 1215 5166 nunc
1241 5123 1510 5180 exsequar
1538 5110 1641 5164 alia
1684 5108 1997 5179 prohibent.

488 5194 854 5262 Quaerendum
882 5204 986 5261 est,
1013 5194 1258 5251 civilisne
1289 5209 1357 5248 an
1382 5193 1752 5249 ecclesiastica
1805 5191 1990 5248 fuerit.

415 5279 578 5335 Joan.
601 5277 908 5335 Harduinus
933 5279 985 5334 in
1004 5277 1376 5335 Antirrbetico
1392 5285 1445 5331 et
1463 5275 1652 5330 Numis
1668 5276 1791 5331 urb.
1824 5274 1997 5345 antiq.

414 5363 618 5420 illustr.
652 5363 799 5419 litem
826 5362 1125 5418 secundum
1178 5360 1608 5417 ecclesiasticam
1651 5360 1818 5426 dedit,
1850 5362 1999 5430 licet,

412 5461 515 5503 cur
546 5462 666 5503 eam
701 5447 887 5504 tulerit
916 5447 1486 5511 sententiam,docere
1552 5444 1881 5515 neglexerit;
1944 5455 2001 5503 et

416 5542 544 5602 post
589 5529 931 5597 Harduiuum
971 5531 1177 5603 plures.
1227 5530 1379 5586 llaud
1424 5539 1605 5586 tamen
1657 5530 1808 5601 jure:
1864 5533 2000 5589 nihil

412 5616 563 5670 cnim
601 5615 975 5687 Synecdemus
1019 5615 1349 5686 prmeipuum
1390 5614 1574 5679 habet,
1617 5615 1759 5669 unde
1822 5616 2003 5672 eccle-

416 5697 664 5755 siasticis
710 5698 931 5756 Notitiis
964 5700 1333 5754 accensendus
1388 5697 1556 5753 videri
1596 5697 1789 5768 possit.
1831 5697 1999 5767 Nulli,

415 5792 481 5836 ιιι
501 5783 641 5838 bene
674 5791 864 5839 auctor
892 5783 1118 5837 Dissert.
1148 5781 1434 5853 Chorogr.,
1468 5782 1673 5848 throni,
1708 5797 1846 5838 rat-te
1882 5798 2002 5838 me-

420 5865 685 5936 tropoles,
741 5866 873 5922 nulli
933 5867 1353 5937 archiepiscopi,
1406 5868 1539 5922 nulli
1610 5867 1995 5939 autocephalif,

421 5963 658 6021 cumque
690 5950 741 6007 in
793 5966 902 6007 una
935 5965 1080 6022 serpe
1103 5951 1379 6022 provincia
1411 5951 1593 6021 plures
1642 5950 1993 6023 metropolcs,

1270 487 1663 548 COMMENT.
1709 485 1788 546 ΙΝ
1834 484 2246 548 IIIEROCLIS
2280 478 2820 552 SYNECDEMUM.

3535 490 3673 558 ιοῖι

2104 594 2316 674 tametsi
2342 594 2602 664 dignitate
2627 596 2882 667 impares,
2933 596 3155 664 fuerint,
3188 598 3346 655 utiin
3390 599 3667 674 Bithynia.

2096 671 2441 742 Nicomedia,
2458 677 2637 733 Nicaea
2666 690 2720 733 et
2744 679 3070 748 Chalcedon,
3107 682 3382 737 vixunam
3406 671 3568 756 atque
3602 690 3679 742 al-

2076 767 2290 825 teram,
2325 774 2710 827 saepenumero
2738 764 2900 818 etiam
2950 765 3183 832 nullam,
3207 780 3272 822 eo
3301 766 3462 823 titulo
3510 772 3675 825 coho-

2098 848 2298 895 uestat.
2338 843 2417 896 Ad
2443 842 2568 909 hoc,
2609 843 2753 898 haud
2782 861 2965 914 paucae
2997 854 3349 905 recensentur
3367 852 3527 907 urbes
3554 854 3675 922 qui.

2098 922 2201 977 bus
2245 924 2424 981 nullus
2447 942 2681 997 unquam
2715 929 3002 1000 episc0pus
3050 929 3190 996 fuit;
3226 947 3457 1002 quarum
3488 949 3675 990 exem-

2098 1006 2183 1073 pla
2201 1021 2322 1060 cum
2349 1009 2461 1063 suis
2499 1025 2727 1078 qureque
2789 1012 2922 1068 locis
2972 1015 3223 1086 admetiri
3273 1017 3674 1085 constituerim,

2099 1104 2202 1143 una
2230 1089 2317 1144 hic
2351 1090 2572 1161 Scythia
2600 1093 2897 1163 dcfungar.
2919 1095 3003 1150 llli
3033 1097 3102 1152 15
3133 1099 3295 1154 urbes
3313 1102 3676 1157 contribuun-

2099 1181 2222 1239 tur;
2241 1174 2383 1227 unde
2400 1173 2626 1244 singulis
2641 1177 2935 1247 episc0pis,
2962 1179 3006 1235 si
3026 1180 3395 1237 ecclesiastica
3414 1182 3558 1238 foret
3576 1185 3677 1240 No-

2099 1254 2499 1321 titia,subditas
2517 1258 2682 1314 fuisse
2705 1259 3074 1331 existimares,
3103 1276 3425 1320 cumtamen
3479 1283 3674 1324 omnes

2100 1337 2260 1392 unius
2293 1337 2561 1394 Tomitani
2584 1343 2831 1411 praesulis
2854 1362 2998 1401 cura:
3027 1348 3334 1404 commissae
3355 1348 3583 1405 fuerint.
3613 1352 3674 1407 Si

2099 1419 2404 1487 addubites,
2423 1422 2784 1479 Sozomeuum
2821 1427 2961 1482 ll.E.
2988 1428 3042 1493 6,
3074 1430 3164 1496 21,
3191 1441 3471 1499 auctorem
3495 1436 3638 1490 dabo
3662 1455 3676 1489 :

2098 1502 2268 1557 Τοῦτο
2295 1504 2351 1559 δὲ
2388 1505 2447 1559 τὸ
2472 1505 2624 1570 ἔονος
2651 1510 2851 1573 πολλὰς
2893 1513 2991 1581 μὲν
3025 1502 3138 1584 ἔχει
3172 1513 3269 1567 καὶ
3331 1517 3517 1582 πόλεις
3582 1522 3682 1573 καὶ

2100 1586 2292 1673 κώμας
2340 1590 2433 1643 καὶ
2478 1591 2736 1662 φρούρια,
2772 1596 3106 1666 μητρόπολις
3130 1599 3188 1652 δέ
3214 1600 3333 1654 ἐστι
3357 1602 3556 1673 Τόμις,
3585 1605 3685 1658 πό-

2097 1670 2180 1736 λις
2225 1674 2437 1744 μεγάλη
2500 1676 2595 1730 καὶ
2637 1678 2933 1747 εὐδαίμων,
3001 1684 3288 1753 παράλιος,
3369 1670 3683 1751 ὲξνεύωνύ-

2101 1772 2219 1826 μων
2245 1757 2551 1811 εἰσπλέοντι
2607 1760 2699 1814 τὸν
2761 1761 3015 1827 Εὔξεινον
3060 1767 3399 1837 καλούμενον
3456 1772 3678 1827 Πόντον.

2100 1841 2285 1894 Είσέτι
2339 1843 2436 1897 καὶ
2471 1842 2568 1897 νῦν
2598 1843 2720 1907 ἔοος
2758 1847 2994 1901 παλαιὸν
3055 1849 3244 1905 ἐνθάδε
3287 1857 3505 1922 κρατεῖ,
3584 1857 3681 1910 τοῦ

2101 1925 2305 1990 παντὸς
2331 1926 2516 1992 ἔθνους
2548 1928 2645 1981 ἕνα
2673 1927 2772 1991 τὰς
2793 1931 3090 2002 ἐκκλησίας
3115 1936 3457 1994 ἐπισκοπεῖν.
3485 1936 3686 2009 Utique

2103 2015 2147 2070 si
2210 2014 2582 2088 Synccdemus
2609 2019 2988 2090 episcOporum
3014 2023 3262 2078 ordinem
3287 2033 3341 2080 et
3391 2027 3684 2098 dignitates

2103 2098 2463 2166 describeret,
2521 2111 2579 2155 ut
2609 2117 2801 2157 omnes
2856 2104 2974 2173 ejus
3008 2107 3304 2175 provinciae
3347 2109 3510 2164 urbes
3552 2126 3686 2165 enu-

2103 2192 2342 2238 meraret
2380 2184 2522 2239 nihil
2580 2201 2716 2255 opus
2790 2187 3017 2242 fuisset:
3091 2204 3251 2244 unam
3311 2191 3682 2261 Tomitanam,

2104 2274 2162 2320 ut
2188 2266 2241 2320 in
2279 2268 2486 2322 notitiis
2534 2269 2923 2324 ecclesiasticis
2961 2272 3184 2338 assolet,
3228 2274 3407 2340 gentis
3468 2277 3683 2344 praesuli

2103 2350 2234 2402 dare
2278 2351 2560 2419 potuisset.
2600 2351 2805 2407 Deinde
2839 2355 3022 2422 plures
3078 2355 3351 2425 plerisque
3386 2358 3437 2411 in
3462 2360 3684 2429 provin-

2104 2432 2203 2486 ciis
2235 2433 2420 2497 urbes,
2448 2450 2568 2501 qua:
2591 2450 2720 2489 suos
2749 2435 2853 2491 sibi
2873 2437 3164 2508 episcopos
3189 2439 3516 2509 habuerunt,
3538 2447 3682 2511 quod
3738 2482 3751 2491 κ

2105 2516 2156 2569 in
2190 2515 2390 2572 Notitia
2432 2519 2803 2575 ecclesiastica
2844 2520 3085 2577 insolens
3149 2532 3254 2591 est,
3311 2525 3679 2596 negliguntur.

2102 2598 2212 2655 Nec
2254 2617 2320 2656 eo
2365 2611 2546 2658 tamen
2602 2604 2710 2659 telo
2753 2604 2856 2659 alia
2915 2606 3100 2661 omnia
3157 2609 3459 2665 sentientes
3512 2614 3681 2666 vehe-

2104 2686 2336 2743 mentitis
2374 2689 2643 2745 urseritn:
2699 2684 2829 2759 quid
2885 2692 2931 2754 si
2977 2690 3082 2746 illa:
3100 2694 3520 2750 exciderint?et
3549 2711 3684 2750 sane

2104 2770 2299 2826 multas
2324 2771 2646 2841 negligentia
2662 2774 3061 2844 cxscriptorum
3079 2775 3386 2843 depcrditas
3402 2792 3525 2833 esse
3545 2779 3679 2832 mihi

2101 2855 2422 2922 persuadeo.
2453 2853 2585 2910 Nam
2615 2857 2701 2910 cui
2726 2855 2986 2912 credibile
3022 2857 3132 2925 fiet,
3158 2864 3215 2912 ut
3270 2875 3375 2913 uno
3428 2861 3684 2932 exemplo

2105 2946 2249 3001 utar,
2300 2937 2352 2992 in
2425 2937 2826 3008 Mesopotamia:
2881 2940 3179 3009 provincia.
3210 2941 3379 2996 solam
3433 2945 3683 2998 Amidam

2107 3020 2372 3077 llieroclis
2420 3031 2579 3077 mtate
2614 3023 2874 3081 Romanis
2930 3023 3097 3080 fuisse
3149 3025 3543 3094 superstitem?
3572 3027 3686 3083 Imo

2104 3117 2235 3158 vero
2268 3105 2454 3173 plures
2485 3104 2561 3161 ibi
2616 3104 2901 3169 florebant,
2954 3108 3047 3162 sed
3108 3120 3139 3161 a
3186 3108 3426 3164 librariis
3482 3123 3688 3181 susque

2105 3187 2282 3256 deque
2338 3190 2565 3252 habitat;
2623 3192 2715 3260 qui
2776 3191 2822 3245 si
2865 3189 3070 3260 absque
3115 3192 3304 3246 codice
3352 3192 3689 3251 Faruesiano

2104 3271 2298 3328 fuisset
2361 3290 2524 3329 unam
2574 3274 2755 3329 itidem
2783 3272 3057 3327 thnicaa
3116 3276 3402 3331 maritimae
3436 3278 3690 3348 reliquis-

2103 3365 2228 3412 sent
2251 3356 2473 3428 Tyrum.
2496 3358 2635 3425 Quid
2666 3372 2829 3431 porro
2852 3357 2989 3413 tituli
3020 3359 3683 3431 magistratuum,.quibus

2110 3442 2402 3510 provinciae
2424 3429 2870 3496 administrandae
2889 3442 3164 3495 attributa:
3195 3440 3435 3508 fuerunt,
3468 3429 3536 3499 ad
3570 3443 3684 3501 No-

2102 3524 2284 3579 titiam
2338 3524 2815 3604 ecclesiasticam?
2877 3524 3005 3592 quid
3057 3522 3383 3595 synecdemi
3458 3544 3679 3598 nomen,

2106 3609 2251 3676 quod
2312 3609 2441 3664 huic
2474 3607 2695 3665 Notitia:
2745 3607 3067 3675 inscriptum
3115 3609 3243 3663 est?
3277 3608 3341 3662 id
3369 3611 3685 3682 peregrina.

2107 3690 2275 3745 tionis
2297 3691 2550 3747 comitem
2577 3690 2938 3761 assignillcat,
2975 3698 3405 3762 argumentoque
3445 3704 3529 3749 est
3553 3692 3685 3750 Hice

2106 3773 2309 3829 roclem
2367 3774 2677 3844 provincias
2712 3771 2944 3828 obituris
2999 3788 3322 3829 succurrere
3378 3784 3434 3829 ct
3468 3777 3682 3849 imperii

2107 3854 2349 3913 Orientis
2409 3857 2821 3926 amplitudinem
2855 3856 2908 3909 iu
2937 3855 3088 3911 brevi
3115 3858 3272 3924 quasi
3311 3857 3511 3914 tabella
3547 3876 3684 3930 prte-

2106 3939 2329 4009 pingere
2367 3939 2621 3996 voluisse.
2650 3937 2783 4009 ριιω
2806 3939 2937 3993 mihi
2981 3953 3146 3994 causa
3198 3942 3414 3995 videtur
3441 3957 3540 3997 cur
3568 3959 3690 4013 pro-

2106 4021 2408 4078 vinciarum
2439 4022 2712 4088 ordinem,
2761 4022 2838 4076 uti
2895 4020 3170 4092 praefectis
3201 4032 3257 4078 et
3289 4024 3513 4080 vicariis
3553 4028 3687 4081 sub-

2106 4112 2283 4170 erant,
2317 4104 2727 4160 accuratissime
2750 4104 2999 4159 scrvarit.
3052 4104 3213 4161 Libet
3262 4108 3313 4160 id
3378 4109 3684 4175 ostendere,

2107 4188 2252 4260 quod
2277 4188 2362 4242 illa
2416 4203 2476 4243 re
2511 4203 2667 4245 suam
2686 4191 2756 4244 ab
2780 4189 3170 4247 ecclesiasticis
3215 4189 3437 4248 Notitiis
3463 4208 3689 4262 prorsus

2106 4269 2439 4325 distinxerit.
2470 4268 2710 4324 Primum
2729 4270 3088 4327 Thraciarum
3111 4272 3396 4339 dimcesin,
3430 4275 3481 4329 in
3506 4273 3689 4344 6pm-

2107 4350 2319 4407 vincias
2374 4351 2701 4419 descriptam
2742 4361 2798 4408 et
2857 4354 3061 4409 vicario
3113 4361 3414 4423 parentem,
3460 4369 3569 4424 quo
3619 4361 3692 4411 de

2106 4432 2271 4490 Natit.
2308 4434 2437 4502 imp.
2464 4430 2666 4489 Orient.
2697 4448 2747 4488 ο.
2779 4434 2885 4489 152
2924 4435 3278 4505 exsequitur:
3338 4445 3450 4492 tum
3506 4436 3688 4492 Mace-

2108 4517 2286 4574 donia:
2312 4527 2366 4574 ct
2394 4516 2569 4572 Daciae
2629 4517 2888 4577 ditecesin
2919 4517 3177 4586 praefecto
3199 4519 3440 4588 praetorii
3471 4519 3693 4592 Illyrici

2107 4603 2461 4669 attributam;
2493 4603 2580 4657 cui
2641 4618 2815 4663 nuper
2866 4617 2895 4655 a
2946 4602 3258 4657 Justiniano
3322 4603 3693 4674 reciperatam-

2109 4687 2465 4748 Pannoniam,
2494 4702 2614 4757 quae
2639 4696 2767 4741 ante
2790 4684 3049 4756 praefecto
3076 4685 3313 4756 prmiorii
3347 4684 3514 4741 italiae
3536 4702 3689 4743 com-

2108 4775 2272 4829 missa
2295 4772 2498 4840 fuerat,
2532 4771 2793 4842 adjungit.
2823 4770 2975 4826 Hanc
3014 4771 3219 4840 exeipit
3245 4771 3447 4826 Asiana
3474 4773 3533 4827 ll
3563 4789 3690 4841 pro-

2104 4856 2431 4922 vinciarum,
2498 4863 2614 4910 tum
2685 4853 2911 4910 Pontica
2965 4854 3184 4910 totidem
3262 4856 3686 4923 provinciarum,

2106 4940 2229 4996 dein
2261 4936 2501 4994 Orientis
2530 4937 2824 5009 provincia:
2854 4937 2943 5001 l5,
2969 4937 3186 4992 tandem
3217 4936 3507 5009 Egyptus,
3533 4954 3689 5011 pror-

2105 5037 2202 5079 sus
2234 5032 2295 5077 ut
2321 5022 2375 5077 in
2393 5019 2596 5076 Notitia
2629 5021 2762 5092 imp.
2791 5019 3030 5077 Orientis
3059 5036 3109 5076 c.
3148 5020 3204 5087 i,
3236 5035 3426 5076 omnes
3448 5023 3697 5091 praefecti

2106 5108 2359 5179 prmtorio
2403 5103 2644 5162 Orientis
2669 5104 3009 5175 dispositioni
3050 5112 3106 5159 et
3148 5108 3295 5160 curae
3325 5106 3628 5161 mandata-

2176 5192 2354 5262 Atque
2412 5190 2531 5246 haec
2586 5192 2651 5244 dc
2678 5188 3050 5262 Synecdemo;
3098 5189 3253 5258 cujus
3297 5190 3530 5259 primam
3565 5189 3686 5243 edi-

2111 5278 2314 5332 tionem
2375 5273 2572 5330 Carolo
2604 5288 2635 5329 a
2668 5273 2727 5326 S.
2762 5272 2957 5329 Paullo
2986 5274 3271 5338 debemus,
3297 5272 3397 5328 sed
3438 5271 3515 5325 14.
3560 5286 3691 5341 pro-

2105 5360 2301 5416 vinciis
2336 5359 2605 5414 mutilam.
2644 5358 2819 5412 Aliam
2884 5358 3067 5413 animo
3092 5357 3327 5427 agitasse
3381 5353 3499 5411 Jac.
3563 5355 3682 5410 Sir-

2107 5443 2364 5500 mondum
2397 5457 2463 5498 ex
2502 5443 2737 5512 quadam
2777 5441 2897 5509 ejus
2944 5442 3010 5495 ad
3060 5439 3123 5494 L.
3177 5437 3539 5494 llolsteinium
3571 5440 3690 5508 epi-

2107 5526 2243 5582 stola
2287 5542 2346 5596 p.
2392 5526 2492 5580 471
2534 5525 2624 5581 ed.
2660 5523 2852 5579 Venet.
2893 5524 3202 5590 suscipere:
3237 5521 3353 5578 r-De
3419 5520 3689 5578 Hieroclis

2105 5610 2470 5683 Synecdemo,
2508 5609 2702 5678 inquit,
2735 5607 2977 5680 gratuler
2993 5622 3060 5661 an
3085 5605 3296 5661 doleam
3336 5605 3542 5660 nescio.
3571 5604 3684 5661 luto

2105 5709 2295 5751 revera
2329 5693 2485 5750 doleo
2541 5694 2635 5749 tibi
2664 5708 2771 5747 non
2805 5708 2834 5745 a
2855 5705 2940 5744 me
2965 5689 3110 5745 dono
3132 5690 3314 5744 datum
3350 5687 3539 5753 fuisse,
3556 5702 3684 5744 cum

2104 5789 2423 5849 expeteres;
2457 5787 2512 5832 et
2539 5778 2681 5846 quod
2706 5790 2806 5846 ego
2865 5771 2997 5828 mihi
3045 5773 3360 5843 contingere
3407 5770 3685 5842 optabam,

2108 5875 2167 5920 ut
2197 5863 2343 5920 aliud
2377 5862 2657 5934 exemplar
2683 5859 3048 5922 llﬂliCiSCCl‘el’,
3085 5857 3136 5911 id
3170 5856 3265 5912 tibi
3321 5857 3498 5929 potius
3539 5855 3689 5911 obti-

2108 5951 2253 6022 gisse
2316 5947 2569 6020 gaudeo;
2604 5954 2766 6014 atque
2827 5952 2974 5999 utex
3021 5941 3205 5998 animo
3272 5957 3358 5998 me
3415 5940 3704 6016 gratulari.
