4170 6424
502 477 643 546 1075

499 589 797 662 intelligas,
854 592 899 647 si
943 592 1011 647 ad
1051 593 1257 662 reliqua
1301 605 1389 651 tua
1429 596 1813 666 geographica,
1849 611 1973 652 cum
2023 597 2089 651 ad

476 675 840 731 'Cramosium
908 679 1115 743 mittes,
1147 679 1649 734 Afrirauinnstram
1704 679 1860 748 adjici
1908 681 2090 749 jubes.

502 773 612 812 non
656 759 985 830 defugiam.»
1035 759 1189 827 Quod
1219 764 1295 817 uti
1322 763 1584 826 advertis,
1617 763 1903 818 consilium
1937 763 2091 819 deiti-

501 856 637 912 ceps
699 843 1022 909 repudiavit.
1068 842 1216 899 Vidit
1270 846 1622 916 versavitque
1660 846 2088 901 eumSirmondi

504 943 610 984 ms.
646 926 811 983 Henr.
842 925 1112 995 Valesius,
1142 930 1300 985 sicuti
1337 932 1404 985 ad
1435 931 1702 985 Ammian.
1746 931 1838 995 5|,
1867 931 1922 985 ll
1963 946 2089 1000 pro-

505 1013 709 1074 litetur,
754 1012 895 1066 haud
921 1011 1158 1068 obscure
1190 1013 1437 1083 plurimis
1467 1029 1587 1069 cum
1647 1015 1793 1070 vitiis
1856 1014 2091 1069 obsitum

504 1095 676 1148 luisse
699 1095 953 1149 iunuens.
980 1094 1208 1151 Domum
1259 1096 1321 1150 L.
1353 1097 1651 1153 Bulsteinio
1680 1099 1818 1152 bona
1843 1099 2091 1169 quaedam

505 1179 720 1232 turtuna
772 1179 953 1247 plures
986 1196 1150 1234 manu
1196 1186 1455 1237 exaratos
1499 1183 1743 1248 codices,
1772 1181 2091 1239 Vaticanum

503 1259 942 1331 Altempsianum
977 1271 1033 1319 et
1074 1263 1458 1329 Farnesiauos,
1484 1266 1704 1330 obtulit,
1737 1262 1967 1334 quorum
1991 1281 2096 1337 ope

505 1355 814 1402 correctum
857 1347 925 1402 ιι
975 1349 1272 1418 provinciis
1341 1351 1639 1405 auct-iorem
1696 1349 2093 1421 Synecdemutu

505 1437 704 1497 praeter
754 1431 858 1488 alia
915 1433 1319 1505 geographica,
1365 1434 1432 1490 de
1486 1433 1684 1503 quibus
1773 1433 2100 1491 Lambecius

1541 484 1927 548 ADDENDA.
1971 510 2041 520 —
2076 486 2143 547 P.
2185 484 2700 547 WESSELINGII

3644 487 3793 557 1076

2201 595 2342 650 Bibi.
2387 595 2586 651 Ctesur.
2640 595 2678 650 l.
2714 610 2787 661 vr,
2839 611 2891 665 p.
2936 594 3066 660 268,
3122 595 3345 665 vulgare
3395 610 3791 669 preposuerat;
3890 586 3913 601 ’

2199 681 2398 750 quibus
2438 679 2744 746 conatibus,
2777 694 2843 734 ne
2863 681 3083 749 egregie
3126 679 3370 736 inchoati
3429 682 3795 752 absolveren-

2200 772 2311 829 tur,
2338 778 2464 818 cum
2498 763 2600 818 viri
2653 761 3093 831 priestantissiuii
3137 763 3307 818 fatum
3333 767 3660 833 obstitisset,
3706 768 3795 822 la-

2201 858 2353 901 tuere
2395 848 2485 902 diu
2523 848 2575 900 iu
2629 846 2926 903 liarberiua
2957 847 3286 902 bibliotheca
3314 850 3554 918 scliedae,
3612 852 3798 921 donec

2204 921 2519 986 Emmanuel
2549 928 2976 986 Scliestratenus
3005 930 3129 986 inde
3145 942 3332 988 erutas
3363 934 3684 1003 publicaret,
3739 946 3799 989 et

2198 1019 2386 1087 Autiq.
2431 1016 2752 1072 Ecclesiast.
2796 1025 2836 1071 ι.
2871 1016 2939 1081 ll,
2973 1032 3023 1086 p.
3059 1014 3188 1080 689,
3239 1018 3547 1074 llieroclem
3599 1021 3794 1087 variis,

2200 1115 2321 1169 qum
2349 1110 2616 1155 vocantur
2649 1099 2975 1154 lectionibus
3002 1110 3059 1153 ct
3108 1098 3278 1155 latina
3332 1099 3616 1158 llolsteiuii
3667 1118 3797 1158 ver-

2199 1186 2354 1258 sione
2394 1185 2720 1239 iustructum
2755 1184 3043 1238 insereret.
3100 1182 3233 1239 Post
3263 1185 3461 1242 deinde
3500 1185 3801 1242 Anselmus

2202 1265 2506 1322 Bandurius
2535 1267 2755 1334 dignum
2789 1267 3005 1321 censuit
3037 1268 3129 1335 qui
3164 1267 3404 1323 indidem
3431 1279 3682 1340 sumptus
3706 1279 3798 1325 to-

2205 1364 2351 1405 mum
2385 1347 2645 1420 limpcrii
2684 1349 2983 1407 Orientalis
3045 1365 3098 1422 p.
3125 1351 3187 1407 5t
3211 1363 3455 1409 ornaret.

1162 1582 1759 1656 SequiturvSrivizcosut
1794 1597 1986 1655 textus,
2048 1605 2196 1658 quem
2225 1603 2387 1658 supra
2445 1588 2686 1644 dedimus
2726 1588 2825 1644 col.
2858 1588 3112 1648 ιιι-ηδ.

2107 1779 2180 1796 ’π-

1417 1947 1843 2069 PETRI
1930 1954 2896 2072 WESSELINGII

2124 2193 2191 2239 IN

826 2356 1482 2452 HIEBOCLIS
1554 2358 2383 2451 SYNECDEMUM
2462 2356 3473 2452 COMMENTARIUS.

583 2730 701 2786 Col.
741 2729 864 2784 ιλιι.
893 2731 965 2785 Α..
988 2731 1224 2801 Θρᾴκης
1253 2730 1568 2799 Εὐρώπης.
1605 2734 1711 2787 Sex
1743 2732 2104 2788 Thraciarum

515 2815 830 2883 provincias
880 2815 1257 2872 Thcodoretus
1309 2815 1375 2870 ιι.
1426 2815 1489 2871 Ε.
1543 2817 1621 2881 5,
1676 2816 1747 2872 28
1800 2829 1855 2873 et
1909 2816 2110 2872 Sextus

515 2897 689 2952 Rufus
746 2897 991 2953 Breviar.
1049 2913 1100 2954 c.
1150 2898 1205 2964 9,
1243 2898 1533 2969 Europam,
1571 2900 1894 2969 Rhodopen,
1931 2897 2107 2953 Thra-

516 2982 685 3045 ciam,
728 2978 900 3036 Hiemi
943 2991 1208 3047 montem,
1242 2981 1489 3038 Milesiam
1543 2982 1839 3039 secundam
1873 2992 1929 3038 et
1976 2979 2110 3051 Scy-

520 3062 693 3118 thiam
731 3063 900 3120 fuissc
946 3064 1145 3121 docent
1185 3084 1200 3121 :
1238 3065 1458 3123 easdem
1514 3064 1817 3130 Hierocles,
1882 3064 2111 3136 singulis

520 3164 652 3204 suas
693 3147 861 3204 urbes
886 3157 943 3205 et
967 3151 1319 3222 magistratus
1353 3153 1620 3216 tribuens,
1659 3159 1932 3208 recenset.
1970 3149 2112 3204 Sub-

520 3238 677 3288 erant
692 3232 783 3286 uni
805 3232 1103 3289 dimceseos
1120 3232 1477 3290 Thraciarum
1497 3235 1727 3303 vicario,
1742 3233 1810 3290 de
1837 3247 1946 3303 quo
1958 3232 2111 3288 Noti-

519 3317 592 3372 tia
613 3317 736 3387 imp.
761 3315 973 3374 Orioni.
995 3305 1047 3373 (ἶ.
1073 3318 1212 3387 152;
1245 3319 1620 3375 Tlieodoretus
1650 3327 1934 3388 propterea
1958 3316 2024 3371 ll.
2046 3315 2107 3372 E.

520 3402 573 3467 5,
605 3399 637 3454 7
668 3401 910 3475 ἄρχοντα
934 3402 1154 3469 ἀπάσης
1177 3406 1277 3474 τῆς
1313 3403 1540 3475 Θρᾴκης
1568 3400 1844 3470 appellare
1871 3401 2108 3457 videtur.

598 3499 732 3558 ibid.
771 3498 919 3556 Ὑπὸ
954 3499 1425 3569 κονσουλὰριον.
1460 3496 1732 3556 Fuitolim
1757 3497 2114 3572 proconsula-

526 3589 604 3642 ris
631 3586 879 3655 Eurupa;
925 3599 1090 3656 quam
1133 3585 1253 3655 ejus
1284 3584 1580 3654 provinciae
1613 3585 1929 3657 dignitatem
1975 3584 2110 3654 imp.

520 3669 877 3727 Constantius
937 3678 1124 3725 creato
1155 3668 1307 3724 urbis
1358 3668 1660 3740 Cpolitanaa
1698 3668 1958 3741 prmfeeto
1991 3683 2113 3723 uiu-

523 3755 680 3812 tavit.
711 3754 970 3810 Socrates
999 3751 1065 3807 ll.
1102 3752 1167 3806 E.
1189 3753 1247 3822 2,
1282 3750 1347 3808 ιι
1382 3767 1398 3806 :
1434 3754 1544 3808 Καὶ
1574 3753 1700 3808 τότε
1736 3753 1829 3807 τὸν
1871 3751 2114 3823 ἔπαρχον

520 3841 624 3912 τῆς
682 3837 1320 3901 Κωνσταντινουπόλεως
1363 3836 1708 3909 κατέστησεν
1739 3878 1754 3903 ,
1807 3835 2116 3906 Ὁνωρᾶτον

520 3925 722 3997 oportet,
759 3923 861 3995 τὴν
889 3922 1218 3977 ἀνθυπάτων
1268 3921 1485 3987 παύσας
1542 3923 1743 3993 ἀρχήν.
1780 3922 1914 3977 Cum
1969 3918 2113 3975 enim

526 4024 593 4065 ea
623 4010 757 4065 urbs
791 4008 844 4064 in
880 4006 1096 4075 Europa
1134 4004 1364 4077 ejusque
1387 4005 1551 4060 fuerit
1574 4012 1755 4075 caput,
1790 4004 2115 4074 dicaturque

525 4091 906 4162 proconsulem
962 4089 1239 4154 habuisse,
1272 4090 1342 4145 de
1393 4088 1672 4159 provincia
1721 4089 1943 4145 dubium
1992 4102 2116 4146 esse

525 4174 752 4246 nequit;
805 4173 1107 4245 pnesertim
1162 4186 1287 4227 cum
1322 4186 1392 4228 ex
1438 4180 1686 4228 veterum
1733 4172 1955 4243 scriptis
1986 4187 2113 4241 pro-

527 4257 782 4317 consules
834 4256 1007 4314 Henr.
1052 4252 1307 4310 Valesius
1348 4254 1575 4322 eruerit,
1604 4255 1803 4326 quibus
1834 4255 1962 4310 addi
1993 4252 2115 4310 Pri-

528 4358 656 4400 scus
689 4343 891 4413 poterit
929 4338 1221 4412 provincia:
1260 4337 1488 4409 Europae
1555 4337 1845 4407 proconsul
1894 4352 1959 4393 ex
2000 4336 2119 4392 Me-

525 4426 738 4498 nologio
768 4424 1060 4480 Canisiauo
1101 4422 1158 4477 ll
1198 4420 1305 4478 Jul.
1342 4425 1446 4477 sub
1486 4421 1841 4488 Diocletiano,
1876 4432 1931 4476 et
1971 4418 2117 4476 Tati-

527 4528 647 4580 rus,
677 4511 768 4582 qui
810 4507 1155 4567 Constantini
1209 4505 1278 4563 Μ.
1319 4513 1480 4562 aetate
1523 4504 1831 4564 Thracibus
1884 4519 2120 4577 procon-

527 4595 696 4652 sulari
749 4593 980 4664 imperio
1030 4590 1269 4662 praefuit,
1319 4604 1384 4645 ex
1432 4590 1927 4661 Porpliyrogenetae
1975 4587 2119 4645 Con-

528 4678 756 4734 stantini
776 4677 814 4732 ι.
847 4674 885 4732 ‘2
914 4674 1095 4731 Thom.
1123 4677 1175 4741 ι,
1201 4673 1329 4744 quid
1356 4675 1540 4745 itaque
1571 4673 1656 4731 Jo.
1692 4672 2119 4739 llardnino,uoﬂ.

531 4758 757 4817 Valesio
789 4758 969 4816 solum
1009 4757 1362 4826 obloquente,
1410 4757 1507 4812 sed
1555 4765 1611 4812 et
1640 4756 1742 4829 τὴν
1790 4756 2125 4813 ἀνθυπάτων

530 4846 711 4917 ἀρχήν
766 4846 835 4900 de
900 4843 1250 4899 duumvirum
1315 4843 1642 4914 magistratu
1699 4842 1770 4898 ad
1836 4842 2122 4899 Tlietnistii

533 4937 673 4986 erat.
707 4929 774 4984 l7
810 4926 1232 4997 interpretante,
1271 4926 1484 4983 facias?
1513 4925 1643 4980 mihi
1673 4926 1987 4997 ambiguum
2013 4941 2122 4982 non

533 5022 621 5070 est
671 5011 806 5083 quin
864 5018 1072 5067 temere
1139 5023 1173 5066 a
1224 5010 1347 5068 viro
1397 5010 1721 5067 doctissimo
1776 5010 2120 5067 dissenserit.

533 5098 726 5169 Opera:
752 5096 989 5167 pretium
1016 5095 1208 5166 utique
1233 5095 1411 5151 fuerat
1441 5092 1797 5166 proconsules
1819 5109 1851 5151 e
1881 5105 2122 5151 veterum

537 5181 906 5242 monumentis
927 5178 1226 5252 productos
1250 5179 1562 5252 proﬂigare,
1600 5190 1654 5236 et
1697 5179 2117 5253 exemplisde-

535 5270 780 5332 υπάτους
804 5266 1026 5322 eosdem
1054 5278 1119 5320 ac
1138 5263 1454 5320 duumviros
1473 5278 1599 5320 esse
1614 5263 1865 5331 ﬁrmare;
1890 5278 2123 5334 quorum

540 5359 794 5409 neutrum
851 5364 980 5405 cum
1040 5348 1256 5413 fecerit,
1311 5347 1433 5419 ejus
1483 5348 1742 5405 dissensu
1803 5347 2124 5418 paucissimi

540 5437 923 5492 movebuntur.
963 5430 1094 5489 Post
1148 5429 1464 5503 praefectum
1517 5441 1699 5488 autem
1747 5433 1868 5487 urbi
1900 5432 2063 5504 regia:
2093 5447 2124 5488 a

534 5518 861 5575 Constantio
892 5516 1228 5586 impositum,
1267 5515 1573 5572 consularis
1629 5515 1906 5582 Europam
1946 5514 2124 5571 admi-

538 5602 828 5671 nistravit;
880 5601 1027 5657 unde
1064 5601 1300 5656 Aradius
1346 5598 1618 5655 Proculus
1674 5600 1727 5654 in
1779 5597 2039 5654 Tltesaur.
2068 5614 2122 5671 p.

538 5686 816 5753 CCCLXI,
853 5687 907 5752 ι,
944 5687 1245 5742 consularis
1285 5685 1572 5755 provincia:
1632 5683 1864 5754 Eur-apo:
1925 5685 2025 5741 sub
2064 5700 2128 5740 eo

544 5779 878 5841 imperatore
905 5772 1124 5827 dicitur.
1155 5769 1325 5826 Erant
1364 5769 1683 5826 consulares
1711 5768 2125 5840 Κονσουλάριοι,

546 5859 608 5908 ιη
644 5854 699 5906 in
733 5853 945 5911 Glosds
975 5865 1058 5909 est
1097 5854 1333 5910 Nomicis
1377 5852 1655 5918 ὑπατικοὶ,
1689 5853 1803 5909 sive
1840 5854 2124 5909 consulatu

548 5945 732 5993 essent
760 5935 932 5996 functi
960 5954 1059 5998 seu
1088 5940 1424 6001 ornamentis
1473 5938 1851 5998 consularibus
1890 5938 2075 5998 donati
2112 5956 2124 5993 :

2210 2746 2338 2787 nam
2368 2730 2764 2788 Constantinus
2794 2732 2827 2786 l.
2861 2730 2897 2786 2
2926 2729 3106 2788 Them.
3140 2731 3161 2787 l
3203 2729 3495 2803 βουλευτὰς
3531 2745 3658 2787 esse
3684 2745 3809 2786 mo-

2211 2831 2366 2883 nens,
2407 2817 2705 2873 consiliarii
2751 2814 3123 2886 κονσιλιαρεου
3174 2829 3331 2881 voce,
3391 2828 3553 2883 quam
3600 2829 3700 2869 suo
3749 2816 3812 2869 in

2210 2901 2399 2957 codice
2445 2901 2678 2972 legebat,
2734 2899 2993 2969 deceptus
3028 2908 3133 2955 est.
3167 2896 3451 2970 [tegebant
3479 2897 3803 2968 provincias

2213 2985 2534 3058 dignatione
2600 2982 3005 3041 correctoribus
3063 2990 3119 3038 et
3172 2980 3499 3053 praesidibus
3538 2981 3811 3050 potiores,

2212 3080 2273 3127 ut
2305 3070 2342 3125 l.
2371 3069 2535 3126 unica
2568 3082 2622 3124 ο.
2668 3067 2769 3123 Th.
2820 3068 2885 3122 de
2940 3066 3215 3122 consular.
3252 3065 3431 3121 innuit
3476 3078 3492 3117 :
3526 3063 3809 3120 habebant

2213 3155 2435 3211 lictores
2458 3162 2513 3208 et
2542 3151 2738 3217 fasces,
2767 3151 2857 3222 qui
2883 3150 3061 3206 fasces
3085 3148 3489 3206 consularitatis
3541 3147 3595 3202 in
3622 3147 3662 3201 I.
3692 3146 3727 3201 Ι
3752 3162 3807 3202 c.

2216 3236 2317 3294 Th.
2365 3237 2436 3291 ad
2492 3238 2533 3291 ι.
2567 3234 2686 3290 Jul.
2743 3235 2812 3290 de
2873 3235 3084 3290 ambitu
3143 3242 3441 3296 vocantur,
3487 3239 3543 3287 et
3576 3245 3815 3286 numero

2214 3321 2433 3393 quidem
2497 3334 2632 3385 sex;
2685 3316 2831 3373 unde
2859 3315 3126 3373 Paulinus
3177 3314 3421 3372 Nolanus
3474 3312 3653 3369 Natal.
3714 3311 3811 3379 l3,

2215 3407 2343 3475 διε,
2371 3407 2511 3462 dese
2540 3401 2852 3474 Campania:
2880 3400 3153 3458 consulari
3180 3415 3195 3453 :

2360 3504 2504 3574 Ergo
2545 3502 2634 3574 ubi
2662 3500 2742 3574 bis
2771 3509 2920 3554 terno
2961 3498 3183 3574 ditionis
3210 3497 3355 3574 fasce
3379 3498 3579 3574 levatus

2359 3567 2592 3644 Deposui
2625 3571 2776 3627 nulla
2815 3567 3318 3638 maculatam'ctcde
3349 3567 3601 3622 securim.

2217 3673 2322 3731 Ubi
2360 3685 2487 3726 vero
2522 3684 2589 3725 eo
2637 3669 2847 3725 honore
2895 3678 3057 3723 erant
3097 3664 3367 3732 deluncti,
3410 3664 3562 3721 illum
3603 3662 3821 3718 iterare

2218 3766 2328 3813 non
2359 3759 2635 3825 poterant,
2669 3750 2832 3808 sicuti
2865 3749 3011 3805 dicta
3036 3749 3073 3804 1.
3107 3749 3206 3805 υιι.
3245 3748 3314 3804 de
3337 3747 3546 3805 ambitu
3577 3744 3808 3801 sciscit:

2221 3853 2533 3914 quanquam
2580 3853 2690 3893 non
2731 3835 2914 3892 desint
2949 3849 3141 3890 eorum
3197 3831 3447 3904 exempla
3482 3829 3575 3914 qui
3608 3829 3815 3914 iterum

2222 3909 2615 3998 gesto—honore
2642 3919 2987 3984 claruerunt,
3018 3917 3088 3974 de
3119 3917 3321 3988 quibus
3355 3916 3426 3971 ibi
3454 3915 3476 3969 ι
3512 3909 3814 3998 (ἶριιιοιτετ

2220 3990 2343 4068 dus.
2378 4008 2659 4078 Originem
2716 4003 3089 4061 consularium
3146 4002 3215 4057 ab
3262 4001 3505 4071 Augusto
3562 3990 3689 4053 esse
3734 3993 3805 4050 ad

2223 4090 2500 4165 Spartiani
2525 4088 2785 4144 lladrian.
2815 4100 2866 4141 c.
2894 4085 2967 4140 22
2999 4082 3303 4165 Salinasius
3334 4083 3596 4153 disputat.

2293 4176 2435 4233 ibid.
2468 4172 2972 4238 Εὺδοξιούπολις.
3028 4169 3113 4224 Ab
3140 4156 3401 4224 'Eudoxia
3442 4162 3659 4221 Arcadii
3699 4159 3809 4217 hoc

2223 4275 2427 4317 nomen
2481 4257 2790 4330 Selymbria
2838 4254 3174 4324 impetravit.
3226 4241 3487 4308 Socrates
3526 4246 3595 4302 ii.
3646 4245 3711 4301 E.
3752 4246 3817 4330 7,

2221 4346 2290 4402 '56
2323 4360 2338 4399 :
2373 4328 2631 4413 Θεόφιλὸς
2673 4341 2782 4396 ἀπὸ
2831 4338 3138 4408 Ἀπάμειας
3162 4336 3262 4407 τῆς
3294 4336 3354 4387 ἐν
3394 4333 3551 4401 Ἀσίᾳ
3582 4328 3816 4402 μετηνέ-

2223 4430 2328 4502 χθη
2362 4430 2443 4491 εἰς
2471 4424 2886 4490 Εὐδοξιούπολιν
2932 4423 3033 4495 τὴν
3069 4421 3131 4473 τὸ
3187 4419 3418 4474 παλαιὸν
3453 4414 3818 4502 Σαλαμϐρξςκν

2245 4497 2613 4583 άαιουμένην.
2646 4507 3006 4581 Selymbriam
3044 4504 3274 4575 intelligi
3322 4511 3378 4559 et
3407 4501 3621 4557 Socrati
3658 4497 3818 4583 reddi

2223 4581 2479 4662 oportere
2526 4592 2697 4662 liquet
2721 4608 2786 4647 ex
2818 4590 3087 4661 Stephani
3134 4586 3412 4659 pontiﬁcis
3446 4585 3517 4640 ad
3546 4581 3818 4638 Basilium

2228 4679 2576 4734 Macedonem
2610 4675 2838 4746 epistola
2881 4673 3023 4729 inter
3060 4675 3196 4728 Acta
3235 4669 3453 4726 consilii
3509 4666 3611 4738 Cp.
3666 4666 3724 4728 4,
3756 4679 3812 4733 p.

2226 4762 2353 4827 655,
2388 4761 2480 4818 ubi
2520 4759 2818 4832 Σηλυῦρῐα,
2857 4758 2909 4812 in
2940 4771 3115 4827 .quam
3142 4754 3436 4825 episcopus
3479 4751 3572 4808 ille
3610 4749 3818 4832 migra-

2229 4824 2387 4914 verit,
2411 4824 2734 4916 appellatur.
2770 4841 2888 4895 Alia
2916 4824 3138 4911 quidem
3167 4824 3353 4893 omnia
3383 4833 3448 4891 L.
3475 4824 3819 4916 Holsfleinius

2229 4930 2280 4984 in
2315 4914 2492 4986 Caroli
2519 4944 2548 4983 a
2585 4927 2645 4984 S.
2680 4925 2849 4981 Paulo
2904 4924 3104 4992 Geogr.
3137 4920 3198 4977 S.
3237 4919 3566 4982 autumavit,
3601 4914 3820 4972 Pisidia:

2227 5011 2624 5084 Eudoxiopoliu
2671 5008 2801 5066 olim
2852 5006 3218 5064 Salambriam
3278 5003 3453 5059 fuisse
3503 5003 3816 5072 opinatus:

2227 5102 2322 5155 sed
2378 5097 2662 5153 Romanus
2709 5092 3242 5163 Eudoxiopolitanus
3274 5088 3498 5160 praesul,
3554 5099 3667 5156 quo
3719 5098 3820 5138 au-

2227 5191 2381 5240 ctore
2434 5181 2777 5252 potissimum
2845 5178 3074 5241 nititur,
3134 5174 3519 5230 auctoritatem
3584 5168 3816 5239 defugit,

2228 5283 2349 5322 eum
2384 5277 2514 5321 tom.
2547 5265 2601 5321 8.
2637 5263 2701 5320 (Ζ.
2728 5264 2866 5320 Gen.
2900 5278 2955 5332 p.
2990 5259 3094 5317 527
3121 5259 3260 5314 actis
3280 5252 3821 5312 Chalcedonensibus

2231 5350 2456 5416 inserit,
2504 5347 2778 5403 Romanus
2838 5347 3114 5416 episwpus
3166 5338 3597 5409 Eudoxiopolis,
3649 5336 3706 5388 id
3743 5344 3820 5389 est

2231 5432 2541 5506 Selymbria:
2560 5431 2845 5502 provinciae
2887 5428 3153 5495 Thraciis,
3193 5423 3505 5493 subscripsi.
3545 5417 3821 5475 Videntur

2231 5529 2414 5574 autem
2441 5516 2807 5588 Selymbriaui
2854 5514 3002 5570 hunc
3052 5512 3272 5569 titulum
3314 5507 3637 5573 abstulisse,
3669 5511 3821 5574 post-

2231 5617 2393 5674 quam
2426 5601 2661 5658 Arcadio
2703 5615 2765 5656 se
2808 5598 3128 5670 imperatori
3190 5589 3688 5651 donassent.'llinc
3717 5588 3821 5641 Ar-

2231 5673 2418 5745 cadius
2454 5696 2507 5745 et
2540 5685 2810 5743 llonorius
2846 5685 2885 5738 l.
2937 5682 3008 5737 42
3045 5683 3106 5737 C.
3167 5680 3267 5737 Th.
3304 5681 3368 5734 de
3424 5693 3572 5749 aper.
3624 5673 3771 5745 pubi.
3802 5689 3822 5728 :

2234 5771 2730 5840 Eudoxiopolitaum
2763 5771 2989 5825 civitatis
3021 5767 3155 5823 cives
3188 5783 3283 5836 pro
3333 5764 3514 5820 oblata
3546 5762 3697 5816 nobis
3722 5776 3821 5815 sua

2232 5856 2407 5923 patria
2457 5855 2763 5924 ergastcriis
2797 5853 3179 5912 condonamus.
3234 5849 3325 5908 Sic
3377 5849 3498 5922 lege
3545 5856 3598 5904 ct
3628 5843 3752 5901 vide
3778 5840 3819 5902 ι.

2232 5937 2650 5998 Gothofredum.
