4170 6428
422 429 556 494 1077

379 591 432 635 τ’
486 544 604 635 Col.
641 545 762 600 141.
808 547 1144 635 Ἠράθςλειω
1179 552 1487 610 Secundum
1517 557 1794 626 dignitatis
1823 558 1999 612 locum

419 627 470 710 in
491 627 705 698 Europa
722 640 844 698 post
866 632 1069 702 regiam
1087 637 1276 692 urbem
1300 642 1538 705 tenebat,
1562 641 1823 710 Proc0pio
1838 640 2005 699 Fabr.

420 709 621 767 Justln.
653 711 708 776 4,
743 715 798 774 9.
827 725 998 782 teste;
1029 729 1082 773 ct
1112 722 1368 788 quoniam
1403 724 1529 778 huic
1565 725 1845 794 metropoli
1875 724 2006 780 olim

415 795 690 850 subditum
732 797 1050 870 Byzantium
1099 811 1240 869 erat,
1300 809 1639 864 consuetudo
1698 819 1757 863 ιιι
1828 809 2004 864 lIera-

415 878 648 936 clecnsis
677 884 966 954 cpiscopus
1005 885 1350 956 Cpolitanum
1385 893 1747 960 patriarcham
1783 895 2008 963 inaugu-

420 972 572 1016 raret
601 974 767 1034 atque
797 967 1072 1024 ordinaret
1110 971 1368 1043 deinceps
1409 976 1601 1044 valuit,
1649 979 1811 1034 sicuti
1842 979 2006 1034 Codi-

420 1061 523 1100 nus
546 1044 701 1103 Ollio.
745 1049 842 1119 Cp.
873 1066 924 1104 c.
954 1051 1026 1106 ευ
1060 1055 1362 1111 admonuit.

491 1128 629 1183 Ibid.
683 1130 1198 1202 Ἀρκαδιούπολις.
1229 1139 1494 1212 Bergulen
1518 1143 1858 1200 Theodosius
1893 1144 2010 1200 sive

417 1215 684 1270 Arcadius
717 1217 918 1287 (neque
973 1221 1118 1275 enim
1174 1225 1536 1296 scriptoribus
1595 1228 1870 1299 convenit)
1927 1230 1980 1282 in

417 1299 684 1351 stauravit
720 1310 776 1354 et
804 1301 1021 1356 Arcadii
1046 1307 1269 1363 nomine
1298 1311 1642 1378 prailustrem
1675 1325 1799 1369 esse
1820 1311 2005 1384 jussit.

423 1381 784 1452 'l‘thphanes
847 1387 1080 1444 Arcadio
1109 1390 1404 1466 Chronogr.
1476 1411 1530 1466 p.
1579 1396 1668 1464 66,
1727 1381 2009 1454 Cedrenus

417 1465 555 1532 patri
573 1466 901 1553 :I‘heodosio
937 1472 1226 1546 Compend.
1271 1465 1460 1551 p.266
1480 1465 1710 1538 tribuit.
1746 1483 2006 1553 Apposita

414 1560 533 1605 erat
572 1551 794 1622 Ergino,
828 1570 934 1625 quo
982 1557 1053 1614 de
1091 1561 1159 1616 ad
1194 1565 1320 1619 Ant.
1373 1564 1496 1620 Itin.
1528 1583 1586 1636 p.
1631 1567 1761 1632 πο,
1798 1551 1960 1622 lluvio
1993 1589 2006 1598 ι

416 1642 608 1719 structor
637 1651 942 1709 anonymus
986 1643 1050 1696 de
1105 1644 1280 1700 Leone
1334 1654 1570 1705 Armeuo
1625 1665 1676 1719 p.
1714 1650 1820 1705 454
1853 1672 1864 1705 :
1895 1650 2008 1705 Καὶ

414 1715 668 1807 suosuo;
716 1719 823 1807 ἕως
865 1722 1373 1807 Ἀρκαδιοινιπὸλεως
1410 1733 1507 1785 καὶ
1542 1715 1883 1804 περάσαντες
1912 1735 2010 1807 τὴν

428 1799 691 1889 ςξηγῖξᾳν
713 1805 981 1889 (ποταμὸς
1009 1810 1066 1864 δὲ
1090 1806 1245 1877 οὗτός
1277 1815 1446 1888 ἐστιν)
1472 1799 1632 1889 εὗροῦ
1656 1818 1786 1873 λαὸν
1818 1799 2008 1875 πολύῆ

419 1881 557 1976 §am
594 1883 846 1976 Rhegiua
874 1907 980 1976 non
1006 1893 1150 1950 alius
1176 1907 1259 1952 est
1293 1914 1357 1953 ac
1384 1881 1577 1971 Eigin'a
1611 1903 1724 1958 sive
1748 1904 2007 1976 Erginus.

415 1967 683 2037 Excerpla
717 1987 746 2024 e
778 1973 1066 2031 Strabonis
1092 1978 1124 2032 I.
1157 1978 1211 2046 7,
1245 1996 1297 2051 p.
1329 1983 1435 2038 330
1458 1967 1478 2035 ἶ
1501 1984 1623 2038 Ὅτι
1657 1987 1684 2038 ὁ
1715 1967 2010 2040 vin/vinosa-

418 2051 522 2140 ρος
569 2051 802 2140 Ἔιγινξα
860 2059 920 2110 ὲν
972 2060 1163 2134 Θρᾴκῃ
1240 2065 1578 2136 καλούμενος
1625 2069 1858 2140 Ἐρίγων
1917 2067 2004 2140 ἦν.

416 2132 545 2220 Iino
570 2138 798 2207 Ῥηγῖνσ.
827 2152 878 2196 et
919 2132 1186 2216 Ἐργῖνοξ,
1237 2132 1521 2220 Apollonio
1560 2132 1710 2209 Melie
1742 2132 1794 2209 et
1834 2132 2011 2211 Plinio

353 2289 357 2300 ι
413 2218 726 2278 celebratus
756 2241 770 2278 :
801 2243 921 2280 nam
961 2228 1160 2300 Erigon
1198 2218 1522 2290 Macedonia:
1556 2248 1674 2291 erat
1713 2237 1934 2293 llntncn.

492 2301 626 2392 Ibid.
660 2307 855 2378 Βιξύη.
900 2311 1038 2368 Urbs
1085 2330 1151 2370 ex
1213 2315 1384 2372 Plinio
1437 2332 1490 2374 et
1522 2320 1816 2378 Ptolemzco
1847 2332 2010 2392 atque

419 2387 540 2442 aliis
561 2401 642 2445 est
673 2396 982 2453 notissima.
1009 2399 1082 2453 Τὸ
1110 2401 1210 2471 τῆς
1239 2402 1442 2474 Bai-in;
1474 2405 1752 2476 πολίχνιον
1783 2407 1822 2460 Ζ
1845 2387 2010 2463 marte

420 2472 766 2560 uitta-itaet;
802 2479 966 2536 Balbo
1003 2498 1053 2552 p.
1095 2485 1217 2548 ita,
1260 2472 1516 2558 Κάςὲρον
1545 2472 1749 2560 Biton;
1779 2493 1828 2544 in
1863 2493 2006 2545 ωδε.

423 2553 696 2642 Disputat.
729 2559 946 2616 Maximi
978 2577 1030 2619 et
1061 2565 1350 2623 Theodosii
1380 2553 1509 2626 tom.
1540 2571 1603 2625 IIl
1633 2553 1737 2642 0p.
1763 2575 2008 2628 Sirtnon-

420 2640 474 2692 di
507 2657 578 2727 _p.
631 2644 761 2699 355.
797 2647 940 2717 Βύζη
979 2651 1031 2703 in
1069 2651 1219 2705 Actis
1255 2656 1452 2712 concil.
1483 2640 1738 2727 Ephesini
1767 2670 1821 2713 et
1849 2659 2010 2713 Cilni-

419 2725 744 2782 eedoncusis
776 2734 998 2799 passim,
1036 2739 1127 2789 sed
1161 2753 1468 2805 perperam,
1502 2725 1721 2796 dicitur.

496 2807 632 2865 Ibid.
668 2813 916 2869 Πάνιον.
964 2817 1076 2873 Hoc
1102 2834 1164 2872 ex
1199 2819 1541 2876 Constantini
1575 2822 1610 2875 I.
1646 2838 1706 2889 tt,
1741 2820 1933 2876 Thcm.
1981 2825 2000 2879 -ι

421 2891 641 2963 \nlgato
671 2900 1054 2967 prazponimus.
1088 2901 1374 2958 Maritimzn
1401 2903 1649 2958 Thraciae
1674 2905 1731 2957 at
1753 2906 2008 2977 παράλιοι

423 2975 522 3063 τῇς
575 2977 798 3050 Θρᾴκης
852 2984 1083 3050 πόλεις,
1139 2987 1200 3039 τό
1266 3003 1325 3040 τε
1383 2988 1582 3042 Πάνιον
1631 2989 1723 3042 καὶ
1764 2991 1798 3062 ἠ
1836 2975 2009 3063 Ἡρά-

423 3061 602 3126 κλεια,
635 3074 760 3120 sunt
788 3067 838 3121 in
867 3068 1100 3125 Ccdreni
1130 3069 1435 3139 Compcnd.
1466 3087 1524 3142 p.
1559 3073 1697 3138 “7;
1733 3076 1875 3130 unde
1900 3061 2011 3131 col-

423 3145 561 3214 ligas
598 3149 738 3202 hami
778 3151 1006 3209 multttm
1045 3153 1304 3210 Ilcraclea
1352 3165 1619 3212 semotum
1661 3158 1826 3214 fuisse
1857 3160 2010 3230 oppi-

423 3229 573 3286 dum.
620 3231 832 3291 Clarius
876 3235 928 3290 id
973 3238 1157 3294 videas
1209 3256 1272 3294 ex
1324 3240 1490 3294 Snida
1529 3242 1579 3294 in
1611 3242 1829 3310 Πάνιον,
1863 3229 1914 3298 et
1943 3259 2006 3298 ex

422 3315 658 3372 concilio
694 3317 970 3388 Ephesino
1026 3339 1081 3392 p.
1117 3322 1244 3388 790,
1292 3323 1378 3376 ubi
1417 3323 1679 3380 Ileraclca
1714 3335 1768 3380 et
1801 3326 2006 3380 Panion

422 3401 676 3455 eumdem
723 3403 1036 3476 episcopum
1082 3407 1300 3466 habent.
1339 3409 1526 3462 Postea
1572 3419 1749 3466 tamen
1784 3411 2010 3476 singulis

421 3483 695 3556 episcopis
717 3501 1012 3556 paruerunt
1043 3508 1058 3558 ;
1096 3493 1236 3546 unde
1256 3493 1484 3548 consilio
1518 3495 1615 3562 Cp.
1655 3511 1707 3565 p.
1735 3495 1840 3550 500
1879 3495 2006 3568 Ῥη-

423 3568 572 3651 vivo;
626 3571 924 3637 ἐπίσκοπος
978 3574 1179 3628 Πανίου
1225 3577 1325 3646 τῆς
1372 3575 1608 3647 Θρᾳκῶν
1653 3585 1837 3651 χώρας
1878 3581 2008 3637 scri-

423 3650 600 3705 bendo
631 3653 869 3710 adfuisse
901 3657 1120 3714 dicitur.

497 3735 632 3790 Ibid.
668 3737 888 3805 Ὄρνοι.
924 3741 1074 3798 Frid.
1124 3742 1380 3800 Morellus
1433 3745 1484 3802 in
1534 3744 1874 3802 Constantini
1903 3747 1934 3802 l.
1972 3764 2006 3801 ιι

426 3815 664 3874 Thmui
711 3821 954 3892 Ὀρεινὸς
999 3825 1100 3896 legi
1143 3843 1303 3894 posse
1334 3830 1645 3897 suspicatur
1673 3846 1768 3900 pro
1812 3831 2010 3900 oppido

424 3911 805 3960 montanorum
839 3906 1085 3964 Thraciae
1142 3911 1484 3980 p0pulorum,
1532 3929 1669 3983 quos
1731 3915 2008 3986 Ὀρεινοὺς

423 3984 721 4058 XenOphon
765 3990 798 4044 Ι.
829 3991 862 4044 7
896 3993 1098 4063 Evped.
1135 3995 1258 4066 Cyri
1293 4007 1464 4054 vocet.
1521 4001 1588 4053 At
1635 3984 1803 4069 hujus
1838 4002 2013 4055 nomi-

424 4073 511 4127 nis
535 4076 721 4129 urbem
746 4077 796 4132 iu
833 4077 1066 4134 Thracia
1107 4095 1265 4136 nemo
1299 4082 1486 4147 novit;
1530 4081 1723 4139 fuisset
1751 4096 2011 4152 praeterea

421 4166 577 4210 t-xtra
618 4157 847 4231 Europa:
880 4162 1014 4216 fines
1050 4162 1101 4216 in
1149 4162 1368 4234 Scythia
1397 4167 1676 4234 provincia
1699 4168 1769 4222 oh
1796 4183 1858 4222 ea
1894 4184 2013 4238 qua:

423 4239 721 4312 Xenophon
767 4244 903 4316 Exp.
935 4245 1060 4318 Cyr.
1119 4251 1148 4303 ’7
1196 4265 1248 4318 p.
1303 4249 1410 4304 320
1464 4261 1750 4307 memorat.
1787 4253 1900 4324 ligo
1947 4253 2014 4308 de

422 4327 567 4380 Arzo
597 4337 652 4381 et
687 4326 869 4385 Tonzo
914 4332 1282 4400 cogitaveram
1323 4351 1336 4387 :
1373 4334 1468 4388 sed
1507 4349 1631 4388 cum
1682 4335 1860 4404 plttra,
1895 4351 2013 4404 qua:

423 4407 512 4461 vix
543 4411 684 4478 apud
737 4413 877 4468 alios
926 4415 1188 4483 reperias,
1236 4416 1289 4470 in
1323 4416 1668 4488 Synecdetno
1693 4419 1802 4474 sint
1828 4419 2010 4484 obvia,

424 4491 559 4544 nihil
592 4496 992 4551 constituerim.

497 4575 634 4632 Ibid.
689 4581 910 4647 Γάνος.
965 4579 1163 4635 Suidas
1204 4581 1264 4634 τὸ
1307 4584 1443 4653 πρὸς
1479 4587 1546 4656 τῇ
1591 4585 1782 4658 Θρᾴκῃ
1814 4585 1939 4656 ὅρος
1977 4587 2008 4656 ἡ

423 4658 616 4724 Γάνος.
644 4662 724 4716 Τὰ
748 4663 842 4716 τοῦ
875 4664 1045 4718 Γάνου
1067 4663 1168 4735 ὅρη
1203 4676 1466 4719 memorat
1497 4676 1685 4722 auctor
1707 4683 2012 4740 auonymus

421 4745 492 4797 de
522 4744 702 4802 Leone
737 4748 975 4804 Aruleno
1023 4767 1076 4818 p.
1125 4749 1251 4805 455.
1302 4749 1438 4805 llinc
1468 4751 1741 4819 conjicere
1775 4753 1898 4808 licet
1925 4769 2016 4808 ur-

425 4833 548 4884 bem
573 4829 784 4886 Ganum
814 4833 879 4888 ad
903 4832 1285 4904 Propontidem
1308 4824 1549 4906 ejusdem
1573 4837 1806 4892 nominis
1833 4850 2015 4895 monte

425 4913 592 4969 fuisse
630 4915 950 4980 incinctum,
991 4917 1228 4987 pessime
1280 4929 1462 4973 antem
1515 4919 1758 4974 habitam
1813 4923 2012 4978 esscin

423 4998 636 5053 Libanii
659 4999 814 5066 Apol.
854 4999 1188 5055 Dentostlteu.
1226 5013 1356 5056 tom.
1390 5001 1427 5068 Ι,
1460 5019 1512 5072 p.
1540 5003 1666 5068 451,
1703 5008 1789 5060 ubi
1824 5007 2014 5078 Σέριον

420 5084 602 5152 τεῖχος
638 5084 734 5138 καὶ
765 5085 1028 5156 Δόρισκον
1057 5087 1150 5140 καὶ
1173 5087 1448 5158 Μυρτῖνον
1473 5089 1567 5141 καὶ
1596 5089 1761 5154 Γάδος
1790 5093 1883 5144 καὶ
1911 5093 2014 5144 Σχ-

422 5167 541 5221 νίδα
581 5168 787 5240 χώραν’
833 5169 935 5224 εἷθ’
976 5170 1119 5239 ὑπὲρ
1155 5171 1386 5236 τούτων,
1414 5165 1489 5226 ὧν
1516 5173 1635 5227 οὐδὲ
1671 5174 1741 5227 τὰ
1773 5175 2013 5246 ὀνόματα

425 5253 612 5323 ἴσμεν,
662 5253 1098 5325 ὲξανιστάμεοα;
1147 5256 1433 5325 scripsisse
1480 5256 1726 5328 Σέρριον,
1763 5258 1932 5323 Γάνος
1960 5273 2016 5317 et

423 5337 625 5390 Γανίδα.
657 5353 722 5392 cx
759 5336 1040 5406 lEschiue,
1091 5355 1252 5408 quem
1290 5339 1534 5394 imitatur
1572 5343 1648 5410 (in
1689 5341 2012 5411 Ctesiphoni.

424 5436 478 5490 p.
512 5422 601 5492 65)
656 5433 710 5476 et
751 5421 964 5478 Valesio
999 5424 1067 5479 ad
1101 5422 1550 5495 llarpocrationis
1597 5423 1888 5496 Μύρτανον
1923 5444 2014 5485 co-

423 5521 676 5573 gnosccs.
1308 5542 1314 5548 ι

499 5588 636 5646 Ibid.
672 5592 1065 5657 Καλλίπολις.
1115 5592 1454 5648 Recentioris
1481 5592 1582 5648 {cvi
1615 5592 1833 5648 Grauios
1866 5596 2014 5650 Καλ-

425 5674 544 5728 λίου
614 5675 768 5728 πόλιν
831 5677 1132 5745 appellasse
1199 5677 1331 5730 alias
1395 5676 1832 5732 animadversum
1893 5680 2011 5734 fuit.

427 5759 667 5814 tiausatu
725 5760 964 5814 ltaburt'c
1017 5759 1158 5830 quod
1207 5775 1324 5813 eam
1377 5775 1404 5813 a
1456 5760 1627 5815 Callia
1663 5803 1678 5826 ,
1718 5760 2012 5819 Athenien-

427 5843 567 5896 sium
624 5845 782 5905 duce,
841 5844 1116 5901 conditam
1173 5843 1342 5900 fuisse
1393 5845 1794 5917 existimarent,
1829 5859 1880 5903 ut
1925 5847 2008 5906 δυ.

427 5925 729 5984 Cinnamus
767 5928 818 5998 ὃ,
851 5928 902 5982 5.

1274 440 1672 504 COMMENT.
1718 442 1797 503 IN
1843 441 2258 504 IIIEROCLIS
2301 443 2849 513 SYNECDEMUM.

3566 447 3704 514 1078

2181 557 2314 613 Ibid.
2347 559 2614 629 Μόριζος.
2649 560 3042 618 CnnStantinus
3089 563 3355 635 Μήριζος.
3398 565 3550 622 Unde
3585 566 3698 621 Mo-

2108 641 2275 698 relIns
2314 658 2328 696 :
2364 643 2594 698 Merizus
2625 662 2694 699 an
2733 644 2999 702 Meritus?
3031 657 3084 700 ut
3122 645 3332 702 Plinius
3365 661 3509 705 vocat
3551 668 3702 705 mon-

2110 737 2212 780 tem
2260 725 2523 793 Thraciae,
2574 731 2626 782 in
2674 745 2777 792 quo
2818 730 3025 797 fortean
3063 731 3188 785 urbs
3216 733 3322 787 sita
3357 734 3503 803 fuit;
3539 751 3699 805 quam

2109 825 2233 865 cum
2267 826 2426 867 nemo
2471 813 2708 880 noverit,
2763 813 3096 882 conjectura:
3148 815 3291 870 haud
3348 820 3697 875 accesserim.

2111 895 2333 950 ltectius
2361 897 2464 952 huc
2495 897 2807 954 referuntur
2836 897 3082 968 ejusdem
3129 899 3287 955 Plinii
3319 917 3393 964 tv,
3419 902 3507 970 II,
3541 903 3703 957 Mori-

2109 978 2249 1041 seni.
2299 981 2391 1048 qui
2439 982 2691 1037 Thracia:
2751 991 2962 1053 partem
3015 982 3378 1053 incoluerint;
3427 985 3701 1057 Iaudoque

2108 1061 2192 1119 .Io.
2227 1063 2588 1130 llarduinum,
2617 1069 2762 1136 quod
2814 1066 2871 1122 in
2931 1077 3211 1124 recentata
3261 1069 3422 1125 Plinii
3463 1071 3703 1128 editioite

2110 1145 2374 1202 Morizum
2409 1149 2476 1204 ad
2516 1163 2615 1205 eos
2641 1149 2940 1208 ﬁrmandos
2973 1153 3343 1208 advocaverit.

2182 1270 2313 1327 Ibid.
2350 1273 2620 1344 Σιλτική.
2649 1273 3049 1333 Constantinus
3093 1277 3356 1348 Σαλτική.
3404 1277 3602 1333 Posses
3635 1285 3726 1333 cx‘

2111 1354 2293 1423 priore
2322 1356 2600 1428 Σιντικήν,
2630 1373 2694 1414 ex
2735 1360 3036 1430 posteriore
3079 1361 3410 1431 Βισαλτικήν
3441 1359 3699 1424 formare,

2113 1438 2215 1492 nisi
2255 1439 2540 1510 regionum
2593 1458 2657 1498 ea
2706 1452 2892 1499 essent
2922 1445 3255 1517 cognomina
3287 1452 3342 1499 et
3390 1443 3535 1499 ultra
3567 1445 3702 1499 lines

2114 1521 2345 1591 Eumpae
2380 1538 2571 1581 versus
2615 1523 3011 1582 Macedoniam.
3053 1527 3108 1583 Si
3151 1528 3386 1599 Σαλτική
3419 1527 3598 1598 potior
3629 1527 3701 1582 sit

2113 1606 2261 1672 (nam
2289 1603 2586 1662 Bisanthen
2619 1610 2671 1663 in
2708 1624 2841 1665 voce
2874 1610 3049 1666 latere
3077 1627 3183 1667 non
3225 1621 3470 1681 apertum
3516 1612 3646 1678 est),
3673 1625 3702 1664 ι

2114 1685 2374 1750 Saltibus.
2410 1697 2468 1743 ut
2501 1691 2748 1759 pluribus
2794 1693 2846 1746 in
2899 1692 3260 1764 Synecdemo,
3289 1709 3485 1749 nomen
3517 1694 3704 1747 venire

2111 1771 2307 1838 potuit.
2357 1770 2606 1844 [Σιντικὴ
2654 1773 2776 1829 cod.
2825 1773 3127 1841 Leidensis,
3174 1786 3229 1829 et
3278 1785 3442 1832 recte.
3499 1775 3706 1831 Sintice

2110 1853 2262 1924 regio
2295 1858 2494 1912 veteris
2539 1856 2889 1923 Macedonian,
2937 1859 3004 1914 de
3033 1873 3135 1928 qua
3169 1858 3350 1914 Livius
3382 1859 3418 1914 l.
3469 1875 3619 1925 xuv,
3651 1874 3703 1914 c.

2113 1937 2235 2001 ult.,
2279 1937 2622 2011 intelligitur.
2654 1941 2968 2014 Wesseliug.
3011 1942 3262 2016 Prolegg.
3293 1959 3347 2014 p.
3382 1942 3533 2016 650.]

2184 2057 2316 2114 Ibid.
2355 2061 2642 2116 Σαυαδία.
2675 2061 2767 2119 Sic
2807 2064 2950 2119 malo
2983 2079 3014 2120 e
3047 2080 3148 2121 ms.
3180 2080 3493 2136 quanquam
3522 2066 3705 2121 216a-

2109 2142 2199 2196 δία
2231 2145 2411 2200 verius
2449 2146 2694 2202 videtur.
2735 2148 2886 2215 Sola,
2917 2151 3060 2219 quod
3095 2151 3300 2205 rescire
3322 2150 3499 2222 potui,
3529 2150 3705 2219 Ephe-

2111 2226 2215 2280 siui
2252 2229 2472 2284 concilii
2517 2232 2649 2286 Acta
2677 2234 2832 2288 urbis
2874 2236 3190 2289 memoriam
3223 2243 3533 2289 servarunt.
3563 2233 3706 2302 Stip-

2111 2311 2314 2378 plicant
2365 2314 2608 2381 patribus
2657 2316 2899 2386 episcopi
2946 2315 3174 2388 Europae
3207 2333 3261 2387 p.
3313 2316 3438 2380 790,
3474 2327 3605 2371 tom.
3636 2315 3702 2382 V,

2110 2393 2170 2447 C.
2209 2392 2276 2450 G.
2310 2395 2394 2450 Itis
2435 2397 2617 2452 verbis
2647 2414 2660 2451 :
2693 2397 2850 2454 Vetus
2883 2415 2995 2454 mos
3027 2402 3164 2471 viget
3201 2402 3254 2454 in
3279 2400 3563 2467 provinciis
3591 2398 3704 2452 Eu-

2113 2493 2273 2546 γυναι,
2319 2481 2458 2549 quod
2508 2482 2708 2552 singuli
2738 2485 2968 2553 episwpi
2995 2484 3130 2541 duos
3161 2486 3239 2540 vel
3269 2495 3372 2539 tres
3396 2483 3492 2538 sub
3524 2501 3578 2538 se
3602 2485 3702 2537 Ita-

2111 2563 2260 2614 beant
2291 2564 2644 2633 episcopatus.
2691 2564 2844 2621 Unde
2886 2566 3165 2622 Heraclea:
3191 2568 3463 2638 episcopus
3501 2567 3598 2622 sub
3646 2583 3702 2621 se

2110 2643 2260 2698 habet
2314 2644 2624 2701 Heracleam
2675 2659 2723 2702 et
2759 2647 2988 2717 Panion,
3016 2652 3291 2720 episcopus
3323 2661 3499 2706 autem
3529 2649 3700 2720 Byzes

2109 2727 2204 2780 sub
2240 2745 2293 2783 se
2323 2728 2496 2800 Byzun
2521 2742 2570 2784 et
2597 2733 2997 2803 Arcadiopollu,
3023 2735 3279 2791 Cazlcnsis
3306 2752 3424 2791 vero
3457 2734 3704 2789 similiter

2111 2809 2294 2866 Ca-lan
2335 2824 2381 2868 et
2429 2813 2753 2886 Callipolin;
2789 2835 2946 2887 porro
2992 2822 3265 2889 episcopus
3299 2819 3576 2875 Sabsadiw
3603 2818 3701 2871 sub

2110 2911 2164 2948 se
2226 2895 2378 2952 habet
2432 2897 2753 2954 Sabsadiam
2807 2913 2855 2956 et
2916 2904 3380 2971 Apltrodisiadem.
3427 2902 3702 2972 Equibus

2111 2980 2472 3047 paucissimos
2498 2983 2627 3037 olim
2656 2984 2711 3039 in
2748 2984 2958 3056 Europa
2981 2987 3158 3057 fuisse
3187 2988 3472 3058 episcopos
3503 3001 3702 3057 cogno-

2111 3064 2336 3131 scimus,
2389 3077 2443 3121 et
2471 3067 2764 3124 Sabadiam
2819 3071 3205 3142 Aphrodisiadi
3234 3074 3469 3127 vicinam
3523 3086 3538 3123 :
3576 3086 3700 3124 nam

2112 3146 2435 3204 Sabsadiam
2471 3155 2724 3208 eamdem
2757 3166 2920 3224 atque
2944 3157 3084 3211 hanc
3109 3171 3231 3212 esse
3265 3173 3426 3210 nemo
3459 3154 3702 3211 addubi-

2112 3235 2473 3292 laverit..Sita
2517 3239 2616 3293 fuit
2672 3241 2723 3293 in
2762 3241 3014 3295 Thraciie
3060 3241 3281 3312 regione
3315 3241 3567 3310 Sapaica,
3598 3239 3703 3293 Σα-

2114 3319 2311 3388 παικῇ,
2351 3320 2414 3372 dc
2443 3335 2546 3390 qua
2579 3321 2902 3378 Ptolemaeus
2928 3323 2982 3390 ὅ,
3009 3324 3065 3386 2,
3101 3325 3186 3378 cui
3212 3341 3238 3375 a
3273 3325 3480 3394 Sapzeis
3515 3323 3565 3376 id
3601 3338 3700 3376 uo'

2113 3415 2231 3455 men
2271 3402 2444 3458 haesit.
2494 3404 2668 3461 IIabet
2698 3407 2972 3474 Appianus
3004 3407 3065 3461 Β.
3097 3408 3158 3462 C.
3199 3407 3252 3474 4,
3282 3422 3337 3477 p.
3379 3406 3519 3462 I037
3560 3421 3572 3457 :
3614 3405 3700 3458 Τὰ

2112 3483 2274 3537 στενὰ
2303 3486 2557 3542 Σαπαίων
2589 3489 2684 3543 καὶ
2715 3489 3035 3561 Τουρπίλων
3066 3491 3343 3560 angustias
3374 3491 3688 3560 Sapteortttu

2113 3577 2167 3622 ct
2191 3566 2540 3638 Turpilorum
2569 3573 2620 3628 in
2645 3573 3044 3644 Thracia,quas
3071 3573 3361 3630 Norbanus
3383 3583 3439 3630 et
3459 3573 3702 3629 Ceditius

2108 3653 2462 3720 occuparint;
2500 3657 2643 3712 unde
2674 3671 2959 3726 perperam
3008 3672 3060 3726 p.
3099 3655 3239 3712 I023
3277 3656 3524 3728 ejusdem
3578 3656 3699 3709 libri

2110 3737 2179 3790 τὰ
2216 3738 2380 3792 στενὰ
2410 3741 2694 3811 Τορπξδων
2744 3745 2838 3796 καὶ
2871 3741 3204 3796 Σαλαπαίων
3237 3742 3399 3797 iidem
3437 3738 3702 3796 insedisse

2111 3819 2380 3877 feruntur.
2415 3822 2737 3896 Quanquam
2794 3841 2863 3881 ne
2919 3826 3000 3882 sic
3052 3826 3269 3896 quidem
3329 3826 3468 3879 bona
3516 3822 3699 3878 omnia

2115 3903 2317 3961 fuerint
2348 3924 2361 3960 :
2401 3908 2567 3977 ignoti
2610 3912 2756 3966 enim
2789 3912 2950 3982 plane
2998 3905 3389 3982 Turpili‘sunt,
3421 3907 3478 3962 in
3506 3906 3701 3974 (101·ῃί-

2114 3987 2195 4044 los
2220 4003 2283 4044 ex
2318 3991 2492 4048 Plinio
2521 4002 2574 4049 et
2605 3994 2793 4051 Solino
2831 3996 3098 4050 mutandi.
3132 3994 3373 4064 Sapaeos,
3411 4001 3470 4048 ut
3515 3991 3581 4046 ad
3608 4006 3704 4047 eos

2115 4073 2423 4137 redeamus,
2460 4076 2634 4133 Sabos
2661 4077 2872 4143 Σάϐους
2912 4079 3002 4132 alii
3030 4088 3252 4145 vocant,
3293 4086 3350 4130 III.
3386 4074 3704 4132 Eustathius

2115 4158 2168 4211 in
2196 4157 2415 4229 Dionys.
2442 4159 2716 4232 Periegcs.
2745 4162 2904 4229 1069,
2931 4161 3276 4229 indidcmque
3307 4159 3523 4215 Sabazii
3554 4159 3705 4214 .lovis

2115 4249 2170 4294 et
2198 4239 2392 4296 Bacchi
2428 4245 2638 4297 titulum
2688 4256 2940 4314 repetunt
2979 4264 2990 4300 :
3038 4246 3376 4300 Scholiastcs
3420 4245 3472 4297 in
3507 4243 3702 4297 comici

2116 4320 2338 4390 Vcspas.
2380 4341 2428 4380 v.
2462 4327 2495 4380 9
2529 4345 2540 4380 :
2574 4327 2842 4391 Σλόἀζιον
2872 4329 2927 4382 δὲ
2960 4329 3049 4380 τὸν
3084 4328 3338 4380 Διόνυσον
3377 4329 3427 4379 οἱ
3477 4325 3700 4396 Θρᾷκες

2115 4409 2378 4475 καλοῦσι,
2434 4412 2527 4463 καὶ
2577 4412 2786 4473 Σάϐους
2841 4413 2968 4475 τοὺς
3019 4413 3186 4483 ἱερεῖς
3238 4408 3426 4465 αὑτοῦ.
3467 4410 3505 4462 Α
3545 4409 3703 4464 Saliis

2116 4493 2419 4547 Thraribns
2467 4493 2682 4549 Sabazii
2727 4495 3146 4559 sacerdotibus,
3202 4493 3364 4564 σάϐη,
3423 4491 3700 4557 σαϐἀζειν,

2117 4577 2384 4641 Σαϐάζιος
2416 4577 2758 4646 formarunt;
2797 4594 3032 4650 cumque
3083 4579 3350 4634 Sabadius
3409 4593 3514 4632 non
3562 4576 3702 4630 alius

2118 4666 2186 4720 sit
2209 4665 2538 4738 (Macrobius
2568 4665 2791 4720 Saturn.
2825 4667 2876 4733 I,
2905 4667 2971 4722 18
2999 4684 3012 4719 :
3045 4664 3182 4719 Item
3221 4667 3274 4718 in
3304 4664 3529 4718 Thracia
3554 4679 3702 4719 eunt-

2115 4749 2231 4803 dem
2267 4748 2448 4804 haberi
2487 4749 2668 4804 Solem
2717 4761 2875 4819 atque
2908 4748 3152 4804 Liberum
3189 4749 3508 4819 accipimus,
3551 4763 3703 4816 quem

2115 4835 2195 4890 illi
2239 4835 2536 4890 Sabadium
2574 4845 2939 4902 nuncupantes
2970 4833 3252 4905 magniﬁca
3288 4834 3539 4904 religione
3567 4833 3702 4886 cele-

2116 4920 2316 4989 brant),
2363 4920 2522 4987 plane
2557 4919 2686 4973 mihi
2721 4920 3020 4988 persuadeo
3051 4920 3245 4976 urbem
3295 4916 3584 4974 Sabadiam
3613 4927 3706 4970 aut.

2119 5002 2437 5058 Sahasdiam
2496 5017 2625 5058 vero
2679 5002 2846 5059 fuisse
2881 5003 3123 5069 nomine,
3157 5015 3321 5073 atque
3355 5018 3384 5056 a
3426 5001 3572 5056 cultu
3604 5000 3706 5054 Sa-

2117 5089 2282 5152 hazii,
2314 5098 2406 5143 aut
2433 5087 2674 5142 vicissim
2711 5087 3003 5144 Sabazium
3034 5089 3100 5143 ab
3131 5089 3282 5153 urbe,
3319 5103 3383 5142 eo
3406 5084 3562 5140 titulo
3583 5099 3705 5140 esse

2115 5183 2386 5226 ornatam.
2421 5170 2538 5226 Non
2579 5172 2795 5238 desunt,
2829 5174 3024 5238 lateor,
3051 5173 3143 5242 qui
3175 5170 3484 5241 Phrygibus
3521 5168 3705 5223 Saba~

2118 5255 2260 5309 zium
2319 5256 2502 5309 deberi
2559 5267 2823 5321 censent;
2875 5273 2995 5328 qua:
3041 5273 3126 5312 res
3169 5255 3408 5323 epinioui
3440 5253 3572 5306 nihil
3607 5269 3705 5308 no-

2119 5339 2332 5392 cuerit:
2374 5337 2680 5410 Phrygibus
2710 5340 2854 5396 enim
2892 5351 2946 5393 et
2990 5340 3298 5394 'I‘hrarihus
3350 5345 3517 5390 inuita
3546 5346 3705 5391 erant

2116 5423 2426 5476 communia
2479 5437 2678 5487 sacra,
2727 5423 2924 5492 quibus
2977 5424 3046 5476 τὰ
3101 5421 3341 5486 Σαϐάζιοι
3393 5421 3590 5476 Strabo
3628 5421 3705 5475 10

2116 5523 2172 5576 p.
2222 5507 2320 5561 471
2363 5518 2662 5562 accenset:
2701 5523 2768 5563 ne
2804 5524 2948 5564 nunc
2990 5508 3164 5563 dicam
3202 5505 3443 5578 Phryges
3470 5519 3500 5558 c
3533 5505 3706 5558 'l’hra—

2119 5606 2240 5644 cum
2297 5590 2494 5646 finibus
2557 5591 2608 5646 in
2655 5591 2842 5648 Asiam
2899 5593 3294 5662 commigrasse
3357 5588 3630 5660 perhiberi
3675 5604 3706 5642 a

2119 5677 2386 5731 Strabone
2439 5685 2492 5730 et
2538 5677 2810 5734 Ilerodoto
2839 5691 2937 5742 vn,
2973 5676 3060 5741 ³75,
3114 5686 3388 5746 utcunque
3423 5672 3704 5736 ceciderit,

2121 5761 2280 5831 digna
2315 5762 2500 5832 utique
2554 5763 2788 5816 Sabadia
2820 5761 2995 5816 fuerat
3025 5775 3145 5830 qua:
3195 5761 3337 5815 inter
3371 5756 3707 5829 episcopales
3735 5820 3742 5836 ι

2118 5845 2346 5916 Europa:
2367 5847 2525 5904 sedes
2554 5848 2608 5905 in
2629 5846 2691 5902 C.
2720 5862 2748 5902 a
2775 5846 2830 5903 S.
2868 5845 3034 5903 Paulo
3064 5845 3258 5916 Geogr.
3293 5845 3350 5902 S.
3379 5844 3554 5900 locum
3590 5853 3708 5899 tuc-

2117 5942 2284 5988 I'CIUI'.
