4170 6448
566 461 684 520 Col.
717 463 846 521 HI.
884 466 1243 537 Ἀφροδισία.
1292 459 1635 539 Ἀφροδισίας
1669 472 1909 538 praestat.
1939 453 2064 520 Vitl.

495 551 604 603 Aut
654 547 777 604 Itiu.
808 566 859 619 p.
894 551 1020 606 ⁸555.

570 633 709 688 Ibid.
748 635 980 691 Κοιλία.
1013 635 1185 690 Κοῖλα
1229 643 1569 705 oportuerat;
1603 632 1746 703 quod
1777 648 1968 688 nomen
2005 646 2072 686 ex

497 713 606 771 loci
635 727 828 772 natura
870 728 1061 789 portus
1099 719 1434 789 impetravit,
1475 733 1699 787 prorsus
1730 726 1789 772 ut
1815 717 1893 770 τὰ·
1915 716 2073 770 κοῖλα

497 793 599 871 τῆς
640 801 889 868 Εὐόοίας,
923 803 991 857 de
1016 802 1215 872 quibus
1245 813 1441 869 praeter
1468 799 1797 857 Herodotum
1822 815 1942 861 viti,
1981 799 2072 863 I5,

502 886 722 955 egregie
759 880 857 940 Dio
913 885 1337 955 Clirysostomus
1394 891 1534 939 erat.
1576 884 1628 949 7,
1691 900 1744 952 p.
1790 882 1914 939 I00.
1942 882 2075 938 Erat

504 969 594 1023 hic
621 976 806 1037 portus
837 968 979 1024 circa
1006 966 1243 1036 Sestum,
1270 977 1325 1021 ut
1357 984 1429 1023 ex-
1453 966 1638 1022 Niceta
1672 966 1797 1022 Rer.
1829 965 2070 1022 Maurici.

499 1045 553 1111 5.
587 1065 641 1120 p.
666 1050 730 1106 81
768 1041 1012 1106 Valesius
1038 1051 1105 1105 ad
1151 1051 1426 1107 Atutuian.
1458 1067 1594 1116 uti,
1635 1050 1689 1112 8,
1725 1050 1931 1114 docuit,
1972 1062 2076 1104 nec

502 1134 656 1203 longe
688 1147 717 1187 a
761 1132 993 1204 Madylo.
1028 1135 1183 1189 Anna
1217 1134 1366 1188 Alex.
1405 1134 1493 1199 11,
1527 1150 1583 1204 p.
1622 1134 1729 1189 429
1760 1152 1775 1187 :
1804 1133 1946 1198 Τοὺς
1974 1133 2074 1204 μὲν

498 1217 611 1279 τοῖς
642 1215 827 1286 λιμέσι
854 1215 1107 1270 Μαδύτου
1133 1218 1228 1272 καὶ
1254 1217 1465 1271 Κοίλων
1487 1216 1876 1288 προσορμίσαι.
1900 1217 2075 1284 Atque

500 1299 604 1354 hoc
631 1298 832 1355 clarius
856 1301 908 1353 in
942 1301 1097 1356 Actis
1122 1300 1341 1356 concilii
1376 1299 1579 1355 Nicmni
1608 1300 1833 1356 secundi
1863 1298 2074 1353 indica-

500 1389 609 1442 tur,
635 1393 757 1432 cum
787 1377 1058 1434 Leonides
1099 1379 1398 1444 ἐπίσκοπος
1430 1379 1684 1434 Μαδύτου
1717 1379 1838 1450 ἦτοι
1868 1376 2071 1447 Κόλης,

499 1477 553 1521 n.
587 1462 684 1517 35|
723 1462 892 1518 fuisse
931 1463 1268 1532 perhibetur,
1303 1473 1359 1518 et
1399 1478 1454 1533 pr.
1486 1462 1613 1527 571,
1653 1460 1912 1517 Μαδύτου
1953 1460 2072 1531 ἤτοι

499 1544 756 1600 Ἥκοιλα·
782 1547 1132 1616 quantumvis
1176 1548 1319 1602 enim
1358 1547 1500 1602 male
1531 1558 1721 1616 portus
1751 1545 1944 1599 edatur
1970 1559 2075 1598 no-

497 1643 621 1683 men
655 1628 890 1686 (Κοίὶων
940 1631 1107 1693 enim,
1136 1630 1249 1684 nisi
1289 1638 1344 1684 et
1381 1628 1583 1698 Κοίλης
1608 1625 1983 1690 formaverint,
2019 1631 2078 1680 ut

497 1711 704 1766 Ctelam
744 1712 963 1766 Eubcere
1019 1710 1271 1766 Valerius
1315 1728 1358 1779 ι,
1404 1712 1458 1777 8,
1506 1712 1599 1775 11,
1640 1719 1691 1764 et
1718 1707 1902 1764 lean
1943 1710 2075 1763 Acta

498 1794 718 1848 concilii
772 1794 1052 1863 Ephesini,
1100 1793 1360 1861 appellari
1420 1793 1726 1862 debuerat),
1790 1791 2073 1855 Iiccl,’in-

488 1889 691 1941 quain,
732 1875 785 1928 in
826 1875 1044 1932 nomine
1072 1889 1229 1930 error
1270 1877 1362 1941 sit,
1407 1876 1615 1930 vicinos
1667 1874 1834 1929 fuisse
1865 1882 2072 1942 portus,

498 1972 622 2010 cum
677 1957 853 2013 eidem
896 1960 1173 2028 paruerint
1222 1959 1474 2029 praesuli,
1520 1967 1764 2028 apparet.
1808 1956 2073 2011 Caeterum

500 2039 646 2095 nulla
677 2040 769 2096 hic
804 2041 989 2097 habita
1027 2043 1164 2097 ratio
1193 2052 1277 2098 est
1303 2042 1536 2114 plurium
1561 2041 1802 2112 Europae
1821 2040 2032 2095 urbium
2056 2057 2073 2107 ;

497 2139 621 2193 qttte
652 2139 762 2193 res,
791 2126 894 2182 uisi
930 2126 1097 2183 falsus
1125 2142 1269 2197 sum,
1313 2143 1431 2217 {an
1461 2127 1745 2198 scriptori,
1786 2125 1879 2181 sed
1908 2127 2074 2179 Ama.

500 2208 809 2264 nuensibus
839 2210 1084 2265 debetur.

572 2290 704 2345 Ibid.
750 2290 895 2346 Ὑπὸ
942 2294 1239 2364 ἡγεμόνα.
1277 2292 1668 2351 Constantinus
1716 2292 1751 2347 Ι.
1793 2308 1851 2355 tt,
1889 2289 2073 2346 Tltem.

501 2368 525 2427 1
561 2374 831 2429 consulari
864 2385 918 2431 et
948 2375 1091 2433 hanc
1123 2379 1423 2445 mandat,.a
1457 2377 1641 2431 codice
1667 2391 1789 2443 suo,
1831 2375 1981 2444 plura
2017 2375 2076 2428 iu

496 2453 602 2537 hac
655 2458 929 2537 provincia
989 2455 1280 2526 turbante,
1335 2461 1595 2529 deceptus
1646 2478 1659 2513 :
1714 2458 2073 2530 praesidialem

496 2534 668 2599 fuisse
701 2534 996 2613 Rhodopen
1030 2544 1229 2601 Notitia
1271 2544 1402 2616 imp.
1437 2543 1645 2600 Orient.
1672 2559 1722 2598 c.
1756 2545 1780 2598 1
1815 2542 2071 2598 ostendit.

499 2616 633 2680 Erat
678 2626 893 2696 quidem
952 2627 1200 2698 praesidis
1243 2641 1441 2683 nomen
1482 2626 1766 2697 generale;
1809 2639 1985 2694 eoque
2021 2632 2077 2678 et

497 2704 854 2777 proconsules
898 2718 954 2765 et
997 2710 1157 2781 h-gati
1193 2710 1425 2767 Caesaris
1451 2719 1505 2765 et
1538 2725 1727 2766 omnes
1767 2708 2076 2778 provincias

496 2802 748 2861 regentes
798 2794 1059 2862 prmsides
1114 2794 1547 2864 appellabantur,
1597 2801 1656 2847 ut
1700 2793 1753 2847 in
1806 2791 1844 2846 l.
1897 2790 1958 2845 D.
2010 2789 2078 2844 de

495 2866 638 2928 ollic.
675 2868 892 2945 pracsid.
920 2886 1004 2932 est
1037 2894 1051 2931 :
1082 2876 1250 2931 valuit
1281 2884 1459 2931 tamen
1515 2890 1646 2931 usus
1686 2884 1744 2929 ut
1782 2872 2077 2944 provinciis

496 2958 824 3028 quibusdam
870 2960 1152 3029 praesides,
1182 2975 1210 3012 a
1245 2958 1625 3015 consularibus
1650 2969 1706 3013 et
1739 2956 2074 3013 correctori-

496 3036 600 3094 bus
628 3040 828 3095 diversi
882 3036 1098 3111 illisque
1153 3041 1465 3112 dignatione
1500 3039 1813 3107 inferiores,
1846 3041 1990 3093 unde
2021 3046 2077 3094 et

497 3113 607 3176 illis
630 3123 684 3176 iu
716 3115 752 3174 I'.
785 3127 838 3188 8,
869 3137 920 3177 c.
951 3116 1055 3177 Th.
1089 3124 1153 3177 de
1187 3123 1412 3178 Coltorl.
1448 3131 1867 3194 postpouuntur,
1898 3122 2077 3189 impo-

498 3206 803 3271 nerentur;
842 3213 1074 3275 cumque
1125 3206 1440 3261 consulares
1470 3200 1710 3261 fascibus
1739 3213 1921 3258 essent
1948 3198 2076 3257 illu-

500 3292 664 3355 stres,
691 3280 884 3342 Iterum
922 3288 1063 3343 inter
1093 3287 1320 3356 insignia
1352 3284 1547 3343 vexilla
1584 3282 1904 3357 praesidi'alia
1945 3287 1982 3342 l.
2020 3286 2075 3351 4,

497 3379 548 3425 e.
574 3363 678 3427 Tlt.
707 3371 773 3427 ad
814 3366 879 3426 L.
910 3370 1018 3428 Jul.
1059 3368 1127 3428 de
1154 3366 1357 3427 ambitu
1389 3382 1445 3428 et
1480 3369 1751 3428 Notkerus
1790 3368 2076 3441 Martyrol.

497 3452 639 3522 prid.
673 3446 801 3508 Kal.
837 3451 978 3525 A'ug.
1020 3466 1328 3521 recensent,
1357 3470 1461 3525 qua
1504 3456 1571 3512 de
1620 3471 1679 3510 re
1712 3454 1752 3510 I.
1790 3454 2080 3510 Gothofre—

499 3547 623 3593 dus.
661 3532 816 3604 Quod
856 3553 983 3594 vero
1020 3533 1367 3595 doctissimus
1402 3538 1626 3595 Dissert.
1650 3535 1908 3608 Chorogr.
1942 3536 2075 3593 Ital.

501 3626 716 3699 auctor.
760 3636 814 3690 p.
856 3616 1001 3676 XXV
1030 3622 1243 3685 scribit,
1284 3620 1385 3677 sub
1433 3622 1708 3692 provincia
1736 3614 1997 3691 Rhodope
2023 3621 2078 3675 in

502 3693 845 3773 syrtecdemo
888 3699 919 3763 7
953 3707 1114 3762 urbes
1150 3704 1444 3777 designari,
1483 3707 1568 3760 vix
1607 3715 1786 3760 autem
1837 3704 1871 3759 5
1899 3703 2079 3760 nomi-

503 3789 645 3854 nari,
682 3788 732 3842 id
777 3788 1060 3863 festinanti
1109 3780 1382 3845 excidisse
1412 3789 1543 3843 mihi
1577 3786 1902 3856 persuadeo.

576 3866 711 3928 Ibid.
737 3866 936 3939 Ᾱῖνος.
985 3872 1069 3927 Ab
1103 3870 1278 3927 [Euea
1305 3869 1581 3927 conditam
1632 3870 1952 3941 perhibent:
1984 3885 2079 3924 ve-

504 3968 633 4012 rene
671 3972 740 4011 an
789 3950 1025 4011 nominis
1072 3956 1304 4025 quadam
1358 3955 1793 4012 conformatione
1839 3952 2080 4022 impulsi,

501 4032 788 4109 disputant
830 4038 911 4094 Cl.
963 4032 1264 4094 Salmasius
1307 4040 1363 4093 In
1419 4034 1595 4094 Solio.
1642 4054 1695 4108 p.
1747 4034 1872 4106 H4,
1911 4031 2080 4091 IIenr.’

501 4110 754 4175 Valesius
810 4118 864 4173 in
917 4120 1190 4174 Ammian.
1244 4136 1383 4187 χχιι,
1442 4121 1496 4184 8,
1553 4117 1696 4174 Picr.
1760 4119 2083 4176 Valerianus

501 4192 726 4258 JE'ueid.
766 4217 850 4267 Ill,
897 4201 989 4256 18.
1042 4201 1275 4257 IIomero
1306 4202 1353 4258 si
1386 4202 1498 4258 litis
1535 4202 1823 4258 arbitrium
1865 4201 2071 4257 defera-

505 4296 616 4349 tur,
680 4279 856 4343 IEnus
919 4284 1095 4340 Enca
1147 4286 1296 4354 prior
1345 4285 1450 4341 erit
1513 4303 1529 4341 :
1594 4287 1716 4340 inde
1752 4285 1954 4341 auxilia
2013 4287 2080 4342 ad

502 4359 723 4437 Troiam
759 4368 924 4423 mittit
958 4362 1111 4423 Iliad.
1148 4383 1224 4434 tv,
1267 4368 1414 4437 520;
1448 4376 1711 4437 quorsum
1741 4384 1864 4424 cum
1907 4369 2082 4441 IIesy-

501 4452 660 4507 chius
692 4452 994 4519 respexerit
1045 4453 1098 4507 in
1137 4450 1386 4519 Αἰνόθεν,
1431 4448 1592 4517 forte,
1629 4462 1686 4506 ut
1719 4461 1890 4521 poetae
1921 4452 2081 4521 scho-

504 4535 597 4599 lia,
624 4533 733 4588 ἀπὸ
761 4518 923 4588 Alvos
955 4534 1195 4605 Scripsit.
1228 4518 1528 4590 Utebantur
1559 4518 1752 4591 incolae
1795 4518 1957 4589 cwlo'
1983 4535 2082 4590 fri-

501 4617 786 4687 gitlissimo
816 4635 832 4684 ;
860 4619 1230 4686 quamobrem
1264 4617 1635 4674 'Stratonicus
1689 4618 1748 4669 ὲν
1782 4617 1929 4687 Αἴνῳ
1974 4615 2080 4687 ἔφη

498 4701 628 4764 ’τοὺς
659 4700 760 4769 μὲν
779 4700 925 4754 ὀκτὼ
969 4701 1144 4772 μῆνας
1170 4698 1310 4757 εἶναι
1336 4699 1528 4773 ψῦχος,
1563 4694 1690 4762 τοὺς
1722 4698 1779 4752 δὲ
1813 4700 2083 4771 τέτταρας

501 4778 768 4849 χειμῶνα.
815 4778 942 4834 Fuit
990 4778 1185 4846 Eous,
1223 4781 1269 4843 si
1305 4796 1410 4837 non
1453 4778 1649 4834 fallunt
1694 4782 1830 4833 Acta
1859 4778 2080 4833 concilii

501 4861 770 4928 Cpolitani
800 4863 1048 4931 secundi,
1079 4862 1372 4935 Rhodopes
1393 4864 1711 4935 metr0pnlis
1749 4878 1764 4916 :
1801 4861 2080 4920 collationi

499 4945 649 4999 enim
685 4944 719 5000 8
762 4959 817 5016 p.
853 4945 961 5000 240
992 4947 1285 5004 subscribit
1321 4946 1526 5003 Paulus
1560 4947 1851 5016 episcopus
1885 4944 2081 5001 Emo-

501 5042 626 5082 ruta
675 5027 988 5099 (Ettiorum
1030 5029 1374 5100 oportuerat)
1418 5028 1740 5099 metrOpolis
1784 5029 2082 5099 Rhodopia:

500 5110 817 5180 provinciae.
850 5111 969 5167 Noli
997 5122 1178 5168 tamen
1215 5114 1442 5169 credere
1479 5124 1496 5168 τ
1530 5127 1655 5167 nam
1691 5118 1748 5168 et
1786 5114 1970 5168 multae
2000 5111 2077 5168 ibi

501 5195 830 5266 metropoles
863 5207 1219 5253 recensentur
1263 5197 1330 5253 de
1376 5198 1595 5268 quibus,
1632 5196 1741 5252 nisi
1773 5197 2081 5253 honoraria:

499 5278 725 5348 fuerint,
759 5280 1114 5337 meritissimo
1147 5280 1382 5336 dubites.
1408 5280 1643 5336 Constat
1670 5279 1834 5335 etiam
1862 5279 2082 5336 aliunde

498 5358 889 5435 Trajanopotin
949 5365 1162 5420 caeteris
1217 5363 1321 5419 bac
1371 5365 1633 5436 dignitate
1687 5364 2077 5435 praecelluisse.

497 5441 623 5502 για.
674 5448 883 5503 Coucil.
919 5448 1241 5505 Chalcedon.
1278 5458 1409 5504 tom.
1443 5450 1477 5504 8
1505 5452 1566 5507 ϐ.
1599 5450 1666 5506 G.
1699 5467 1755 5522 p.
1784 5451 1875 5506 91.

567 5532 704 5588 Ibid.
737 5532 1068 5601 Μαρώνεια.
1105 5533 1220 5590 Hoc
1245 5548 1312 5590 ex
1335 5533 1693 5590 Constantino
1726 5537 1763 5592 1.
1798 5551 1860 5601 tt,
1883 5535 2078 5593 Tliem.

495 5608 533 5667 2
582 5618 1023 5687 praeoptat-imus.
1066 5616 1270 5675 Urbem
1315 5619 1455 5674 hanc
1501 5629 1558 5673 et
1600 5618 2079 5691 Maximianopoliu

497 5692 630 5750 Acta
676 5701 900 5756 concilii
931 5700 1271 5759 Chalcedon.
1308 5721 1360 5773 p.
1392 5704 1464 5760 96
1498 5702 1774 5774 Rhodopa:
1806 5705 2079 5763 tribuunt.

573 5775 708 5839 Ibid.
740 5787 1042 5853 Τόπειρος.
1074 5786 1239 5844 Recte
1262 5791 1460 5849 iterum
1490 5789 1881 5849 Constantinus
1909 5792 2081 5849 ΟΥΛ-

1520 360 1897 421 ADDENDA‘.
1942 374 2010 394 -ί-
2045 347 2113 416 Ρ.
2155 352 2670 424 WESSELINGII

2179 469 2338 525 UIAC
2370 466 2715 525 TOIIEII’UT
2746 468 2797 523 in
2847 464 2997 525 Geta:
3025 476 3079 523 et
3118 466 3276 524 Iulia:
3320 467 3541 523 Domum
3568 461 3765 521 munis

2173 553 2499 617 cognomine
2546 552 2813 623 superbit.
2867 553 2998 606 Erat
3043 551 3217 607 vicina
3255 550 3411 615 mari,
3448 564 3550 604 nec
3592 551 3757 618 longe

2173 635 2241 691 ab
2288 637 2618 691 Abderitana
2677 636 2900 692 civitate
2956 636 3267 691 dissociata».
3316 633 3586 695 Rusium,
3644 647 3770 702 quo-

2173 719 2432 790 deinceps
2461 720 2681 776 nomine
2713 720 2836 784 fuit,
2867 720 3023 781 Anna
3066 719 3316 775 Alexiad.
3352 720 3383 772 7
3414 733 3468 789 p.
3504 717 3615 772 212
3651 717 3758 770 ha—

2174 800 2267 856 bet
2290 800 2558 872 Ihtvioque
2583 805 2859 871 admovet,
2900 803 2999 872 qui
3024 800 3164 858 lbrte
3190 800 3517 865 Cossinites,
3542 801 3611 855 de
3641 813 3770 869 quo

2174 884 2256 940 ad~
2276 884 2404 943 Itin.
2436 886 2498 941 Α.
2539 901 2595 956 ι).
2626 886 2753 943 set.

2243 967 2380 1025 ibid.
2428 971 2775 1036 Νικόπολις.
2823 970 2978 1025 Circa
3029 970 3264 1025 Nessum
3324 982 3540 1023 amnem
3590 967 3694 1021 fuit
3736 982 3755 1021 :

2175 1056 2318 1108 unde
2365 1053 2663 1117 Νικόπολις
2703 1056 2736 1123 ή
2776 1053 2904 1124 περὶ
2959 1052 3164 1106 Νέστον
3201 1052 3494 1107 Ptolemaeo
3529 1065 3615 1116 ut,
3648 1050 3759 1117 Ii;

2176 1139 2357 1193 nuntiis
2413 1137 2623 1193 ΘΥΛΠ.
2684 1135 3062 1191 ΝΙΚΟΠΟΛΙΣ
3118 1136 3296 1191 ΠΡΟΣ
3342 1135 3602 1206 ;NECTI},
3644 1133 3758 1189 So-

2174 1219 2310 1272 crati
2333 1234 2429 1283 γη,
2455 1218 2547 1286 56,
2569 1219 2864 1283 Νικόπολις
2879 1222 2978 1290 τῆς
2995 1219 3238 1292 Θρᾴκης,
3266 1218 3346 1273 Th
3357 1218 3519 1272 racia:
3546 1217 3758 1270 laxiore

2175 1300 2598 1372 significatione.
2630 1301 2820 1359 Serior
2857 1312 2990 1357 aetas
3023 1301 3394 1373 Christopolin
3425 1299 3662 1364 vocarit,
3695 1306 3760 1351 ut

2176 1385 2382 1441 scholia
2426 1385 2765 1442 Coisliniana
2797 1384 3075 1441 Ptolemmi
3122 1386 3345 1440 docent.
3400 1384 3526 1438 Ilaec
3568 1382 3758 1451 itaque

2176 1479 2261 1524 est
2295 1484 2458 1539 quam
2492 1471 2626 1525 Acta
2663 1468 2721 1524 S.
2753 1468 3012 1529 Germani
3038 1469 3255 1539 signant
3281 1483 3331 1523 c.
3371 1469 3427 1533 9.,
3463 1482 3564 1522 nec
3591 1466 3759 1534 longe

2175 1550 2440 1623 Philippis
2474 1564 2783 1610 removent.
2808 1552 2958 1610 Adde
2983 1552 3450 1623 Theophylactum
3500 1548 3567 1603 II.
3600 1549 3756 1603 Mau-

2175 1637 2276 1692 rie.
2308 1655 2348 1701 ι,
2376 1638 2429 1691 7.
2816 1688 2823 1693 .

2245 1719 2382 1779 Ibid.
2416 1722 2847 1791 Κερεόπυρτος.
2875 1718 3264 1775 Constantinus
3308 1714 3755 1788 Κεραιόπυργος.

2174 1799 2261 1871 Jo.
2313 1802 2622 1860 Harduinus
2672 1803 2921 1874 (Emend.
2970 1800 3039 1856 56
3088 1800 3145 1856 in
3199 1798 3361 1854 Plinii
3406 1799 3444 1852 I.
3476 1797 3531 1861 4,
3576 1812 3624 1852 c.
3664 1796 3762 1866 II)

2176 1899 2298 1939 cum
2334 1885 2645 1957 Pyrogeris,
2706 1900 2844 1956 quos
2906 1883 3261 1955 Pyrgoceros,
3309 1896 3405 1938 seu
3435 1879 3764 1950 permutatis

2176 1968 2420 2039 syllabis,
2475 1971 2617 2039 quod
2669 1969 2859 2025 eodem
2906 1968 3150 2022 recidere
3230 1968 3333 2030 ait,
3380 1963 3764 2033 CercOpyrgos

2177 2067 2301 2109 esse
2336 2054 2512 2125 jubet,
2544 2053 2843 2124 componit.
2879 2051 3008 2107 Mihi
3060 2051 3222 2121 longe
3273 2063 3337 2105 ea
3389 2048 3746 2105 conﬁdentia.

2181 2139 2382 2195 Vellem
2407 2137 2683 2193 docuisset
2705 2153 2735 2192 a
2765 2135 3108 2206 Cereopyrgo
3134 2134 3284 2188 cives
3308 2131 3494 2203 gentili
3524 2129 3752 2186 nomine

2175 2222 2546 2293 Cercopyrgos
2581 2229 2728 2276 recte
2770 2219 3053 2289 appellari.
3085 2217 3199 2286 Ego
3239 2230 3513 2284 nusquam
3543 2213 3753 2269 Cerco-

2175 2318 2406 2377 pyrgum
2436 2304 2676 2372 reperire
2710 2303 2969 2359 memini.
2988 2301 3091 2356 nisi
3117 2301 3160 2354 si
3195 2298 3447 2354 Iateatin
3466 2295 3760 2368 Ιίηριοπάο

2177 2408 2287 2462 ρων
2312 2388 2555 2461 οθειθιιο,
2605 2387 2749 2457 quod
2807 2387 2860 2461 in
2918 2385 3179 2456 Rhetl0pe
3216 2384 3512 2453 Procoiiius
3570 2379 3748 2437 didit.

2175 2473 2376 2529 Justin.
2409 2471 2466 2538 4,
2499 2470 2586 2535 11,
2613 2470 2896 2525 describit.

2249 2556 2383 2611 Ibid.
2436 2555 2579 2610 Ὑπὸ
2608 2551 3071 2621 κονσουλάριον.
3099 2546 3545 2608 CONSULARIS
3587 2544 3758 2602 PRO-

2176 2639 2434 2698 VINCUE
2467 2637 2792 2694 TIIRACUE
2841 2645 2931 2693 est
2957 2638 3010 2691 in
3044 2636 3240 2692 Thess.
3286 2650 3341 2706 p.
3376 2630 3698 2698 (ΣΟΩΕΧΙΠ,
3722 2630 3766 2684 2

2176 2733 2233 2781 ct
2264 2723 2432 2779 Notit.
2463 2723 2594 2792 imp.
2628 2719 2839 2792 Orico}.
2875 2735 2926 2775 c.
2955 2720 3007 2774 1.

2246 2793 2381 2850 Ibid.
2416 2785 2630 2859 Πόλὲις
2662 2797 2728 2846 ε’.
2773 2789 2975 2847 Omnes
3012 2788 3111 2845 bas
3162 2788 3325 2844 urbes
3353 2787 3595 2858 praeterit
3629 2785 3758 2840 cod.

2179 2870 2360 2945 Vule.,
2399 2876 2526 2931 huic
2557 2873 2850 2946 provinciae
2869 2874 3071 2953 Oppida
3102 2870 3500 2953 Ilaimimontis,
3529 2870 3605 2925 illi
3630 2884 3764 2925 vero

2177 2955 2381 3016 Moesia:
2417 2958 2790 3015 contribueris.
2825 2956 3000 3013 Wess.
3041 2950 3247 3025 Prol'eg.
3284 2969 3339 3024 p.
3374 2953 3503 3010 630.

2252 3038 2385 3098 Ibid.
2416 3041 2625 3110 Βερόη.
2661 3041 2891 3096 Pulchre
2921 3041 2993 3095 ita
3023 3037 3414 3094 Constantinus
3436 3036 3550 3103 I.2,
3574 3030 3765 3089 Timui.

2178 3124 2232 3189 I,
2267 3138 2367 3179 nec
2393 3123 2616 3179 dissidet
2659 3123 2998 3180 Sozomenus
3049 3120 3115 3177 II.
3145 3120 3205 3175 E.
3238 3122 3293 3188 4,
3319 3120 3406 3185 Il,
3447 3135 3571 3175 t-um
3600 3116 3765 3172 Libe-

2179 3207 2318 3261 ritttn
2358 3207 2437 3269 εἰς
2472 3206 2678 3277 Βερόην
2706 3207 2806 3276 τῆς
2836 3205 3062 3277 Θρᾴκης
3095 3203 3393 3274 relegatum
3429 3200 3620 3256 tradit.
3660 3198 3764 3277 δερ

2177 3260 2464 3342 bastiauus
2513 3260 2697 3354 E'pisc.
2754 3260 2857 3354 ’ἕξις
2887 3260 3183 3356 ’ἑερῥοίας
3210 3260 3470 3354 "(nepam
3519 3292 3571 3350 p.
3625 3276 3769 3349 657)

2179 3361 2425 3424 Thracia:
2468 3362 2698 3423 concilio
2726 3367 3056 3423 Chalcedon.
3087 3381 3139 3437 p.
3159 3365 3265 3420 621
3295 3359 3489 3419 adfuit.
3524 3363 3595 3419 Ut
3624 3362 3768 3417 adeo

2180 3448 2478 3508 condonari
2517 3451 2607 3505 vix
2664 3450 2840 3520 possit
2897 3448 2959 3506 C.
3020 3465 3049 3503 a
3097 3447 3158 3504 S.
3206 3448 3374 3504 Paulo
3427 3444 3779 3518 negligentia.

2179 3553 2285 3607 qua
2319 3538 2509 3592 urbem
2562 3535 2867 3606 praeteriit;
2916 3548 3038 3603 qua:
3082 3542 3263 3588 tamen
3308 3531 3384 3588 illi
3411 3546 3533 3587 cum
3574 3528 3767 3584 multis

2179 3620 2485 3676 communis
2513 3625 2621 3674 est.
2651 3616 2887 3687 Augusta
2924 3617 3106 3681 lrene,
3136 3624 3420 3686 postquam
3447 3611 3770 3684 prolapsam

2179 3702 2536 3767 excitaverat,
2572 3700 2880 3771 Irenopolln
2943 3698 3272 3770 appeilavit,
3316 3696 3655 3766 'I‘heOphane
3703 3711 3759 3764 p.

2179 3786 2287 3841 585
2316 3795 2558 3842 auctore.
2604 3783 2679 3840 De
2724 3784 2832 3841 situ
2877 3783 2944 3838 ad
2987 3783 3113 3839 Itin.
3140 3783 3207 3836 A.
3231 3797 3284 3853 p.
3320 3782 3419 3838 231
3455 3780 3762 3852 disputavi—

2181 3878 2324 3926 mus.

2249 3950 2384 4011 Ibid.
2418 3952 2922 4018 Σεϐαστούπολις.
2958 3946 3114 4005 Hanc
3140 3948 3320 4006 adhuc
3342 3962 3547 4020 quacro.

2253 4036 2390 4094 Ibid.
2438 4036 2741 4101 Διόπολις.
2781 4035 3066 4099 Διόσπολις
3097 4035 3467 4104 praestiterat:
3510 4026 3757 4087 famosus

2181 4131 2263 4178 est
2293 4121 2411 4191 ejus
2426 4122 2493 4174 ob
2517 4118 2913 4189 impudicitiam
2937 4121 3224 4188 cpiscopus
3247 4116 3577 4182 Alexander,
3600 4116 3626 4166 ὁ
3645 4108 3758 4167 ἀπὸ

2182 4204 2304 4266 Διὸς
2351 4201 2559 4265 πόλεως
2603 4197 2702 4272 τῆς
2738 4199 2960 4272 Θρᾴκης
3008 4198 3236 4271 ὀνόματι
3278 4198 3631 4266 Ἀλέξανδρος
3671 4193 3763 4251 .Io.

2180 4288 2395 4345 Malala:
2425 4297 2555 4341 tom.
2591 4283 2657 4349 Il,
2696 4302 2747 4355 p.
2778 4283 2905 4351 167,
2945 4284 3037 4340 ubi
3067 4292 3125 4339 ιιι
3157 4283 3285 4353 quid
3311 4283 3409 4338 abs
3441 4281 3773 4338 Chilmeado

2181 4379 2506 4431 mutaretur,
2540 4369 2675 4424 nihil
2708 4380 2934 4424 necesse
2968 4366 3169 4423 fuerat.

2251 4452 2391 4509 Ibid.
2461 4451 2967 4520 Ἆδριανούπολις.
3026 4448 3324 4506 Provinciae
3387 4445 3771 4503 Hmtnimontis

2181 4546 2302 4596 erat
2327 4535 2680 4603 metmpolis;
2725 4535 2867 4590 unde
2903 4534 3087 4590 collat.
3148 4533 3183 4589 8
3231 4534 3447 4589 concilii
3496 4533 3772 4589 Constan-

2184 4623 2355 4691 tinop.
2392 4635 2446 4688 p.
2485 4618 2591 4673 240
2620 4634 2635 4671 :
2672 4615 2907 4674 Joannes
2937 4621 3113 4689 gratia
3144 4618 3239 4674 Dei
3272 4619 3545 4688 episcopus
3570 4614 3771 4669 Adria-

2183 4704 2610 4776 iwpolitanoi'um
2651 4703 3055 4757 eminentiorum
3109 4700 3398 4771 provincia:
3445 4699 3769 4766 subscribit,

2181 4805 2281 4862 pro
2314 4787 2809 4842 Ilwtnt'monliorum
2846 4800 2941 4841 seu
2970 4787 3332 4841 kutimanti.

2253 4871 2387 4927 Ibid.
2436 4871 2759 4941 Ἀγχίαλος.
2817 4868 2983 4926 Recte
3049 4873 3123 4926 ita
3177 4870 3569 4927 Constantinus
3618 4867 3657 4924 1.
3703 4885 3767 4934 tn,

2184 4952 2367 5012 Them.
2423 4955 2491 5021 I,
2526 4962 2580 5007 ct
2618 4969 2743 5008 mox
2794 4953 3075 5020 Δεὸελτὸς,
3133 4956 3201 5010 de
3250 4966 3360 5025 qua
3414 4963 3648 5023 utraque
3695 4953 3767 5007 ad

2180 5038 2309 5095 Aut.
2345 5039 2471 5093 Itin.
2506 5054 2558 5107 p.
2588 5036 2697 5094 229
2722 5038 2956 5093 concilio
2982 5037 3258 5109 Ephesino
3292 5037 3467 5094 adluit
3514 5037 3768 5092 Athana-

2180 5125 2296 5180 sius
2355 5123 2657 5185 ἐπίσκοπος
2711 5121 2811 5191 τῆς
2857 5122 3000 5176 κατὰ
3048 5121 3309 5177 Δουελτδν
3356 5123 3455 5177 καὶ
3507 5117 3768 5187 Σωζόποο

2180 5207 2283 5262 lar
2317 5206 2464 5277 quod
2488 5214 2810 5276 argumento
2838 5217 2921 5262 est
2948 5208 3042 5262 uni
3072 5208 3330 5278 episcopo
3359 5208 3507 5262 dicto
3536 5207 3768 5261 audien-

2183 5300 2266 5347 trs
2309 5291 2518 5357 fuisse;
2568 5304 2692 5360 quae
2742 5290 2882 5344 forte
2924 5304 3088 5347 causa
3138 5299 3222 5344 est
3261 5301 3433 5361 quare
3481 5290 3770 5360 Sozopoiis

2185 5375 2276 5430 hic
2312 5374 2637 5446 negligatur.
2673 5373 2870 5429 Ilabuit
2910 5382 3090 5429 tamen
3145 5375 3406 5445 deinceps
3460 5389 3619 5429 suum
3659 5374 3767 5431 sibi

2184 5458 2510 5531 praesulem:
2561 5472 2689 5512 nam
2741 5456 2946 5527 Πέτρος
2973 5457 3074 5528 τῆς
3117 5453 3508 5523 Σωζοποὶιτῶν
3560 5457 3773 5520 πόλεως

2183 5543 2285 5610 τῆς
2315 5540 2690 5611 Αἱμιμοντίων
2738 5541 3009 5612 ἐπαρχίας
3067 5543 3302 5598 concilio
3350 5543 3450 5611 Cp.
3501 5542 3658 5597 tertio
3711 5555 3765 5611 ιν.

2182 5627 2284 5682 507
2339 5624 2606 5679 interfuit.

2254 5708 2390 5764 Ibid.
2426 5706 2687 5775 Τζοῒδης.
2724 5706 3122 5763 Constantinus
3150 5708 3395 5773 Τζόῖδος,
3435 5707 3527 5763 ubi
3565 5706 3768 5764 Morel-

2189 5795 2295 5864 Ius,
2349 5791 2656 5848 Inaudilum
2687 5807 2705 5847 :
2737 5790 2989 5857 numquid
3046 5789 3337 5850 Tzurulum
3392 5793 3469 5850 uel
3505 5792 3771 5849 errulmt

3611 355 3764 423 ιοθσ
3876 404 3883 409 .
