4170 6424
380 391 520 462 1081

380 514 669 569 ΤΙιιγιτὶίιῬ
718 514 848 569 Maio
889 531 908 567 ι
937 530 1060 569 nam
1102 515 1362 570 ZiI'IlIIltlI
1399 517 1695 586 provincia)
1734 515 1961 579 Europa:

384 601 506 666 init,
544 598 800 654 Ileraclea
829 617 935 655 non
967 600 1122 671 longe
1153 612 1487 669 separatum,
1517 601 1583 655 de
1604 615 1712 670 quo
1743 598 1961 653 abunde

377 685 445 735 al
493 683 630 736 Ant.
657 692 712 736 et
744 681 956 738 Hieros.
987 683 1297 737 ltineraria.
1335 681 1566 738 'I‘zoides
1610 681 1805 735 mutari
1853 696 1960 735 non

379 762 545 819 debet
574 780 588 818 :
619 772 706 821 est
733 769 786 821 in
813 766 915 821 alia
945 765 1147 820 Notitia
1182 765 1296 820 Jac.
1326 766 1487 819 (ioari
1535 781 1587 835 p.
1619 761 1724 818 378
1746 767 1774 817 ὁ
1803 764 1962 828 T507.-

379 849 487 901 δῶν
551 841 875 921 episcopus;
924 852 1088 907 habet
1121 859 1385 920 prmlerea
1437 849 1741 918 Procopius
1796 846 1958 903 Fabr.

377 928 577 987 Justin.
610 949 683 995 v1,
723 936 809 1000 11,
856 936 1139 991 castellum
1173 932 1466 999 Τζυείδων.

451 1015 565 1072 Col.
595 1018 709 1073 141.
738 1020 1286 1087 Μαρκιανούπολις.
1316 1016 1615 1074 Provincia:
1639 1015 1840 1073 Moesiae
1871 1032 1962 1074 se-

379 1103 571 1157 cundae
592 1103 704 1158 haec
725 1105 1037 1174 metropolis
1057 1103 1155 1159 luit
1181 1103 1500 1174 etprmsidis
1533 1107 1710 1158 sedes.
1735 1101 1874 1156 IIinc
1905 1103 1959 1157 in

380 1186 567 1241 Severi
605 1184 898 1242 Alexandri
950 1203 1115 1242 numo
1154 1185 1263 1242 HF.
1301 1189 1375 1243 M.
1429 1186 1962 1240 ΤΕΡΕΒΕΝΤΙΝΟΥ

378 1267 1096 1326 ΜΑΡΚΙΑΝΟΠΟΛΕΙΤΩΝ
1127 1272 1162 1325 i.
1198 1288 1248 1327 e.
1276 1272 1546 1342 ἡγεμόνος
1586 1270 1816 1340 Μάρκου
1857 1270 1962 1322 Τε-

382 1355 716 1420 ρεόεντίνου,
772 1357 1004 1427 praeside
1063 1357 1246 1411 Marco
1306 1357 1690 1412 Terebentino.
1745 1353 1962 1422 Bulgari

382 1434 624 1494 Preslaw
656 1440 1010 1510 Πρισθλάϐαν
1063 1451 1345 1507 vocarunt,
1378 1442 1596 1510 egregie
1637 1440 1961 1509 descriptam

381 1523 450 1576 ab
481 1523 635 1577 Anna
665 1525 912 1580 Alexiad.
969 1525 1022 1588 7,
1058 1541 1111 1594 p.
1154 1526 1292 1589 194;
1325 1541 1447 1596 qua:
1479 1534 1660 1580 tamen
1713 1540 1833 1578 cum
1869 1542 1962 1594 με·

381 1605 558 1675 γάλην
602 1607 755 1662 πόλιν
793 1624 920 1662 vero
958 1609 1086 1663 olim
1142 1610 1365 1662 nomine
1423 1605 1589 1663 fuisse
1645 1608 1960 1672 arbitratur,

383 1707 411 1742 ιι
454 1701 599 1746 recto
659 1690 900 1746 tramite"
934 1694 1182 1748 recessit.
1232 1692 1388 1749 Adde
1451 1691 1694 1749 Nicetam
1761 1692 1956 1746 Annal.

381 1772 516 1828 Isac.
548 1775 600 1840 '1,
641 1792 691 1843 p.
736 1775 858 1829 185.

287 1865 294 1876 '
453 1859 589 1915 ibid.
648 1859 982 1925 Ὀδυσσος.
1048 1858 1162 1916 Imo
1219 1859 1486 1931 Ὄδησσος
1552 1859 1721 1934 [cum
1771 1860 1962 1915 codice

379 1940 582 2013 I.eid.].
611 1941 764 1996 Facit
805 1952 981 1997 tamen
1014 1958 1134 1997 cum
1197 1954 1386 1999 nostro
1429 1941 1732 2013 Procopius
1782 1942 1950 1996 lEdil'.

376 2019 576 2080 Justin.
603 2042 682 2092 vr,
716 2025 800 2088 li,
833 2035 886 2080 et
918 2022 1278 2095 Theophanes
1309 2023 1578 2096 Chorogr.
1614 2040 1667 2094 p.
1714 2025 1837 2089 I90,
1868 2024 1958 2092 qui

378 2109 674 2177 cmteroqui
719 2107 1104 2163 Ὀδυσσὸπολιν
1149 2110 1422 2180 appellare
1465 2111 1770 2174 consuevit,
1811 2119 1868 2163 ut
1905 2125 1959 2178 p.

379 2193 506 2256 13⁷,
549 2200 603 2247 et
635 2193 866 2248 Varnam
906 2192 982 2246 illi
1024 2194 1258 2247 vicinam
1298 2195 1372 2247 ait
1405 2208 1463 2263 p.
1492 2194 1619 2250 298.

450 2275 577 2330 Ibid.
607 2278 996 2344 Δοροστόλος.
1027 2275 1404 2331 Theodoretus
1451 2279 1501 2330 in
1530 2276 1762 2332 Thracia
1792 2276 1960 2338 locat,

375 2376 477 2416 usu
511 2363 661 2417 vocis
704 2362 894 2418 latiore
930 2380 945 2417 :
990 2362 1078 2415 Ἐν
1109 2362 1441 2434 Δοροστόλῳ,
1486 2363 1680 2430 inquit,
1720 2364 1874 2426 πέλις
1904 2364 1961 2416 δὲ

375 2447 515 2517 αὕτη
549 2446 649 2516 τῆς
677 2445 900 2516 Θρᾴκης
925 2444 1216 2515 ἐπίσημος.
1247 2443 1368 2500 Viti.
1405 2446 1516 2500 Jos.
1543 2443 1874 2518 Scaligerum
1905 2447 1962 2500 in

377 2529 574 2586 Euseb.
610 2545 668 2584 n.
704 2527 1229 2594 MMCCCI.XXV'III,
1267 2539 1320 2584 et
1361 2529 1489 2585 Itin.
1521 2532 1647 2584 Ant.
1675 2547 1727 2600 p.
1761 2532 1888 2586 222.

448 2612 584 2668 Ibid.
630 2613 982 2681 Νικόπολις.
1049 2610 1356 2669 Jornandes
1409 2611 1533 2672 Rer.
1591 2610 1708 2670 Cet.
1763 2618 1958 2673 c.18:

377 2690 662 2764 Niwpoliu
689 2695 910 2761 accedit,
943 2713 1060 2766 qua:
1080 2696 1245 2765 juxta
1268 2694 1484 2750 Jatrum
1513 2698 1708 2766 ﬂumen
1733 2709 1808 2752 est
1835 2717 1962 2755 con-

372 2781 565 2833 stituta
602 2778 898 2846 notissima,
947 2780 1197 2849 quoniam
1239 2780 1458 2833 devictis
1498 2777 1766 2838 Sarmatis
1824 2784 1961 2839 Tra-

339 2860 533 2933 -jrmus
565 2880 681 2917 eam
727 2863 1033 2932 fabricavit,
1084 2875 1130 2918 et
1163 2864 1447 2932 appellavit
1487 2863 1734 2921 Victoria:
1762 2869 1963 2924 civita-

377 2957 505 3002 tem.
531 2947 607 3000 Ad
643 2962 762 3016 quae
777 2945 862 3000 Jo.
887 2946 1198 3002 Ilarduinus
1231 2949 1284 3002 iu
1314 2945 1511 3002 Numis
1547 2951 1718 3020 antiq.
1751 2950 1956 3009 illustr.

381 3027 463 3085 Ea:
490 3033 572 3085 his
605 3029 897 3086 Joruandis
952 3030 1119 3086 verbis
1164 3049 1266 3086 non
1321 3048 1426 3086 uno
1461 3033 1575 3086 loco
1633 3031 1962 3092 Tltesaurum

373 3127 530 3167 suum
588 3110 824 3168 Ortclius
879 3111 1036 3167 latro
1068 3130 1222 3168 amne
1263 3112 1573 3183 locupletat,
1601 3133 1718 3169 cum
1759 3116 1962 3172 Istrum

377 3197 479 3266 legi
511 3205 751 3266 oportere
780 3211 929 3249 nemo
957 3196 1182 3262 infitiari
1215 3199 1406 3264 possit,
1434 3197 1525 3264 qui
1558 3215 1743 3253 nuutos
1772 3211 1964 3255 veteres

373 3280 452 3334 rel
479 3281 648 3334 obiter
672 3280 880 3343 viderit,
913 3279 1216 3348 cujusmodi
1242 3290 1367 3334 sunt
1403 3281 1741 3338 ΝΙΚΟΠΟΛ.
1783 3286 1964 3341 IIPOC

376 3362 510 3417 ICT.
541 3371 597 3416 et
631 3362 1114 3416 ΝΙΚΟΙΙΟΛΙΤΩΝ
1167 3365 1278 3416 IIP.
1320 3362 1544 3418 ICTPQ.
1588 3365 1757 3430 Quem
1789 3368 1833 3421 si
1865 3382 1963 3420 au-

376 3446 601 3511 diveris,
640 3445 824 3501 Jatrus
857 3455 978 3514 post
1017 3445 1135 3500 hinc
1185 3446 1367 3500 nullus
1430 3449 1554 3503 erit.
1599 3446 1798 3504 Verum
1832 3465 1964 3505 cave

376 3527 520 3584 faxis
572 3529 726 3584 :Tov
780 3527 1073 3598 λεγόμενον
1133 3526 1339 3600 Ἰατρὸν
1396 3529 1642 3600 ποταμόν
1698 3530 1965 3588 memorat

375 3611 817 3683 Theopbylaetus
847 3611 912 3665 II.
943 3612 1014 3666 Μ.
1047 3627 1144 3676 vn,
1176 3612 1263 3677 14,
1287 3629 1317 3665 e
1349 3627 1456 3680 quo
1486 3615 1815 3684 etoppositte
1844 3615 1961 3669 urbi

373 3695 511 3752 latri
549 3712 748 3751 nomen
781 3697 948 3762 venit,
979 3696 1045 3751 de
1095 3713 1202 3765 qua
1233 3696 1301 3751 ad
1343 3698 1545 3752 Anton.
1585 3696 1708 3753 Itin.
1742 3715 1796 3769 p.
1833 3699 1960 3754 222.

376 3785 509 3837 Erat
543 3781 819 3851 Nicopolis
866 3781 930 3834 ad
977 3781 1312 3836 conﬂuentes
1355 3781 1478 3836 lstri
1508 3791 1562 3838 et
1596 3781 1754 3850 Jalri,
1788 3792 1963 3839 recte-

374 3880 484 3936 que
519 3865 572 3920 in
602 3865 782 3919 numis
817 3864 982 3934 priori
1015 3865 1340 3920 adstruitur.

448 3949 585 4005 Ibid.
617 3949 824 4007 Νοὸαι.
867 3948 1016 4003 Bina:
1060 3959 1219 4004 erant
1274 3950 1325 4005 in
1383 3952 1486 4006 hac
1525 3951 1728 4008 vicinia
1782 3949 1959 4017 Novae,

373 4035 560 4088 alterae
602 4032 806 4101 Cuppis
850 4033 1060 4096 vicinae,
1091 4048 1228 4101 quas
1264 4033 1362 4097 τὰς
1417 4034 1530 4088 ἄνω
1578 4035 1760 4100 Νοὸὰς
1787 4035 1966 4091 Theo-

372 4118 661 4188 phylactus
692 4114 758 4169 II.
792 4114 863 4172 Μ.
895 4130 992 4180 vn,
1032 4116 1062 4167 ’1
1090 4126 1283 4182 vocat;
1315 4116 1498 4171 altera:
1526 4119 1796 4188 App’ariac
1839 4135 1967 4188 pro-

373 4204 610 4271 priores,
643 4199 906 4255 Novensis
941 4197 1144 4254 Moesiae
1189 4200 1424 4255 civitatis
1474 4202 1692 4258 nomine
1736 4201 1963 4259 Marcel-

373 4285 489 4340 Iino
522 4284 720 4339 Comiti
765 4290 923 4337 notre.
970 4283 1042 4337 De
1075 4283 1159 4337 his
1190 4283 1319 4349 Ant,
1355 4285 1409 4347 1,
1449 4300 1502 4354 p.
1538 4286 1665 4340 221.

445 4367 584 4422 Ibid.
624 4367 990 4434 Ἕϐραιττος.
1023 4366 1246 4421 Rectius
1273 4365 1584 4437 ’Λϐριττος,
1613 4376 1669 4423 ιιι
1698 4369 1964 4440 Procopio

373 4450 483 4506 ﬁne
507 4451 544 4503 i.
573 4451 688 4505 ιιιο
716 4449 886 4503 λΕιΙίΓ.
922 4449 1140 4503 dicitur.
1173 4446 1436 4506 Jornaudi
1469 4451 1740 4519 Abrittus,
1760 4451 1966 4507 Mmsia:

371 4534 568 4589 civitas
614 4534 665 4588 in
708 4533 1070 4588 Ambrosiano
1129 4551 1233 4590 ms.
1276 4546 1334 4590 ut
1379 4537 1620 4593 diximus
1670 4537 1826 4590 alias.
1859 4536 1964 4592 Fa-

374 4632 526 4672 mosa
562 4618 694 4673 urhs
715 4626 800 4671 est
826 4616 971 4671 Decii
1006 4616 1356 4685 imperatoris
1391 4621 1558 4685 catde,
1587 4621 1790 4689 passim
1825 4622 1966 4676 male

371 4703 599 4773 scripta,
629 4702 786 4758 sicuti
817 4701 1085 4771 exemplis
1113 4704 1338 4772 prolatis
1371 4705 1454 4760 ill.
1501 4705 1746 4777 Scaliger
1768 4705 1820 4760 in
1856 4707 1965 4761 Ett-

373 4792 492 4842 scb.
527 4803 580 4842 n.
613 4784 991 4840 MMCCLXVII
1025 4787 1305 4856 patefecit.
1342 4789 1456 4843 Sita
1496 4790 1598 4844 luit
1629 4793 1771 4844 inter
1789 4789 1964 4846 Odes-

371 4885 529 4925 scum
562 4879 612 4924 et
657 4868 1060 4936 Mesembriam,
1090 4871 1398 4942 diciturque
1431 4874 1484 4928 in
1526 4872 1707 4928 tabula
1741 4873 1964 4929 Peutin-

371 4969 625 5022 gerorutn
682 4952 851 5008 Erite.
894 4953 1179 5011 Failuntur
1221 4957 1407 5028 itaque
1466 4959 1558 5029 qui
1603 4959 1833 5014 Decium
1887 4962 1958 5014 ad

370 5034 584 5092 Tanain
617 5037 866 5105 periisse,
897 5041 1352 5108 quemadmodum
1383 5040 1657 5109 Zosimus,
1686 5052 1778 5098 aut
1812 5053 1962 5101 trans

370 5119 701 5186 Danubium,
746 5121 821 5174 ttti
857 5119 1065 5187 Victor,
1106 5124 1414 5192 perhibent.

445 5201 582 5256 Ibid.
623 5202 915 5272 Ἐπαρχία
949 5206 1231 5272 Σκυθίας.
1259 5205 1382 5262 ιιωιτ
1413 5217 1686 5277 postrema
1724 5218 1807 5264 est
1830 5223 1965 5279 qna-

271 5302 274 5304 ν
374 5294 500 5338 tuor
534 5285 786 5340 Thracia
829 5289 1261 5357 provinciarum,
1306 5305 1428 5359 qua}
1469 5291 1796 5360 praesidibus
1829 5294 1960 5348 sub-

369 5378 553 5433 erant,
583 5377 638 5422 ut
675 5368 846 5424 Notit.
882 5371 1012 5439 imp.
1047 5371 1258 5428 Orieut.
1297 5387 1347 5426 c.
1387 5375 1412 5427 1
1459 5374 1635 5428 docet.
1666 5375 1963 5430 Athanasio

369 5452 542 5504 variis
607 5451 740 5506 locis
777 5451 973 5526 Σισκία
1010 5455 1213 5509 dicitur
1264 5455 1422 5525 Apol.
1480 5464 1670 5510 contra
1729 5456 1963 5512 Arianos

371 5549 428 5601 ιι.
472 5534 574 5588 125
624 5542 679 5588 et
725 5535 850 5589 I55.
898 5545 952 5590 et
1002 5537 1204 5592 llistur.
1243 5541 1436 5596 Arian:
1499 5541 1566 5594 ad
1616 5539 1866 5596 Monach.
1899 5557 1953 5610 p.

371 5618 516 5683 560;
565 5619 768 5686 quibus
823 5637 949 5676 cum
1013 5625 1322 5688 provincias
1380 5635 1671 5681 enumerat
1729 5643 1958 5696 quarum

371 5701 612 5770 episcopi
649 5713 744 5758 aut
767 5704 1080 5761 Sardiceusi
1111 5711 1320 5776 synodo
1349 5709 1645 5763 adfuerunt
1665 5720 1759 5764 aut
1780 5726 1960 5767 causa:

375 5800 492 5840 suae
551 5789 1062 5856 patrocinabantur,
1107 5808 1212 5846 non
1269 5795 1512 5849 dubitem
1553 5795 1682 5863 quin
1724 5796 1958 5850 Σκυθίαν

376 5869 613 5926 voluerit
660 5890 672 5928 :
703 5886 881 5946 neque
919 5875 1066 5931 enim
1103 5876 1274 5952 Siscia
1322 5876 1439 5950 ejus
1466 5887 1625 5938 δειλία
1661 5882 1954 5952 provincia:

1243 404 1634 465 COMMENT.
1680 403 1760 463 IN
1801 386 2220 469 HIEROCLIS
2253 379 2823 478 SYNECDE‘MUM.‘

3513 427 3654 493 1082

2073 531 2271 574 nomen
2298 531 2437 589 erat,
2468 526 2560 578 sed
2608 525 2923 591 Pannonia),
2971 514 3158 599 quam,
3183 533 3512 594 Athanasius
3545 543 3651 596 ihi-

2069 601 2190 688 dem
2252 604 2476 688 reliquis
2537 619 2796 664 accenset
2847 614 3179 683 provinciis,
3241 621 3524 688 oppidum.
3587 625 3644 680 In

2067 681 2334 767 Procopio
2361 705 2551 748 errore
2589 694 2725 763 turpi
2762 711 2828 750 ex
2869 695 3088 767 Scythia
3135 681 3418 756 castellum
3461 710 3651 761 condi-

2067 766 2286 835 derunt,
2334 775 2645 845 pariterque
2698 791 2763 832 ex
2818 766 3007 850 Mysia,
3060 781 3164 838 line
3220 785 3254 840 Ι.
3311 787 3347 840 4
3381 788 3447 841 de
3481 788 3646 848 Fabr.

2067 865 2351 943 enumerat
2388 862 2638 930 egregius
2686 863 2918 931 scriptor
2960 867 3122 923 urbes
3171 880 3225 923 et
3274 874 3497 928 castella
3531 891 3652 943 quae

2065 931 2407 998 Justiniauus
2450 954 2542 998 aut
2594 947 2983 1003 inslauraverit
3039 962 3132 1005 aut
3183 954 3339 1009 novis
3387 931 3650 1019 operibus

2065 1025 2381 1107 exornarit;
2412 1042 2644 1099 cumque
2676 1035 2740 1086 de
2772 1031 2984 1103 Europa
3015 1045 3068 1090 et
3103 1035 3362 1107 Rhodope
3399 1040 3648 1105 dixissrt,

2065 1106 2229 1192 ’παρὰΔ
2263 1107 2360 1176 μὲν
2413 1113 2657 1182 ποταμὸν
2686 1115 2916 1187 Ἴστρον,
2955 1118 3196 1185 Μυσίας,
3248 1106 3539 1192 Ἐνρκουλέν
3563 1141 3644 1188 τε,

2065 1189 2370 1274 additisque
2399 1196 2615 1264 triginta
2648 1197 2768 1252 aliis
2796 1202 2968 1268 pergit
2991 1203 3227 1268 Σκυθίας
3258 1189 3460 1274 Γραφώ
3485 1224 3538 1260 κ.
3563 1207 3592 1258 λ
3623 1245 3640 1271 ,

2066 1270 2192 1325 hinc
2233 1272 2450 1346 Mysiam
2475 1279 2663 1334 urbem
2691 1292 2744 1336 et
2774 1282 3053 1353 Scythiam
3081 1285 3278 1350 fecere,
3304 1270 3432 1342 cum
3467 1270 3644 1342 tamen

2065 1354 2212 1443 aliud
2245 1361 2375 1415 nihil
2408 1362 2533 1416 velit
2570 1379 2732 1432 quam
2775 1365 2954 1436 Mysia:
2985 1370 3050 1422 ad
3093 1369 3291 1424 Istrum
3331 1383 3382 1424 et
3413 1370 3648 1443 Scythia:

2066 1440 2132 1494 ad
2177 1443 2406 1497 eundem
2443 1460 2536 1500 eas
2582 1461 2707 1502 esse
2739 1449 2906 1504 urbes
2951 1460 3006 1505 et
3037 1452 3283 1506 castella.

2139 1544 2270 1602 Ibid.
2316 1547 2506 1616 Τόμις.
2553 1549 2788 1620 Scythiae
2823 1562 2938 1607 erat
2978 1555 3310 1625 metropolis,
3340 1556 3497 1626 cujus
3523 1558 3641 1626 epis

2067 1631 2215 1698 scopi
2237 1646 2382 1686 cura:
2411 1648 2603 1688 omnes
2629 1636 2924 1702 provincia:
2946 1637 3110 1692 urbes
3135 1649 3291 1692 erant
3315 1641 3643 1706 commissm;

2065 1729 2225 1782 quam
2271 1716 2322 1768 in
2351 1729 2463 1769 rem
2497 1717 2714 1784 egregia
2759 1728 2888 1772 sunt
2924 1717 3216 1774 Sozomeni
3268 1721 3336 1775 Il.
3372 1718 3436 1774 Ε.
3469 1739 3544 1786 vr,
3575 1722 3640 1774 ‘21

2066 1797 2263 1862 Verba;
2292 1813 2411 1867 qua:
2446 1799 2588 1868 quod
2632 1798 3040 1869 Proiegomenis
3074 1806 3182 1857 sint
3215 1804 3421 1857 intexta
3445 1845 3458 1867 ,
3509 1821 3650 1874 prm-

2070 1891 2239 1934 tereo.
2271 1881 2327 1934 Id
2358 1881 2519 1947 addo,
2547 1881 2635 1936 Jo.
2685 1884 3078 1938 Damascenum
3143 1882 3403 1939 Parallet.
3459 1902 3511 1956 p.
3545 1887 3643 1938 78l

2066 1979 2132 2017 ex
2164 1962 2450 2018 Theatimo
2473 1965 2573 2034 τῆς
2607 1967 2996 2030 Σκυθοπόλεως
3023 1969 3280 2037 ρρίεοονο
3312 1969 3470 2022 verba
3501 1984 3650 2037 quir-

2066 2049 2188 2101 dam
2233 2049 2608 2116 excerpsisse;
2671 2052 2761 2121 qui
2799 2069 2922 2106 eum
2963 2053 3286 2107 Tomitanus
3315 2053 3480 2106 fuerit
3515 2061 3652 2107 teste

2067 2131 2372 2186 Sozomeno
2398 2132 2469 2186 Η.
2496 2132 2670 2197 Ε.ι·ιι,
2690 2135 2781 2197 95,
2806 2136 3062 2191 maluisse
3087 2136 3249 2190 Mich.
3272 2135 3343 2190 Le
3357 2136 3530 2201 Quieti
3552 2135 3652 2203 τῆς

2064 2217 2318 2282 Σκυθίας.
2357 2217 2635 2273 Potuisset
2684 2220 2894 2274 minore
2939 2222 3217 2276 molimine
3276 2220 3376 2290 τῆς
3426 2219 3652 2272 Σκυθῶν

2065 2302 2294 2364 πόλεως.

2137 2387 2269 2440 Ibid.
2313 2387 2772 2452 Διονυσόπολις.
2837 2385 2920 2441 Ita
2948 2396 3003 2442 et
3052 2397 3197 2442 recte
3233 2387 3648 2450 Constantinus,

2065 2471 2100 2525 I.
2154 2485 2192 2524 ιι
2241 2469 2420 2523 Tltem.
2461 2472 2512 2524 1.
2557 2469 2916 2540 TheOphanes
2948 2469 3254 2540 Chronogr.
3297 2488 3351 2538 p.
3394 2471 3494 2526 I90
3532 2472 3653 2521 Διο-

2064 2553 2408 2618 νυσσόπολιν,
2456 2563 2515 2606 ιιι
2557 2553 2735 2607 editus
2770 2561 2824 2607 et
2857 2568 2957 2607 ms.
3001 2553 3400 2624 Synecdemns,
3432 2553 3646 2621 probat.

2137 2635 2272 2690 Ibid.
2317 2637 2540 2704 Ἀκραι.
2567 2636 2644 2690 Eo
2675 2636 2896 2689 nomine
2923 2636 3111 2690 urbem
3145 2637 3197 2690 in
3230 2637 3330 2690 hoc
3363 2643 3537 2690 tractu
3566 2649 3653 2688 re-

2064 2721 2242 2792 quiro.
2285 2719 2411 2774 Fuit
2440 2719 2658 2790 quidem
2687 2720 3124 2785 promontorium
3192 2718 3466 2784 Tiristris,
3505 2720 3651 2787 ἄκρα

2064 2804 2358 2877 Τιριστρέα
2387 2803 2699 2867 Ριοιθιιιτριι,
2752 2819 2876 2857 cttm
2911 2803 3153 2873 ejusdem
3215 2801 3384 2856 ferme
3419 2801 3653 2860 nominis

2064 2889 2295 2958 oppido;
2332 2903 2430 2944 nec
2457 2888 2644 2942 dixero
2670 2896 2848 2940 tamen
2875 2888 2926 2941 id
2959 2885 3208 2954 intelligi.
3248 2884 3521 2954 ΛιιἊκρα
3550 2883 3653 2952 τῆς

2065 2973 2300 3037 Σκυθίας
2335 2973 2476 3042 apttd
2503 2970 2883 3040 Stephanum?

2136 3055 2272 3111 Ibid.
2303 3056 2627 3120 Καλλατίς.
2662 3053 2777 3108 lloc
2799 3067 2862 3105 ex
2898 3051 3260 3108 Constantino
3301 3060 3540 3120 prmstat.
3578 3049 3654 3105 De

2068 3142 2202 3196 urbe
2228 3149 2282 3195 et
2307 3140 2429 3194 aliis
2465 3138 2626 3208 hujus
2660 3151 2772 3191 orte
2800 3137 3002 3192 Anton.
3040 3136 3161 3191 itin.
3198 3153 3251 3206 p.
3291 3135 3419 3190 9:27.

2138 3225 2272 3279 Ibid.
2311 3225 2572 3290 Ἴστρος.
2633 3220 2743 3276 Jul.
2803 3220 3146 3289 Capitolinus
3207 3223 3261 3274 in
3313 3219 3553 3273 Maximo
3599 3227 3656 3272 et

2066 3307 2313 3372 Balbino,
2343 3323 2393 3361 c.
2435 3307 2511 3361 6:
2551 3302 2659 3358 Sub
2706 3305 2788 3358 Itis
2825 3315 3114 3373 pugnatum
3163 3322 3196 3356 (ι
3245 3303 3432 3371 Carpis
3470 3313 3653 3355 contra

2069 3391 2261 3447 Moesus
2291 3390 2416 3460 fuit,
2445 3398 2494 3444 et
2527 3387 2766 3459 Scythici
2799 3387 2921 3441 belli
2949 3388 3292 3455 principium,
3350 3396 3398 3440 et
3429 3385 3654 3440 Histria:

2066 3474 2333 3529 excidium
2362 3491 2421 3527 eo
2455 3481 2719 3539 tempore;
2751 3480 3005 3534 utuutem
3062 3469 3332 3540 Damippus
3360 3469 3508 3534 dicit,
3556 3468 3654 3521 Ili-

2066 3558 2215 3610 stritv
2248 3557 2497 3610 civitatis.
2551 3553 2674 3608 Fuit
2710 3553 2826 3609 sine
2862 3552 3030 3609 dubio
3064 3552 3116 3606 in
3157 3552 3396 3622 Dexippo
3434 3555 3652 3622 Ἴστρου

2067 3640 2318 3702 πόλεως,
2369 3638 2825 3707 quemadmodum
2876 3636 2928 3690 in
2989 3650 3090 3692 ms.
3139 3635 3416 3690 Ptolemrei
3452 3636 3652 3690 Coisli-

2069 3727 2261 3792 niano;
2298 3738 2460 3793 quam
2495 3722 2681 3778 urbem
2715 3721 3060 3790 Capitolinus
3095 3735 3216 3776 cum
3253 3735 3357 3773 non
3399 3721 3652 3774 recorda-

2070 3817 2240 3870 rctur,
2273 3807 2339 3862 de
2380 3804 2602 3870 IIislria,
2635 3804 2954 3874 longissimo
2983 3813 3251 3856 terrarum
3291 3802 3580 3857 intervallo
3620 3817 3652 3857 a

2069 3889 2254 3945 Illmsis
2282 3898 2336 3944 et
2364 3889 2579 3959 Carpis,
2618 3886 2736 3942 ISII'i
2765 3887 2910 3941 ﬂuvii
2935 3927 2950 3952 ,
2983 3897 3041 3940 ut
3071 3882 3342 3950 Zosimus,
3369 3901 3422 3948 ι,
3459 3885 3522 3939 31
3560 3889 3652 3938 doc

2069 3986 2174 4041 cet,
2206 3975 2430 4040 accolis,
2471 3981 2680 4028 remota
2705 3974 2952 4042 cogitare
2989 3972 3178 4042 erepit,
3202 3970 3653 4038 occasionemque

2068 4058 2275 4115 Ortclio
2307 4067 2470 4128 atque
2493 4056 2612 4112 aliis
2633 4099 2647 4123 ,
2682 4067 2739 4109 ut
2769 4057 3062 4110 Iiistricam
3107 4056 3385 4111 civitatem
3411 4053 3478 4108 ab
3513 4051 3654 4108 Istro

2068 4143 2390 4198 distinctam
2425 4149 2815 4205 memorarenl,
2852 4140 3108 4210 prmbuit.

2139 4250 2273 4304 Ibid.
2312 4247 2800 4302 Κωνσταντίανα.
2857 4243 3251 4302 Videtur‘esse
3301 4243 3653 4301 CONSTAN-

2069 4332 2278 4386 TIANA
2304 4329 2604 4394 DAPIINE,
2623 4345 2787 4399 quam
2812 4346 2841 4384 e
2878 4345 3045 4383 numo
3070 4329 3410 4383 Constantini
3435 4329 3654 4396 egregie

2070 4417 2368 4472 illustravit
2397 4413 2561 4468 Ileur.
2589 4412 2774 4466 Vales.
2816 4413 2867 4465 in
2899 4412 3172 4466 Ammian.
3194 4427 3364 4475 xxvn,
3398 4411 3449 4465 5.
3478 4410 3649 4464 Ohcst

2070 4507 2251 4555 tamen
2283 4497 2578 4568 suspicioni
2607 4497 2906 4564 ProcOpius
2942 4494 3102 4553 Fahr.
3136 4495 3334 4550 .Iustiu.
3366 4509 3443 4558 tv,
3471 4493 3498 4545 7
3529 4508 3650 4546 eam

2069 4582 2122 4636 in
2159 4581 2346 4637 Moesia
2396 4581 2632 4635 secunda
2666 4579 2960 4632 coiioeans.
2995 4579 3075 4631 An
3104 4593 3233 4646 ergo
3265 4593 3329 4631 ex
3373 4575 3653 4644 superiore

2069 4666 2121 4718 in
2153 4665 2290 4719 hanc
2333 4663 2673 4733 provinciam
2725 4661 3017 4730 migravit?
3046 4661 3443 4715 Constantinus
3478 4672 3648 4725 certe,

2068 4750 2107 4805 I.
2133 4767 2169 4805 ιι
2198 4748 2380 4803 Tltem.
2402 4747 2454 4813 1,
2487 4743 2577 4800 ubi
2610 4744 2851 4813 reliquas
2876 4746 3175 4813 excerpsit,
3200 4745 3341 4799 hanc
3367 4744 3652 4814 prtetcriit,

2069 4835 2137 4888 14
2171 4841 2376 4886 tantum
2414 4829 2600 4883 urbem
2644 4823 2940 4898 provincia:
3005 4829 3266 4882 tribuens.
3319 4825 3518 4897 Utique
3558 4838 3654 4880 aut

2067 4915 2169 4969 hoc
2198 4923 2293 4968 aut
2334 4911 2497 4967 simili
2543 4911 2764 4964 nomine
2797 4910 2958 4964 aliam
3008 4910 3061 4962 in
3102 4909 3323 4979 Scythia
3361 4909 3530 4965 fuisse
3571 4909 3655 4961 di-

2067 5001 2296 5053 cendum
2324 4997 2466 5062 erit;
2495 5005 2717 5062 tttmque
2751 4993 3051 5061 Procopius
3082 4992 3287 5047 auxilio
3319 5001 3649 5054 arcessatur,

2067 5084 2121 5138 In
2155 5081 2378 5152 Scythia
2405 5079 2848 5137 Constantianam
2893 5073 3058 5133 Fabr.
3087 5074 3231 5133 Just.
3265 5077 3303 5132 I.
3329 5092 3406 5142 tv,
3460 5092 3512 5132 c.
3549 5074 3650 5130 ult.

2068 5179 2296 5236 ponens.

2139 5271 2275 5327 Ibid.
2328 5267 2782 5325 Eé.16a:ra.lloc
2828 5267 3159 5337 recepimus,
3210 5265 3466 5334 quoniam
3519 5279 3647 5334 pro-

2065 5364 2187 5434 pius
2216 5378 2244 5415 a
2276 5375 2406 5415 vero
2463 5359 2617 5414 abest
2638 5377 2652 5411 :
2673 5357 2930 5410 Σάλδαπα
2957 5351 3416 5422 ΡιοεονίοᾹΞάίῙ.
3435 5350 3644 5409 .iustin.

2068 5463 2142 5511 Iv,
2197 5447 2285 5511 11,
2318 5443 2574 5497 Σαλπαδά
2629 5442 2682 5495 in
2736 5441 2990 5510 Excerpt.
3041 5436 3435 5506 Titeophylacti
3498 5435 3640 5504 apud

2069 5529 2362 5589 Labbenm,
2396 5542 2450 5596 p.
2488 5525 2610 5590 178,
2669 5526 2765 5578 sed
2819 5523 2981 5588 male,
3034 5529 3095 5574 ut
3133 5534 3197 5574 ex
3238 5516 3380 5572 Hist.
3417 5517 3646 5574 Mauric.

2067 5628 2108 5679 ι,
2137 5612 2170 5666 8
2202 5626 2523 5682 cognosces.

2138 5709 2274 5764 Ibid.
2307 5707 2614 5776 Τρόπαιος.
2672 5704 2827 5759 Frid.
2859 5701 3116 5758 Moreilus
3150 5701 3216 5756 de
3238 5699 3439 5770 Topiro
3474 5698 3645 5753 Dobc-

2065 5808 2236 5862 roqttc
2264 5791 2557 5856 cogitavit,
2591 5804 2824 5856 quarum
2879 5797 3109 5855 utraque
3141 5786 3285 5840 citra'
3324 5783 3484 5849 hujus
3517 5796 3644 5848 pro-

2068 5877 2260 5934 vinciae
2290 5875 2427 5931 lines
2454 5872 2574 5930 fuit.
2601 5872 2780 5927 Credo
2808 5886 2835 5927 a
2877 5879 3077 5943 tmpmo
3103 5869 3168 5927 dc
3195 5869 3351 5927 victis
3388 5867 3637 5926 hostibus
