  <div class='ocr_page' id='page_1' title='image "/cluster/home/n/w/nwhite01/storage/ocr_20150623/113:no.2/coo.31924054870179/553.png"; bbox 0 0 4170 6424; ppageno 0'>
   <div class='ocr_carea' id='block_1_1' title="bbox 547 419 685 489">
    <p class='ocr_par' dir='ltr' id='par_1_1' title="bbox 547 419 685 489">
     <span class='ocr_line' id='line_1_1' title="bbox 547 419 685 489; baseline 0.014 -3"><span class='ocrx_word' id='word_1_1' title='bbox 547 419 685 489; x_wconf 84' lang='lat'><strong>1083</strong></span> 
     </span>
    </p>
   </div>
   <div class='ocr_carea' id='block_1_2' title="bbox 548 537 2126 610">
    <p class='ocr_par' dir='ltr' id='par_1_2' title="bbox 548 537 2126 610">
     <span class='ocr_line' id='line_1_2' title="bbox 548 537 2126 610; baseline -0.004 -18"><span class='ocrx_word' id='word_1_2' title='bbox 548 541 726 610; x_wconf 89' lang='lat' dir='ltr'><strong>posito</strong></span> <span class='ocrx_word' id='word_1_3' title='bbox 757 538 859 595; x_wconf 89' lang='lat' dir='ltr'><strong>loci</strong></span> <span class='ocrx_word' id='word_1_4' title='bbox 915 554 1108 594; x_wconf 89' lang='lat' dir='ltr'><strong>nomen</strong></span> <span class='ocrx_word' id='word_1_5' title='bbox 1141 553 1260 593; x_wconf 88' lang='lat' dir='ltr'><strong>csse</strong></span> <span class='ocrx_word' id='word_1_6' title='bbox 1289 556 1303 604; x_wconf 94' lang='lat'><strong>;</strong></span> <span class='ocrx_word' id='word_1_7' title='bbox 1342 552 1651 605; x_wconf 76' lang='lat' dir='ltr'><strong>quanquam</strong></span> <span class='ocrx_word' id='word_1_8' title='bbox 1680 551 1803 590; x_wconf 92' lang='lat' dir='ltr'><strong>cum</strong></span> <span class='ocrx_word' id='word_1_9' title='bbox 1844 537 2126 600; x_wconf 84' lang='lat' dir='ltr'><strong>hucusque</strong></span> 
     </span>
    </p>
   </div>
   <div class='ocr_carea' id='block_1_3' title="bbox 547 616 2019 693">
    <p class='ocr_par' dir='ltr' id='par_1_3' title="bbox 547 616 2019 693">
     <span class='ocr_line' id='line_1_3' title="bbox 547 616 2019 693; baseline -0.005 -16"><span class='ocrx_word' id='word_1_10' title='bbox 547 627 748 678; x_wconf 80' lang='lat' dir='ltr'><strong>frustra</strong></span> <span class='ocrx_word' id='word_1_11' title='bbox 778 624 1029 693; x_wconf 70' lang='lat' dir='ltr'><strong>qumsivi.</strong></span> <span class='ocrx_word' id='word_1_12' title='bbox 1056 623 1130 678; x_wconf 91' lang='lat' dir='ltr'><strong>De</strong></span> <span class='ocrx_word' id='word_1_13' title='bbox 1158 620 1399 691; x_wconf 75' lang='lat' dir='ltr'><strong>Axiopoli</strong></span> <span class='ocrx_word' id='word_1_14' title='bbox 1434 622 1499 673; x_wconf 90' lang='lat' dir='ltr'><strong>ad</strong></span> <span class='ocrx_word' id='word_1_15' title='bbox 1540 619 1663 674; x_wconf 91' lang='lat' dir='ltr'><strong>Itin.</strong></span> <span class='ocrx_word' id='word_1_16' title='bbox 1702 620 1765 674; x_wconf 86' lang='lat' dir='ltr'><strong>A.</strong></span> <span class='ocrx_word' id='word_1_17' title='bbox 1803 633 1857 687; x_wconf 87' lang='lat' dir='ltr'><strong>p.</strong></span> <span class='ocrx_word' id='word_1_18' title='bbox 1890 616 2019 671; x_wconf 65' lang='lat'><strong>9.24.</strong></span> 
     </span>
    </p>
   </div>
   <div class='ocr_carea' id='block_1_4' title="bbox 615 701 2131 774">
    <p class='ocr_par' dir='ltr' id='par_1_4' title="bbox 615 701 2131 774">
     <span class='ocr_line' id='line_1_4' title="bbox 615 701 2131 774; baseline -0.006 -11"><span class='ocrx_word' id='word_1_19' title='bbox 615 708 737 766; x_wconf 88' lang='lat' dir='ltr'><strong>Col.</strong></span> <span class='ocrx_word' id='word_1_20' title='bbox 770 708 892 762; x_wconf 74' lang='lat' dir='ltr'><strong>HI.</strong></span> <span class='ocrx_word' id='word_1_21' title='bbox 927 706 1254 762; x_wconf 77' lang='grc' dir='ltr'><strong>Καπίδαϐα,</strong></span> <span class='ocrx_word' id='word_1_22' title='bbox 1288 704 1380 760; x_wconf 91' lang='lat' dir='ltr'><strong>Sic</strong></span> <span class='ocrx_word' id='word_1_23' title='bbox 1410 714 1630 774; x_wconf 67' lang='lat' dir='ltr'><strong>praestat</strong></span> <span class='ocrx_word' id='word_1_24' title='bbox 1660 718 1691 758; x_wconf 92' lang='lat' dir='ltr'><strong>c</strong></span> <span class='ocrx_word' id='word_1_25' title='bbox 1730 719 1859 760; x_wconf 88' lang='lat' dir='ltr'><strong>mss.</strong></span> <span class='ocrx_word' id='word_1_26' title='bbox 1901 711 1953 757; x_wconf 92' lang='lat' dir='ltr'><strong>et</strong></span> <span class='ocrx_word' id='word_1_27' title='bbox 1986 701 2131 757; x_wconf 83' lang='lat' dir='ltr'><strong>Con-</strong></span> 
     </span>
    </p>
   </div>
   <div class='ocr_carea' id='block_1_5' title="bbox 536 787 2126 849">
    <p class='ocr_par' dir='ltr' id='par_1_5' title="bbox 536 787 2126 849">
     <span class='ocr_line' id='line_1_5' title="bbox 536 787 2126 849; baseline -0.006 -1"><span class='ocrx_word' id='word_1_28' title='bbox 536 794 791 849; x_wconf 65' lang='lat' dir='ltr'><strong>etantino</strong></span> <span class='ocrx_word' id='word_1_29' title='bbox 821 794 891 849; x_wconf 91' lang='lat' dir='ltr'><strong>ob</strong></span> <span class='ocrx_word' id='word_1_30' title='bbox 909 794 1032 849; x_wconf 91' lang='lat' dir='ltr'><strong>Itin.</strong></span> <span class='ocrx_word' id='word_1_31' title='bbox 1057 794 1119 847; x_wconf 85' lang='lat' dir='ltr'><strong>A.</strong></span> <span class='ocrx_word' id='word_1_32' title='bbox 1142 807 1491 847; x_wconf 83' lang='lat' dir='ltr'><strong>consensum.</strong></span> <span class='ocrx_word' id='word_1_33' title='bbox 1520 789 1773 845; x_wconf 81' lang='lat' dir='ltr'><strong>Morcllus</strong></span> <span class='ocrx_word' id='word_1_34' title='bbox 1796 803 1918 844; x_wconf 87' lang='lat' dir='ltr'><strong>cum</strong></span> <span class='ocrx_word' id='word_1_35' title='bbox 1940 787 2126 843; x_wconf 91' lang='lat' dir='ltr'><strong>Comi-</strong></span> 
     </span>
    </p>
   </div>
   <div class='ocr_carea' id='block_1_6' title="bbox 536 872 2127 952">
    <p class='ocr_par' dir='ltr' id='par_1_6' title="bbox 536 872 2127 952">
     <span class='ocr_line' id='line_1_6' title="bbox 536 872 2127 952; baseline -0.004 -19"><span class='ocrx_word' id='word_1_36' title='bbox 536 880 686 952; x_wconf 55' lang='lat' dir='ltr'><strong>ﬂava</strong></span> <span class='ocrx_word' id='word_1_37' title='bbox 730 879 1005 934; x_wconf 61' lang='lat' dir='ltr'><strong>Ptolemaei</strong></span> <span class='ocrx_word' id='word_1_38' title='bbox 1065 878 1193 932; x_wconf 85' lang='lat' dir='ltr'><strong>Itin.</strong></span> <span class='ocrx_word' id='word_1_39' title='bbox 1226 895 1307 941; x_wconf 87' lang='grc' dir='ltr'>ιιι,</span> <span class='ocrx_word' id='word_1_40' title='bbox 1344 877 1376 933; x_wconf 89' lang='grc'>8</span> <span class='ocrx_word' id='word_1_41' title='bbox 1436 878 1624 931; x_wconf 87' lang='lat' dir='ltr'><strong>eadem</strong></span> <span class='ocrx_word' id='word_1_42' title='bbox 1658 884 1865 939; x_wconf 89' lang='lat' dir='ltr'><strong>censet,</strong></span> <span class='ocrx_word' id='word_1_43' title='bbox 1909 872 2127 929; x_wconf 81' lang='lat' dir='ltr'><strong>Daciam</strong></span> 
     </span>
    </p>
   </div>
   <div class='ocr_carea' id='block_1_7' title="bbox 549 961 1583 1034">
    <p class='ocr_par' dir='ltr' id='par_1_7' title="bbox 549 961 1583 1034">
     <span class='ocr_line' id='line_1_7' title="bbox 549 961 1583 1034; baseline 0 -19"><span class='ocrx_word' id='word_1_44' title='bbox 549 963 824 1019; x_wconf 67' lang='lat' dir='ltr'><strong>Ptolemaei</strong></span> <span class='ocrx_word' id='word_1_45' title='bbox 856 979 977 1017; x_wconf 88' lang='lat' dir='ltr'><strong>cum</strong></span> <span class='ocrx_word' id='word_1_46' title='bbox 1011 962 1232 1034; x_wconf 83' lang='lat' dir='ltr'><strong>Scythia</strong></span> <span class='ocrx_word' id='word_1_47' title='bbox 1273 961 1583 1016; x_wconf 82' lang='lat' dir='ltr'><strong>confundit.</strong></span> 
     </span>
    </p>
   </div>
   <div class='ocr_carea' id='block_1_8' title="bbox 622 1042 2128 1119">
    <p class='ocr_par' dir='ltr' id='par_1_8' title="bbox 622 1042 2128 1119">
     <span class='ocr_line' id='line_1_8' title="bbox 622 1042 2128 1119; baseline -0.005 -17"><span class='ocrx_word' id='word_1_48' title='bbox 622 1049 754 1104; x_wconf 93' lang='lat' dir='ltr'><strong>Ibid.</strong></span> <span class='ocrx_word' id='word_1_49' title='bbox 791 1048 1049 1116; x_wconf 83' lang='grc' dir='ltr'><em>Κάρσος.</em></span> <span class='ocrx_word' id='word_1_50' title='bbox 1101 1047 1329 1119; x_wconf 81' lang='grc' dir='ltr'>Κάρπος</span> <span class='ocrx_word' id='word_1_51' title='bbox 1366 1045 1507 1101; x_wconf 89' lang='lat' dir='ltr'><strong>male</strong></span> <span class='ocrx_word' id='word_1_52' title='bbox 1553 1045 1961 1102; x_wconf 89' lang='lat' dir='ltr'><strong>Constantinus.</strong></span> <span class='ocrx_word' id='word_1_53' title='bbox 2009 1042 2128 1097; x_wconf 90' lang='lat' dir='ltr'><strong>Vid.</strong></span> 
     </span>
    </p>
   </div>
   <div class='ocr_carea' id='block_1_9' title="bbox 554 1128 2133 1202">
    <p class='ocr_par' dir='ltr' id='par_1_9' title="bbox 554 1128 2133 1202">
     <span class='ocr_line' id='line_1_9' title="bbox 554 1128 2133 1202; baseline -0.003 -17"><span class='ocrx_word' id='word_1_54' title='bbox 554 1135 685 1186; x_wconf 84' lang='lat' dir='ltr'><strong>Itin.</strong></span> <span class='ocrx_word' id='word_1_55' title='bbox 748 1131 814 1186; x_wconf 87' lang='lat' dir='ltr'><strong>A.</strong></span> <span class='ocrx_word' id='word_1_56' title='bbox 887 1148 940 1202; x_wconf 89' lang='lat' dir='ltr'><strong>p.</strong></span> <span class='ocrx_word' id='word_1_57' title='bbox 988 1132 1097 1186; x_wconf 62' lang='grc' dir='ltr'><strong>εει</strong></span> <span class='ocrx_word' id='word_1_58' title='bbox 1147 1142 1196 1187; x_wconf 88' lang='lat' dir='ltr'><strong>ct</strong></span> <span class='ocrx_word' id='word_1_59' title='bbox 1247 1147 1389 1202; x_wconf 86' lang='lat' dir='ltr'><strong>seq.,</strong></span> <span class='ocrx_word' id='word_1_60' title='bbox 1444 1131 1533 1185; x_wconf 90' lang='lat' dir='ltr'><strong>ubi</strong></span> <span class='ocrx_word' id='word_1_61' title='bbox 1584 1138 1637 1185; x_wconf 90' lang='lat' dir='ltr'><strong>et</strong></span> <span class='ocrx_word' id='word_1_62' title='bbox 1687 1131 1768 1184; x_wconf 70' lang='lat' dir='ltr'><strong>hie</strong></span> <span class='ocrx_word' id='word_1_63' title='bbox 1814 1128 1979 1184; x_wconf 87' lang='lat' dir='ltr'><strong>urbes</strong></span> <span class='ocrx_word' id='word_1_64' title='bbox 2047 1141 2133 1181; x_wconf 87' lang='lat' dir='ltr'><strong>re-</strong></span> 
     </span>
    </p>
   </div>
   <div class='ocr_carea' id='block_1_10' title="bbox 545 1225 865 1272">
    <p class='ocr_par' dir='ltr' id='par_1_10' title="bbox 545 1225 865 1272">
     <span class='ocr_line' id='line_1_10' title="bbox 545 1225 865 1272; baseline 0.003 -1"><span class='ocrx_word' id='word_1_65' title='bbox 545 1225 865 1272; x_wconf 73' lang='lat' dir='ltr'><strong>censentur.</strong></span> 
     </span>
    </p>
   </div>
   <div class='ocr_carea' id='block_1_11' title="bbox 622 1294 2132 1369">
    <p class='ocr_par' dir='ltr' id='par_1_11' title="bbox 622 1294 2132 1369">
     <span class='ocr_line' id='line_1_11' title="bbox 622 1294 2132 1369; baseline -0.005 -14"><span class='ocrx_word' id='word_1_66' title='bbox 622 1301 761 1355; x_wconf 90' lang='lat' dir='ltr'><strong>Ibid.</strong></span> <span class='ocrx_word' id='word_1_67' title='bbox 819 1300 1125 1369; x_wconf 72' lang='grc' dir='ltr'><strong>’Λλμυρι’ς.</strong></span> <span class='ocrx_word' id='word_1_68' title='bbox 1185 1300 1307 1355; x_wconf 88' lang='lat' dir='ltr'><strong>Vita</strong></span> <span class='ocrx_word' id='word_1_69' title='bbox 1373 1299 1430 1354; x_wconf 91' lang='lat' dir='ltr'><strong>S.</strong></span> <span class='ocrx_word' id='word_1_70' title='bbox 1494 1297 1724 1368; x_wconf 76' lang='lat' dir='ltr'><strong>Epit-teli</strong></span> <span class='ocrx_word' id='word_1_71' title='bbox 1784 1306 1835 1352; x_wconf 91' lang='lat' dir='ltr'><strong>ct</strong></span> <span class='ocrx_word' id='word_1_72' title='bbox 1890 1294 2132 1350; x_wconf 87' lang='lat' dir='ltr'><strong>Astionis</strong></span> 
     </span>
    </p>
   </div>
   <div class='ocr_carea' id='block_1_12' title="bbox 543 1379 2133 1454">
    <p class='ocr_par' dir='ltr' id='par_1_12' title="bbox 543 1379 2133 1454">
     <span class='ocr_line' id='line_1_12' title="bbox 543 1379 2133 1454; baseline -0.007 -15"><span class='ocrx_word' id='word_1_73' title='bbox 543 1401 595 1439; x_wconf 74' lang='lat' dir='ltr'><strong>e.</strong></span> <span class='ocrx_word' id='word_1_74' title='bbox 626 1385 701 1442; x_wconf 83' lang='lat'><strong>6:</strong></span> <span class='ocrx_word' id='word_1_75' title='bbox 736 1385 801 1439; x_wconf 83' lang='lat' dir='ltr'><strong>In</strong></span> <span class='ocrx_word' id='word_1_76' title='bbox 841 1383 1156 1454; x_wconf 80' lang='lat' dir='ltr'><strong>Scytharum</strong></span> <span class='ocrx_word' id='word_1_77' title='bbox 1188 1383 1317 1449; x_wconf 79' lang='lat' dir='ltr'><strong>ﬁnes</strong></span> <span class='ocrx_word' id='word_1_78' title='bbox 1354 1383 1579 1453; x_wconf 68' lang='lat' dir='ltr'><strong>ingressi</strong></span> <span class='ocrx_word' id='word_1_79' title='bbox 1622 1382 1675 1434; x_wconf 90' lang='lat' dir='ltr'><strong>in</strong></span> <span class='ocrx_word' id='word_1_80' title='bbox 1710 1379 2133 1449; x_wconf 80' lang='lat' dir='ltr'><strong>Almyridensem</strong></span> 
     </span>
    </p>
   </div>
   <div class='ocr_carea' id='block_1_13' title="bbox 540 1462 2133 1529">
    <p class='ocr_par' dir='ltr' id='par_1_13' title="bbox 540 1462 2133 1529">
     <span class='ocr_line' id='line_1_13' title="bbox 540 1462 2133 1529; baseline -0.005 -7"><span class='ocrx_word' id='word_1_81' title='bbox 540 1472 810 1524; x_wconf 72' lang='lat' dir='ltr'><strong>.rivitatem</strong></span> <span class='ocrx_word' id='word_1_82' title='bbox 844 1470 1184 1523; x_wconf 81' lang='lat' dir='ltr'><strong>devenerunt.</strong></span> <span class='ocrx_word' id='word_1_83' title='bbox 1234 1467 1292 1522; x_wconf 90' lang='lat' dir='ltr'><strong>Si</strong></span> <span class='ocrx_word' id='word_1_84' title='bbox 1343 1467 1566 1523; x_wconf 84' lang='lat' dir='ltr'><strong>Morello</strong></span> <span class='ocrx_word' id='word_1_85' title='bbox 1613 1465 1815 1529; x_wconf 86' lang='lat' dir='ltr'><strong>credis,</strong></span> <span class='ocrx_word' id='word_1_86' title='bbox 1878 1479 1985 1518; x_wconf 65' lang='lat' dir='ltr'><strong>non</strong></span> <span class='ocrx_word' id='word_1_87' title='bbox 2029 1462 2133 1515; x_wconf 89' lang='lat' dir='ltr'><strong>alia</strong></span> 
     </span>
    </p>
   </div>
   <div class='ocr_carea' id='block_1_14' title="bbox 552 1547 2136 1623">
    <p class='ocr_par' dir='ltr' id='par_1_14' title="bbox 552 1547 2136 1623">
     <span class='ocr_line' id='line_1_14' title="bbox 552 1547 2136 1623; baseline -0.004 -18"><span class='ocrx_word' id='word_1_88' title='bbox 552 1552 826 1623; x_wconf 85' lang='lat' dir='ltr'><strong>Ilalmyris</strong></span> <span class='ocrx_word' id='word_1_89' title='bbox 856 1561 941 1607; x_wconf 88' lang='lat' dir='ltr'><strong>est</strong></span> <span class='ocrx_word' id='word_1_90' title='bbox 967 1565 1031 1605; x_wconf 88' lang='lat' dir='ltr'><strong>ac</strong></span> <span class='ocrx_word' id='word_1_91' title='bbox 1068 1551 1471 1621; x_wconf 82' lang='lat' dir='ltr'><strong>Salmydessus,</strong></span> <span class='ocrx_word' id='word_1_92' title='bbox 1511 1565 1687 1618; x_wconf 85' lang='lat' dir='ltr'><strong>neque</strong></span> <span class='ocrx_word' id='word_1_93' title='bbox 1712 1549 1764 1602; x_wconf 91' lang='lat' dir='ltr'><strong>in</strong></span> <span class='ocrx_word' id='word_1_94' title='bbox 1794 1547 2016 1601; x_wconf 87' lang='lat' dir='ltr'><strong>dubium</strong></span> <span class='ocrx_word' id='word_1_95' title='bbox 2042 1560 2136 1599; x_wconf 83' lang='lat' dir='ltr'><strong>vo-</strong></span> 
     </span>
    </p>
   </div>
   <div class='ocr_carea' id='block_1_15' title="bbox 544 1630 2133 1705">
    <p class='ocr_par' dir='ltr' id='par_1_15' title="bbox 544 1630 2133 1705">
     <span class='ocr_line' id='line_1_15' title="bbox 544 1630 2133 1705; baseline -0.007 -15"><span class='ocrx_word' id='word_1_96' title='bbox 544 1636 661 1690; x_wconf 76' lang='lat' dir='ltr'><strong>cari</strong></span> <span class='ocrx_word' id='word_1_97' title='bbox 694 1650 853 1705; x_wconf 81' lang='lat' dir='ltr'><strong>posse</strong></span> <span class='ocrx_word' id='word_1_98' title='bbox 885 1645 1073 1704; x_wconf 86' lang='lat' dir='ltr'><strong>putat;</strong></span> <span class='ocrx_word' id='word_1_99' title='bbox 1099 1642 1155 1690; x_wconf 90' lang='lat' dir='ltr'><strong>et</strong></span> <span class='ocrx_word' id='word_1_100' title='bbox 1184 1644 1366 1689; x_wconf 88' lang='lat' dir='ltr'><strong>tamen</strong></span> <span class='ocrx_word' id='word_1_101' title='bbox 1397 1634 1748 1691; x_wconf 73' lang='lat' dir='ltr'><strong>falsissimum</strong></span> <span class='ocrx_word' id='word_1_102' title='bbox 1774 1644 1878 1687; x_wconf 84' lang='lat' dir='ltr'><strong>est.</strong></span> <span class='ocrx_word' id='word_1_103' title='bbox 1908 1630 2133 1700; x_wconf 85' lang='lat' dir='ltr'><strong>llalmy-</strong></span> 
     </span>
    </p>
   </div>
   <div class='ocr_carea' id='block_1_16' title="bbox 551 1715 2129 1789">
    <p class='ocr_par' dir='ltr' id='par_1_16' title="bbox 551 1715 2129 1789">
     <span class='ocr_line' id='line_1_16' title="bbox 551 1715 2129 1789; baseline -0.003 -15"><span class='ocrx_word' id='word_1_104' title='bbox 551 1722 630 1776; x_wconf 88' lang='lat' dir='ltr'><strong>ris</strong></span> <span class='ocrx_word' id='word_1_105' title='bbox 672 1719 726 1774; x_wconf 91' lang='lat' dir='ltr'><strong>in</strong></span> <span class='ocrx_word' id='word_1_106' title='bbox 765 1720 953 1774; x_wconf 85' lang='lat' dir='ltr'><strong>ultima</strong></span> <span class='ocrx_word' id='word_1_107' title='bbox 996 1719 1097 1773; x_wconf 84' lang='lat' dir='ltr'><strong>fuit</strong></span> <span class='ocrx_word' id='word_1_108' title='bbox 1127 1719 1349 1789; x_wconf 80' lang='lat' dir='ltr'><strong>Scythia</strong></span> <span class='ocrx_word' id='word_1_109' title='bbox 1394 1718 1665 1787; x_wconf 80' lang='lat' dir='ltr'><strong>Procopio</strong></span> <span class='ocrx_word' id='word_1_110' title='bbox 1709 1715 1887 1785; x_wconf 64' lang='lat' dir='ltr'><strong>Edif.</strong></span> <span class='ocrx_word' id='word_1_111' title='bbox 1927 1715 2129 1771; x_wconf 81' lang='lat' dir='ltr'><strong>Justin.</strong></span> 
     </span>
    </p>
   </div>
   <div class='ocr_carea' id='block_1_17' title="bbox 550 1800 2133 1871">
    <p class='ocr_par' dir='ltr' id='par_1_17' title="bbox 550 1800 2133 1871">
     <span class='ocr_line' id='line_1_17' title="bbox 550 1800 2133 1871; baseline -0.003 -12"><span class='ocrx_word' id='word_1_112' title='bbox 550 1823 627 1868; x_wconf 82' lang='lat' dir='ltr'><strong>tv,</strong></span> <span class='ocrx_word' id='word_1_113' title='bbox 660 1806 692 1858; x_wconf 88' lang='lat'><strong>7</strong></span> <span class='ocrx_word' id='word_1_114' title='bbox 723 1814 970 1868; x_wconf 88' lang='lat' dir='ltr'><strong>auctore,</strong></span> <span class='ocrx_word' id='word_1_115' title='bbox 1013 1804 1260 1871; x_wconf 76' lang='lat' dir='ltr'><strong>proxima</strong></span> <span class='ocrx_word' id='word_1_116' title='bbox 1310 1805 1447 1858; x_wconf 86' lang='lat' dir='ltr'><strong>Istro</strong></span> <span class='ocrx_word' id='word_1_117' title='bbox 1490 1802 1690 1867; x_wconf 84' lang='lat' dir='ltr'><strong>ﬂuvio;</strong></span> <span class='ocrx_word' id='word_1_118' title='bbox 1751 1800 2133 1871; x_wconf 84' lang='lat' dir='ltr'><strong>Salmydessus</strong></span> 
     </span>
    </p>
   </div>
   <div class='ocr_carea' id='block_1_18' title="bbox 550 1886 2129 1958">
    <p class='ocr_par' dir='ltr' id='par_1_18' title="bbox 550 1886 2129 1958">
     <span class='ocr_line' id='line_1_18' title="bbox 550 1886 2129 1958; baseline -0.003 -19"><span class='ocrx_word' id='word_1_119' title='bbox 550 1903 682 1943; x_wconf 76' lang='lat' dir='ltr'><strong>vero</strong></span> <span class='ocrx_word' id='word_1_120' title='bbox 711 1888 825 1942; x_wconf 90' lang='lat' dir='ltr'><strong>sive</strong></span> <span class='ocrx_word' id='word_1_121' title='bbox 868 1886 1257 1958; x_wconf 74' lang='lat' dir='ltr'><strong>Ilalmydessus</strong></span> <span class='ocrx_word' id='word_1_122' title='bbox 1298 1888 1612 1943; x_wconf 84' lang='lat' dir='ltr'><strong>vaStissimo</strong></span> <span class='ocrx_word' id='word_1_123' title='bbox 1645 1898 1913 1941; x_wconf 87' lang='lat' dir='ltr'><strong>terrarum</strong></span> <span class='ocrx_word' id='word_1_124' title='bbox 1956 1893 2129 1939; x_wconf 83' lang='lat' dir='ltr'><strong>tractu</strong></span> 
     </span>
    </p>
   </div>
   <div class='ocr_carea' id='block_1_19' title="bbox 552 1969 2132 2037">
    <p class='ocr_par' dir='ltr' id='par_1_19' title="bbox 552 1969 2132 2037">
     <span class='ocr_line' id='line_1_19' title="bbox 552 1969 2132 2037; baseline 0.002 -17"><span class='ocrx_word' id='word_1_125' title='bbox 552 1972 675 2026; x_wconf 85' lang='lat' dir='ltr'><strong>inde</strong></span> <span class='ocrx_word' id='word_1_126' title='bbox 727 1971 1022 2026; x_wconf 81' lang='lat' dir='ltr'><strong>dissociata</strong></span> <span class='ocrx_word' id='word_1_127' title='bbox 1071 1980 1123 2026; x_wconf 87' lang='lat' dir='ltr'><strong>et</strong></span> <span class='ocrx_word' id='word_1_128' title='bbox 1180 1970 1351 2027; x_wconf 81' lang='lat' dir='ltr'><strong>Ponto</strong></span> <span class='ocrx_word' id='word_1_129' title='bbox 1407 1970 1461 2024; x_wconf 91' lang='lat' dir='ltr'><strong>in</strong></span> <span class='ocrx_word' id='word_1_130' title='bbox 1508 1970 1690 2025; x_wconf 71' lang='lat' dir='ltr'><strong>Astiea</strong></span> <span class='ocrx_word' id='word_1_131' title='bbox 1750 1971 1969 2037; x_wconf 76' lang='lat' dir='ltr'><strong>regione</strong></span> <span class='ocrx_word' id='word_1_132' title='bbox 2018 1969 2132 2023; x_wconf 85' lang='lat' dir='ltr'><strong>sive</strong></span> 
     </span>
    </p>
   </div>
   <div class='ocr_carea' id='block_1_20' title="bbox 554 2050 2130 2133">
    <p class='ocr_par' dir='ltr' id='par_1_20' title="bbox 554 2050 2130 2133">
     <span class='ocr_line' id='line_1_20' title="bbox 554 2050 2130 2133; baseline -0.003 -26"><span class='ocrx_word' id='word_1_133' title='bbox 554 2054 813 2133; x_wconf 66' lang='lat' dir='ltr'><strong>Ithodope</strong></span> <span class='ocrx_word' id='word_1_134' title='bbox 837 2054 1117 2124; x_wconf 83' lang='lat' dir='ltr'><strong>provincia</strong></span> <span class='ocrx_word' id='word_1_135' title='bbox 1148 2055 1419 2125; x_wconf 85' lang='lat' dir='ltr'><strong>apposita.</strong></span> <span class='ocrx_word' id='word_1_136' title='bbox 1448 2052 1569 2109; x_wconf 77' lang='lat' dir='ltr'><strong>Vitl.</strong></span> <span class='ocrx_word' id='word_1_137' title='bbox 1605 2053 1819 2107; x_wconf 84' lang='lat' dir='ltr'><strong>Arriani</strong></span> <span class='ocrx_word' id='word_1_138' title='bbox 1858 2050 2130 2121; x_wconf 85' lang='lat' dir='ltr'><strong>Periplum</strong></span> 
     </span>
    </p>
   </div>
   <div class='ocr_carea' id='block_1_21' title="bbox 549 2140 915 2194">
    <p class='ocr_par' dir='ltr' id='par_1_21' title="bbox 549 2140 915 2194">
     <span class='ocr_line' id='line_1_21' title="bbox 549 2140 915 2194; baseline -0.005 0"><span class='ocrx_word' id='word_1_139' title='bbox 549 2141 696 2194; x_wconf 85' lang='lat' dir='ltr'><strong>circa</strong></span> <span class='ocrx_word' id='word_1_140' title='bbox 727 2140 915 2193; x_wconf 86' lang='lat' dir='ltr'><strong>linem.</strong></span> 
     </span>
    </p>
   </div>
   <div class='ocr_carea' id='block_1_22' title="bbox 620 2217 2134 2290">
    <p class='ocr_par' dir='ltr' id='par_1_22' title="bbox 620 2217 2134 2290">
     <span class='ocr_line' id='line_1_22' title="bbox 620 2217 2134 2290; baseline -0.001 -16"><span class='ocrx_word' id='word_1_141' title='bbox 620 2220 756 2277; x_wconf 88' lang='lat' dir='ltr'><strong>Ibid.</strong></span> <span class='ocrx_word' id='word_1_142' title='bbox 787 2222 1081 2290; x_wconf 75' lang='grc' dir='ltr'><strong>Ἐπαρχία</strong></span> <span class='ocrx_word' id='word_1_143' title='bbox 1096 2219 1451 2289; x_wconf 54' lang='grc' dir='ltr'><strong>Ἰλλυρικοῦ.</strong></span> <span class='ocrx_word' id='word_1_144' title='bbox 1477 2217 1602 2273; x_wconf 73' lang='lat' dir='ltr'><strong>Iimc</strong></span> <span class='ocrx_word' id='word_1_145' title='bbox 1619 2227 1672 2271; x_wconf 86' lang='lat' dir='ltr'><strong>et</strong></span> <span class='ocrx_word' id='word_1_146' title='bbox 1695 2226 1986 2285; x_wconf 85' lang='lat' dir='ltr'><strong>sequentes</strong></span> <span class='ocrx_word' id='word_1_147' title='bbox 2009 2231 2134 2286; x_wconf 87' lang='lat' dir='ltr'><strong>pro-</strong></span> 
     </span>
    </p>
   </div>
   <div class='ocr_carea' id='block_1_23' title="bbox 552 2301 2134 2374">
    <p class='ocr_par' dir='ltr' id='par_1_23' title="bbox 552 2301 2134 2374">
     <span class='ocr_line' id='line_1_23' title="bbox 552 2301 2134 2374; baseline 0.001 -20"><span class='ocrx_word' id='word_1_148' title='bbox 552 2305 743 2359; x_wconf 69' lang='lat' dir='ltr'><strong>vinciae</strong></span> <span class='ocrx_word' id='word_1_149' title='bbox 765 2304 1022 2373; x_wconf 79' lang='lat' dir='ltr'><strong>praefecto</strong></span> <span class='ocrx_word' id='word_1_150' title='bbox 1045 2305 1297 2373; x_wconf 79' lang='lat' dir='ltr'><strong>prauorio</strong></span> <span class='ocrx_word' id='word_1_151' title='bbox 1314 2302 1512 2374; x_wconf 90' lang='lat' dir='ltr'><strong>Illyrici</strong></span> <span class='ocrx_word' id='word_1_152' title='bbox 1545 2303 1803 2356; x_wconf 91' lang='lat' dir='ltr'><strong>suberant</strong></span> <span class='ocrx_word' id='word_1_153' title='bbox 1828 2319 1842 2356; x_wconf 90' lang='lat'><strong>:</strong></span> <span class='ocrx_word' id='word_1_154' title='bbox 1864 2301 2134 2369; x_wconf 86' lang='lat' dir='ltr'><strong>complec-</strong></span> 
     </span>
    </p>
   </div>
   <div class='ocr_carea' id='block_1_24' title="bbox 551 2384 2133 2460">
    <p class='ocr_par' dir='ltr' id='par_1_24' title="bbox 551 2384 2133 2460">
     <span class='ocr_line' id='line_1_24' title="bbox 551 2384 2133 2460; baseline 0 -22"><span class='ocrx_word' id='word_1_155' title='bbox 551 2390 918 2442; x_wconf 84' lang='lat' dir='ltr'><strong>tebatureuim</strong></span> <span class='ocrx_word' id='word_1_156' title='bbox 936 2386 1206 2460; x_wconf 89' lang='lat' dir='ltr'><strong>Illyricum</strong></span> <span class='ocrx_word' id='word_1_157' title='bbox 1221 2386 1483 2440; x_wconf 86' lang='lat' dir='ltr'><strong>orientale</strong></span> <span class='ocrx_word' id='word_1_158' title='bbox 1495 2384 1864 2440; x_wconf 81' lang='lat' dir='ltr'><strong>Macedoniam</strong></span> <span class='ocrx_word' id='word_1_159' title='bbox 1880 2386 2133 2454; x_wconf 83' lang='lat' dir='ltr'><strong>primam,</strong></span> 
     </span>
    </p>
   </div>
   <div class='ocr_carea' id='block_1_25' title="bbox 550 2469 2133 2540">
    <p class='ocr_par' dir='ltr' id='par_1_25' title="bbox 550 2469 2133 2540">
     <span class='ocr_line' id='line_1_25' title="bbox 550 2469 2133 2540; baseline -0.001 -17"><span class='ocrx_word' id='word_1_160' title='bbox 550 2470 846 2526; x_wconf 87' lang='lat' dir='ltr'><strong>secundam</strong></span> <span class='ocrx_word' id='word_1_161' title='bbox 873 2487 998 2540; x_wconf 81' lang='lat' dir='ltr'><strong>qua:</strong></span> <span class='ocrx_word' id='word_1_162' title='bbox 1027 2483 1082 2525; x_wconf 90' lang='lat' dir='ltr'><strong>ct</strong></span> <span class='ocrx_word' id='word_1_163' title='bbox 1115 2470 1393 2533; x_wconf 88' lang='lat' dir='ltr'><strong>salutaris,</strong></span> <span class='ocrx_word' id='word_1_164' title='bbox 1442 2469 1803 2537; x_wconf 76' lang='lat' dir='ltr'><strong>Thessaliam,</strong></span> <span class='ocrx_word' id='word_1_165' title='bbox 1852 2470 2133 2534; x_wconf 81' lang='lat' dir='ltr'><strong>Achaiam,</strong></span> 
     </span>
    </p>
   </div>
   <div class='ocr_carea' id='block_1_26' title="bbox 554 2554 2134 2625">
    <p class='ocr_par' dir='ltr' id='par_1_26' title="bbox 554 2554 2134 2625">
     <span class='ocr_line' id='line_1_26' title="bbox 554 2554 2134 2625; baseline 0 -18"><span class='ocrx_word' id='word_1_166' title='bbox 554 2554 800 2618; x_wconf 86' lang='lat' dir='ltr'><strong>Cretam,</strong></span> <span class='ocrx_word' id='word_1_167' title='bbox 838 2554 1061 2625; x_wconf 80' lang='lat' dir='ltr'><strong>Epirum</strong></span> <span class='ocrx_word' id='word_1_168' title='bbox 1098 2564 1337 2610; x_wconf 88' lang='lat' dir='ltr'><strong>veterem</strong></span> <span class='ocrx_word' id='word_1_169' title='bbox 1367 2562 1421 2608; x_wconf 90' lang='lat' dir='ltr'><strong>et</strong></span> <span class='ocrx_word' id='word_1_170' title='bbox 1461 2569 1679 2617; x_wconf 90' lang='lat' dir='ltr'><strong>novam,</strong></span> <span class='ocrx_word' id='word_1_171' title='bbox 1706 2554 1924 2609; x_wconf 81' lang='lat' dir='ltr'><strong>Daciam</strong></span> <span class='ocrx_word' id='word_1_172' title='bbox 1962 2555 2134 2607; x_wconf 89' lang='lat' dir='ltr'><strong>medi-</strong></span> 
     </span>
    </p>
   </div>
   <div class='ocr_carea' id='block_1_27' title="bbox 552 2635 2135 2705">
    <p class='ocr_par' dir='ltr' id='par_1_27' title="bbox 552 2635 2135 2705">
     <span class='ocr_line' id='line_1_27' title="bbox 552 2635 2135 2705; baseline 0 -16"><span class='ocrx_word' id='word_1_173' title='bbox 552 2647 860 2693; x_wconf 85' lang='lat' dir='ltr'><strong>tcrraneam</strong></span> <span class='ocrx_word' id='word_1_174' title='bbox 912 2646 968 2693; x_wconf 90' lang='lat' dir='ltr'><strong>et</strong></span> <span class='ocrx_word' id='word_1_175' title='bbox 1012 2639 1312 2705; x_wconf 90' lang='lat' dir='ltr'><strong>ripensem,</strong></span> <span class='ocrx_word' id='word_1_176' title='bbox 1353 2636 1677 2690; x_wconf 79' lang='lat' dir='ltr'><strong>Dardaniam</strong></span> <span class='ocrx_word' id='word_1_177' title='bbox 1726 2646 1779 2692; x_wconf 92' lang='lat' dir='ltr'><strong>ct</strong></span> <span class='ocrx_word' id='word_1_178' title='bbox 1832 2635 2135 2702; x_wconf 81' lang='lat' dir='ltr'><strong>Praevalim,</strong></span> 
     </span>
    </p>
   </div>
   <div class='ocr_carea' id='block_1_28' title="bbox 550 2717 2138 2788">
    <p class='ocr_par' dir='ltr' id='par_1_28' title="bbox 550 2717 2138 2788">
     <span class='ocr_line' id='line_1_28' title="bbox 550 2717 2138 2788; baseline 0.004 -20"><span class='ocrx_word' id='word_1_179' title='bbox 550 2720 1011 2788; x_wconf 78' lang='lat' dir='ltr'><strong>quemadmodum</strong></span> <span class='ocrx_word' id='word_1_180' title='bbox 1042 2718 1255 2773; x_wconf 81' lang='lat' dir='ltr'><strong>Notitia</strong></span> <span class='ocrx_word' id='word_1_181' title='bbox 1286 2720 1416 2787; x_wconf 78' lang='lat' dir='ltr'><strong>imp.</strong></span> <span class='ocrx_word' id='word_1_182' title='bbox 1451 2717 1657 2774; x_wconf 85' lang='lat' dir='ltr'><strong>Orient.</strong></span> <span class='ocrx_word' id='word_1_183' title='bbox 1694 2735 1743 2775; x_wconf 92' lang='lat' dir='ltr'><strong>c.</strong></span> <span class='ocrx_word' id='word_1_184' title='bbox 1792 2720 1819 2774; x_wconf 76' lang='grc'><strong>1</strong></span> <span class='ocrx_word' id='word_1_185' title='bbox 1860 2730 1912 2775; x_wconf 84' lang='lat' dir='ltr'><strong>et</strong></span> <span class='ocrx_word' id='word_1_186' title='bbox 1935 2719 2008 2774; x_wconf 63' lang='grc'><strong>24</strong></span> <span class='ocrx_word' id='word_1_187' title='bbox 2045 2721 2138 2774; x_wconf 88' lang='lat' dir='ltr'><strong>do-</strong></span> 
     </span>
    </p>
   </div>
   <div class='ocr_carea' id='block_1_29' title="bbox 546 2803 2137 2875">
    <p class='ocr_par' dir='ltr' id='par_1_29' title="bbox 546 2803 2137 2875">
     <span class='ocr_line' id='line_1_29' title="bbox 546 2803 2137 2875; baseline 0.004 -21"><span class='ocrx_word' id='word_1_188' title='bbox 546 2813 657 2859; x_wconf 77' lang='lat' dir='ltr'><strong>eet.</strong></span> <span class='ocrx_word' id='word_1_189' title='bbox 680 2804 914 2860; x_wconf 79' lang='lat' dir='ltr'><strong>Additur</strong></span> <span class='ocrx_word' id='word_1_190' title='bbox 942 2806 1011 2859; x_wconf 83' lang='lat' dir='ltr'><strong>ab</strong></span> <span class='ocrx_word' id='word_1_191' title='bbox 1043 2803 1293 2859; x_wconf 87' lang='lat' dir='ltr'><strong>IIierocle</strong></span> <span class='ocrx_word' id='word_1_192' title='bbox 1324 2803 1625 2869; x_wconf 83' lang='lat' dir='ltr'><strong>Pannonia,</strong></span> <span class='ocrx_word' id='word_1_193' title='bbox 1645 2806 1787 2874; x_wconf 88' lang='lat' dir='ltr'><strong>quod</strong></span> <span class='ocrx_word' id='word_1_194' title='bbox 1819 2819 1939 2859; x_wconf 90' lang='lat' dir='ltr'><strong>eam</strong></span> <span class='ocrx_word' id='word_1_195' title='bbox 1966 2818 2137 2875; x_wconf 87' lang='lat' dir='ltr'><strong>nuper</strong></span> 
     </span>
    </p>
   </div>
   <div class='ocr_carea' id='block_1_30' title="bbox 550 2888 1976 2959">
    <p class='ocr_par' dir='ltr' id='par_1_30' title="bbox 550 2888 1976 2959">
     <span class='ocr_line' id='line_1_30' title="bbox 550 2888 1976 2959; baseline 0.001 -17"><span class='ocrx_word' id='word_1_196' title='bbox 550 2888 912 2952; x_wconf 75' lang='lat' dir='ltr'><strong>lnstinianus,</strong></span> <span class='ocrx_word' id='word_1_197' title='bbox 938 2896 997 2943; x_wconf 86' lang='lat' dir='ltr'><strong>ut</strong></span> <span class='ocrx_word' id='word_1_198' title='bbox 1032 2892 1084 2943; x_wconf 92' lang='lat' dir='ltr'><strong>iu</strong></span> <span class='ocrx_word' id='word_1_199' title='bbox 1126 2888 1346 2944; x_wconf 83' lang='lat' dir='ltr'><strong>Novella</strong></span> <span class='ocrx_word' id='word_1_200' title='bbox 1386 2889 1443 2941; x_wconf 93' lang='lat' dir='ltr'><strong>ll</strong></span> <span class='ocrx_word' id='word_1_201' title='bbox 1482 2899 1587 2954; x_wconf 84' lang='lat' dir='ltr'><strong>est,</strong></span> <span class='ocrx_word' id='word_1_202' title='bbox 1617 2891 1976 2959; x_wconf 87' lang='lat' dir='ltr'><strong>reciperarat.</strong></span> 
     </span>
    </p>
   </div>
   <div class='ocr_carea' id='block_1_31' title="bbox 564 2969 2139 3040">
    <p class='ocr_par' dir='ltr' id='par_1_31' title="bbox 564 2969 2139 3040">
     <span class='ocr_line' id='line_1_31' title="bbox 564 2969 2139 3040; baseline 0 -14"><span class='ocrx_word' id='word_1_203' title='bbox 564 2990 567 2993; x_wconf 59' lang='grc'><em>’</em></span> <span class='ocrx_word' id='word_1_204' title='bbox 618 2972 756 3029; x_wconf 89' lang='lat' dir='ltr'><strong>Ibid.</strong></span> <span class='ocrx_word' id='word_1_205' title='bbox 800 2972 1247 3039; x_wconf 75' lang='grc' dir='ltr'><strong>Θεσσαλονίκη.</strong></span> <span class='ocrx_word' id='word_1_206' title='bbox 1281 2969 1413 3025; x_wconf 80' lang='lat' dir='ltr'><strong>Erat</strong></span> <span class='ocrx_word' id='word_1_207' title='bbox 1450 2969 1841 3027; x_wconf 76' lang='lat' dir='ltr'><strong>Thessalonice</strong></span> <span class='ocrx_word' id='word_1_208' title='bbox 1866 2981 2139 3040; x_wconf 89' lang='lat' dir='ltr'><strong>metropo-</strong></span> 
     </span>
    </p>
   </div>
   <div class='ocr_carea' id='block_1_32' title="bbox 551 3057 2138 3128">
    <p class='ocr_par' dir='ltr' id='par_1_32' title="bbox 551 3057 2138 3128">
     <span class='ocr_line' id='line_1_32' title="bbox 551 3057 2138 3128; baseline 0.001 -17"><span class='ocrx_word' id='word_1_209' title='bbox 551 3060 621 3113; x_wconf 88' lang='lat' dir='ltr'><strong>lis</strong></span> <span class='ocrx_word' id='word_1_210' title='bbox 669 3068 726 3114; x_wconf 90' lang='lat' dir='ltr'><strong>ct</strong></span> <span class='ocrx_word' id='word_1_211' title='bbox 795 3068 959 3128; x_wconf 87' lang='lat' dir='ltr'><strong>caput</strong></span> <span class='ocrx_word' id='word_1_212' title='bbox 1009 3057 1415 3128; x_wconf 88' lang='lat' dir='ltr'><strong>provinciarum</strong></span> <span class='ocrx_word' id='word_1_213' title='bbox 1446 3073 1582 3127; x_wconf 78' lang='lat' dir='ltr'><strong>.quze</strong></span> <span class='ocrx_word' id='word_1_214' title='bbox 1631 3060 1731 3112; x_wconf 89' lang='lat' dir='ltr'><strong>sub</strong></span> <span class='ocrx_word' id='word_1_215' title='bbox 1782 3059 2138 3127; x_wconf 76' lang='lat' dir='ltr'><strong>dispositione</strong></span> 
     </span>
    </p>
   </div>
   <div class='ocr_carea' id='block_1_33' title="bbox 550 3141 2133 3214">
    <p class='ocr_par' dir='ltr' id='par_1_33' title="bbox 550 3141 2133 3214">
     <span class='ocr_line' id='line_1_33' title="bbox 550 3141 2133 3214; baseline 0.002 -20"><span class='ocrx_word' id='word_1_216' title='bbox 550 3141 793 3211; x_wconf 79' lang='lat' dir='ltr'><strong>praefecti</strong></span> <span class='ocrx_word' id='word_1_217' title='bbox 826 3142 1083 3212; x_wconf 76' lang='lat' dir='ltr'><strong>pra-torio</strong></span> <span class='ocrx_word' id='word_1_218' title='bbox 1111 3142 1309 3214; x_wconf 91' lang='lat' dir='ltr'><strong>Illyrici</strong></span> <span class='ocrx_word' id='word_1_219' title='bbox 1342 3151 1518 3197; x_wconf 83' lang='lat' dir='ltr'><strong>erant.</strong></span> <span class='ocrx_word' id='word_1_220' title='bbox 1542 3141 1944 3207; x_wconf 87' lang='lat' dir='ltr'><strong>Theodoretus,</strong></span> <span class='ocrx_word' id='word_1_221' title='bbox 1968 3143 2035 3197; x_wconf 91' lang='lat' dir='ltr'><strong>ll.</strong></span> <span class='ocrx_word' id='word_1_222' title='bbox 2068 3141 2133 3197; x_wconf 86' lang='lat' dir='ltr'><strong>E.</strong></span> 
     </span>
    </p>
   </div>
   <div class='ocr_carea' id='block_1_34' title="bbox 551 3224 2139 3296">
    <p class='ocr_par' dir='ltr' id='par_1_34' title="bbox 551 3224 2139 3296">
     <span class='ocr_line' id='line_1_34' title="bbox 551 3224 2139 3296; baseline 0.004 -21"><span class='ocrx_word' id='word_1_223' title='bbox 551 3224 1142 3295; x_wconf 74' lang='grc' dir='ltr'><strong>ν,17εΘεσσαλονίκη</strong></span> <span class='ocrx_word' id='word_1_224' title='bbox 1189 3225 1342 3283; x_wconf 77' lang='grc' dir='ltr'><strong>πόλις</strong></span> <span class='ocrx_word' id='word_1_225' title='bbox 1390 3227 1506 3279; x_wconf 74' lang='grc' dir='ltr'><strong>ἐστὶ</strong></span> <span class='ocrx_word' id='word_1_226' title='bbox 1556 3227 1788 3296; x_wconf 80' lang='grc' dir='ltr'><strong>μεγίστη</strong></span> <span class='ocrx_word' id='word_1_227' title='bbox 1844 3228 1940 3280; x_wconf 75' lang='grc' dir='ltr'>καὶ</span> <span class='ocrx_word' id='word_1_228' title='bbox 1975 3226 2139 3281; x_wconf 64' lang='grc' dir='ltr'><strong>πιλν-</strong></span> 
     </span>
    </p>
   </div>
   <div class='ocr_carea' id='block_1_35' title="bbox 551 3309 2135 3379">
    <p class='ocr_par' dir='ltr' id='par_1_35' title="bbox 551 3309 2135 3379">
     <span class='ocr_line' id='line_1_35' title="bbox 551 3309 2135 3379; baseline 0.003 -18"><span class='ocrx_word' id='word_1_229' title='bbox 551 3309 864 3378; x_wconf 82' lang='grc' dir='ltr'><strong>ἀνορωπος,</strong></span> <span class='ocrx_word' id='word_1_230' title='bbox 905 3310 985 3373; x_wconf 79' lang='grc' dir='ltr'><strong>εἰς</strong></span> <span class='ocrx_word' id='word_1_231' title='bbox 1023 3309 1124 3379; x_wconf 83' lang='grc' dir='ltr'><strong>μὲν</strong></span> <span class='ocrx_word' id='word_1_232' title='bbox 1184 3311 1245 3362; x_wconf 78' lang='grc' dir='ltr'><strong>τὸ</strong></span> <span class='ocrx_word' id='word_1_233' title='bbox 1301 3311 1630 3364; x_wconf 78' lang='grc' dir='ltr'><strong>Μακεδόνων</strong></span> <span class='ocrx_word' id='word_1_234' title='bbox 1683 3310 1836 3375; x_wconf 78' lang='grc' dir='ltr'><strong>ἔθνος</strong></span> <span class='ocrx_word' id='word_1_235' title='bbox 1882 3312 2135 3377; x_wconf 77' lang='grc' dir='ltr'>τελοῦσα,</span> 
     </span>
    </p>
   </div>
   <div class='ocr_carea' id='block_1_36' title="bbox 551 3391 2138 3467">
    <p class='ocr_par' dir='ltr' id='par_1_36' title="bbox 551 3391 2138 3467">
     <span class='ocr_line' id='line_1_36' title="bbox 551 3391 2138 3467; baseline 0.005 -25"><span class='ocrx_word' id='word_1_236' title='bbox 551 3391 836 3462; x_wconf 74' lang='grc' dir='ltr'><strong>ἡγουμένη</strong></span> <span class='ocrx_word' id='word_1_237' title='bbox 866 3392 922 3447; x_wconf 83' lang='grc' dir='ltr'><strong>δὲ</strong></span> <span class='ocrx_word' id='word_1_238' title='bbox 954 3392 1050 3447; x_wconf 77' lang='grc' dir='ltr'><strong>καὶ</strong></span> <span class='ocrx_word' id='word_1_239' title='bbox 1090 3393 1388 3456; x_wconf 82' lang='grc' dir='ltr'><strong>Θετταλίας</strong></span> <span class='ocrx_word' id='word_1_240' title='bbox 1438 3395 1530 3447; x_wconf 76' lang='grc' dir='ltr'>καὶ</span> <span class='ocrx_word' id='word_1_241' title='bbox 1571 3394 1798 3463; x_wconf 79' lang='grc' dir='ltr'>Ἀχαΐας</span> <span class='ocrx_word' id='word_1_242' title='bbox 1833 3396 1928 3448; x_wconf 73' lang='lat' dir='ltr'><strong>xui.</strong></span> <span class='ocrx_word' id='word_1_243' title='bbox 1956 3398 2138 3467; x_wconf 84' lang='grc' dir='ltr'><strong>μέντοι</strong></span> 
     </span>
    </p>
   </div>
   <div class='ocr_carea' id='block_1_37' title="bbox 553 3476 2138 3551">
    <p class='ocr_par' dir='ltr' id='par_1_37' title="bbox 553 3476 2138 3551">
     <span class='ocr_line' id='line_1_37' title="bbox 553 3476 2138 3551; baseline 0.004 -26"><span class='ocrx_word' id='word_1_244' title='bbox 553 3476 652 3527; x_wconf 79' lang='grc' dir='ltr'><strong>καὶ</strong></span> <span class='ocrx_word' id='word_1_245' title='bbox 689 3476 867 3529; x_wconf 78' lang='grc' dir='ltr'>ἄλλων</span> <span class='ocrx_word' id='word_1_246' title='bbox 891 3476 1233 3547; x_wconf 81' lang='grc' dir='ltr'><strong>παμπόλλων</strong></span> <span class='ocrx_word' id='word_1_247' title='bbox 1266 3477 1458 3543; x_wconf 74' lang='grc' dir='ltr'><strong>ἐθνῶν,</strong></span> <span class='ocrx_word' id='word_1_248' title='bbox 1488 3479 1589 3531; x_wconf 79' lang='grc' dir='ltr'><strong>ὅσα</strong></span> <span class='ocrx_word' id='word_1_249' title='bbox 1615 3479 1724 3531; x_wconf 83' lang='grc' dir='ltr'><strong>τῶν</strong></span> <span class='ocrx_word' id='word_1_250' title='bbox 1742 3480 2015 3551; x_wconf 75' lang='grc' dir='ltr'><strong>Ίλλυρῑων</strong></span> <span class='ocrx_word' id='word_1_251' title='bbox 2047 3482 2138 3533; x_wconf 65' lang='grc' dir='ltr'><strong>τὸν</strong></span> 
     </span>
    </p>
   </div>
   <div class='ocr_carea' id='block_1_38' title="bbox 553 3557 2138 3631">
    <p class='ocr_par' dir='ltr' id='par_1_38' title="bbox 553 3557 2138 3631">
     <span class='ocr_line' id='line_1_38' title="bbox 553 3557 2138 3631; baseline 0.004 -23"><span class='ocrx_word' id='word_1_252' title='bbox 553 3557 803 3629; x_wconf 73' lang='grc' dir='ltr'><strong>ὕπαρχον</strong></span> <span class='ocrx_word' id='word_1_253' title='bbox 844 3559 1148 3631; x_wconf 81' lang='grc' dir='ltr'>ἡγούμενον</span> <span class='ocrx_word' id='word_1_254' title='bbox 1203 3560 1338 3630; x_wconf 81' lang='grc' dir='ltr'>ἔχει.</span> <span class='ocrx_word' id='word_1_255' title='bbox 1378 3561 1509 3617; x_wconf 69' lang='lat' dir='ltr'><strong>Vide</strong></span> <span class='ocrx_word' id='word_1_256' title='bbox 1542 3561 1708 3617; x_wconf 89' lang='lat' dir='ltr'><strong>Ilenr.</strong></span> <span class='ocrx_word' id='word_1_257' title='bbox 1756 3562 2030 3618; x_wconf 86' lang='lat' dir='ltr'><strong>Valesiqu</strong></span> <span class='ocrx_word' id='word_1_258' title='bbox 2072 3563 2138 3615; x_wconf 86' lang='lat' dir='ltr'><strong>ad</strong></span> 
     </span>
    </p>
   </div>
   <div class='ocr_carea' id='block_1_39' title="bbox 549 3640 2140 3708">
    <p class='ocr_par' dir='ltr' id='par_1_39' title="bbox 549 3640 2140 3708">
     <span class='ocr_line' id='line_1_39' title="bbox 549 3640 2140 3708; baseline 0.003 -14"><span class='ocrx_word' id='word_1_259' title='bbox 549 3640 830 3696; x_wconf 77' lang='lat' dir='ltr'><strong>Socratem</strong></span> <span class='ocrx_word' id='word_1_260' title='bbox 884 3642 955 3697; x_wconf 84' lang='grc' dir='ltr'><strong>ΙΙ.</strong></span> <span class='ocrx_word' id='word_1_261' title='bbox 989 3642 1057 3699; x_wconf 77' lang='grc' dir='ltr'><em>Ε.</em></span> <span class='ocrx_word' id='word_1_262' title='bbox 1085 3662 1139 3707; x_wconf 89' lang='lat' dir='ltr'><strong>v,</strong></span> <span class='ocrx_word' id='word_1_263' title='bbox 1176 3644 1265 3708; x_wconf 86' lang='lat' dir='ltr'><strong>II,</strong></span> <span class='ocrx_word' id='word_1_264' title='bbox 1297 3655 1351 3699; x_wconf 91' lang='lat' dir='ltr'><strong>et</strong></span> <span class='ocrx_word' id='word_1_265' title='bbox 1385 3643 1444 3700; x_wconf 90' lang='lat' dir='ltr'><strong>P.</strong></span> <span class='ocrx_word' id='word_1_266' title='bbox 1478 3646 1546 3700; x_wconf 90' lang='lat' dir='ltr'><strong>de</strong></span> <span class='ocrx_word' id='word_1_267' title='bbox 1583 3644 1761 3700; x_wconf 83' lang='lat' dir='ltr'><strong>Marea</strong></span> <span class='ocrx_word' id='word_1_268' title='bbox 1815 3644 2042 3702; x_wconf 84' lang='lat' dir='ltr'><strong>Dissert.</strong></span> <span class='ocrx_word' id='word_1_269' title='bbox 2076 3647 2140 3700; x_wconf 82' lang='lat' dir='ltr'><strong>de</strong></span> 
     </span>
    </p>
   </div>
   <div class='ocr_carea' id='block_1_40' title="bbox 554 3725 1092 3793">
    <p class='ocr_par' dir='ltr' id='par_1_40' title="bbox 554 3725 1092 3793">
     <span class='ocr_line' id='line_1_40' title="bbox 554 3725 1092 3793; baseline 0.007 -15"><span class='ocrx_word' id='word_1_270' title='bbox 554 3725 840 3782; x_wconf 84' lang='lat' dir='ltr'><strong>l&#39;rimatib.</strong></span> <span class='ocrx_word' id='word_1_271' title='bbox 867 3727 958 3793; x_wconf 78' lang='lat'><strong>&#39;57,</strong></span> <span class='ocrx_word' id='word_1_272' title='bbox 985 3739 1092 3785; x_wconf 92' lang='lat' dir='ltr'><strong>etc.</strong></span> 
     </span>
    </p>
   </div>
   <div class='ocr_carea' id='block_1_41' title="bbox 623 3824 2142 3896">
    <p class='ocr_par' dir='ltr' id='par_1_41' title="bbox 623 3824 2142 3896">
     <span class='ocr_line' id='line_1_41' title="bbox 623 3824 2142 3896; baseline 0.003 -15"><span class='ocrx_word' id='word_1_273' title='bbox 623 3824 1093 3896; x_wconf 70' lang='lat' dir='ltr'><strong>Ibid.Ei‘ipw:rog.</strong></span> <span class='ocrx_word' id='word_1_274' title='bbox 1143 3829 1269 3884; x_wconf 77' lang='lat' dir='ltr'><strong>Dna:</strong></span> <span class='ocrx_word' id='word_1_275' title='bbox 1312 3839 1440 3884; x_wconf 91' lang='lat' dir='ltr'><strong>sunt</strong></span> <span class='ocrx_word' id='word_1_276' title='bbox 1480 3830 1583 3885; x_wconf 92' lang='lat' dir='ltr'><strong>hoc</strong></span> <span class='ocrx_word' id='word_1_277' title='bbox 1628 3831 1847 3886; x_wconf 88' lang='lat' dir='ltr'><strong>nomine</strong></span> <span class='ocrx_word' id='word_1_278' title='bbox 1873 3830 1927 3883; x_wconf 93' lang='lat' dir='ltr'><strong>iu</strong></span> <span class='ocrx_word' id='word_1_279' title='bbox 1965 3828 2142 3886; x_wconf 81' lang='lat' dir='ltr'><strong>Mace-</strong></span> 
     </span>
    </p>
   </div>
   <div class='ocr_carea' id='block_1_42' title="bbox 548 3909 2139 3982">
    <p class='ocr_par' dir='ltr' id='par_1_42' title="bbox 548 3909 2139 3982">
     <span class='ocr_line' id='line_1_42' title="bbox 548 3909 2139 3982; baseline 0.006 -25"><span class='ocrx_word' id='word_1_280' title='bbox 548 3909 713 3963; x_wconf 86' lang='lat' dir='ltr'><strong>donia</strong></span> <span class='ocrx_word' id='word_1_281' title='bbox 744 3912 1015 3976; x_wconf 80' lang='lat' dir='ltr'><strong>civitates,</strong></span> <span class='ocrx_word' id='word_1_282' title='bbox 1042 3913 1211 3968; x_wconf 82' lang='lat' dir='ltr'><strong>altera</strong></span> <span class='ocrx_word' id='word_1_283' title='bbox 1244 3914 1295 3966; x_wconf 91' lang='lat' dir='ltr'><strong>in</strong></span> <span class='ocrx_word' id='word_1_284' title='bbox 1328 3914 1612 3982; x_wconf 85' lang='lat' dir='ltr'><strong>Almopiis,</strong></span> <span class='ocrx_word' id='word_1_285' title='bbox 1646 3914 1815 3969; x_wconf 82' lang='lat' dir='ltr'><strong>altera</strong></span> <span class='ocrx_word' id='word_1_286' title='bbox 1853 3914 1919 3967; x_wconf 91' lang='lat' dir='ltr'><strong>ad</strong></span> <span class='ocrx_word' id='word_1_287' title='bbox 1945 3913 2139 3968; x_wconf 83' lang='lat' dir='ltr'><strong>Axium</strong></span> 
     </span>
    </p>
   </div>
   <div class='ocr_carea' id='block_1_43' title="bbox 552 3991 2139 4064">
    <p class='ocr_par' dir='ltr' id='par_1_43' title="bbox 552 3991 2139 4064">
     <span class='ocr_line' id='line_1_43' title="bbox 552 3991 2139 4064; baseline 0.004 -21"><span class='ocrx_word' id='word_1_288' title='bbox 552 3993 775 4047; x_wconf 65' lang='lat' dir='ltr'><strong>nomen.</strong></span> <span class='ocrx_word' id='word_1_289' title='bbox 813 3991 1055 4064; x_wconf 85' lang='lat' dir='ltr'><strong>Utraque</strong></span> <span class='ocrx_word' id='word_1_290' title='bbox 1094 4010 1158 4049; x_wconf 72' lang='lat' dir='ltr'><strong>ex</strong></span> <span class='ocrx_word' id='word_1_291' title='bbox 1195 3996 1490 4054; x_wconf 61' lang='lat' dir='ltr'><strong>Ptolemaeo</strong></span> <span class='ocrx_word' id='word_1_292' title='bbox 1536 4008 1590 4054; x_wconf 86' lang='lat' dir='ltr'><strong>et</strong></span> <span class='ocrx_word' id='word_1_293' title='bbox 1639 3996 1813 4052; x_wconf 84' lang='lat' dir='ltr'><strong>Plinio</strong></span> <span class='ocrx_word' id='word_1_294' title='bbox 1859 3997 2139 4052; x_wconf 84' lang='lat' dir='ltr'><strong>notissima</strong></span> 
     </span>
    </p>
   </div>
   <div class='ocr_carea' id='block_1_44' title="bbox 553 4074 1340 4149">
    <p class='ocr_par' dir='ltr' id='par_1_44' title="bbox 553 4074 1340 4149">
     <span class='ocr_line' id='line_1_44' title="bbox 553 4074 1340 4149; baseline 0.01 -23"><span class='ocrx_word' id='word_1_295' title='bbox 553 4086 657 4130; x_wconf 71' lang='lat' dir='ltr'><strong>est.</strong></span> <span class='ocrx_word' id='word_1_296' title='bbox 696 4074 815 4131; x_wconf 77' lang='lat' dir='ltr'><strong>Mox</strong></span> <span class='ocrx_word' id='word_1_297' title='bbox 844 4076 967 4130; x_wconf 81' lang='grc' dir='ltr'>Δίον</span> <span class='ocrx_word' id='word_1_298' title='bbox 997 4081 1340 4149; x_wconf 71' lang='lat' dir='ltr'><strong>prmstiterit,</strong></span> 
     </span>
    </p>
   </div>
   <div class='ocr_carea' id='block_1_45' title="bbox 630 4172 2139 4247">
    <p class='ocr_par' dir='ltr' id='par_1_45' title="bbox 630 4172 2139 4247">
     <span class='ocr_line' id='line_1_45' title="bbox 630 4172 2139 4247; baseline 0.007 -21"><span class='ocrx_word' id='word_1_299' title='bbox 630 4172 762 4228; x_wconf 91' lang='lat' dir='ltr'><strong>Ibid.</strong></span> <span class='ocrx_word' id='word_1_300' title='bbox 800 4176 1073 4244; x_wconf 80' lang='grc' dir='ltr'><strong>Βεῤῥοία.</strong></span> <span class='ocrx_word' id='word_1_301' title='bbox 1102 4175 1190 4231; x_wconf 79' lang='lat' dir='ltr'><strong>Sic</strong></span> <span class='ocrx_word' id='word_1_302' title='bbox 1219 4177 1634 4242; x_wconf 78' lang='lat' dir='ltr'><strong>Constantinus,</strong></span> <span class='ocrx_word' id='word_1_303' title='bbox 1667 4177 1758 4233; x_wconf 89' lang='lat' dir='ltr'><strong>lib.</strong></span> <span class='ocrx_word' id='word_1_304' title='bbox 1793 4195 1831 4235; x_wconf 86' lang='grc' dir='ltr'><strong>ιι</strong></span> <span class='ocrx_word' id='word_1_305' title='bbox 1866 4179 2045 4236; x_wconf 87' lang='lat' dir='ltr'><strong>Them.</strong></span> <span class='ocrx_word' id='word_1_306' title='bbox 2071 4182 2139 4247; x_wconf 73' lang='lat'><strong>2;</strong></span> 
     </span>
    </p>
   </div>
   <div class='ocr_carea' id='block_1_46' title="bbox 552 4258 1393 4326">
    <p class='ocr_par' dir='ltr' id='par_1_46' title="bbox 552 4258 1393 4326">
     <span class='ocr_line' id='line_1_46' title="bbox 552 4258 1393 4326; baseline 0.006 -16"><span class='ocrx_word' id='word_1_307' title='bbox 552 4273 662 4326; x_wconf 84' lang='lat' dir='ltr'><strong>qua</strong></span> <span class='ocrx_word' id='word_1_308' title='bbox 694 4258 760 4313; x_wconf 89' lang='lat' dir='ltr'><strong>de</strong></span> <span class='ocrx_word' id='word_1_309' title='bbox 793 4274 850 4313; x_wconf 89' lang='lat' dir='ltr'><strong>re</strong></span> <span class='ocrx_word' id='word_1_310' title='bbox 879 4260 1084 4314; x_wconf 89' lang='lat' dir='ltr'><strong>dictum</strong></span> <span class='ocrx_word' id='word_1_311' title='bbox 1117 4261 1251 4315; x_wconf 80' lang='lat' dir='ltr'><strong>alias</strong></span> <span class='ocrx_word' id='word_1_312' title='bbox 1290 4272 1393 4316; x_wconf 82' lang='lat' dir='ltr'><strong>est.</strong></span> 
     </span>
    </p>
   </div>
   <div class='ocr_carea' id='block_1_47' title="bbox 625 4353 2138 4433">
    <p class='ocr_par' dir='ltr' id='par_1_47' title="bbox 625 4353 2138 4433">
     <span class='ocr_line' id='line_1_47' title="bbox 625 4353 2138 4433; baseline 0.007 -26"><span class='ocrx_word' id='word_1_313' title='bbox 625 4353 1068 4424; x_wconf 66' lang='lat' dir='ltr'><strong>Ihid.’Eop(&#39;fa’a.</strong></span> <span class='ocrx_word' id='word_1_314' title='bbox 1106 4357 1217 4413; x_wconf 85' lang='lat' dir='ltr'><strong>IIoc</strong></span> <span class='ocrx_word' id='word_1_315' title='bbox 1252 4369 1308 4413; x_wconf 92' lang='lat' dir='ltr'><strong>ut</strong></span> <span class='ocrx_word' id='word_1_316' title='bbox 1341 4359 1525 4414; x_wconf 86' lang='lat' dir='ltr'><strong>verius</strong></span> <span class='ocrx_word' id='word_1_317' title='bbox 1556 4360 1623 4415; x_wconf 90' lang='lat' dir='ltr'><strong>ob</strong></span> <span class='ocrx_word' id='word_1_318' title='bbox 1651 4359 1958 4433; x_wconf 83' lang='lat' dir='ltr'><strong>Polybium,</strong></span> <span class='ocrx_word' id='word_1_319' title='bbox 2005 4378 2138 4423; x_wconf 71' lang='grc' dir='ltr'>λνςι,</span> 
     </span>
    </p>
   </div>
   <div class='ocr_carea' id='block_1_48' title="bbox 555 4438 2139 4516">
    <p class='ocr_par' dir='ltr' id='par_1_48' title="bbox 555 4438 2139 4516">
     <span class='ocr_line' id='line_1_48' title="bbox 555 4438 2139 4516; baseline 0.004 -23"><span class='ocrx_word' id='word_1_320' title='bbox 555 4438 625 4494; x_wconf 79' lang='lat' dir='ltr'><strong>I9</strong></span> <span class='ocrx_word' id='word_1_321' title='bbox 686 4439 844 4510; x_wconf 79' lang='lat' dir='ltr'><strong>elegi.</strong></span> <span class='ocrx_word' id='word_1_322' title='bbox 902 4439 1073 4512; x_wconf 76' lang='lat' dir='ltr'><strong>Vulgo</strong></span> <span class='ocrx_word' id='word_1_323' title='bbox 1136 4442 1382 4514; x_wconf 78' lang='grc' dir='ltr'>Ἐορδέα,</span> <span class='ocrx_word' id='word_1_324' title='bbox 1447 4443 1810 4499; x_wconf 84' lang='lat' dir='ltr'><strong>Constantino</strong></span> <span class='ocrx_word' id='word_1_325' title='bbox 1851 4445 2139 4516; x_wconf 76' lang='grc' dir='ltr'>Ἐορδαῖοι.</span> 
     </span>
    </p>
   </div>
   <div class='ocr_carea' id='block_1_49' title="bbox 553 4519 2142 4592">
    <p class='ocr_par' dir='ltr' id='par_1_49' title="bbox 553 4519 2142 4592">
     <span class='ocr_line' id='line_1_49' title="bbox 553 4519 2142 4592; baseline 0.007 -20"><span class='ocrx_word' id='word_1_326' title='bbox 553 4519 815 4592; x_wconf 72' lang='lat' dir='ltr'><strong>Hegionis</strong></span> <span class='ocrx_word' id='word_1_327' title='bbox 857 4534 940 4578; x_wconf 86' lang='lat' dir='ltr'><strong>est</strong></span> <span class='ocrx_word' id='word_1_328' title='bbox 983 4523 1311 4580; x_wconf 62' lang='lat' dir='ltr'><strong>Macedoniae</strong></span> <span class='ocrx_word' id='word_1_329' title='bbox 1364 4541 1583 4592; x_wconf 89' lang='lat' dir='ltr'><strong>nomen,</strong></span> <span class='ocrx_word' id='word_1_330' title='bbox 1632 4542 1736 4582; x_wconf 93' lang='lat' dir='ltr'><strong>non</strong></span> <span class='ocrx_word' id='word_1_331' title='bbox 1788 4529 1985 4584; x_wconf 89' lang='lat' dir='ltr'><strong>urbis:</strong></span> <span class='ocrx_word' id='word_1_332' title='bbox 2019 4544 2142 4583; x_wconf 83' lang='lat' dir='ltr'><strong>nam</strong></span> 
     </span>
    </p>
   </div>
   <div class='ocr_carea' id='block_1_50' title="bbox 550 4602 2142 4677">
    <p class='ocr_par' dir='ltr' id='par_1_50' title="bbox 550 4602 2142 4677">
     <span class='ocr_line' id='line_1_50' title="bbox 550 4602 2142 4677; baseline 0.004 -20"><span class='ocrx_word' id='word_1_333' title='bbox 550 4605 639 4657; x_wconf 83' lang='lat' dir='ltr'><strong>.Io.</strong></span> <span class='ocrx_word' id='word_1_334' title='bbox 659 4602 964 4662; x_wconf 85' lang='lat' dir='ltr'><strong>Harduinus</strong></span> <span class='ocrx_word' id='word_1_335' title='bbox 994 4609 1061 4662; x_wconf 93' lang='lat' dir='ltr'><strong>ad</strong></span> <span class='ocrx_word' id='word_1_336' title='bbox 1097 4608 1258 4662; x_wconf 88' lang='lat' dir='ltr'><strong>Plinii</strong></span> <span class='ocrx_word' id='word_1_337' title='bbox 1287 4609 1321 4664; x_wconf 94' lang='lat' dir='ltr'><strong>l.</strong></span> <span class='ocrx_word' id='word_1_338' title='bbox 1354 4624 1430 4673; x_wconf 82' lang='lat' dir='ltr'><strong>Iv,</strong></span> <span class='ocrx_word' id='word_1_339' title='bbox 1458 4625 1509 4665; x_wconf 91' lang='lat' dir='ltr'><strong>c.</strong></span> <span class='ocrx_word' id='word_1_340' title='bbox 1544 4612 1628 4677; x_wconf 84' lang='grc'><strong>10,</strong></span> <span class='ocrx_word' id='word_1_341' title='bbox 1659 4610 1922 4666; x_wconf 79' lang='lat' dir='ltr'><strong>Eordeam</strong></span> <span class='ocrx_word' id='word_1_342' title='bbox 1952 4613 2142 4667; x_wconf 89' lang='lat' dir='ltr'><strong>urbem</strong></span> 
     </span>
    </p>
   </div>
   <div class='ocr_carea' id='block_1_51' title="bbox 551 4687 2144 4752">
    <p class='ocr_par' dir='ltr' id='par_1_51' title="bbox 551 4687 2144 4752">
     <span class='ocr_line' id='line_1_51' title="bbox 551 4687 2144 4752; baseline 0.008 -13"><span class='ocrx_word' id='word_1_343' title='bbox 551 4704 621 4743; x_wconf 80' lang='lat' dir='ltr'><strong>ex</strong></span> <span class='ocrx_word' id='word_1_344' title='bbox 654 4687 807 4743; x_wconf 84' lang='lat' dir='ltr'><strong>Livio</strong></span> <span class='ocrx_word' id='word_1_345' title='bbox 844 4704 1151 4747; x_wconf 87' lang='lat' dir='ltr'><strong>memorans</strong></span> <span class='ocrx_word' id='word_1_346' title='bbox 1191 4709 1219 4746; x_wconf 91' lang='lat' dir='ltr'><strong>a</strong></span> <span class='ocrx_word' id='word_1_347' title='bbox 1270 4708 1398 4749; x_wconf 85' lang='lat' dir='ltr'><strong>vero</strong></span> <span class='ocrx_word' id='word_1_348' title='bbox 1440 4697 1737 4749; x_wconf 83' lang='lat' dir='ltr'><strong>aberravit.</strong></span> <span class='ocrx_word' id='word_1_349' title='bbox 1802 4694 1941 4751; x_wconf 87' lang='lat' dir='ltr'><strong>Vide</strong></span> <span class='ocrx_word' id='word_1_350' title='bbox 1982 4695 2144 4752; x_wconf 91' lang='lat' dir='ltr'><strong>modo</strong></span> 
     </span>
    </p>
   </div>
   <div class='ocr_carea' id='block_1_52' title="bbox 554 4775 2145 4847">
    <p class='ocr_par' dir='ltr' id='par_1_52' title="bbox 554 4775 2145 4847">
     <span class='ocr_line' id='line_1_52' title="bbox 554 4775 2145 4847; baseline 0.008 -24"><span class='ocrx_word' id='word_1_351' title='bbox 554 4775 991 4838; x_wconf 63' lang='lat' dir='ltr'><strong>prmstantissimi</strong></span> <span class='ocrx_word' id='word_1_352' title='bbox 1052 4778 1340 4847; x_wconf 78' lang='lat' dir='ltr'><strong>scriptoris</strong></span> <span class='ocrx_word' id='word_1_353' title='bbox 1390 4777 1426 4832; x_wconf 95' lang='lat' dir='ltr'><strong>l.</strong></span> <span class='ocrx_word' id='word_1_354' title='bbox 1477 4795 1627 4843; x_wconf 76' lang='lat' dir='ltr'><strong>xxxr,</strong></span> <span class='ocrx_word' id='word_1_355' title='bbox 1676 4794 1728 4834; x_wconf 91' lang='lat' dir='ltr'><strong>c.</strong></span> <span class='ocrx_word' id='word_1_356' title='bbox 1768 4779 1837 4834; x_wconf 84' lang='lat'><strong>59</strong></span> <span class='ocrx_word' id='word_1_357' title='bbox 1880 4790 1927 4833; x_wconf 91' lang='lat' dir='ltr'><strong>et</strong></span> <span class='ocrx_word' id='word_1_358' title='bbox 1966 4780 2053 4842; x_wconf 73' lang='grc'><strong>40.</strong></span> <span class='ocrx_word' id='word_1_359' title='bbox 2090 4791 2145 4835; x_wconf 91' lang='lat' dir='ltr'><strong>et</strong></span> 
     </span>
    </p>
   </div>
   <div class='ocr_carea' id='block_1_53' title="bbox 486 4855 2142 4934">
    <p class='ocr_par' dir='ltr' id='par_1_53' title="bbox 486 4855 2142 4934">
     <span class='ocr_line' id='line_1_53' title="bbox 486 4855 2142 4934; baseline 0.007 -27"><span class='ocrx_word' id='word_1_360' title='bbox 486 4864 499 4869; x_wconf 83' lang='lat'><strong>‘</strong></span> <span class='ocrx_word' id='word_1_361' title='bbox 557 4855 594 4908; x_wconf 94' lang='lat' dir='ltr'><strong>I.</strong></span> <span class='ocrx_word' id='word_1_362' title='bbox 628 4870 760 4919; x_wconf 81' lang='lat' dir='ltr'><strong>Lm,</strong></span> <span class='ocrx_word' id='word_1_363' title='bbox 806 4873 856 4912; x_wconf 90' lang='lat' dir='ltr'><strong>c.</strong></span> <span class='ocrx_word' id='word_1_364' title='bbox 888 4859 981 4924; x_wconf 69' lang='lat'><strong>55,</strong></span> <span class='ocrx_word' id='word_1_365' title='bbox 1004 4870 1060 4914; x_wconf 88' lang='lat' dir='ltr'><strong>et</strong></span> <span class='ocrx_word' id='word_1_366' title='bbox 1085 4861 1215 4916; x_wconf 89' lang='lat' dir='ltr'><strong>nihil</strong></span> <span class='ocrx_word' id='word_1_367' title='bbox 1251 4862 1542 4921; x_wconf 81' lang='lat' dir='ltr'><strong>dubitabis.</strong></span> <span class='ocrx_word' id='word_1_368' title='bbox 1590 4863 1807 4934; x_wconf 78' lang='grc' dir='ltr'>Ἐορδὶα</span> <span class='ocrx_word' id='word_1_369' title='bbox 1838 4862 2142 4934; x_wconf 80' lang='lat' dir='ltr'><strong>Thucydidi</strong></span> 
     </span>
    </p>
   </div>
   <div class='ocr_carea' id='block_1_54' title="bbox 558 4940 741 5005">
    <p class='ocr_par' dir='ltr' id='par_1_54' title="bbox 558 4940 741 5005">
     <span class='ocr_line' id='line_1_54' title="bbox 558 4940 741 5005; baseline 0.005 -11"><span class='ocrx_word' id='word_1_370' title='bbox 558 4954 619 5005; x_wconf 92' lang='grc' dir='ltr'>ιι,</span> <span class='ocrx_word' id='word_1_371' title='bbox 649 4940 741 4995; x_wconf 91' lang='grc'>99.</span> 
     </span>
    </p>
   </div>
   <div class='ocr_carea' id='block_1_55' title="bbox 629 5035 2146 5121">
    <p class='ocr_par' dir='ltr' id='par_1_55' title="bbox 629 5035 2146 5121">
     <span class='ocr_line' id='line_1_55' title="bbox 629 5035 2146 5121; baseline 0.008 -32"><span class='ocrx_word' id='word_1_372' title='bbox 629 5035 767 5094; x_wconf 91' lang='lat' dir='ltr'><strong>Ibid.</strong></span> <span class='ocrx_word' id='word_1_373' title='bbox 805 5040 1030 5110; x_wconf 74' lang='grc' dir='ltr'><em>Κέλλη.</em></span> <span class='ocrx_word' id='word_1_374' title='bbox 1055 5042 1234 5099; x_wconf 88' lang='lat' dir='ltr'><strong>Placet</strong></span> <span class='ocrx_word' id='word_1_375' title='bbox 1259 5044 1363 5121; x_wconf 83' lang='lat' dir='ltr'><strong>hoc</strong></span> <span class='ocrx_word' id='word_1_376' title='bbox 1389 5052 1587 5113; x_wconf 71' lang='lat' dir='ltr'><strong>prmter</strong></span> <span class='ocrx_word' id='word_1_377' title='bbox 1620 5060 1752 5101; x_wconf 88' lang='lat' dir='ltr'><strong>mss.</strong></span> <span class='ocrx_word' id='word_1_378' title='bbox 1785 5044 2146 5101; x_wconf 78' lang='lat' dir='ltr'><strong>Consmutino</strong></span> 
     </span>
    </p>
   </div>
   <div class='ocr_carea' id='block_1_56' title="bbox 559 5124 2148 5201">
    <p class='ocr_par' dir='ltr' id='par_1_56' title="bbox 559 5124 2148 5201">
     <span class='ocr_line' id='line_1_56' title="bbox 559 5124 2148 5201; baseline 0.008 -26"><span class='ocrx_word' id='word_1_379' title='bbox 559 5124 908 5194; x_wconf 81' lang='lat' dir='ltr'><strong>imperatori;</strong></span> <span class='ocrx_word' id='word_1_380' title='bbox 962 5146 1135 5199; x_wconf 86' lang='lat' dir='ltr'><strong>neque</strong></span> <span class='ocrx_word' id='word_1_381' title='bbox 1184 5146 1285 5198; x_wconf 72' lang='lat' dir='ltr'><strong>ego</strong></span> <span class='ocrx_word' id='word_1_382' title='bbox 1325 5146 1422 5201; x_wconf 88' lang='lat' dir='ltr'><strong>pro</strong></span> <span class='ocrx_word' id='word_1_383' title='bbox 1475 5129 1702 5198; x_wconf 77' lang='lat' dir='ltr'><strong>rejiculo</strong></span> <span class='ocrx_word' id='word_1_384' title='bbox 1753 5132 2036 5187; x_wconf 82' lang='lat' dir='ltr'><strong>habuerim</strong></span> <span class='ocrx_word' id='word_1_385' title='bbox 2079 5135 2148 5187; x_wconf 90' lang='lat' dir='ltr'><strong>ob</strong></span> 
     </span>
    </p>
   </div>
   <div class='ocr_carea' id='block_1_57' title="bbox 557 5208 1523 5285">
    <p class='ocr_par' dir='ltr' id='par_1_57' title="bbox 557 5208 1523 5285">
     <span class='ocr_line' id='line_1_57' title="bbox 557 5208 1523 5285; baseline 0.008 -24"><span class='ocrx_word' id='word_1_386' title='bbox 557 5208 737 5266; x_wconf 80' lang='lat' dir='ltr'><strong>Cellas</strong></span> <span class='ocrx_word' id='word_1_387' title='bbox 770 5210 903 5266; x_wconf 87' lang='lat' dir='ltr'><strong>Itin.</strong></span> <span class='ocrx_word' id='word_1_388' title='bbox 946 5213 1015 5267; x_wconf 89' lang='grc' dir='ltr'><strong>ΙΙ.</strong></span> <span class='ocrx_word' id='word_1_389' title='bbox 1055 5230 1106 5283; x_wconf 87' lang='lat' dir='ltr'><strong>p.</strong></span> <span class='ocrx_word' id='word_1_390' title='bbox 1135 5214 1259 5269; x_wconf 80' lang='grc'><strong>606.</strong></span> <span class='ocrx_word' id='word_1_391' title='bbox 1493 5266 1523 5285; x_wconf 51' lang='grc' dir='ltr'>ν</span> 
     </span>
    </p>
   </div>
   <div class='ocr_carea' id='block_1_58' title="bbox 630 5303 2145 5380">
    <p class='ocr_par' dir='ltr' id='par_1_58' title="bbox 630 5303 2145 5380">
     <span class='ocr_line' id='line_1_58' title="bbox 630 5303 2145 5380; baseline 0.006 -22"><span class='ocrx_word' id='word_1_392' title='bbox 630 5303 766 5363; x_wconf 84' lang='lat' dir='ltr'><strong>Ibid.</strong></span> <span class='ocrx_word' id='word_1_393' title='bbox 820 5309 1149 5380; x_wconf 71' lang='grc' dir='ltr'><strong>Ἀλμωπία.</strong></span> <span class='ocrx_word' id='word_1_394' title='bbox 1180 5311 1325 5366; x_wconf 82' lang='lat' dir='ltr'><strong>Bene</strong></span> <span class='ocrx_word' id='word_1_395' title='bbox 1367 5311 1441 5366; x_wconf 85' lang='lat' dir='ltr'><strong>ita</strong></span> <span class='ocrx_word' id='word_1_396' title='bbox 1479 5312 1719 5367; x_wconf 77' lang='lat' dir='ltr'><strong>correxit</strong></span> <span class='ocrx_word' id='word_1_397' title='bbox 1748 5310 2064 5369; x_wconf 81' lang='lat' dir='ltr'><strong>Ilarduinus</strong></span> <span class='ocrx_word' id='word_1_398' title='bbox 2095 5315 2145 5368; x_wconf 92' lang='lat' dir='ltr'><strong>iu</strong></span> 
     </span>
    </p>
   </div>
   <div class='ocr_carea' id='block_1_59' title="bbox 560 5387 2149 5469">
    <p class='ocr_par' dir='ltr' id='par_1_59' title="bbox 560 5387 2149 5469">
     <span class='ocr_line' id='line_1_59' title="bbox 560 5387 2149 5469; baseline 0.009 -29"><span class='ocrx_word' id='word_1_399' title='bbox 560 5387 720 5444; x_wconf 87' lang='lat' dir='ltr'><strong>Plinii</strong></span> <span class='ocrx_word' id='word_1_400' title='bbox 751 5391 787 5445; x_wconf 91' lang='lat' dir='ltr'><strong>I.</strong></span> <span class='ocrx_word' id='word_1_401' title='bbox 820 5408 894 5455; x_wconf 82' lang='grc' dir='ltr'><strong>ιν,</strong></span> <span class='ocrx_word' id='word_1_402' title='bbox 918 5408 967 5447; x_wconf 88' lang='lat' dir='ltr'><strong>e.</strong></span> <span class='ocrx_word' id='word_1_403' title='bbox 996 5395 1083 5450; x_wconf 90' lang='lat' dir='ltr'><strong>I0.</strong></span> <span class='ocrx_word' id='word_1_404' title='bbox 1117 5393 1376 5459; x_wconf 70' lang='lat' dir='ltr'><strong>Regionis</strong></span> <span class='ocrx_word' id='word_1_405' title='bbox 1410 5411 1605 5452; x_wconf 90' lang='lat' dir='ltr'><strong>nomen</strong></span> <span class='ocrx_word' id='word_1_406' title='bbox 1640 5406 1744 5464; x_wconf 84' lang='lat' dir='ltr'><strong>est,</strong></span> <span class='ocrx_word' id='word_1_407' title='bbox 1771 5398 1927 5469; x_wconf 79' lang='lat' dir='ltr'><strong>cujus</strong></span> <span class='ocrx_word' id='word_1_408' title='bbox 1958 5399 2149 5455; x_wconf 74' lang='lat' dir='ltr'><strong>incola:</strong></span> 
     </span>
    </p>
   </div>
   <div class='ocr_carea' id='block_1_60' title="bbox 564 5473 1415 5548">
    <p class='ocr_par' dir='ltr' id='par_1_60' title="bbox 564 5473 1415 5548">
     <span class='ocr_line' id='line_1_60' title="bbox 564 5473 1415 5548; baseline 0.007 -21"><span class='ocrx_word' id='word_1_409' title='bbox 564 5473 865 5545; x_wconf 70' lang='grc' dir='ltr'><strong>’Δλμωπεζ</strong></span> <span class='ocrx_word' id='word_1_410' title='bbox 896 5475 1199 5548; x_wconf 78' lang='lat' dir='ltr'><strong>Thucydidi</strong></span> <span class='ocrx_word' id='word_1_411' title='bbox 1236 5495 1292 5546; x_wconf 86' lang='lat' dir='ltr'><strong>tt,</strong></span> <span class='ocrx_word' id='word_1_412' title='bbox 1326 5480 1415 5536; x_wconf 84' lang='lat'><strong>99.</strong></span> 
     </span>
    </p>
   </div>
   <div class='ocr_carea' id='block_1_61' title="bbox 634 5571 2149 5644">
    <p class='ocr_par' dir='ltr' id='par_1_61' title="bbox 634 5571 2149 5644">
     <span class='ocr_line' id='line_1_61' title="bbox 634 5571 2149 5644; baseline 0.011 -21"><span class='ocrx_word' id='word_1_413' title='bbox 634 5571 771 5628; x_wconf 89' lang='lat' dir='ltr'><strong>Ibid.</strong></span> <span class='ocrx_word' id='word_1_414' title='bbox 807 5574 1104 5644; x_wconf 78' lang='grc' dir='ltr'><strong>Λάρισσα.</strong></span> <span class='ocrx_word' id='word_1_415' title='bbox 1147 5576 1411 5634; x_wconf 80' lang='lat' dir='ltr'><strong>Exsulare</strong></span> <span class='ocrx_word' id='word_1_416' title='bbox 1468 5580 1610 5635; x_wconf 87' lang='lat' dir='ltr'><strong>hanc</strong></span> <span class='ocrx_word' id='word_1_417' title='bbox 1660 5596 1728 5637; x_wconf 82' lang='lat' dir='ltr'><strong>ex</strong></span> <span class='ocrx_word' id='word_1_418' title='bbox 1787 5582 2149 5639; x_wconf 84' lang='lat' dir='ltr'><strong>Constantino</strong></span> 
     </span>
    </p>
   </div>
   <div class='ocr_carea' id='block_1_62' title="bbox 561 5654 2151 5730">
    <p class='ocr_par' dir='ltr' id='par_1_62' title="bbox 561 5654 2151 5730">
     <span class='ocr_line' id='line_1_62' title="bbox 561 5654 2151 5730; baseline 0.01 -24"><span class='ocrx_word' id='word_1_419' title='bbox 561 5654 600 5709; x_wconf 93' lang='lat' dir='ltr'><strong>I.</strong></span> <span class='ocrx_word' id='word_1_420' title='bbox 630 5672 666 5712; x_wconf 90' lang='grc' dir='ltr'><strong>ιι</strong></span> <span class='ocrx_word' id='word_1_421' title='bbox 704 5655 885 5712; x_wconf 86' lang='lat' dir='ltr'><strong>Thcm.</strong></span> <span class='ocrx_word' id='word_1_422' title='bbox 929 5660 996 5726; x_wconf 71' lang='lat'><strong>2,</strong></span> <span class='ocrx_word' id='word_1_423' title='bbox 1054 5664 1143 5716; x_wconf 88' lang='lat' dir='ltr'><strong>ubi</strong></span> <span class='ocrx_word' id='word_1_424' title='bbox 1186 5661 1465 5719; x_wconf 81' lang='lat' dir='ltr'><strong>Ilierocles</strong></span> <span class='ocrx_word' id='word_1_425' title='bbox 1516 5667 1871 5730; x_wconf 75' lang='lat' dir='ltr'><strong>exscrihitur,</strong></span> <span class='ocrx_word' id='word_1_426' title='bbox 1943 5670 2151 5723; x_wconf 90' lang='lat' dir='ltr'><strong>monuit</strong></span> 
     </span>
    </p>
   </div>
   <div class='ocr_carea' id='block_1_63' title="bbox 567 5737 2151 5821">
    <p class='ocr_par' dir='ltr' id='par_1_63' title="bbox 567 5737 2151 5821">
     <span class='ocr_line' id='line_1_63' title="bbox 567 5737 2151 5821; baseline 0.011 -30"><span class='ocrx_word' id='word_1_427' title='bbox 567 5737 629 5821; x_wconf 63' lang='grc' dir='ltr'>ιι.</span> <span class='ocrx_word' id='word_1_428' title='bbox 665 5737 999 5801; x_wconf 86' lang='lat' dir='ltr'><strong>IIosteinius.</strong></span> <span class='ocrx_word' id='word_1_429' title='bbox 1047 5746 1208 5802; x_wconf 84' lang='lat' dir='ltr'><strong>Forte</strong></span> <span class='ocrx_word' id='word_1_430' title='bbox 1255 5766 1361 5805; x_wconf 92' lang='lat' dir='ltr'><strong>non</strong></span> <span class='ocrx_word' id='word_1_431' title='bbox 1398 5752 1578 5805; x_wconf 84' lang='lat' dir='ltr'><strong>male:</strong></span> <span class='ocrx_word' id='word_1_432' title='bbox 1619 5768 1792 5821; x_wconf 86' lang='lat' dir='ltr'><strong>neque</strong></span> <span class='ocrx_word' id='word_1_433' title='bbox 1827 5753 1969 5807; x_wconf 89' lang='lat' dir='ltr'><strong>enim</strong></span> <span class='ocrx_word' id='word_1_434' title='bbox 2010 5765 2151 5809; x_wconf 83' lang='lat' dir='ltr'><strong>tuter</strong></span> 
     </span>
    </p>
   </div>
   <div class='ocr_carea' id='block_1_64' title="bbox 567 5820 2153 5904">
    <p class='ocr_par' dir='ltr' id='par_1_64' title="bbox 567 5820 2153 5904">
     <span class='ocr_line' id='line_1_64' title="bbox 567 5820 2153 5904; baseline 0.013 -34"><span class='ocrx_word' id='word_1_435' title='bbox 567 5820 838 5904; x_wconf 52' lang='lat' dir='ltr'><strong>tarissas,</strong></span> <span class='ocrx_word' id='word_1_436' title='bbox 870 5844 1003 5896; x_wconf 83' lang='lat' dir='ltr'><strong>quas</strong></span> <span class='ocrx_word' id='word_1_437' title='bbox 1027 5833 1348 5889; x_wconf 79' lang='lat' dir='ltr'><strong>scholiastcs</strong></span> <span class='ocrx_word' id='word_1_438' title='bbox 1368 5836 1635 5903; x_wconf 84' lang='lat' dir='ltr'><strong>Apollonii</strong></span> <span class='ocrx_word' id='word_1_439' title='bbox 1670 5835 1891 5902; x_wconf 82' lang='lat' dir='ltr'><strong>Rhodii,</strong></span> <span class='ocrx_word' id='word_1_440' title='bbox 1925 5839 2072 5904; x_wconf 55' lang='lat'><strong>1.1.0,</strong></span> <span class='ocrx_word' id='word_1_441' title='bbox 2098 5851 2153 5891; x_wconf 73' lang='lat' dir='ltr'><strong>et</strong></span> 
     </span>
    </p>
   </div>
   <div class='ocr_carea' id='block_1_65' title="bbox 572 5903 2146 5992">
    <p class='ocr_par' dir='ltr' id='par_1_65' title="bbox 572 5903 2146 5992">
     <span class='ocr_line' id='line_1_65' title="bbox 572 5903 2146 5992; baseline 0.008 -19"><span class='ocrx_word' id='word_1_442' title='bbox 572 5903 879 5973; x_wconf 66' lang='lat' dir='ltr'><strong>smi‘hanus</strong></span> <span class='ocrx_word' id='word_1_443' title='bbox 917 5929 1255 5987; x_wconf 85' lang='lat' dir='ltr'><strong>enumerant,</strong></span> <span class='ocrx_word' id='word_1_444' title='bbox 1290 5921 1396 5976; x_wconf 86' lang='lat' dir='ltr'><strong>ulla</strong></span> <span class='ocrx_word' id='word_1_445' title='bbox 1432 5934 1510 5978; x_wconf 68' lang='lat' dir='ltr'><strong>est</strong></span> <span class='ocrx_word' id='word_1_446' title='bbox 1543 5939 1661 5992; x_wconf 78' lang='lat' dir='ltr'><strong>qua:</strong></span> <span class='ocrx_word' id='word_1_447' title='bbox 1689 5925 1753 5980; x_wconf 85' lang='lat' dir='ltr'><strong>ad</strong></span> <span class='ocrx_word' id='word_1_448' title='bbox 1778 5903 2146 5985; x_wconf 62' lang='lat' dir='ltr'><strong>Macedoniam</strong></span> 
     </span>
    </p>
   </div>
   <div class='ocr_carea' id='block_1_66' title="bbox 1601 416 2785 481">
    <p class='ocr_par' dir='ltr' id='par_1_66' title="bbox 1601 416 2785 481">
     <span class='ocr_line' id='line_1_66' title="bbox 1601 416 2785 481; baseline -0.004 1"><span class='ocrx_word' id='word_1_449' title='bbox 1601 420 1981 481; x_wconf 83' lang='lat' dir='ltr'><strong>ADDENDA.</strong></span> <span class='ocrx_word' id='word_1_450' title='bbox 2028 441 2093 452; x_wconf 85' lang='lat'><strong>--</strong></span> <span class='ocrx_word' id='word_1_451' title='bbox 2140 416 2208 478; x_wconf 80' lang='grc' dir='ltr'><em>Ρ.</em></span> <span class='ocrx_word' id='word_1_452' title='bbox 2266 418 2785 478; x_wconf 79' lang='lat' dir='ltr'><strong>WESSELINGII</strong></span> 
     </span>
    </p>
   </div>
   <div class='ocr_carea' id='block_1_67' title="bbox 3685 416 3837 483">
    <p class='ocr_par' dir='ltr' id='par_1_67' title="bbox 3685 416 3837 483">
     <span class='ocr_line' id='line_1_67' title="bbox 3685 416 3837 483; baseline -0.007 -3"><span class='ocrx_word' id='word_1_453' title='bbox 3685 416 3837 483; x_wconf 61' lang='lat' dir='ltr'><strong>108i</strong></span> 
     </span>
    </p>
   </div>
   <div class='ocr_carea' id='block_1_68' title="bbox 2237 528 3831 606">
    <p class='ocr_par' dir='ltr' id='par_1_68' title="bbox 2237 528 3831 606">
     <span class='ocr_line' id='line_1_68' title="bbox 2237 528 3831 606; baseline 0.005 -24"><span class='ocrx_word' id='word_1_454' title='bbox 2237 530 2375 588; x_wconf 90' lang='lat' dir='ltr'><strong>hanc</strong></span> <span class='ocrx_word' id='word_1_455' title='bbox 2413 533 2602 589; x_wconf 78' lang='lat' dir='ltr'><strong>referri</strong></span> <span class='ocrx_word' id='word_1_456' title='bbox 2644 528 2858 604; x_wconf 80' lang='lat' dir='ltr'><strong>possit:</strong></span> <span class='ocrx_word' id='word_1_457' title='bbox 2901 535 3004 593; x_wconf 89' lang='lat' dir='ltr'><strong>uisi</strong></span> <span class='ocrx_word' id='word_1_458' title='bbox 3050 535 3095 592; x_wconf 88' lang='lat' dir='ltr'><strong>si</strong></span> <span class='ocrx_word' id='word_1_459' title='bbox 3134 549 3197 591; x_wconf 86' lang='lat' dir='ltr'><strong>ea</strong></span> <span class='ocrx_word' id='word_1_460' title='bbox 3245 533 3407 591; x_wconf 79' lang='lat' dir='ltr'><strong>fuerit</strong></span> <span class='ocrx_word' id='word_1_461' title='bbox 3438 550 3603 606; x_wconf 71' lang='lat' dir='ltr'><strong>quam</strong></span> <span class='ocrx_word' id='word_1_462' title='bbox 3640 535 3730 591; x_wconf 91' lang='lat' dir='ltr'><strong>hic</strong></span> <span class='ocrx_word' id='word_1_463' title='bbox 3773 537 3831 590; x_wconf 84' lang='lat' dir='ltr'><strong>in</strong></span> 
     </span>
    </p>
   </div>
   <div class='ocr_carea' id='block_1_69' title="bbox 2235 615 2667 675">
    <p class='ocr_par' dir='ltr' id='par_1_69' title="bbox 2235 615 2667 675">
     <span class='ocr_line' id='line_1_69' title="bbox 2235 615 2667 675; baseline 0.019 -8"><span class='ocrx_word' id='word_1_464' title='bbox 2235 615 2371 670; x_wconf 67' lang='lat' dir='ltr'><strong>Ossa</strong></span> <span class='ocrx_word' id='word_1_465' title='bbox 2413 618 2667 675; x_wconf 85' lang='lat' dir='ltr'><strong>collocat.</strong></span> 
     </span>
    </p>
   </div>
   <div class='ocr_carea' id='block_1_70' title="bbox 2310 700 3831 771">
    <p class='ocr_par' dir='ltr' id='par_1_70' title="bbox 2310 700 3831 771">
     <span class='ocr_line' id='line_1_70' title="bbox 2310 700 3831 771; baseline 0.005 -17"><span class='ocrx_word' id='word_1_466' title='bbox 2310 700 2445 757; x_wconf 90' lang='lat' dir='ltr'><strong>Ibid.</strong></span> <span class='ocrx_word' id='word_1_467' title='bbox 2495 704 2757 759; x_wconf 78' lang='grc' dir='ltr'><strong>Λάκκου.</strong></span> <span class='ocrx_word' id='word_1_468' title='bbox 2807 702 2921 759; x_wconf 86' lang='lat' dir='ltr'><strong>IIoc</strong></span> <span class='ocrx_word' id='word_1_469' title='bbox 2965 703 3383 771; x_wconf 87' lang='lat' dir='ltr'><strong>Constantinus,</strong></span> <span class='ocrx_word' id='word_1_470' title='bbox 3423 705 3641 760; x_wconf 85' lang='grc' dir='ltr'>Λαὸκου</span> <span class='ocrx_word' id='word_1_471' title='bbox 3689 722 3831 761; x_wconf 81' lang='lat' dir='ltr'><strong>mss.</strong></span> 
     </span>
    </p>
   </div>
   <div class='ocr_carea' id='block_1_71' title="bbox 2235 783 3829 856">
    <p class='ocr_par' dir='ltr' id='par_1_71' title="bbox 2235 783 3829 856">
     <span class='ocr_line' id='line_1_71' title="bbox 2235 783 3829 856; baseline 0.003 -19"><span class='ocrx_word' id='word_1_472' title='bbox 2235 783 2529 851; x_wconf 76' lang='lat' dir='ltr'><strong>pra-ferunt</strong></span> <span class='ocrx_word' id='word_1_473' title='bbox 2556 804 2569 840; x_wconf 92' lang='lat'><strong>:</strong></span> <span class='ocrx_word' id='word_1_474' title='bbox 2600 798 2780 842; x_wconf 89' lang='lat' dir='ltr'><strong>utrum</strong></span> <span class='ocrx_word' id='word_1_475' title='bbox 2813 788 2998 845; x_wconf 82' lang='lat' dir='ltr'><strong>verius</strong></span> <span class='ocrx_word' id='word_1_476' title='bbox 3044 790 3139 856; x_wconf 88' lang='lat' dir='ltr'><strong>sit,</strong></span> <span class='ocrx_word' id='word_1_477' title='bbox 3189 804 3298 844; x_wconf 87' lang='lat' dir='ltr'><strong>non</strong></span> <span class='ocrx_word' id='word_1_478' title='bbox 3355 800 3560 846; x_wconf 87' lang='lat' dir='ltr'><strong>temere</strong></span> <span class='ocrx_word' id='word_1_479' title='bbox 3604 790 3829 844; x_wconf 76' lang='lat' dir='ltr'><strong>dixero.</strong></span> 
     </span>
    </p>
   </div>
   <div class='ocr_carea' id='block_1_72' title="bbox 2237 865 3835 945">
    <p class='ocr_par' dir='ltr' id='par_1_72' title="bbox 2237 865 3835 945">
     <span class='ocr_line' id='line_1_72' title="bbox 2237 865 3835 945; baseline 0.004 -26"><span class='ocrx_word' id='word_1_480' title='bbox 2237 865 2445 923; x_wconf 85' lang='lat' dir='ltr'><strong>Tamen</strong></span> <span class='ocrx_word' id='word_1_481' title='bbox 2476 870 2673 941; x_wconf 84' lang='lat' dir='ltr'><strong>ecquid</strong></span> <span class='ocrx_word' id='word_1_482' title='bbox 2713 871 2837 927; x_wconf 90' lang='lat' dir='ltr'><strong>inde</strong></span> <span class='ocrx_word' id='word_1_483' title='bbox 2865 872 3111 945; x_wconf 81' lang='lat' dir='ltr'><strong>exsculpi</strong></span> <span class='ocrx_word' id='word_1_484' title='bbox 3144 872 3317 943; x_wconf 89' lang='lat' dir='ltr'><strong>possit</strong></span> <span class='ocrx_word' id='word_1_485' title='bbox 3355 887 3682 941; x_wconf 65' lang='lat' dir='ltr'><strong>quaeramus.</strong></span> <span class='ocrx_word' id='word_1_486' title='bbox 3723 872 3835 925; x_wconf 86' lang='lat' dir='ltr'><strong>In—</strong></span> 
     </span>
    </p>
   </div>
   <div class='ocr_carea' id='block_1_73' title="bbox 2239 950 3832 1024">
    <p class='ocr_par' dir='ltr' id='par_1_73' title="bbox 2239 950 3832 1024">
     <span class='ocr_line' id='line_1_73' title="bbox 2239 950 3832 1024; baseline 0.003 -21"><span class='ocrx_word' id='word_1_487' title='bbox 2239 950 2582 1020; x_wconf 73' lang='lat' dir='ltr'><strong>telligrndam</strong></span> <span class='ocrx_word' id='word_1_488' title='bbox 2630 969 2751 1010; x_wconf 92' lang='lat' dir='ltr'><strong>esse</strong></span> <span class='ocrx_word' id='word_1_489' title='bbox 2787 954 3101 1013; x_wconf 80' lang='lat' dir='ltr'><strong>Heracleam</strong></span> <span class='ocrx_word' id='word_1_490' title='bbox 3148 955 3475 1024; x_wconf 68' lang='lat' dir='ltr'><strong>Pelagoniae,</strong></span> <span class='ocrx_word' id='word_1_491' title='bbox 3533 956 3832 1012; x_wconf 85' lang='lat' dir='ltr'><strong>concilium</strong></span> 
     </span>
    </p>
   </div>
   <div class='ocr_carea' id='block_1_74' title="bbox 2236 1032 3881 1108">
    <p class='ocr_par' dir='ltr' id='par_1_74' title="bbox 2236 1032 3881 1108">
     <span class='ocr_line' id='line_1_74' title="bbox 2236 1032 3881 1108; baseline 0.003 -20"><span class='ocrx_word' id='word_1_492' title='bbox 2236 1032 2651 1108; x_wconf 84' lang='lat' dir='ltr'><strong>Constantinop.</strong></span> <span class='ocrx_word' id='word_1_493' title='bbox 2690 1042 2991 1095; x_wconf 88' lang='lat' dir='ltr'><strong>secundum</strong></span> <span class='ocrx_word' id='word_1_494' title='bbox 3024 1042 3267 1097; x_wconf 87' lang='lat' dir='ltr'><strong>ostendit</strong></span> <span class='ocrx_word' id='word_1_495' title='bbox 3300 1057 3313 1094; x_wconf 94' lang='lat'><strong>:</strong></span> <span class='ocrx_word' id='word_1_496' title='bbox 3342 1040 3635 1096; x_wconf 72' lang='lat' dir='ltr'><strong>subscribit</strong></span> <span class='ocrx_word' id='word_1_497' title='bbox 3674 1042 3830 1096; x_wconf 86' lang='lat' dir='ltr'><strong>enim</strong></span> <span class='ocrx_word' id='word_1_498' title='bbox 3865 1050 3881 1063; x_wconf 64' lang='grc' dir='ltr'><em>δ</em></span> 
     </span>
    </p>
   </div>
   <div class='ocr_carea' id='block_1_75' title="bbox 2239 1119 3832 1196">
    <p class='ocr_par' dir='ltr' id='par_1_75' title="bbox 2239 1119 3832 1196">
     <span class='ocr_line' id='line_1_75' title="bbox 2239 1119 3832 1196; baseline 0.002 -24"><span class='ocrx_word' id='word_1_499' title='bbox 2239 1119 2419 1175; x_wconf 86' lang='lat' dir='ltr'><strong>collat.</strong></span> <span class='ocrx_word' id='word_1_500' title='bbox 2452 1120 2513 1182; x_wconf 88' lang='lat'><strong>8.</strong></span> <span class='ocrx_word' id='word_1_501' title='bbox 2550 1138 2603 1191; x_wconf 91' lang='lat' dir='ltr'><strong>p.</strong></span> <span class='ocrx_word' id='word_1_502' title='bbox 2638 1123 2764 1187; x_wconf 67' lang='lat'><strong>528,</strong></span> <span class='ocrx_word' id='word_1_503' title='bbox 2802 1123 3066 1196; x_wconf 81' lang='lat' dir='ltr'><strong>Benignus</strong></span> <span class='ocrx_word' id='word_1_504' title='bbox 3121 1125 3526 1180; x_wconf 78' lang='lat' dir='ltr'><strong>Ileracleotanaz</strong></span> <span class='ocrx_word' id='word_1_505' title='bbox 3570 1125 3832 1186; x_wconf 73' lang='lat' dir='ltr'><strong>civitatis,</strong></span> 
     </span>
    </p>
   </div>
   <div class='ocr_carea' id='block_1_76' title="bbox 2240 1206 3835 1279">
    <p class='ocr_par' dir='ltr' id='par_1_76' title="bbox 2240 1206 3835 1279">
     <span class='ocr_line' id='line_1_76' title="bbox 2240 1206 3835 1279; baseline 0.004 -24"><span class='ocrx_word' id='word_1_506' title='bbox 2240 1219 2354 1270; x_wconf 75' lang='lat' dir='ltr'><strong>ante</strong></span> <span class='ocrx_word' id='word_1_507' title='bbox 2379 1214 2453 1258; x_wconf 80' lang='lat' dir='ltr'><strong>est</strong></span> <span class='ocrx_word' id='word_1_508' title='bbox 2493 1206 2680 1274; x_wconf 72' lang='lat' dir='ltr'><strong>primm</strong></span> <span class='ocrx_word' id='word_1_509' title='bbox 2716 1206 3074 1274; x_wconf 77' lang='lat' dir='ltr'><strong>Macedoniw,</strong></span> <span class='ocrx_word' id='word_1_510' title='bbox 3115 1211 3423 1279; x_wconf 78' lang='lat' dir='ltr'><strong>episcopus,</strong></span> <span class='ocrx_word' id='word_1_511' title='bbox 3464 1211 3629 1264; x_wconf 79' lang='lat' dir='ltr'><strong>vicem</strong></span> <span class='ocrx_word' id='word_1_512' title='bbox 3664 1225 3835 1278; x_wconf 72' lang='lat' dir='ltr'><strong>agens</strong></span> 
     </span>
    </p>
   </div>
   <div class='ocr_carea' id='block_1_77' title="bbox 2242 1283 3839 1361">
    <p class='ocr_par' dir='ltr' id='par_1_77' title="bbox 2242 1283 3839 1361">
     <span class='ocr_line' id='line_1_77' title="bbox 2242 1283 3839 1361; baseline 0.008 -25"><span class='ocrx_word' id='word_1_513' title='bbox 2242 1283 2378 1341; x_wconf 75' lang='lat' dir='ltr'><strong>Elite</strong></span> <span class='ocrx_word' id='word_1_514' title='bbox 2414 1290 2803 1361; x_wconf 77' lang='lat' dir='ltr'><strong>archiepiscopi</strong></span> <span class='ocrx_word' id='word_1_515' title='bbox 2836 1290 3387 1348; x_wconf 78' lang='lat' dir='ltr'><strong>Thessalonicensium</strong></span> <span class='ocrx_word' id='word_1_516' title='bbox 3421 1294 3684 1357; x_wconf 73' lang='lat' dir='ltr'><strong>civitatis;</strong></span> <span class='ocrx_word' id='word_1_517' title='bbox 3736 1293 3839 1360; x_wconf 78' lang='lat' dir='ltr'><strong>qni</strong></span> 
     </span>
    </p>
   </div>
   <div class='ocr_carea' id='block_1_78' title="bbox 2238 1370 3835 1447">
    <p class='ocr_par' dir='ltr' id='par_1_78' title="bbox 2238 1370 3835 1447">
     <span class='ocr_line' id='line_1_78' title="bbox 2238 1370 3835 1447; baseline 0.004 -23"><span class='ocrx_word' id='word_1_518' title='bbox 2238 1370 2432 1426; x_wconf 82' lang='lat' dir='ltr'><strong>Collat.</strong></span> <span class='ocrx_word' id='word_1_519' title='bbox 2464 1372 2776 1444; x_wconf 82' lang='lat' dir='ltr'><strong>IBeuignus</strong></span> <span class='ocrx_word' id='word_1_520' title='bbox 2804 1374 3080 1432; x_wconf 72' lang='lat' dir='ltr'><strong>Heraclea:</strong></span> <span class='ocrx_word' id='word_1_521' title='bbox 3103 1376 3407 1447; x_wconf 73' lang='lat' dir='ltr'><strong>Pelagonia:</strong></span> <span class='ocrx_word' id='word_1_522' title='bbox 3438 1377 3655 1431; x_wconf 89' lang='lat' dir='ltr'><strong>dicitur.</strong></span> <span class='ocrx_word' id='word_1_523' title='bbox 3677 1375 3835 1431; x_wconf 87' lang='lat' dir='ltr'><strong>Nihil</strong></span> 
     </span>
    </p>
   </div>
   <div class='ocr_carea' id='block_1_79' title="bbox 2242 1452 3831 1529">
    <p class='ocr_par' dir='ltr' id='par_1_79' title="bbox 2242 1452 3831 1529">
     <span class='ocr_line' id='line_1_79' title="bbox 2242 1452 3831 1529; baseline 0.005 -24"><span class='ocrx_word' id='word_1_524' title='bbox 2242 1452 2499 1510; x_wconf 88' lang='lat' dir='ltr'><strong>llcraclea</strong></span> <span class='ocrx_word' id='word_1_525' title='bbox 2534 1456 2652 1511; x_wconf 61' lang='lat' dir='ltr'><strong>hare</strong></span> <span class='ocrx_word' id='word_1_526' title='bbox 2675 1459 2949 1528; x_wconf 86' lang='lat' dir='ltr'><strong>discrepat</strong></span> <span class='ocrx_word' id='word_1_527' title='bbox 2978 1460 3045 1514; x_wconf 87' lang='lat' dir='ltr'><strong>ab</strong></span> <span class='ocrx_word' id='word_1_528' title='bbox 3074 1460 3163 1515; x_wconf 90' lang='lat' dir='ltr'><strong>illa</strong></span> <span class='ocrx_word' id='word_1_529' title='bbox 3192 1474 3356 1529; x_wconf 89' lang='lat' dir='ltr'><strong>quam</strong></span> <span class='ocrx_word' id='word_1_530' title='bbox 3375 1458 3722 1526; x_wconf 63' lang='lat' dir='ltr'><strong>Ptolemaeus,</strong></span> <span class='ocrx_word' id='word_1_531' title='bbox 3746 1476 3831 1523; x_wconf 85' lang='grc' dir='ltr'>ιιι,</span> 
     </span>
    </p>
   </div>
   <div class='ocr_carea' id='block_1_80' title="bbox 2241 1538 3836 1615">
    <p class='ocr_par' dir='ltr' id='par_1_80' title="bbox 2241 1538 3836 1615">
     <span class='ocr_line' id='line_1_80' title="bbox 2241 1538 3836 1615; baseline 0.004 -24"><span class='ocrx_word' id='word_1_532' title='bbox 2241 1539 2309 1592; x_wconf 77' lang='lat' dir='ltr'><strong>l3</strong></span> <span class='ocrx_word' id='word_1_533' title='bbox 2342 1538 2394 1593; x_wconf 93' lang='lat' dir='ltr'><strong>in</strong></span> <span class='ocrx_word' id='word_1_534' title='bbox 2427 1538 2753 1610; x_wconf 84' lang='lat' dir='ltr'><strong>Lyncestide</strong></span> <span class='ocrx_word' id='word_1_535' title='bbox 2785 1544 2957 1611; x_wconf 87' lang='lat' dir='ltr'><strong>ponit,</strong></span> <span class='ocrx_word' id='word_1_536' title='bbox 3018 1545 3124 1599; x_wconf 85' lang='lat' dir='ltr'><strong>sita</strong></span> <span class='ocrx_word' id='word_1_537' title='bbox 3172 1544 3373 1615; x_wconf 86' lang='lat' dir='ltr'><strong>quippe</strong></span> <span class='ocrx_word' id='word_1_538' title='bbox 3431 1545 3485 1598; x_wconf 90' lang='lat' dir='ltr'><strong>in</strong></span> <span class='ocrx_word' id='word_1_539' title='bbox 3539 1545 3836 1611; x_wconf 84' lang='lat' dir='ltr'><strong>utriusque</strong></span> 
     </span>
    </p>
   </div>
   <div class='ocr_carea' id='block_1_81' title="bbox 2241 1624 3839 1697">
    <p class='ocr_par' dir='ltr' id='par_1_81' title="bbox 2241 1624 3839 1697">
     <span class='ocr_line' id='line_1_81' title="bbox 2241 1624 3839 1697; baseline 0.004 -22"><span class='ocrx_word' id='word_1_540' title='bbox 2241 1624 2477 1695; x_wconf 80' lang='lat' dir='ltr'><strong>regionis</strong></span> <span class='ocrx_word' id='word_1_541' title='bbox 2511 1625 2743 1691; x_wconf 84' lang='lat' dir='ltr'><strong>ﬁnibus;</strong></span> <span class='ocrx_word' id='word_1_542' title='bbox 2782 1643 2900 1697; x_wconf 71' lang='lat' dir='ltr'><strong>quze</strong></span> <span class='ocrx_word' id='word_1_543' title='bbox 2926 1643 3087 1684; x_wconf 84' lang='lat' dir='ltr'><strong>causa</strong></span> <span class='ocrx_word' id='word_1_544' title='bbox 3146 1638 3231 1683; x_wconf 91' lang='lat' dir='ltr'><strong>est</strong></span> <span class='ocrx_word' id='word_1_545' title='bbox 3273 1644 3370 1684; x_wconf 89' lang='lat' dir='ltr'><strong>cur</strong></span> <span class='ocrx_word' id='word_1_546' title='bbox 3398 1627 3667 1689; x_wconf 87' lang='lat' dir='ltr'><strong>Norisius,</strong></span> <span class='ocrx_word' id='word_1_547' title='bbox 3712 1627 3839 1682; x_wconf 79' lang='lat' dir='ltr'><strong>Dis-</strong></span> 
     </span>
    </p>
   </div>
   <div class='ocr_carea' id='block_1_82' title="bbox 2240 1708 3835 1780">
    <p class='ocr_par' dir='ltr' id='par_1_82' title="bbox 2240 1708 3835 1780">
     <span class='ocr_line' id='line_1_82' title="bbox 2240 1708 3835 1780; baseline 0.002 -18"><span class='ocrx_word' id='word_1_548' title='bbox 2240 1719 2367 1763; x_wconf 82' lang='lat' dir='ltr'><strong>sert.</strong></span> <span class='ocrx_word' id='word_1_549' title='bbox 2421 1711 2487 1763; x_wconf 86' lang='lat' dir='ltr'><strong>de</strong></span> <span class='ocrx_word' id='word_1_550' title='bbox 2529 1709 2745 1780; x_wconf 82' lang='lat' dir='ltr'><strong>Sgnodo</strong></span> <span class='ocrx_word' id='word_1_551' title='bbox 2784 1708 2849 1773; x_wconf 87' lang='lat' dir='ltr'><strong>V,</strong></span> <span class='ocrx_word' id='word_1_552' title='bbox 2879 1724 2935 1766; x_wconf 92' lang='lat' dir='ltr'><strong>ct</strong></span> <span class='ocrx_word' id='word_1_553' title='bbox 2976 1728 3078 1780; x_wconf 72' lang='lat' dir='ltr'><strong>ego</strong></span> <span class='ocrx_word' id='word_1_554' title='bbox 3124 1711 3287 1766; x_wconf 90' lang='lat' dir='ltr'><strong>nimis</strong></span> <span class='ocrx_word' id='word_1_555' title='bbox 3337 1711 3412 1766; x_wconf 89' lang='lat' dir='ltr'><strong>illi</strong></span> <span class='ocrx_word' id='word_1_556' title='bbox 3462 1710 3720 1767; x_wconf 87' lang='lat' dir='ltr'><strong>credulus</strong></span> <span class='ocrx_word' id='word_1_557' title='bbox 3762 1711 3835 1765; x_wconf 81' lang='lat' dir='ltr'><strong>ad</strong></span> 
     </span>
    </p>
   </div>
   <div class='ocr_carea' id='block_1_83' title="bbox 2242 1793 3835 1865">
    <p class='ocr_par' dir='ltr' id='par_1_83' title="bbox 2242 1793 3835 1865">
     <span class='ocr_line' id='line_1_83' title="bbox 2242 1793 3835 1865; baseline 0.001 -18"><span class='ocrx_word' id='word_1_558' title='bbox 2242 1797 2368 1848; x_wconf 88' lang='lat' dir='ltr'><strong>Ant.</strong></span> <span class='ocrx_word' id='word_1_559' title='bbox 2408 1793 2530 1850; x_wconf 90' lang='lat' dir='ltr'><strong>Itin.</strong></span> <span class='ocrx_word' id='word_1_560' title='bbox 2568 1811 2622 1865; x_wconf 91' lang='lat' dir='ltr'><strong>p.</strong></span> <span class='ocrx_word' id='word_1_561' title='bbox 2648 1796 2772 1857; x_wconf 82' lang='grc'><strong>519,</strong></span> <span class='ocrx_word' id='word_1_562' title='bbox 2799 1813 2866 1851; x_wconf 80' lang='lat' dir='ltr'><strong>ex</strong></span> <span class='ocrx_word' id='word_1_563' title='bbox 2894 1797 3043 1851; x_wconf 67' lang='lat' dir='ltr'><strong>Actis</strong></span> <span class='ocrx_word' id='word_1_564' title='bbox 3074 1796 3289 1851; x_wconf 82' lang='lat' dir='ltr'><strong>concilii</strong></span> <span class='ocrx_word' id='word_1_565' title='bbox 3316 1795 3651 1851; x_wconf 87' lang='lat' dir='ltr'><strong>Chalcedon.</strong></span> <span class='ocrx_word' id='word_1_566' title='bbox 3678 1810 3733 1864; x_wconf 88' lang='lat' dir='ltr'><strong>p.</strong></span> <span class='ocrx_word' id='word_1_567' title='bbox 3759 1795 3835 1851; x_wconf 86' lang='lat'><strong>98</strong></span> 
     </span>
    </p>
   </div>
   <div class='ocr_carea' id='block_1_84' title="bbox 2244 1876 3836 1950">
    <p class='ocr_par' dir='ltr' id='par_1_84' title="bbox 2244 1876 3836 1950">
     <span class='ocr_line' id='line_1_84' title="bbox 2244 1876 3836 1950; baseline 0 -22"><span class='ocrx_word' id='word_1_568' title='bbox 2244 1876 2551 1948; x_wconf 71' lang='lat' dir='ltr'><strong>Dionysium</strong></span> <span class='ocrx_word' id='word_1_569' title='bbox 2601 1881 2917 1950; x_wconf 88' lang='lat' dir='ltr'><strong>episcopmn</strong></span> <span class='ocrx_word' id='word_1_570' title='bbox 2962 1879 3240 1935; x_wconf 68' lang='lat' dir='ltr'><strong>Ileraclete</strong></span> <span class='ocrx_word' id='word_1_571' title='bbox 3273 1879 3659 1950; x_wconf 64' lang='lat' dir='ltr'><strong>Lyncestidum</strong></span> <span class='ocrx_word' id='word_1_572' title='bbox 3702 1879 3836 1932; x_wconf 76' lang='lat' dir='ltr'><strong>huic</strong></span> 
     </span>
    </p>
   </div>
   <div class='ocr_carea' id='block_1_85' title="bbox 2240 1960 3834 2030">
    <p class='ocr_par' dir='ltr' id='par_1_85' title="bbox 2240 1960 3834 2030">
     <span class='ocr_line' id='line_1_85' title="bbox 2240 1960 3834 2030; baseline 0.002 -17"><span class='ocrx_word' id='word_1_573' title='bbox 2240 1960 2362 2014; x_wconf 89' lang='lat' dir='ltr'><strong>urbi</strong></span> <span class='ocrx_word' id='word_1_574' title='bbox 2418 1961 2760 2030; x_wconf 70' lang='lat' dir='ltr'><strong>imposuerit,</strong></span> <span class='ocrx_word' id='word_1_575' title='bbox 2813 1963 2867 2017; x_wconf 91' lang='lat' dir='ltr'><strong>iu</strong></span> <span class='ocrx_word' id='word_1_576' title='bbox 2898 1979 3021 2017; x_wconf 86' lang='lat' dir='ltr'><strong>eum</strong></span> <span class='ocrx_word' id='word_1_577' title='bbox 3072 1978 3316 2019; x_wconf 89' lang='lat' dir='ltr'><strong>errorem</strong></span> <span class='ocrx_word' id='word_1_578' title='bbox 3368 1962 3562 2018; x_wconf 85' lang='lat' dir='ltr'><strong>Latina</strong></span> <span class='ocrx_word' id='word_1_579' title='bbox 3614 1961 3834 2017; x_wconf 89' lang='lat' dir='ltr'><strong>consilii</strong></span> 
     </span>
    </p>
   </div>
   <div class='ocr_carea' id='block_1_86' title="bbox 2239 2046 3837 2119">
    <p class='ocr_par' dir='ltr' id='par_1_86' title="bbox 2239 2046 3837 2119">
     <span class='ocr_line' id='line_1_86' title="bbox 2239 2046 3837 2119; baseline 0.003 -23"><span class='ocrx_word' id='word_1_580' title='bbox 2239 2046 2490 2102; x_wconf 76' lang='lat' dir='ltr'><strong>wrsione</strong></span> <span class='ocrx_word' id='word_1_581' title='bbox 2523 2047 2822 2116; x_wconf 86' lang='lat' dir='ltr'><strong>impulsus;</strong></span> <span class='ocrx_word' id='word_1_582' title='bbox 2858 2063 3033 2119; x_wconf 76' lang='lat' dir='ltr'><strong>neque</strong></span> <span class='ocrx_word' id='word_1_583' title='bbox 3074 2048 3219 2105; x_wconf 92' lang='lat' dir='ltr'><strong>cnim</strong></span> <span class='ocrx_word' id='word_1_584' title='bbox 3265 2049 3311 2103; x_wconf 87' lang='lat' dir='ltr'><strong>is</strong></span> <span class='ocrx_word' id='word_1_585' title='bbox 3350 2047 3627 2104; x_wconf 80' lang='lat' dir='ltr'><strong>Heraclea:</strong></span> <span class='ocrx_word' id='word_1_586' title='bbox 3662 2046 3837 2101; x_wconf 83' lang='lat' dir='ltr'><strong>Mace-</strong></span> 
     </span>
    </p>
   </div>
   <div class='ocr_carea' id='block_1_87' title="bbox 2241 2127 3843 2201">
    <p class='ocr_par' dir='ltr' id='par_1_87' title="bbox 2241 2127 3843 2201">
     <span class='ocr_line' id='line_1_87' title="bbox 2241 2127 3843 2201; baseline 0.002 -22"><span class='ocrx_word' id='word_1_587' title='bbox 2241 2127 2418 2185; x_wconf 72' lang='lat' dir='ltr'><strong>donim</strong></span> <span class='ocrx_word' id='word_1_588' title='bbox 2446 2131 2662 2201; x_wconf 73' lang='lat' dir='ltr'><strong>primm,</strong></span> <span class='ocrx_word' id='word_1_589' title='bbox 2695 2131 2779 2186; x_wconf 90' lang='lat' dir='ltr'><strong>cui</strong></span> <span class='ocrx_word' id='word_1_590' title='bbox 2810 2130 3276 2188; x_wconf 83' lang='lat' dir='ltr'><strong>Chalcedonensis</strong></span> <span class='ocrx_word' id='word_1_591' title='bbox 3307 2133 3525 2187; x_wconf 91' lang='lat' dir='ltr'><strong>concilii</strong></span> <span class='ocrx_word' id='word_1_592' title='bbox 3585 2141 3843 2200; x_wconf 82' lang='lat' dir='ltr'><strong>tempore</strong></span> 
     </span>
    </p>
   </div>
   <div class='ocr_carea' id='block_1_88' title="bbox 2241 2214 3835 2284">
    <p class='ocr_par' dir='ltr' id='par_1_88' title="bbox 2241 2214 3835 2284">
     <span class='ocr_line' id='line_1_88' title="bbox 2241 2214 3835 2284; baseline 0.002 -17"><span class='ocrx_word' id='word_1_593' title='bbox 2241 2214 2535 2278; x_wconf 80' lang='lat' dir='ltr'><strong>Quiutillus</strong></span> <span class='ocrx_word' id='word_1_594' title='bbox 2586 2224 2814 2284; x_wconf 76' lang='lat' dir='ltr'><strong>przeerat</strong></span> <span class='ocrx_word' id='word_1_595' title='bbox 2875 2230 2941 2271; x_wconf 83' lang='lat' dir='ltr'><strong>ex</strong></span> <span class='ocrx_word' id='word_1_596' title='bbox 3001 2216 3153 2272; x_wconf 85' lang='lat' dir='ltr'><strong>Actis</strong></span> <span class='ocrx_word' id='word_1_597' title='bbox 3219 2216 3578 2280; x_wconf 87' lang='lat' dir='ltr'><strong>notissimus,</strong></span> <span class='ocrx_word' id='word_1_598' title='bbox 3632 2216 3835 2283; x_wconf 88' lang='lat' dir='ltr'><strong>prasul</strong></span> 
     </span>
    </p>
   </div>
   <div class='ocr_carea' id='block_1_89' title="bbox 2243 2299 3835 2363">
    <p class='ocr_par' dir='ltr' id='par_1_89' title="bbox 2243 2299 3835 2363">
     <span class='ocr_line' id='line_1_89' title="bbox 2243 2299 3835 2363; baseline 0.001 -12"><span class='ocrx_word' id='word_1_599' title='bbox 2243 2299 2362 2360; x_wconf 79' lang='lat' dir='ltr'><strong>fuit,</strong></span> <span class='ocrx_word' id='word_1_600' title='bbox 2400 2300 2493 2355; x_wconf 87' lang='lat' dir='ltr'><strong>sed</strong></span> <span class='ocrx_word' id='word_1_601' title='bbox 2523 2299 2794 2356; x_wconf 73' lang='lat' dir='ltr'><strong>Ileraclem</strong></span> <span class='ocrx_word' id='word_1_602' title='bbox 2818 2300 2993 2355; x_wconf 89' lang='lat' dir='ltr'><strong>Latmi</strong></span> <span class='ocrx_word' id='word_1_603' title='bbox 3029 2303 3080 2355; x_wconf 90' lang='lat' dir='ltr'><strong>in</strong></span> <span class='ocrx_word' id='word_1_604' title='bbox 3111 2301 3292 2363; x_wconf 90' lang='lat' dir='ltr'><strong>Caria,</strong></span> <span class='ocrx_word' id='word_1_605' title='bbox 3323 2312 3376 2355; x_wconf 92' lang='lat' dir='ltr'><strong>ut</strong></span> <span class='ocrx_word' id='word_1_606' title='bbox 3400 2300 3585 2356; x_wconf 64' lang='lat' dir='ltr'><strong>Graeca</strong></span> <span class='ocrx_word' id='word_1_607' title='bbox 3617 2300 3748 2354; x_wconf 91' lang='lat' dir='ltr'><strong>inibi</strong></span> <span class='ocrx_word' id='word_1_608' title='bbox 3776 2308 3835 2354; x_wconf 87' lang='lat' dir='ltr'><strong>et</strong></span> 
     </span>
    </p>
   </div>
   <div class='ocr_carea' id='block_1_90' title="bbox 2243 2383 3831 2454">
    <p class='ocr_par' dir='ltr' id='par_1_90' title="bbox 2243 2383 3831 2454">
     <span class='ocr_line' id='line_1_90' title="bbox 2243 2383 3831 2454; baseline -0.001 -16"><span class='ocrx_word' id='word_1_609' title='bbox 2243 2400 2296 2454; x_wconf 79' lang='grc' dir='ltr'><strong>ι).</strong></span> <span class='ocrx_word' id='word_1_610' title='bbox 2341 2383 2448 2438; x_wconf 82' lang='grc'>667</span> <span class='ocrx_word' id='word_1_611' title='bbox 2480 2385 2745 2441; x_wconf 77' lang='lat' dir='ltr'><strong>iudiCant.</strong></span> <span class='ocrx_word' id='word_1_612' title='bbox 2791 2384 2910 2441; x_wconf 89' lang='lat' dir='ltr'><strong>.Iam</strong></span> <span class='ocrx_word' id='word_1_613' title='bbox 2950 2401 3071 2439; x_wconf 91' lang='lat' dir='ltr'><strong>cum</strong></span> <span class='ocrx_word' id='word_1_614' title='bbox 3105 2384 3363 2440; x_wconf 82' lang='lat' dir='ltr'><strong>IIeraclea</strong></span> <span class='ocrx_word' id='word_1_615' title='bbox 3398 2387 3514 2440; x_wconf 69' lang='lat' dir='ltr'><strong>hrcc</strong></span> <span class='ocrx_word' id='word_1_616' title='bbox 3546 2385 3831 2438; x_wconf 79' lang='grc' dir='ltr'><strong>ΛΥΝΚΗ-</strong></span> 
     </span>
    </p>
   </div>
   <div class='ocr_carea' id='block_1_91' title="bbox 2243 2467 3838 2540">
    <p class='ocr_par' dir='ltr' id='par_1_91' title="bbox 2243 2467 3838 2540">
     <span class='ocr_line' id='line_1_91' title="bbox 2243 2467 3838 2540; baseline 0.001 -20"><span class='ocrx_word' id='word_1_617' title='bbox 2243 2468 2483 2521; x_wconf 79' lang='grc' dir='ltr'><strong>ΣΊῚΔΟΣ</strong></span> <span class='ocrx_word' id='word_1_618' title='bbox 2515 2469 2790 2524; x_wconf 84' lang='lat' dir='ltr'><strong>diceretur</strong></span> <span class='ocrx_word' id='word_1_619' title='bbox 2813 2480 2867 2523; x_wconf 87' lang='lat' dir='ltr'><strong>et</strong></span> <span class='ocrx_word' id='word_1_620' title='bbox 2905 2467 3191 2538; x_wconf 83' lang='lat' dir='ltr'><strong>Pelagonia</strong></span> <span class='ocrx_word' id='word_1_621' title='bbox 3245 2467 3399 2540; x_wconf 81' lang='lat' dir='ltr'><strong>regio</strong></span> <span class='ocrx_word' id='word_1_622' title='bbox 3457 2470 3526 2522; x_wconf 90' lang='lat' dir='ltr'><strong>ab</strong></span> <span class='ocrx_word' id='word_1_623' title='bbox 3581 2467 3838 2522; x_wconf 85' lang='lat' dir='ltr'><strong>Ilieroelc</strong></span> 
     </span>
    </p>
   </div>
   <div class='ocr_carea' id='block_1_92' title="bbox 2244 2549 3839 2616">
    <p class='ocr_par' dir='ltr' id='par_1_92' title="bbox 2244 2549 3839 2616">
     <span class='ocr_line' id='line_1_92' title="bbox 2244 2549 3839 2616; baseline 0.001 -11"><span class='ocrx_word' id='word_1_624' title='bbox 2244 2552 2571 2607; x_wconf 66' lang='lat' dir='ltr'><strong>Macedonim</strong></span> <span class='ocrx_word' id='word_1_625' title='bbox 2610 2551 2864 2608; x_wconf 73' lang='lat' dir='ltr'><strong>secunda:</strong></span> <span class='ocrx_word' id='word_1_626' title='bbox 2904 2549 3286 2608; x_wconf 86' lang='lat' dir='ltr'><strong>contribuatur</strong></span> <span class='ocrx_word' id='word_1_627' title='bbox 3311 2593 3325 2616; x_wconf 92' lang='lat'><strong>,</strong></span> <span class='ocrx_word' id='word_1_628' title='bbox 3382 2552 3610 2608; x_wconf 78' lang='lat' dir='ltr'><strong>fortasse</strong></span> <span class='ocrx_word' id='word_1_629' title='bbox 3657 2552 3839 2606; x_wconf 73' lang='grc' dir='ltr'><strong>ΛΑΚ-</strong></span> 
     </span>
    </p>
   </div>
   <div class='ocr_carea' id='block_1_93' title="bbox 2243 2635 3837 2702">
    <p class='ocr_par' dir='ltr' id='par_1_93' title="bbox 2243 2635 3837 2702">
     <span class='ocr_line' id='line_1_93' title="bbox 2243 2635 3837 2702; baseline 0 -13"><span class='ocrx_word' id='word_1_630' title='bbox 2243 2637 2388 2689; x_wconf 82' lang='grc' dir='ltr'><strong>ΚΟΥ</strong></span> <span class='ocrx_word' id='word_1_631' title='bbox 2429 2637 2648 2690; x_wconf 75' lang='lat' dir='ltr'><strong>titulum</strong></span> <span class='ocrx_word' id='word_1_632' title='bbox 2677 2635 2803 2690; x_wconf 89' lang='lat' dir='ltr'><strong>inde</strong></span> <span class='ocrx_word' id='word_1_633' title='bbox 2826 2635 3035 2689; x_wconf 88' lang='lat' dir='ltr'><strong>librarii</strong></span> <span class='ocrx_word' id='word_1_634' title='bbox 3060 2674 3076 2702; x_wconf 91' lang='lat'><strong>,</strong></span> <span class='ocrx_word' id='word_1_635' title='bbox 3108 2650 3231 2690; x_wconf 88' lang='lat' dir='ltr'><strong>cum</strong></span> <span class='ocrx_word' id='word_1_636' title='bbox 3279 2636 3331 2691; x_wconf 90' lang='lat' dir='ltr'><strong>in</strong></span> <span class='ocrx_word' id='word_1_637' title='bbox 3366 2636 3561 2692; x_wconf 90' lang='lat' dir='ltr'><strong>mendo</strong></span> <span class='ocrx_word' id='word_1_638' title='bbox 3589 2638 3837 2691; x_wconf 86' lang='lat' dir='ltr'><strong>vocabu-</strong></span> 
     </span>
    </p>
   </div>
   <div class='ocr_carea' id='block_1_94' title="bbox 2244 2718 3599 2789">
    <p class='ocr_par' dir='ltr' id='par_1_94' title="bbox 2244 2718 3599 2789">
     <span class='ocr_line' id='line_1_94' title="bbox 2244 2718 3599 2789; baseline 0.001 -17"><span class='ocrx_word' id='word_1_639' title='bbox 2244 2720 2352 2773; x_wconf 90' lang='lat' dir='ltr'><strong>lum</strong></span> <span class='ocrx_word' id='word_1_640' title='bbox 2388 2728 2555 2784; x_wconf 86' lang='lat' dir='ltr'><strong>esset,</strong></span> <span class='ocrx_word' id='word_1_641' title='bbox 2588 2721 2748 2775; x_wconf 88' lang='lat' dir='ltr'><strong>nobis</strong></span> <span class='ocrx_word' id='word_1_642' title='bbox 2785 2718 3145 2789; x_wconf 88' lang='lat' dir='ltr'><strong>reliquerunt,</strong></span> <span class='ocrx_word' id='word_1_643' title='bbox 3184 2729 3240 2773; x_wconf 94' lang='lat' dir='ltr'><strong>ut</strong></span> <span class='ocrx_word' id='word_1_644' title='bbox 3273 2720 3441 2775; x_wconf 87' lang='lat' dir='ltr'><strong>multa</strong></span> <span class='ocrx_word' id='word_1_645' title='bbox 3473 2720 3599 2774; x_wconf 86' lang='lat' dir='ltr'><strong>alia.</strong></span> 
     </span>
    </p>
   </div>
   <div class='ocr_carea' id='block_1_95' title="bbox 2313 2803 3845 2877">
    <p class='ocr_par' dir='ltr' id='par_1_95' title="bbox 2313 2803 3845 2877">
     <span class='ocr_line' id='line_1_95' title="bbox 2313 2803 3845 2877; baseline 0.002 -19"><span class='ocrx_word' id='word_1_646' title='bbox 2313 2804 2450 2859; x_wconf 89' lang='lat' dir='ltr'><strong>Ibid.</strong></span> <span class='ocrx_word' id='word_1_647' title='bbox 2498 2806 2808 2875; x_wconf 76' lang='grc' dir='ltr'><strong>Ἀντιιγνιά</strong></span> <span class='ocrx_word' id='word_1_648' title='bbox 2838 2803 3160 2873; x_wconf 80' lang='grc' dir='ltr'><strong>Γεμίνδου.</strong></span> <span class='ocrx_word' id='word_1_649' title='bbox 3188 2803 3606 2865; x_wconf 85' lang='lat' dir='ltr'><strong>Constantinus,</strong></span> <span class='ocrx_word' id='word_1_650' title='bbox 3638 2805 3845 2877; x_wconf 61' lang='lat' dir='ltr'><strong>&#39;Av-ra;</strong></span> 
     </span>
    </p>
   </div>
   <div class='ocr_carea' id='block_1_96' title="bbox 2243 2887 3834 2961">
    <p class='ocr_par' dir='ltr' id='par_1_96' title="bbox 2243 2887 3834 2961">
     <span class='ocr_line' id='line_1_96' title="bbox 2243 2887 3834 2961; baseline 0.003 -21"><span class='ocrx_word' id='word_1_651' title='bbox 2243 2889 2352 2952; x_wconf 73' lang='lat' dir='ltr'><strong>via,</strong></span> <span class='ocrx_word' id='word_1_652' title='bbox 2383 2889 2676 2961; x_wconf 74' lang='grc' dir='ltr'><strong>Γέμινδος*</strong></span> <span class='ocrx_word' id='word_1_653' title='bbox 2718 2888 2915 2958; x_wconf 88' lang='lat' dir='ltr'><strong>quibus</strong></span> <span class='ocrx_word' id='word_1_654' title='bbox 2951 2903 3049 2958; x_wconf 78' lang='lat' dir='ltr'><strong>ego</strong></span> <span class='ocrx_word' id='word_1_655' title='bbox 3088 2888 3399 2944; x_wconf 85' lang='lat' dir='ltr'><strong>nominibus</strong></span> <span class='ocrx_word' id='word_1_656' title='bbox 3425 2887 3480 2942; x_wconf 91' lang='lat' dir='ltr'><strong>in</strong></span> <span class='ocrx_word' id='word_1_657' title='bbox 3517 2887 3834 2944; x_wconf 83' lang='lat' dir='ltr'><strong>Macedonia</strong></span> 
     </span>
    </p>
   </div>
   <div class='ocr_carea' id='block_1_97' title="bbox 2245 2969 3837 3042">
    <p class='ocr_par' dir='ltr' id='par_1_97' title="bbox 2245 2969 3837 3042">
     <span class='ocr_line' id='line_1_97' title="bbox 2245 2969 3837 3042; baseline -0.001 -16"><span class='ocrx_word' id='word_1_658' title='bbox 2245 2974 2410 3027; x_wconf 86' lang='lat' dir='ltr'><strong>urhcs</strong></span> <span class='ocrx_word' id='word_1_659' title='bbox 2442 2973 2639 3042; x_wconf 80' lang='lat' dir='ltr'><strong>legisse</strong></span> <span class='ocrx_word' id='word_1_660' title='bbox 2668 2986 2776 3026; x_wconf 91' lang='lat' dir='ltr'><strong>non</strong></span> <span class='ocrx_word' id='word_1_661' title='bbox 2807 2972 3082 3027; x_wconf 83' lang='lat' dir='ltr'><strong>recordor.</strong></span> <span class='ocrx_word' id='word_1_662' title='bbox 3105 2969 3410 3025; x_wconf 89' lang='lat' dir='ltr'><strong>Videndum</strong></span> <span class='ocrx_word' id='word_1_663' title='bbox 3441 2981 3526 3026; x_wconf 90' lang='lat' dir='ltr'><strong>est</strong></span> <span class='ocrx_word' id='word_1_664' title='bbox 3557 2987 3625 3025; x_wconf 92' lang='lat' dir='ltr'><strong>au</strong></span> <span class='ocrx_word' id='word_1_665' title='bbox 3658 2973 3837 3025; x_wconf 81' lang='grc' dir='ltr'><strong>Ἀντι-</strong></span> 
     </span>
    </p>
   </div>
   <div class='ocr_carea' id='block_1_98' title="bbox 2244 3053 3836 3124">
    <p class='ocr_par' dir='ltr' id='par_1_98' title="bbox 2244 3053 3836 3124">
     <span class='ocr_line' id='line_1_98' title="bbox 2244 3053 3836 3124; baseline 0.003 -16"><span class='ocrx_word' id='word_1_666' title='bbox 2244 3056 2432 3124; x_wconf 86' lang='grc' dir='ltr'><strong>γόνεια</strong></span> <span class='ocrx_word' id='word_1_667' title='bbox 2472 3055 2806 3124; x_wconf 81' lang='grc' dir='ltr'><strong>Μυγδονίας,</strong></span> <span class='ocrx_word' id='word_1_668' title='bbox 2855 3056 2922 3110; x_wconf 88' lang='lat' dir='ltr'><strong>de</strong></span> <span class='ocrx_word' id='word_1_669' title='bbox 2954 3070 3061 3124; x_wconf 88' lang='lat' dir='ltr'><strong>qua</strong></span> <span class='ocrx_word' id='word_1_670' title='bbox 3109 3054 3320 3110; x_wconf 80' lang='lat' dir='ltr'><strong>Plinius</strong></span> <span class='ocrx_word' id='word_1_671' title='bbox 3349 3053 3676 3111; x_wconf 67' lang='lat' dir='ltr'><strong>Ptolemmus</strong></span> <span class='ocrx_word' id='word_1_672' title='bbox 3707 3056 3836 3112; x_wconf 85' lang='lat' dir='ltr'><strong>Stc-</strong></span> 
     </span>
    </p>
   </div>
   <div class='ocr_carea' id='block_1_99' title="bbox 2244 3139 3518 3212">
    <p class='ocr_par' dir='ltr' id='par_1_99' title="bbox 2244 3139 3518 3212">
     <span class='ocr_line' id='line_1_99' title="bbox 2244 3139 3518 3212; baseline 0.001 -19"><span class='ocrx_word' id='word_1_673' title='bbox 2244 3141 2456 3212; x_wconf 90' lang='lat' dir='ltr'><strong>phanus</strong></span> <span class='ocrx_word' id='word_1_674' title='bbox 2496 3150 2661 3208; x_wconf 85' lang='lat' dir='ltr'><strong>atque</strong></span> <span class='ocrx_word' id='word_1_675' title='bbox 2685 3140 2798 3206; x_wconf 91' lang='lat' dir='ltr'><strong>alii,</strong></span> <span class='ocrx_word' id='word_1_676' title='bbox 2829 3139 2955 3195; x_wconf 89' lang='lat' dir='ltr'><strong>huic</strong></span> <span class='ocrx_word' id='word_1_677' title='bbox 2982 3139 3249 3208; x_wconf 79' lang='lat' dir='ltr'><strong>originem</strong></span> <span class='ocrx_word' id='word_1_678' title='bbox 3282 3139 3518 3194; x_wconf 89' lang='lat' dir='ltr'><strong>dederit.</strong></span> 
     </span>
    </p>
   </div>
   <div class='ocr_carea' id='block_1_100' title="bbox 2317 3222 3839 3291">
    <p class='ocr_par' dir='ltr' id='par_1_100' title="bbox 2317 3222 3839 3291">
     <span class='ocr_line' id='line_1_100' title="bbox 2317 3222 3839 3291; baseline 0.001 -12"><span class='ocrx_word' id='word_1_679' title='bbox 2317 3224 2448 3281; x_wconf 92' lang='lat' dir='ltr'><strong>Ibid.</strong></span> <span class='ocrx_word' id='word_1_680' title='bbox 2482 3224 2758 3291; x_wconf 76' lang='grc' dir='ltr'><strong>Νικέδης.</strong></span> <span class='ocrx_word' id='word_1_681' title='bbox 2784 3223 3026 3278; x_wconf 82' lang='lat' dir='ltr'><strong>Nicetam</strong></span> <span class='ocrx_word' id='word_1_682' title='bbox 3053 3222 3301 3279; x_wconf 75' lang='lat' dir='ltr'><strong>Thracia:</strong></span> <span class='ocrx_word' id='word_1_683' title='bbox 3329 3223 3520 3278; x_wconf 92' lang='lat' dir='ltr'><strong>urbem</strong></span> <span class='ocrx_word' id='word_1_684' title='bbox 3550 3240 3614 3279; x_wconf 76' lang='lat' dir='ltr'><strong>ex</strong></span> <span class='ocrx_word' id='word_1_685' title='bbox 3639 3225 3676 3279; x_wconf 94' lang='lat' dir='ltr'><strong>l.</strong></span> <span class='ocrx_word' id='word_1_686' title='bbox 3708 3242 3839 3281; x_wconf 61' lang='lat' dir='ltr'><strong>me</strong></span> 
     </span>
    </p>
   </div>
   <div class='ocr_carea' id='block_1_101' title="bbox 2245 3306 3835 3376">
    <p class='ocr_par' dir='ltr' id='par_1_101' title="bbox 2245 3306 3835 3376">
     <span class='ocr_line' id='line_1_101' title="bbox 2245 3306 3835 3376; baseline 0.002 -13"><span class='ocrx_word' id='word_1_687' title='bbox 2245 3308 2389 3364; x_wconf 84' lang='lat' dir='ltr'><strong>llist.</strong></span> <span class='ocrx_word' id='word_1_688' title='bbox 2421 3308 2472 3363; x_wconf 82' lang='grc' dir='ltr'><em>Μ</em></span> <span class='ocrx_word' id='word_1_689' title='bbox 2480 3309 2642 3363; x_wconf 82' lang='lat' dir='ltr'><strong>iscell.</strong></span> <span class='ocrx_word' id='word_1_690' title='bbox 2668 3308 2803 3365; x_wconf 83' lang='lat' dir='ltr'><strong>Abr.</strong></span> <span class='ocrx_word' id='word_1_691' title='bbox 2822 3308 3061 3365; x_wconf 84' lang='lat' dir='ltr'><strong>Ortelius</strong></span> <span class='ocrx_word' id='word_1_692' title='bbox 3083 3306 3367 3364; x_wconf 86' lang='lat' dir='ltr'><strong>Thesauro</strong></span> <span class='ocrx_word' id='word_1_693' title='bbox 3398 3309 3626 3365; x_wconf 83' lang='lat' dir='ltr'><strong>inseruit</strong></span> <span class='ocrx_word' id='word_1_694' title='bbox 3651 3331 3664 3365; x_wconf 93' lang='lat'><strong>:</strong></span> <span class='ocrx_word' id='word_1_695' title='bbox 3689 3329 3835 3376; x_wconf 87' lang='lat' dir='ltr'><strong>eam,</strong></span> 
     </span>
    </p>
   </div>
   <div class='ocr_carea' id='block_1_102' title="bbox 2244 3394 3836 3460">
    <p class='ocr_par' dir='ltr' id='par_1_102' title="bbox 2244 3394 3836 3460">
     <span class='ocr_line' id='line_1_102' title="bbox 2244 3394 3836 3460; baseline -0.001 -9"><span class='ocrx_word' id='word_1_696' title='bbox 2244 3398 2289 3451; x_wconf 93' lang='lat' dir='ltr'><strong>si</strong></span> <span class='ocrx_word' id='word_1_697' title='bbox 2319 3397 2473 3451; x_wconf 80' lang='lat' dir='ltr'><strong>bona:</strong></span> <span class='ocrx_word' id='word_1_698' title='bbox 2504 3396 2627 3452; x_wconf 79' lang='lat' dir='ltr'><strong>ﬁdei</strong></span> <span class='ocrx_word' id='word_1_699' title='bbox 2656 3406 2822 3460; x_wconf 80' lang='lat' dir='ltr'><strong>esset,</strong></span> <span class='ocrx_word' id='word_1_700' title='bbox 2874 3396 2981 3450; x_wconf 91' lang='lat' dir='ltr'><strong>huc</strong></span> <span class='ocrx_word' id='word_1_701' title='bbox 3028 3409 3395 3449; x_wconf 85' lang='lat' dir='ltr'><strong>arcesserem.</strong></span> <span class='ocrx_word' id='word_1_702' title='bbox 3431 3394 3609 3450; x_wconf 82' lang='lat' dir='ltr'><strong>Verba</strong></span> <span class='ocrx_word' id='word_1_703' title='bbox 3666 3407 3836 3455; x_wconf 77' lang='lat' dir='ltr'><strong>sunt:</strong></span> 
     </span>
    </p>
   </div>
   <div class='ocr_carea' id='block_1_103' title="bbox 2248 3478 3847 3551">
    <p class='ocr_par' dir='ltr' id='par_1_103' title="bbox 2248 3478 3847 3551">
     <span class='ocr_line' id='line_1_103' title="bbox 2248 3478 3847 3551; baseline 0.001 -18"><span class='ocrx_word' id='word_1_704' title='bbox 2248 3479 2393 3533; x_wconf 85' lang='lat' dir='ltr'><strong>Tunc</strong></span> <span class='ocrx_word' id='word_1_705' title='bbox 2434 3480 2753 3551; x_wconf 71' lang='lat' dir='ltr'><strong>Anchialum</strong></span> <span class='ocrx_word' id='word_1_706' title='bbox 2797 3488 2848 3534; x_wconf 87' lang='lat' dir='ltr'><strong>et</strong></span> <span class='ocrx_word' id='word_1_707' title='bbox 2891 3480 3094 3533; x_wconf 84' lang='lat' dir='ltr'><strong>Beroen</strong></span> <span class='ocrx_word' id='word_1_708' title='bbox 3159 3481 3480 3533; x_wconf 73' lang='lat' dir='ltr'><strong>dimittente:</strong></span> <span class='ocrx_word' id='word_1_709' title='bbox 3535 3478 3847 3535; x_wconf 72' lang='lat' dir='ltr'><strong>Christiani</strong></span> 
     </span>
    </p>
   </div>
   <div class='ocr_carea' id='block_1_104' title="bbox 2245 3563 3843 3636">
    <p class='ocr_par' dir='ltr' id='par_1_104' title="bbox 2245 3563 3843 3636">
     <span class='ocr_line' id='line_1_104' title="bbox 2245 3563 3843 3636; baseline 0.003 -19"><span class='ocrx_word' id='word_1_710' title='bbox 2245 3566 2520 3636; x_wconf 80' lang='lat' dir='ltr'><strong>fugerunt,</strong></span> <span class='ocrx_word' id='word_1_711' title='bbox 2547 3566 2752 3620; x_wconf 85' lang='lat' dir='ltr'><strong>nemine</strong></span> <span class='ocrx_word' id='word_1_712' title='bbox 2773 3575 3135 3635; x_wconf 78' lang='lat' dir='ltr'><strong>persequente,</strong></span> <span class='ocrx_word' id='word_1_713' title='bbox 3160 3563 3210 3616; x_wconf 87' lang='grc' dir='ltr'><em>Ν</em></span> <span class='ocrx_word' id='word_1_714' title='bbox 3217 3564 3511 3634; x_wconf 78' lang='lat' dir='ltr'><strong>icetamque</strong></span> <span class='ocrx_word' id='word_1_715' title='bbox 3539 3574 3588 3618; x_wconf 87' lang='lat' dir='ltr'><strong>et</strong></span> <span class='ocrx_word' id='word_1_716' title='bbox 3618 3565 3843 3621; x_wconf 81' lang='lat' dir='ltr'><strong>Brobati</strong></span> 
     </span>
    </p>
   </div>
   <div class='ocr_carea' id='block_1_105' title="bbox 2245 3646 3842 3719">
    <p class='ocr_par' dir='ltr' id='par_1_105' title="bbox 2245 3646 3842 3719">
     <span class='ocr_line' id='line_1_105' title="bbox 2245 3646 3842 3719; baseline 0 -16"><span class='ocrx_word' id='word_1_717' title='bbox 2245 3659 2477 3704; x_wconf 74' lang='lat' dir='ltr'><strong>castrum</strong></span> <span class='ocrx_word' id='word_1_718' title='bbox 2500 3660 2546 3702; x_wconf 88' lang='lat' dir='ltr'><strong>et</strong></span> <span class='ocrx_word' id='word_1_719' title='bbox 2576 3651 2687 3703; x_wconf 85' lang='lat' dir='ltr'><strong>alia</strong></span> <span class='ocrx_word' id='word_1_720' title='bbox 2718 3650 2960 3719; x_wconf 77' lang='lat' dir='ltr'><strong>qnwdam</strong></span> <span class='ocrx_word' id='word_1_721' title='bbox 2995 3647 3272 3715; x_wconf 76' lang='lat' dir='ltr'><strong>prwsidia.</strong></span> <span class='ocrx_word' id='word_1_722' title='bbox 3293 3646 3410 3713; x_wconf 87' lang='lat' dir='ltr'><strong>Quo</strong></span> <span class='ocrx_word' id='word_1_723' title='bbox 3440 3648 3620 3702; x_wconf 83' lang='lat' dir='ltr'><strong>minus</strong></span> <span class='ocrx_word' id='word_1_724' title='bbox 3655 3658 3842 3704; x_wconf 68' lang='lat' dir='ltr'><strong>tamen</strong></span> 
     </span>
    </p>
   </div>
   <div class='ocr_carea' id='block_1_106' title="bbox 2245 3730 3843 3803">
    <p class='ocr_par' dir='ltr' id='par_1_106' title="bbox 2245 3730 3843 3803">
     <span class='ocr_line' id='line_1_106' title="bbox 2245 3730 3843 3803; baseline 0 -17"><span class='ocrx_word' id='word_1_725' title='bbox 2245 3732 2536 3787; x_wconf 81' lang='lat' dir='ltr'><strong>Anastasio</strong></span> <span class='ocrx_word' id='word_1_726' title='bbox 2567 3732 2746 3799; x_wconf 76' lang='lat' dir='ltr'><strong>ﬁdam,</strong></span> <span class='ocrx_word' id='word_1_727' title='bbox 2780 3730 3162 3803; x_wconf 88' lang='lat' dir='ltr'><strong>Theophanes,</strong></span> <span class='ocrx_word' id='word_1_728' title='bbox 3183 3744 3345 3799; x_wconf 83' lang='lat' dir='ltr'><strong>quem</strong></span> <span class='ocrx_word' id='word_1_729' title='bbox 3370 3731 3692 3800; x_wconf 79' lang='lat' dir='ltr'><strong>exscripsit,</strong></span> <span class='ocrx_word' id='word_1_730' title='bbox 3715 3730 3843 3786; x_wconf 78' lang='lat' dir='ltr'><strong>facit</strong></span> 
     </span>
    </p>
   </div>
   <div class='ocr_carea' id='block_1_107' title="bbox 2245 3814 3839 3886">
    <p class='ocr_par' dir='ltr' id='par_1_107' title="bbox 2245 3814 3839 3886">
     <span class='ocr_line' id='line_1_107' title="bbox 2245 3814 3839 3886; baseline -0.001 -17"><span class='ocrx_word' id='word_1_731' title='bbox 2245 3815 2647 3886; x_wconf 80' lang='lat' dir='ltr'><strong>Chronogroph.</strong></span> <span class='ocrx_word' id='word_1_732' title='bbox 2700 3832 2752 3884; x_wconf 86' lang='lat' dir='ltr'><strong>p.</strong></span> <span class='ocrx_word' id='word_1_733' title='bbox 2790 3815 2893 3870; x_wconf 67' lang='grc'><strong>420</strong></span> <span class='ocrx_word' id='word_1_734' title='bbox 2922 3830 2936 3869; x_wconf 89' lang='lat'>:</span> <span class='ocrx_word' id='word_1_735' title='bbox 2969 3815 3105 3867; x_wconf 81' lang='grc' dir='ltr'><strong>Τότε</strong></span> <span class='ocrx_word' id='word_1_736' title='bbox 3150 3815 3246 3873; x_wconf 67' lang='grc' dir='ltr'><strong>καὶ</strong></span> <span class='ocrx_word' id='word_1_737' title='bbox 3288 3814 3579 3884; x_wconf 72' lang='grc' dir='ltr'>Ἀγχίαλον</span> <span class='ocrx_word' id='word_1_738' title='bbox 3612 3816 3709 3867; x_wconf 71' lang='grc' dir='ltr'>καὶ</span> <span class='ocrx_word' id='word_1_739' title='bbox 3738 3816 3839 3868; x_wconf 82' lang='grc' dir='ltr'><strong>Βε-</strong></span> 
     </span>
    </p>
   </div>
   <div class='ocr_carea' id='block_1_108' title="bbox 2248 3898 3836 3970">
    <p class='ocr_par' dir='ltr' id='par_1_108' title="bbox 2248 3898 3836 3970">
     <span class='ocr_line' id='line_1_108' title="bbox 2248 3898 3836 3970; baseline -0.001 -18"><span class='ocrx_word' id='word_1_740' title='bbox 2248 3898 2402 3970; x_wconf 79' lang='grc' dir='ltr'><strong>ροέην</strong></span> <span class='ocrx_word' id='word_1_741' title='bbox 2427 3899 2656 3969; x_wconf 78' lang='grc' dir='ltr'><strong>ἀφέντες</strong></span> <span class='ocrx_word' id='word_1_742' title='bbox 2679 3900 3001 3970; x_wconf 77' lang='grc' dir='ltr'><strong>Χριστιανοὶ</strong></span> <span class='ocrx_word' id='word_1_743' title='bbox 3021 3898 3245 3967; x_wconf 73' lang='grc' dir='ltr'><strong>ἔφυγον,</strong></span> <span class='ocrx_word' id='word_1_744' title='bbox 3269 3898 3497 3969; x_wconf 80' lang='grc' dir='ltr'><strong>μηδενὸς</strong></span> <span class='ocrx_word' id='word_1_745' title='bbox 3521 3898 3836 3963; x_wconf 76' lang='grc' dir='ltr'><strong>διώκοντος,</strong></span> 
     </span>
    </p>
   </div>
   <div class='ocr_carea' id='block_1_109' title="bbox 2247 3982 3832 4055">
    <p class='ocr_par' dir='ltr' id='par_1_109' title="bbox 2247 3982 3832 4055">
     <span class='ocr_line' id='line_1_109' title="bbox 2247 3982 3832 4055; baseline 0.001 -19"><span class='ocrx_word' id='word_1_746' title='bbox 2247 3983 2485 4037; x_wconf 75' lang='grc' dir='ltr'>Νίκαιάν</span> <span class='ocrx_word' id='word_1_747' title='bbox 2513 4002 2574 4036; x_wconf 82' lang='grc' dir='ltr'><strong>τε</strong></span> <span class='ocrx_word' id='word_1_748' title='bbox 2605 3984 2700 4037; x_wconf 74' lang='grc' dir='ltr'><strong>καὶ</strong></span> <span class='ocrx_word' id='word_1_749' title='bbox 2728 3982 2822 4037; x_wconf 80' lang='grc' dir='ltr'><strong>τοῦ</strong></span> <span class='ocrx_word' id='word_1_750' title='bbox 2849 3983 3134 4054; x_wconf 65' lang='grc' dir='ltr'><strong>Προϐἀτου</strong></span> <span class='ocrx_word' id='word_1_751' title='bbox 3159 3984 3396 4055; x_wconf 78' lang='grc' dir='ltr'>κάστρον</span> <span class='ocrx_word' id='word_1_752' title='bbox 3425 3987 3517 4036; x_wconf 72' lang='grc' dir='ltr'>καὶ</span> <span class='ocrx_word' id='word_1_753' title='bbox 3549 3982 3687 4037; x_wconf 75' lang='grc' dir='ltr'><strong>ἄλλα</strong></span> <span class='ocrx_word' id='word_1_754' title='bbox 3714 4001 3832 4038; x_wconf 76' lang='grc' dir='ltr'>τινα</span> 
     </span>
    </p>
   </div>
   <div class='ocr_carea' id='block_1_110' title="bbox 2248 4065 3829 4139">
    <p class='ocr_par' dir='ltr' id='par_1_110' title="bbox 2248 4065 3829 4139">
     <span class='ocr_line' id='line_1_110' title="bbox 2248 4065 3829 4139; baseline 0.001 -20"><span class='ocrx_word' id='word_1_755' title='bbox 2248 4066 2602 4139; x_wconf 77' lang='grc' dir='ltr'><strong>ὀχυρώματα.</strong></span> <span class='ocrx_word' id='word_1_756' title='bbox 2637 4067 2792 4123; x_wconf 89' lang='lat' dir='ltr'><strong>Unde</strong></span> <span class='ocrx_word' id='word_1_757' title='bbox 2823 4067 3055 4121; x_wconf 72' lang='lat' dir='ltr'><strong>Nicmam</strong></span> <span class='ocrx_word' id='word_1_758' title='bbox 3083 4108 3098 4132; x_wconf 93' lang='lat'><strong>,</strong></span> <span class='ocrx_word' id='word_1_759' title='bbox 3133 4065 3384 4121; x_wconf 66' lang='lat' dir='ltr'><strong>Thraciae</strong></span> <span class='ocrx_word' id='word_1_760' title='bbox 3422 4066 3672 4136; x_wconf 84' lang='lat' dir='ltr'><strong>episcopo</strong></span> <span class='ocrx_word' id='word_1_761' title='bbox 3698 4067 3829 4121; x_wconf 57' lang='lat' dir='ltr'><strong>sith-</strong></span> 
     </span>
    </p>
   </div>
   <div class='ocr_carea' id='block_1_111' title="bbox 2246 4150 3838 4222">
    <p class='ocr_par' dir='ltr' id='par_1_111' title="bbox 2246 4150 3838 4222">
     <span class='ocr_line' id='line_1_111' title="bbox 2246 4150 3838 4222; baseline -0.003 -13"><span class='ocrx_word' id='word_1_762' title='bbox 2246 4154 2442 4217; x_wconf 90' lang='lat' dir='ltr'><strong>ditam,</strong></span> <span class='ocrx_word' id='word_1_763' title='bbox 2504 4163 2564 4207; x_wconf 92' lang='lat' dir='ltr'><strong>ut</strong></span> <span class='ocrx_word' id='word_1_764' title='bbox 2613 4152 2907 4209; x_wconf 90' lang='lat' dir='ltr'><strong>concilium</strong></span> <span class='ocrx_word' id='word_1_765' title='bbox 2958 4151 3233 4206; x_wconf 80' lang='lat' dir='ltr'><strong>Niea-uum</strong></span> <span class='ocrx_word' id='word_1_766' title='bbox 3295 4150 3597 4208; x_wconf 89' lang='lat' dir='ltr'><strong>secundum</strong></span> <span class='ocrx_word' id='word_1_767' title='bbox 3644 4168 3698 4222; x_wconf 89' lang='lat' dir='ltr'><strong>p.</strong></span> <span class='ocrx_word' id='word_1_768' title='bbox 3727 4151 3838 4206; x_wconf 77' lang='lat'><strong>590</strong></span> 
     </span>
    </p>
   </div>
   <div class='ocr_carea' id='block_1_112' title="bbox 2248 4234 3843 4301">
    <p class='ocr_par' dir='ltr' id='par_1_112' title="bbox 2248 4234 3843 4301">
     <span class='ocr_line' id='line_1_112' title="bbox 2248 4234 3843 4301; baseline 0 -10"><span class='ocrx_word' id='word_1_769' title='bbox 2248 4244 2553 4301; x_wconf 82' lang='lat' dir='ltr'><strong>monstrat,</strong></span> <span class='ocrx_word' id='word_1_770' title='bbox 2585 4238 2814 4301; x_wconf 89' lang='lat' dir='ltr'><strong>urbem,</strong></span> <span class='ocrx_word' id='word_1_771' title='bbox 2848 4245 3065 4291; x_wconf 78' lang='lat' dir='ltr'><strong>vertere</strong></span> <span class='ocrx_word' id='word_1_772' title='bbox 3094 4236 3280 4291; x_wconf 88' lang='lat' dir='ltr'><strong>debuit</strong></span> <span class='ocrx_word' id='word_1_773' title='bbox 3318 4244 3372 4290; x_wconf 89' lang='lat' dir='ltr'><strong>et</strong></span> <span class='ocrx_word' id='word_1_774' title='bbox 3400 4234 3638 4291; x_wconf 79' lang='lat' dir='ltr'><strong>fortasse</strong></span> <span class='ocrx_word' id='word_1_775' title='bbox 3673 4238 3843 4291; x_wconf 85' lang='lat' dir='ltr'><strong>etiam</strong></span> 
     </span>
    </p>
   </div>
   <div class='ocr_carea' id='block_1_113' title="bbox 2248 4319 3844 4389">
    <p class='ocr_par' dir='ltr' id='par_1_113' title="bbox 2248 4319 3844 4389">
     <span class='ocr_line' id='line_1_113' title="bbox 2248 4319 3844 4389; baseline -0.001 -14"><span class='ocrx_word' id='word_1_776' title='bbox 2248 4320 2492 4389; x_wconf 80' lang='lat' dir='ltr'><strong>scripsit.</strong></span> <span class='ocrx_word' id='word_1_777' title='bbox 2524 4322 2666 4376; x_wconf 86' lang='lat' dir='ltr'><strong>Sunt</strong></span> <span class='ocrx_word' id='word_1_778' title='bbox 2703 4322 2846 4375; x_wconf 91' lang='lat' dir='ltr'><strong>enim</strong></span> <span class='ocrx_word' id='word_1_779' title='bbox 2892 4320 2947 4374; x_wconf 91' lang='lat' dir='ltr'><strong>in</strong></span> <span class='ocrx_word' id='word_1_780' title='bbox 3009 4319 3236 4373; x_wconf 87' lang='lat' dir='ltr'><strong>historia</strong></span> <span class='ocrx_word' id='word_1_781' title='bbox 3293 4334 3357 4374; x_wconf 86' lang='lat' dir='ltr'><strong>ea</strong></span> <span class='ocrx_word' id='word_1_782' title='bbox 3412 4320 3629 4373; x_wconf 89' lang='lat' dir='ltr'><strong>urbium</strong></span> <span class='ocrx_word' id='word_1_783' title='bbox 3699 4321 3844 4375; x_wconf 89' lang='lat' dir='ltr'><strong>tituli</strong></span> 
     </span>
    </p>
   </div>
   <div class='ocr_carea' id='block_1_114' title="bbox 2248 4403 3888 4475">
    <p class='ocr_par' dir='ltr' id='par_1_114' title="bbox 2248 4403 3888 4475">
     <span class='ocr_line' id='line_1_114' title="bbox 2248 4403 3888 4475; baseline 0.002 -19"><span class='ocrx_word' id='word_1_784' title='bbox 2248 4408 2453 4475; x_wconf 79' lang='lat' dir='ltr'><strong>passim</strong></span> <span class='ocrx_word' id='word_1_785' title='bbox 2480 4406 2914 4475; x_wconf 86' lang='lat' dir='ltr'><strong>corruptissimi,</strong></span> <span class='ocrx_word' id='word_1_786' title='bbox 2948 4405 3050 4459; x_wconf 88' lang='lat' dir='ltr'><strong>levi</strong></span> <span class='ocrx_word' id='word_1_787' title='bbox 3088 4420 3277 4475; x_wconf 86' lang='lat' dir='ltr'><strong>opera,</strong></span> <span class='ocrx_word' id='word_1_788' title='bbox 3311 4405 3356 4459; x_wconf 89' lang='lat' dir='ltr'><strong>si</strong></span> <span class='ocrx_word' id='word_1_789' title='bbox 3387 4403 3756 4475; x_wconf 88' lang='lat' dir='ltr'><strong>Theophanes</strong></span> <span class='ocrx_word' id='word_1_790' title='bbox 3788 4407 3843 4460; x_wconf 87' lang='lat' dir='ltr'><strong>in</strong></span> <span class='ocrx_word' id='word_1_791' title='bbox 3874 4412 3888 4431; x_wconf 91' lang='lat'><em>’</em></span> 
     </span>
    </p>
   </div>
   <div class='ocr_carea' id='block_1_115' title="bbox 2248 4487 3851 4557">
    <p class='ocr_par' dir='ltr' id='par_1_115' title="bbox 2248 4487 3851 4557">
     <span class='ocr_line' id='line_1_115' title="bbox 2248 4487 3851 4557; baseline 0.001 -14"><span class='ocrx_word' id='word_1_792' title='bbox 2248 4489 2540 4543; x_wconf 90' lang='lat' dir='ltr'><strong>consilium</strong></span> <span class='ocrx_word' id='word_1_793' title='bbox 2601 4488 2872 4552; x_wconf 86' lang='lat' dir='ltr'><strong>mittatur,</strong></span> <span class='ocrx_word' id='word_1_794' title='bbox 2925 4487 3250 4557; x_wconf 75' lang='lat' dir='ltr'><strong>reliugendi,</strong></span> <span class='ocrx_word' id='word_1_795' title='bbox 3314 4497 3370 4542; x_wconf 90' lang='lat' dir='ltr'><strong>et</strong></span> <span class='ocrx_word' id='word_1_796' title='bbox 3415 4503 3562 4557; x_wconf 75' lang='lat' dir='ltr'><strong>smpe</strong></span> <span class='ocrx_word' id='word_1_797' title='bbox 3600 4488 3851 4544; x_wconf 79' lang='lat' dir='ltr'><strong>maximo</strong></span> 
     </span>
    </p>
   </div>
   <div class='ocr_carea' id='block_1_116' title="bbox 2250 4571 3846 4641">
    <p class='ocr_par' dir='ltr' id='par_1_116' title="bbox 2250 4571 3846 4641">
     <span class='ocr_line' id='line_1_116' title="bbox 2250 4571 3846 4641; baseline 0 -16"><span class='ocrx_word' id='word_1_798' title='bbox 2250 4571 2410 4641; x_wconf 83' lang='lat' dir='ltr'><strong>hujus</strong></span> <span class='ocrx_word' id='word_1_799' title='bbox 2437 4572 2743 4637; x_wconf 85' lang='lat' dir='ltr'><strong>commodo,</strong></span> <span class='ocrx_word' id='word_1_800' title='bbox 2769 4574 2916 4627; x_wconf 85' lang='lat' dir='ltr'><strong>velut</strong></span> <span class='ocrx_word' id='word_1_801' title='bbox 2945 4588 3067 4627; x_wconf 91' lang='lat' dir='ltr'><strong>cum</strong></span> <span class='ocrx_word' id='word_1_802' title='bbox 3096 4572 3292 4626; x_wconf 90' lang='lat' dir='ltr'><strong>ibidem</strong></span> <span class='ocrx_word' id='word_1_803' title='bbox 3310 4579 3577 4626; x_wconf 88' lang='lat' dir='ltr'><strong>memorat</strong></span> <span class='ocrx_word' id='word_1_804' title='bbox 3604 4589 3619 4625; x_wconf 90' lang='lat'><strong>:</strong></span> <span class='ocrx_word' id='word_1_805' title='bbox 3652 4571 3846 4641; x_wconf 78' lang='grc' dir='ltr'><strong>Ἐξῆλ-</strong></span> 
     </span>
    </p>
   </div>
   <div class='ocr_carea' id='block_1_117' title="bbox 2250 4654 3849 4728">
    <p class='ocr_par' dir='ltr' id='par_1_117' title="bbox 2250 4654 3849 4728">
     <span class='ocr_line' id='line_1_117' title="bbox 2250 4654 3849 4728; baseline 0 -19"><span class='ocrx_word' id='word_1_806' title='bbox 2250 4655 2342 4709; x_wconf 79' lang='grc' dir='ltr'>Οεν</span> <span class='ocrx_word' id='word_1_807' title='bbox 2388 4654 2614 4728; x_wconf 80' lang='grc' dir='ltr'>Μιχαὴλ</span> <span class='ocrx_word' id='word_1_808' title='bbox 2663 4657 2804 4711; x_wconf 78' lang='grc' dir='ltr'>κατὰ</span> <span class='ocrx_word' id='word_1_809' title='bbox 2860 4656 3188 4726; x_wconf 78' lang='grc' dir='ltr'><strong>Βουλγάρων</strong></span> <span class='ocrx_word' id='word_1_810' title='bbox 3221 4655 3653 4725; x_wconf 76' lang='grc' dir='ltr'><strong>συνεξελοούσης</strong></span> <span class='ocrx_word' id='word_1_811' title='bbox 3691 4657 3849 4727; x_wconf 75' lang='grc' dir='ltr'>αὑτῷ</span> 
     </span>
    </p>
   </div>
   <div class='ocr_carea' id='block_1_118' title="bbox 2250 4739 3848 4812">
    <p class='ocr_par' dir='ltr' id='par_1_118' title="bbox 2250 4739 3848 4812">
     <span class='ocr_line' id='line_1_118' title="bbox 2250 4739 3848 4812; baseline 0.001 -18"><span class='ocrx_word' id='word_1_812' title='bbox 2250 4740 2345 4794; x_wconf 73' lang='grc' dir='ltr'><strong>καὶ</strong></span> <span class='ocrx_word' id='word_1_813' title='bbox 2390 4740 2705 4811; x_wconf 79' lang='grc' dir='ltr'>Προκοπίας</span> <span class='ocrx_word' id='word_1_814' title='bbox 2737 4741 2841 4804; x_wconf 77' lang='grc' dir='ltr'><strong>ἕως</strong></span> <span class='ocrx_word' id='word_1_815' title='bbox 2874 4740 3153 4804; x_wconf 71' lang='grc' dir='ltr'><strong>Τζουλοῦν</strong></span> <span class='ocrx_word' id='word_1_816' title='bbox 3207 4741 3299 4794; x_wconf 88' lang='lat' dir='ltr'><strong>ubi</strong></span> <span class='ocrx_word' id='word_1_817' title='bbox 3350 4739 3717 4812; x_wconf 72' lang='grc' dir='ltr'><strong>Τζουρουλοῦ,</strong></span> <span class='ocrx_word' id='word_1_818' title='bbox 3775 4739 3848 4795; x_wconf 83' lang='lat' dir='ltr'><strong>de</strong></span> 
     </span>
    </p>
   </div>
   <div class='ocr_carea' id='block_1_119' title="bbox 2250 4823 3846 4893">
    <p class='ocr_par' dir='ltr' id='par_1_119' title="bbox 2250 4823 3846 4893">
     <span class='ocr_line' id='line_1_119' title="bbox 2250 4823 3846 4893; baseline -0.001 -16"><span class='ocrx_word' id='word_1_819' title='bbox 2250 4838 2358 4892; x_wconf 87' lang='lat' dir='ltr'><strong>quo</strong></span> <span class='ocrx_word' id='word_1_820' title='bbox 2387 4823 2515 4877; x_wconf 85' lang='lat' dir='ltr'><strong>Aut.</strong></span> <span class='ocrx_word' id='word_1_821' title='bbox 2553 4824 2680 4879; x_wconf 90' lang='lat' dir='ltr'><strong>Itin.</strong></span> <span class='ocrx_word' id='word_1_822' title='bbox 2715 4840 2768 4893; x_wconf 91' lang='lat' dir='ltr'><strong>p.</strong></span> <span class='ocrx_word' id='word_1_823' title='bbox 2808 4826 2931 4889; x_wconf 79' lang='lat' dir='ltr'><strong>I39,</strong></span> <span class='ocrx_word' id='word_1_824' title='bbox 2966 4824 3135 4880; x_wconf 80' lang='lat' dir='ltr'><strong>fuisse</strong></span> <span class='ocrx_word' id='word_1_825' title='bbox 3171 4824 3846 4888; x_wconf 85' lang='lat' dir='ltr'><strong>Anastasiustestabitur,</strong></span> 
     </span>
    </p>
   </div>
   <div class='ocr_carea' id='block_1_120' title="bbox 2252 4906 3847 4978">
    <p class='ocr_par' dir='ltr' id='par_1_120' title="bbox 2252 4906 3847 4978">
     <span class='ocr_line' id='line_1_120' title="bbox 2252 4906 3847 4978; baseline 0 -19"><span class='ocrx_word' id='word_1_826' title='bbox 2252 4917 2524 4962; x_wconf 74' lang='lat' dir='ltr'><strong>vertens:</strong></span> <span class='ocrx_word' id='word_1_827' title='bbox 2572 4906 2830 4978; x_wconf 80' lang='lat' dir='ltr'><strong>Egressus</strong></span> <span class='ocrx_word' id='word_1_828' title='bbox 2876 4919 2948 4962; x_wconf 73' lang='lat' dir='ltr'><strong>est</strong></span> <span class='ocrx_word' id='word_1_829' title='bbox 3022 4908 3311 4977; x_wconf 84' lang='lat' dir='ltr'><strong>imperator</strong></span> <span class='ocrx_word' id='word_1_830' title='bbox 3370 4906 3597 4961; x_wconf 80' lang='lat' dir='ltr'><strong>Michael</strong></span> <span class='ocrx_word' id='word_1_831' title='bbox 3656 4917 3847 4961; x_wconf 85' lang='lat' dir='ltr'><strong>contra</strong></span> 
     </span>
    </p>
   </div>
   <div class='ocr_carea' id='block_1_121' title="bbox 2255 4988 3843 5063">
    <p class='ocr_par' dir='ltr' id='par_1_121' title="bbox 2255 4988 3843 5063">
     <span class='ocr_line' id='line_1_121' title="bbox 2255 4988 3843 5063; baseline 0.001 -20"><span class='ocrx_word' id='word_1_832' title='bbox 2255 4989 2513 5063; x_wconf 82' lang='lat' dir='ltr'><strong>Bulgares</strong></span> <span class='ocrx_word' id='word_1_833' title='bbox 2543 5001 2591 5045; x_wconf 86' lang='lat' dir='ltr'><strong>et</strong></span> <span class='ocrx_word' id='word_1_834' title='bbox 2628 5009 2742 5045; x_wconf 81' lang='lat' dir='ltr'><strong>cum</strong></span> <span class='ocrx_word' id='word_1_835' title='bbox 2774 5009 2833 5045; x_wconf 90' lang='lat' dir='ltr'><strong>eo</strong></span> <span class='ocrx_word' id='word_1_836' title='bbox 2859 4992 3021 5045; x_wconf 80' lang='lat' dir='ltr'><strong>simul</strong></span> <span class='ocrx_word' id='word_1_837' title='bbox 3055 4990 3316 5060; x_wconf 75' lang='lat' dir='ltr'><strong>Procopio</strong></span> <span class='ocrx_word' id='word_1_838' title='bbox 3353 5008 3516 5060; x_wconf 73' lang='lat' dir='ltr'><strong>usque</strong></span> <span class='ocrx_word' id='word_1_839' title='bbox 3563 4988 3843 5045; x_wconf 81' lang='lat' dir='ltr'><strong>Zerulnm.</strong></span> 
     </span>
    </p>
   </div>
   <div class='ocr_carea' id='block_1_122' title="bbox 2253 5074 3848 5147">
    <p class='ocr_par' dir='ltr' id='par_1_122' title="bbox 2253 5074 3848 5147">
     <span class='ocr_line' id='line_1_122' title="bbox 2253 5074 3848 5147; baseline 0.001 -17"><span class='ocrx_word' id='word_1_840' title='bbox 2253 5076 2430 5147; x_wconf 81' lang='lat' dir='ltr'><strong>Atque</strong></span> <span class='ocrx_word' id='word_1_841' title='bbox 2488 5078 2587 5130; x_wconf 90' lang='lat' dir='ltr'><strong>hoc</strong></span> <span class='ocrx_word' id='word_1_842' title='bbox 2623 5076 2822 5131; x_wconf 90' lang='lat' dir='ltr'><strong>obiter.</strong></span> <span class='ocrx_word' id='word_1_843' title='bbox 2886 5074 3144 5132; x_wconf 86' lang='lat' dir='ltr'><strong>Nicedem</strong></span> <span class='ocrx_word' id='word_1_844' title='bbox 3205 5076 3439 5130; x_wconf 84' lang='lat' dir='ltr'><strong>inveniri</strong></span> <span class='ocrx_word' id='word_1_845' title='bbox 3512 5091 3697 5144; x_wconf 89' lang='lat' dir='ltr'><strong>posse,</strong></span> <span class='ocrx_word' id='word_1_846' title='bbox 3738 5075 3848 5131; x_wconf 86' lang='lat' dir='ltr'><strong>uisi</strong></span> 
     </span>
    </p>
   </div>
   <div class='ocr_carea' id='block_1_123' title="bbox 2254 5159 3845 5230">
    <p class='ocr_par' dir='ltr' id='par_1_123' title="bbox 2254 5159 3845 5230">
     <span class='ocr_line' id='line_1_123' title="bbox 2254 5159 3845 5230; baseline -0.001 -14"><span class='ocrx_word' id='word_1_847' title='bbox 2254 5177 2411 5230; x_wconf 80' lang='lat' dir='ltr'><strong>opem</strong></span> <span class='ocrx_word' id='word_1_848' title='bbox 2460 5160 2714 5215; x_wconf 83' lang='lat' dir='ltr'><strong>meliores</strong></span> <span class='ocrx_word' id='word_1_849' title='bbox 2751 5174 2915 5215; x_wconf 87' lang='lat' dir='ltr'><strong>manu</strong></span> <span class='ocrx_word' id='word_1_850' title='bbox 2960 5160 3171 5215; x_wconf 82' lang='lat' dir='ltr'><strong>exarati</strong></span> <span class='ocrx_word' id='word_1_851' title='bbox 3227 5159 3445 5215; x_wconf 87' lang='lat' dir='ltr'><strong>codices</strong></span> <span class='ocrx_word' id='word_1_852' title='bbox 3490 5159 3708 5226; x_wconf 81' lang='lat' dir='ltr'><strong>ferant,</strong></span> <span class='ocrx_word' id='word_1_853' title='bbox 3749 5160 3845 5214; x_wconf 66' lang='grc' dir='ltr'><strong>«ιυ-</strong></span> 
     </span>
    </p>
   </div>
   <div class='ocr_carea' id='block_1_124' title="bbox 2254 5259 2431 5313">
    <p class='ocr_par' dir='ltr' id='par_1_124' title="bbox 2254 5259 2431 5313">
     <span class='ocr_line' id='line_1_124' title="bbox 2254 5259 2431 5313; baseline -0.011 -14"><span class='ocrx_word' id='word_1_854' title='bbox 2254 5259 2431 5313; x_wconf 76' lang='lat' dir='ltr'><strong>Spero.</strong></span> 
     </span>
    </p>
   </div>
   <div class='ocr_carea' id='block_1_125' title="bbox 2326 5325 3849 5399">
    <p class='ocr_par' dir='ltr' id='par_1_125' title="bbox 2326 5325 3849 5399">
     <span class='ocr_line' id='line_1_125' title="bbox 2326 5325 3849 5399; baseline 0.001 -18"><span class='ocrx_word' id='word_1_855' title='bbox 2326 5328 2459 5383; x_wconf 91' lang='lat' dir='ltr'><strong>Ibid.</strong></span> <span class='ocrx_word' id='word_1_856' title='bbox 2496 5329 2797 5396; x_wconf 74' lang='grc' dir='ltr'><strong>Διόϐορος.</strong></span> <span class='ocrx_word' id='word_1_857' title='bbox 2853 5325 3046 5382; x_wconf 77' lang='lat' dir='ltr'><strong>Verum</strong></span> <span class='ocrx_word' id='word_1_858' title='bbox 3099 5341 3221 5382; x_wconf 79' lang='lat' dir='ltr'><strong>esse</strong></span> <span class='ocrx_word' id='word_1_859' title='bbox 3269 5327 3514 5399; x_wconf 77' lang='grc' dir='ltr'><strong>Δόϐηρος</strong></span> <span class='ocrx_word' id='word_1_860' title='bbox 3571 5327 3625 5381; x_wconf 91' lang='lat' dir='ltr'><strong>in</strong></span> <span class='ocrx_word' id='word_1_861' title='bbox 3688 5326 3849 5383; x_wconf 84' lang='lat' dir='ltr'><strong>Plinii</strong></span> 
     </span>
    </p>
   </div>
   <div class='ocr_carea' id='block_1_126' title="bbox 2253 5411 3851 5481">
    <p class='ocr_par' dir='ltr' id='par_1_126' title="bbox 2253 5411 3851 5481">
     <span class='ocr_line' id='line_1_126' title="bbox 2253 5411 3851 5481; baseline 0.001 -16"><span class='ocrx_word' id='word_1_862' title='bbox 2253 5413 2289 5466; x_wconf 90' lang='lat' dir='ltr'><strong>l.</strong></span> <span class='ocrx_word' id='word_1_863' title='bbox 2346 5428 2435 5477; x_wconf 85' lang='lat' dir='ltr'><strong>Iv,</strong></span> <span class='ocrx_word' id='word_1_864' title='bbox 2490 5428 2537 5466; x_wconf 87' lang='lat' dir='ltr'><strong>c.</strong></span> <span class='ocrx_word' id='word_1_865' title='bbox 2581 5413 2649 5468; x_wconf 85' lang='lat' dir='ltr'><strong>I0</strong></span> <span class='ocrx_word' id='word_1_866' title='bbox 2709 5411 3019 5468; x_wconf 85' lang='lat' dir='ltr'><strong>Ilarduinus</strong></span> <span class='ocrx_word' id='word_1_867' title='bbox 3074 5412 3311 5467; x_wconf 90' lang='lat' dir='ltr'><strong>monuit.</strong></span> <span class='ocrx_word' id='word_1_868' title='bbox 3367 5413 3497 5480; x_wconf 86' lang='lat' dir='ltr'><strong>Ejus</strong></span> <span class='ocrx_word' id='word_1_869' title='bbox 3557 5413 3851 5481; x_wconf 79' lang='lat' dir='ltr'><strong>episeOpus</strong></span> 
     </span>
    </p>
   </div>
   <div class='ocr_carea' id='block_1_127' title="bbox 2253 5497 3846 5570">
    <p class='ocr_par' dir='ltr' id='par_1_127' title="bbox 2253 5497 3846 5570">
     <span class='ocr_line' id='line_1_127' title="bbox 2253 5497 3846 5570; baseline -0.004 -16"><span class='ocrx_word' id='word_1_870' title='bbox 2253 5498 2683 5554; x_wconf 66' lang='grc' dir='ltr'>(Εἱιειιοειιοιιοιιεί</span> <span class='ocrx_word' id='word_1_871' title='bbox 2718 5500 2927 5568; x_wconf 82' lang='lat' dir='ltr'><strong>synodo</strong></span> <span class='ocrx_word' id='word_1_872' title='bbox 2959 5497 3173 5562; x_wconf 81' lang='lat' dir='ltr'><strong>adfuit,</strong></span> <span class='ocrx_word' id='word_1_873' title='bbox 3208 5512 3605 5570; x_wconf 85' lang='lat' dir='ltr'><strong>perperamque</strong></span> <span class='ocrx_word' id='word_1_874' title='bbox 3642 5513 3698 5567; x_wconf 92' lang='lat' dir='ltr'><strong>p.</strong></span> <span class='ocrx_word' id='word_1_875' title='bbox 3745 5497 3846 5552; x_wconf 83' lang='lat' dir='ltr'><strong>5I&#39;t</strong></span> 
     </span>
    </p>
   </div>
   <div class='ocr_carea' id='block_1_128' title="bbox 2256 5581 3851 5654">
    <p class='ocr_par' dir='ltr' id='par_1_128' title="bbox 2256 5581 3851 5654">
     <span class='ocr_line' id='line_1_128' title="bbox 2256 5581 3851 5654; baseline -0.001 -17"><span class='ocrx_word' id='word_1_876' title='bbox 2256 5583 2556 5645; x_wconf 75' lang='grc' dir='ltr'>ἐπίσκοπος</span> <span class='ocrx_word' id='word_1_877' title='bbox 2595 5582 2873 5653; x_wconf 68' lang='grc' dir='ltr'><strong>Δουϐήρου</strong></span> <span class='ocrx_word' id='word_1_878' title='bbox 2918 5581 3261 5646; x_wconf 73' lang='grc' dir='ltr'>Μακεδονίας</span> <span class='ocrx_word' id='word_1_879' title='bbox 3287 5581 3515 5654; x_wconf 76' lang='grc' dir='ltr'><strong>πρώτης</strong></span> <span class='ocrx_word' id='word_1_880' title='bbox 3561 5596 3851 5651; x_wconf 82' lang='lat' dir='ltr'><strong>nuncupa-</strong></span> 
     </span>
    </p>
   </div>
   <div class='ocr_carea' id='block_1_129' title="bbox 2257 5668 2620 5739">
    <p class='ocr_par' dir='ltr' id='par_1_129' title="bbox 2257 5668 2620 5739">
     <span class='ocr_line' id='line_1_129' title="bbox 2257 5668 2620 5739; baseline -0.008 -15"><span class='ocrx_word' id='word_1_881' title='bbox 2257 5682 2365 5732; x_wconf 90' lang='lat' dir='ltr'><strong>tur,</strong></span> <span class='ocrx_word' id='word_1_882' title='bbox 2404 5686 2455 5739; x_wconf 88' lang='lat' dir='ltr'><strong>p.</strong></span> <span class='ocrx_word' id='word_1_883' title='bbox 2496 5668 2620 5722; x_wconf 83' lang='lat' dir='ltr'><strong>(i7l.</strong></span> 
     </span>
    </p>
   </div>
   <div class='ocr_carea' id='block_1_130' title="bbox 2329 5751 3845 5823">
    <p class='ocr_par' dir='ltr' id='par_1_130' title="bbox 2329 5751 3845 5823">
     <span class='ocr_line' id='line_1_130' title="bbox 2329 5751 3845 5823; baseline -0.002 -16"><span class='ocrx_word' id='word_1_884' title='bbox 2329 5754 2462 5809; x_wconf 80' lang='lat' dir='ltr'><strong>Ibid.</strong></span> <span class='ocrx_word' id='word_1_885' title='bbox 2523 5752 2817 5823; x_wconf 71' lang='grc' dir='ltr'><strong>Ἰδομένη.</strong></span> <span class='ocrx_word' id='word_1_886' title='bbox 2876 5753 2993 5808; x_wconf 76' lang='lat' dir='ltr'><strong>Non</strong></span> <span class='ocrx_word' id='word_1_887' title='bbox 3051 5755 3214 5810; x_wconf 84' lang='lat' dir='ltr'><strong>aliter</strong></span> <span class='ocrx_word' id='word_1_888' title='bbox 3275 5754 3568 5812; x_wconf 64' lang='lat' dir='ltr'><strong>Ptolemaeo</strong></span> <span class='ocrx_word' id='word_1_889' title='bbox 3620 5751 3845 5807; x_wconf 82' lang='lat' dir='ltr'><strong>dicitur.</strong></span> 
     </span>
    </p>
   </div>
   <div class='ocr_carea' id='block_1_131' title="bbox 2258 5835 3852 5912">
    <p class='ocr_par' dir='ltr' id='par_1_131' title="bbox 2258 5835 3852 5912">
     <span class='ocr_line' id='line_1_131' title="bbox 2258 5835 3852 5912; baseline -0.005 -17"><span class='ocrx_word' id='word_1_890' title='bbox 2258 5841 2559 5912; x_wconf 61' lang='lat' dir='ltr'><strong>&#39;l&#39;hucyditli</strong></span> <span class='ocrx_word' id='word_1_891' title='bbox 2596 5857 2652 5905; x_wconf 87' lang='grc' dir='ltr'>ιι,</span> <span class='ocrx_word' id='word_1_892' title='bbox 2690 5840 2786 5894; x_wconf 87' lang='lat' dir='ltr'><strong>I00</strong></span> <span class='ocrx_word' id='word_1_893' title='bbox 2827 5840 3092 5912; x_wconf 76' lang='grc' dir='ltr'><strong>Εὶδημὲνη</strong></span> <span class='ocrx_word' id='word_1_894' title='bbox 3120 5883 3134 5906; x_wconf 87' lang='grc'><em>,</em></span> <span class='ocrx_word' id='word_1_895' title='bbox 3181 5857 3211 5895; x_wconf 93' lang='lat' dir='ltr'><strong>e</strong></span> <span class='ocrx_word' id='word_1_896' title='bbox 3265 5857 3373 5911; x_wconf 86' lang='lat' dir='ltr'><strong>quo</strong></span> <span class='ocrx_word' id='word_1_897' title='bbox 3412 5839 3616 5909; x_wconf 82' lang='lat' dir='ltr'><strong>pariter</strong></span> <span class='ocrx_word' id='word_1_898' title='bbox 3664 5835 3852 5890; x_wconf 82' lang='lat' dir='ltr'><strong>videas</strong></span> 
     </span>
    </p>
   </div>
   <div class='ocr_carea' id='block_1_132' title="bbox 2266 5917 3845 5995">
    <p class='ocr_par' dir='ltr' id='par_1_132' title="bbox 2266 5917 3845 5995">
     <span class='ocr_line' id='line_1_132' title="bbox 2266 5917 3845 5995; baseline -0.006 -15"><span class='ocrx_word' id='word_1_899' title='bbox 2266 5926 2480 5983; x_wconf 52' lang='lat' dir='ltr'><strong>Dober</strong></span> <span class='ocrx_word' id='word_1_900' title='bbox 2524 5924 2669 5982; x_wconf 87' lang='lat' dir='ltr'><strong>haud</strong></span> <span class='ocrx_word' id='word_1_901' title='bbox 2710 5923 2863 5995; x_wconf 65' lang='lat' dir='ltr'><strong>longe</strong></span> <span class='ocrx_word' id='word_1_902' title='bbox 2891 5924 3107 5982; x_wconf 75' lang='lat' dir='ltr'><strong>aII-Jissc</strong></span> <span class='ocrx_word' id='word_1_903' title='bbox 3145 5941 3157 5978; x_wconf 79' lang='lat'><strong>2</strong></span> <span class='ocrx_word' id='word_1_904' title='bbox 3214 5925 3432 5983; x_wconf 75' lang='lat' dir='ltr'><strong>Tahu‘a:</strong></span> <span class='ocrx_word' id='word_1_905' title='bbox 3461 5921 3741 5980; x_wconf 76' lang='lat' dir='ltr'><strong>ldomcnia</strong></span> <span class='ocrx_word' id='word_1_906' title='bbox 3773 5917 3845 5973; x_wconf 74' lang='grc' dir='ltr'><em>Μ.</em></span> 
     </span>
    </p>
   </div>
  </div>
