4170 6422
299 467 440 536 1085

296 590 361 643 1⁸.
396 585 467 640 35
502 599 529 638 a
567 581 753 639 S:obis
790 589 841 639 et
875 582 943 637 53
971 596 998 635 a
1031 578 1448 639 Thessalonica.
1486 583 1648 638 Forte
1681 585 1747 638 ab
1774 584 1897 639 Ido-

298 685 498 727 meneo
534 667 788 726 Cretensi
842 677 898 723 et
946 665 1166 721 IIomeri
1216 669 1470 723 versibus
1523 666 1803 723 celebrato
1846 666 1899 720 id

298 755 424 810 urbi
460 766 662 808 nomen
712 760 817 807 est.
873 748 1011 807 Vide
1054 748 1128 805 Is.
1180 749 1430 807 Vossium
1475 751 1529 806 iu
1580 749 1895 815 Catullmn,

377 922 497 977 Col.
536 920 663 975 Ml.
684 918 998 989 Βράτιλος.
1019 916 1376 973 Probanthoc
1401 929 1533 970 mss.
1564 915 1901 988 [quanquam

301 1011 365 1066 L.
403 1002 696 1079 βράγυλος]
727 1003 860 1058 editi
897 1000 1200 1073 Δρὰγυλος,
1225 998 1644 1066 Constantinus,
1677 998 1899 1069 Βράγυ-

302 1107 431 1157 ι.ος’
457 1106 489 1147 e
512 1087 715 1159 Quibus
757 1084 863 1142 uisi
896 1085 1156 1155 Ἀγριλος
1199 1085 1293 1150 sit,
1331 1085 1398 1137 de
1431 1098 1538 1154 qua
1585 1099 1693 1137 non
1744 1079 1906 1149 longe

305 1197 335 1232 ιι
373 1178 671 1247 Strymone
727 1177 891 1239 atque
925 1167 1236 1239 Amphipoli
1282 1176 1489 1224 remota
1524 1160 1896 1237 Thucydides,

308 1278 383 1327 tv,
407 1258 537 1324 105,
564 1254 699 1311 nihil
729 1253 987 1324 expedio.

380 1343 518 1399 Ibid.
559 1339 876 1409 Τρίμουλιι.
912 1337 1042 1392 Mss.
1082 1334 1393 1407 Πρίμουλα,
1426 1334 1569 1406 quod
1613 1346 1811 1388 nomen
1847 1331 1907 1386 L.

310 1426 617 1485 Iloisteinio
653 1424 720 1477 ad
749 1420 953 1491 Georg.
1016 1419 1075 1475 S.
1126 1420 1256 1476 Car.
1315 1435 1346 1475 a
1399 1418 1461 1475 S.
1503 1417 1671 1473 Paulo
1727 1415 1912 1472 verius

310 1515 532 1568 videtur
561 1514 787 1579 propter
812 1503 1165 1560 Timotheum
1202 1502 1528 1572 I’rimopolis
1561 1501 1906 1572 episcopum,

309 1598 406 1668 qui
438 1593 671 1652 concilio
701 1589 1121 1658 Constantinop.
1174 1588 1276 1644 sub
1319 1586 1582 1642 Flaviano
1614 1582 1810 1668 a_dfuit.
1843 1579 1914 1635 At

319 1666 455 1738 nihil
482 1678 573 1733 ille
598 1676 778 1746 juvat,
807 1671 1079 1743 siquidem
1122 1669 1496 1740 Primopoleos
1540 1668 1596 1723 in
1630 1666 1910 1736 Pamphy-

316 1769 411 1831 I‘a,
445 1766 546 1833 τῆς
578 1756 1006 1830 Πριμουπόλεως
1044 1755 1144 1826 τῆς
1179 1752 1540 1823 Παμφυλίας,
1589 1758 1649 1833 ιιι
1701 1764 1757 1818 p.
1785 1747 1909 1833 12⁸1.

315 1830 1006 1906 Coum—Chalcedonensis,
1052 1838 1144 1893 ubi
1196 1836 1331 1892 Acta
1364 1834 1559 1906 synodi
1594 1830 1913 1889 Constanti—

319 1929 648 2002 nopolitanae
705 1929 1048 1993 repetuntur,
1100 1918 1298 1989 pratsul
1358 1918 1478 1973 fuit.
1530 1914 1780 1971 Viderint
1819 1912 1914 1969 alii

320 1997 563 2071 lateatne
607 2010 666 2064 in
706 2022 838 2064 voce
893 2004 1167 2062 Ptolemaei
1222 2002 1521 2075 Τρίστολος
1576 2001 1631 2054 in
1669 1997 1912 2065 Sentica,

323 2101 435 2157 illis
460 2110 583 2162 quas
611 2107 737 2148 mox
775 2100 1076 2159 sequentur
1107 2087 1311 2143 vicina.

396 2180 534 2236 Ibid.
578 2174 1044 2245 Παρθικόπολις.
1098 2172 1391 2227 Ptolemaeo
1416 2166 1819 2241 Παροικόπολις
1849 2165 1917 2221 Ii-

327 2263 635 2319 hrariorum
664 2266 908 2330 peccato,
939 2252 1461 2311 ΠΑΡΘΙΚΟΠΟΛΙΝ
1498 2254 1553 2309 in
1577 2250 1916 2306 HAPOIKO-

330 2345 543 2404 IIOAIN
610 2341 980 2408 mutantium;
1031 2353 1194 2409 quem
1251 2338 1505 2394 eumdem
1564 2349 1809 2392 errorem
1861 2331 1916 2388 in

332 2431 619 2498 ᾕρηκεν-18
649 2422 963 2494 Phlegontis
991 2421 1253 2477 Tralliani
1286 2435 1345 2487 c.‘
1374 2421 1397 2476 1
1437 2430 1523 2476 ter
1545 2423 1868 2477 erraverunt
1903 2429 1916 2468 :

343 2515 608 2575 Ἀίδὲσιος
634 2509 768 2574 Δίζα
799 2505 1255 2578 Παροικοπόλεως
1285 2504 1559 2561 Μακεδών
1580 2520 1595 2538 ·
1625 2501 1786 2562 Βίους
1835 2502 1924 2553 Δι-

331 2599 540 2663 ζάστου
573 2590 1036 2665 Παροικοπόλεως
1086 2589 1187 2659 τῆς
1219 2588 1551 2644 Μακεδόνων
1572 2603 1588 2621 ο
1634 2583 1920 2640 Ζαικεδέν-

330 2686 437 2755 οης
491 2678 791 2735 Manutiusei)
838 2672 1316 2755 “apetxonoiirn;
1368 2670 1661 2728 Μακεδών.
1721 2667 1922 2724 Verum

331 2754 453 2823 csse
482 2763 659 2825 urbis,
700 2758 842 2829 quod
889 2754 1174 2811 Hierocles
1215 2754 1395 2821 offert,
1448 2767 1773 2825 cognomen,
1813 2765 1925 2805 non

335 2861 551 2907 tantum
584 2844 753 2902 Jonas
790 2858 821 2897 a
877 2840 1193 2897 Macedonia
1224 2843 1289 2898 de
1313 2839 1685 2910 Parthicopoli
1707 2880 1722 2905 ,
1764 2850 1925 2907 quem

336 2936 468 2992 alibi
499 2946 565 2989 ex
596 2928 787 2985 Hilarii
832 2926 1156 2997 fragmentis
1206 2926 1586 2996 produximus,
1642 2920 1931 2993 patefacit,

338 3020 435 3079 sed
462 3014 702 3074 Joannes
731 3009 1258 3081 Παρθικουπόλεως,
1295 3011 1385 3080 qui
1425 3008 1663 3065 concilio
1712 3004 1931 3064 Chalce-

340 3101 561 3159 donensi
582 3115 635 3169 p.
669 3096 772 3154 100
802 3106 857 3150 et
886 3094 985 3150 671
1018 3093 1387 3162 subscripsit,
1422 3093 1551 3148 licet
1581 3103 1746 3162 prave
1776 3090 1930 3160 Παρ-

339 3182 773 3244 θενικουπόλεως
798 3179 1087 3249 episcopus
1111 3192 1165 3246 p.
1202 3175 1312 3231 566
1343 3175 1666 3246 appelletur.

414 3270 548 3324 Ibid.
590 3260 925 3334 Στρυμνοῦ.
962 3259 1076 3316 lino
1108 3259 1436 3333 Στρύμονος.
1478 3259 1698 3317 Sentica
1736 3254 1928 3314 intelli-

348 3356 514 3425 gitur,
543 3349 618 3403 illi
643 3347 809 3402 fluvio
843 3346 1043 3400 vicina.

416 3435 553 3491 Ibid.
582 3431 815 3502 Σέῤῥαι.
863 3430 914 3486 .I.
949 3428 1267 3485 Harduiuus
1306 3428 1360 3484 in
1400 3426 1568 3481 Plinii
1607 3426 1642 3478 i.
1672 3438 1745 3493 tv,
1785 3436 1834 3479 e.
1870 3422 1937 3476 10

344 3521 550 3593 Δέῥραι
598 3515 871 3582 corrigit,
920 3528 1029 3583 quo
1072 3513 1191 3583 ejus
1237 3512 1524 3583 scriptoris
1569 3509 1773 3563 Derrha
1815 3518 1938 3562 esse

344 3589 548 3675 queat;
586 3599 673 3655 cui
701 3596 1071 3653 etnendationi
1105 3594 1468 3650 Maximianus
1495 3593 1785 3662 cpiscopus
1801 3589 1938 3644 Der-

348 3673 568 3745 rhrnsis
598 3679 836 3737 civitatis
878 3680 1209 3738 Macedonia:
1240 3693 1306 3734 ex
1336 3676 1570 3734 concilio
1609 3673 1934 3731 Chalcedon.

350 3789 407 3845 p.
440 3769 544 3827 387
586 3764 810 3828 faveret,
870 3763 976 3816 uisi
1030 3762 1253 3836 Σερῤὦν
1297 3770 1352 3815 et
1381 3757 1666 3831 Σερῤαίων
1712 3755 1942 3845 πρώτης

351 3836 697 3916 Μακεδονίας
748 3865 803 3919 p.
847 3846 949 3903 100
1003 3856 1058 3902 et
1105 3847 1210 3901 ’517
1245 3855 1558 3907 vocaretur,
1611 3851 1667 3897 et
1722 3836 1942 3898 aliunde

352 3941 552 3995 Serras
584 3934 721 3991 bene
753 3933 954 3988 habere
985 3937 1288 3985 constaret.
1335 3927 1410 3981 De
1447 3925 1556 3981 sittt
1591 3924 1694 3979 alia
1729 3923 1797 3979 lis
1835 3930 1942 3979 est.

354 4024 419 4079 L.
458 4018 761 4076 Ilulsteinio
811 4017 855 4072 si
889 4013 1157 4079 accredis,
1205 4010 1385 4066 Scrrae
1416 4016 1473 4063 et
1500 4007 1729 4077 Philippi
1765 4005 1943 4060 nomi-

355 4106 518 4161 nibus
551 4103 818 4158 duutaxat
850 4099 1123 4155 distincta:
1154 4096 1326 4151 fuere.
1394 4091 1517 4146 Fuit
1564 4093 1690 4146 dein
1717 4130 1732 4156 ,
1770 4090 1946 4159 inquit

353 4191 426 4246 ad
455 4186 650 4256 Geogr.
679 4183 741 4239 S.
774 4182 903 4238 Car.
949 4197 980 4236 a
1009 4180 1069 4237 S.
1108 4178 1274 4235 Paulo
1319 4178 1389 4233 de
1430 4176 1716 4246 Philippis,
1751 4183 1946 4256 metro-

353 4272 492 4343 polis
526 4255 850 4325 Macedonia:
894 4266 1132 4319 Thracia:
1163 4263 1270 4318 sive
1318 4260 1586 4323 secundm,
1614 4274 1733 4330 qua:
1768 4265 1819 4311 et
1844 4255 1949 4311 Sa-

354 4340 577 4419 ltttaris,
609 4351 782 4407 Serra:
808 4358 989 4420 postea
1031 4347 1195 4414 dicta,
1230 4355 1284 4401 ut
1319 4356 1365 4399 et
1394 4345 1490 4398 hoc
1520 4353 1772 4411 tenipore,
1810 4340 1952 4393 unde

360 4438 585 4495 Nicetes
616 4437 648 4489 ὁ
674 4433 921 4507 Σερρῶν.
945 4432 1014 4486 At
1053 4431 1354 4507 enim.non
1388 4430 1440 4484 itt
1487 4421 1951 4482 Chalcedonensis

358 4532 573 4579 tantum
603 4520 818 4576 concilii
848 4517 1002 4572 Actis
1034 4506 1318 4569 Serrensis
1350 4522 1405 4568 et
1428 4507 1800 4580 Philippensis
1830 4506 1950 4577 epi-

357 4605 517 4676 scopi
549 4611 813 4674 perpetuo
849 4598 1239 4662 dissociantur,
1276 4596 1370 4651 sed
1410 4605 1465 4649 et
1506 4593 1726 4649 Notitiis
1768 4592 1957 4647 cccle-

361 4689 634 4754 siasticis;
681 4694 742 4741 ut
769 4684 901 4739 satis
932 4696 996 4737 ea
1032 4680 1136 4735 viri
1167 4678 1371 4749 egregii
1401 4677 1561 4731 verba
1612 4675 1799 4730 mirari
1842 4688 1954 4729 non

362 4774 591 4843 possim.
628 4771 761 4827 Abr.
785 4767 995 4825 Orteiio
1026 4765 1205 4822 Serra:
1233 4762 1301 4817 ad
1333 4762 1540 4833 Tempe
1569 4761 1846 4841 pertinere
1872 4760 1957 4814 vi-

365 4861 572 4913 dentur
604 4856 749 4911 circa
775 4853 1055 4907 Larissam
1082 4829 1514 4916 Berrhneamque
1537 4861 1553 4911 ;
1576 4829 1673 4899 cui
1706 4829 1953 4914 Opinioni

368 4942 584 5000 fortean
610 4941 881 5011 originem
906 4935 1128 4991 Nicetas
1144 4931 1443 4989 Choniates
1467 4930 1519 4984 in
1544 4927 1672 4983 Reb.
1701 4927 1959 4983 Balduini

368 5045 424 5097 ν.
456 5024 568 5082 295
591 5024 843 5096 ριιωὶιιιίί.
893 5019 1006 5075 Καὶ
1046 5017 1147 5081 τὰς
1190 5015 1399 5078 πόλεις,
1449 5014 1653 5082 inquit,
1686 5012 1955 5083 μέτεισιν,

365 5115 494 5167 ὅσαι
515 5127 577 5165 τε
606 5107 739 5180 περὶ
768 5107 980 5179 Σέρρας
1022 5099 1458 5164 καθυπτιάξουσι
1512 5099 1608 5152 καὶ
1650 5100 1766 5161 τοῖς
1809 5098 1958 5169 ὅροις

366 5198 474 5267 τῆς
504 5195 768 5268 Βερῤοίας
795 5191 1198 5262 προσήνωνται,
1216 5184 1328 5268 καί
1341 5185 1468 5237 ὅσαι
1492 5182 1629 5254 πρὸς
1656 5182 1723 5236 τὰ
1758 5183 1958 5254 Τέμπη

368 5283 486 5336 τῶν
514 5267 805 5333 Θετταλῶν
830 5273 1249 5347 παρατείνουσι.
1300 5267 1431 5335 Qua:
1471 5276 1652 5322 tamen
1684 5281 1809 5323 eum
1848 5283 1961 5322 non

371 5374 632 5440 poterunt
662 5364 884 5419 firmare
912 5361 1079 5416 situm
1100 5396 1116 5424 ,
1151 5356 1419 5425 siquidem
1454 5352 1654 5420 Sarrae,
1700 5352 1961 5408 Bcrrhaza

375 5463 433 5509 et
455 5450 663 5520 Tempe
692 5459 753 5504 ut
773 5445 1159 5503 diversissima:
1187 5440 1475 5512 positionis
1506 5439 1624 5494 loca
1652 5452 1964 5494 memoran-

376 5549 489 5593 tur.
532 5534 804 5589 Putavero
830 5530 977 5585 circa
1018 5527 1364 5599 Strymonem
1411 5523 1601 5591 fuisse,
1636 5536 1812 5593 eaque
1839 5536 1966 5590 pro-

376 5633 500 5692 pter
527 5619 596 5674 τὰ
628 5617 760 5688 περὶ
790 5614 1002 5685 Σέρῤας
1026 5612 1121 5665 καὶ
1167 5609 1456 5682 Στρυμόνα
1494 5606 1673 5681 χωρία
1717 5605 1963 5692 Nicetam

376 5687 511 5760 Iter.
544 5687 724 5758 Alexii
756 5696 946 5766 Angeli
983 5696 1019 5750 l.
1060 5696 1122 5761 it,
1153 5709 1208 5762 p.
1243 5693 1344 5748 241
1385 5693 1739 5761 conjungere,
1785 5701 1839 5744 et
1868 5687 1964 5744 Ni-

382 5789 681 5860 cephorum
710 5783 1010 5854 Gregoram
1047 5795 1122 5843 ts,
1149 5779 1182 5832 6
1217 5778 1507 5835 Thraciam
1539 5778 1683 5833 inter
1703 5785 1757 5831 et
1791 5774 1967 5831 Thes~

381 5874 707 5952 salonie‘am,
760 5880 926 5938 atque
977 5868 1189 5919 Annam
1241 5863 1392 5920 Alex.
1448 5864 1500 5933 9,
1562 5877 1613 5936 [ν.
1652 5861 1759 5918 255’
1820 5860 1963 5919 haud

382 5959 609 6017 multum
640 5971 668 6014 a
695 5952 1024 6026 Christopoli
1055 5962 1279 6022 ponere.

1117 468 1505 533 COMMENT.
1549 471 1631 533 IN
1672 471 2091 535 HIEROCLIS
2132 473 2675 537 SYNECDEMUM.

3473 475 3610 540 108‘»

2076 585 2215 642 Ibid.
2253 588 2563 643 Φίλιπποι.
2596 584 2799 639 Verius
2835 584 2932 651 ita,
2994 596 3051 641 et
3102 602 3227 643 mox
3271 589 3605 667 ’Λμςρίπολις

2003 670 2173 724 codex
2207 667 2556 724 Constantini
2587 668 2623 723 l.
2658 686 2694 724 ιι
2738 668 2920 724 ΤΙιειιι.
2963 669 2987 723 1
3029 678 3084 724 et
3113 668 3170 724 Ξ.

2079 751 2219 808 ibid.
2258 752 2660 807 Ἀπολλωνία.
2694 752 2807 809 Sita
2837 762 2955 808 erat
2988 752 3042 809 in
3085 752 3424 823 Chalcidice,
3448 773 3616 828 quam

2006 837 2059 890 in
2086 837 2380 906 Olynthum
2420 852 2544 892 cum
2570 837 2640 894 5‘2
2671 836 2792 893 aliis
2839 837 3067 893 urbibus
3102 837 3421 910 Philippum
3457 856 3614 897 ever-

2007 920 2141 975 tisse
2173 920 2569 978 Demosthenes
2599 920 2839 991 Philipp.
2876 937 2968 989 ιιι,
3008 938 3062 991 p.
3098 921 3198 988 68,
3235 932 3293 977 et
3324 924 3522 980 Suidas
3559 926 3613 980 in

2008 1003 2261 1075 Κάρανος
2298 1002 2516 1060 docent.
2556 1005 2734 1076 Atque
2765 1006 2873 1061 huc
2929 1020 3073 1076 saape
3131 1007 3384 1062 rhetores
3440 1010 3612 1076 respi-

2007 1088 2183 1149 ciunt,
2243 1095 2304 1141 ut
2358 1086 2627 1142 Aristides
2680 1097 2811 1144 tom.
2846 1089 2913 1153 ll,
2966 1104 3020 1160 p.
3054 1089 3184 1154 255,
3245 1099 3299 1144 et
3350 1090 3615 1146 Libanius

2018 1180 2154 1225 tom.
2180 1169 2221 1237 Ι,
2249 1183 2306 1238 p.
2341 1168 2464 1225 106.
2513 1169 2813 1235 Ὀλυνθίοις
2842 1171 2996 1243 ἠφίει
3028 1191 3082 1226 τι
3112 1172 3331 1244 χωρίων
3360 1175 3437 1236 ὡς
3465 1174 3615 1242 φιλό-

2010 1253 2231 1326 δωρος,
2293 1253 2392 1306 καὶ
2450 1255 2651 1325 μικρὸν
2708 1254 2939 1322 ὕστερον
2990 1255 3230 1326 οὐδαμοῦ
3302 1254 3611 1317 Ὀλύνθιοι,

2015 1335 2218 1406 μᾶλλον
2241 1334 2297 1389 δὲ
2332 1336 2645 1404 Χαλκιδεῖς,
2680 1334 2774 1390 δύο
2807 1337 2901 1391 καὶ
2924 1338 3227 1408 τριάκοντα
3254 1337 3464 1401 πόλεις.
3498 1339 3615 1393 sive

2013 1418 2193 1486 potius
2223 1416 2319 1473 xui.
2344 1417 2439 1472 δύο
2466 1437 2525 1474 κ.
2545 1420 2629 1486 λ.,
2700 1428 2761 1476 ut
2794 1436 2859 1475 ex
2888 1420 3134 1490 ejusdem
3171 1420 3394 1492 Apolog.
3424 1420 3615 1475 Dento-

2013 1502 2184 1556 sthen.
2220 1517 2273 1571 p.
2302 1502 2398 1557 451
2440 1512 2779 1572 compertum
2806 1514 2912 1559 est.

2085 1585 2223 1642 Ibid.
2256 1586 2471 1656 Βέργη.
2502 1584 2640 1641 Male
2666 1585 3066 1643 Constantinus
3088 1586 3302 1659 Βέρπη.
3342 1588 3476 1644 Vide
3502 1587 3618 1644 Stc-

2017 1670 2260 1741 phanum
2275 1708 2287 1723 .

2086 1753 2206 1809 Col.
2303 1753 2428 1809 114.
2502 1755 2817 1822 Ἀραυρος.
2903 1754 3271 1812 Constantino
3353 1753 3619 1825 "Apellae.

2016 1834 2273 1894 Fortasse
2298 1837 2545 1908 ’Λρωλος
2574 1835 2854 1892 Ptolemaei
2889 1845 2973 1893 est
2995 1878 3013 1905 ,
3066 1836 3121 1892 in
3147 1835 3483 1892 Bisaltarum
3534 1853 3621 1890 re-

2018 1935 2201 1992 gtone.

2089 2004 2226 2061 Ibid.
2263 2003 2465 2075 Κνῑίμα
2496 2003 2824 2060 Μεστικόν.
2878 2001 3032 2059 Frid.
3081 2000 3369 2058 Morcllum
3428 2001 3623 2055 Νεστι-

2020 2087 2115 2140 κον
2164 2088 2552 2144 emendantem
2611 2095 2763 2142 recte
2819 2085 3071 2156 coarguit
3123 2083 3623 2140 Schurzlleischius

2021 2171 2191 2228 Notit.
2223 2171 2353 2229 bibl.
2388 2169 2581 2228 Viuar.
2610 2186 2664 2241 p.
2699 2170 2790 2239 71,
2849 2185 3168 2242 quanquam
3197 2169 3386 2222 urbem
3413 2167 3623 2238 impru-

2021 2255 2214 2311 denter
2260 2255 2588 2310 arbitratus.
2642 2253 2894 2309 Thracite
2929 2252 3152 2307 fluvium
3200 2249 3426 2305 Nestum
3471 2250 3622 2303 numi

2022 2337 2305 2392 ΜΕΣΤΟΝ
2331 2336 2389 2393 'et
2414 2352 2549 2392 mss.
2588 2335 2760 2391 Soliui
2795 2345 2849 2390 et
2873 2334 3060 2399 Plinii,
3093 2342 3231 2390 teste
3259 2332 3536 2387 Salmasio
3564 2332 3621 2386 in

2022 2437 2074 2490 p.
2108 2423 2235 2489 lli,
2268 2420 2613 2492 appellitaut.
2648 2419 2837 2490 Κλίμα
2871 2426 3107 2473 tractum
3163 2415 3428 2488 regionis,
3469 2428 3625 2471 more

2022 2505 2230 2561 Graecis
2260 2504 2659 2560 recentioribus
2680 2509 2969 2567 consueto,
3004 2508 3197 2564 notat;
3225 2496 3367 2551 unde
3391 2494 3624 2566 κλιματ-

2023 2588 2192 2659 άρχαι
2249 2587 2535 2657 regionum
2619 2583 2899 2659 prtepositi
2956 2578 3100 2653 apud
3151 2578 3624 2650 Theophyiactum

2030 2671 2103 2727 Η.
2138 2670 2216 2725 Μ.
2254 2686 2338 2738 ιιι,
2371 2670 2438 2737 9;
2496 2668 2588 2740 qui
2621 2684 2741 2724 cum
2780 2666 3055 2721 Arabibus
3097 2664 3241 2718 haud
3267 2676 3427 2718 secus
3462 2671 3626 2731 atque

2028 2756 2309 2813 Ilierocles
2360 2755 2419 2809 fit
2465 2754 2640 2824 prior,
2670 2765 2968 2821 eorumque
3002 2746 3379 2819 GeOgraphica
3406 2760 3513 2800 non
3548 2746 3625 2799 vi-

2029 2841 2223 2897 deatur
2254 2847 2541 2901 tractasse,
2591 2852 2698 2891 non
2754 2833 3089 2891 accesserim
3141 2831 3348 2901 Caugio
3386 2829 3626 2885 climatis

2029 2942 2154 2982 eum
2185 2939 2344 2980 usum
2373 2922 2441 2978 ab
2476 2920 2751 2975 Arabibus
2796 2917 3066 2975 derivanti
3096 2933 3110 2981 ;
3152 2914 3458 2986 prmsertim
3500 2927 3625 2967 cum

2030 3010 2252 3066 divinus
2280 3006 2482 3075 Paulus
2507 3004 2690 3061 Galat.
2717 3020 2755 3070 t,
2788 3002 2853 3057 2i
2905 3001 2975 3055 τὰ
3017 3000 3264 3070 κλίματα
3294 2999 3391 3067 τῆς
3429 2994 3629 3067 Συρίας

2033 3096 2131 3150 καὶ
2159 3092 2440 3156 Κιλικίας,
2500 3097 2555 3144 et
2617 3087 2661 3142 II
2707 3085 2957 3143 Corinth.
2995 3101 3070 3150 ιι,
3116 3084 3183 3138 10
3233 3082 3480 3152 κλίματα
3526 3079 3630 3149 τῆς

2049 3178 2296 3249 Ἀχαΐας.
2357 3184 2411 3231 et
2447 3181 2649 3243 praeter
2680 3185 2804 3225 eum
2836 3169 3022 3238 plures
3059 3166 3151 3221 alii
3188 3166 3448 3222 dixerint.
3493 3159 3628 3216 Nata

2038 3265 2182 3319 haud
2210 3261 2374 3317 dubie
2411 3258 2503 3314 illa
2530 3257 2652 3312 voci
2706 3252 3035 3325 significatio
3066 3257 3172 3316 est,
3225 3248 3369 3318 quod
3395 3262 3631 3317 geogra-

2038 3347 2129 3417 phi
2187 3344 2411 3398 climata
2440 3340 2566 3396 coeli
2610 3336 2991 3393 inclinationes
3030 3342 3086 3388 ct
3140 3331 3415 3400 subjectus
3474 3338 3635 3384 terra:

2039 3412 2291 3501 regiones
2324 3428 2726 3494 nuncuparent.
2760 3418 2953 3488 Itaque
2994 3416 3159 3472 clima
3187 3414 3454 3469 Mesticon
3499 3412 3635 3465 nihil

2038 3494 2144 3571 erit
2164 3509 2307 3565 aliud
2343 3524 2407 3562 ac
2444 3509 2595 3576 regio
2641 3504 2714 3558 illi
2750 3500 2916 3556 liuVio
2951 3501 3153 3563 vicina,
3208 3512 3314 3567 qua
3348 3496 3414 3552 de
3453 3494 3635 3550 Livius

2040 3610 2166 3660 ιιι,
2203 3592 2295 3650 29.
2337 3590 2660 3644 Acontisma
2697 3585 2824 3640 alibi
2861 3582 3164 3654 tetigimus.

2115 3674 2259 3735 lhid:
2290 3676 2525 3729 Στόλοι.
2575 3668 2767 3723 Στόϐοι
2825 3673 3179 3737 Oportuerat;
3239 3672 3431 3732 estque
3484 3666 3638 3715 vetus

2046 3765 2147 3818 hoc
2175 3766 2480 3832 peccatum,
2515 3754 2624 3826 jam
2668 3761 2795 3806 ante
2830 3748 3175 3806 Constantini
3213 3744 3639 3815 Porphyrogmt-

2046 3827 2190 3901 uetas
2218 3851 2434 3897 mtatem
2468 3838 2789 3893 admissum.
2827 3834 2980 3889 Stobi
3026 3830 3355 3887 Macedoni-.c
3384 3827 3639 3884 secunda:

2047 3931 2163 3986 sive
2191 3925 2481 3989 Salutaris,
2509 3932 2567 3977 ut
2592 3919 2810 3976 Notitiac
2839 3919 2973 3988 imp.
3005 3915 3225 3972 Orient.
3258 3913 3487 3976 dicitur,
3520 3925 3642 3965 me—

2048 4012 2277 4081 tropolis
2305 4015 2459 4073 erat;
2493 4005 2637 4060 unde
2674 4004 2908 4073 primam
2940 4010 2995 4055 et
3028 4000 3359 4069 pru‘cipttum
3394 3994 3643 4049 Macedoc

2050 4078 2156 4150 niue
2212 4092 2427 4156 urbem,
2479 4087 2704 4162 πρώτην
2756 4087 2852 4158 τῆς
2907 4082 3251 4144 Μακεδονίας
3302 4081 3459 4134 πόλιν
3515 4078 3645 4162 τους

2051 4178 2308 4241 Στὸὅους,
2360 4160 2821 4246 quetnadmodum
2854 4169 3073 4240 egregie
3113 4167 3176 4220 1..
3213 4162 3548 4220 Ilolsteinius
3588 4160 3644 4215 iu

2053 4263 2319 4332 Stephan.
2369 4257 2627 4321 correxit,
2691 4254 2939 4309 Malchus
2999 4253 3051 4306 in
3109 4250 3362 4320 Excerpt.
3419 4246 3643 4301 Ilwsch.

2055 4363 2108 4416 p.
2135 4345 2199 4400 61
2230 4343 2490 4412 appellat.

2126 4410 2514 4495 Ibid—"Amm.
2550 4423 2722 4493 Argos
2746 4419 3084 4490 Pelasgieum
3110 4413 3335 4483 intelligi
3365 4410 3643 4495 putabant,

2054 4513 2210 4583 cujus
2243 4489 2512 4566 Homerus
2557 4518 2612 4563 et
2634 4489 2818 4562 vvetus
2869 4489 3011 4574 apud
3067 4498 3502 4571 llephaastiuncm
3538 4489 3648 4545 Eu-

2056 4576 2249 4655 cliirid.
2280 4612 2334 4667 p.
2364 4594 2435 4649 55
2475 4602 2635 4663 poeta
2682 4588 2966 4654 meminit;
2999 4585 3142 4655 quod
3185 4591 3366 4667 tamen
3418 4593 3543 4633 cum
3590 4576 3645 4629 in

2057 4661 2339 4739 Thessalia
2390 4661 2595 4741 fuerit,
2646 4674 2853 4731 rectius
2896 4671 3022 4725 hinc
3066 4667 3263 4723 aberit.
3334 4661 3422 4746 Si}
3464 4662 3651 4746 itaque

2058 4770 2237 4837 Argos
2276 4762 2585 4819 Oresticum
2618 4780 2630 4816 :
2659 4773 2784 4814 nam
2836 4755 3087 4811 Orestias
3146 4752 3261 4808 sive
3307 4744 3545 4817 Orestis,
3596 4744 3649 4837 in

2059 4827 2167 4922 qua
2218 4847 2353 4904 illud
2416 4847 2615 4916 Argos,
2672 4842 2876 4914 pariter
2944 4852 3010 4894 ac
3055 4835 3347 4922 Pelagonia
3374 4827 3652 4922 superiori

2063 4916 2397 4991 illacedoniae
2439 4938 2597 4985 erant
2652 4925 2998 4988 contributa‘,
3053 4930 3195 4977 teste
3245 4916 3515 4973 Strabone
3548 4925 3654 4976 vu,

2065 5035 2117 5091 p.
2149 5016 2278 5074 526.
2327 5014 2482 5070 Licet
2517 5021 2704 5069 autem
2739 5007 3078 5080 Pelasgicum
3105 5007 3284 5091 Argos
3332 5003 3387 5058 in
3437 4997 3653 5091 urbium

2063 5084 2537 5160 Macedonicarum
2590 5110 2817 5153 censum
2865 5092 3053 5148 venire
3119 5088 3267 5146 haud
3312 5084 3518 5156 possit,
3559 5093 3657 5134 cur

2066 5202 2225 5258 opem
2253 5183 2424 5240 veteri
2454 5178 2858 5249 Hephaestionis
2896 5185 3092 5245 poetze,
3125 5188 3229 5243 qua
3263 5169 3506 5258 indigere
3540 5176 3655 5216 NB-

2067 5247 2167 5341 pit,
2198 5247 2564 5341 negabimus‘l
2584 5264 2747 5335 Χαῖρ’
2773 5256 2818 5316 ὦ
2848 5260 3240 5341 χρυσόκερως,
3274 5254 3370 5341 ait,
3407 5247 3657 5341 βαξάκῖα

2066 5329 2309 5420 Teii-Aemi,
2342 5352 2452 5405 πᾶν
2480 5329 2825 5416 Πελασγικὸν
2851 5329 3068 5414 ἧλργος
3101 5334 3448 5420 ἐμϐατεύων,
3487 5330 3562 5384 ita
3603 5329 3659 5382 in

2068 5453 2275 5509 nupera
2296 5416 2541 5492 editione
2571 5432 2677 5487 hos
2706 5444 2904 5485 versus
2932 5426 3015 5480 vir
3035 5425 3117 5480 Ct.
3141 5417 3417 5482 distinxit,
3439 5416 3660 5482 insuper

2068 5497 2431 5578 adscribens:
2476 5517 2621 5572 Illud
2664 5515 2774 5568 πᾶν
2804 5529 2904 5567 non
2933 5516 3101 5580 potest
3142 5503 3365 5576 pendere
3389 5502 3452 5554 ab
3486 5497 3660 5568 ὲμῦα-

2064 5605 2274 5660 τεὺων·
2315 5619 2444 5658 nam
2474 5603 2551 5656 sic
2589 5600 2826 5667 ineptum
2878 5604 3032 5648 esset.
3081 5587 3450 5659 Sequebantur
3497 5581 3662 5649 igitur

2068 5689 2200 5756 alia,
2229 5702 2350 5742 cum
2372 5685 2562 5758 quibus
2588 5664 2707 5753 apte
2736 5682 3000 5735 coltwrere
3030 5681 3232 5743 poterat
3257 5687 3276 5726 :
3304 5677 3473 5724 totum
3492 5664 3662 5732 Argos

2069 5752 2407 5842 Pelasgicon',
2443 5752 2672 5823 simulac
2706 5763 3009 5822 intraveris,
3050 5757 3246 5842 \la'litia
3293 5752 3455 5825 alﬁcis
3487 5760 3541 5842 et
3568 5763 3664 5803 e1-

2072 5830 2276 5913 snltare
2312 5830 2444 5924 facis
2474 5851 2592 5905 tibi.
2616 5847 2729 5901 Hoc
2751 5856 2842 5900 aut
2860 5844 3031 5900 simile
3050 5830 3185 5912 ‘quid
3209 5839 3439 5894 dixerint
3458 5831 3665 5889 (ἔπεσα.

2072 5942 2137 5997 Et
2198 5940 2272 5994 sic
2312 5920 2568 6011 punctum
2600 5942 2716 6001 post
2747 5928 2968 5987 Γάλλων
3002 5929 3161 5985 etiam
3211 5920 3661 5994 appositissimum
