4170 6484
504 461 642 528 1087

501 585 604 631 cst.
635 573 767 638 Quae
800 584 902 643 ego
942 570 1095 626 dicta
1118 567 1337 626 nollem.
1374 565 1598 621 Dedisse
1627 567 1728 620 has
1760 566 1953 618 turbas
1982 560 2094 616 Pan

505 659 561 711 in
589 654 838 712 versibus
879 651 1189 709 reconditus
1240 651 1475 716 videtur,
1516 649 1655 705 satis
1703 646 1993 715 czeteroqui
2030 659 2096 698 ex

507 741 684 796 titulis
722 736 1159 808 conspiciendus.
1202 734 1384 806 Ipsum
1435 734 1565 791 illud
1612 731 1936 803 ἐμϐατεύων
1970 743 2095 784 eum

506 821 866 893 requirebat:
896 821 1026 882 quid
1053 820 1198 874 enim
1231 819 1404 888 poetis
1444 819 1618 888 magis
1644 814 1914 871 familiare
1933 827 2097 882 quam

508 905 741 961 de'locis
782 903 989 957 numini
1025 901 1262 958 sacratis
1311 901 1365 956 id
1416 900 1726 969 usurpare?
1781 896 2096 968 Escbylus,

510 988 697 1045 Persis
723 1004 777 1058 p.
824 987 965 1044 H6:
1004 987 1187 1056 Νῆσὸς
1236 1004 1322 1050 τις
1374 986 1492 1039 ἐστι
1536 985 1741 1056 πρόσθε
1792 984 2100 1054 Σαλαμῖνος

508 1075 714 1137 τόπων,
774 1073 923 1143 βαιὰ,
957 1071 1231 1142 δύσορμος
1275 1072 1487 1137 ναυσὶν,
1544 1072 1610 1142 ἢν
1657 1069 1944 1140 φιλόκορος
1983 1067 2099 1122 Πὰν

510 1155 830 1227 ἐμϐατεύει.
854 1155 1062 1223 Quibus
1090 1156 1283 1226 tragici
1301 1156 1551 1210 versibus
1577 1154 1714 1208 alios
1744 1167 1812 1208 ex
1830 1151 2100 1221 Sophocle

508 1249 566 1293 et
609 1237 869 1309 Euripide
916 1249 1185 1309 praestans
1206 1239 1516 1295 eruditione
1547 1237 1768 1306 juvenis
1832 1235 2101 1304 Georgius

511 1323 804 1377 D‘Arnaud
856 1324 1227 1379 Animadvers.
1276 1338 1327 1378 c.
1380 1322 1449 1377 54
1507 1321 1778 1390 apposuit.
1833 1316 2100 1374 A'ristides

509 1411 645 1458 tmn.
674 1400 740 1469 ΙΙ,
796 1419 849 1474 p.
875 1403 978 1458 307
1010 1421 1023 1456 :
1063 1402 1125 1457 Οί
1148 1403 1389 1456 Μουσῶν
1433 1403 1528 1455 καὶ
1569 1402 1828 1470 Χαρίτων
1856 1397 2011 1471 χοροὶ
2049 1399 2099 1452 oi

508 1487 579 1541 δι’
609 1487 806 1551 αἰῶνος
828 1488 927 1558 τὴν
952 1487 1107 1540 πόλιν
1132 1486 1549 1556 ἐμϐατεύοντες.
1568 1483 1828 1540 Libanius
1842 1484 2097 1538 Antioch.

510 1587 563 1639 ιι.
590 1570 735 1626 5502
777 1571 866 1635 Ὠς
911 1571 940 1623 ὁ
973 1572 1106 1633 Θεὸς
1150 1571 1508 1641 ὲμϐατείτδν
1534 1570 1720 1633 τόπον,
1765 1568 1882 1621 sive
1922 1566 2102 1635 potius

510 1655 834 1723 ἐμϐατεύει.
869 1652 1160 1725 Euripides
1187 1656 1326 1724 apud
1363 1653 1681 1725 Dionysium
1709 1652 1778 1707 de
1807 1648 2098 1719 Composit.

518 1737 740 1822 Vereor.
775 1755 828 1807 p.
866 1739 975 1794 236
1014 1740 1149 1795 edit.
1206 1738 1443 1822 Londin.
1499 1739 1625 1822 ὅστε
1662 1736 1875 1822 πέτρον-
1900 1734 2101 1822 Ἀρκα-

509 1820 618 1874 δων
647 1821 1023 1894 δυσχειμέρων
1053 1821 1482 1892 ὲπεμϐατεύεις.
1548 1819 1714 1890 Igitur
1749 1819 2102 1875 distinctione

515 1920 624 1958 non
682 1915 767 1961 est
820 1908 973 1976 prior
1027 1922 1057 1961 a
1108 1906 1414 1975 posteriore
1455 1919 1618 1960 versu
1673 1901 2099 1968 dissociandus;

512 2002 579 2040 cu
591 2002 749 2057 mque
775 1988 1025 2058 βαὸἀκτα
1044 1988 1267 2044 Γάλλων
1290 1988 1474 2043 minus
1506 1987 1790 2042 commode
1823 1983 1935 2039 Pan
1961 2001 2102 2038 nitn-

512 2084 767 2141 cupetur,
804 2075 1052 2145 praeferri
1094 2082 1410 2137 oportuerat
1443 2072 1586 2143 quod
1632 2072 1685 2126 in
1721 2086 1822 2126 Ius.
1880 2070 2104 2123 Floren-

515 2154 631 2210 tino
661 2158 731 2212 ls.
762 2156 989 2214 Vossius
1019 2160 1072 2213 in
1109 2158 1379 2214 Catullum
1419 2174 1473 2228 p.
1508 2156 1614 2211 165
1644 2156 1808 2226 legit.
1848 2154 2102 2224 βαϐάκτα

513 2245 717 2316 κήλων.
750 2242 820 2297 Et
847 2250 996 2298 tanto
1027 2243 1246 2313 quidem
1297 2243 1492 2313 magis,
1519 2241 1780 2311 quoniam
1823 2240 2104 2310 Etymolo-

513 2341 615 2391 gos
645 2341 751 2380 non
786 2325 944 2380 aliter
990 2341 1207 2381 versum
1264 2326 1409 2380 hunc
1471 2325 1702 2390 Cratini,
1757 2339 1886 2383 non,
1939 2333 2000 2378 ut
2036 2322 2098 2378 D.

514 2410 771 2465 Ileinsius
801 2410 854 2464 in
887 2409 1007 2464 Silii
1046 2410 1081 2462 l.
1112 2425 1236 2476 xm,
1263 2410 1392 2475 529,
1442 2423 1757 2479 quanquam
1794 2407 1978 2479 κήλων
2006 2421 2104 2476 ap-

512 2494 780 2563 probans,
805 2492 1027 2563 Diphili,
1058 2494 1321 2562 scriptum
1352 2493 1643 2548 invenerit.
1682 2492 1883 2563 Κήλων
1921 2501 2104 2546 autem

512 2592 635 2630 cunt
674 2577 814 2631 idem
842 2577 909 2631 sit
936 2591 1000 2632 ac
1028 2575 1233 2648 θερμὸς
1280 2576 1360 2640 εἰς
1388 2575 1488 2647 τὴν
1519 2574 1834 2640 συνουσίαν,
1865 2574 1994 2644 quin
2036 2573 2104 2629 de
2146 2591 2175 2609 λ

511 2660 806 2730 capripede
837 2660 940 2715 deo
965 2661 1250 2715 verissime
1298 2659 1702 2728 pronuntietur,
1758 2674 1918 2712 nemo
1944 2658 2103 2712 dubi-

515 2743 733 2799 taverit.
771 2743 949 2814 Atque
976 2744 1081 2798 hoc
1109 2743 1328 2798 obiter:
1364 2757 1490 2796 nam
1526 2742 1734 2797 Cratini
1760 2739 2104 2811 Pelasgicutn

510 2826 689 2896 Argos
715 2830 990 2899 quodnam
1024 2828 1095 2883 sit
1128 2827 1327 2897 (neque
1358 2825 1502 2880 enim
1530 2823 1912 2880 Thessalicum
1944 2823 2098 2879 vide-

514 2909 621 2980 tur)
653 2908 738 2965 Ti.
765 2909 1213 2966 IIemsterhusius
1255 2908 1565 2978 propediem
1600 2924 1701 2962 nos
1730 2908 1973 2963 docebit.

583 2992 702 3047 Col.
746 2993 871 3047 144.
918 2992 1282 3061 Εὐστμάτον.
1326 2990 1445 3047 Non
1485 2990 1646 3046 aliter
1686 2990 2101 3046 Constantinus.

511 3073 742 3130 Rectum
799 3091 922 3132 esse
976 3079 1270 3148 Αἴστραιον
1302 3076 1627 3133 Ptolemzeus
1652 3085 1707 3132 et
1735 3075 2101 3134 Estrteenses

513 3157 687 3212 Plinii
725 3175 800 3222 tv,
837 3159 901 3215 10
929 3163 1248 3221 ostendunt.

586 3241 726 3298 Ibid.
762 3247 1124 3315 Πελαγονία.
1159 3246 1282 3301 Non
1317 3245 1508 3312 urbis,
1545 3246 1688 3316 quod
1735 3245 1866 3301 olim
1910 3244 2104 3315 opina-

516 3328 638 3391 bar,
671 3326 766 3382 sed
795 3328 1033 3395 regionis
1055 3337 1141 3384 est
1165 3344 1385 3386 nomen.
1418 3328 1544 3384 Fuit
1572 3331 1760 3399 utique
1790 3344 1855 3385 eo
1885 3331 2103 3384 nomine

513 3408 795 3477 oppidum,
830 3410 926 3465 sed
955 3411 1023 3466 ab
1053 3409 1315 3468 Heraclea
1343 3410 1672 3483 Pelagonia,
1703 3428 1868 3483 quam
1902 3412 1956 3466 iu
1992 3410 2104 3465 Mo-

512 3492 742 3548 ccdonia
774 3495 949 3564 prima
1012 3495 1271 3564 vidimus,
1338 3513 1448 3553 non
1496 3498 1795 3553 diversum.
1841 3497 2104 3569 Regionis

518 3572 741 3647 Strabo,
776 3575 1008 3644 Plinius,
1040 3576 1369 3637 Ptolemams
1397 3590 1561 3650 atque
1581 3580 1670 3634 alii
1704 3580 2099 3636 meminerunt.

592 3660 732 3716 Ibid.
764 3660 1079 3732 Βάργαλα.
1111 3660 1228 3718 Νοη
1260 3663 1365 3718 alia
1396 3663 1609 3718 videtur
1653 3678 1721 3719 ac
1770 3661 1908 3718 Livii
1948 3680 2099 3731 nix,

523 3746 594 3801 12
619 3744 911 3816 Bargulum
937 3785 953 3812 ,
1002 3744 1236 3802 fortasse
1270 3746 1399 3801 hinc
1431 3746 1794 3817 adjuvandum
1826 3764 1839 3801 :
1875 3747 2102 3817 conspi-

513 3838 637 3886 rant
670 3831 815 3886 enim
852 3829 906 3883 in
936 3830 1088 3885 urbis
1118 3831 1339 3885 nomine
1382 3845 1541 3896 inss.,
1591 3844 1693 3885 nec
1721 3830 1867 3885 aliud
1894 3832 2102 3902 Δαρὸἀρ

509 3913 996 3987 νιος-Βαργάλων,
1043 3916 1136 3985 qui
1181 3916 1414 3971 concilio
1448 3915 1868 3971 Chalcedonensi
1902 3932 1954 3986 p.
1994 3918 2104 3974 402

509 3998 858 4070 subscripsit,
910 3998 1161 4068 requirit.
1222 3998 1545 4069 Appellatur
1591 4000 1811 4069 quidem
1879 4015 1934 4069 p.
1997 4002 2103 4058 100

511 4084 803 4154 episcopus
832 4082 1106 4152 Βαργάων
1139 4091 1194 4137 et
1225 4098 1277 4153 p.
1306 4081 1407 4137 671
1449 4082 1698 4153 Παρλαᾶ,
1731 4083 1824 4138 sed
1864 4084 2098 4156 quisque

511 4163 665 4218 videt
694 4178 762 4219 ex
792 4172 983 4218 nostro
1012 4176 1075 4215 ea
1106 4177 1230 4218 esse
1261 4163 1579 4233 depravata,
1628 4165 1931 4233 praesertim
1972 4182 2094 4222 cum

511 4256 729 4303 vetusta
767 4246 950 4302 versio
983 4244 1313 4301 Dardanium
1350 4248 1662 4317 episcopum
1694 4248 1937 4320 Bargda:
1992 4268 2092 4321 po-

512 4328 747 4387 steriore
777 4329 898 4385 loco
925 4327 1201 4400 pnelerat.
1244 4328 1497 4386 Peccavit
1526 4347 1658 4404 ergo
1687 4332 1750 4387 C.
1788 4350 1816 4387 a
1839 4335 1899 4389 S.
1926 4334 2098 4392 Paulo

513 4422 628 4468 tum
660 4413 803 4484 quod
834 4414 961 4469 huic
1005 4413 1124 4468 urbi
1165 4414 1310 4470 inter
1360 4414 1744 4476 Macedonicas
1789 4420 1971 4474 locum
2006 4437 2090 4476 ne-

466 4502 475 4509 ‘
512 4498 740 4570 gaverit,
772 4506 885 4554 tum
931 4507 1190 4569 prreterea
1243 4501 1386 4568 quod
1421 4499 1752 4557 Dardanium
1796 4502 2084 4575 Bargylias,

512 4582 688 4639 Cariae
715 4583 860 4650 urbi,
898 4583 1208 4653 praesulem,
1239 4598 1401 4655 quem
1420 4581 1664 4643 Joannes
1698 4601 1825 4657 pars
1849 4588 2094 4659 ejusdem

515 4666 733 4720 concilii
768 4665 1126 4738 ejusdemque
1176 4666 1359 4739 oppidi
1399 4667 1689 4742 episcopus
1745 4687 1853 4726 non
1895 4673 2098 4742 poterit

516 4746 683 4815 ferre,
711 4749 945 4807 dederit.

587 4833 724 4890 Ibid.
756 4836 1152 4893 Κελαινίδιον.
1179 4838 1291 4897 lloc
1319 4854 1387 4895 ex
1403 4837 1764 4895 Constantino
1787 4843 2100 4910 praeoptavi,

520 4915 645 4972 licet
675 4918 1017 4974 verissimum
1062 4937 1184 4979 esse
1214 4938 1313 4994 pro
1359 4934 1643 4993 comperto
1680 4939 1785 4979 non
1821 4926 2049 4981 habeam
2085 4943 2100 4983 :

520 5003 629 5057 imo
652 5018 781 5059 vero
809 5002 1082 5061 Celetrum
1133 5023 1276 5074 esse,
1325 5009 1470 5078 quod
1508 5009 1560 5063 in
1588 5003 1844 5066 OreStide
1881 5010 2104 5081 regione

517 5083 698 5142 Livius
736 5104 886 5155 XXXI,
914 5088 982 5144 40
1008 5090 1292 5155 describit,
1325 5092 1637 5148 credidero.

588 5169 724 5226 Ibid.
760 5171 1059 5241 Ἁρμονία.
1100 5173 1380 5244 Nusquam
1432 5178 1574 5230 hanc
1622 5176 1801 5247 legere
1853 5178 2103 5233 memini.

516 5254 614 5310 Est
666 5257 720 5311 in
755 5257 966 5330 Illyrico
997 5258 1207 5329 τύμϐος
1244 5259 1543 5331 Ἀρμονίης
1590 5262 1732 5331 apud
1787 5261 2105 5334 Dionysium

518 5334 787 5410 Perieges.
823 5341 924 5397 391
952 5351 1004 5397 et
1036 5341 1193 5407 alios,
1224 5342 1381 5410 cujus
1435 5352 1612 5398 tamen
1656 5345 1746 5399 hic
1789 5347 1928 5401 ratio
1985 5360 2110 5402 esse

515 5422 731 5493 nequit.
771 5424 1002 5501 deetur
1044 5425 1112 5479 ab
1149 5422 1339 5481 eadem
1375 5425 1670 5483 Harmonia
1701 5428 1818 5485 sive
1846 5430 2105 5501 oppidum

515 5492 614 5561 seu
651 5492 935 5564 castéﬂmn
965 5509 1015 5564 id
1050 5510 1287 5566 nominis
1318 5513 1617 5581 accepisse.

588 5587 726 5646 Ibid.
756 5590 1029 5660 Ζάπαρα.
1066 5592 1203 5648 lluic
1234 5594 1355 5651 urbi
1377 5597 1670 5666 episcopus
1708 5597 1811 5654 fuit
1854 5597 2110 5655 Sabinia-

520 5689 648 5743 nus,
679 5689 842 5744 quem
874 5677 1167 5735 concilium
1215 5678 1881 5749 ConstantinOpolitauum
1917 5699 2111 5740 secun-

522 5755 649 5840 dum
681 5757 877 5812 Collat.
908 5775 968 5824 tt,
1006 5776 1060 5829 p.
1091 5760 1162 5815 28
1189 5761 1490 5834 Zaparcnte
1519 5763 1762 5823 civitatis
1790 5768 2112 5840 lllyricianre

530 5837 806 5927 dicecesis,
835 5842 979 5927 utL.
1010 5845 1341 5905 Ilolsteinius
1364 5849 1567 5906 dudum
1596 5854 1829 5919 monuit,
1848 5837 2105 5926 appellat.

444 5980 452 5987 _
527 5914 736 5976 Eodem
770 5926 1045 5995 pertinere
1075 5929 1287 5990 diceres
1322 5933 1612 6005 Cyriacum
1667 5914 1981 6011 episcopum
2006 5914 2106 5997 Ζυὲ

1554 451 1936 516 ADDENDA.
1978 474 2047 485 --
2082 448 2149 510 Ρ.
2196 448 2711 512 WESSELINGH

3651 446 3801 517 1088

2208 562 2402 633 πάρων
2424 578 2488 618 ex
2522 564 2672 619 Actis
2696 559 2911 617 concilii
2942 558 3146 621 Nicmni
3172 558 3400 616 secundi
3434 575 3488 630 p.
3521 559 3665 627 519,
3690 563 3797 617 nisi

2201 643 2622 716 Drizuparornm
2694 642 3099 717 Δριζουπάρων
3174 642 3294 699 urbi
3369 642 3657 714 praefuisse
3726 662 3801 702 ex

2200 744 2254 800 p.
2296 726 2401 786 588
2441 730 2698 798 liqueret.

2270 813 2405 868 Ibid.
2445 811 2652 884 Θῆϐαι.
2701 812 2904 870 Τίιοῢαι
2961 820 3092 869 sunt
3128 810 3452 869 Phthiotica:
3475 852 3493 880 ,
3526 823 3585 868 ut
3614 813 3801 882 Livio,

2200 897 2315 955 sive
2344 897 2696 965 Thessalicae,
2730 908 2792 954 ut
2817 897 2994 953 Plinio
3025 897 3311 952 dicuntur.

2272 980 2403 1037 Ibid.
2450 982 2774 1050 'Eztraioc.
2810 982 2889 1037 Ita
2942 996 3009 1036 ex
3053 981 3418 1035 ConStantino
3462 992 3687 1052 praestat
3725 986 3804 1041 ob

2199 1064 2447 1135 Procopii
2485 1064 2649 1120 Fabr.
2702 1081 2777 1133 tv,
2828 1066 2866 1121 '5
2905 1080 3262 1121 consensum.
3317 1065 3640 1123 Theodorus
3681 1071 3803 1139 epi-

2199 1163 2397 1218 scopus
2437 1145 2712 1218 Ἐχιναίου
2744 1150 2956 1213 πόλεως
2984 1149 3260 1219 ἐπαρχίας
3291 1149 3601 1215 Θεσσαλίας
3631 1162 3713 1206 est
3742 1154 3801 1207 in

2200 1230 2432 1286 concilio
2463 1230 2656 1293 Ephes.
2690 1248 2745 1303 p.
2771 1232 2900 1295 461,
2925 1243 2980 1287 ct
3012 1231 3209 1287 Petrus
3245 1231 3517 1303 Ἐχιναίου
3546 1235 3600 1287 iu
3628 1232 3804 1290 Chal-

2201 1315 2384 1370 cedon.
2421 1331 2476 1381 p.
2507 1316 2631 1369 IOI.
2669 1314 2788 1370 Non
2825 1317 2928 1369 alia
2961 1330 3025 1369 ac
3067 1314 3302 1370 Echicus
3330 1316 3569 1372 videtur.

2272 1396 2407 1452 Ibid.
2435 1399 2692 1453 "Trium.
2716 1398 2953 1453 Additur
2981 1399 3049 1452 ab
3082 1399 3248 1455 editis
3277 1410 3333 1454 et
3360 1415 3522 1455 manu
3551 1405 3813 1460 exaratis

2204 1483 2564 1552 μητρόπολις,
2593 1484 2707 1538 acsi
2741 1483 2952 1554 llypata
2983 1482 3292 1540 Thessaliae
3325 1496 3488 1554 caput
3518 1495 3571 1540 ct
3596 1498 3804 1543 metro-

2200 1566 2335 1634 polis
2370 1565 2582 1623 Iuissct.
2628 1566 2774 1621 Idem
2822 1567 2961 1622 velle
3014 1568 3229 1624 diceres
3269 1569 3559 1639 Apuleium
3619 1571 3805 1628 Heta—

2202 1650 2408 1718 morplt.
2441 1668 2480 1712 ι,
2539 1666 2591 1720 p.
2627 1650 2727 1706 101
2761 1668 2773 1703 :
2818 1649 3115 1717 Comperto
3144 1653 3320 1722 itaque
3370 1652 3596 1723 Hypata:
3623 1696 3638 1720 ,
3677 1673 3803 1726 qua:

2201 1734 2390 1788 civitas
2420 1745 2622 1789 cantata:
2663 1734 3024 1790 Thessalonice
3072 1737 3380 1804 antepollet,
3435 1755 3548 1792 esse
3577 1756 3799 1795 caseum

2202 1830 2480 1873 recentem.
2531 1819 2638 1874 Sed
2691 1835 2779 1876 res
2841 1836 3001 1876 secus
3056 1820 3263 1876 habet:
3304 1821 3523 1877 Larissa
3576 1820 3813 1879 urbium

2203 1903 2503 1960 Thessaliae
2530 1914 2649 1960 erat
2679 1916 2864 1975 caput.
2896 1905 3123 1961 Rectius
3153 1906 3339 1976 itaque
3368 1907 3708 1977 μητρόπολις
3739 1911 3796 1965 in

2202 1986 2540 2042 Constantini
2566 1989 2604 2043 Ι.
2636 1983 2673 2043 tt
2728 1989 2910 2044 Tltem.
2937 1989 2973 2042 2
3010 1988 3080 2043 ab
3111 1989 3213 2044 hac
3246 1992 3633 2060 distinguitur;
3699 2009 3804 2049 nec

2202 2071 2349 2125 aliud
2381 2073 2550 2127 voluit
2581 2070 2882 2140 Hierocles,
2928 2082 2987 2126 ut
3020 2087 3088 2127 cx
3122 2073 3339 2129 urbium
3369 2076 3620 2146 catalogo
3666 2092 3802 2147 pro-

2202 2155 2398 2209 vincia:
2426 2155 2749 2225 praescripto
2774 2165 3020 2226 apparet.

2278 2239 2417 2293 Ibid.
2451 2241 2836 2310 Μητρόπολις
2863 2240 3160 2296 Thessaliae
3187 2243 3326 2297 hanc
3374 2242 3562 2298 urbem
3582 2259 3657 2299 ex.
3678 2244 3811 2313 plu-1

2203 2321 2359 2378 ribus
2384 2322 2598 2393 oppidis
2626 2322 2916 2379 conﬂatam
2956 2333 3012 2378 et
3037 2323 3248 2380 Triccae
3276 2335 3328 2380 et
3357 2325 3623 2395 Gomphis
3658 2328 3802 2382 vici-

2211 2424 2336 2461 nam
2385 2416 2654 2465 memorat
2694 2410 2895 2465 Strabo
2917 2409 2959 2464 Ι.
2987 2426 3066 2474 1x,
3092 2425 3147 2480 p.
3193 2411 3321 2466 457.
3355 2410 3473 2466 IIuc
3518 2412 3802 2482 pertinent

2203 2492 2760 2547 ΜΗΤΡΟΠΟΛΙΤΩΝ
2796 2494 2946 2548 numi
2976 2533 2991 2558 ,
3026 2509 3170 2563 equo
3202 2493 3521 2548 Thessalico
3555 2494 3802 2564 insignes

2207 2582 2347 2645 apud
2381 2577 2672 2633 Goltzium.
2698 2576 2821 2632 Fuit
2850 2586 3055 2641 autem,
3084 2579 3225 2647 quod
3253 2578 3446 2648 negligi
3488 2579 3677 2645 nolim,
3705 2594 3805 2648 po-

2206 2670 2322 2715 stea
2353 2659 2628 2716 Novarum
2657 2660 2947 2716 Patrarum
2979 2661 3099 2717 urbi
3137 2678 3442 2733 cognomen
3472 2679 3484 2714 :
3523 2662 3802 2717 Constan-

2205 2743 2355 2799 tinus
2383 2745 2733 2815 Μητρόπολις
2773 2747 2827 2798 αἱ
2861 2743 2959 2798 νῦν
3005 2746 3142 2799 Νέαι
3194 2745 3430 2818 Πάτραι.
3485 2746 3624 2801 lluic
3669 2764 3805 2816 ergo

2203 2827 2493 2897 episcopus
2521 2828 2622 2883 fuit
2665 2827 2987 2899 Euthymius
3017 2828 3125 2882 τῶν
3163 2829 3321 2883 Νέων
3368 2831 3602 2899 Πατρῶν
3652 2833 3801 2901 apud

2202 2909 2453 2965 Nicetam
2473 2912 2776 2968 Chouiaten
2797 2913 2946 2968 Ann.
2974 2914 3218 2968 Andron.
3239 2914 3499 2969 Comnen.
3519 2933 3557 2972 ιι
3585 2933 3639 2986 p.
3672 2918 3803 2984 165,

2204 2994 2271 3050 de
2304 2995 2464 3065 cujus
2506 2995 2634 3052 sede
2665 2996 2849 3052 omnia
2883 2996 3095 3052 incerta
3122 2998 3257 3054 Abr.
3290 2999 3502 3056 Ortelio
3540 3001 3805 3057 videban-

2206 3084 2315 3129 llll'.
3056 3102 3057 3105 ‘

2274 3156 2413 3213 Ibid.
2446 3157 2685 3228 Τρικκη.
2717 3159 2813 3215 Sic
2841 3161 3106 3231 oportuit,
3143 3170 3201 3218 ut
3229 3162 3310 3219 vel
3342 3179 3406 3219 ex
3434 3162 3670 3220 IIomero
3698 3182 3805 3222 no-

2205 3247 2319 3294 tum
2358 3251 2465 3296 est.
2509 3240 2809 3312 Procopius
2855 3243 3038 3313 xEdif.
3069 3245 3211 3300 Just.
3264 3261 3336 3311 tv,
3389 3248 3423 3301 5
3465 3247 3810 3317 Τρικάττους

2203 3322 2462 3392 appellat,
2512 3325 2605 3380 sed
2642 3326 2878 3382 aliorum
2911 3336 3138 3397 peccato
3183 3347 3198 3384 :
3250 3330 3576 3399 scripserat,
3612 3333 3808 3396 credo,

2202 3406 2298 3459 καὶ
2334 3404 2513 3460 ἄλλων
2556 3406 2668 3461 τῶν
2706 3409 2800 3463 ἐπὶ
2837 3409 3146 3474 Θεσσαλίας
3193 3411 3403 3466 πόλεων
3448 3413 3707 3479 ἁπασῶν,
3750 3417 3811 3468 ὲν

2202 3485 2291 3553 αἶς
2327 3491 2647 3562 Δημητρίας
2686 3492 2747 3546 τέ
2809 3494 2927 3547 ἐστι
2966 3495 3063 3548 καὶ
3108 3496 3466 3566 Μητρόπολις
3505 3497 3683 3568 ὄνομα
3711 3501 3812 3552 καὶ

2202 3574 2412 3644 Γόμφοι
2453 3575 2546 3627 καὶ
2563 3575 2800 3646 Τρίκκα,
2820 3578 2946 3642 τοὺς
2974 3579 3300 3649 περιϐόλους
3327 3581 3815 3651 ἀνανεωσάμενος.

2201 3656 2387 3713 Serior
2408 3668 2542 3713 mtas
2563 3658 2780 3716 Tricala
2801 3662 3114 3731 appellavit.
3133 3664 3425 3734 Catalogus
3448 3663 3664 3719 urbium
3686 3681 3812 3735 quae

2204 3756 2401 3797 nomen
2440 3751 2748 3810 mutarunt,
2791 3745 3002 3801 Codino
3038 3762 3071 3801 a
3102 3747 3223 3802 Jac.
3254 3745 3431 3802 Goaro
3468 3763 3525 3818 p.
3554 3748 3666 3804 404
3700 3751 3803 3803 ad-

2203 3827 2390 3884 ditus:
2427 3829 2471 3880 Τ
2475 3827 2640 3899 ρίκκη
2664 3828 2731 3882 τὰ
2751 3829 2847 3884 νῦν
2866 3830 3135 3901 Τρίκαλα.
3173 3830 3284 3888 Nec
3313 3832 3420 3888 alio
3446 3833 3668 3889 nomine
3697 3834 3805 3887 An-

2203 3928 2289 3967 na:
2317 3911 2563 3967 Alea-iud.
2597 3930 2627 3968 v
2655 3929 2709 3984 p.
2739 3914 2842 3969 158
2873 3924 2999 3970 nota
3029 3925 3115 3971 est
3147 3933 3161 3971 :
3201 3924 3257 3972 ot
3303 3916 3521 3971 Tzetzm
3565 3916 3801 3972 Chiliad.

2202 4011 2280 4063 Ix,
2307 3995 2415 4050 280
2456 4014 2472 4051 :
2509 3995 2709 4065 Χώραν
2753 3999 2854 4069 τὴν
2902 3999 3202 4053 Θετταλίαν
3247 3999 3306 4054 δὲ
3357 4000 3684 4070 συνεκτικήν
3712 4017 3807 4070 μοι

2201 4081 2335 4148 νόει,
2352 4081 2519 4146 Φθίας
2542 4082 2636 4136 καὶ
2662 4082 3011 4153 Φαρασαλίας
3037 4083 3117 4149 δὲ,
3147 4083 3432 4155 Λαρίσσης
3461 4084 3559 4138 καὶ
3585 4083 3798 4153 Τρικά-

2201 4165 2332 4231 λων,
2369 4166 2771 4236 Δημητριάδος,
2820 4166 3039 4221 Ἰώλκου
3067 4168 3164 4221 καὶ
3188 4168 3496 4240 Γλαφυρῶν
3564 4169 3656 4222 καὶ
3678 4168 3805 4221 Φοί-

2201 4248 2328 4318 ϐης.
2362 4248 2421 4302 1η
2456 4248 2658 4316 quibus
2685 4249 2746 4302 τὸ
2771 4250 2973 4321 Φοίϐης
3007 4250 3309 4307 absurdum
3343 4259 3452 4317 est,
3485 4268 3553 4306 ex
3601 4249 3809 4322 Βοίϐης

2206 4342 2425 4399 natum,
2463 4333 2625 4389 sicuti
2670 4331 2835 4388 Iliad.
2872 4333 2912 4387 Β
2942 4333 3047 4389 712
3085 4334 3372 4389 docemur.
3406 4334 3597 4404 Itaque
3638 4335 3815 4404 longo

2202 4424 2478 4471 terrarum
2512 4424 2692 4472 tractu
2728 4431 2760 4471 a
2795 4431 2926 4471 vero
2960 4418 3183 4473 aberrat
3207 4416 3475 4487 Cangius,
3511 4432 3638 4473 cum
3672 4415 3815 4473 Not.

2201 4499 2255 4552 in
2284 4499 2532 4555 Alemiad.
2560 4515 2614 4570 p.
2646 4498 2749 4554 100
2776 4499 2992 4555 Tricala
3019 4500 3211 4555 urbem
3237 4501 3304 4555 ad
3332 4500 3682 4573 Strymonem
3712 4500 3817 4554 Ilu-

2203 4581 2349 4637 vium
2383 4597 2508 4638 esse
2542 4584 2811 4639 decernit.

2274 4666 2411 4723 Ibid.
2447 4668 2798 4738 Καισάρεια.
2841 4667 3077 4726 Pulchre
3122 4670 3196 4725 ita
3242 4669 3666 4726 Constantinus.
3694 4667 3810 4723 lla-

2202 4750 2295 4806 bet
2317 4765 2438 4807 eam
2469 4751 2766 4809 Thessaliae
2799 4755 3015 4818 urbem,
3039 4771 3067 4807 a
3089 4752 3401 4810 Iustiniano
3424 4756 3814 4821 instauratam,

2202 4836 2504 4909 Procopius
2545 4838 2713 4897 Fabr.
2756 4856 2830 4906 tv,
2859 4840 2916 4896 3.

2275 4926 2412 4982 Ibid.
2453 4927 3093 4996 Διοκλητιανυύπολις.
3141 4927 3409 4998 Apposita
3448 4937 3570 4983 erat
3618 4926 3816 4998 paludi

2154 5080 2161 5093 '
2202 5012 2503 5079 Castorire;
2532 5012 2848 5081 quamdein
2895 5026 2928 5066 a
2975 5010 3226 5066 barbaris
3278 5012 3520 5066 dirutam
3566 5009 3817 5093 egregiis

2205 5096 2467 5167 operibus
2498 5094 2847 5151 Justinianus
2882 5095 3118 5151 munivit
3153 5093 3419 5164 Procopio
3467 5093 3603 5152 Fab.
3650 5090 3810 5148 Just.

2206 5198 2280 5245 tv.
2306 5182 2340 5236 4
2387 5188 2631 5235 auctore.
2664 5179 2924 5237 Fortasse
2971 5195 3077 5236 non
3126 5178 3229 5233 alia
3271 5190 3356 5236 est
3400 5195 3466 5235 ac
3512 5178 3761 5234 Castoria
3790 5217 3811 5243 ,

2205 5267 2361 5334 cujus
2386 5268 2537 5321 Anna
2569 5267 2621 5321 in
2661 5267 2761 5322 hac
2790 5268 2993 5323 vicinia
3019 5267 3265 5323 Aleriad.
3295 5284 3417 5338 v,p.
3442 5268 3546 5323 152
3565 5275 3619 5323 et
3642 5267 3812 5324 Gaul‘.

2207 5350 2499 5407 Malaterra
2537 5351 2681 5407 Hist.
2722 5350 2901 5408 Sicut.
2936 5368 3020 5418 nt,
3050 5352 3122 5409 29
3149 5361 3317 5423 atque
3344 5353 3437 5408 alii
3477 5351 3597 5421 ejus
3627 5353 3814 5408 rotatis

2211 5436 2598 5491 meminerunt.

2282 5520 2422 5576 Ibld.
2466 5519 2811 5589 Φάρσαλος.
2861 5518 2979 5576 IIoc
3030 5534 3096 5576 ex
3142 5518 3510 5577 Constantino
3559 5526 3812 5589 pursuit.

2210 5604 2308 5661 Est
2330 5606 2384 5659 in
2414 5606 2686 5676 Epltesino
2712 5620 2871 5664 conc.
2918 5621 2973 5677 p.
3004 5604 3111 5661 456
3164 5605 3467 5676 Περῤἐὸιος
3508 5602 3809 5673 Φαρμόλου

2212 5705 2313 5760 pro
2343 5690 2652 5763 Φαρσάλου.
2674 5689 2831 5758 Quod
2855 5705 2981 5745 vero
3006 5704 3117 5759 prae
3146 5689 3338 5760 primis
3361 5703 3538 5756 opera:
3565 5689 3807 5757 pretium

2214 5773 2379 5829 fuerit
2407 5776 2607 5834 notari.
2647 5775 2787 5830 idem
2824 5774 3021 5845 prmsul
3055 5788 3108 5844 p.
3153 5772 3261 5828 478
3292 5772 3403 5826 τῶν
3454 5771 3806 5825 Θετταλικῶν

2213 5857 2455 5923 Σαλτῶν,
2495 5857 2936 5913 Tltcssalicorum
2968 5856 3241 5922 Saltuutn,
3281 5870 3614 5927 quamquam
3660 5855 3807 5911 male

2220 5959 2274 6013 p.
2301 5939 2403 5997 5‘36
2427 5939 2533 5995 τῶν
2552 5939 2994 6000 Θεσσαλονικέων
3020 5937 3241 5995 Σαλτῶν
3268 5937 3500 6008 dicitur;
3522 5936 3664 5995 unde
3692 5948 3805 5991 non
