4170 6428
284 251 430 317 1089

279 363 748 451 injuriaqcolligas
796 367 1002 438 Saltus,
1045 373 1138 443 qui
1190 389 1317 430 inox
1370 389 1695 451 sequemur,
1737 382 1866 437 huic

278 449 427 515 urbi,
460 449 728 519 siquidem
760 451 1002 520 ejusdem
1028 457 1272 529 episcopi
1297 449 1690 518 curm'fucrunt
1723 480 1868 520 com-

277 531 456 598 missi,
497 516 708 588 viciuos
738 516 927 591 fuisse.
959 516 1154 608 Itaque
1187 516 1241 595 ei
1270 543 1373 597 hac
1407 545 1536 600 sede
1567 516 1872 617 episcopali
1918 516 1929 593 ι

277 615 612 687 Geographia
641 617 704 673 S.
732 620 914 676 Caroli
945 636 976 676 a
1008 623 1065 680 S.
1097 622 1266 681 Paulo
1298 637 1585 697 augeatur.

350 699 474 755 Col.
518 699 644 756 144.
663 704 1310 775 ΣαλτοϐουραμΙνσιον.
1332 708 1725 767 Constantinus
1738 710 1873 765 Bou-

278 782 623 855 ρθαμίνσιος,
654 787 796 842 unde
828 791 1009 845 verius
1033 790 1308 846 videbitur
1331 792 1533 858 Σαλτδς
1559 793 1870 864 Βουραμιν-

279 883 418 932 σιος,
443 876 536 923 aut
558 878 618 923 ut
633 868 1028 927 Constantinus
1047 873 1197 944 legit,
1216 884 1270 929 et
1289 890 1411 930 mox
1434 875 1637 940 Σαλτδς
1655 876 1866 945 Ἰόϐιος,

275 965 380 1020 pro
419 966 529 1021 quo
555 952 948 1008 Constantinus
993 954 1244 1010 Ἰωάννου
1278 956 1416 1028 βίος.
1447 959 1657 1015 Nomen
1703 969 1790 1015 est
1837 975 1867 1014 a

264 1033 440 1105 jngis,
480 1034 690 1091 crebris
732 1038 1021 1093 arboribus
1069 1041 1337 1106 consitis,
1375 1057 1497 1111 quae
1525 1043 1578 1097 in
1622 1042 1867 1098 Pharsali

276 1117 477 1173 vicinia
510 1128 684 1174 erant.
722 1117 970 1175 Lucanus
1017 1137 1089 1187 vi,
1118 1124 1224 1178 576
1261 1141 1275 1179 :
1321 1141 1426 1195 qua
1457 1125 1591 1195 jaga
1642 1126 1866 1180 devexus

272 1198 574 1255 Pharsalia
613 1202 837 1273 porrigit
886 1201 1128 1260 Hamus.
1164 1205 1289 1275 Cui,
1321 1211 1462 1278 quod
1507 1207 1753 1263 Haemum
1797 1224 1865 1264 ex

272 1281 465 1339 ultima
496 1285 728 1341 Thracia
759 1287 866 1344 huc
905 1291 1267 1359 transtulerit,
1307 1296 1352 1349 si
1403 1293 1570 1349 ﬁdere
1600 1294 1763 1361 nolis,
1798 1308 1865 1348 ex

272 1361 547 1425 Strabone
584 1379 641 1425 et
684 1370 899 1428 Caesare
943 1374 1089 1430 nullo
1122 1378 1342 1449 negotio
1381 1391 1683 1448 cognosces
1714 1378 1863 1448 jugis

270 1458 333 1503 et
359 1452 590 1509 saltibus
621 1456 767 1510 hunc
788 1462 1032 1511 tractum
1062 1457 1232 1516 fuisse
1264 1476 1542 1531 asperum.
1578 1458 1654 1516 De
1695 1460 1864 1516 titulis

272 1533 472 1589 horum
509 1536 743 1592 saltuum
774 1537 823 1593 si
854 1541 1156 1609 rogaveris,
1185 1543 1296 1599 alio
1330 1544 1426 1599 tibi
1452 1558 1589 1615 Opus
1622 1544 1730 1599 erit
1761 1544 1862 1599 do-

267 1630 424 1676 ctore
455 1639 471 1677 :
508 1638 608 1693 ego
633 1625 777 1679 enim
806 1642 929 1682 cum
963 1628 1332 1698 ignarissimis
1354 1629 1492 1685 seio.

349 1703 480 1759 Ibid.
524 1705 734 1776 Νῆσος
779 1712 1110 1779 Σκόπελος.
1153 1711 1326 1767 liabet
1367 1727 1489 1767 eam
1536 1710 1859 1767 Ptolemaeus

264 1784 414 1841 circa
432 1785 813 1846 Thermaicum
831 1793 1032 1848 sinum.
1058 1793 1244 1849 Ituben
1270 1794 1560 1865 episcopus
1579 1795 1857 1850 Σκοπὲλου

265 1873 559 1930 scribendo
589 1874 766 1932 adfuit
812 1876 1058 1934 Concilio
1086 1878 1301 1935 Niceno
1334 1882 1610 1946 secundo;
1646 1895 1746 1935 nec
1771 1894 1860 1934 asc

266 1958 638 2014 severaverim
677 1970 903 2027 tamen,
939 1978 1062 2018 cum
1109 1961 1292 2033 plures
1339 1977 1408 2018 eo
1447 1963 1559 2020 sint
1611 1964 1854 2029 nomine,

262 2040 398 2098 huic
429 2043 621 2099 insulae
646 2044 956 2115 impositum
990 2045 1185 2103 fuisse.

337 2124 475 2181 Ibid.
519 2126 659 2182 Ὑπύ
708 2128 1076 2184 ἀνθύπατον.
1116 2130 1229 2185 Duo
1258 2138 1416 2186 erant
1460 2129 1704 2188 Orientis
1751 2130 1855 2185 im—

262 2207 401 2278 perii
432 2210 807 2279 proconsules,
839 2211 981 2268 Asiae
1024 2220 1081 2269 et
1121 2212 1362 2280 Achaiae,
1406 2225 1466 2270 ut
1497 2212 1673 2268 Notit.
1725 2214 1852 2283 imp.

265 2297 365 2349 Or.
390 2308 439 2348 c.
464 2293 487 2347 I
512 2295 694 2353 docet.
731 2294 1033 2368 Utriusque
1065 2299 1430 2354 meminerunt
1477 2299 1852 2369 imperatores,

261 2380 413 2436 illius
440 2380 495 2434 iu
525 2379 562 2435 I.
595 2380 652 2448 .I,
684 2395 735 2437 e.
765 2382 865 2437 Th.
901 2384 967 2439 de
995 2385 1272 2439 Patrociu.
1298 2382 1579 2448 Vicorum,
1612 2383 1770 2452 hujus
1795 2382 1835 2438 ι.

259 2465 365 2519 ult.
413 2465 478 2520 de
525 2464 662 2520 Bon.
700 2463 928 2521 Vocant.
971 2466 1274 2524 VE'I‘TIUS
1313 2466 1623 2525 AGORIUS
1660 2466 1853 2523 PRAE-

257 2546 647 2606 TEXTATUS
682 2548 1097 2607 ιιιιοεοδδυιι
1134 2551 1419 2607 ACHAle
1455 2563 1539 2608 est
1587 2553 1640 2607 in
1694 2550 1851 2607 Thes.

257 2651 318 2704 ρ.
348 2633 518 2701 MC",
546 2634 603 2689 2.
638 2633 835 2692 Sedem
865 2638 1111 2693 Corinthi
1145 2639 1400 2694 habuisse
1416 2654 1483 2694 ex
1510 2638 1548 2692 Ι.
1575 2636 1629 2692 2.
1662 2651 1715 2694 c.
1747 2636 1851 2692 Th.

250 2724 330 2779 de
361 2722 616 2778 Accusat.
641 2722 953 2793 et;Aristide
976 2735 1106 2781 tom.
1141 2724 1181 2794 l,
1210 2740 1263 2795 p.
1290 2727 1362 2781 45
1393 2734 1538 2781 recte
1556 2724 1852 2795 colligitur.

329 2807 469 2863 lbid.
501 2809 793 2878 Σκαρφία.
814 2810 1097 2883 Σκάρφεια
1126 2811 1329 2867 rectius
1357 2811 1469 2866 alii.
1499 2810 1631 2864 Erat
1651 2809 1855 2866 Locro-

254 2907 383 2948 rum
422 2890 925 2960 Epicnemidiorum
951 2895 1100 2962 urbs,
1136 2908 1242 2948 non
1275 2893 1502 2948 multum
1534 2910 1563 2948 a
1589 2891 1855 2949 Thermo-

253 2975 437 3048 pylis;
472 2990 582 3047 qua
620 2974 689 3032 de
720 2975 822 3037 viri
857 2976 1005 3035 docti
1044 2980 1113 3035 ad
1155 2979 1418 3051 Stephan.
1449 2987 1504 3033 et
1550 2977 1852 3035 Pahuerius

249 3059 325 3117 ὃ.
348 3062 414 3116 Δ.
454 3075 507 3126 v,
540 3060 595 3116 5.
830 3060 833 3063 ’

328 3143 464 3199 Ibid.
503 3144 808 3200 ’E.tazt'ra.
836 3142 929 3201 Sic
956 3160 1087 3203 mss.
1112 3144 1505 3201 Constantinus
1528 3143 1566 3199 l.
1592 3160 1654 3211 Il,
1678 3145 1849 3203 them.

251 3227 293 3283 5
334 3226 619 3284 Ἐλευσῖνα
653 3231 820 3300 legit,
853 3245 973 3300 quae
1007 3239 1188 3286 tamen
1219 3245 1341 3285 cum
1370 3231 1425 3285 in
1454 3229 1631 3285 Attica
1662 3228 1850 3300 fuerit,

251 3313 473 3385 longius
504 3314 573 3369 ab
606 3305 851 3382 urbibus,
884 3315 1083 3385 quibus
1112 3315 1214 3369 hoc
1254 3314 1376 3370 loco
1408 3316 1587 3370 cincta
1618 3325 1723 3383 est,
1768 3330 1847 3369 re-

250 3398 423 3453 cedit.
448 3398 624 3454 Credo
647 3396 900 3454 Ἐλατεία
932 3398 1149 3453 venisse
1178 3399 1245 3453 ab
1270 3397 1542 3465 llierocle,
1567 3413 1687 3468 quae
1711 3398 1854 3454 Pho—

249 3481 394 3536 cidis
429 3483 559 3537 urbs
587 3497 695 3537 non
740 3484 880 3536 male
915 3482 1003 3535 hic
1044 3479 1335 3536 locabitur.
1373 3481 1687 3535 Reddamus
1728 3495 1848 3536 eant

249 3565 485 3621 Libanio
514 3575 646 3621 tum.
678 3563 720 3630 Ι,
740 3581 792 3632 p.
816 3565 936 3631 ΗΟ,
960 3564 1048 3618 ubi
1077 3566 1142 3619 de
1162 3562 1423 3619 Escltine
1445 3582 1457 3616 :
1478 3564 1715 3618 Ἐκεῖνον
1739 3564 1850 3632 ἐγὼ

248 3649 353 3702 καὶ
399 3648 498 3718 τῆς
540 3651 598 3702 ἐν
635 3649 949 3719 Χαιρωνείᾳ
990 3648 1253 3719 αἰτιῶμαι
1300 3648 1592 3719 συμφορᾶς
1616 3664 1630 3679 ο
1662 3649 1696 3719 ή
1750 3649 1850 3718 μὲν

247 3734 366 3805 γὰρ
397 3732 546 3803 μάχη
565 3732 740 3786 ταῦτα
780 3731 1025 3802 ἐποίησε,
1054 3730 1151 3802 τὴν
1184 3730 1239 3783 δὲ
1280 3729 1458 3794 ἔξοδον
1497 3730 1696 3784 ΕΩΤΕΙ
1720 3747 1851 3784 κατ-

245 3818 592 3889 ιιλημμένη.
640 3817 733 3873 Sic
785 3819 955 3872 edunt
1019 3817 1418 3887 emendantque
1468 3816 1528 3867 ὲν
1586 3814 1845 3885 Βοιωτίᾳ.

246 3902 473 3970 Quanto
488 3902 703 3969 melior,
723 3900 994 3964 Ἐλάτεια,
1010 3913 1173 3969 quam
1204 3898 1393 3953 critice
1414 3898 1697 3954 addicente
1721 3899 1848 3953 rhe-

249 3988 360 4042 tori
412 3987 655 4042 restituit
698 3986 781 4041 vir
818 3985 1067 4056 egregius
1113 3982 1200 4038 Ti.
1232 3982 1678 4038 Hemsterhusius
1749 3986 1848 4036 flr-

246 4084 477 4142 niatque
498 4072 741 4139 ejusdem
762 4072 998 4127 oratoris
1030 4070 1210 4125 verbis
1235 4079 1370 4123 tom.
1400 4068 1445 4132 l,
1471 4083 1525 4138 p.
1551 4068 1657 4123 155
1684 4066 1849 4138 ξἘγὼ

245 4157 309 4211 δὲ
340 4156 567 4211 καὶτῶν
595 4158 653 4210 ἐν
688 4154 1000 4228 Χαιρωνείᾳ
1041 4154 1229 4208 κακῶν
1252 4151 1515 4222 αἰτιῶμαι
1540 4152 1630 4207 τὸν
1664 4153 1852 4224 Αἰσχί-

247 4259 374 4312 νην.
405 4242 520 4296 Οὐκ
543 4240 610 4295 ἂν
641 4239 753 4311 γὰρ
792 4238 1020 4310 ἐξῆλθεν
1049 4243 1129 4303 είς
1159 4236 1504 4311 Χαιρώνειαν
1548 4238 1848 4310 Ἀθηναῖοι,

248 4326 334 4400 μὴ
392 4325 845 4397 κατειλημμένης
889 4324 1194 4389 Ἐλατείας.
1840 4330 1847 4335 “

328 4410 468 4466 Ibid.
503 4410 617 4464 Βοέ
665 4410 767 4464 καὶ
800 4409 1043 4477 Δριμύα.
1076 4407 1347 4480 Conjungi
1395 4406 1510 4463 haec
1546 4404 1601 4461 in
1641 4405 1849 4462 Farne-

240 4495 425 4553 sianis
455 4486 675 4549 schedis
698 4491 759 4547 L.
785 4490 1117 4547 Ilolsteinius
1147 4494 1379 4558 monuit,
1409 4491 1552 4562 quod
1572 4490 1730 4545 facile
1752 4505 1848 4560 pa-

246 4580 382 4645 tiar,
418 4577 579 4634 modo
610 4593 680 4633 ne
716 4591 815 4647 pro
841 4576 1032 4631 eadem
1062 4574 1389 4630 habeantur.
1417 4575 1577 4631 Prius
1608 4576 1662 4629 in
1694 4575 1847 4629 Βοίον

240 4664 419 4735 Bujon
468 4661 621 4717 abire
659 4662 850 4727 debet,
882 4659 1138 4730 Oppidum
1180 4657 1396 4715 Doridis
1444 4660 1580 4714 satis
1620 4670 1844 4727 notum,

242 4750 483 4804 alterum
509 4749 560 4802 in
591 4746 900 4818 Δρυμαίαν,
930 4760 1056 4814 qua:
1088 4744 1231 4799 inter
1262 4743 1513 4797 Phocidis
1544 4743 1790 4814 regiones
1815 4760 1848 4801 a

239 4833 453 4900 Plinio,
488 4832 690 4887 rectius
723 4831 792 4886 ab
820 4829 941 4884 aliis
971 4830 1112 4883 inter
1138 4827 1301 4882 urbes
1330 4825 1589 4880 refertur.

317 4917 459 4973 Ibid.
488 4916 738 4970 Δαυλία.
776 4913 1012 4968 Δαυλίαν
1053 4909 1153 4980 τῆς
1175 4908 1413 4971 Φωκίδος
1445 4909 1608 4964 habet
1631 4908 1847 4983 Thucy-

240 5005 403 5060 dides
432 5000 608 5068 n,29,
640 5015 802 5071 quam
836 4996 1116 5052 Daulldetn
1162 4995 1254 5052 alii
1304 5001 1519 5061 vocant,
1551 5009 1656 5066 qua
1688 4997 1757 5053 de
1784 5011 1846 5053 re

237 5089 308 5145 L.
343 5085 524 5142 Bolst.
568 5084 620 5139 in
651 5083 1001 5150 Stephanum.
1046 5076 1051 5079 ’

316 5170 456 5227 Ibid.
506 5168 822 5237 Χερώνεια.
852 5165 967 5223 lmo
986 5165 1321 5239 Χαιρώνεια,
1344 5176 1405 5224 ut
1430 5168 1839 5226 Constantinus.

237 5258 603 5313 Chaeroneam
654 5254 876 5310 Boeotiae
925 5254 1137 5318 urbem,
1188 5255 1284 5310 sed
1335 5252 1589 5310 Phocidis
1644 5255 1843 5312 tinihus

238 5344 598 5416 proximam,
651 5340 961 5411 Stephanus
1021 5356 1051 5395 a
1101 5340 1406 5410 Cbmrone,
1460 5342 1730 5415 Apollinis
1784 5353 1841 5402 et

240 5428 467 5483 Therus
499 5425 714 5497 Θηροῦς
747 5426 880 5490 ﬁlio,
919 5426 1070 5481 initia
1106 5436 1160 5482 et
1187 5443 1379 5485 nomen
1413 5429 1694 5498 accepisse
1738 5445 1839 5486 re-

234 5511 373 5579 fnrt,
401 5519 456 5565 et
489 5520 615 5565 ante
643 5524 765 5564 eum
802 5524 869 5564 ex
906 5509 1139 5565 IIesiodo
1168 5509 1468 5568 Pausanias
1518 5512 1741 5570 Boeotio.
1784 5530 1834 5571 c.

234 5596 335 5651 40.
395 5592 586 5649 Fuerit
645 5603 826 5661 tamen
878 5592 1158 5650 Chaeronis
1203 5606 1379 5651 mater
1431 5612 1562 5654 vero
1619 5600 1839 5656 nomine

235 5678 434 5733 Thuro
471 5675 664 5749 Θουρὼ
713 5687 960 5748 oportet,
995 5677 1040 5733 si
1087 5679 1205 5734 urbi
1254 5681 1381 5736 huic
1424 5683 1637 5742 vicinus
1682 5685 1837 5743 collis

232 5760 472 5836 Θούριος
490 5771 545 5820 et
570 5762 761 5834 Apollo
774 5760 1010 5821 Titurius
1034 5763 1390 5847 .indchnomen
1421 5771 1748 5852 acceperint,
1776 5782 1836 5832 ut
1877 5846 1928 5864 ἢ

1098 262 1503 330 ‘COMMENT.
1547 265 1629 328 lN
1659 269 2089 335 'HIEROCLIS
2130 276 2677 351 SYNECDEMUM.

3420 305 3564 375 1090
3636 376 3641 381 .

1974 384 2302 493 Plutarchus
2333 394 2387 493 in
2419 397 2576 493 Sulla
2603 417 2657 471 p.
2686 402 2791 459 465
2817 415 3009 493 auctor
3057 422 3171 481 est;
3205 418 3350 485 quod
3382 420 3563 493 ipsuut

1972 477 2027 523 et
2054 485 2243 529 eorum
2293 481 2623 551 opinatione,
2649 502 2812 557 quam
2840 489 3039 548 ibidem
3069 477 3568 562 Plutarchus-com;

1972 567 2260 648 premo-rat,
2293 562 2618 634 ﬁrmabitur,
2652 572 2742 641 qui
2777 588 2806 626 a
2837 574 2994 642 bove,
3021 594 3129 648 quo
3154 580 3392 641 Cadmus
3425 592 3565 647 duce

1920 652 1926 671 ι
1972 634 2191 738 itineris
2222 653 2343 738 erat
2365 661 2526 738 usus,
2554 634 2826 723 quemque
2856 634 3568 738 owp'Pbmtiices—“appelula:

1970 718 2139 810 bant,-
2176 728 2413 810 nominis
2443 718 2664 790 causam
2702 718 3037 809 repetebant.
3059 718 3565 810 namadd—6}-

1971 808 2219 900 cbomeni
2251 813 2454 900 nullam
2479 815 2569 900 hic
2593 808 2859 900 rationem
2895 826 3113 897 haberi;
3141 846 3262 900 qua:
3295 834 3349 889 in
3380 808 3563 893 trans-

1971 892 2476 983 cursunjuvabitur.
2521 896 2711 956 Refert
2739 902 3003 963 Diodorus
3033 892 3107 975 iv,
3233 914 3340 970 226
3371 926 3425 973 et
3457 892 3562 976 hoc

1969 971 2113 1073 inter
2137 974 2389 1076 Herculis
2418 985 2684 1076 stupenda
2716 1002 2880 1076 Opera
2914 1008 2938 1076 ⁸ε
2987 971 3181 1049 Ἐνέὲ
3220 1001 3287 1070 τῇ

1963 1057 2281 1156 ’ξούναντίον
2314 1063 2602 1156 ὲμιρράξας
2631 1067 2692 1121 τὸ
2717 1071 2848 1156 οιπερὶ.
2879 1073 2970 1156 τον
2994 1057 3287 1136 Μινυεινὸν
3309 1057 3554 1156 ῥεῖθρον,

1966 1144 2194 1214 ἐποίησε
2221 1146 2506 1216 λιμνάζειν
2536 1150 2638 1221 τὴν
2664 1150 2876 1224 χώραν.
2908 1155 3213 1216 Palmerius
3255 1144 3551 1225 Eaercitat:

1966 1241 2021 1296 p.
2058 1227 2162 1320 1οθ
2182 1231 2365 1320 nescio
2394 1232 2537 1320 quod
2564 1233 2722 1290 nobis
2753 1237 3018 1312 Μινυήῖον
3038 1244 3259 1318 ῥεῖθρον
3288 1248 3555 1320 obtrudit,

1966 1327 2073 1379 quo
2102 1314 2152 1367 si
2185 1329 2316 1371 mss.
2349 1314 2511 1371 lectio
2548 1320 2778 1391 margini
2806 1326 3024 1393 appicta
3058 1326 3112 1382 in
3143 1314 3429 1389 consilium
3459 1314 3557 1390 ad;

1964 1395 2239 1489 hibeatur,
2275 1398 2435 1455 facile
2462 1401 2809 1459 carebimus:
2841 1407 2964 1464 inde
2994 1409 3139 1466 enim
3175 1413 3320 1469 haud
3355 1431 3556 1489 magno

1964 1480 2513 1571 titulitnineexsurget
2541 1487 2602 1540 τὸ
2633 1489 2762 1560 περὶ
2782 1491 2874 1545 τὸν
2915 1494 3173 1551 Μινύειον
3225 1480 3554 1571 Ὀρχομξνδν

1962 1565 2202 1638 ῥεῖθρον.
2247 1565 2444 1623 Verum
2479 1571 2582 1625 hoc
2617 1587 2738 1628 esse
2790 1573 3060 1635 Homerus
3091 1580 3258 1637 Iliad.
3291 1565 3467 1641 D'S‘IS
3495 1596 3554 1642 et

1962 1649 2309 1739 :Ibncydides
2337 1668 2411 1739 ιν,
2445 1653 2895 1739 76ζορχομενὸν
2941 1661 3034 1717 τὸν
3057 1664 3316 1719 Μινύειον
3359 1670 3550 1739 appel-

1963 1733 2163 1800 lantes,
2193 1738 2503 1791 ostendunt.
2530 1736 2754 1795 Fluvios
2784 1752 2867 1796 est
2895 1744 3078 1813 Melas,
3107 1733 3412 1805 ἀνατέλλων
3431 1733 3552 1807 ’ὑπὸ
3584 1780 3595 1789 ο

1961 1818 2062 1891 τὴν
2114 1819 2272 1904 Ῑιόλιν
2311 1819 2419 1875 τῶν
2437 1822 2836 1904 μὈρχομενίων
2883 1827 3054 1894 πολὺς
3087 1832 3182 1884 καὶ
3213 1832 3462 1904 πλώϊμος
3493 1837 3555 1890 ἐν

1960 1901 2168 1972 πηγαῖς
2201 1898 2364 1971 μόνος
2392 1900 2504 1958 τῶν
2554 1903 2889 1975 Ἑλληνικῶν
2919 1910 3204 1982 ποταμῶν,
3238 1925 3296 1967 ιιι
3341 1898 3557 1971 Plutar-

1958 1984 2096 2069 chus
2130 1985 2184 2039 in
2218 1984 2376 2040 Sulla
2416 2002 2468 2057 p.
2496 1986 2603 2042 465
2631 1989 2727 2044 ait.
2754 1988 3069 2047 Firmantur
3097 1996 3302 2067 reliqua
3333 2001 3553 2069 egregio

1958 2065 2159 2151 lapide,
2186 2069 2343 2139 cujus
2368 2071 2703 2140 epigramma
2734 2071 2967 2130 Donian.
3006 2065 3264 2151 lmeripl.
3292 2065 3489 2139 ϐιαιο.-
3511 2099 3551 2148 ι,

1958 2149 2028 2206 98
2059 2166 2234 2222 nuper
2263 2153 2526 2209 insertum
2553 2161 2660 2218 est.
2702 2156 2800 2212 sed
2851 2160 3165 2217 mendosius
3188 2149 3549 2234 excerptum.

1968 2235 2120 2290 Adde
2148 2235 2401 2291 eumdem
2431 2236 2787 2295 Plutarchum
2826 2242 2878 2295 in
2910 2241 3166 2312 PeIOpida
3198 2261 3253 2315 p.
3279 2246 3406 2303 286.

2024 2317 2166 2373 Ibid.
2203 2319 2538 2390 Ἄμφισσα.
2578 2320 2710 2378 Erat
2755 2324 2807 2378 in
2855 2324 3147 2382 Ozolarum
3196 2341 3251 2384 et
3296 2330 3553 2391 Phocidis

1958 2400 2181 2471 Ilnibus,
2227 2403 2422 2460 stadiis
2471 2404 2577 2459 126
2635 2405 2854 2476 Delphis
2908 2420 3192 2480 separata.
3244 2414 3549 2472 Pausanias

1957 2485 2124 2550 Phoc.
2158 2504 2207 2543 c.
2240 2488 2335 2545 '58.

2023 2570 2162 2627 Ibid.
2190 2571 2430 2642 Τιοώρα.
2463 2572 2578 2629 Sita
2605 2581 2724 2629 erat
2759 2576 2825 2630 ad
2854 2576 3183 2634 Paruassum
3218 2581 3410 2638 stadiis
3439 2583 3549 2639 cir-

1955 2655 2092 2712 citer
2113 2656 2183 2712 80
2207 2674 2233 2709 a
2279 2658 2518 2728 Delphis,
2558 2657 2846 2725 Pausania,
2877 2663 2961 2716 cui
2995 2663 3232 2735 Τιθορέα
3291 2677 3345 2720 et
3381 2667 3542 2721 Τιθο-

1957 2739 2108 2810 ραία,
2140 2742 2285 2810 quod
2307 2751 2361 2796 et
2387 2739 2697 2811 Stephanus
2722 2759 2789 2798 ex
2820 2758 2886 2798 eo
2920 2746 3105 2810 habet,
3135 2757 3269 2803 teste
3298 2749 3465 2806 Phoc.
3493 2769 3544 2811 ε.

1956 2838 2131 2880 xxxii.
2156 2824 2482 2882 Plutarchus
2511 2826 2561 2881 in
2591 2824 2743 2881 Sulla
2766 2841 2818 2897 p.
2837 2828 2935 2883 461
2967 2845 3129 2901 poene
3157 2846 3279 2888 cum
3300 2831 3549 2893 Hierocle

1955 2910 2252 2973 consentit,
2280 2911 2516 2980 Τιθόραν
2543 2909 2838 2980 appellant.

2018 2993 2160 3050 Ibid.
2202 2995 2550 3065 Ἀμϐροσος.
2606 2995 2947 3066 Ἀμόρυσος.
2973 2997 3058 3051 vel
3102 2999 3373 3070 geminata
3416 3002 3549 3057 sibi-

1952 3078 2122 3143 lante,
2168 3088 2228 3133 ut
2279 3080 2421 3148 apud
2471 3076 2801 3137 Pausnniam
2857 3080 3075 3138 Plioct‘c.
3135 3098 3186 3142 c.
3232 3099 3419 3153 χχχιι,
3453 3088 3547 3145 ubi

1953 3165 2230 3222 Parnasso
2285 3164 2601 3236 apponitur.

2024 3247 2160 3304 Ibid.
2187 3249 2489 3317 Κωρωνία.
2530 3248 2850 3317 Κορώνεια,
2877 3248 2996 3305 Sita
3032 3249 3279 3307 Coronea
3317 3264 3432 3310 erat
3479 3255 3548 3309 ad

1951 3331 2228 3387 Pbliarum
2255 3345 2471 3385 amnem
2494 3370 2509 3394 ,
2536 3331 2582 3385 si
2613 3329 2907 3387 Plutarcho
2943 3335 2996 3387 in
3038 3332 3315 3404 Lysandro
3356 3352 3408 3405 p.
3438 3338 3548 3393 450

1952 3413 2169 3479 credis;
2197 3414 2242 3468 si
2265 3411 2550 3469 Pausania:
2578 3412 2799 3471 Bazatt'c.
2828 3430 2878 3470 e.
2908 3432 3091 3481 sunt,
3120 3418 3198 3471 Ad
3227 3415 3544 3490 Pbalarum;

1951 3511 2009 3555 ut
2038 3499 2093 3554 in
2130 3498 2303 3553 altero
2342 3504 2467 3552 utro
2502 3498 2693 3553 vitium
2732 3500 2883 3565 insit,
2919 3499 3081 3555 sicuti
3112 3502 3230 3555 sine
3258 3502 3423 3558 dubio
3454 3517 3541 3558 est

1951 3585 2006 3639 in
2039 3584 2275 3639 Isocrate
2307 3583 2374 3636 de
2404 3581 2522 3651 Big.
2555 3597 2609 3652 p.
2639 3581 2737 3636 εει
2775 3582 2905 3637 edit.
2944 3582 3107 3638 Basil.
3156 3580 3211 3637 "0
3253 3584 3311 3638 δὲ
3356 3588 3544 3658 πατὴρ

1951 3667 2118 3722 αὐτοῦ
2158 3667 2471 3738 μαχόμενος
2502 3668 2558 3718 ἐν
2599 3666 2914 3737 Χαιρωνείᾳ
2947 3670 3062 3730 τοῖς
3090 3667 3377 3737 πολεμίοις
3405 3669 3547 3723 ἀπέ-

1951 3738 2114 3805 θανεν
2149 3768 2162 3805 :
2198 3750 2297 3819 legi
2329 3749 2474 3803 enim
2501 3749 2560 3801 ἐν
2583 3748 2871 3822 Κορωνείᾳ
2914 3750 3097 3815 debet,
3132 3750 3544 3820 adstipulorque

1949 3833 2262 3891 emendanti
2289 3830 2701 3887 Hemsterhusio
2725 3832 3012 3888 nostro.lbi
3037 3832 3241 3888 Clinias
3263 3833 3541 3900 occubuit,

1951 3917 2183 3974 testibus
2212 3916 2434 3971 Platone
2466 3916 2518 3969 in
2554 3914 2829 3970 Alcibiade
2856 3932 2895 3985 ι,
2930 3932 2984 3988 p.
3016 3916 3119 3972 “2
3152 3925 3206 3973 et
3249 3914 3544 3973 Plutarcho

1949 4002 2121 4056 Alcib.
2153 4016 2205 4072 p.
2237 4000 2360 4056 ist.

2020 4085 2156 4142 lbid.
2190 4084 2470 4155 Στήραις.
2499 4081 2729 4140 Videtur
2770 4098 2895 4141 esse
2928 4085 3150 4157 Στίρις,
3177 4086 3541 4144 Phocensiutn

1949 4169 2230 4240 Oppidum,
2267 4170 2333 4222 de
2356 4183 2463 4237 quo
2491 4167 2789 4223 Pausanias
2824 4168 3039 4223 Phocic.
3071 4185 3122 4225 c.
3155 4186 3320 4226 xxxv.

2021 4252 2158 4307 Ibid:
2202 4249 2604 4317 Ἀναστάσιος
2639 4250 2771 4307 Mss.
2818 4252 3164 4318 ’Λναστάσις,
3188 4270 3298 4325 quo
3324 4255 3543 4309 nomine

1949 4337 2076 4392 licet
2126 4335 2327 4390 nn‘lam
2365 4334 2527 4402 hujus
2567 4348 2679 4388 ora:
2722 4334 2910 4389 urbem
2948 4339 3213 4401 noverim,
3260 4347 3315 4391 et
3355 4336 3555 4407 plures

1948 4435 2070 4477 sese
2110 4418 2227 4487 ejus
2261 4426 2606 4487 occupatura:
2643 4416 2826 4470 locum
2860 4415 3124 4484 offerant,
3172 4419 3304 4473 nihil
3356 4430 3537 4474 tamen

1949 4514 2161 4561 mutare
2209 4502 2455 4557 sustineo
2504 4516 2519 4554 :
2562 4501 2693 4571 quid
2741 4501 2786 4555 si
2841 4502 2988 4556 enim
3042 4501 3408 4557 Bmoticarum
3442 4513 3539 4557 aut

1947 4588 2203 4645 Phocidis
2246 4588 2427 4656 aliqua
2454 4599 2654 4641 nomen
2699 4585 2963 4639 mutarit?
2998 4594 3375 4655 exspectemus
3406 4601 3539 4656 ergo

1948 4674 2121 4730 donec
2165 4671 2375 4727 meliori
2408 4685 2571 4725 manu
2616 4671 2820 4725 exarati
2850 4671 3066 4726 codices
3106 4669 3250 4725 aliud
3286 4671 3532 4737 jubeant.

2017 4755 2154 4812 Ibid.
2193 4756 2482 4824 Ἕκεψος.
2515 4752 2670 4811 llaud
2718 4756 2832 4810 seio
2875 4770 2942 4809 an
2990 4752 3250 4825 Αἴδηψος,
3303 4753 3537 4812 Euboeae

1945 4840 2224 4911 oppidum,
2260 4838 2453 4906 fuerit;
2488 4853 2589 4893 nec
2616 4839 2815 4893 morari
2843 4852 3169 4909 quemquam
3203 4841 3361 4895 debet
3390 4841 3537 4911 (ιιιοά

1948 4925 2139 4981 insula:
2194 4933 2552 4994 praeponatur
2583 4941 2597 4979 :
2624 4924 3031 4994 apertissimum
3086 4923 3290 4996 quippe
3333 4920 3415 4981 est
3449 4925 3540 4995 jn-

1945 5018 2090 5066 stum
2120 5008 2394 5073 ordinem,
2439 5007 2793 5078 negligentia,
2829 5018 2889 5062 ut
2923 5017 3074 5078 puto,
3106 5007 3411 5074 librarium,
3448 5008 3538 5065 hic

1944 5106 2066 5150 esse
2097 5091 2430 5163 neglectum,
2461 5106 2637 5160 neque
2667 5101 2979 5147 accuratam
3010 5093 3149 5148 situs
3176 5092 3417 5149 habitam
3446 5107 3537 5147 ra—

1944 5179 2171 5234 tionem.
2196 5176 2430 5233 Carolus
2459 5192 2488 5231 a
2515 5175 2577 5234 S.
2610 5175 2779 5231 Paulo
2804 5177 2973 5248 νήσου
3006 5176 3245 5240 Εὐϐοίας
3283 5176 3531 5231 emendat

1942 5271 1999 5318 et
2033 5261 2160 5317 huic
2198 5259 2322 5316 urbi
2370 5260 2707 5332 agglutinal;
2739 5275 2847 5332 quo
2895 5262 3059 5318 modo
3086 5260 3271 5317 omnia
3297 5259 3354 5313 in
3394 5260 3534 5315 vado

1943 5345 2169 5402 fuerint.

2011 5431 2146 5488 Ibid.
2189 5431 2549 5502 Βουμέλιτα.
2580 5429 2856 5501 Nusquam
2894 5432 3038 5487 hanc
3067 5429 3245 5499 legere
3283 5426 3528 5485 memini.

1938 5514 2194 5584 Possent,
2239 5519 2284 5573 si
2328 5516 2654 5572 vocabulum
2699 5525 3003 5579 secaretur,
3067 5514 3192 5568 inde
3240 5511 3432 5576 Βοῦλις
3474 5521 3532 5567 et

1938 5603 2160 5670 Λίλαια,
2190 5603 2445 5659 Phocidis
2477 5604 2659 5672 urbes,
2687 5602 2869 5669 nasci;
2906 5600 3049 5672 quod
3081 5615 3215 5656 mss.
3249 5613 3354 5655 non
3377 5599 3531 5655 addi-

1938 5690 2189 5746 centibus
2210 5705 2332 5745 cum
2364 5687 2911 5761 temerariumjidcri
2938 5691 3128 5756 queat,
3148 5678 3179 5741 ξ
3202 5686 3529 5756 corrigendo

1939 5783 2249 5847 temperare
2282 5774 2455 5834 satius
2489 5774 2613 5832 erit.
