4170 6428
319 272 340 337 I
352 275 459 340 093

328 387 557 459 Ἐφύρα,
608 401 664 444 re
706 387 820 458 ipsa
873 390 1243 463 adstipulante
1278 410 1345 449 ex
1372 391 1755 458 Constantino,
1800 390 1836 444 l.
1870 390 1907 445 2

315 471 511 528 Them.
542 473 576 528 6
610 475 931 543 ιπιιξοριιινί.

387 556 506 613 Col.
547 558 668 614 141.
706 557 830 613 Νέα
865 562 1118 616 Σικυών.
1144 560 1282 616 Olim
1321 561 1518 634 Sicyon
1548 558 1904 616 Corinthiaco

315 640 463 696 sinui
494 641 814 708 accnbabat,
836 643 1001 699 indea
1026 643 1298 698 Demetrio
1315 642 1622 701 Poliorcete
1641 643 1692 695 in
1725 640 1906 710 proxi-

320 740 468 780 unum
485 734 540 779 et
570 734 761 779 natura
792 727 1061 781 munitum
1092 727 1283 782 collem
1318 726 1602 791 translata,
1641 734 1778 779 teste
1812 725 1910 779 Dio

317 809 454 862 coro
482 822 576 873 xx,
609 822 662 876 p.
695 806 802 862 827
836 818 892 864 et
919 808 1208 866 Plutarcho
1238 808 1475 866 Demetr.
1521 825 1578 880 p.
1618 806 1758 873 900;
1789 821 1912 878 qua:

318 906 517 946 novatn
547 906 654 947 non
680 892 821 948 male
850 894 955 948 dic'i
989 894 1281 949 aﬂirmant.

392 975 524 1030 Ibid.
555 975 816 1046 Αἴγειρα,
844 977 1070 1047 Αἴγιον.
1105 979 1198 1033 Sic
1241 979 1500 1048 oportuit.
1534 975 1638 1031 Ms.
1669 975 1911 1047 Αἷγηραι

318 1060 544 1127 Λίγίων.
600 1058 843 1126 Utraque
893 1061 1021 1115 urbs
1076 1060 1279 1117 veteris
1330 1059 1551 1117 Achaia:
1603 1074 1670 1113 cx
1730 1058 1910 1112 tabula

322 1140 747 1211 Pentingerana,
777 1157 897 1213 qua:
932 1143 1002 1196 12
1033 1141 1106 1197 Μ.
1132 1143 1190 1200 1³.
1225 1143 1401 1212 spatio
1434 1148 1670 1208 separat,
1689 1150 1742 1194 et
1774 1138 1914 1193 Pan-

320 1225 472 1281 siana
507 1242 599 1290 ιιι,
623 1226 694 1280 24
723 1236 779 1280 et
807 1225 877 1280 26
906 1227 1189 1283 notissima
1219 1236 1323 1282 est.
1353 1225 1509 1280 Prior
1546 1224 1749 1279 ultima:
1781 1234 1914 1277 teta-

323 1310 394 1363 tis
442 1306 663 1365 Gratciae
709 1309 974 1364 Botstitza
1030 1300 1305 1375 dicta'est,
1368 1322 1513 1378 saepe
1567 1322 1634 1361 eo
1691 1307 1912 1360 nomine

322 1395 465 1463 apud
499 1392 790 1462 Georgium
822 1392 1125 1448 Phranzam
1162 1393 1343 1457 obvia,
1378 1401 1437 1447 ιιι
1463 1392 1500 1446 l.
1528 1406 1588 1456 tt,
1624 1390 1679 1453 2,
1712 1389 1768 1446 9.

396 1477 529 1530 Ibid.
589 1474 861 1545 Μεθώνη.
908 1475 1038 1531 Mss.
1100 1477 1204 1531 hoc
1258 1476 1489 1546 probant
1545 1490 1560 1527 :
1610 1472 1841 1529 Carolus
1881 1485 1911 1527 a

325 1559 384 1615 S.
420 1558 585 1614 Paulo
613 1559 842 1614 Mstlava.
869 1559 1126 1631 vulgavit.
1162 1560 1316 1615 Prius
1350 1558 1682 1629 Thucydidis
1727 1564 1914 1626 patro-

323 1645 467 1699 cinio
515 1652 686 1697 tutum
741 1654 826 1699 est
874 1645 911 1697 l.
947 1660 1021 1708 IV,
1058 1660 1109 1700 c.
1142 1645 1235 1709 15,
1290 1643 1563 1713 posterius
1603 1640 1914 1707 Strabonis,

326 1727 364 1781 I.
409 1742 527 1790 vm,
578 1742 631 1796 p.
670 1727 777 1781 574
818 1734 873 1781 et
922 1726 1204 1782 Pausania:
1236 1727 1272 1781 Ι.
1311 1741 1371 1793 ιι,
1428 1742 1481 1781 c.
1516 1725 1608 1780 51.
1637 1723 1911 1795 Oppidum

325 1819 441 1864 erat
469 1810 734 1863 munitum
760 1811 812 1863 in
846 1810 1050 1865 isthmo
1083 1809 1393 1867 'l‘roezenio.

396 1892 532 1949 Ibid.
578 1891 856 1962 Τρυζένα.
908 1892 1020 1948 Ιιιιο
1086 1892 1345 1965 Τροιζὴν,
1393 1900 1486 1947 aut
1540 1887 1816 1964 Τροιζήνη
1845 1904 1912 1946 ex

326 1975 637 2042 Ptolemaeo,
669 1976 776 2031 nisi
807 1984 863 2031 et
896 1976 949 2032 id
978 1978 1032 2031 in
1065 1978 1197 2032 vitio
1219 1978 1310 2032 sit.

396 2059 532 2116 Ibid.
576 2060 871 2128 Πίλαυρα.
923 2059 1037 2115 Iloc
1084 2069 1176 2115 ant
1234 2058 1485 2130 ΙΙίνοιυρα
1535 2071 1669 2113 mss.
1722 2059 1914 2129 prtere-

327 2150 477 2198 runt.
505 2141 700 2197 Verum
748 2153 832 2198 est
879 2143 1225 2215 Ἐπίδαυρος,
1281 2141 1431 2197 cultu
1488 2140 1789 2211 JEsculapii
1831 2140 1913 2197 l'a-

327 2240 476 2281 mosa
504 2236 563 2282 et
594 2224 841 2281 Trmzeni
875 2227 1070 2282 vicina.

397 2308 532 2365 Ibid.
606 2308 750 2379 Ἱερὰ
806 2310 989 2380 μόνη.
1031 2308 1319 2380 Ἑρμιόνη,
1367 2324 1488 2379 quae
1535 2316 1591 2365 et
1648 2308 1910 2381 Ἑρμιών,

327 2401 387 2449 ιιι
408 2394 546 2449 bene
571 2393 625 2448 in
657 2394 931 2463 Stephano
966 2394 1070 2447 viri
1103 2392 1248 2447 docti
1279 2392 1638 2446 relinxerunt.
1700 2390 1914 2462 Euripi-

326 2479 421 2531 des
475 2476 636 2532 IIerc.
673 2475 801 2531 For;
849 2476 957 2531 615
1006 2493 1017 2529 :
1071 2474 1307 2538 Χθονίας
1338 2491 1422 2529 νιν
1455 2474 1618 2538 ἄλσος
1672 2473 1914 2545 Ἑρμιών

324 2559 514 2630 τ’ἔχει
545 2558 722 2622 πόλις.
771 2558 1073 2630 Hesychius
1099 2559 1176 2614 ait
1218 2572 1341 2612 esse
1385 2557 1542 2611 πόλιν
1586 2559 1645 2611 ἐν
1692 2558 1913 2629 Ἀργει,

328 2658 426 2714 pro
467 2642 691 2714 Ἀργείᾳ
716 2644 829 2698 sive
854 2641 1126 2712 Argolide,
1154 2640 1303 2711 quod
1348 2641 1521 2712 ipsum
1559 2641 1626 2696 de
1652 2640 1915 2700 Trcezene

327 2728 605 2798 Epidauro
643 2738 808 2797 atque
862 2727 1033 2796 Alope
1086 2725 1274 2783 itidem
1327 2727 1607 2797 przedicat.
1655 2727 1916 2782 Colebant

328 2810 754 2872 Ilermionenses
780 2809 1057 2880 pratcipuo
1125 2810 1354 2865 honore.
1416 2808 1668 2865 Cererem
1710 2808 1916 2865 Chtho-

327 2896 495 2962 niam,
532 2894 677 2965 quod
728 2900 924 2964 praeter
969 2891 1301 2948 Pausaniam
1347 2891 1678 2947 Corinthiac.
1732 2908 1784 2949 e.
1846 2894 1914 2948 55

324 2978 601 3050 egregium
669 2992 772 3034 nos
840 2990 1084 3033 marmor
1139 2975 1300 3031 docet
1371 2976 1621 3047 Inscript.
1682 2975 1911 3032 Donian.

325 3062 396 3117 ei.
426 3076 503 3129 tv,
530 3060 596 3129 9;
625 3060 678 3117 in
702 3074 813 3131 quo
846 3059 948 3115 etsi
977 3072 1122 3115 nunc
1150 3056 1317 3115 Ceres
1344 3074 1375 3114 a
1405 3059 1675 3115 Chthonia
1721 3059 1913 3114 distin-

323 3156 542 3217 guatur,
569 3146 804 3202 dubitari
852 3160 959 3200 non
991 3153 1171 3215 potest
1193 3143 1324 3215 quin
1359 3144 1791 3216 exscriptoribus
1821 3160 1916 3200 ac-

322 3241 538 3301 ceptum
571 3229 622 3285 id
650 3228 871 3295 referri,
897 3236 954 3283 ut
979 3229 1132 3300 plura
1171 3228 1224 3283 in
1257 3243 1322 3283 eo
1353 3228 1551 3298 lapide,
1578 3228 1787 3299 legique
1810 3242 1915 3281 non

322 3312 444 3368 ΚΑΙ
485 3312 791 3366 ΔΔΜΑΤΡΙ
841 3313 966 3367 ΚΑΙ
1008 3311 1295 3367 ΧΘΟΝΙΑΙ
1338 3313 1435 3368 sed
1467 3312 1580 3366 TAI
1608 3311 1913 3364 ΔΔΜΑΤΡΙ

322 3396 436 3453 TAI
467 3397 753 3452 ΧΘΟΝΙΔΙ
782 3405 1050 3468 oporteat.

395 3481 531 3537 Ibid.
558 3480 905 3551 Θὰρπουσα.
933 3480 997 3536 C.
1018 3479 1334 3546 Θάλπουσα,
1355 3477 1602 3534 Arcadize
1620 3479 1771 3544 urbs,
1792 3476 1918 3533 Ste-

320 3567 525 3638 pbano.

394 3650 531 3705 Ibid.
587 3648 939 3704 Μαντίνεια.
967 3646 1051 3702 Ab
1079 3645 1352 3716 Antigono
1375 3645 1556 3715 Argivi
1583 3646 1724 3700 dono
1759 3658 1915 3700 acce-

319 3747 467 3808 ptam
503 3736 872 3804 Antigoniam,
911 3747 1021 3804 quo
1061 3733 1282 3787 nomine
1313 3730 1603 3800 Plutarchi
1642 3739 1822 3793 aetate,
1856 3739 1918 3783 ut

325 3823 381 3877 in
412 3820 582 3875 Arato
613 3818 872 3889 prodidit,
913 3833 968 3888 p.
1002 3816 1164 3882 IOI8,
1202 3825 1410 3870 tantum
1472 3822 1596 3868 nota
1649 3822 1787 3878 erat,
1819 3827 1915 3867 ν.)-

319 3912 543 3960 carunt.
578 3900 879 3957 Pristinum
923 3915 1125 3955 nomen
1155 3897 1425 3954 beneﬁcio
1472 3895 1733 3951 Hadriani
1775 3896 1916 3953 rcci-

320 3989 556 4059 peravit,
596 3985 868 4042 Pausania
897 3984 1148 4038 Arcadic.
1188 3996 1240 4038 e.
1270 3997 1370 4037 vm
1402 3991 1560 4038 teste.

395 4072 533 4126 Ibid.
590 4070 939 4139 Γερένθραι.
995 4066 1194 4123 Verum
1236 4079 1435 4119 nomen
1470 4071 1555 4119 est
1586 4064 1914 4138 I‘epﬁvOpat,

322 4166 387 4213 ιιι
436 4154 758 4227 Sylburgius
812 4152 879 4208 ad
924 4156 1161 4211 Pausan.
1198 4148 1401 4203 Lacon.
1452 4161 1503 4204 c.
1550 4163 1666 4203 uti
1711 4148 1914 4207 docuit.

322 4239 592 4311 Oppidum
621 4244 739 4293 erat
771 4234 1342 4291 Eleutherolaconum.

396 4323 532 4378 Ibid.
570 4323 780 4390 Φαραί.
827 4318 1060 4376 Carolus
1090 4333 1119 4374 a
1161 4317 1222 4373 S.
1259 4315 1428 4373 Paulo
1453 4317 1623 4390 Φεραί
1648 4331 1715 4373 ex
1741 4315 1917 4372 Ptole-

323 4421 463 4463 maeo
490 4407 747 4477 corrigit;
778 4419 887 4475 quo
916 4403 1078 4460 facile
1102 4402 1431 4469 carebimus,
1459 4403 1761 4474 prtesertim
1793 4416 1916 4457 cum

324 4492 460 4547 vitio
487 4505 597 4546 non
629 4492 699 4547 sit
727 4489 959 4544 liberum
1000 4503 1017 4540 :
1051 4484 1230 4557 Φηραί
1266 4486 1437 4555 enim,
1484 4487 1628 4556 quod
1676 4487 1815 4542 idem
1855 4498 1919 4538 ac

320 4576 522 4648 Φαραί,
555 4581 897 4645 oportuerat,
926 4582 986 4626 ut
1014 4569 1182 4625 Henr.
1219 4568 1464 4626 Valesius
1494 4571 1548 4624 in
1578 4568 1790 4641 Polybii
1823 4584 1918 4624 ex-

322 4667 487 4728 cerpt.
521 4675 577 4728 p.
615 4657 685 4713 15
716 4656 980 4711 ostendit.
1021 4653 1166 4709 Urbs
1199 4661 1322 4708 erat
1350 4653 1465 4724 agri
1495 4653 1772 4710 Messenii.

396 4746 533 4803 Ibid.
588 4741 948 4807 Ἀσώπολις.
986 4737 1288 4796 Conﬂatum
1327 4740 1429 4793 hoc
1462 4753 1717 4808 perverse
1745 4749 1827 4793 est
1850 4753 1915 4792 ex

334 4829 583 4892 Ἀσωπὸς
627 4826 816 4892 πόλις,
875 4834 933 4880 ιιι
979 4838 1049 4879 ex
1097 4820 1393 4877 Ptolemaeo
1440 4821 1477 4873 Ι.
1533 4836 1621 4887 ιιι,
1660 4838 1711 4875 e.
1751 4822 1818 4876 Iti
1862 4831 1918 4875 et

324 4914 595 4971 Pausania
640 4910 839 4965 Lacon.
877 4926 927 4964 e.
975 4908 1049 4961 22
1090 4912 1433 4975 compertum
1468 4904 1753 4960 habemus.
1812 4902 1915 4959 Ve-

322 5001 438 5055 rius
467 4998 532 5052 ad
568 4997 709 5052 hanc
740 4995 932 5050 urbem
963 5006 1131 5063 quam
1168 4991 1235 5045 ad
1282 4988 1646 5059 Asopitidem,
1681 4988 1796 5059 agri
1826 4988 1913 5044 Si-

322 5082 505 5155 cyonii
554 5090 788 5149 partem,
825 5079 1133 5151 elegantem
1177 5089 1209 5129 e
1235 5073 1401 5130 Thes.
1436 5073 1646 5128 Britan.
1679 5082 1812 5129 tom.
1849 5071 1915 5138 Il,

322 5186 377 5239 p.
433 5166 543 5222 217
615 5180 838 5221 nunmm
892 5162 1170 5227 retnleris,
1222 5160 1276 5214 in
1335 5157 1492 5228 cujus
1541 5157 1711 5213 altera
1763 5170 1916 5227 parte

320 5251 625 5305 (ιτΟΥΛΒῘΛ
690 5248 1119 5303 ΠΛΔΥἸΊΛΛΑ.
1168 5241 1374 5307 CER,
1442 5243 1613 5297 altera
1670 5241 1915 5297 Nemesis

321 5345 457 5391 rotae
492 5335 683 5406 pedem
718 5334 1024 5403 imponens,
1074 5330 1262 5386 addito
1294 5325 1685 5381 ΑΣΩΠΕΙΤΩΝ
1714 5339 1916 5398 cogno—

324 5420 493 5483 mine,
518 5417 873 5488 conspicitur.
1688 5464 1703 5477 κ

394 5502 532 5556 Ibi'd.
582 5500 836 5570 Ἀκρεαί.
873 5500 1091 5570 Ἀκριαί
1121 5507 1387 5571 ρτωειιιιιν.
1415 5512 1480 5551 ex
1515 5493 1744 5565 Polybio
1763 5508 1815 5558 ι’,
1847 5494 1913 5550 10

319 5597 377 5641 et
407 5586 676 5641 Pausania
718 5585 919 5642 Lacon.
975 5601 1111 5651 χχιι,
1148 5586 1220 5640 60
1264 5583 1457 5640 stadiis
1502 5582 1686 5651 Asopo
1731 5594 1915 5636 semo-

318 5680 503 5727 vente.
532 5668 825 5728 Ptolemaeo
856 5672 1113 5741 Ἀκρεια,
1169 5667 1424 5727 Straboni
1470 5667 1725 5737 Ἀκραῖα,
1768 5664 1911 5719 haud

320 5770 460 5813 sane
490 5756 648 5813 bene.

1139 281 1529 344 COMMENT.
1576 280 1656 341 IN
1701 279 2114 341 IIIEIIOCLIS
2155 282 2699 345 SYNECDEMUM.

3449 287 3592 353 1001

2091 391 2223 447 Ibid.
2255 391 2529 449 Φιιίλιιια.
2568 394 2794 447 (breast:
2830 401 3036 449 rectum
3078 404 3183 461 est,
3228 396 3343 467 quo
3381 402 3605 458 nomine
3683 391 3711 399 ”

2017 474 2264 531 Arcadiae
2296 476 2552 545 oppidum
2595 476 2719 544 fuit,
2755 477 2884 532 olim
2929 478 3192 547 Φιγάλεια
3231 481 3455 539 dictum.
3493 485 3601 539 Cn-

2016 555 2230 612 lebatur
2271 558 2344 613 ibi
2404 556 2667 625 Bacchus,
2715 569 2773 614 ιιι
2820 575 2882 614 ex
2922 561 3156 617 Diodoro
3200 561 3240 616 ι.
3291 579 3379 631 xv,
3412 579 3467 634 p.
3495 566 3601 623 557
3699 574 3702 578 ‘

2015 641 2237 709 videas;
2268 643 2408 696 unde
2437 642 2783 713 Lymphroni
2816 642 2972 701 Alex.
3000 643 3107 699 212
3135 644 3349 715 δαίμων
3371 648 3603 720 ἐνόρχης

2015 724 2285 792 Φιγαλεὺς
2342 727 2700 795 φαυστήριος.
2770 726 2963 783 Ιιιροιιυ
3012 729 3315 784 ΦΙΑΛΕΩΝ
3382 737 3604 790 nomine

2019 804 2073 859 in
2101 808 2279 863 numis
2314 807 2499 862 Severi
2533 820 2587 862 et
2623 809 2854 862 aliorum
2889 810 3133 880 insignes
3157 822 3309 867 sunt.

2091 888 2226 946 Ibid.
2296 893 2587 960 Κορωνία.
2638 890 2872 962 Κορώνη
2921 908 3051 948 vero
3089 896 3311 950 nomine
3337 897 3453 968 agri
3489 898 3606 955 haec

2018 972 2341 1030 Messeniaci
2382 976 2513 1030 urbs
2564 975 2684 1041 fuit,
2736 977 2912 1030 vicina
2964 974 3181 1033 Pamiso
3226 976 3410 1048 IInvio,
3441 996 3602 1051 quem

2017 1057 2342 1115 Ptolemaeus
2409 1059 2667 1113 Panisum
2726 1059 2870 1114 hattd
2932 1069 3079 1118 recte
3132 1061 3413 1131 appellat,
3460 1068 3603 1135 apud

2017 1138 2341 1197 Pausaniam
2379 1141 2695 1198 Messenios.
2723 1157 2775 1199 c.
2802 1144 2907 1212 151,
2933 1144 3162 1214 turpiter
3194 1145 3246 1200 in
3285 1160 3352 1202 eo
3380 1146 3606 1203 ﬂumine

2018 1224 2248 1280 adhaesit
2302 1223 2421 1280 Jac.
2487 1225 2763 1281 Pontanus
2816 1243 2830 1279 :
2885 1242 3009 1282 nam
3072 1242 3199 1284 cum
3252 1229 3306 1284 in
3370 1229 3606 1301 Georgio

2017 1307 2269 1365 Phranza
2300 1324 2361 1374 ιι,
2397 1308 2432 1362 2
2473 1309 2766 1380 Πάμμισον
2801 1311 3051 1381 ποταμόν
3094 1313 3146 1366 in
3194 1315 3374 1368 sinum
3403 1313 3605 1371 Messe-

2021 1392 2235 1446 niacnm
2282 1391 2458 1446 evolvi
2501 1393 2743 1463 legisset,
2774 1394 3029 1451 omnibus
3084 1395 3353 1451 odiosum.
3382 1394 3602 1452 Iluvium

2021 1473 2145 1528 inde
2179 1472 2328 1528 fecit.
2363 1475 2551 1543 Asine,
2594 1490 2716 1547 quas
2760 1476 3028 1547 sequitur,
3072 1476 3304 1534 Coronae
3342 1479 3602 1534 viciniam

2022 1556 2241 1611 insedit.

2089 1639 2227 1694 Ibid.
2285 1642 2560 1709 Μοθώνη.
2622 1640 2891 1698 Tuebitnr
2945 1654 3006 1697 se
3069 1643 3348 1699 Hierocles
3404 1645 3599 1701 tabula:

2022 1721 2431 1794 Peutingeranre
2483 1734 2538 1781 et
2595 1725 2879 1783 Pausania)
2923 1724 3203 1796 Snﬂ'ragio,
3254 1725 3349 1797 qui
3402 1728 3603 1795 passim

2019 1804 2286 1877 Μοθώνην
2339 1815 2394 1862 et
2445 1808 2651 1863 incolas
2697 1800 3076 1873 Μοθωῦαίους,
3125 1818 3183 1861 ιιι
3217 1809 3255 1864 Ι.
3298 1824 3378 1871 tv,
3414 1823 3465 1865 c.
3512 1812 3604 1874 55,

2020 1888 2278 1958 appellat.
2310 1889 2681 1961 Thucydides,
2716 1890 2939 1957 Strabo,
2970 1890 3291 1946 Ptolemaeus
3322 1899 3484 1960 atque
3509 1894 3604 1946 alii

2020 1971 2281 2043 Μεθώνην
2329 1973 2558 2031 malunt.
2613 1974 2924 2030 Mathonem
2988 1990 3089 2030 suo
3133 1989 3351 2044 quoque
3394 1975 3610 2031 calcqu

2021 2067 2195 2112 ratam
2223 2056 2411 2112 habuit
2447 2057 2770 2114 Ammianus
2803 2073 2953 2127 XXVI,
2984 2058 3053 2113 10
3074 2068 3130 2115 et
3156 2073 3297 2131 quos
3332 2069 3500 2119 testes
3532 2062 3605 2117 ibi

2019 2139 2312 2207 appellavit
2348 2140 2515 2196 Henr.
2553 2139 2824 2197 Valesius.

2090 2220 2222 2279 Ibid.
2260 2222 2627 2293 Κυπαρισια.
2665 2224 2893 2281 Gemina
2934 2225 3192 2283 sibilante
3241 2243 3435 2286 omnes
3463 2229 3607 2286 seri-

2019 2304 2175 2373 bunt,
2205 2307 2261 2361 in
2292 2307 2444 2364 vocis
2484 2324 2713 2364 numero
2740 2309 3037 2365 variantes.
3087 2309 3371 2367 Pausaniae
3405 2315 3605 2367 Κυπα-

2021 2390 2229 2460 ρισσιαι
2291 2387 2522 2447 Messen.
2576 2408 2630 2449 c.
2681 2408 2869 2457 nm,
2918 2392 3171 2448 Straboni
3222 2410 3343 2461 vm,
3393 2409 3450 2463 p.
3502 2395 3603 2450 501
3669 2432 3676 2437 -

2019 2473 2394 2545 Κυπαρισσία.
2452 2474 2720 2545 Oppidum
2751 2484 2867 2531 erat
2909 2474 3303 2532 Messeniorum
3342 2478 3397 2532 in
3439 2478 3611 2535 Elidis

2023 2556 2242 2623 finibus,
2280 2559 2347 2614 15
2388 2557 2458 2613 Μ.
2497 2559 2558 2615 Ρ.
2586 2575 2616 2613 a
2645 2558 2797 2631 Pylo,
2826 2570 2883 2615 ut
2913 2558 3138 2627 Tabula,
3163 2562 3250 2616 cui
3282 2560 3597 2634 Cyparissa,

2020 2642 2279 2699 ostendit.
2678 2662 2681 2666 ·

2091 2725 2225 2783 Ibid.
2256 2722 2457 2794 Ἦλις.
2490 2727 2621 2782 Novi
2651 2726 2937 2784 Elitlenses
2953 2737 3008 2783 et
3036 2726 3248 2786 Etolos
3277 2730 3603 2801 cognatione

2023 2811 2189 2869 fuisse
2213 2811 2283 2868 ob
2320 2812 2816 2883 Oxylnmjunetos,
2862 2814 2956 2869 sed
2993 2828 3182 2868 eorum
3216 2815 3404 2871 urbem
3447 2812 3605 2869 Elo-

2022 2895 2108 2950 liae
2137 2903 2395 2965 tanquam
2420 2905 2582 2964 caput
2607 2895 2778 2951 fuisse
2804 2896 3117 2966 impositam
3145 2896 3434 2952 diIIieultcr
3475 2897 3605 2951 mihi

2021 2979 2339 3048 persuaderi
2381 2980 2579 3049 patior.
2618 2979 2845 3045 Desunt,
2875 2981 3069 3049 quibus
3108 2995 3173 3035 ea
3216 2981 3453 3052 dignitas
3481 2982 3602 3033 ιιι-ιιί

2024 3062 2295 3131 ﬁrmetur,
2341 3073 2706 3134 argumenta;
2740 3064 2953 3135 longius
2987 3074 3250 3134 praeterea
3282 3066 3351 3119 ab
3401 3063 3613 3119 [Etolia

2021 3153 2141 3201 erat
2166 3146 2444 3216 disparata
2488 3162 2652 3218 quam
2689 3147 2887 3216 utejns
2927 3146 3095 3202 fuisse
3130 3146 3454 3215 metropolin
3488 3149 3609 3217 opi-

2023 3231 2145 3285 nari
2166 3230 2362 3301 possis.
2412 3230 2553 3286 Puto
2598 3231 2830 3285 deiicere
2862 3230 2949 3286 hic
2980 3228 3194 3296 Patras,
3239 3229 3476 3286 nobilem
3509 3245 3609 3285 ιιι-«-
3724 3240 3739 3245 '

2022 3315 2167 3381 bern,
2207 3325 2398 3370 contra
2445 3312 2709 3369 IEtoliam
2764 3314 2997 3383 positam
3042 3330 3058 3368 :
3110 3327 3232 3367 eam
3280 3313 3609 3382 metropolin

2023 3396 2192 3452 fuisse
2220 3412 2286 3452 ex
2315 3394 2548 3466 epistola
2604 3395 2803 3451 Leonis
2838 3395 3190 3465 imperatoris
3214 3396 3507 3464 additoque
3534 3395 3610 3449 illi

2022 3481 2272 3551 catologo
2314 3488 2462 3534 tomo
2497 3476 2569 3532 IX
2602 3476 2810 3534 Conril.
2847 3476 3042 3533 Labbci
3100 3494 3155 3548 p.
3192 3476 3300 3533 267
3332 3479 3472 3534 citra
3512 3482 3617 3533 duo

2023 3565 2173 3620 bium
2203 3572 2308 3620 est.
2344 3562 2521 3618 Habet
2564 3563 2791 3617 eandem
2836 3561 2980 3616 inter
3010 3560 3341 3630 metropoles
3368 3576 3436 3616 ex
3479 3561 3612 3617 Ilie-

2025 3647 2174 3703 roele
2204 3645 2603 3702 Constantinus
2671 3645 2709 3699 Ι.
2776 3659 2813 3699 ιι
2869 3642 3064 3699 Them.
3113 3644 3168 3698 6.
3234 3642 3345 3699 Nec
3407 3645 3609 3701 morari

2022 3744 2348 3802 quamquam
2370 3729 2508 3785 situs
2535 3728 2684 3785 urbis
2709 3739 2863 3782 extra
2898 3726 3155 3781 IEtoliam
3189 3727 3350 3783 debet
3379 3743 3395 3781 :
3433 3741 3616 3795 neque

2024 3814 2169 3870 enim
2209 3812 2367 3884 longo
2418 3811 2646 3883 trajectu
2689 3811 2818 3866 inde
2848 3810 3146 3866 dissociata
3193 3808 3330 3878 fuit;
3367 3818 3421 3865 et
3467 3824 3609 3879 pra:-

2026 3907 2174 3955 terea
2201 3897 2367 3953 multa
2396 3896 2680 3965 Angustus
2712 3895 3011 3964 imperator
3040 3910 3107 3951 ex
3145 3896 3398 3965 opposita
3434 3892 3611 3948 conti-

2025 3992 2189 4038 nente
2215 3981 2412 4051 Oppida
2446 3979 2627 4035 Patris
2671 3978 3025 4043 condonavit,
3054 3977 3123 4032 de
3170 3978 3367 4046 quibus
3405 3976 3615 4032 Pausa-

2025 4065 2146 4122 nias
2174 4080 2231 4131 ι,
2262 4064 2355 4120 58.
2393 4063 2527 4119 Vide
2573 4077 2790 4133 quoque
2829 4076 2930 4126 vn,
2976 4060 3043 4116 I8
3068 4071 3124 4117 et
3156 4060 3354 4116 Ezech.
3393 4060 3610 4129 Sphan-

2025 4151 2269 4208 bernium
2329 4149 2552 4205 dissert.
2610 4148 2672 4204 11
2731 4148 2797 4204 de
2853 4163 2956 4203 usu
3016 4157 3067 4203 et
3120 4156 3301 4218 priest.
3362 4146 3615 4201 nuntiam.

2025 4249 2082 4305 p.
2117 4232 2246 4288 524.

2097 4316 2229 4371 Ibid.
2273 4313 2484 4382 Νῆσος
2524 4312 2863 4383 Πάνορμος.
2910 4314 3066 4370 Iiaud
3119 4327 3309 4383 parum
3350 4311 3616 4368 molestia:

2027 4403 2141 4457 haec
2160 4399 2299 4454 mihi
2332 4398 2507 4456 insula
2535 4397 2831 4468 adspersit,
2865 4411 3046 4467 neque
3073 4398 3342 4452 hactenus
3366 4402 3494 4452 'eam
3524 4396 3614 4451 de-

2026 4500 2228 4558 ponere
2271 4484 2419 4555 potui
2466 4501 2482 4539 :
2554 4489 2764 4539 tantum
2813 4497 2935 4552 quze
2969 4482 3022 4536 in
3067 4489 3303 4536 mentem
3343 4479 3624 4543 venerint,

2026 4570 2355 4628 adscribam.
2388 4567 2721 4623 Panormutn
2751 4565 2984 4622 insulam
3026 4574 3243 4621 veteres
3272 4564 3481 4620 circum
3515 4563 3617 4618 Pe-

2028 4657 2384 4724 loponnesum
2417 4652 2671 4723 ignorant
2718 4667 2733 4704 :
2780 4648 2945 4705 habet
2966 4648 3090 4718 ejus
3126 4647 3362 4703 nominis
3399 4656 3614 4717 portum

2027 4752 2194 4810 pr0pe
2229 4735 2428 4791 Rhium
2479 4736 2532 4790 in
2581 4733 2842 4804 Naupacti
2874 4732 3112 4788 adverso
3153 4731 3336 4787 littore
3361 4729 3625 4801 Polybius

2028 4838 2083 4886 ν,
2114 4820 2223 4876 102
2256 4827 2311 4876 et
2335 4817 2638 4874 Pausanias
2666 4817 2884 4872 Aclmic.
2915 4815 3008 4880 22,
3038 4816 3132 4884 qui
3165 4815 3353 4886 utique
3380 4814 3518 4869 nihil
3548 4816 3626 4867 ad.

2028 4908 2169 4960 hanc.
2200 4902 2464 4959 insulam.
2510 4904 2686 4957 Aliam
2725 4902 2780 4956 in
2817 4899 3164 4971 Cephallenia
3200 4900 3353 4954 novit
3378 4898 3619 4954 Artemi-

2027 4989 2191 5046 dorus
2261 4987 2403 5058 apud
2465 4985 2824 5056 Porphyrium
2884 4984 2952 5039 de
3021 4982 3392 5056 Nympharum
3454 4990 3624 5036 antro

2026 5086 2077 5140 p.
2109 5071 2236 5136 114,
2261 5072 2392 5126 edit.
2426 5071 2631 5124 Barnes
2663 5086 2677 5122 :
2708 5068 2819 5138 Τῆς
2851 5066 3243 5139 Κεφαλληνίας
3268 5065 3376 5121 ἀπὸ
3399 5064 3614 5135 Πανόρ-

2028 5172 2131 5226 μου
2184 5153 2404 5225 λιμένος
2443 5153 2581 5227 πρὸς
2627 5150 2896 5220 ἀνατολὴν
2949 5150 3159 5207 δώδεκα
3211 5151 3402 5205 στάδια
3452 5151 3622 5220 νῆσός

2024 5240 2175 5295 ἐστιν
2211 5238 2393 5309 Ἰθάκη
2427 5235 2661 5291 σταδίων
2690 5235 3024 5306 ὁγδοήκοντα
3058 5238 3242 5289 πέντε.
3296 5233 3364 5288 Ει
3387 5233 3619 5300 Antipa-

2025 5333 2108 5379 ter
2158 5323 2212 5378 in
2265 5324 2663 5393 epigrammate
2723 5322 2792 5375 ab
2845 5319 3153 5377 Ilolsteinio
3213 5317 3281 5372 ad
3343 5313 3617 5385 Stephani

2027 5408 2315 5478 Πάνορμος
2377 5407 2650 5477 publicato
2696 5425 2711 5461 :
2764 5405 2925 5461 Φοῖϐε
2971 5403 3341 5475 Κεφαλλήνων
3389 5400 3618 5471 λιμενὸ-

2026 5510 2216 5559 axona,
2268 5493 2390 5548 οἴνα
2445 5492 2736 5565 Πανόρμου
2797 5491 2966 5546 ναίων
3013 5489 3278 5561 τρηχείης
3310 5485 3621 5555 ἀντιπέρην

2025 5578 2264 5649 Ἰθάκης.
2295 5576 2433 5633 Ilinc
2454 5590 2553 5647 ego
2591 5577 2808 5632 dedisse
2839 5573 3140 5629 Hieroclem
3171 5571 3358 5643 Νὴσου
3390 5567 3622 5640 Κεφαλ-

2022 5663 2212 5734 ληνίας
2257 5662 2548 5734 Πάνορμος
2591 5658 2974 5730 conjiciebam,
3006 5664 3100 5710 aut
3131 5664 3282 5712 certe
3325 5669 3392 5710 ex
3430 5663 3618 5731 portis

2027 5747 2191 5806 nobis
2217 5745 2452 5803 insulam
2496 5745 2713 5803 fecisse.
2750 5742 2870 5808 Quo
2905 5741 3087 5798 minus
3114 5749 3303 5807 tamen
3321 5754 3510 5799 secure
3553 5740 3619 5795 io
