4170 6424
545 283 688 350 1095

531 403 619 457 his
649 397 1016 468 acquiescam,
1037 393 1391 449 Marcellinus
1421 394 1617 450 Comes
1662 397 1846 461 cIIieit,
1879 397 2116 451 Zenonis

534 481 880 554 imperatoris
925 481 1078 549 jussu
1115 479 1315 549 Pelagii
1350 479 1527 550 gulam
1565 481 1615 534 in
1651 481 1846 545 insula,
1881 498 2000 551 qum
2025 481 2122 534 Pa—

534 579 756 620 normus
789 563 1008 627 dicitur,
1052 563 1244 632 laqueo
1283 563 1508 617 tractam
1546 579 1598 616 a.
1647 563 1752 617 590
1790 579 2120 618 memorans.

533 648 650 703 Etsi
677 649 845 711 enim,
875 647 963 700 ubi
993 646 1167 714 posita
1196 643 1357 699 fuerit
1390 645 1586 710 insula,
1617 646 1816 702 addere
1863 646 2122 718 neglexe-

534 731 626 794 rit,
659 729 774 783 ﬁeri
809 730 984 798 potuit
1011 738 1070 782 ut
1097 744 1203 783 non
1234 729 1394 782 aliam
1428 730 1678 798 signarit.

608 813 726 867 Col.
763 812 883 866 144.
915 813 1198 879 Κυθηρία.
1233 811 1570 866 Prmstiterat
1613 812 1849 885 Κύθηρα
1894 822 1949 868 et
1998 825 2120 865 mox

543 897 894 966 Στρὸφαδες,
967 905 1110 948 noue
1168 893 1468 965 Virgiliano
1513 911 1674 950 versu
1723 916 1736 952 :
1794 898 2119 967 Strophades

536 980 698 1032 Graio
721 988 870 1033 stant
898 979 1105 1031 nomine
1130 978 1284 1032 dicta:
1307 978 1498 1032 insula:
1521 979 1672 1032 Ionio
1697 983 1752 1033 in
1782 997 1990 1050 magno.

605 1061 772 1114 Idem.
814 1057 1057 1112 Μυκῶν.
1089 1056 1254 1113 Forte
1278 1060 1546 1122 Μύκωνος
1574 1062 1642 1115 ab
1670 1061 1918 1117 Hierocle
1946 1061 2115 1127 venit,

533 1143 636 1195 nisi
663 1142 706 1195 si
767 1149 821 1194 ct
866 1152 1015 1194 recto
1065 1157 1196 1196 casu
1239 1142 1446 1195 Μύκων
1490 1141 1664 1196 insula
1712 1143 1855 1198 dicta
1908 1161 1922 1197 :
1973 1153 2120 1198 certe

532 1225 873 1295 σμικρότητα.
922 1225 1020 1294 τῆς
1066 1226 1333 1288 Μύκωνος
1377 1225 1542 1294 νήσου
1598 1228 1762 1281 habet
1807 1227 2120 1297 Apostolius

531 1319 674 1364 cent.
711 1325 836 1376 xm,
871 1309 962 1372 52!,
992 1319 1047 1363 ct
1076 1324 1235 1376 quem
1264 1310 1553 1377 scripsisse
1582 1311 1812 1376 videtur,
1847 1309 2119 1365 Zenobius

530 1401 680 1447 cent.
710 1407 761 1450 v.
802 1392 895 1458 2i,
934 1393 1071 1445 hanc
1103 1393 1152 1444 in
1191 1407 1302 1445 rem
1331 1406 1357 1443 a
1387 1390 1449 1446 L.
1484 1391 1781 1446 llolsteinio
1803 1393 1915 1462 jam
1946 1391 2122 1460 appel-

532 1475 692 1529 latus.
741 1475 872 1530 Vide
911 1475 996 1530 Ti.
1061 1475 1528 1530 Ilcmstcrlmsium
1575 1476 1629 1529 in
1663 1475 1888 1530 Luciani
1924 1475 2052 1530 dial.
2082 1476 2113 1530 1

530 1555 716 1622 Morb,
763 1559 852 1612 ubi
900 1560 1028 1628 μίαν
1063 1558 1332 1611 Μύκωνον
1379 1558 1598 1629 egregie
1625 1558 1957 1629 lepidissimo
1982 1558 2120 1614 scri-

528 1643 670 1710 ptori
702 1651 756 1695 et
788 1642 941 1712 plura
969 1642 1034 1696 de
1058 1641 1234 1696 insula
1271 1643 1524 1697 reddidit.

604 1724 767 1777 Idem.
826 1722 1036 1793 Νῆσος
1090 1725 1317 1786 Μόλος.
1371 1723 1574 1778 Motum
1637 1723 1871 1779 insulam
1926 1732 2115 1778 contra

529 1804 852 1859 Corinthum
899 1807 1076 1860 adhuc
1131 1819 1338 1874 qutero.
1376 1806 1490 1875 Τὴν
1544 1805 1750 1877 πέτραν
1782 1809 1882 1879 τὴν
1911 1807 2119 1862 Molon-

535 1887 676 1955 ρίδα,
733 1903 798 1942 ex
855 1904 960 1956 qua
1019 1904 1078 1943 sc
1129 1887 1224 1942 Ino
1279 1904 1403 1944 cum
1433 1888 1703 1946 Melicerte
1764 1891 1816 1945 in
1867 1890 2117 1946 Saronici

531 1970 683 2023 sinus
728 1985 900 2039 aquas
952 1971 1287 2041 praecipitem
1345 1972 1576 2036 dederit,
1639 1972 1692 2026 in
1755 1973 1857 2028 hac
1912 1975 2112 2028 vicinia

531 2053 831 2108 Pausanias
858 2055 1022 2109 Altic.
1049 2053 1118 2109 44
1150 2064 1206 2110 et
1242 2053 1476 2110 Tzetzes
1511 2056 1578 2111 ad
1605 2055 1980 2127 Lyc0phronis
2005 2057 2112 2114 2%9

530 2147 981 2192 commemorant.

596 2218 737 2271 Ibid.
787 2221 1088 2288 Δοιροῦσα.
1145 2220 1344 2276 Samus
1394 2221 1522 2275 olim
1572 2222 1842 2288 Δρυοῦσα,
1887 2222 2115 2278 testibus

534 2300 816 2356 IIl-.raclide
841 2304 907 2357 de
941 2303 1095 2358 Poli‘t.
1130 2315 1183 2358 ct
1215 2304 1506 2373 Ilcsychio,
1535 2305 1620 2358 cui
1658 2315 1835 2358 tamen
1869 2304 1974 2359 alio
1999 2306 2116 2359 loco

534 2383 784 2454 Δόρυσσα
836 2396 942 2444 est,
981 2385 1398 2455 appellabatur;
1442 2402 1560 2454 quae
1584 2402 1705 2440 cum
1737 2385 1862 2440 alibi
1897 2385 2115 2441 ablile-

534 2468 682 2519 recte
713 2478 1075 2531 recensentur,
1108 2469 1234 2522 hinc
1255 2471 1444 2522 abesse
1479 2471 1658 2523 debet.
1679 2471 1858 2524 Habet
1889 2471 2116 2523 Οἰνούσ-

533 2567 635 2613 σας
666 2551 870 2605 insulas
896 2552 946 2605 in
977 2552 1100 2606 sinu
1134 2551 1406 2608 Messenio
1428 2553 1730 2607 Pausanias
1760 2553 1986 2607 Messen.
2007 2555 2109 2608 διε

531 2635 656 2698 illae,
710 2645 801 2689 aut
842 2637 1018 2706 potius
1064 2636 1296 2706 Donysa,
1346 2653 1509 2705 quam
1572 2637 1798 2690 viridem
1860 2636 2115 2707 Virgilius

531 2728 704 2782 vocat,
733 2719 835 2773 huc
862 2721 1134 2788 pertinere
1163 2724 1434 2778 videntur.

600 2799 733 2854 Ibid.
784 2801 1048 2872 Λῆμνος.
1107 2804 1256 2860 lianc
1311 2817 1364 2860 et
1398 2815 1718 2872 sequentem
1779 2804 2117 2875 procerisulis

528 2884 745 2938 Achaiae
781 2886 1004 2955 imperio
1037 2888 1210 2942 fuisse
1242 2890 1637 2952 contribulem,
1674 2905 1794 2944 cum
1824 2890 1890 2942 ab
1911 2887 2116 2943 Achaia

532 2966 846 3034 longissime
889 2984 1077 3023 versus
1133 2970 1422 3024 Thraciam
1466 2971 1575 3025 sint
1635 2979 1878 3037 semotae,
1923 2973 2118 3025 miran-

529 3049 658 3102 dum
711 3060 813 3104 est.
874 3050 1285 3118 Constantinus,
1347 3056 1391 3108 si
1454 3055 1636 3109 hacin
1693 3071 1752 3109 re
1813 3054 2114 3108 Hieroclem

539 3129 706 3186 tuerit
743 3143 984 3199 secutus,
1019 3145 1223 3204 scptcm
1257 3135 1521 3190 duntaxat
1553 3139 1757 3193 insulas
1790 3137 1932 3192 circa
1961 3135 2118 3191 Pelo-

529 3231 829 3286 ponnesum
867 3219 902 3272 Ι.
940 3233 1002 3287 tt,
1039 3220 1232 3275 Tltem.
1261 3221 1294 3276 6
1331 3222 1557 3279 invenit.
1610 3223 1879 3290 Quoniam
1938 3227 2118 3291 itaque

530 3301 754 3354 dubium
791 3302 842 3356 id
877 3317 997 3357 esse
1043 3313 1240 3373 potest,
1287 3307 1462 3360 notari
1491 3322 1668 3376 opera:
1694 3309 1924 3376 pretium
1949 3307 2117 3360 inerit

532 3385 603 3439 Μ.
633 3385 1046 3441 Constantinum
1079 3388 1391 3456 praefectura
1450 3393 1686 3461 praetorii
1729 3389 1965 3445 Orientis
1999 3405 2116 3446 am-

530 3468 772 3535 plissima
811 3477 1074 3537 potestate
1110 3471 1457 3538 lns'truxisse,
1493 3484 1539 3527 et
1573 3485 1773 3544 praeter
1817 3472 2114 3528 Asiaticam

533 3551 924 3622 l’onticamquc
951 3551 1217 3609 dioecesin
1277 3571 1468 3610 omnes
1516 3557 1589 3609 illi
1627 3555 1864 3612 Orientis
1895 3557 2117 3626 provin-

529 3638 641 3689 cias
671 3650 796 3689 cum
834 3636 1073 3708 Egypto
1101 3650 1154 3692 ct
1185 3638 1539 3694 Thraciarum
1573 3641 1794 3695 (liteccsi
1837 3656 1997 3710 atque
2035 3642 2115 3695 in-

530 3719 662 3772 sutis
731 3717 1058 3790 Cycladibus
1131 3723 1470 3787 mandasse,
1538 3726 1660 3795 δίχα
1729 3727 1951 3796 Λήμνου
2022 3727 2118 3778 καὶ

534 3801 764 3872 Ἴμϐρου
813 3804 905 3856 καὶ
960 3804 1360 3878 Σαμοθρᾴκης,
1407 3825 1525 3878 quae
1567 3811 1804 3880 praefecti
1865 3811 2117 3880 praetorio

529 3885 724 3956 Illyrici
789 3887 1015 3956 imperio
1075 3890 1279 3946 relictae
1334 3904 1481 3958 sunt,
1541 3906 1597 3948 nt
1647 3895 1895 3949 Zosimus
1937 3909 1996 3959 ιι,
2047 3893 2117 3948 ’55

529 3969 711 4024 docet.

603 4051 735 4106 Ibid.
790 4053 938 4107 Ὑπὸ
973 4057 1451 4124 κονσουλάριον.
1489 4057 1542 4111 In
1587 4073 1748 4112 manu
1777 4069 2000 4116 exarato
2025 4076 2116 4117 co-

533 4134 654 4189 dice
705 4138 1158 4192 accuratissimus
1212 4139 1542 4195 llotstciuius
1591 4141 1662 4195 ita
1713 4141 1862 4213 legit,
1895 4145 2116 4199 verissi-

532 4233 785 4288 mumque
841 4222 994 4276 nobis
1041 4223 1272 4277 videtur.
1301 4224 1439 4278 Olim
1483 4226 1640 4280 Creta
1682 4230 1970 4296 provincia:
2008 4231 2114 4301 Cy-

529 4304 758 4358 renaica:
791 4305 1084 4375 conjuncta
1135 4309 1445 4374 proconsuli
1475 4311 1685 4380 paruit;
1728 4315 1871 4368 unde
1901 4312 1966 4380 Q.
1995 4315 2115 4370 Cte-

527 4385 682 4441 cilius
735 4387 964 4444 Ruﬁnus
1015 4390 1066 4443 ιιι
1125 4390 1383 4449 Thesaur.
1437 4408 1491 4462 p.
1529 4392 1698 4448 MXCI
1741 4394 1774 4448 6
1805 4396 2113 4460 ἀνθύπατος

528 4473 753 4544 Κρήτης
804 4474 899 4528 καὶ
943 4476 1206 4546 Κυρήνης
1261 4477 1482 4532 dicitur.
1537 4477 1664 4532 Post
1713 4480 1861 4544 dein,
1909 4490 2115 4537 mutata

528 4554 786 4610 Romamn
831 4559 1140 4626 reipublicae
1195 4575 1224 4612 a
1274 4558 1468 4625 Magno
1519 4560 1876 4615 Constantino
1917 4561 2111 4629 forma,

479 4639 897 4708 _distraclaque
969 4642 1096 4695 hinc
1179 4643 1410 4708 Cyrene,
1479 4643 1776 4708 ZOSilIIOII,
1840 4646 1906 4699 57
1953 4654 2112 4710 teste.

530 4723 808 4790 provincia
863 4724 967 4778 fuit
1017 4728 1320 4782 consularis
1347 4770 1360 4794 ,
1393 4739 1450 4781 ut
1498 4728 1702 4781 Nolitia
1741 4728 1868 4794 imp.
1904 4728 2111 4784 Orient.

531 4821 582 4859 c.
646 4807 669 4859 I
739 4810 1014 4873 ostendit,
1056 4820 1110 4865 et
1163 4811 1264 4866 huc
1333 4827 1364 4865 c
1426 4811 1702 4865 Thesauro
1758 4814 2112 4880 epigramma,

530 4905 585 4959 ιι.
619 4889 833 4944 MXCIV
873 4892 908 4945 4
958 4911 971 4946 :
1019 4894 1115 4952 Φλ.
1159 4895 1422 4950 ’Υπάτιον
1455 4895 1548 4948 τὸν
1587 4895 1972 4966 λαμπρότατον
2006 4899 2116 4951 ἀπὸ

535 4975 800 5044 ὑπάρχων
841 4979 1176 5048 πραιτωρίου
1205 4979 1434 5048 δόγματι
1475 4977 1568 5031 τοῦ
1607 4979 1786 5031 κοινοῦ
1813 4981 1993 5049 πάσης
2017 4982 2115 5050 τῆς

533 5059 807 5129 ἐπαρχίας
824 5063 1175 5131 Οἰκουμένιος
1187 5062 1435 5123 Δοσίθεος
1453 5063 1902 5132 Ἀσκληπιόδοτος
1931 5066 1957 5116 ὁ
1979 5064 2116 5133 λαμ-

529 5144 803 5211 πρότατος
827 5145 1093 5208 ὑπατικὸς
1113 5145 1214 5214 τῆς
1237 5147 1471 5215 Κρητῶν
1499 5146 1768 5215 ἐπαρχίας
1791 5146 2111 5217 ἀνέστησεν.

527 5225 818 5291 Furianns,
860 5229 950 5297 qui
983 5229 1247 5283 Flavium.
1276 5230 1450 5283 virum
1491 5231 1831 5284 consularem
1863 5231 2116 5286 clarissi-

527 5327 673 5364 mmn
721 5327 786 5365 ex
827 5312 928 5366 hoc
960 5312 1148 5366 Flavio
1182 5311 1414 5382 Hypatio
1461 5312 1609 5377 fecit,
1645 5315 1814 5368 risum
1861 5316 2114 5370 omnibus

526 5395 728 5448 debet:
764 5403 817 5448 tu
873 5394 955 5448 Fl.
1011 5393 1300 5464 Hypatium
1358 5395 1618 5464 intellige,
1670 5398 1761 5462 qui
1819 5398 2113 5465 prmfectus

527 5477 786 5544 pra-torio
817 5477 985 5531 Italiae
1031 5477 1130 5530 I'nit
1173 5478 1410 5531 Antonio
1438 5489 1491 5532 et
1517 5479 1744 5550 Syagrio
1774 5481 2109 5548 consulibus,

526 5560 706 5611 vitum
763 5561 931 5627 quieti
989 5561 1296 5630 placidique
1366 5562 1574 5615 consilii
1625 5563 1874 5632 interque
1923 5578 2112 5619 oumes

525 5644 893 5698 adolescentia
933 5654 986 5700 et
1053 5647 1313 5700 virtutum
1369 5645 1772 5713 pulchritudine
1835 5661 2114 5700 commcn-

529 5726 788 5793 dabilem,
839 5743 946 5797 quo
993 5744 1112 5786 eum
1140 5729 1314 5800 elogio
1333 5729 1879 5786 ornavitAnunianus
1907 5731 2111 5798 χχικ,2

1571 283 1955 346 ADDEND'A.
1997 309 2064 320 -
2092 277 2163 346 τΡ.
2205 281 2721 345 WESSELINGII

3664 278 3808 345 1096

2233 398 2350 454 Jam
2381 417 2500 455 cum
2538 399 2698 470 hujus
2729 394 3135 466 epigrammatis
3160 391 3571 464 Asclepiodotus
3592 394 3812 466 ὑποθη-

2231 483 2324 544 κὸς
2351 485 2449 552 τῆς
2492 483 2726 553 Κρητῶν
2750 479 3020 550 ἐπαρχίας
3057 476 3322 532 Thesauri
3357 493 3409 546 ιι.
3451 478 3594 533 MCX
3614 478 3692 534 20
3723 481 3812 535 di-

2229 568 2391 629 citur,
2427 565 2567 620 eoin
2606 565 2760 618 titulo
2783 563 2970 618 Vitium
3003 576 3124 615 esse
3157 577 3313 615 nemo
3343 561 3705 615 addubitabil.

2303 647 2432 700 Ibid.
2479 649 2694 713 Πόλεις
2725 647 2841 711 φιβ’.
2882 646 3020 700 Olim
3071 654 3286 697 ccutmu
3314 645 3538 697 urbibus
3577 646 3810 700 insulam

2230 726 2399 783 fuisse
2441 731 2708 784 celebrem
2747 743 2834 784 res
2865 736 2948 783 est
3007 727 3290 781 tritissima
3321 745 3335 780 :
3371 727 3504 780 bella
3540 736 3594 780 et
3627 743 3810 782 rerum

2231 811 2588 865 bmuanarum
2621 810 3017 865 vicissitudines
3059 811 3240 880 plures
3272 809 3396 863 dein
3427 809 3764 864 sustulerunt
3794 827 3811 876 ;

2227 909 2454 964 quarum
2488 905 2665 950 tamen
2697 909 2819 948 eum
2857 893 3023 948 fuisse
3048 902 3434 958 uumerum,ut
3465 894 3815 962 paucissinne

2227 978 2546 1047 superstites
2575 977 2892 1032 manserint.
2926 976 3052 1030 licet
3080 976 3255 1032 Servii
3285 984 3448 1031 atate
3474 977 3544 1030 ita
3573 975 3812 1043 terrent,

2230 1075 2502 1130 nunquam
2550 1075 2834 1116 censuere.
2889 1059 3074 1113 Primo
3120 1059 3326 1130 quidem
3373 1069 3578 1112 centum
3628 1062 3817 1114 habuit

2229 1141 2384 1198 Creta
2417 1145 2674 1207 civitates,
2706 1144 3094 1212 grammaticus
3122 1143 3173 1196 in
3209 1141 3431 1196 Eneid.
3460 1158 3543 1207 III,
3579 1142 3682 1196 106
3712 1155 3815 1208 ait,

2228 1229 2366 1281 unde
2413 1227 2801 1295 Hecatompolis
2849 1227 2992 1280 dicta
3028 1235 3102 1280 est
3144 1239 3312 1294 :post
3355 1227 3536 1294 viginti
3559 1235 3812 1296 quatuor,

2227 1310 2370 1371 inde,
2424 1319 2480 1362 ut
2527 1310 2745 1373 dicitur,
2807 1310 2965 1374 duas,
3031 1307 3246 1362 Cnoson
3298 1319 3344 1362 et
3401 1307 3812 1376 Hierapidnnm,

2227 1394 2461 1461 quamvis
2501 1391 2680 1446 Livius
2719 1393 2891 1460 plures
2924 1409 2956 1445 α
3015 1391 3225 1445 Metello
3267 1404 3593 1462 expugnatas
3634 1393 3809 1446 dicat.

2227 1473 2394 1530 Recte
2425 1475 2650 1531 Servius
2684 1476 2892 1530 Livium
2924 1474 2997 1528 illi
3031 1475 3236 1528 rumori
3269 1475 3496 1549 opponit
3528 1491 3542 1528 :
3586 1475 3678 1527 sed
3721 1490 3813 1529 se-

2226 1559 2409 1612 verius
2473 1573 2598 1613 eum
2669 1572 2735 1612 ex
2805 1557 2891 1614 sui
2945 1558 3208 1626 temporis
3266 1556 3424 1612 tae-tis
3481 1556 3811 1626 castigatqu

2225 1641 2438 1696 vellem.

2297 1710 2748 1793 Ιιιὶιί.Τορτύνη.
2771 1725 3065 1795 Gortynam
3081 1723 3258 1778 Cretae
3277 1725 3615 1794 metropolim
3638 1723 3813 1782 fuisse

2224 1823 2290 1863 ex
2320 1807 2462 1861 Actis
2495 1810 2701 1862 concilii
2729 1808 2978 1877 Eplieaini
3011 1825 3061 1878 p.
3094 1809 3201 1862 455
3229 1808 3366 1862 citra
3400 1809 3620 1862 dttbium
3645 1819 3751 1863 est.

2297 1893 2431 1947 Ibid.
2477 1893 2738 1958 'Iratoc.
2792 1891 3021 1956 Εῐνατος
3070 1891 3338 1963 llesycbio
3389 1891 3704 1963 Etymologo
3748 1905 3810 1947 et

2231 1973 2533 2044 Stephano.
2587 1976 2914 2030 Ptolemaars
2983 1985 3172 2030 nostro
3240 1977 3530 2030 consentit.
3589 1974 3810 2030 Tabula:
3845 1995 3858 2004 '

2226 2059 2378 2114 Inata
2429 2059 2500 2115 Μ.
2534 2059 2596 2114 P.
2627 2060 2699 2116 52
2732 2061 2801 2116 ab
2829 2058 3170 2130 Ilierapydna
3217 2059 3269 2112 in
3301 2069 3455 2129 parte
3494 2059 3682 2114 insula:
3714 2076 3809 2114 au-

2224 2145 2396 2201 strali.
3663 2167 3671 2176 ·

2297 2228 2432 2283 Ibid.
2472 2230 2710 2282 Βίεννα.
2734 2227 2878 2298 V_itio
2900 2228 3294 2298 exscriptorum
3329 2226 3547 2281 Tabulae
3577 2225 3806 2290 Blenna,

2227 2311 2368 2365 unde
2401 2310 2686 2366 Rarcnnas
2720 2289 2982 2366 Bientiam
3024 2309 3061 2363 Ι.
3083 2289 3148 2376 ’ν,
3182 2326 3235 2364 c.
3269 2311 3331 2364 21
3370 2310 3520 2375 fecit,
3566 2289 3802 2369 dicitur:

2226 2395 2503 2464 Stephano
2543 2395 2778 2459 Βίεννος,
2819 2397 3051 2449 fortasse
3101 2395 3270 2448 invito
3321 2413 3334 2448 :
3378 2409 3498 2447 nam
3532 2407 3561 2446 a
3594 2392 3806 2447 Vienna

2225 2480 2428 2535 Gallica
2482 2471 2678 2547 geniile
2729 2494 3028 2549 cognomen
3084 2477 3325 2540 Βιέννιος
3379 2485 3433 2531 et
3490 2476 3808 2544 Βιειινήσιος

2226 2560 2452 2616 formari
2485 2563 2580 2628 ait,
2618 2563 2716 2632 τῆς
2760 2562 2817 2614 δὲ
2856 2562 3077 2629 Βιέννης
3105 2559 3406 2625 Βιενναῖος,
3441 2559 3582 2627 quod
3615 2559 3807 2625 utique

2225 2656 2279 2698 et
2337 2645 2507 2698 forma
2565 2655 2619 2697 et
2671 2642 2938 2698 orationis
2987 2644 3131 2698 serie
3181 2641 3250 2697 ad
3291 2644 3428 2696 hanc
3462 2642 3803 2696 Cretensium

2228 2727 2488 2781 Bicnnam
2528 2727 2799 2795 pertinere
2833 2727 3062 2782 videtur.

2296 2811 2431 2868 Ibid.
2478 2810 2853 2878 Ἰεράπυδνα.
2886 2811 3019 2863 Dion
3046 2809 3216 2878 princ.
3253 2809 3290 2866 I.
3323 2824 3486 2864 xxxvr
3517 2808 3585 2861 τὰ
3623 2806 3804 2877 Ἱερά-

2227 2896 2404 2949 πυδνα
2458 2903 2633 2948 vocat.
2679 2892 2902 2947 Tabula:
2959 2891 3118 2946 Iliera
3172 2891 3242 2946 Q0
3298 2892 3368 2946 Μ.
3409 2893 3468 2946 I’.
3503 2908 3531 2943 a
3577 2891 3804 2952 Bienna,

2229 2979 2526 3034 Ravennati
2568 2977 2859 3046 «lerapina;
2897 2979 2962 3030 ad
2995 2993 3155 3045 quam
3199 2976 3427 3030 formam
3461 2977 3512 3031 in
3543 2976 3804 3046 synodica

2225 3063 2564 3120 Cretensium
2607 3061 2672 3115 ad
2726 3059 2960 3114 Leonem
3003 3059 3380 3128 imperatorem
3433 3060 3657 3128 epistula
3698 3057 3806 3110 Eu-

2199 3148 2488 3220 .phronius
2545 3146 2830 3214 cpiscopus
2877 3143 3200 3213 Hierapinzc.
3259 3142 3453 3197 Verius
3498 3153 3580 3197 est
3628 3143 3806 3212 Ἱερά-

2227 3249 2441 3295 πυτνα,
2493 3238 2551 3283 ιιι
2602 3229 2806 3298 lapides
2859 3227 3102 3296 inscripti
3174 3227 3486 3280 ostendunt.
3544 3227 3677 3280 Vide
3740 3225 3804 3279 Β.

2229 3313 2590 3368 lilanfaueonii
2639 3312 2784 3365 Diar.
2820 3311 2940 3364 Ital.
2971 3327 3023 3378 p.
3071 3311 3136 3365 74
3168 3309 3229 3364 C.
3280 3309 3369 3373 ιτ..
3397 3311 3483 3363 ubi
3517 3326 3803 3378 perperam

2227 3401 2384 3453 IIfPA
2435 3397 2691 3462 ΠΥΓΝΠ,
2748 3405 2802 3450 ct
2857 3396 3014 3450 Edut.
3068 3395 3334 3450 Chisllulli
3393 3395 3572 3464 Auliq.
3627 3395 3800 3450 Asiat.

2341 3482 2380 3520 ηρ

2341 3482 2380 3520 ηρ

2226 3482 2436 3620 Ρ.
2475 3564 2738 3632 Καμάρα.
2782 3561 2919 3618 Olim
2952 3562 3106 3624 Latu,
3149 3571 3282 3616 tcslc
3325 3560 3619 3628 Stephano,
3651 3559 3805 3625 cujus

2226 3653 2390 3704 verbo
2420 3648 2506 3704 Ju.
2549 3649 2818 3703 Meursius
2857 3648 2893 3702 l.
2929 3662 2940 3699 I
2971 3645 3142 3700 Creta:
3179 3662 3288 3698 stuc
3313 3661 3358 3698 c.
3386 3660 3454 3698 vn
3491 3654 3636 3698 recte
3671 3658 3806 3697 con-

2227 3745 2430 3859 Sl‘l‘ﬂiltti:
2477 3805 2797 3872 "Allvycc.
2866 3800 3018 3854 Ilauc
3072 3799 3259 3856 insulae
3313 3800 3498 3853 urbem
3565 3797 3803 3852 nondum

2227 3891 2423 3960 reperi.
2457 3889 2703 3957 Suspicio
2737 3886 3022 3941 demendo
3068 3902 3188 3940 esse
3237 3895 3433 3958 pulcsl,
3467 3886 3566 3939 nisi
3600 3886 3652 3938 in
3694 3883 3804 3938 Nec

2229 3975 2368 4041 lilia,
2403 3988 2562 4041 quam
2611 3969 2727 4025 Jac.
2768 3969 2912 4024 Goar
2963 3968 3172 4024 Codiuo
3220 3969 3446 4032 addidit,
3494 3970 3636 4023 inter
3673 3968 3801 4024 Crev

2229 4068 2408 4112 tenses
2436 4057 2718 4124 episcopos
2741 4056 2769 4106 ὁ
2797 4053 3092 4120 Ἀλλύγγου
3137 4065 3554 4108 memoraretur.

2300 4138 2432 4193 Ibid.
2468 4139 2875 4206 Χερσόνησος.
2911 4137 3110 4191 Natale
3143 4146 3261 4190 crat
3286 4136 3455 4207 Lycti.
3484 4134 3633 4203 cujus
3660 4148 3792 4204 prte-

2225 4225 2310 4280 sul
2364 4222 2641 4278 Nisinnius
2692 4220 2922 4276 Nicaeum
2971 4221 3224 4275 secundat
3276 4221 3483 4289 synodo
3517 4217 3803 4274 scribendo

2227 4308 2397 4362 adfuit
2430 4323 2482 4375 p.
2513 4307 2638 4362 551.
2666 4306 3011 4375 Χερσόνησος
3047 4305 3272 4376 Κρήιης
3308 4305 3359 4358 in
3399 4303 3544 4358 Actis
3595 4303 3806 4358 consilii

2227 4391 2480 4462 Eplresini
2505 4407 2559 4461 p.
2594 4391 2715 4444 457"
2733 4389 2951 4443 dicitur.

2298 4477 2433 4530 Ibid.
2478 4475 2731 4539 Λύκτος.
2778 4472 2978 4527 Urbem
3020 4473 3160 4528 hanc
3202 4473 3410 4527 Δύττον
3445 4473 3700 4545 Polybius
3728 4490 3806 4539 iv,

2227 4563 2296 4617 53
2325 4559 2580 4630 appellat,
2603 4568 2657 4611 ct
2687 4567 2811 4611 ante
2842 4573 2989 4622 cum,
3022 4556 3290 4611 Strabone
3323 4568 3485 4621 teste,
3515 4557 3808 4624 Humerus,

2225 4645 2328 4699 sita
2378 4651 2496 4697 erat
2525 4642 2577 4694 in
2627 4639 3010 4694 excellentiure
3057 4639 3219 4704 colle,
3269 4655 3392 4708 qua:
3441 4649 3524 4694 est
3567 4643 3808 4696 nominis

2225 4727 2343 4795 ejus
2379 4740 2541 4781 causa
2585 4742 2598 4778 :
2651 4723 2725 4777 Τὸ
2758 4723 2867 4793 γὰρ
2907 4722 3043 4781 ἄνω,
3100 4721 3274 4792 inquit
3328 4721 3662 4793 Stephanus,
3711 4725 3809 4778 καὶ

2227 4809 2429 4879 ὑψηλὸν
2470 4807 2661 4861 λύττον
2709 4807 2864 4874 caci.
2904 4807 3080 4874 Atque
3120 4804 3258 4860 hanc
3301 4806 3602 4860 scribendae
3657 4807 3809 4864 urbis

2223 4893 2668 4949 consuetudinem
2716 4890 2814 4956 ipsi
2861 4887 3052 4942 incola:
3085 4897 3209 4942 sunt
3241 4891 3434 4951 secuti,
3478 4904 3534 4945 ut
3575 4891 3627 4943 in
3667 4889 3808 4944 Tlte-

2223 4992 2374 5030 saur.
2409 4991 2463 5044 ιι.
2497 4971 2792 5027 Μιχιιχν
2823 4972 2857 5024 5
2894 4989 2906 5024 :
2939 4972 3242 5029 Ματτιδίαν
3261 4973 3541 5044 Σεϐαστὴν
3559 4975 3807 5028 Λυττίων

2223 5063 2256 5132 ή
2277 5061 2428 5122 πόλις
2455 5058 2542 5111 διὰ
2569 5057 2964 5127 πρωτοκόσμου
2981 5056 3045 5109 Τ.
3070 5055 3330 5111 Φλαουίου
3359 5058 3641 5126 Κωμαστᾶ
3661 5058 3718 5111 τὸ
3738 5058 3806 5126 β’.

2223 5143 2324 5198 Ubi
2378 5143 2768 5213 πρωτόκοσμος
2813 5149 2898 5194 est
2947 5139 3300 5207 magistratus
3351 5155 3675 5210 cognomen,
3706 5145 3801 5213 qui

2224 5229 2366 5283 inter
2414 5227 2670 5290 collegas.
2725 5223 2968 5292 κόσμους
3013 5223 3191 5276 dictos
3227 5232 3281 5277 et
3323 5239 3549 5278 numero
3583 5225 3806 5294 quidem

2222 5312 2430 5374 decem,
2469 5319 2525 5362 ut
2561 5307 2880 5362 Aristoteles
2926 5304 3086 5358 Polit.
3123 5321 3183 5368 tl,
3219 5305 3284 5359 I0
3324 5306 3530 5369 docuit,
3564 5307 3810 5379 principe

2224 5403 2343 5447 crat
2376 5393 2517 5446 loco.
2554 5391 2610 5444 In
2637 5391 2817 5444 numis
2847 5403 2951 5442 non
2987 5389 3131 5441 aliud
3166 5389 3486 5457 probarunt,
3519 5406 3623 5457 qua
3660 5389 3725 5444 de
3752 5406 3810 5449 re

2223 5474 2584 5544 Spauhcmins
2613 5475 2666 5529 in
2714 5471 3036 5529 Callimachi
3085 5471 3278 5543 "gum.
3311 5475 3364 5524 in
3395 5472 3576 5542 Apoll.
3609 5490 3807 5532 xmtt.

2220 5560 2355 5614 Vide
2387 5559 2619 5628 Ilcsych.
2657 5558 3128 5627 Καρνησσόπολις.

2295 5645 2430 5700 Ibid.
2482 5644 2780 5712 Ἀρκαδία.
2833 5641 3054 5696 Tabula:
3110 5641 3343 5705 Arcade,
3406 5644 3547 5697 unde
3593 5643 3811 5713 Arpadc

2225 5730 2510 5787 Iiavcnuas
2537 5727 2827 5796 exstruxit,
2861 5726 2930 5784 '50
2958 5727 3027 5784 Μ.
3076 5726 3136 5786 P.
3173 5743 3203 5782 a
3248 5726 3474 5796 Bienna,
3505 5743 3603 5802 pro
3632 5727 3809 5804 Area-7
