4170 6424
472 323 625 390 i099

468 453 618 508 stupe
651 434 724 491 illi
766 429 958 488 insula:
986 429 1241 487 dicuntur
1279 445 1401 501 qua:
1431 430 1699 500 proxime,
1751 438 1806 483 ut
1857 426 2050 482 insulae

475 521 781 580 videantur,
813 516 1100 570 aceedunt.
1132 513 1267 569 Vide
1296 515 1424 566 Ant.
1458 513 1592 566 Itin.
1631 529 1684 581 p.
1715 510 1840 566 522.

546 604 667 659 Col.
704 601 826 655 ιι-ι.
865 597 1120 666 Φωτική.
1163 599 1275 653 Sita
1321 599 1374 652 in
1408 596 1747 665 depressiore
1778 595 1875 648 fuit
1913 593 2051 657 loco,

476 688 601 760 aqui
629 683 1008 756 stagnantibus
1046 683 1402 747 circumdata,
1442 681 1703 751 Procopio
1729 679 1907 746 .Edif.
1944 677 2050 732 Ju-

482 772 611 825 str'rr.
650 767 777 831 ιγ,1
812 776 1055 819 auctore.
1107 764 1355 818 Meminit
1399 763 1638 832 ejusdem
1673 774 1861 815 auctor
1901 776 2054 814 corn-

486 863 654 909 uzent.
693 852 763 906 De
790 850 950 904 Petro
972 857 1026 901 ct
1056 847 1220 901 Paulo
1247 863 1297 901 c.
1323 863 1383 900 ιιι
1418 865 1430 899 :
1462 847 1520 912 ἐξ
1562 842 1630 919 ἧς
1661 844 1934 916 (Ῥώμης)
1976 845 2056 907 εἰς

483 935 817 991 Μεδιόλανον
869 933 965 986 καὶ
1024 929 1294 996 Φωτικὴν,
1363 929 1545 991 πόλεις
1634 928 2050 998 Ίιπειρώτιδας,

478 1021 722 1092 ἔρχεται.
755 1015 984 1084 Coujicit
1009 1015 1226 1084 quiderrr
1259 1013 1396 1067 God.
1432 1009 2053 1079 IIensclrcnius(t0m.V,

476 1105 542 1158 Δ.
589 1103 648 1158 S.
687 1101 832 1156 Junii
876 1115 930 1168 [ι.
971 1099 1094 1159 117)
1129 1096 1318 1150 urbem
1368 1094 1571 1150 Lucam
1604 1109 1633 1148 a
1666 1095 1786 1148 luce
1811 1093 2057 1163 Φωτικὴν

476 1185 728 1256 scriptori
784 1183 890 1239 diei
927 1201 940 1238 :
973 1199 1092 1252 qure
1125 1180 1466 1250 Epirotarum
1517 1193 1793 1244 nunquam
1823 1175 1922 1230 fuit
1956 1193 1968 1229 :
2000 1184 2057 1229 at

474 1280 718 1325 nostram
751 1265 1025 1336 intelligit,
1069 1261 1526 1334 quam-imperite
1576 1259 1880 1315 Mediolano
1927 1259 2054 1328 jun-

474 1354 592 1408 xit:
654 1350 850 1422 oppida
905 1350 1074 1416 enim,
1131 1347 1276 1420 quod
1344 1346 1712 1401 Callimachus
1775 1346 1874 1411 ait,
1920 1345 2046 1398 τάδε

471 1436 666 1490 τόσσον
694 1436 817 1488 ὅσον
846 1433 934 1487 διὰ
959 1433 1210 1486 πλεῖστον
1249 1432 1455 1503 ἔχουσι.

542 1518 679 1572 Ibid.
737 1518 812 1572 ’11
858 1515 1058 1586 Θρᾳκὴ
1125 1514 1340 1584 νῆσος.
1390 1513 1482 1568 Sic
1515 1527 1697 1579 mss.;
1752 1510 1893 1564 unde
1939 1508 2056 1562 sine

470 1602 844 1658 controversia
866 1599 1106 1655 eruenda
1137 1600 1242 1655 erit
1265 1596 1476 1667 Ἰθάκη,
1501 1603 1561 1649 ιιι
1584 1594 1710 1649 Car.
1742 1608 1771 1647 a
1808 1592 1866 1645 S.
1895 1589 2057 1646 Paulo

472 1697 526 1742 et
554 1685 617 1740 L.
657 1684 989 1740 Ilolsteinius
1028 1681 1298 1737 viderunt.

543 1771 659 1826 Col.
715 1768 838 1824 M5.
925 1765 1076 1820 Ὑπὸ
1146 1763 1618 1832 κονσουλάριον.
1675 1760 1820 1815 Idem
1861 1758 1915 1813 in
1961 1773 2058 1814 suo

472 1853 659 1908 codice
689 1850 1082 1908 Constantinus
1120 1848 1156 1904 Ι.
1194 1863 1253 1912 ιι,
1298 1847 1493 1902 Them.
1529 1848 1562 1902 9
1591 1845 1745 1914 legit,
1773 1854 1828 1898 et
1863 1841 2055 1897 falsum

473 1945 658 1992 tamen
683 1948 806 1990 esse
848 1932 1122 1988 arbitror:
1163 1947 1286 1986 nam
1313 1939 1369 1986 et
1405 1927 1616 1982 Notitia
1659 1927 1785 1994 imp.
1846 1924 2054 1980 Orient.

473 2036 526 2075 c.
555 2035 594 2084 ι,
629 2019 868 2088 utrique,
906 2026 961 2073 et
1012 2029 1168 2070 nova:
1209 2020 1265 2068 et
1301 2012 1493 2076 veteri,
1552 2010 1714 2080 Epiro
1769 2007 2056 2078 praesidem

473 2102 728 2173 imponit,
780 2111 836 2156 et
883 2103 1238 2169 imperatores
1297 2095 1704 2152 Valentinianus
1751 2103 1806 2148 et
1855 2090 2056 2145 Valens

473 2188 543 2241 ad
579 2185 856 2241 Zosimum
890 2198 1040 2238 nova:
1082 2181 1229 2253 Epiri
1263 2181 1546 2251 praesidem
1603 2181 1731 2233 dant
1761 2176 1797 2231 l.
1842 2175 2055 2230 unicam

474 2272 594 2326 cod.
621 2268 831 2324 'l‘heod.
867 2268 934 2323 de
961 2266 1316 2328 stratoribus,
1351 2265 1688 2332 iunuurrtque
1717 2258 2057 2330 Appollouia:

474 2368 636 2424 agere
675 2351 922 2408 solitum.
961 2347 1151 2420 Itaque
1176 2347 1267 2400 ὑπ’
1304 2347 1550 2418 ἡγεμόνα
1583 2343 1914 2416 praestiterit.

545 2436 678 2491 Ibid.
725 2433 1077 2504 Διιρῤάχιον.
1137 2430 1449 2501 Metropolis
1493 2439 1612 2484 erat
1645 2427 1794 2499 Epiri
1853 2441 2002 2482 novre
2038 2444 2055 2494 ;

476 2521 620 2576 unde
673 2518 850 2573 Lucas
907 2515 1209 2577 ἐπίσκοπος
1269 2511 1600 2584 Δυρραχίου,
1661 2509 2058 2581 μητροπόλεως

475 2603 602 2666 νέας
626 2601 888 2673 Ἠπείρου
921 2598 1122 2654 concil.
1152 2588 1402 2652 Cliniced.
1443 2613 1498 2666 p.
1531 2594 1656 2650 565.

545 2684 682 2741 Ibid.
706 2683 978 2752 Σκάμπα.
1018 2682 1095 2736 lta
1126 2691 1272 2736 recte
1299 2679 1687 2733 Constantinus
1721 2677 1774 2732 in
1803 2675 2042 2732 editione

477 2768 675 2824 Batava
716 2786 735 2823 ι
762 2783 884 2822 nam
906 2767 1165 2836 Σκάμπα,
1182 2764 1326 2834 quod
1349 2762 1483 2816 Ans.
1507 2761 1808 2816 Bandurius
1833 2757 2058 2829 recepit,

480 2855 610 2909 lriuc
647 2852 921 2907 detortum
971 2862 1078 2906 est.
1109 2847 1243 2903 Vide
1289 2847 1356 2901 ad
1389 2846 1515 2900 Ant.
1546 2845 1675 2898 Itin.
1706 2859 1758 2915 p.
1790 2842 1916 2898 518.

551 2935 684 2991 Ibid.
703 2933 946 3000 Βοῦλις.
967 2932 1254 2987 Ptolernzco
1276 2928 1518 2993 Βουλλίς,
1542 2927 1820 2997 Stephano
1845 2925 2056 2990 Βυλλίς.

481 3020 623 3076 Urbs
650 3027 769 3074 erat
813 3017 1110 3080 maritima,
1155 3012 1454 3084 Apolloniae
1498 3012 1701 3075 vicina,
1747 3011 1890 3066 unde
1915 3010 2060 3079 ejus-

479 3107 599 3159 dem
673 3101 913 3172 episcorri
983 3115 1129 3154 rurae
1191 3099 1407 3152 fuerunt
1474 3095 1800 3158 commissae,
1853 3095 1944 3162 qui
2005 3093 2059 3147 in

479 3188 755 3260 Ephesino
786 3183 1016 3240 concilio
1042 3200 1096 3255 p.
1123 3183 1227 3238 437
1266 3180 1632 3243 ’Δπολλωνίας
1658 3179 1754 3233 καὶ
1776 3176 2060 3239 Βελλιάδος

477 3284 534 3327 et
563 3288 614 3342 p.
644 3272 749 3326 521
782 3268 1163 3332 τἈπολὶωνίας
1201 3266 1296 3321 καὶ
1355 3265 1567 3329 Βελιδος
1600 3264 1793 3320 vitiose
1837 3261 2057 3318 dicitur.

482 3354 618 3410 Vide
648 3355 822 3411 I-lolst.
855 3354 906 3406 itr
935 3350 1192 3422 Stephani
1218 3348 1432 3413 Βυλλίς.

549 3438 684 3493 Ibid.
739 3435 1035 3505 Ἀμαντία.
1103 3432 1226 3487 Fuit
1262 3431 1316 3485 in
1353 3429 1501 3486 Oriti
1531 3428 1748 3496 ﬁnibus,
1781 3427 1849 3484 ab
1876 3429 2060 3481 Aban-

479 3523 623 3576 tibus
645 3521 860 3576 condita
877 3527 932 3574 et
959 3514 1266 3573 dicta.Vide
1286 3513 1610 3570 Palurerium
1635 3512 1699 3567 (ἰ.
1727 3514 1789 3566 A.
1822 3527 1862 3574 I,
1888 3511 1976 3565 3|.
2003 3526 2057 3581 p.

480 3606 606 3660 171.
641 3603 882 3658 Eulalius
931 3603 1216 3672 episcopus
1251 3599 1316 3652 ah
1349 3597 1600 3651 Amantia
1655 3603 1739 3651 est
1772 3597 1824 3649 in
1859 3595 2055 3664 fragm.

484 3705 574 3755 ιιι,
611 3705 664 3759 p.
698 3687 859 3744 1525.
894 3686 1056 3756 Oper.
1083 3684 1213 3738 hist.
1245 3680 1459 3736 Hilarii.

547 3771 685 3826 Ibid.
731 3767 1303 3838 Πουλχεριούπολις.
1351 3765 1518 3820 [tecte
1547 3763 1648 3818 hoc
1697 3762 2058 3818 llolsteiuium

479 3857 741 3928 probasse
791 3853 1180 3911 Constantinus
1233 3853 1270 3906 l.
1319 3865 1379 3916 ll,
1422 3849 1616 3904 Thern.
1670 3847 1725 3913 9,
1793 3845 2055 3902 ostendit.

478 3940 686 3994 Nomen
715 3948 801 3994 est
829 3953 859 3992 a
892 3935 1184 3990 Pulclreria
1221 3931 1517 3988 Theodosii
1571 3930 1794 3985 secundi
1849 3943 2060 3994 sorore,

480 4023 618 4078 situs
647 4035 777 4075 vero
815 4018 1287 4082 obscurissimos;
1324 4014 1440 4084 qui,
1469 4013 1516 4067 si
1541 4027 1738 4066 nomen
1794 4027 1902 4081 quo
1935 4020 2060 4066 ante

481 4121 580 4160 usa
612 4105 732 4168 fuit,
780 4111 927 4157 esset
969 4099 1334 4169 exploratum,
1405 4096 1744 4151 commodius
1782 4097 2055 4152 tiniretur.

481 4185 804 4242 Palimerius
825 4185 892 4240 de
912 4182 1194 4253 Bulgarica
1218 4179 1485 4252 Belgrade
1519 4181 1878 4250 suspicionem
1905 4181 2058 4250 jecit,

480 4287 605 4342 quae
635 4281 697 4326 ut
727 4268 944 4340 probari
992 4267 1159 4337 possit
1199 4267 1556 4321 vehementer
1583 4279 1794 4320 vereor.
1843 4265 1917 4321 De
1950 4266 2061 4320 Λιι-

481 4357 607 4409 lone
645 4351 777 4408 Itin.
804 4352 928 4406 Ant.
963 4367 1016 4420 p.
1049 4348 1174 4405 524.

552 4438 687 4493 Ibid.
707 4435 1040 4500 Αὐλύνιδος
1062 4431 1458 4503 μητρόπολις.
1486 4431 1604 4485 Fuit
1627 4431 1755 4484 olim
1780 4431 2058 4501 Aur/166;,

483 4531 544 4578 ut
567 4523 705 4577 bene
753 4517 1082 4580 Palrrrerius,
1117 4530 1236 4586 quae
1289 4530 1412 4570 cum
1445 4515 1713 4570 Hieroclis
1754 4531 1868 4568 arvo
1911 4514 2059 4583 Epiri

483 4603 801 4672 metropolis
829 4617 938 4658 non
969 4599 1151 4665 fuerit,
1209 4598 1471 4654 credibile
1525 4608 1608 4654 est
1665 4598 2059 4668 μητροπόλεως

481 4702 669 4745 vocem
731 4689 839 4742 huc
874 4701 905 4738 a
945 4683 1248 4755 Dyrrachio
1306 4682 1594 4752 migrasse,
1640 4693 1732 4734 aut
1780 4680 2060 4750 Lychnido

485 4791 515 4828 a
553 4773 856 4828 recentiore
908 4767 1132 4824 librario
1161 4767 1330 4821 tuisse
1387 4766 1691 4835 appositam
1729 4779 1748 4818 :
1779 4763 1878 4818 fuit
1912 4765 2057 4817 enim

482 4858 694 4912 seriore
745 4862 905 4909 artato
953 4854 1056 4908 sub
1103 4851 1346 4922 Bulgaris
1410 4849 1723 4918 nretrotrolis
1761 4891 1777 4915 ,
1813 4849 1953 4917 quod
2003 4857 2060 4902 ut

485 4948 768 5011 appareat,
795 4937 1072 4992 sciendum
1101 4945 1184 4990 est
1215 4936 1403 4988 urbem
1435 4935 1574 4987 hanc
1605 4949 1636 4986 ιι
1671 4945 1829 5000 gente
1863 4933 2058 5000 Bulga-

472 5027 592 5080 riea
625 5022 918 5078 Achridam
972 5019 1144 5074 fuisse
1195 5027 1582 5086 nuncupatam.
1633 5017 1929 5074 Cedrenus.
1967 5015 2060 5067 Ni—

480 5109 703 5180 ceplrori
757 5107 1025 5176 Gregoras
1047 5115 1100 5159 et
1137 5103 1415 5166 Callistus,
1459 5101 1655 5168 quibus
1695 5099 2060 5153 testimonium

479 5193 816 5248 denuntiavit
843 5189 1141 5244 Palmerius
1169 5186 1236 5240 Υ.
1271 5183 1337 5240 G.
1367 5198 1405 5249 ι,
1438 5183 1528 5249 35,
1563 5183 1613 5238 id
1650 5183 1788 5237 haud
1819 5182 2056 5236 obscure

481 5280 884 5345 iudieant;rrec
916 5275 1018 5328 alia
1047 5271 1148 5326 fuit
1176 5270 1484 5325 seholiastee
1532 5268 1886 5330 Cuisliuiatto,
1933 5281 2058 5321 cum

477 5363 772 5418 Ptoleruteo
799 5358 1132 5414 adscriberet
1159 5354 1467 5424 Λυχνιδδςή
1501 5351 1743 5422 Ἀκρίδα,
1773 5351 2060 5418 sententia,

478 5449 578 5503 sub
617 5448 809 5501 iisdem
857 5441 1102 5513 Bulgaris
1139 5439 1376 5493 Achrida
1425 5436 1744 5493 Justiuiaute
1776 5435 1964 5507 prima:
2009 5443 2063 5488 et

483 5530 767 5601 metropoli
853 5527 1011 5581 titulo
1047 5523 1332 5593 superbiit,
1366 5523 1595 5576 testibus
1632 5529 1862 5589 utroque
1905 5517 2061 5574 Nice-

478 5616 652 5682 plroro
679 5621 734 5668 et
781 5609 1068 5666 Wilhelmo
1121 5605 1288 5678 Tyrio
1340 5602 1481 5659 (list.
1534 5603 1744 5658 Ilieros.
1779 5618 1873 5668 xx,
1902 5601 2063 5657 illic

483 5709 612 5748 vero
655 5711 762 5752 non
811 5694 1084 5750 immerito
1141 5691 1482 5764 quasiveris,
1538 5688 1682 5744 sitne
1747 5686 2062 5759 Lychnidus

484 5775 673 5839 eadem
705 5792 767 5834 ac
800 5775 1093 5836 Iustiniani
1144 5777 1373 5848 patria:
1419 5775 1656 5848 patriam
1705 5773 1852 5831 enim
1905 5787 2060 5831 suam

1503 317 1882 381 ADDENDA.
1921 340 1989 353 -
2023 299 2090 377 p“.
2129 315 2662 397 WESSELINGIL

3581 315 3726 380 1100

2167 429 2464 498 iruperator
2494 427 2818 496 cognomine
2843 425 3171 482 Jusriuianre
3203 427 3389 498 prima:
3419 429 3640 485 Novella
3668 432 3691 485 1
3716 430 3736 482 1

2163 511 2427 565 illustrem
2456 526 2576 567 esse.
2602 511 2786 580 jussit.
2823 510 2976 575 Mihi,
3024 514 3340 580 quatumvis
3379 514 3431 567 in
3463 529 3581 568 eam
3617 530 3742 583 θριπ-

2165 596 2383 649 nionem
2429 597 2781 650 doctissimus
2829 597 3132 652 Palmerius
3164 609 3215 651 et
3247 599 3424 667 plures
3474 599 3563 653 alii
3598 616 3740 654 con-

2161 678 2448 742 cesserint,
2501 679 2648 734 rurllo
2694 681 2851 732 modo
2898 681 3198 750 plausibil's
3243 682 3476 735 videtur.
3524 683 3744 738 Dissen-

2165 762 2329 814 tiendi
2368 777 2561 816 causas
2597 764 2768 816 habeo
2799 777 2992 831 graves
3012 774 3067 816 et
3093 765 3276 817 rarias
3303 781 3315 816 :
3343 764 3472 832 quid
3497 764 3538 818 si
3567 766 3748 834 primo

2165 841 2495 912 Lychnidum
2554 847 2766 900 condita
2811 845 3113 900 Justrniana
3163 849 3333 917 prima
3389 850 3744 917 superstitem

2161 926 2330 980 fuisse
2359 930 2689 983 ostendero?
2725 931 3017 984 Exstrucra
3049 946 3110 983 ea
3143 943 3225 987 est
3255 944 3382 985 ante
3423 932 3743 988 Belisarimu

2161 1011 2439 1065 consulem
2471 1013 2582 1066 sire
2611 1024 2738 1067 ante
2791 1031 2988 1068 arrrurrn
3024 1015 3151 1079 555,
3189 1026 3324 1070 teste
3369 1014 3585 1071 Novella
3621 1017 3679 1071 11
3725 1035 3741 1083 ;

2165 1093 2476 1163 Lychnidus
2532 1097 2855 1165 gravissimo
2910 1108 3069 1153 terrae
3117 1109 3264 1154 motu
3316 1101 3524 1154 corruit
3567 1099 3745 1156 Justi-

2162 1179 2325 1231 niano
2382 1179 2646 1248 principe,
2683 1197 2809 1245 non,
2837 1192 2894 1234 ut
2923 1181 3245 1246 Palmerius,
3297 1181 3511 1238 Justino
3543 1187 3746 1254 primo,

2161 1264 2302 1332 apud
2336 1260 2659 1330 Procopium
2687 1263 2828 1319 Hist.
2862 1266 3061 1319 Arcan.
3101 1283 3150 1320 c.
3179 1282 3334 1320 ινιιι.
3367 1265 3535 1322 Movit
3560 1279 3746 1323 autem

2161 1352 2303 1398 terra
2337 1359 2431 1412 per
2455 1346 2716 1400 Achaiam
2740 1361 2792 1401 et
2817 1348 3037 1418 Epirurrr
3067 1365 3208 1404 anno
3238 1351 3360 1404 belli
3413 1350 3627 1408 Gothici
3653 1353 3747 1419 15,

2157 1428 2352 1482 eodem
2373 1440 2592 1485 auctore
2613 1429 2672 1485 B.
2694 1430 2761 1487 (ἶ.
2781 1449 2861 1496 ιιι,
2884 1433 2979 1487 181
2998 1434 3306 1503 ,plttrcsqtre
3325 1436 3488 1489 urbes
3509 1436 3748 1503 disiecit.

2162 1510 2412 1566 Tremuit
2454 1527 2717 1583 prtctcrea
2767 1533 2910 1570 anno
2961 1519 3080 1573 belli
3111 1520 3348 1587 ejusdem
3390 1519 3545 1584 17,8.
3573 1521 3637 1576 (ἶ.
3669 1537 3746 1587 ιν,

2159 1593 2250 1660 25,
2289 1604 2342 1649 et
2378 1597 2689 1653 horribilem
2741 1601 2969 1670 quidem
3021 1602 3071 1655 iu
3106 1602 3349 1656 rrrodurn.
3393 1603 3578 1658 Altero
3623 1615 3750 1659 utro

2163 1686 2307 1731 motu
2351 1677 2661 1749 [.yrhnidus
2695 1685 2900 1738 corruit
2931 1701 2944 1738 :
2977 1699 3157 1753 neque
3203 1687 3348 1741 enim
3378 1687 3516 1743 alius
3548 1688 3600 1742 in
3640 1687 3749 1744 hoc

2164 1767 2335 1814 tractu
2386 1774 2735 1820 memoratur.
2796 1767 3056 1837 Arleoque
3108 1770 3150 1821 si
3181 1769 3385 1838 priore,
3437 1770 3507 1825 12
3574 1770 3748 1826 ferme

2159 1845 2316 1898 annis
2351 1855 2471 1914 post
2505 1851 2782 1904 conditam
2813 1850 3175 1907 .lustiuianam
3250 1856 3508 1924 primam,
3545 1858 3591 1912 si
3636 1873 3738 1927 pn-

2160 1927 2408 2010 steriore,
2444 1929 2511 1984 16
2560 1944 2679 2001 post
2731 1949 2854 1988 eam
2905 1937 3064 1990 annis
3094 1938 3144 1989 in
3182 1940 3368 1994 ruinas
3396 1941 3547 1994 abiit.
3581 1939 3749 2010 Igitur

2159 2021 2283 2062 cum
2337 2009 2652 2079 Lychnidus
2726 2017 2991 2072 :ediiirata
3055 2019 3360 2074 .lustiniana
3414 2009 3747 2092 primapri-

2161 2094 2364 2148 Stinum
2417 2111 2611 2154 nomen
2653 2102 2925 2156 mordicus
2957 2103 3263 2167 retinuerit,
3297 2103 3648 2176 llurrreritquc
3681 2106 3734 2158 in

2162 2178 2344 2248 plures
2367 2197 2556 2248 annos,
2587 2199 2867 2255 perperam
2907 2187 2976 2241 ab
3011 2185 3318 2241 Iustiniano
3363 2204 3426 2242 es
3463 2189 3750 2243 ruderibus

2160 2262 2397 2316 excitata
2423 2274 2477 2318 et
2509 2281 2648 2321 novo
2676 2271 2894 2322 nomine
2924 2267 3181 2323 decorata
3215 2273 3548 2339 perhibetur.
3590 2271 3746 2338 Quod

2163 2343 2366 2414 ipsuur,
2424 2347 2470 2403 si
2520 2363 2641 2418 qua:
2695 2352 2760 2405 de
2821 2361 3051 2420 trtraque
3101 2355 3232 2407 urbe
3280 2355 3643 2422 prtedicantur
3689 2354 3746 2408 in

2159 2442 2387 2484 examen
2461 2433 2696 2498 miseris,
2755 2433 3010 2503 liquidius
3047 2437 3272 2504 patebit.
3343 2437 3639 2509 Procopius
3691 2440 3748 2493 in

2165 2509 2370 2566 Hister.
2407 2513 2609 2569 Arcan.
2656 2517 2921 2587 Λυχνιδὸν
2973 2518 3070 2589 τὴν
3104 2520 3164 2572 ὲν
3197 2519 3575 2591 Ἠπειρώταις
3629 2523 3751 2577 sive

2165 2594 2496 2667 Epiroticam
2527 2601 2765 2671 appellat
2805 2620 2820 2658 :
2857 2613 2911 2657 at
2940 2604 3291 2674 imperatoris
3329 2607 3560 2675 patriam
3583 2607 3749 2663 Fabr.

2173 2697 2250 2747 vr,
2289 2683 2345 2747 1,
2379 2683 2431 2737 in
2464 2683 2751 2753 Dardanis,
2791 2687 2884 2757 qui
2935 2687 3072 2742 ultra
3102 2690 3547 2758 Epidamniorum
3613 2691 3752 2747 lines

2162 2768 2388 2837 agitent,
2421 2768 2653 2823 collocat
2693 2786 2709 2837 ;
2745 2786 2865 2842 quae
2893 2785 3028 2827 sane
3087 2773 3336 2842 regiones
3386 2791 3583 2846 magno
3632 2785 3751 2830 ter-

2164 2865 2348 2905 rarum
2395 2852 2677 2908 intervallo
2720 2853 3108 2908 dissociantur.
3165 2854 3485 2926 Promptum
3521 2860 3747 2928 quidem

2163 2944 2250 2988 est
2283 2949 2406 2990 cum
2457 2935 2727 2990 Palmerio
2787 2938 3031 3006 profiteri
3085 2938 3404 3009 Procopiuur
3463 2958 3569 2996 non
3615 2945 3751 2997 satis

2162 3017 2412 3073 edoctum
2488 3018 2657 3073 fuisse
2724 3019 2926 3076 limites
2991 3038 3180 3077 earum
3256 3027 3544 3094 regionum
3589 3044 3604 3094 ;
3651 3042 3751 3080 nec

2168 3098 2322 3154 facile
2356 3110 2534 3154 tamen
2575 3101 2648 3155 illi
2683 3104 3018 3172 persuaserit
3051 3107 3140 3174 qui
3173 3105 3290 3172 ejus
3331 3110 3397 3162 de
3438 3107 3591 3164 bellis
3641 3109 3754 3164 Go-

2167 3181 2313 3237 thico
2351 3183 2645 3239 Vandalico
2697 3195 2750 3239 et
2804 3186 3029 3242 Persico
3065 3191 3236 3259 deque
3287 3191 3534 3247 aediliciis
3581 3193 3752 3248 Justi-

2165 3267 2310 3322 niarri
2331 3267 2495 3324 libros
2521 3283 2640 3322 cum
2665 3283 2790 3324 cura
2811 3268 3072 3326 evolverit
3096 3290 3110 3327 :
3139 3289 3204 3326 ne
3227 3291 3367 3330 nunc
3388 3276 3755 3347 dicamimpe-

2164 3360 2597 3420 ratoremaperte
2615 3353 2748 3407 satis
2761 3350 2948 3409 Novel.
2967 3356 2988 3409 1
3008 3357 3022 3408 l
3049 3357 3274 3422 patriam
3302 3373 3454 3412 suam
3473 3362 3616 3413 circa
3643 3359 3753 3413 Da-

2165 3435 2302 3488 ciam
2326 3436 2778 3490 ruediterrauearrr
2812 3437 2972 3507 ﬁgere
2993 3451 3043 3494 et
3060 3439 3313 3510 Procopii
3334 3443 3575 3512 partibus
3592 3459 3754 3500 accc-

2163 3517 2311 3572 dere.
2337 3519 2414 3570 Ad
2441 3518 2553 3572 hmc
2584 3522 2762 3574 omnia
2794 3522 2998 3576 accedit
3032 3523 3326 3578 .lustirriani
3351 3525 3524 3580 natale
3573 3527 3749 3580 solum

2165 3609 2262 3654 aut
2319 3599 2643 3657 Tauresium
2673 3614 2770 3657 aut
2829 3604 3146 3660 Bederinam
3175 3608 3287 3661 sive
3338 3606 3692 3663 Badcrianaru
3721 3627 3753 3665 a

2163 3683 2426 3753 Prol-cpio
2449 3694 2502 3739 et
2518 3686 2745 3756 Agathia
2762 3703 2890 3742 vero
2913 3689 3130 3744 nomine
3156 3691 3414 3760 appellari
3439 3710 3454 3746 :
3490 3709 3595 3762 qua
3617 3709 3754 3765 ergo

2165 3767 2373 3846 ratione
2404 3767 2710 3839 Lychnidus
2743 3772 2887 3826 erit?
2921 3788 3082 3842 porro
3113 3772 3420 3845 Lychnidus
3463 3776 3748 3833 excellenti

2165 3852 2284 3906 colli
2316 3863 2436 3907 erat
2467 3854 2718 3924 iurposita
2736 3868 2789 3909 et
2824 3857 3063 3912 (mitibus
3093 3860 3561 3914 ahumlantissima
3604 3866 3748 3931 apud

2166 3934 2433 3990 Malclrum
2478 3937 2530 3990 in
2597 3935 2842 4006 Excerpt.
2895 3937 3177 3995 Ilazsrltelii
3233 3958 3284 4010 p.
3343 3943 3430 3996 64.
3459 3954 3751 4016 utrumque

2165 4017 2336 4074 defuit
2363 4017 2684 4075 .lustinianae
2723 4021 2911 4090 prima:
2943 4023 3231 4094 debuitque
3267 4026 3562 4096 imperator
3597 4043 3746 4097 aqua:

2166 4103 2424 4160 ductibus
2469 4105 2757 4174 magniﬁco
2787 4121 2949 4174 opere
2980 4110 3276 4163 exstructis
3324 4111 3616 4165 subvenire
3663 4112 3742 4164 ci-

2165 4188 2344 4252 vibus,
2389 4202 2458 4242 ne
2486 4189 2725 4255 sitirent,
2783 4188 3046 4260 Procopio
3093 4193 3295 4246 indice.
3346 4193 3609 4258 Tandem,
3680 4209 3745 4246 ne

2168 4271 2392 4339 longum
2443 4270 2742 4337 faciamus,
2779 4273 2822 4328 si
2860 4271 3159 4328 Iustiniaua
3209 4275 3384 4342 prima
3424 4277 3611 4330 eadem
3665 4286 3751 4329 est

2166 4371 2228 4410 ac
2253 4353 2587 4425 Lychnidus,
2640 4357 2824 4410 debuit
2866 4357 3059 4424 Epirus
3091 4374 3251 4422 nova,
3288 4359 3338 4411 in
3376 4376 3477 4428 qua
3513 4379 3574 4413 ea
3623 4360 3755 4430 urbs

2167 4437 2350 4493 sedem
2386 4437 2691 4503 obtinebat,
2721 4437 3044 4493 Justiniaua:
3064 4441 3249 4510 primm
3270 4457 3391 4494 esse
3417 4441 3751 4505 contributa,

2165 4530 2260 4575 aut
2306 4521 2494 4575 saltem
2526 4519 2643 4588 ejus
2679 4534 2804 4589 pars
2841 4537 2855 4576 :
2885 4525 3030 4591 atqui
3085 4539 3172 4580 res
3209 4540 3366 4578 secus
3426 4525 3607 4578 habet.
3653 4525 3759 4578 De-

2166 4605 2342 4660 cernit
2394 4601 2734 4658 .lustinianus
2791 4602 2981 4660 Novel.
3043 4606 3140 4670 11,
3218 4617 3275 4660 ιιι
3334 4608 3525 4678 prima:
3585 4607 3756 4663 Justi-

2169 4689 2383 4751 nianze,
2415 4688 2600 4757 patria:
2655 4697 2853 4743 nostra:
2879 4729 2895 4754 ,
2934 4705 3035 4758 pro
3077 4702 3319 4760 tempore
3364 4703 3754 4746 sacrosanctus

2168 4771 2400 4826 antistes
2495 4787 2598 4826 non
2657 4773 2832 4826 solum
2930 4775 3388 4844 metropolitanus
3437 4778 3532 4830 sed
3583 4778 3752 4832 etiam

2175 4856 2625 4925 archiepiscopus
2654 4855 2790 4920 tiat;
2822 4864 2872 4912 et
2907 4868 3118 4914 αξιοι-ιθ
3150 4861 3444 4928 provincia:
3490 4863 3590 4916 suh
3629 4861 3754 4930 ejus

2169 4939 2281 4993 sint
2351 4939 2699 5004 auctoritate,
2762 4939 2814 4994 id
2861 4951 2944 4995 est
2997 4951 3102 4994 tam
3162 4942 3278 5012 ipsa
3358 4945 3757 4999 mediterranea

2172 5022 2508 5090 Daeiaqnam
2541 5021 2698 5076 Dacia
2742 5022 2994 5092 ripensis,
3036 5039 3247 5079 necnon
3283 5025 3470 5081 .‘lltesia
3512 5030 3754 5082 secunda

2168 5105 2471 5168 Dardania,
2531 5116 2585 5160 et
2650 5106 3002 5162 Prtevalitana
3049 5109 3326 5178 provincia
3379 5120 3432 5165 et
3490 5112 3756 5176 secunda,

2168 5190 2524 5253 Macedonia,
2603 5205 2728 5257 pars
2833 5194 2997 5245 etiam
3074 5195 3327 5246 secundae
3435 5191 3752 5247 Pannonian

2167 5271 2324 5326 Nulla
2381 5288 2602 5342 prorsus
2652 5273 2738 5328 hic
2767 5273 2917 5342 Epiri
2957 5276 3178 5340 mentio,
3231 5275 3284 5329 in
3339 5291 3442 5346 qua
3507 5291 3611 5329 non
3666 5276 3758 5328 iu-

2167 5356 2294 5410 ﬁmo
2330 5356 2448 5410 loco
2487 5355 2814 5427 Lychnidus.
2853 5357 3010 5412 Dices
3049 5359 3342 5412 Achridam
3388 5358 3754 5414 Justiniauam

2168 5441 2396 5511 primam
2460 5442 2631 5495 fuisse
2695 5444 2920 5508 dictam,
2972 5459 3093 5497 eam
3165 5457 3348 5497 autem
3395 5458 3424 5497 a
3475 5443 3756 5514 Lychnido

2171 5523 2303 5578 nihil
2345 5523 2661 5594 discrepare
2695 5542 2709 5589 ;
2749 5527 2891 5595 quod
2939 5534 2996 5579 ut
3025 5525 3211 5579 libenti
3257 5527 3440 5580 animo
3495 5526 3752 5589 admitto,

2169 5607 2243 5662 ita
2290 5621 2355 5660 ca
2407 5621 2528 5676 qua:
2572 5607 2841 5677 disputari
2903 5609 3198 5676 prohibent
3240 5618 3299 5663 ιιι
3328 5611 3392 5663 ab
3441 5609 3754 5664 Iustiniano

2166 5706 2233 5746 eo
2292 5691 2509 5746 nomine
2577 5691 2888 5762 iusignitarrr
2944 5692 3112 5748 fuisse
3180 5709 3497 5763 agnoscam.
3551 5693 3753 5749 Omnia

2169 5773 2392 5832 nisime
2438 5773 2653 5845 fallant,
2685 5773 2950 5846 -Bulgaris
3001 5776 3070 5833 ad
3103 5776 3537 5834 Christianorum
3593 5792 3756 5844 sacra
