4170 6498
427 439 556 508 1101

419 553 713 618 traductis,
768 551 1071 626 Lychnido,
1115 568 1236 624 qua:
1269 552 1447 624 gentis
1490 550 1764 622 prtecipua
1797 549 1851 602 itt
1885 548 1989 602 hoc

420 648 600 695 tractu
638 638 793 700 urbs.
837 647 893 692 et
929 638 1249 708 metropolis
1310 638 1546 706 dignitas
1583 634 1730 687 venit
1768 642 1821 687 et
1868 631 1998 686 Jus-

421 724 639 778 tiniana:
687 722 876 792 prima:
900 736 1202 791 cognomen
1242 739 1256 774 :
1296 720 1555 789 religione
1582 717 1726 770 enim
1775 716 1996 769 meliore

2118 737 2158 771 :v
2231 719 2530 791 Παυταλίᾳ,
2612 718 2805 773 Malclti
2874 722 3040 774 verba
3101 730 3249 787 sunt,
3317 722 3486 792 ἢτῆς

422 815 665 874 recepta,
715 812 769 857 et
805 803 1185 858 sacerdotibus
1223 812 1301 867 et,
1345 803 1438 872 qui
1481 815 1576 854 eos
1616 800 1995 868 inauguraret,

429 890 687 957 episcopo
737 887 843 942 iuit
885 902 1040 956 opus.
1082 885 1246 940 Lecta
1283 900 1413 953 ergo
1443 883 1572 936 urbs
1595 896 1718 951 qua:
1757 880 2002 948 Bulgaris

421 984 589 1043 caput
621 982 766 1036 erat,
807 980 863 1026 et
897 970 1320 1040 metropolitano
1349 967 1653 1037 assignata,
1695 965 1996 1048 appellata-

422 1072 530 1127 que
557 1054 864 1111 Justiniaua
885 1055 1079 1124 prima,
1098 1055 1210 1108 sive
1231 1053 1372 1122 quod
1387 1050 1657 1115 eamdem,
1690 1061 2002 1119 quanquam

425 1156 535 1198 nOu
565 1141 687 1197 sine
713 1154 938 1201 errore.-
959 1139 1078 1211 ejus
1118 1138 1379 1207 temporis
1403 1135 1575 1190 Grteci
1609 1135 2001 1203 opinarentur;

423 1241 524 1280 seu
557 1224 736 1294 potius
786 1222 931 1292 quod
965 1238 1093 1277 vera
1135 1220 1440 1276 Justiuiana
1482 1220 1681 1290 prima,
1705 1226 1779 1294 ,ιιι
1817 1215 2002 1287 plures

438 1310 495 1364 itt
538 1309 644 1368 hac
703 1307 902 1362 vicinia
963 1307 1101 1372 alite,
1158 1322 1254 1372 per
1310 1315 1480 1358 tracta
1536 1304 1626 1357 diu
1674 1301 1809 1356 bella
1864 1309 2007 1354 esset

426 1393 698 1456 desolata,
745 1406 844 1445 nec
877 1390 1015 1445 alius
1046 1391 1235 1444 titulus
1283 1388 1351 1443 ad
1415 1403 1610 1442 novant
1663 1383 2006 1452 metropolim

425 1477 791 1534 decorandum
825 1475 1099 1530 videretur
1142 1473 1618 1529 accommodatior.

497 1559 615 1615 Col.
656 1559 780 1612 M5.
821 1555 1094 1625 Λιστρῶν
1142 1557 1238 1610 καὶ
1285 1553 1549 1610 Σκεπῶν.
1597 1551 1861 1623 Λυστρῶν
1915 1549 2010 1603 καὶ

426 1645 722 1698 Σκεὺπτων
773 1644 943 1697 codex
982 1640 1250 1696 Vult-anii.
1301 1639 1424 1695 llaec
1473 1639 1601 1710 quid
1648 1637 1834 1696 velint.
1897 1649 2007 1690 non

429 1727 590 1782 facile
629 1727 836 1780 dixero.
877 1723 991 1779 Viri
1025 1725 1190 1789 docti,
1242 1725 1331 1793 qui
1383 1723 1672 1778 occasione
1734 1721 1914 1774 oblata
1952 1718 2008 1772 in

425 1825 490 1864 ca
541 1809 870 1872 inciderunt,
896 1807 1247 1875 conjectnris,
1271 1809 1365 1862 sed
1393 1821 1580 1876 parum
1603 1804 1791 1870 Certis,
1829 1800 2009 1856 indul-

428 1900 637 1947 serunt.
679 1890 951 1945 Paltuerio
997 1889 1062 1944 G.
1097 1890 1162 1946 Α.
1199 1891 1250 1953 1,
1287 1889 1378 1953 5|,
1427 1887 1569 1958 quod
1617 1885 2012 1943 Constantinus

431 1975 466 2027 Ι.
507 1974 564 2047 2.,
602 1972 799 2029 Them.
831 1973 885 2028 9.
957 1972 1170 2040 Αὖλων,
1201 1973 1486 2044 Λήστρων,
1531 1970 1826 2024 Σκεύπτων
1868 1981 2010 2037 prte-

430 2058 620 2123 ferret,
657 2058 712 2112 in
743 2068 976 2113 mentem
1011 2058 1161 2112 venit
1203 2071 1362 2127 posse
1403 2056 1506 2124 legi
1570 2054 1882 2126 Ληστήριον
1923 2051 2009 2106 vel

426 2139 593 2194 etiam
641 2139 890 2209 Ληστῶν,
947 2150 1007 2195 ιιι
1069 2141 1143 2195 sit
1189 2139 1336 2195 velut
1383 2137 1687 2210 epitltctum
1764 2134 2011 2200 Aulonis,

431 2225 626 2280 navale
682 2225 975 2294 piraticum
1014 2223 1094 2277 vt-l
1126 2225 1450 2292 piratarum,
1507 2231 1566 2276 ut
1592 2222 1646 2276 itt
1683 2219 1861 2273 Attica
1891 2224 2013 2272 erat

429 2308 632 2378 Φώρων
677 2305 862 2379 λιμὴν,
917 2307 1095 2361 furum
1149 2318 1388 2376 portus:
1428 2305 1514 2360 cui
1541 2304 1839 2376 suspicioni
1874 2317 2006 2357 mss.

433 2396 720 2447 verborum
770 2391 1018 2446 ordinem
1072 2391 1235 2445 aliter
1279 2392 1610 2460 digereutes,
1669 2398 1858 2442 contra
1912 2402 2008 2440 ve.

430 2477 585 2529 niuut
607 2493 624 2540 ;
650 2473 867 2529 obstant
894 2489 1110 2543 quoque
1137 2473 1508 2528 Romanorum
1535 2473 1703 2542 leges,
1728 2470 2011 2539 piraticam

432 2558 852 2626 proscribentes.
898 2557 960 2612 L.
1009 2557 1340 2612 llulsteiuius
1363 2556 1418 2611 itt
1447 2554 1713 2610 Thesauri
1745 2553 2013 2608 Ot-teliani

435 2640 726 2696 Ais-trusum
781 2642 1027 2711 Λῖστρων
1099 2649 1385 2710 praeoptat,
1458 2638 1864 2708 Estrteutnque
1914 2653 2014 2706 pa-

436 2725 568 2779 riter
593 2735 650 2778 ut
680 2724 909 2780 Carolus
957 2739 988 2778 a
1035 2722 1094 2778 S.
1128 2723 1295 2780 Paulo
1349 2723 1605 2794 intelligit
1631 2741 1647 2790 ;
1672 2722 1816 2792 qttod
1851 2721 2016 2792 Oppi-

432 2807 565 2862 dum
638 2822 759 2862 eum
813 2807 867 2862 itt
933 2806 1244 2862 Macedonia
1305 2809 1545 2863 secunda
1625 2806 1694 2862 ab
1766 2803 2018 2860 Hierocle

437 2891 602 2945 fuerit
652 2889 1002 2956 collocatum,
1038 2891 1126 2946 hic
1155 2891 1340 2947 sedem
1395 2891 1644 2946 obtinere
1677 2904 1782 2944 non
1816 2897 2014 2960 potest.

439 2974 515 3029 De
546 2973 722 3028 altero
759 2974 990 3029 Σκεπῶν
1048 2988 1157 3029 non
1211 2974 1390 3030 minor
1437 2974 1708 3030 haesitatio
1740 2989 1754 3027 :
1787 2973 2017 3028 Carolus

435 3074 468 3112 a
502 3058 563 3114 S.
607 3057 773 3112 Paulo
809 3059 1099 3114 videndum
1150 3073 1276 3114 esse
1331 3069 1513 3114 mouet
1559 3073 1627 3114 an
1684 3056 2017 3111 Καισκεπῶν

439 3141 545 3213 legi
607 3143 842 3211 possit;
891 3143 983 3197 ubi
1061 3146 1434 3212 maximopere
1515 3142 1706 3199 vellem
1757 3151 1819 3198 ut
1886 3143 2018 3212 quid

438 3223 657 3279 tandem
684 3225 974 3296 Caesccpon
1002 3225 1186 3290 fuerit,
1227 3226 1527 3281 docuisset.
1584 3225 1857 3280 Paltuerio
1883 3224 2018 3278 Σκε-

441 3308 562 3364 πῶν
595 3324 719 3380 quze
749 3310 948 3365 sitnon
993 3312 1286 3366 succurrit.
1322 3310 1608 3381 Equidem,
1645 3311 1690 3365 si
1729 3309 2007 3366 sententia

443 3395 517 3449 sit
600 3394 846 3459 ferenda,
913 3394 1164 3466 Διστρῶν
1221 3409 1350 3450 esse
1407 3397 1599 3450 dixero
1661 3409 1813 3449 novae
1867 3393 2018 3463 Epiri

441 3477 751 3543 castellum,
805 3478 892 3532 cui
923 3480 1065 3547 apud
1097 3477 1424 3548 Procopium
1465 3478 1633 3534 Fabr.
1670 3479 1817 3534 Just.
1861 3493 1936 3542 Iv,
1961 3480 2014 3545 4,

443 3576 642 3619 nomen
673 3571 759 3617 est
787 3561 1114 3633 Ἂλιστρος,
1148 3563 1200 3616 in
1234 3562 1460 3616 Σκεπῶν
1480 3572 1660 3620 autem
1693 3564 1809 3619 sive
1849 3562 2020 3618 Σκεύ-

441 3661 595 3699 πτων
674 3660 809 3701 voce
879 3645 1050 3701 latere
1111 3646 1358 3714 ejusdem
1425 3646 1572 3716 Epiri
1629 3648 1844 3712 urbem,
1894 3662 2016 3716 qua:

443 3728 720 3793 Σκιδρέων
752 3728 892 3784 etin
941 3731 1260 3801 Augustauo
1299 3730 1490 3786 codice
1533 3730 1784 3786 Σκυδεὼν
1838 3731 2016 3787 eidem

444 3812 710 3884 Procopio
749 3814 920 3869 audit.

515 3895 652 3952 ibid.
722 3896 861 3950 Ὑπὸ
927 3895 1388 3967 κονσουλάριον.
1459 3898 1746 3958 Consulari
1800 3899 2018 3954 Daciam

444 3982 902 4038 Ineditcrraueam
937 3981 1192 4051 paruisse
1229 3982 1437 4037 Notitia
1471 3985 1597 4053 imp.
1637 3983 1846 4039 Orieut.
1879 3999 1932 4039 c.
1964 3983 2017 4052 l,

442 4066 748 4122 continuat.
801 4065 895 4120 Est
933 4065 987 4120 itt
1023 4065 1061 4119 l.
1091 4080 1151 4130 ιι,
1187 4081 1237 4120 c.
1288 4065 1498 4122 Tlteod.
1555 4068 1618 4121 de
1677 4067 1874 4124 inoiiic.
1934 4078 2019 4136 te-

451 4159 616 4204 stam.
647 4148 902 4203 Claudius
958 4162 1160 4218 praeses
1214 4147 1578 4219 Daciae;qnaa
1623 4165 1748 4205 cum
1791 4161 1846 4205 et
1889 4151 2020 4207 Sar-

446 4234 584 4288 dica:
643 4232 986 4296 meminerit,
1036 4233 1246 4287 diceres
1301 4231 2019 4304 Daciam‘ntediterraueam

448 4316 621 4373 fuisse
676 4315 1034 4385 praesidialem
1117 4317 1641 4385 provinciam;qute
1703 4325 1881 4372 tamen
1935 4333 2022 4375 res

445 4413 608 4455 secus
629 4398 1056 4453 babet.Sardica2
1078 4413 1108 4452 a
1123 4399 1484 4456 Constantino
1505 4397 1576 4454 M.
1599 4414 1661 4454 ea
1688 4399 1770 4454 les
1798 4401 1918 4454 data
1939 4412 2020 4457 est

449 4483 521 4538 ad
550 4483 831 4552 praesident
877 4481 1053 4535 Daciae
1069 4484 1158 4550 qui
1195 4494 1479 4553 propterea
1516 4482 1731 4538 Dacina‘.
1765 4485 2022 4539 mediter-

346 4582 353 4588 '
453 4581 639 4622 raucae
663 4579 865 4635 praeses
893 4581 998 4619 non
1030 4563 1156 4628 fuit,
1186 4577 1240 4620 ttt
1275 4567 1315 4622 1.
1342 4565 1710 4623 Gothofredus
1737 4570 2016 4623 censebat.

521 4648 656 4704 Ibid.
724 4646 1008 4716 Σαρδική.
1039 4646 1216 4703 Dacite
1257 4650 1600 4718 metropolim
1637 4650 1804 4706 fuisse
1845 4649 2024 4706 Tlteo-

450 4732 678 4787 dorctus
741 4729 813 4784 ΙΙ.
851 4729 918 4786 E.
948 4747 1009 4795 ιι,
1053 4731 1108 4796 4,
1153 4731 1334 4784 docet.
1381 4729 1757 4797 Constantius,
1819 4734 2018 4802 inquit,

449 4814 785 4888 προσέταξεν
807 4817 886 4878 εἰς
901 4813 998 4885 τὴν
1015 4814 1284 4886 Σαρδικὴν
1307 4812 1595 4885 (Ὶλλυρικὴ
1613 4815 1668 4868 δὲ
1685 4817 1824 4885 αὕτη
1849 4819 2020 4882 πόλις,

449 4899 547 4953 τοῦ
566 4900 756 4953 Δακῶν
777 4899 964 4962 ἔθνους
989 4896 1344 4970 μητρόπολις)
1370 4899 1609 4961 καὶτοὺς
1644 4899 1740 4970 τῆς
1765 4901 1906 4972 ἑῴας
1930 4904 2024 4955 καὶ

451 4986 552 5054 τῆς
605 4983 845 5053 ἑσπέρας
926 4981 1252 5052 συνδραμεῖν
1315 4981 1668 5046 ἐπισκόπους.
1725 4983 1823 5038 Ubi
1859 4999 1924 5039 ne
1955 4986 2022 5040 ad

451 5066 722 5136 lilyricam
760 5065 948 5119 urbem
987 5063 1302 5128 offendaris.
1330 5065 1404 5117 ita
1439 5065 1542 5119 dici
1569 5066 1743 5121 obiter
1768 5068 2020 5132 observa,

450 5148 600 5218 quod
660 5148 916 5217 praefecto
977 5147 1214 5217 prwtorii
1268 5162 1366 5216 per
1417 5147 1685 5217 Illyricum
1749 5155 2020 5216 subesset,

449 5250 571 5302 qua:
622 5235 758 5285 ratio
807 5241 861 5286 et
893 5229 1186 5287 Jordanem
1242 5229 1302 5284 Ii.
1339 5229 1496 5284 (20th.
1541 5249 1590 5284 c.
1628 5233 1718 5297 56,
1761 5237 2026 5303 permovit

450 5327 509 5369 ttt
545 5312 794 5369 Naissum
847 5313 1063 5385 illyrieo
1093 5314 1489 5370 contribueret.
1527 5313 1660 5370 Vide
1690 5317 1760 5370 de
1794 5316 2022 5373 Sardica

451 5399 579 5452 Aut.
610 5397 738 5452 Itin.
782 5413 835 5466 p.
888 5397 1015 5452 155.

523 5481 662 5536 ibid.
716 5481 1045 5535 Πανταλία.
1104 5481 1384 5535 neutralia
1436 5497 1564 5536 vero
1624 5483 1842 5538 nomine
1889 5483 2022 5553 fuit,

451 5567 633 5622 nutnis
681 5565 987 5620 ΟΥΛΠΙΔΟ
1047 5566 1440 5621 ΠΑΥΤΑΛΙΑΟ
1498 5567 1670 5622 titulis
1725 5568 2025 5638 inscriptis.

451 5662 506 5706 et
538 5650 745 5714 tabula,
775 5665 896 5719 qua:
924 5647 1223 5705 Peutaliatu
1249 5651 1318 5706 28
1345 5650 1416 5706 Μ.
1442 5651 1501 5705 P.
1532 5651 1753 5706 Sardica
1785 5665 2022 5723 separat,

452 5735 750 5790 indicibus.
794 5733 902 5788 Ter
933 5734 1074 5790 idern
1114 5738 1464 5792 commissum
1520 5746 1604 5793 est
1634 5743 1912 5807 peccatum
1971 5740 2024 5794 in

454 5817 647 5874 Malclti
709 5817 969 5888 Excerpt.
1042 5816 1231 5889 Legat.
1312 5818 1600 5877 lltnschelii
1657 5836 1712 5889 p.
1769 5821 1860 5885 62,
1907 5838 2027 5892 quae

458 5902 914 5962 accuratissimus
963 5901 1024 5964 L.
1063 5901 1396 5964 llolsleinius
1445 5905 1509 5962 ad
1565 5904 1826 5975 Stephani
1892 5908 2024 5962 Παι-

1240 437 1626 501 COMMENT.
1674 437 1759 499 IN
1796 433 2213 498 HIEROCLIS
2248 432 2792 496 SYNECDEMUM.

3534 433 3677 499 1102

2102 546 2291 599 uitiati
2321 547 2522 614 optime
2565 546 2714 600 eluit.
2789 545 2902 599 Sita
2949 555 3068 600 erat
3118 563 3222 602 non
3254 548 3411 619 longe
3443 567 3469 602 τι
3498 551 3674 610 'l‘bra-

2101 634 2198 687 cite
2241 633 2463 688 introitu
2496 651 2512 698 ;
2545 633 2923 703 παραγγείλας
2951 635 3139 706 χώραν
3173 637 3274 705 μὲν
3301 637 3446 706 αὑτῷ
3491 639 3675 694 δοῦναι

3615 728 3673 779 ὲν

2102 745 2158 771 εν
2231 745 2530 791 ιιαυταλιᾳ,
2613 745 2805 773 mutu"
2875 745 3040 774 vcrua
3101 745 3249 787 sul",
3317 745 3486 792 ητης
3572 745 3673 794 μεν

2102 801 2411 872 Ἰλλυρικῆς
2490 803 2685 873 μοίρας
2758 805 2908 856 ἐστὶν
2978 805 3238 874 ἐπαρχία,
3307 807 3369 858 οὐ
3422 805 3555 860 πολῦ
3619 810 3678 862 δὲ

2104 886 2386 956 ἀπέχουσα
2411 886 2517 938 τῶν
2556 886 2816 940 εἰσϐολῶν
2839 887 2940 957 τῆς
2969 887 3211 959 Θρᾴκης.
3260 888 3528 960 Ρτοροιιίο
3573 907 3679 946 non

2105 968 2354 1022 dissimili
2385 970 2513 1021 vitio
2549 969 2870 1023 Παντάλεια.
2896 969 3074 1040 Λιῖιιίί.
3097 971 3237 1024 Just.
3277 987 3353 1036 tv,
3388 975 3677 1037 l,dicitur.

2177 1050 2312 1105 Ibid.
2344 1051 2603 1120 Γερμὰη.
2643 1053 3039 1108 Constantinus
3071 1054 3106 1108 I.
3139 1070 3201 1121 11,
3249 1057 3419 1111 litem.
3447 1057 3501 1123 9,
3547 1058 3682 1130 Γερ-

2109 1135 2280 1207 μανὸς
2334 1137 2515 1192 habet.
2582 1137 2776 1190 Vt-rttnt
2835 1147 2918 1191 est
2975 1139 3254 1211 Γερμανὴ,
3304 1156 3416 1208 quo
3463 1145 3682 1197 nomine

2107 1219 2405 1290 Procopius
2465 1220 2817 1287 lEdithtst.
2855 1235 2928 1284 tv,
2961 1221 3016 1285 1,
3060 1223 3112 1276 itt
3158 1223 3258 1276 Iutc
3309 1223 3472 1277 Dacia
3533 1226 3684 1279 novit

2106 1304 2316 1359 urbem.
2389 1303 2498 1360 Nec
2537 1306 2772 1367 diversa,
2833 1314 2984 1374 puto.
3026 1318 3108 1361 est
3141 1307 3461 1371 Germania,
3517 1325 3680 1378 quam

2109 1386 2168 1439 Β.
2201 1385 2375 1442 Vand.
2432 1403 2472 1454 t,
2505 1388 2594 1452 11,
2628 1389 2682 1442 in
2707 1388 2904 1443 finibus
2938 1389 3131 1461 ltlyrici
3167 1399 3222 1444 ct
3246 1388 3514 1457 Thraciae,
3537 1391 3684 1464 Θρᾳ‹

2107 1469 2220 1523 κῶν
2262 1487 2321 1524 τε
2353 1472 2447 1525 καὶ
2480 1471 2754 1542 Ἰλλυρίων
2806 1474 3036 1542 μεταξὺ,
3090 1474 3260 1541 ponii.
3313 1474 3559 1530 Βθιίδπίί
3590 1491 3683 1546 Pi"

2110 1553 2292 1609 trium.
2327 1553 2459 1610 Vide
2490 1554 2554 1610 N.
2588 1558 2943 1610 Alcntaunutu
2977 1558 3028 1611 itt
3059 1555 3263 1611 Hister.
3304 1558 3502 1613 Arcan.
3552 1575 3600 1614 c.
3619 1575 3682 1624 11,

2110 1643 2164 1688 et
2192 1650 2324 1691 cave
2353 1639 2542 1693 credas
2578 1639 2629 1692 in
2657 1638 3036 1695 sanctionibus
3080 1641 3386 1695 antistitum
3433 1643 3686 1697 Orienta-

2113 1717 2266 1783 lium,
2315 1721 2460 1788 quod
2490 1721 2620 1775 ittibi
2658 1721 2884 1775 iideuter
2910 1732 2966 1777 et
3003 1721 3296 1777 Ortelianis
3329 1722 3508 1777 verbis
3530 1738 3683 1777 asse-

2116 1801 2275 1866 ritur,
2329 1803 2651 1871 metrOpolin
2711 1819 2886 1859 esse:
2944 1805 3100 1874 longe
3157 1805 3303 1859 enim
3361 1807 3475 1861 lucc
3511 1807 3579 1860 ab
3620 1822 3682 1861 ea

2113 1885 2382 1954 dignitate
2414 1886 2610 1941 abfuit.

2186 1964 2321 2023 ibid.
2365 1970 2615 2037 Ναισός.
2672 1969 2840 2025 llt-cte
2871 1970 2942 2023 ita
2989 1985 3118 2025 mss.
3171 1978 3228 2024 et
3277 1968 3688 2025 Constantinus.

2112 2049 2234 2104 vide
2268 2050 2437 2107 liolst.
2493 2055 2558 2108 ad
2594 2053 2936 2124 Stepltan.ct
2967 2069 3085 2122 qua:
3112 2053 3298 2107 Itiucr.
3344 2056 3416 2108 11.
3472 2069 3526 2124 p.
3561 2053 3686 2119 566,

2111 2135 2382 2205 adscripta
2414 2148 2534 2192 sunt
2545 2177 2562 2193 .

2184 2222 2316 2276 lbitl.
2357 2222 2727 2292 Ῥεμεσιάνα.
2767 2223 2841 2278 De
2869 2223 2970 2279 ltac
3002 2226 3135 2279 urbe
3164 2223 3228 2278 ad
3254 2223 3451 2279 Anton.
3497 2223 3690 2279 Itiner.

2112 2322 2168 2378 p.
2198 2307 2323 2370 i55,
2368 2307 2782 2374 disputavimus.
2825 2306 2883 2361 id
2924 2308 3238 2360 mirandum
3290 2317 3395 2372 est,
3431 2309 3482 2361 in
3531 2308 3684 2361 Actis

2113 2388 2620 2447 Chalcedonensibus
2667 2389 2734 2459 ip.
2784 2391 2912 2457 525,
2965 2390 3326 2463 ’Λφρούποὶιν
3375 2392 3685 2462 appellari:

2113 2473 2408 2530 Subscribit
2483 2473 2823 2543 Διογενιανὸς
2886 2475 3184 2538 ἐπίσκοπος
3268 2475 3691 2546 ’Λφρουπόλεως

2125 2556 2546 2628 Ῥεμεσσιάνων,
2595 2559 2685 2626 qui
2721 2558 2775 2610 in
2801 2556 3011 2612 L‘llillls
3060 2561 3227 2614 veteri
3264 2562 3517 2614 versione
3559 2562 3682 2629 epi-

2115 2655 2313 2711 scopus
2341 2641 2578 2694 civitatis
2609 2641 3129 2696 ltemissianensiutn
3160 2652 3212 2694 et
3240 2660 3292 2708 p.
3335 2642 3453 2707 126,
3499 2643 3694 2713 Ῥεμε-

2116 2724 2308 2794 σιάνης
2351 2724 2450 2793 τὴς
2507 2724 2716 2786 Δακίας
2767 2731 2914 2778 recte
2947 2725 3168 2781 dicitur.
3213 2724 3400 2781 Putem
3445 2727 3693 2782 librarios

2128 2806 2541 2877 Ἀφρουπύλεως
2563 2821 2686 2861 esse
2716 2807 3044 2871 conditores,
3069 2818 3117 2863 et
3145 2825 3268 2864 cum
3299 2811 3352 2864 itt
3383 2812 3524 2864 Actis
3549 2821 3694 2867 esset

2116 2890 2464 2958 Διογενιανὸς
2493 2891 2792 2954 ἐπίσκοπος
2835 2893 3066 2962 Ἀφρου,
3103 2893 3694 2960 Διογενιανὸςὲπεσκοο

2116 2991 2218 3037 vro;
2239 2974 2446 3038 πόλεως
2475 2975 2852 3046 Ῥεμεσιὰνης,
2873 2977 3115 3048 neglecto
3136 2979 3358 3033 alterius
3377 2978 3692 3047 Diogeniani

2119 3057 2338 3112 nomine
2372 3071 2524 3112 novte
2567 3058 2713 3113 urbis
2768 3059 3120 3114 fundamenta
3177 3061 3442 3129 posuisse.
3482 3062 3694 3130 ’Λφρου

2117 3141 2437 3206 ἐπίσκοπος,
2483 3151 2542 3196 ut
2575 3145 2678 3196 hoc
2729 3144 2944 3207 addam,
3002 3145 3289 3214 episcopus
3333 3144 3465 3200 Afer
3495 3146 3548 3200 in
3614 3148 3697 3202 itis

2119 3225 2470 3280 conciliorum
2511 3226 2662 3282 Artis
2690 3241 2814 3282 esse
2846 3228 3005 3294 solet,
3047 3239 3105 3284 ttt
3131 3244 3186 3299 p.
3221 3230 3344 3284 ωε.

2188 3307 2323 3366 ibid.
2365 3309 2444 3378 Τῇ
2482 3309 2642 3380 παρὰ
2679 3349 2696 3366 .
2737 3349 2754 3366 .
2800 3352 2815 3366 .
2861 3351 2874 3366 .
2916 3312 3037 3367 ὑπὸ
3089 3304 3576 3382 κονσουλάριονῘ
3601 3315 3697 3370 iii»

2119 3395 2304 3461 pensis
2334 3391 2495 3448 Dacia
2541 3409 2666 3448 eum
2699 3394 3056 3463 intelligatur,
3097 3394 3330 3451 fortasse
3372 3398 3472 3465 τῆς
3513 3415 3696 3468 1:192-

2119 3476 2394 3546 ποταμίας
2427 3475 2630 3537 Δακίας
2651 3475 2858 3546 justum
2889 3477 2992 3532 erit
3022 3495 3035 3531 :
3062 3477 3324 3548 Procopio
3353 3479 3525 3551 λΕιΙὶῙ.
3559 3497 3634 3543 tv.
3663 3483 3697 3536 5

2130 3559 2390 3630 Ῥιπησία
2427 3568 2510 3614 est
2539 3561 2732 3613 Δακία.
2769 3557 2924 3626 Quod
2955 3571 3136 3616 autem
3166 3563 3434 3618 consulari
3465 3567 3698 3619 admini-

2119 3643 2341 3697 stranda
2364 3643 2670 3704 mandatur.
2701 3642 2752 3698 id
2787 3658 2815 3696 a
2849 3654 2996 3698 recto
3021 3644 3178 3715 longe
3208 3645 3364 3700 abtst
3389 3664 3404 3700 :
3430 3647 3530 3700 fuit
3551 3649 3695 3702 enint

2121 3725 2457 3794 praesidialis
2489 3725 2787 3795 provincia,
2816 3729 2892 3781 uti
2913 3738 3108 3796 praeter
3133 3727 3304 3781 Notit.
3341 3731 3466 3796 imp.
3491 3731 3694 3785 Orient.

2119 3823 2171 3865 c.
2205 3822 2224 3863 1
2253 3824 2314 3863 ex
2348 3807 2384 3862 l.
2414 3824 2453 3864 11
2485 3823 2536 3864 e.
2569 3807 2778 3865 Tltcod.
2808 3811 2876 3865 de
2908 3808 3104 3865 inoﬂic.
3137 3819 3260 3867 test.
3291 3826 3390 3883 pro
3420 3825 3699 3882 Comperto

2121 3891 2400 3948 habemus.
2432 3962 2436 3964 ἢ

2193 3975 2328 4032 Ibid.
2385 3976 2680 4045 Ῥαξαρία.
2730 3976 3016 4046 Ῥατιαρία
3066 3988 3400 4047 oportuerat.
3443 3979 3592 4036 lianc
3644 3993 3699 4036 et

2122 4060 2256 4115 duas
2302 4072 2589 4131 sequentes
2637 4060 2996 4131 Theophanes
3047 4061 3448 4133 Chronograplt.
3499 4082 3552 4135 p.
3592 4067 3698 4122 217

2123 4161 2227 4198 non
2256 4145 2534 4214 praeteriit.
2560 4144 2946 4216 καταστρέψας
2975 4146 3075 4217 τήν
3110 4163 3170 4198 τε
3226 4146 3569 4221 Ῥατιάρνιν,
3616 4150 3700 4204 in-

2123 4229 2259 4298 quit,
2293 4229 2386 4282 καὶ
2415 4230 2707 4283 Κωνωνίαν
2749 4230 2841 4283 καὶ
2879 4230 3043 4294 Ἀκὺς
3093 4233 3188 4286 καὶ
3218 4234 3560 4302 Δωροστόλον
3604 4237 3700 4289 καὶ

2122 4308 2380 4364 Ζάνδαπα
2412 4313 2505 4364 καὶ
2526 4311 3029 4382 Μαρκιανοὺπολιν.
3049 4315 3180 4379 Quae
3204 4329 3268 4368 ex
3293 4303 3700 4386 Tlteopltylactn

2127 4392 2190 4447 Il.
2226 4393 2295 4447 lli.
2329 4408 2369 4456 1,
2397 4391 2431 4447 8
2475 4393 2726 4461 decerpta
2761 4395 2995 4450 indidem
3035 4397 3189 4451 facile
3233 4399 3506 4452 saniorem
3556 4400 3696 4454 rcci-

2124 4476 2274 4546 pient
2306 4476 2560 4530 colorem.
2602 4475 2733 4531 Vide
2761 4479 2885 4531 Ant.
2918 4479 3051 4532 Itin.
3088 4496 3139 4547 p.
3167 4478 3293 4534 2l9.

2195 4562 2330 4618 Ibid.
2371 4563 2661 4630 Βηνοπία.
2696 4563 2926 4618 Βονοπία
2951 4565 3118 4620 codex
3154 4563 3420 4620 Vulcanii.
3463 4566 3699 4621 Bovwvi:

2125 4657 2229 4713 est,
2267 4656 2326 4700 ut
2362 4645 2523 4701 llenr.
2560 4647 2804 4703 Valesius
2829 4651 2882 4702 111
2911 4649 3194 4702 Αηιηιὶηηι.
3227 4665 3376 4713 xxxr,
3406 4651 3464 4704 Η
3497 4653 3697 4705 (1111111111

2128 4730 2279 4787 vidit.
2317 4730 2469 4797 Quod
2502 4732 2745 4801 sequitur
2777 4731 3032 4798 Ἀκοένες,
3075 4730 3250 4786 Latini
3281 4732 3488 4802 Aquas,
3524 4734 3698 4789 Graeci

2127 4814 2290 4877 ’Λκὺς
2320 4817 2587 4881 vocitant;
2621 4829 2723 4884 qua
2749 4816 2814 4869 de
2845 4831 2902 4868 re
2923 4815 3122 4870 dictum
3149 4816 3284 4874 alias
3311 4825 3416 4871 est.

2199 4896 2332 4953 lbid.
2371 4897 2614 4966 Κάστρα
2657 4897 2898 4968 Μίὶρτις.
2942 4900 3274 4955 Sozotnenus
3312 4899 3382 4953 ll.
3418 4903 3484 4956 E.
3531 4918 3616 4967 111,
3667 4902 3701 4956 5

2129 4982 2358 5052 Κάστρα
2388 4979 2596 5051 Μάρτις
2627 4983 2783 5035 πόλιν
2815 4983 2912 5052 τῆς
2947 4984 3164 5046 Μυσίας
3197 4983 3448 5052 appellat,
3481 4995 3624 5040 recte
3653 4987 3696 5039 si

2128 5068 2278 5120 urbis
2306 5081 2498 5120 nomen
2520 5075 2752 5136 Spet-tes,
2783 5082 2886 5120 non
2915 5069 3041 5120 item
3076 5069 3120 5119 si
3155 5070 3486 5137 provinciam
3518 5086 3530 5121 :
3571 5071 3699 5122 t'uc-

2131 5159 2256 5202 runt
2289 5149 2433 5203 cuitu
2470 5151 2582 5204 Itil‘c
2625 5148 2818 5205 Castra
2855 5153 2907 5204 in
2956 5151 3134 5216 Dacia,
3179 5154 3264 5206 ubi
3303 5153 3600 5221 PrOCOpitts
3635 5170 3697 5204 ea

2131 5231 2298 5286 Fabr.
2329 5233 2472 5286 Just.
2509 5248 2583 5298 tv,
2615 5232 2648 5286 6
2681 5235 2923 5304 agnoscit
2954 5244 3006 5288 et
3043 5255 3068 5286 :t
3105 5235 3330 5289 Danubii
3362 5237 3474 5302 ripa
3522 5249 3700 5286 retun-

2127 5325 2255 5384 vel;
2284 5318 2424 5385 quod
2461 5331 2592 5370 sane
2633 5315 2937 5370 mirandum
2965 5326 3068 5379 est,
3107 5318 3374 5386 siquidem
3407 5317 3698 5372 Gratianus

2130 5410 2405 5470 permeato
2439 5399 2680 5454 Danubio
2714 5400 2922 5454 delatus
2962 5400 3276 5462 Bononiam,
3309 5399 3568 5454 Sirmium
3615 5402 3699 5454 in-

2132 5485 2300 5546 troiil,
2331 5495 2383 5537 et
2425 5483 2770 5552 quatriduum
2801 5486 2872 5538 ibi
2911 5495 3150 5538 moratus
3183 5500 3277 5554 per
3321 5484 3464 5538 idem
3497 5483 3696 5540 ilumt-tt

2129 5569 2193 5622 ad
2213 5567 2400 5622 Martis
2416 5569 2606 5622 Castra
2631 5568 2906 5623 descendit
2924 5571 3062 5639 apud
3079 5569 3416 5622 Aututianttnt
3436 5584 3586 5631 xxxi.
3611 5569 3698 5623 11.

2203 5654 2334 5708 Ibid.
2372 5655 2589 5718 Ἵσκος.
2622 5653 2699 5707 ita
2733 5667 2862 5708 mss.
2907 5653 3068 5709 llenr.
3106 5651 3298 5708 Valesii
3334 5653 3701 5723 conjecturam

2129 5737 2487 5793 afﬁrmantes.
2522 5736 2655 5792 Vide
2682 5741 2804 5792 Aut.
2841 5737 2972 5790 Litt.
3007 5753 3058 5804 p.
3094 5735 3223 5792 22L

2205 5820 2337 5877 Ibid.
2374 5821 2724 5891 Δαρδανίας.
2755 5822 2868 5876 Sita
2901 5823 3013 5876 iure
3043 5821 3320 5889 provincia
3349 5831 3466 5877 erat
3495 5822 3562 5878 ad
3599 5821 3705 5876 Ma-

2136 5908 2378 5967 cedonia:
2431 5909 2772 5964 occidentem
2833 5907 3045 5978 plagam
3104 5920 3120 5959 :
3181 5907 3351 5964 codex
3418 5907 3707 5963 missorum
