4170 6440
525 381 563 449 ί]
582 383 679 450 163

535 497 869 564 Theodosii,
918 500 985 555 ab
1035 500 1388 558 Emmauucle
1442 502 1778 559 Srliclstratc
1846 515 1973 555 tum.
2028 500 2106 565 II,

530 584 708 651 Antiq.
743 584 957 639 Ilertes.
993 604 1045 656 p.
1093 589 1197 642 5:26
1227 591 1403 644 editus
1429 608 1441 641 :
1472 589 1783 643 Macedonia
1832 598 1878 642 et
1937 587 2112 641 Hel/s-

529 677 745 733 spontus
802 680 847 722 et
897 687 1020 737 pars
1070 671 1224 725 Ponti
1272 673 1538 739 liniuntur
1596 672 1659 725 ab
1716 672 1916 725 oriente
1974 670 2111 723 mari

533 749 779 817 Pontico,
826 757 890 807 ab
936 756 1200 811 occidente
1232 758 1448 811 desertis
1478 757 1786 821 Dardania',
1839 774 1870 809 a
1909 765 2113 823 septen-

531 837 705 891 trione
740 837 959 905 [lamiae
986 838 1199 904 llistro,
1218 858 1248 893 a
1282 839 1755 908 meridie'lEgaro.
1775 838 2109 899 Iiarduiuus,

530 921 622 988 qui
656 921 720 976 ad
758 920 925 981 Plinii
974 937 1048 987 tv,
1105 912 1160 978 II
1209 925 1429 979 deserta
1466 923 1757 980 Candaviae
1806 922 2108 985 substituit,

532 1018 750 1057 causam
790 1004 988 1059 nullam
1030 1006 1241 1065 habuit.

598 1087 718 1142 Col.
751 1088 875 1143 145.
909 1089 971 1143 Β.
992 1092 1273 1147 Σκοῦποι.
1304 1093 1397 1148 Sic
1431 1093 1770 1155 Ptolemams,
1806 1089 2116 1159 Stepltanus

529 1169 773 1235 Σκόπους
803 1182 961 1228 vocat
987 1191 1000 1228 :
1034 1174 1275 1246 Scopam
1305 1176 1648 1231 Marcellinus
1672 1175 1867 1231 Comes
1903 1189 1952 1226 a.
1987 1170 2111 1231 5I8.

520 1268 651 1307 rum
699 1252 767 1309 de
819 1259 1159 1313 aerumnabili
1202 1258 1486 1315 Dardania:
1534 1260 1867 1326 calamitate,
1908 1257 2116 1323 Srujms

526 1353 756 1407 namque
791 1340 1122 1408 metropolis,
1167 1343 1273 1408 ait,
1315 1344 1437 1397 licet
1485 1346 1599 1398 siue
1649 1344 1842 1397 civium
1897 1355 2116 1395 suorum

522 1422 727 1476 hostem
775 1424 1090 1494 fugientium
1144 1428 1333 1490 clade,
1380 1427 1625 1495 funditus
1668 1436 1843 1481 tamen
1894 1425 2113 1477 corruit.

528 1500 719 1569 Melius
748 1505 1011 1563 Paulinus
1044 1509 1256 1580 Scnpos
1285 1509 1667 1582 I’ropcmptico
1698 1510 1763 1564 ad
1794 1508 2080 1562 Nicetam:

750 1619 823 1674 Tu
866 1618 1170 1689 Philippeos
1205 1621 1466 1675 Macetum
1509 1635 1600 1686 per
1628 1635 1784 1689 agros
1805 1657 1818 1680 ,

746 1689 857 1742 Per
894 1689 1225 1743 'l'omitauam
1261 1691 1520 1755 gradieris
1551 1691 1727 1742 urbem
1749 1728 1764 1750 ,

746 1759 858 1811 Ibis
888 1773 933 1815 et
969 1760 1170 1827 Scupos
1199 1761 1388 1828 patria:
1415 1760 1732 1827 propinquos

1102 1829 1384 1882 Dardanus
1414 1830 1619 1898 Itaspes.

534 1923 851 1990 Quanquam
888 1925 934 1980 si
978 1926 1082 1979 iter
1129 1926 1446 1981 consideres
1492 1938 1603 1993 quo
1638 1925 1872 1978 amicum
1923 1923 2118 1979 Reme-

532 2010 764 2071 sianam,
801 2009 1031 2077 patriam
1070 2009 1121 2063 in
1163 2008 1372 2073 urbem,
1416 2009 1602 2072 mittit,
1636 2009 1903 2062 maximas
1930 2008 2118 2062 amba-

533 2104 627 2156 ges
656 2091 1007 2147 meritissimo
1040 2092 1258 2146 mirere.
1295 2091 1434 2158 Quid
1463 2106 1598 2161 opus
1623 2089 1929 2161 Philippeos
1963 2104 2122 2162 agros

529 2184 587 2224 et
614 2171 954 2229 Totnitunam
978 2174 1194 2240 urbem,
1222 2184 1280 2229 ut
1309 2175 1519 2243 Scupos
1540 2175 1821 2241 devenias,
1849 2175 2123 2229 invisere?

535 2256 664 2309 Aul.
682 2253 879 2325 I‘agius
906 2255 1096 2312 Critic.
1116 2272 1166 2311 a.
1188 2257 1515 2324 cccxcvtt,9,
1532 2274 1641 2328 quo
1656 2256 1940 2312 Paulinum
1972 2256 2122 2328 igno-

535 2348 669 2393 ratae
694 2340 1037 2409 geographiae
1069 2340 1224 2411 culpa
1273 2340 1485 2407 liberet,
1536 2344 1719 2398 nescio
1744 2355 1885 2411 quos
1916 2339 2123 2409 Philip-

533 2434 663 2487 peos
686 2438 869 2491 agros,
903 2437 1171 2493 nttsquam
1214 2424 1409 2489 lectos,
1434 2424 1899 2489 comminiscitur,
1931 2433 1988 2479 et
2024 2437 2123 2492 pro

531 2501 820 2560 Tomitana
874 2506 1009 2560 urbe
1056 2506 1394 2563 Stobitanam
1445 2508 1682 2564 restituit
1730 2508 1848 2562 sive
1896 2506 2118 2563 Stobos.

532 2586 799 2656 Equidem
846 2604 877 2644 a
930 2588 1116 2645 Stobis
1146 2588 1473 2647 Stobensetn
1505 2601 1654 2648 recte
1704 2592 1950 2659 formari,
1990 2606 2123 2647 nus-

530 2688 693 2740 quant
737 2672 1104 2738 Stobitanum,
1150 2674 1275 2745 legi.
1319 2674 1391 2729 At
1436 2676 1625 2730 demus
1655 2675 1758 2731 hoc
1791 2694 1805 2732 :
1836 2676 1922 2731 cui
1980 2676 2123 2731 bono

533 2770 629 2820 per
702 2756 973 2825 geminam
1056 2756 1281 2827 Epirum
1361 2757 1803 2815 Thessalonicem
1877 2759 2120 2817 Nicetam

533 2840 828 2903 amandat,
868 2855 992 2895 cum
1043 2840 1263 2895 brevius
1319 2855 1417 2909 per
1456 2840 1870 2896 Prmvalitauam
1916 2841 2122 2897 Darda-

535 2921 792 2988 niamque
824 2922 1135 2989 provincias
1188 2924 1317 2985 iter,
1365 2924 1417 2977 in
1453 2923 1658 2979 Tabula
1707 2924 2017 2994 signatum,
2066 2924 2121 2979 in

535 3004 747 3071 Scupos
797 3015 851 3057 ct
887 3003 1269 3059 Rcmesiauam
1319 3019 1513 3061 versus
1560 3007 1814 3073 pateret!
1862 3006 1966 3062 Sed
2010 3009 2124 3063 bac

536 3085 700 3138 missa
746 3083 1034 3141 faciamus.
1077 3085 1195 3140 Sita
1237 3087 1365 3142 urbs
1398 3087 1500 3142 fuit
1544 3089 1612 3142 ad
1659 3089 1855 3147 Axium
1891 3092 2026 3154 sive,
2065 3099 2123 3144 ut

535 3169 710 3221 serior
740 3176 873 3223 tetas
906 3168 1116 3234 utaluit,
1151 3169 1491 3226 Bardarium.
1534 3169 1873 3240 Nicephorus
1918 3162 2123 3243 lir’yen-

536 3250 659 3304 nius
702 3248 993 3307 Comment.
1049 3268 1123 3318 tv,
1161 3252 1228 3307 18
1261 3271 1275 3307 :
1319 3253 1376 3307 '0
1413 3254 1470 3306 δὲ
1520 3253 1820 3324 Βαρδὰριος
1856 3256 2124 3326 καταρρεῖ

537 3335 635 3401 μὲν
683 3336 750 3389 ἐκ
789 3334 897 3389 τῶν
929 3336 1026 3407 τῆς
1053 3336 1182 3401 νέας
1236 3338 1453 3401 Μυσίας
1501 3337 1677 3408 ὁρῶν,
1710 3339 1803 3392 καὶ
1845 3337 1996 3393 διῖὼν
2034 3338 2121 3391 διὰ

534 3419 795 3473 Σκούπων
835 3419 1050 3475 κάτεισι
1098 3421 1304 3492 μεταξὺ
1352 3424 1793 3493 Στρουμπίττης.
1846 3423 1979 3490 Quae
2023 3438 2124 3478 cur

534 3502 793 3582 Pessinus
828 3513 1039 3561 vertere
1081 3506 1401 3575 neglexerit,
1436 3506 1683 3561 divinare
1725 3523 1830 3563 non
1864 3522 2118 3576 possum;

536 3587 667 3641 nihil
703 3587 900 3657 utique.
932 3588 1207 3645 habebunt
1236 3591 1488 3656 obscuri,
1523 3592 1567 3644 si
1615 3590 1952 3660 Nicepltorus
1984 3590 2120 3647 Gre-

534 3686 693 3739 goras
727 3671 778 3725 in
807 3673 1095 3727 consilium
1125 3674 1471 3739 adhibeatur,
1506 3674 1725 3743 Scapia,
1766 3690 1873 3741 quo
1902 3676 2121 3731 neruine

537 3757 791 3823 deinceps
822 3756 1040 3824 claruit,
1071 3756 1433 3814 Triballorum
1460 3758 1510 3811 in
1541 3759 1813 3815 montibus
1842 3758 2118 3826 Oppidum,

533 3839 673 3892 Axio
710 3836 915 3893 ﬂuunni
950 3848 1200 3895 astruens
1248 3840 1285 3893 I.
1320 3856 1437 3907 vnt,
1468 3857 1517 3897 c.
1555 3841 1892 3911 antepenult.
1937 3858 1987 3911 p.
2014 3840 2121 3895 266

533 3921 666 3976 edit.
697 3922 899 3978 Genev.

608 4005 743 4059 Ibid.
788 4007 1054 4073 Μηρίων.
1097 4004 1350 4062 Fortasse
1382 4006 1496 4060 bzec
1537 4005 1809 4061 delitescit
1856 4006 1999 4061 inter
2030 4022 2123 4062 ca-

537 4090 689 4142 stella
732 4104 852 4157 quae
894 4089 1045 4158 plura
1089 4089 1374 4149 Dardania:
1405 4089 1699 4159 Procopius
1746 4088 1925 4159 /Edif.
1977 4092 2120 4146 Just.

536 4186 612 4236 tv,
670 4172 724 4237 4,
773 4172 929 4226 nobis
979 4183 1344 4240 annumerat;
1396 4174 1643 4241 proxime
1686 4175 1948 4230 accedere
1992 4176 2124 4247 Βερ-

540 4254 731 4325 μέριον
764 4254 929 4324 "Apta
952 4265 1015 4310 et
1034 4255 1293 4325 Μαριανὰ
1317 4255 1586 4315 videntur.

611 4338 744 4393 ibid.
804 4336 1134 4392 Οὺλπιανὰ.
1197 4338 1394 4394 Urbem
1449 4341 1590 4394 hanc
1653 4340 1813 4409 longa
1866 4342 2124 4408 temporis

536 4421 730 4488 injuria
776 4423 1046 4477 labantem
1088 4421 1430 4479 Justiuiauus
1477 4424 1652 4479 erexit
1695 4432 1750 4480 et
1797 4423 2123 4481 .Iustiniauz

536 4505 787 4559 secundae
811 4506 1132 4577 cognomine
1151 4507 1437 4577 superbire
1452 4507 1614 4577 jussit
1636 4510 1775 4576 apud
1799 4508 2120 4578 Procopium

536 4587 715 4656 .I'Edif.
757 4588 901 4663 Just.
935 4605 1010 4654 tv,
1046 4590 1095 4644 I.
1129 4589 1307 4645 Ilabcs
1349 4593 1594 4645 eamdem
1627 4591 1679 4645 in
1724 4590 1809 4647 Itis
1830 4591 2122 4649 Jornandis

540 4668 662 4722 ller.
700 4668 865 4722 Ct'lic.
899 4688 948 4724 c.
975 4687 1060 4725 Lrt
1088 4691 1099 4724 :
1130 4672 1452 4727 'I'Iteodemir
1486 4672 1740 4727 Naissnm
1771 4677 1997 4742 primam
2034 4693 2124 4730 ur-

540 4755 651 4803 bem
688 4752 882 4805 invadit
923 4755 1150 4824 Illyrici,
1184 4755 1399 4824 ﬁlioque
1430 4773 1525 4809 suo
1576 4756 1898 4811 Theoderico
1922 4765 2122 4829 ﬁconso-

540 4837 714 4890 cintus
747 4838 917 4892 adstat
949 4850 995 4892 et
1028 4844 1081 4892 in
1109 4829 1290 4893 villam
1332 4842 1547 4894 comites
1580 4857 1674 4908 per
1711 4857 1944 4897 castrum
1980 4847 2120 4900 Her-

538 4919 672 4973 culis
713 4923 1021 4975 transmittit
1066 4922 1386 4991 Ulpianam,
1421 4925 1510 4994 qui
1563 4926 1820 4981 venientes
1863 4937 1970 4981 tam
2004 4944 2122 4983 eam

537 5022 694 5072 quam
721 5016 767 5058 et
790 5023 909 5073 opes
928 5023 1049 5061 mox
1073 5009 1126 5060 in
1154 5009 1475 5063 deditionem
1498 5010 1782 5078 accipiunt.
1813 5011 1904 5067 Sic
1932 5014 2117 5081 edunt,

513 5090 1009 5145 .intricatissimam
1036 5092 1324 5146 verborum
1355 5094 1677 5149 sententiam
1710 5109 1912 5164 susque
1945 5096 2120 5165 deque

541 5176 822 5230 habentes.
858 5175 1041 5231 Cudcx
1075 5177 1467 5233 Ambrosianus
1495 5194 1510 5234 :
1538 5178 1751 5231 sociatis
1784 5182 1960 5233 adstat
1987 5189 2035 5234 et
2066 5184 2118 5235 in

538 5262 662 5313 vitia
705 5262 984 5315 comitibus
1038 5270 1092 5316 et
1150 5271 1260 5315 tant
1302 5278 1419 5316 eam
1465 5280 1626 5332 quam
1688 5262 1943 5318 Mestulus
2002 5281 2123 5319 mea:

539 5344 758 5411 pra-fert
783 5362 796 5400 :
824 5349 966 5400 unde
987 5361 1086 5416 ego
1105 5344 1270 5401 fuisse
1290 5346 1570 5403 credidero
1597 5346 1812 5415 [iliaque
1840 5363 1935 5401 suo
1961 5349 2124 5402 Theo-

535 5431 718 5483 dorico
752 5431 970 5484 sociatis
1000 5434 1178 5486 adstat
1215 5438 1270 5485 et
1318 5430 1379 5483 III
1421 5431 1590 5484 millia
1637 5448 1665 5484 e
1710 5430 1991 5499 comitibus
2031 5448 2122 5501 per

535 5524 769 5568 rastrum
811 5513 1054 5569 Herculis
1094 5515 1406 5569 transmittit
1435 5512 1758 5582 Ulpianam;
1790 5515 1879 5585 qui
1913 5517 2119 5570 venien-

537 5609 745 5654 testam
780 5615 896 5653 eam
931 5615 1089 5669 quam
1124 5597 1380 5653 Metulmn
1410 5614 1529 5652 mox
1566 5600 1619 5652 in
1662 5599 1980 5657 deditionem
2022 5616 2115 5653 ac-

535 5685 755 5749 cipiunt.
792 5685 1043 5739 Castrum
1077 5683 1345 5748 Herculis,
1376 5694 1435 5739 ut
1479 5684 1658 5740 obiter
1690 5697 1755 5738 ea
1810 5684 2115 5749 illustrem,

538 5762 740 5820 Tabula
776 5768 838 5822 14
871 5768 937 5822 Μ.
984 5767 1045 5823 P.
1084 5769 1279 5825 Naisso
1312 5776 1586 5836 semovct;
1632 5767 1887 5825 Metulum
1940 5779 2119 5825 autem

544 5844 599 5895 iu
645 5846 748 5903 bac
798 5851 1000 5906 vicinia
1047 5853 1305 5924 oppidum
1346 5863 1465 5931 erat
1518 5862 1714 5911 natura
1758 5860 1813 5911 et
1866 5854 2122 5924 operibus

1563 389 1944 453 ADDENDA.
1989 417 2056 426 --
2090 388 2153 450 Ρ.
2199 387 2717 451 WESSELINGII

3630 382 3804 448 1104

2227 504 2512 554 munitum.
2546 504 2819 570 Appianus
2846 501 2997 571 lllgr.
3047 517 3096 570 p.
3136 502 3217 568 I0,
3243 492 3326 556 rd.
3359 500 3721 556 IIocsrb.’EuI.
3748 499 3809 551 δὲ

2223 586 2413 656 ἑτέραν
2440 585 2592 638 πόλιν
2627 585 2822 657 ἐχώρει
2849 588 3145 649 ΜετΟὖλον,
3182 589 3214 658 ἡ
3255 586 3362 640 τῶν
3399 584 3661 639 Ἰαπόδων
3689 585 3807 635 ἐστὶ

2221 669 2455 740 κεφαλὴ.
2492 675 2666 724 κεῖται
2702 670 2760 724 δὲ
2800 672 2858 724 ἐν
2895 672 3011 741 ὄρει
3066 671 3272 742 σφόδρα
3323 669 3535 735 eadem,
3568 669 3664 721 ἐπὶ
3713 667 3811 718 δύο

2221 752 2419 820 λόφων,
2451 753 2545 816 οὓς
2570 754 2772 825 διαιρεῖ
2799 755 3049 826 χαράδρα
3093 755 3279 825 στενή.
3310 754 3533 822 Iit-liqua
3566 767 3595 806 a
3635 752 3806 806 vesti-

2220 835 2323 906 giis
2361 850 2519 889 manu
2558 839 2764 891 exarati
2795 839 2997 892 codicis
3031 839 3275 906 proxime
3316 837 3589 891 recedunt.

2295 917 2430 972 Ibid.
2473 919 2842 988 Πρεὸἁλεως.
2895 920 3179 977 Provincia
3237 918 3596 976 Prmvalifana
3666 918 3815 971 inter

2226 1000 2447 1071 Epirum
2493 1018 2685 1058 novam
2732 1013 2787 1057 et
2835 1003 3154 1058 Dalmatiam
3187 1006 3254 1057 ad
3314 1002 3653 1057 Adriaticum
3686 1010 3809 1055 erat

2222 1095 2473 1154 protenta
2499 1087 2699 1152 sinum,
2734 1085 2998 1158 Procopio
3028 1087 3087 1141 Β.
3116 1086 3185 1143 G.
3231 1103 3276 1153 ι,
3306 1087 3374 1140 I5
3417 1094 3661 1142 auctore.
3699 1083 3808 1138 Pa-

2227 1167 2404 1222 ruisse
2433 1170 2649 1238 prarsidi
2688 1168 2896 1223 Notitia
2927 1171 3055 1237 imp.
3095 1168 3301 1225 Orient.
3333 1183 3380 1223 c.
3421 1186 3439 1223 ι
3480 1168 3739 1223 aliirmat.

2297 1251 2429 1305 Ibid.
2474 1252 2750 1321 Σκόδραι.
2800 1250 2997 1307 Verius
3051 1250 3198 1323 [cum
3250 1250 3313 1323 L]
3359 1252 3589 1323 Σκόδρα.
3633 1250 3816 1306 Situm

2226 1336 2377 1389 urbis
2406 1335 2593 1392 Livius
2625 1352 2769 1399 thv,
2804 1336 2894 1401 5|,
2927 1336 3209 1392 describit.

2301 1418 2433 1473 Ibid.
2475 1419 2727 1486 Λίσσος.
2772 1418 2899 1474 Haec
2926 1429 2981 1473 et
3004 1419 3122 1486 ejus
3143 1433 3239 1473 arx
3274 1418 3585 1474 Acrolissus
3610 1434 3675 1473 ex
3710 1416 3822 1472 Po-

2230 1499 2372 1570 lybio
2402 1518 2517 1563 vnt.
2544 1502 2610 1557 10
2638 1515 2693 1557 et
2718 1502 2874 1558 Livio
2901 1518 3055 1564 mn.
3090 1504 3160 1557 20
3195 1503 3480 1557 notissima
3506 1511 3608 1556 est.
3636 1503 3829 1554 Ἐλισ-

2229 1600 2341 1645 σος.
2394 1587 2748 1641 Constantino
2789 1585 2994 1640 dicitur
3042 1585 3355 1656 imperatori
3406 1589 3472 1640 dc
3521 1584 3817 1638 Administ.

2228 1666 2425 1730 Inter.
2471 1686 2519 1723 (ι.
2564 1671 2653 1725 50.

2302 1749 2434 1804 Ibid.
2479 1750 2799 1821 Δωράκιον.
2846 1752 3066 1808 Diceres
3115 1754 3241 1809 hinc
3282 1753 3451 1808 fuisse
3491 1749 3819 1805 Eur-barium

2228 1835 2510 1904 Δωρακξου
2542 1837 2848 1904 przeSuIem,
2875 1837 2968 1908 qui
2994 1853 3119 1903 pars
3158 1838 3411 1900 Epltcsini
3443 1835 3543 1889 fuit
3574 1835 3816 1897 concilii,

2231 1918 2330 1971 nisi
2369 1932 2422 1986 p.
2450 1918 2555 1973 456
2592 1919 2882 1975 adderetur
2906 1921 3005 1990 τῆς
3033 1921 3161 1984 νέας
3199 1918 3481 1988 Ἠπείρου,
3508 1928 3668 1986 atque
3691 1918 3824 1971 inde

2233 1998 2644 2071 Dyrrltacbinus
2674 2011 2840 2059 esset.
2884 2003 2980 2058 Est
3015 2004 3155 2059 inter
3199 2003 3474 2057 Gudianus
3499 2016 3562 2057 ex
3601 2001 3822 2072 Ligorio

2233 2085 2619 2154 inscriptiones
2649 2102 2702 2156 p.
2740 2086 2951 2141 CLXXI
2989 2089 3091 2141 hoc
3126 2089 3466 2158 epigramma
3495 2099 3509 2143 ε
3547 2083 3605 2139 I).
3638 2085 3708 2139 Μ.
3757 2084 3821 2139 S.

2229 2168 2292 2224 C.
2332 2168 2596 2226 JULIUS.
2637 2171 2703 2226 C.
2762 2170 2821 2224 Ε.
2879 2170 3163 2225 AEMILIA.
3217 2169 3454 2227 RUFUS
3508 2169 3824 2226 DURRACI

2231 2252 2375 2309 λιιι..
2416 2253 2576 2310 COII.
2617 2253 2734 2311 XII.
2778 2254 2939 2314 URB.
3003 2255 3156 2322 Quod
3209 2262 3262 2308 et
3313 2268 3414 2323 ego
3463 2255 3529 2308 ad
3589 2253 3829 2324 Dyrrha-

2231 2338 2413 2392 chium
2447 2338 2725 2408 pertinere
2753 2339 3083 2394 existimem.
3117 2337 3254 2404 Quid
3279 2352 3410 2406 ergo
3438 2337 3563 2390 huic
3594 2336 3827 2390 Doraeio

2232 2420 2366 2475 (iet?
2414 2419 2679 2489 Equidem
2717 2420 2898 2491 legere
2958 2422 3009 2476 id
3074 2436 3343 2491 nusquam
3399 2418 3641 2474 memini.
3698 2418 3831 2472 Fuit

2232 2512 2495 2573 prieterea
2529 2503 2900 2559 Praevalitaua:
2930 2504 3223 2574 provincia:
3252 2502 3564 2569 metropolis
3587 2499 3824 2566 Scodra,

2231 2595 2292 2647 ut
2325 2602 2391 2641 ex
2419 2586 2666 2655 Gregorii
2704 2586 2775 2640 Μ.
2811 2587 2849 2641 ι.
2893 2588 2962 2644 10
3002 2586 3166 2655 epist.
3204 2587 3274 2641 54
3312 2595 3576 2656 apparet;
3627 2599 3825 2653 quate,

2231 2673 2409 2728 donec
2443 2672 2666 2727 aliunde
2709 2670 2951 2727 ﬁrmiore
2985 2670 3267 2725 Doracium
3317 2672 3419 2726 Itoc
3450 2668 3673 2725 tibicine
3718 2669 3829 2723 Iul-

2230 2755 2433 2822 (iatnr,
2491 2751 2805 2810 arbitrabor
2854 2755 3104 2810 Docleam
3162 2755 3278 2808 sive
3342 2755 3660 2818 Dioclcam,
3718 2768 3826 2806 non

2231 2838 2451 2908 quidem
2489 2838 2810 2907 metropolin
2860 2840 2956 2893 sed
2999 2838 3269 2892 celebrem
3309 2846 3487 2892 tamen
3540 2844 3661 2906 post
3700 2835 3827 2889 Dio-

2233 2923 2520 2977 cletianum
2558 2921 2680 2991 ejus
2726 2922 3157 2977 iustanratorem
3213 2923 3446 2986 urbem,
3519 2921 3608 2975 hic
3661 2935 3821 2973 suum

2231 3006 2394 3059 etiam
2432 3004 2607 3059 locum
2655 3004 2981 3059 obtinuisse.
3034 3003 3167 3057 Vide
3208 3004 3276 3057 de
3328 3018 3392 3056 ea
3450 3001 3822 3057 Constantini.

2233 3087 2517 3142 Adm'inist.
2554 3086 2686 3155 Imp.
2723 3103 2774 3142 (ε.
2802 3087 2872 3143 35
2909 3097 2962 3142 et
2987 3086 3311 3141 Ciunamum
3344 3085 3547 3141 Ilistor.
3584 3100 3658 3150 vI,
3693 3085 3746 3138 1.

2302 3169 2437 3227 Ibid.
2468 3174 2727 3239 Μυσίας.
2760 3171 2946 3226 Maesia
2973 3174 3084 3225 lucc
3107 3171 3279 3240 prima
3303 3180 3386 3224 est
3410 3172 3525 3224 sive
3552 3170 3821 3240 superior,

2235 3265 2291 3308 ut
2327 3254 2544 3310 Tabulte
2574 3256 2804 3321 dicitur;
2841 3255 3052 3309 Socrati
3095 3253 3166 3307 Η.
3214 3253 3279 3307 Ε.
3318 3269 3356 3315 ι,
3393 3253 3464 3307 27
3495 3255 3529 3323 ἡ
3564 3254 3677 3308 ἄνω
3706 3253 3829 3307 Mu-

2233 3341 2346 3393 σία.
2388 3339 2542 3395 LEG.
2584 3339 2747 3395 AUC.
2788 3338 2902 3394 PR.
2946 3338 3053 3393 PR.
3095 3337 3417 3393 PROVINC.
3460 3336 3665 3393 PANN.
3708 3338 3823 3391 ET.

2230 3423 2500 3479 MOESItE
2529 3422 2681 3479 SUP.
2716 3424 2816 3478 sub
2841 3422 3107 3493 Septimio
3138 3422 3341 3477 Severo
3362 3431 3443 3475 est
3476 3421 3527 3474 in
3558 3421 3822 3479 Tliesaur.

2234 3524 2286 3577 p.
2331 3508 2622 3565 CCCCVII.
2674 3509 2724 3562 1.
2778 3518 2964 3577 postea
3035 3505 3396 3577 pratsidtalem
3448 3504 3617 3562 fuisse
3673 3507 3829 3562 testis

2235 3592 2444 3646 Notitia
2483 3594 2670 3661 imper.
2709 3592 2920 3646 Orient.
2953 3609 3004 3648 c.
3049 3608 3065 3646 ι
3098 3600 3202 3646 est.

2305 3673 2440 3729 Ibid.
2488 3672 2834 3743 Βιμενάκιν.
2872 3674 3201 3744 Βιμενάκιον
3238 3670 3443 3727 rectius
3480 3671 3827 3745 Tltcopltyla-

2233 3768 2353 3812 ctus
2385 3756 2450 3811 Il.
2484 3756 2555 3810 Μ.
2613 3775 2650 3824 t,
2684 3758 2748 3824 5,
2782 3759 2872 3826 qui
2928 3759 3082 3810 πόλιν
3135 3755 3396 3827 λαμπρὰν
3432 3756 3498 3811 ad
3551 3755 3824 3827 Illyricum

2232 3840 2595 3908 pertinentem
2632 3840 2884 3910 appellat.
2918 3841 2977 3895 In
3003 3840 3262 3895 Gordiani
3297 3849 3350 3893 et
3382 3839 3609 3908 Philippi
3643 3841 3829 3894 unmis

2234 3925 2293 3981 P.
2333 3926 2410 3979 Μ.
2451 3923 2509 3979 S.
2545 3922 2703 3979 COL.
2742 3923 2904 3991 V'IM.,
2935 3940 3073 3994 quos
3108 3923 3336 3977 ridicule
3362 3922 3651 3977 admodum
3689 3922 3822 3976 IIar—

2233 4009 2430 4064 duiuus
2463 4010 2515 4064 in
2571 4007 2739 4063 Nam.
2778 4009 2895 4061 urb.
2937 4008 3195 4063 illustrat.
3233 4006 3469 4076 explicat
3499 4007 3568 4060 de
3603 4008 3823 4075 provin-

2233 4092 2333 4147 cia:
2347 4091 2674 4148 Macedonia:
2695 4092 2998 4160 superioris
3019 4092 3234 4147 Colonia
3261 4090 3582 4145 Viminacio.
3604 4090 3818 4143 Adeone

2234 4173 2425 4230 Moesia
2474 4174 2727 4245 superior
2767 4176 3010 4244 ignorata
3046 4174 3169 4241 fuit,
3214 4183 3269 4227 ut
3312 4173 3398 4228 bis
3438 4174 3490 4227 in
3524 4172 3699 4229 numis
3725 4187 3821 4228 c0-

2233 4258 2418 4329 gnosci
2451 4257 2591 4312 haud
2623 4258 2896 4328 potuerit?

2304 4341 2444 4399 Ibid.
2488 4342 2853 4412 Σιγγιδόνος.
2881 4339 3149 4408 Σιγγιδὼν
3172 4350 3264 4394 aut
3291 4339 3639 4408 Σιγγιδουνον
3664 4352 3830 4408 opor-

2238 4436 2436 4483 tuerat.
2488 4425 2742 4481 Socrates
2793 4423 2864 4478 Il.
2910 4423 2977 4480 Ε.
3019 4441 3058 4489 ι,
3088 4424 3159 4479 27
3192 4434 3249 4478 et
3292 4439 3352 4487 ιι,
3402 4422 3471 4476 12
3507 4423 3828 4492 episcopum

2235 4511 2550 4579 Σιγγιδόνος
2588 4511 2686 4581 τῆς
2730 4510 2845 4564 ἄνω
2882 4509 3104 4572 Μυσίας
3141 4505 3427 4563 Ursacium
3472 4506 3616 4559 inter
3663 4506 3828 4558 Aria-

2234 4595 2397 4649 uismi
2453 4592 2775 4648 defensores
2823 4600 3076 4646 numerat
3114 4610 3130 4645 :
3164 4602 3223 4644 ut
3274 4591 3442 4645 mirer
3492 4588 3749 4644 Carolmn
3797 4602 3827 4640 a

2234 4677 2292 4731 S.
2316 4675 2484 4731 Paulo
2503 4676 2783 4731 Socratem
2809 4686 3030 4731 notasse
3048 4677 3118 4731 ob
3143 4674 3504 4745 Singidunum
3530 4671 3831 4726 Pannonia:

2237 4762 2642 4831 trauscriptam.
2699 4759 2862 4814 Certe
2896 4762 2931 4814 I.
2966 4777 3002 4827 t,
3049 4775 3101 4814 c.
3146 4758 3241 4822 ΞΟ,
3285 4772 3545 4829 quorsum
3596 4758 3831 4811 lectores

2234 4847 2514 4911 amandat,
2540 4845 2680 4899 nihil
2728 4842 2891 4913 lmjus
2941 4844 3158 4913 legitur.
3193 4841 3328 4898 Vide
3360 4842 3487 4896 Ant.
3531 4838 3723 4894 ltiner.
3768 4854 3824 4910 p.

2307 5012 2441 5068 Ibid.
2484 5010 2802 5079 Γρατιτινά.
2845 5012 2942 5067 Est
2978 5013 3031 5066 in
3074 5010 3287 5064 Notitia
3319 5010 3448 5075 imp.
3505 5007 3716 5062 Orient.
3772 5020 3825 5061 e.

2236 5099 2339 5152 I53
2369 5097 2510 5152 inter
2551 5096 2750 5150 Maesia:
2781 5098 2967 5166 prima:
3001 5097 3183 5161 nrbes,
3217 5095 3395 5164 deque
3427 5108 3491 5149 ea
3523 5091 3828 5159 disputavi-

2234 5197 2353 5236 mus
2387 5180 2454 5235 ad
2490 5179 2676 5233 ltiner.
2711 5179 2781 5232 ΙΙ.
2819 5195 2871 5247 p.

2304 5266 2438 5320 Ibid.
2468 5264 2810 5333 Πρικορνία.
2839 5265 2951 5318 Imo
2975 5279 3102 5317 vero
3133 5262 3432 5333 Τρικὸρνια
3466 5269 3560 5315 aut
3589 5259 3826 5332 Τρικόρ-

2232 5365 2344 5401 vim:
2375 5349 2574 5418 potius.
2608 5347 2740 5400 Vide
2769 5347 2908 5399 ident
2941 5345 3127 5404 Itiner.
3165 5361 3217 5413 p.

2284 5431 2439 5487 Ibid.
2483 5431 2902 5501 Ὀρθέμαρχος.
2939 5431 3043 5485 Pro
3072 5431 3277 5503 Ὂῤῥεο
3315 5430 3550 5501 μάργον,
3578 5437 3640 5483 ut
3675 5427 3825 5484 dixi-

2232 5535 2354 5578 mus
2383 5522 2449 5574 2d
2480 5520 2602 5574 Ant.
2646 5520 2778 5573 Itin.
2814 5535 2867 5588 p.
2908 5520 3030 5573 151.

2304 5602 2438 5659 Ibid.
2476 5604 2834 5668 Παννονίας.
2894 5602 3172 5656 Pannonia
3227 5600 3470 5657 Secunda
3524 5610 3611 5656 est
3640 5640 3655 5666 ,
3700 5614 3823 5668 qua:

2231 5689 2358 5743 olim
2392 5687 2649 5756 praelecto
2696 5686 2933 5756 praetorii
2954 5686 3137 5741 Italiae
3166 5686 3411 5754 parebat,
3440 5700 3570 5753 pars
3600 5684 3820 5752 imperii

2229 5770 2569 5839 Occidentis,
2600 5781 2656 5823 ut
2694 5771 2903 5825 Notitia
2939 5771 3067 5839 imp.
3103 5771 3287 5825 OrciJ.
3320 5785 3371 5824 c.
3405 5784 3441 5823 ιι
3480 5770 3635 5823 docet
3664 5780 3820 5822 :eatn

2188 5922 2193 5935 τ
2232 5864 2416 5914 autem
2450 5871 2571 5917 cum
2608 5855 2949 5913 JuStinianus
2991 5855 3370 5924 reciperasset,
3397 5854 3560 5910 sicuti
3602 5844 3826 5906 Nerei-Ta
