4170 6420
404 286 543 354 1105

398 404 459 460 ll
493 400 789 473 signiﬁcat,
819 398 1114 471 provinciis
1135 394 1378 457 Orientis
1404 399 1681 456 Hierocles
1709 408 1986 454 accensct.

396 488 552 555 ρυοιι
579 494 757 540 autem
773 483 992 555 praesidi
1024 482 1335 547 mandatur,
1361 485 1411 539 id
1441 483 1772 548 Iustiniano,
1801 482 1991 546 credo,

1217 280 1606 351 COMMENT.
1651 286 1727 348 IN
1767 278 2182 346 IIIEROCLIS
2217 277 2763 353 SYNECDEMUM.

3518 297 3674 370 1105

2174 396 2307 455 Ibid.
2364 402 2642 472 Ἔφεσος.
2702 405 3000 465 Provinciae
3067 418 3186 467 erat
3231 417 3578 487 metroPulis;
3619 436 3674 482 et

2099 498 2407 554 quanquam
2454 490 2581 543 olim
2636 504 2756 544 eam
2799 492 2916 547 urbi
2950 493 3266 564 dignitatem
3298 498 3491 556 vicinae
3535 502 3676 556 invi-

402 572 666 635 debetur;
700 582 787 623 est
844 582 976 623 sane
1017 566 1289 622 Munatius
1341 566 1574 622 Plancus
1609 581 1659 620 v.
1708 581 1758 619 c.
1795 578 1995 634 przeses
2099 571 2324 635 dobant,
2372 573 2441 627 ab
2471 575 2710 630 Antonio
2749 583 2928 630 tamen
2982 577 3308 647 imperatore
3361 589 3673 652 proconsuli

400 653 697 709 Pannonia:
726 668 825 721 per
860 666 1030 707 annos
1059 651 1132 704 21
1162 651 1216 704 in
1250 651 1427 717 lapide
1468 650 1796 706 Reinesiano
1827 648 1988 704 class.

402 753 478 800 vt,
512 735 609 802 7|;
645 738 740 791 sed
791 737 838 790 is
884 735 1177 788 Pannonia:
1228 734 1417 802 primm
1467 735 1793 803 praepositus
1846 733 1986 787 fuit:

398 835 527 874 nam
567 820 864 874 secundam
897 816 1238 872 consularem
1275 816 1446 872 fuisse
1474 816 1688 870 Notitia
1718 817 1909 871 eadem
1937 831 1987 870 c.

406 922 421 959 I
456 904 766 957 confirmat.

469 986 588 1042 Col.
626 985 745 1040 145.
790 984 1060 1053 Σέρμιον.
1102 982 1329 1039 Urbium
1366 991 1539 1037 mater
1568 992 1622 1036 et
1649 984 1905 1052 populosa
1936 993 1990 1040 et

397 1071 630 1126 celebris
658 1069 946 1123 Ammiano
976 1083 1088 1134 xxt,
1137 1064 1224 1121 10.
1255 1064 1411 1122 Unde
1452 1067 1504 1121 in
1541 1064 1772 1121 concilio
1819 1069 1988 1136 Aqui-

404 1154 595 1209 Ieiensi
636 1154 738 1209 Sub
772 1152 1003 1224 Damang
1042 1151 1306 1224 Amenlus
1349 1160 1529 1217 caput,
1558 1144 1748 1219 inquit,
1780 1149 1991 1221 Illyrici

402 1256 506 1293 non
564 1239 666 1293 nisi
720 1222 1042 1292 civitasﬁeu
1078 1222 1438 1298 'Sirmlensis,
1493 1245 1624 1291 tom.
1660 1250 1720 1290 Ill
1779 1234 1983 1291 Concil.

410 1322 620 1386 Lubbei,
667 1338 719 1390 p.
753 1321 883 1375 39!.
924 1318 1039 1373 Non
1071 1317 1360 1374 dissimilia
1404 1316 1554 1389 leges
1591 1317 1883 1373 Justiniani
1928 1323 1985 1373 in

408 1403 627 1458 Novella
656 1404 746 1468 II,
786 1404 942 1471 cujus
974 1413 1153 1458 tamen
1179 1402 1347 1457 verba
1369 1401 1417 1459 si
1452 1401 1525 1456 ita
1565 1401 1842 1471 acceperis
1873 1402 1983 1456 acsi

403 1486 876 1542 Tltessalonicensi
893 1484 1149 1541 Ecclesiae
1168 1495 1293 1555 post
1310 1485 1493 1539 Attilae
1516 1493 1572 1539 et
1596 1483 1780 1539 Sirmii
1807 1484 1984 1540 eversi

404 1582 649 1636 tempora
694 1570 909 1623 demunt
955 1583 1023 1623 ea
1065 1568 1306 1634 dignitas
1353 1567 1651 1622 accesserit
1696 1582 1801 1636 qua
1836 1567 1985 1621 omni

404 1652 615 1721 Illyrico
654 1655 966 1719 przestabat,
1016 1650 1221 1705 erroris
1255 1649 1651 1705 Tribonianum
1701 1650 1987 1705 absolvere

404 1749 515 1789 non
551 1737 755 1803 poteris
785 1753 797 1789 :
838 1736 1025 1789 multis
1053 1734 1199 1790 enim
1229 1741 1356 1789 ante
1394 1734 1576 1799 annis,
1615 1742 1677 1789 ut
1704 1749 1767 1788 ex
1803 1733 1983 1789 Theo-

400 1816 594 1873 doreto
642 1830 804 1885 supra
867 1817 1221 1882 monuimus,
1267 1816 1541 1888 Illyricum
1587 1816 1865 1875 Orientale
1910 1818 1984 1874 illi

404 1899 523 1954 urbi
560 1900 758 1968 paruit.
798 1898 931 1954 Vide
959 1900 1018 1956 P.
1054 1904 1123 1957 de
1159 1899 1351 1956 Marce.
1382 1899 1613 1956 Diuert.
1647 1901 1712 1955 de
1750 1899 1980 1954 Primat.

401 2000 451 2035 ιε.
481 1983 574 2049 58,
607 1994 664 2041 et
690 1984 760 2040 de
804 1984 1053 2041 Basianis
1099 1985 1220 2042 sive
1267 1984 1547 2043 Bassianis
1588 1984 1775 2041 Itiner.
1822 1986 1889 2040 A.
1926 2000 1978 2055 p.

476 2152 607 2207 Ibid.
655 2150 791 2207 Ὑπὸ
850 2153 1217 2210 ἀνθύπατον.
1251 2154 1500 2221 Aristidi,
1555 2163 1687 2210 tom.
1723 2169 1763 2220 ι,
1793 2168 1843 2224 p.
1877 2153 1975 2208 6H

400 2236 585 2306 ἄρχων
614 2237 714 2308 τῆς
754 2237 961 2303 Ἀσέας,
1008 2246 1064 2292 et
1109 2254 1163 2309 p.
1197 2238 1303 2293 572
1356 2255 1419 2294 ac
1463 2238 1568 2293 600
1617 2238 1839 2311 ἡγεμὼν
1882 2239 1984 2308 τῆς

402 2319 609 2385 Ἄσίας,
646 2319 842 2389 quibus
871 2331 1034 2391 atque
1084 2321 1207 2378 aliis
1256 2322 1311 2377 in
1360 2322 1494 2377 locis
1540 2336 1662 2377 cum
1696 2331 1983 2392 praetorem

403 2412 495 2455 aut
544 2405 831 2471 praesidem
883 2407 1154 2474 interpres
1206 2405 1466 2471 verterit,
1514 2406 1737 2474 praebita
1789 2418 1986 2475 magno

403 2485 628 2543 Usscrio
662 2487 715 2540 in
750 2488 1155 2560 Smyrnensium
1185 2489 1356 2558 Epist.
1400 2504 1453 2557 p.
1489 2488 1581 2554 16,
1615 2491 1702 2546 ed.
1736 2489 1985 2544 Ruinarti

402 2579 462 2624 ut
491 2570 756 2627 scriberet
791 2574 1008 2629 occasio
1054 2583 1167 2640 est,
1222 2574 1391 2630 totius
1425 2574 1719 2644 provincia:
1769 2574 1985 2642 proprie

400 2655 562 2710 dicta:
619 2656 761 2711 Asiae
822 2657 1201 2727 proconsulem
1260 2668 1391 2713 tunc
1442 2657 1610 2715 fuisse
1661 2658 1979 2727 praesidem;

399 2737 543 2805 quod
590 2745 771 2793 tamen
820 2759 853 2794 a
902 2754 1031 2794 vero
1075 2740 1262 2810 procul
1315 2742 1504 2797 abesse
1550 2739 1981 2812 cognitissimnm

397 2834 503 2879 est.
557 2824 686 2879 Erat
732 2825 1076 2892 proconsulis
1133 2828 1420 2897 imperium
1468 2825 1823 2892 latissimum,
1871 2827 1983 2882 suis

400 2908 649 2964 terminis
683 2909 753 2965 ab
786 2911 974 2964 eodem
1009 2911 1271 2977 Aristide,
1312 2921 1443 2968 tom.
1483 2911 1555 2977 II,
1605 2926 1660 2979 p.
1707 2910 1830 2976 501,
1873 2912 1982 2967 cir-

398 2994 789 3063 cumscriptum
834 3009 848 3046 :
883 2992 1041 3064 longe
1084 3002 1263 3049 tamen
1309 2995 1636 3061 accuratius,
1672 3010 1980 3066 quanquam

397 3073 517 3144 ejus
559 3075 842 3145 scriptoris
876 3085 1038 3131 aetate
1088 3086 1293 3132 tantum
1324 3094 1429 3132 non
1469 3088 1608 3144 erat,
1636 3082 1705 3133 ab
1739 3079 1984 3150 Euuapio

398 3159 454 3213 in
503 3155 762 3224 ﬂaminio,
816 3172 871 3228 p.
915 3159 1038 3216 101,
1088 3161 1153 3215 ed
1199 3160 1431 3216 PIunlin.
1488 3162 1630 3216 Ἀλλ’
1673 3165 1752 3225 εἰς
1804 3164 1981 3236 ἀρχὴν

399 3242 704 3314 μετέστησε
741 3241 965 3313 μείζονα
995 3244 1217 3310 (Valens
1262 3244 1629 3313 Clearchum),
1672 3246 1981 3302 ἀνθύπατον

396 3324 563 3380 αὐτὸν
592 3326 896 3395 ἐπιστήσας
930 3326 1031 3397 τῆς
1078 3326 1173 3381 νῦν
1215 3327 1360 3392 ἰδίως
1388 3329 1576 3393 Ἀσίας
1615 3329 1978 3401 καλουμένης.

397 3409 546 3477 Αὐτὴ
594 3409 651 3462 δὲ
682 3409 792 3463 ἀπὸ
826 3411 1120 3480 Περγάμου
1154 3410 1213 3464 τὺ
1242 3410 1490 3478 ἀλιγενές
1519 3412 1790 3482 ἐπέχουσα
1841 3414 1981 3484 πρὸς

392 3491 497 3562 τὴν
520 3491 923 3563 ὑπερκειμένην
946 3494 1173 3565 ἤπειρον
1198 3493 1327 3565 ἄχρι
1356 3495 1566 3566 Καρίας
1587 3496 1975 3566 ἀποτέμνεται,

396 3578 494 3631 καὶ
541 3575 774 3647 Τμῶλος
824 3578 994 3647 αὐτῆς
1057 3582 1391 3651 περιγράφει
1442 3581 1505 3635 τὸ
1562 3582 1700 3652 πρὸς
1755 3582 1975 3636 Λυδίαν.

403 3662 559 3715 Ἔστι
595 3661 653 3715 δὲ
689 3662 874 3733 ἀρχῶν
921 3661 1273 3734 ἐνδοξοτάτη,
1330 3663 1424 3717 καὶ
1479 3664 1539 3716 οὐ
1582 3667 1853 3736 κατήκοος
1882 3666 1977 3720 τοῦ

395 3743 497 3812 τῆς
526 3743 699 3813 αὐλῆς
730 3745 996 3815 ἐπάρχου.
1052 3744 1171 3799 Jam
1221 3747 1266 3801 si
1314 3746 1627 3801 observaris
1681 3749 1807 3804 huic
1853 3765 1951 3820 pro

394 3828 603 3883 consuli
637 3827 968 3897 Hellesponti
1014 3829 1356 3885 consularem
1408 3840 1462 3887 et
1512 3830 1812 3888 insularum
1844 3850 1977 3903 pra:-

394 3913 569 3967 sidem
601 3913 746 3967 dicto
780 3912 949 3969 fuisse
994 3914 1323 3977 audientem,
1364 3916 1753 3985 amplissimam
1788 3920 1979 3991 utique

395 4004 720 4065 potestatem
779 3996 857 4051 illi
924 3995 1221 4065 injnmtam
1278 4010 1560 4065 agnosces.
1620 4000 1773 4067 Quod
1842 4017 1974 4057 vero

393 4078 635 4151 pra-fecti
675 4081 914 4151 praetorii
962 4082 1189 4151 imperio
1237 4093 1546 4153 exemptum
1597 4085 1762 4142 fuisse
1810 4088 1973 4142 adfir-

394 4171 532 4226 mat,
563 4164 636 4228 id,
676 4178 1004 4232 quamquam
1035 4165 1103 4219 ab
1135 4179 1200 4220 eo
1226 4166 1293 4220 ad
1335 4166 1649 4234 prmfectum
1684 4169 1973 4239 appellatio

394 4245 449 4298 in
493 4245 530 4301 l.
568 4245 636 4301 I9
678 4246 797 4301 cod.
835 4246 902 4301 de
937 4245 1206 4316 Appellat.
1254 4249 1606 4318 permittitur,
1655 4265 1722 4305 ex
1774 4251 1969 4309 Notitia

395 4333 528 4399 imp.
568 4328 778 4386 Orieut.
812 4346 862 4385 e.
896 4330 950 4396 1,
977 4346 1197 4401 quoque
1236 4347 1572 4402 cognoscas;
1606 4349 1783 4404 neque
1829 4338 1973 4391 enim

391 4412 521 4467 Asia
552 4414 849 4481 provinciis
877 4424 1272 4479 annumeratur
1303 4431 1422 4485 quae
1470 4415 1572 4474 sub
1618 4418 1975 4486 disp‘ositioue

393 4495 634 4566 prazfecti
678 4497 938 4566 praetorio
983 4511 1080 4567 per
1107 4498 1384 4557 Orientem
1421 4499 1661 4558 inerunt.
1696 4503 1971 4559 Caeterum

392 4582 448 4634 in
483 4578 707 4648 Eunapli
740 4580 941 4644 verbis,
974 4579 1117 4649 quod
1148 4595 1252 4636 nec
1282 4581 1633 4652 interpretem
1668 4585 1823 4657 fngit,
1865 4603 1971 4642 nun

389 4663 455 4716 τὸ
482 4662 728 4730 anno;
753 4663 849 4718 sed
875 4663 939 4717 τὸ
969 4662 1233 4729 ἁλιτενές,
1253 4671 1311 4719 ιιι
1343 4666 1483 4734 apud
1512 4665 1791 4737 Polybium
1813 4685 1886 4737 tr,
1903 4671 1972 4728 '59

392 4748 464 4819 de
505 4760 601 4800 ora
650 4745 813 4802 Ponti
858 4748 964 4801 πᾶν
1005 4747 1052 4800 δ’
1083 4748 1234 4802 ἐστὶν
1273 4748 1535 4814 exuam,
1583 4750 1683 4821 legi
1734 4765 1969 4824 oportet.

394 4826 589 4885 Simile
617 4830 812 4885 vitium
840 4843 870 4884 e
894 4828 1165 4886 Strabone
1196 4830 1234 4886 Ι.
1263 4845 1385 4901 xm,
1413 4846 1468 4903 p.
1493 4832 1619 4899 595,
1644 4833 1776 4890 eluit
1815 4835 1967 4892 Paul.

388 4913 703 4984 Leopardus
730 4912 1012 4969 Emendat.
1042 4930 1117 4979 tv,
1152 4915 1241 4971 l5.

462 4997 595 5053 Ibid.
649 4997 863 5062 Πόλεις
901 4995 1019 5067 μγ’.
1064 4996 1206 5052 Olim
1253 4999 1564 5067 quingenta:
1614 5002 1779 5060 urbes
1825 5004 1968 5063 Asia:

385 5080 735 5153 proconsulis
786 5081 1152 5147 iurisdictionl
1206 5091 1364 5137 erant
1421 5086 1771 5154 contributae;
1823 5092 1967 5143 unde

382 5163 626 5234 Agrippa
663 5164 807 5234 apud
846 5162 1144 5234 Josepbum
1176 5164 1238 5220 Β.
1271 5163 1322 5220 l.
1372 5182 1433 5233 ιι,
1461 5169 1528 5222 16
1555 5167 1581 5240 §
1610 5165 1678 5223 ιε
1704 5170 1779 5239 (Ti
1823 5169 1881 5226 δὲ
1909 5173 1967 5227 αἱ

385 5246 745 5302 πεντακόσιαι
789 5247 890 5318 τῆς
918 5248 1105 5312 Ἀσίας
1145 5249 1367 5316 πόλεις;
1398 5251 1520 5323 οὐχὶ
1562 5252 1683 5323 δίχα
1726 5258 1969 5326 φρουρᾶς

384 5332 485 5385 ἕνα
515 5330 915 5403 προσκυνοῦσιν
952 5333 1198 5403 ἡγεμόνα
1236 5335 1330 5389 καὶ
1374 5335 1473 5398 τὰς
1518 5332 1792 5402 ὑπατικὰς
1833 5340 1969 5410 [5&6-

382 5416 554 5480 600;;
596 5425 821 5486 tumque
867 5417 919 5471 iu
963 5416 1144 5487 plut-cs
1177 5420 1448 5489 descripta
1482 5432 1601 5476 erat
1643 5434 1965 5490 conventus,

385 5502 454 5554 de
491 5500 692 5568 quibus
733 5499 940 5555 Plinius
987 5514 1037 5566 ν,
1084 5501 1175 5555 29.
1213 5501 1454 5557 Detninui
1502 5503 1620 5572 ejus
1669 5499 2011 5578 ampliIUdO'

384 5591 565 5650 ctepta
595 5593 701 5644 est,
756 5591 1044 5652 postquam
1098 5585 1295 5640 vicinis
1347 5589 1638 5656 provinciis
1676 5592 1758 5645 sui
1807 5594 1967 5664 magi—

386 5675 595 5719 stratus
628 5674 758 5723 suut
784 5667 1047 5736 impositi,
1095 5678 1149 5722 et
1192 5670 1417 5726 alterius
1443 5672 1671 5741 imperio
1712 5675 1959 5747 subjecti.

393 5748 527 5805 Vide
562 5748 838 5808 Usscrium
866 5754 931 5810 de
960 5752 1086 5809 Asia
1118 5769 1366 5824 procons.
1404 5771 1456 5827 p.
1487 5757 1555 5811 δι’.
1581 5767 1686 5814 ctc.

2098 655 2396 709 necessitas
2455 656 2703 727 imposita
2766 668 2849 713 est
2897 676 2995 730 per
3050 677 3201 718 mare
3258 666 3531 734 applicare
3580 672 3674 725 καὶ

2095 738 2203 792 τῶν
2265 742 2654 812 μητροπόλεων
2702 746 2940 814 Ἔφεσον
2993 747 3055 817 (i.
3127 765 3176 803 c.
3230 749 3372 805 inter
3420 754 3674 809 matrices

2094 823 2308 907 urbium
2363 823 2659 907 Ephesum)
2700 831 2928 898 primam
2974 832 3246 903 attingere
3305 846 3363 889 ιιι
3407 835 3674 907 Ulpianus

2095 904 2133 958 l.
2171 921 2245 969 tv,
2283 906 2311 979 §
2345 907 2378 961 5
2404 906 2465 963 D.
2498 911 2563 965 de
2593 912 2733 967 ollic.
2771 913 3026 971 Procous.
3061 918 3338 973 admonet.
3354 915 3462 976 Nec
3483 904 3671 977 tamen

2095 984 2367 1057 Ephesum
2438 994 2733 1063 imperator
2792 996 3037 1069 Smyrnae
3099 999 3194 1055 ait
3264 1000 3528 1071 Pergamo
3598 1003 3671 1059 ita

2091 1075 2384 1143 praeposuit
2412 1086 2473 1130 ιιι
2518 1092 2629 1148 pra:
2660 1078 2762 1134 illis
2796 1082 3001 1151 primas
3046 1084 3289 1140 auferret
3318 1104 3332 1142 :
3369 1096 3578 1142 tantum
3612 1098 3672 1144 ιιι

2091 1168 2123 1209 e
2156 1159 2550 1228 metropolibus
2591 1163 2886 1232 provincia:
2912 1167 3145 1236 primam
3178 1184 3298 1222 eam
3344 1170 3517 1224 adiret
3550 1172 3668 1224 edi-

2092 1242 2193 1303 xit,
2244 1253 2306 1296 ut
2355 1244 2583 1312 pulchre
2628 1248 3025 1304 demonstravit
3072 1251 3269 1307 Ezcclt.
3305 1253 3670 1322 Spauhemius

2090 1322 2321 1408 pissert.
2379 1342 2430 1382 lx
2491 1330 2556 1383 de
2618 1326 2751 1387 Usu.
2782 1342 2833 1386 et
2882 1330 3074 1389 Pt'a’u.
3129 1337 3394 1392 Nuntiant.
3450 1354 3501 1408 p.
3540 1340 3666 1395 6H.

2090 1405 2353 1477 Sequiore
2381 1410 2594 1465 demum
2619 1425 2776 1471 aetate
2810 1414 3031 1488 reliquis
3054 1428 3138 1473 est
3174 1420 3431 1488 antelata,
3451 1405 3670 1478 factus-

2091 1504 2201 1559 que
2253 1493 2372 1562 ejus
2404 1495 2934 1565 episcopusAsiauce
2966 1503 3263 1559 dimceseos
3292 1507 3582 1575 exarchus,
3614 1517 3670 1562 ct

2082 1579 2205 1642 Jure
2238 1579 2453 1646 quidem
2513 1580 2917 1647 Patriarchico,
2963 1587 3104 1654 apud
3138 1587 3427 1658 Evagriqu
3474 1589 3545 1646 II.
3601 1590 3666 1648 E.

2091 1673 2176 1723 ιιι,
2206 1660 2258 1715 6.
2292 1661 2442 1715 Adde
2470 1661 2757 1718 Usserium
2796 1669 2860 1721 de
2888 1668 3012 1722 Asia
3050 1668 3304 1725 Procans.
3344 1690 3396 1742 p.
3430 1671 3519 1727 «£9.

2158 1742 2293 1800 Ibid.
2334 1745 2525 1803 ’Eréa.
2583 1749 2775 1804 Ἀναὶα
2824 1766 3008 1806 verum
3058 1756 3259 1824 oppidi,
3309 1758 3454 1827 quod
3495 1758 3668 1817 Cariae

2088 1824 2412 1886 Ptolemaeus
2451 1840 2508 1887 et
2556 1831 2886 1904 Stephanus,
2923 1834 3118 1908 Scylax
3155 1824 3343 1908 Lydiae
3375 1839 3520 1895 circa
3553 1841 3667 1895 Illa-

2089 1913 2332 1981 gnesiam
2366 1915 2634 1984 attribuit,
2684 1932 2982 1986 cognomen
3023 1930 3159 1976 erat.
3195 1921 3409 1978 Sotieus
3461 1925 3668 1989 πόλεως

2089 1995 2309 2061 Ἀναιας
2339 1997 2479 2054 inter
2509 2000 2649 2054 Asi-e
2673 2003 2956 2071 episcOpns
2982 2003 3404 2059 Cbalccdonensi
3434 2009 3668 2065 concilio

2088 2095 2144 2149 ρ.
2193 2080 2300 2136 675
2341 2084 2671 2165 subscribit,
2713 2087 2946 2142 concilio
2984 2103 3113 2143 vero
3164 2088 3451 2159 Cpolitano
3508 2096 3669 2165 tertio

2087 2180 2142 2235 p.
2188 2165 2293 2223 666
2349 2164 2590 2225 Joannes
2634 2169 2932 2235 ἐπίσκοπος
2977 2171 3179 2226 ’Λνέων
3236 2175 3338 2244 τῆς
3403 2164 3667 2233 Ἀσιανῶν

2085 2247 2378 2320 ἐπαρχίας,
2414 2251 2508 2321 qui
2546 2268 2599 2322 p.
2634 2254 2739 2309 500
2766 2258 2865 2321 τῆς
2894 2255 3166 2310 Ἀνεατῶν
3212 2258 3420 2323 πόλεως
3447 2260 3665 2319 dicitur.

2085 2330 2260 2388 Prave
2286 2348 2417 2404 ergo
2448 2335 2500 2389 in
2537 2337 2769 2393 concilio
2804 2337 3001 2406 Ephes.
3041 2356 3092 2409 p.
3119 2340 3227 2396 165
3256 2341 3529 2399 Modestus
3561 2346 3668 2402 fer-

2086 2424 2174 2500 tur
2202 2415 2302 2500 τῇς
2351 2417 2553 2472 Ἀνέων
2582 2418 2790 2483 πόλεως
2832 2422 2930 2490 τῆς
2965 2422 3206 2494 Φρυγίας
3248 2436 3303 2480 et
3337 2441 3389 2495 p.
3431 2428 3537 2482 527
3566 2433 3669 2500 τῆς

2086 2498 2314 2552 Νεατῶν
2365 2500 2574 2564 πόλεως
2624 2501 2842 2571 prtesul.
2888 2503 3048 2574 Apttd
3085 2504 3420 2577 Stephanum
3465 2498 3667 2579 gentile

2084 2596 2282 2638 nomen
2317 2594 2401 2639 est
2428 2584 2639 2649 Ἀναῖος
2663 2593 2716 2662 et
2748 2585 3020 2659 ’Ava'i'tqg,
3054 2591 3121 2643 ad
3145 2607 3309 2662 quam
3343 2593 3574 2663 'prtnam
3598 2611 3667 2653 ea

2085 2682 2204 2737 quae
2234 2668 2464 2737 produxi
2501 2667 2658 2726 facile
2685 2671 3048 2742 corrigentur.
3354 2672 3391 2708 ν

2155 2764 2293 2821 Ibid.
2339 2768 2663 2836 Μαγνησία
2705 2768 3037 2839 Μεάνὸρου.
3080 2770 3325 2827 Nummis
3370 2775 3675 2845 Mayv'qaia.

2085 2848 2120 2918 ἡ
2151 2848 2289 2920 πρὸς
2332 2849 2410 2921 τῷ
2450 2852 2772 2924 Μαιάνδρῳ,
2818 2854 3051 2911 concilio
3096 2856 3379 2924 Cpolituuo
3419 2861 3579 2913 tertio
3610 2876 3661 2929 p.

2086 2932 2192 2988 666
2248 2934 2561 3005 Μαγνήτων
2630 2937 2664 3006 ὴ
2727 2939 3406 3010 Πρωτομαιανδρούπολις.
3466 2945 3679 2998 Aborae

2086 3018 2226 3072 haud
2280 3019 2509 3076 multum
2560 3021 2789 3091 Epheso.
2849 3023 2981 3078 Vide
3028 3025 3225 3080 Ezeclt.
3271 3027 3677 3096 Spanltemium-

2088 3098 2313 3156 Dissert.
2342 3118 2395 3157 Ix
2428 3103 2494 3158 de
2524 3100 2656 3159 Usu.
2689 3115 2737 3158 et
2770 3104 2960 3161 Pra’st.
2992 3105 3263 3164 Nuntiant.
3295 3126 3348 3179 p.
3382 3110 3508 3165 656.

2156 3198 2293 3254 Ibid.
2338 3199 2643 3268 Τράλλεις.
2673 3199 2861 3271 Neque
2886 3201 3003 3258 haec
3026 3201 3430 3274 IougeEpheso
3458 3215 3691 3267 remota

2084 3282 2204 3336 fuit.
2233 3281 2464 3338 Oracula
2511 3299 2632 3354 quae
2677 3285 2894 3356 Sibyllae
2924 3294 3145 3356 accepta
3190 3288 3455 3351 feruntur,
3488 3292 3527 3345 l.
3564 3308 3659 3348 ut:

2082 3366 2319 3436 Τράλλις
2363 3367 2431 3421 δι’
2479 3370 2512 3439 ή
2569 3369 2767 3438 γείτων
2824 3369 3055 3438 Ἐφέσου
3110 3371 3323 3442 σεισμῷ
3367 3375 3664 3431 καταλύσει.

2080 3451 2289 3522 τείχεα.
2324 3451 2558 3508 Dubium
2597 3463 2779 3509 autem
2829 3463 2934 3522 est,
2983 3453 3216 3509 fueritne
3258 3454 3530 3513 Mmandro
3570 3461 3666 3515 ad~

2082 3545 2310 3590 structa.
2363 3534 2672 3606 Stephanus
2729 3534 2960 3593 aliirmat
2997 3555 3012 3593 :
3055 3538 3369 3606 negantium
3418 3542 3691 3611 partibus-

2083 3619 2282 3675 Strabo
2304 3621 2515 3675 accedit
2540 3622 2579 3677 I.
2610 3636 2724 3686 xtv,
2753 3635 2805 3690 p.
2832 3620 2972 3687 648;
3001 3623 3090 3677 cui
3122 3620 3411 3680 Whelcrns
3442 3642 3663 3681 nnmum

2081 3703 2529 3757 TPAAAIANON
2562 3705 2778 3760 nomine
2803 3704 3122 3774 inscriptum
3146 3714 3201 3761 et
3229 3708 3405 3763 amnis
3437 3708 3660 3779 figuram

2082 3786 2456 3853 praeferentem
2499 3786 2687 3841 Itiner.
2722 3803 2776 3857 p.
2822 3786 2932 3841 288
2962 3788 3203 3858 opponit.
3240 3787 3352 3845 Nec
3389 3790 3436 3845 is
3482 3799 3661 3847 tamen

2083 3868 2246 3925 llnvio
2298 3871 2617 3926 accubuisse
2650 3871 2923 3927 Menandro
2969 3873 3314 3940 probaverit,
3357 3884 3470 3929 tum
3517 3878 3662 3944 quod

2082 3954 2232 4008 numi
2262 3954 2491 4009 subinde
2514 3953 2756 4020 ﬂuvium,
2782 3956 2875 4025 qni
2900 3957 3051 4013 urbis
3076 3972 3266 4027 agrum
3295 3959 3455 4023 radit,
3481 3970 3666 4016 osten-

2085 4048 2218 4101 lcnt,
2275 4048 2332 4093 ut
2381 4037 2742 4096 Nicteensiutn
2789 4057 2950 4096 amne
3001 4040 3191 4112 Sagari
3239 4042 3497 4114 insignes.
3550 4054 3661 4100 tum

2084 4124 2321 4177 maxime
2350 4124 2494 4193 quod
2528 4124 2675 4178 nntni
2716 4124 2834 4194 ejus
2861 4124 3058 4181 ﬂumen
3089 4128 3263 4196 possit
3295 4143 3416 4183 esse
3449 4128 3665 4185 Eudon.

2081 4221 2244 4273 quem
2278 4207 2424 4260 circa
2454 4207 2854 4263 Trallianorum
2886 4210 3074 4266 urbem
3109 4210 3405 4268 deﬂuxisse
3436 4211 3662 4283 Etyma-

2080 4288 2233 4356 logus
2267 4304 2389 4343 cum
2421 4289 2597 4345 Plinio
2628 4290 2809 4346 docet.

2150 4384 2286 4441 Ibid.
2317 4386 2556 4441 Νύσσα.
2604 4386 2760 4441 Νύσα
2810 4389 3062 4443 Straboni
3112 4398 3274 4459 atque
3324 4390 3465 4446 aliis.
3506 4393 3658 4448 Actis

2077 4470 2288 4525 concilii
2319 4469 2595 4538 Ephesini,
2626 4485 2680 4541 p.
2717 4469 2819 4525 527
2851 4471 3146 4527 subscribit
3177 4472 3490 4529 Theodotus
3536 4477 3620 4545 cpi
3640 4507 3653 4517 -

2078 4570 2275 4622 scepns
2313 4553 2562 4623 Μνάσης,
2609 4555 2701 4624 qui
2751 4554 2938 4623 Νύσης
2987 4553 3106 4609 fuit.
3156 4555 3451 4610 Νυσσαέων
3501 4558 3659 4623 πόλις

2076 4637 2312 4693 concilio
2338 4638 2751 4708 Constantinop.
2782 4639 2964 4704 tertio,
2995 4652 3047 4705 p.
3076 4636 3202 4694 667.

2148 4735 2287 4790 Ibid.
2319 4736 2647 4804 Πρίουλνια.
2700 4735 2931 4807 Βρίουλα
2980 4745 3335 4805 oportuerat,
3395 4745 3457 4793 ut
3512 4741 3655 4808 apud

2078 4818 2400 4875 Strabonem
2428 4820 2495 4874 11
2524 4836 2579 4889 p.
2609 4819 2714 4874 650
2740 4829 2793 4875 et
2824 4820 2877 4874 in
2907 4821 3119 4891 egregio
3155 4819 3409 4876 Tltesaur.
3440 4821 3651 4878 Britan.

2078 4914 2211 4960 tom.
2248 4903 2315 4970 Il,
2360 4920 2412 4974 p.
2462 4904 2566 4960 102
2599 4904 3057 4959 ΒΙῚΟΥΛΕΙΤΩΝ
3112 4919 3295 4959 nume.
3328 4903 3472 4961 Idem
3506 4908 3656 4962 allic-

2075 4990 2308 5044 maveril
2341 4987 2572 5045 Rulinus
2601 4991 2889 5061 episcopus
2911 4988 3121 5053 πόλεως
3142 4988 3416 5063 Βριοῦ).ων
3444 4990 3651 5045 Nicmn.

2071 5072 2272 5128 conciL
2307 5086 2418 5128 sec.
2452 5072 2576 5128 549.
2599 5071 2822 5142 Corrige
2846 5088 2994 5143 ergo,
3036 5089 3192 5142 quem
3220 5074 3273 5127 in
3303 5073 3448 5127 Actis
3480 5070 3656 5144 Eplte~

2070 5157 2175 5213 sin.
2213 5174 2275 5225 «ρ.
2311 5154 2417 5211 528
2461 5157 2736 5225 reperies,
2776 5155 3139 5228 Βαριουλιτῶν
3182 5158 3485 5227 pt'zesulem.
3521 5157 3653 5224 Qua:

2072 5241 2325 5311 sequitur
2356 5237 2654 5302 Mastaura,
2696 5257 2723 5292 a
2760 5239 3029 5296 Strabaxtc
3066 5239 3342 5311 Stephano
3373 5250 3426 5295 et
3463 5243 3652 5297 conci-

2072 5322 2272 5379 liorum
2305 5321 2450 5376 Actis
2479 5335 2620 5390 sepe
2647 5332 2999 5378 memoratur.

2138 5419 2276 5476 Ibid.
2332 5418 2625 5475 Ἀνίνετα.
2676 5417 2954 5490 Ἀνξνητον
3010 5420 3223 5476 videtur
3275 5430 3534 5492 praestare
3585 5424 3655 5478 oh

2071 5503 2422 5559 Theodorum
2457 5504 2769 5574 episcopum
2799 5502 3082 5574 Ἀνινήτου
3118 5506 3170 5558 in
3204 5503 3477 5576 Ephesino
3506 5522 3557 5562 c.
3597 5524 3651 5579 p.

2067 5590 2194 5657 466,
2216 5590 2344 5644 licet
2373 5603 2538 5659 prave
2570 5604 2621 5658 p.
2654 5587 2758 5642 5'28
2780 5588 3145 5659 Ἀνηνυσσὶων
3173 5601 3395 5645 vocetur
3422 5595 3612 5661 praesul
3636 5608 3652 5648 :

2069 5675 2277 5729 Marnas
2311 5674 2453 5728 enim
2488 5672 2768 5744 ’Λνινήτου
2802 5672 3242 5728 Chalcedonens’s
3278 5692 3423 5729 conc.
3469 5691 3521 5743 p.
3549 5675 3657 5732 529.

2073 5760 2200 5815 illud
2239 5775 2335 5814 sua
2378 5760 2776 5829 Subscriptione
2812 5761 3007 5825 firmat,
3053 5756 3408 5827 quzn'umvis
3442 5776 3492 5831 [ι.
3526 5759 3650 5827 61ἒ4,
