4170 6472
485 289 625 356 1167

479 406 779 464 ἐπίσκοπος
817 398 1025 463 πόλεως
1053 397 1339 470 Ἀνηρὶτου
1381 396 1486 453 dici
1519 397 1788 452 videatur.
1837 395 1911 449 De
1952 394 2058 448 situ

483 489 616 544 nihil
656 486 902 540 iinivcro.

557 571 678 626 Col.
705 570 822 625 I45.
860 569 1110 636 ’Ύπητω
1130 567 1407 628 ’⁴Υπαιπα,
1428 565 1570 619 unde
1587 561 1838 617 Julianus
1857 559 2061 628 cpisco-

457 667 580 725 ‘pus
611 651 1118 716 πόλεως’Υπαίπων
1148 649 1200 702 Ill
1223 646 1540 703 Chalcedon.
1569 645 1776 715 synodo
1808 660 1860 712 p.
1887 642 1991 696 665
2011 651 2065 696 ct

479 737 751 791 Antonius
794 735 1148 804 ’Υπαιπηνῶν
1197 731 1405 793 πόλεως
1442 744 1598 783 conc.
1641 725 2060 793 Constantinop.

482 831 607 874 tert.
651 835 703 884 p.
745 819 883 884 500;
919 817 1060 886 quod
1113 813 1384 883 posterius
1434 827 1576 879 saepe
1607 812 1664 864 in
1705 809 1882 863 nmuis
1916 809 2060 878 apud

481 903 816 957 llarduinum
875 899 1220 955 Vaillantinm
1268 907 1323 951 et
1373 896 1656 966 Ilaymiutn
1705 894 2058 963 conspicitur.

479 987 745 1056 tippidum
805 982 996 1038 Tmolo
1052 981 1376 1036 accubabat.
1427 979 1654 1035 Ovidius
1705 977 2056 1042 Metamorph.

479 1086 556 1134 xl,
611 1068 750 1124 I50:
783 1082 905 1119 nam
955 1063 1094 1119 freta
1142 1063 1481 1133 prospiciens
1527 1061 1633 1115 late
1679 1061 1818 1130 riget
1858 1061 2060 1115 arduus

477 1151 587 1204 alto
615 1149 838 1204 Tmolus
861 1149 916 1203 in
950 1149 1247 1212 adscensu;
1277 1145 1526 1214 clivoque
1550 1151 1802 1198 extentus
1831 1151 2060 1212 utroque

479 1231 742 1287 Sardibus
775 1233 920 1295 hinc,
948 1231 1094 1285 illinc
1135 1227 1318 1299 parvis
1355 1229 1540 1282 linitur
1573 1225 1843 1297 Hypaepis.

549 1316 682 1370 Ibid.
724 1314 1157 1382 Ἀδρωύπολις.
1188 1307 1388 1368 verum
1441 1325 1567 1366 esse
1606 1307 2056 1379 Ἀρκαδιούπολις

475 1399 780 1455 Alexander
797 1396 1297 1468 Ἀρκαδιουπόλεως
1310 1395 1412 1466 τῆς
1429 1393 1615 1458 Ἀσίας
1636 1394 1835 1448 concil.
1857 1392 2054 1463 Ephes.

477 1498 531 1552 p.
565 1481 673 1537 465
709 1491 762 1538 et
795 1481 899 1536 538
935 1481 1242 1548 testabitur,
1287 1478 1379 1548 qui
1428 1479 1473 1533 si
1508 1491 1731 1541 nomen,
1767 1490 1876 1545 quo
1924 1477 2057 1532 urbs

478 1577 638 1622 antea
667 1566 841 1622 fuerat
865 1581 990 1632 usa,
1015 1563 1374 1634 apposuisset,
1401 1563 1520 1633 ejus
1541 1561 1722 1618 sedem
1751 1574 1912 1631 quam
1945 1559 2055 1614 fru-

475 1660 587 1703 SIra
621 1649 972 1718 vestigamus,
1008 1649 1197 1703 eadem
1233 1661 1398 1716 Opera
1436 1645 1754 1700 indicasset.

544 1733 683 1788 Ibid.
724 1733 858 1797 Διὸς
887 1730 1052 1799 ιεροῦ
1079 1729 1191 1785 imo
1235 1728 1400 1800 ἱερὸν,
1455 1727 1618 1782 Ioniae
1657 1725 1932 1781 Lebedum
1970 1723 2057 1779 in-

475 1827 560 1872 ter
607 1825 664 1872 et
716 1815 1085 1883 Colophonem
1145 1815 1288 1882 apud
1365 1811 1704 1882 Stephanum
1758 1810 2054 1880 oppidum:

477 1913 673 1952 numos
718 1896 1160 1951 AIOCIEPITQN
1214 1897 1376 1951 habet
1441 1895 1786 1957 Harduinus,
1842 1893 1932 1962 qui
1988 1907 2052 1946 ex

478 1982 714 2038 concilio
737 1983 1155 2052 Constantinop.
1187 1984 1346 2038 tertio
1377 1999 1430 2054 p.
1453 1983 1558 2038 500
1580 1982 1665 2034 ed.
1695 1981 1894 2036 Labbci
1920 1981 2056 2048 Χρι-

482 2065 769 2120 στοὺπο).ιν
799 2066 1054 2136 deinecps
1085 2066 1252 2122 fuisse
1281 2081 1387 2122 non
1417 2065 1699 2136 praeteriit.

553 2151 690 2204 Ibid.
732 2148 945 2211 Εὕαζιι.
966 2149 1253 2205 Liberatus
1272 2149 1544 2204 Diaconos
1570 2147 1811 2202 Breviar.
1831 2161 1883 2200 c.
1909 2161 2006 2201 xm
2036 2163 2050 2200 :

483 2232 641 2286 Nono
673 2248 877 2300 quoque
921 2231 1219 2288 Secretart'o
1253 2241 1376 2285 acta
1403 2239 1478 2285 est
1513 2230 1673 2296 actio,
1713 2229 1804 2283 ubi
1837 2227 2055 2282 Bassia-

478 2331 601 2379 nus,
645 2316 735 2385 qui
782 2315 852 2367 ad
885 2317 1151 2368 civitatem
1185 2313 1534 2368 Evazenst'nm
1580 2313 1852 2380 cpiscopus
1905 2312 2052 2365 ordi-

475 2407 634 2452 natus
679 2406 780 2459 est,
831 2407 879 2451 et
916 2397 1168 2451 Ecclesia:
1199 2395 1509 2450 incubuerat
1540 2392 1840 2462 Ephesium.
1880 2394 2050 2459 Quam

476 2481 750 2534 civitatem
788 2495 886 2534 cur
923 2482 974 2534 in
1012 2479 1295 2534 Labbeana
1329 2478 1568 2534 editione
1605 2478 1842 2532 asterico
1896 2487 2053 2530 nota-

477 2565 608 2631 rint,
635 2579 855 2620 causam
889 2580 996 2619 non
1026 2564 1226 2618 video:
1253 2563 1392 2618 bene
1421 2562 1567 2617 enim
1606 2561 1789 2616 omnia
1825 2561 2048 2616 habent.

476 2647 675 2702 Fuerat
700 2647 990 2702 Bassianus
1015 2646 1216 2702 invitus
1236 2645 1461 2710 Εὐάζων
1483 2644 1691 2700 civitati
1717 2660 1746 2699 a
1766 2643 2052 2700 Memnone

473 2729 710 2801 Ephesio
743 2730 1031 2800 episcopus
1069 2729 1361 2798 impositus
1422 2746 1437 2784 :
1494 2727 1779 2782 Memnone
1829 2735 1884 2780 et
1931 2727 2050 2797 ejus

473 2827 792 2869 successore
818 2813 1015 2868 Basilio
1045 2813 1157 2867 fato
1175 2812 1376 2866 functis
1399 2810 1539 2866 idem
1559 2811 1774 2879 Epheso
1801 2819 1885 2864 est
1914 2825 2050 2878 pra:-

473 2897 722 2966 positus;
749 2911 871 2968 quae
897 2896 1079 2951 omnia
1109 2895 1284 2952 fusius
1310 2895 1525 2951 concilii
1548 2892 1882 2950 Chalcedon.
1915 2893 2046 2947 Acta

470 2991 610 3034 tom.
643 2979 715 3033 IX
757 2996 810 3050 p.
839 2980 890 3034 7.
918 2979 981 3034 ι..
1012 2978 1346 3034 Ilolsteinius
1405 2978 1456 3033 in
1517 2977 1644 3033 Car.
1687 2993 1718 3030 a
1780 2975 1840 3032 S.
1881 2975 2048 3032 Paulo

476 3063 671 3134 Geogr.
707 3064 768 3118 S.
819 3065 925 3119 Intc
975 3064 1146 3117 refert
1179 3062 1363 3117 Basilii
1396 3061 1554 3131 epist.
1586 3061 1687 3117 251
1729 3077 1851 3116 nov.
1885 3063 2044 3127 edit.,

476 3151 589 3212 τοῖς
617 3149 942 3218 Εὑαισηνοῐς
964 3148 1299 3216 inscriptam,
1324 3155 1622 3216 auctorque
1645 3156 1731 3202 est
1756 3154 1814 3200 ut
1835 3145 2050 3214 Εὐαζη-

475 3234 588 3295 νοῖς
624 3232 856 3302 legatur.
888 3229 1042 3296 Mihi,
1073 3245 1208 3302 pace
1237 3231 1357 3299 ejus
1386 3231 1636 3294 dixerim,
1670 3229 1772 3283 alia
1808 3239 1891 3284 est
1920 3244 2046 3284 sen-

477 3315 671 3370 tentia.
714 3313 770 3368 lu
804 3313 990 3369 Basilii
1021 3314 1182 3382 epist.
1222 3312 1328 3368 278
1356 3311 1566 3385 Εὔησος
1596 3311 1808 3367 Euesus
1835 3313 2046 3382 Cappa-

474 3399 644 3454 docia:
671 3398 952 3453 montibus
993 3398 1261 3467 proxima,
1295 3407 1354 3452 ut
1397 3410 1460 3451 ex
1503 3395 1646 3452 serie
1687 3396 1929 3465 epistolae
1958 3411 2050 3451 co-

474 3497 744 3550 gnoscas,
778 3481 1085 3544 invenitur;
1145 3481 1308 3550 hujus
1378 3481 1572 3535 incolis
1647 3481 1868 3534 missam
1926 3495 2045 3535 eam

471 3565 759 3634 epistolam
783 3565 1040 3632 arbitror,
1073 3573 1471 3636 proptereaque
1495 3564 1817 3634 Εὐησηνοῖς,
1857 3565 2050 3634 ιιι·ωεὶ-

475 3662 583 3715 pue
608 3648 750 3718 quod
781 3648 1084 3717 posteriore
1121 3647 1172 3701 in
1207 3647 1434 3713 epistola
1466 3660 1626 3700 manu
1659 3647 1869 3701 exarati
1894 3647 2048 3704 codi-

472 3747 589 3795 ccs,
618 3748 724 3787 non
749 3733 874 3788 item
903 3736 1104 3803 priore,
1152 3733 1205 3786 in
1240 3729 1483 3786 vocabuli
1513 3731 1786 3803 scriptura
1819 3746 2047 3789 consen-

476 3818 578 3871 tire
607 3816 908 3881 vidi-antur,
952 3825 1213 3886 praaopto.

547 3899 684 3954 Ibid.
734 3899 1000 3967 Κολοσή.
1048 3897 1206 3953 Manu
1249 3898 1461 3954 exarati
1512 3897 1731 3954 codices
1779 3899 2047 3965 Κολοασὶς

471 3981 771 4053 ιπωΐειυιιι
805 4000 818 4037 :
852 3998 954 4053 ego
1001 3990 1255 4040 neutrum
1299 3979 1623 4052 probavero,
1676 3985 1888 4037 tametsi
1939 3998 2060 4053 quo

471 4083 606 4124 \‘CI'O
630 4071 854 4122 nomine
882 4064 1048 4120 fuerit
1076 4079 1176 4134 pro
1202 4074 1486 4134 comperto
1517 4065 1756 4119 nomium
1792 4065 2046 4120 habeam.

472 4149 530 4202 In
573 4147 716 4202 binis
741 4145 860 4200 Jac.
888 4145 1035 4200 Goar
1067 4145 1288 4201 Notitiis
1318 4145 1458 4200 inter
1503 4145 1647 4200 Asiae
1681 4146 1938 4214 praesules
1965 4157 2048 4203 est

470 4234 502 4285 ὁ
543 4229 784 4297 Romae,
819 4229 1224 4295 subscribitquc
1267 4225 1488 4284 Nicmno
1533 4229 1775 4284 secundo
1813 4231 2046 4288 concilio

467 4313 631 4384 p.50,
659 4313 764 4367 ’550
781 4322 946 4380 atque
964 4311 1089 4366 alibi
1114 4311 1480 4381 Theophanes
1501 4310 1804 4377 ἐπίσκοπος
1827 4314 2046 4386 Καλόης

467 4407 522 4452 ιιι
548 4413 602 4466 p.
634 4395 737 4451 l53
783 4395 1042 4450 mendose
1071 4394 1324 4465 Κάλπης.
1375 4393 1596 4450 Diceres
1649 4395 1832 4465 itaque
1858 4397 2043 4469 Καλόη

461 4482 671 4552 justum
707 4495 829 4536 esse
865 4479 1015 4534 urbis
1047 4478 1283 4544 titulum,
1337 4478 1440 4534 nisi
1482 4479 1788 4547 Aphobins,
1832 4481 1923 4549 qui
1953 4496 2044 4551 sy-

470 4565 614 4620 nodo
650 4563 938 4634 Epltesinaa
985 4561 1181 4629 adluit,
1216 4561 1536 4626 contrairet,
1583 4573 1638 4616 et
1685 4577 1745 4617 se
1792 4563 2043 4628 Κολῶνος

466 4664 524 4716 p.
551 4646 659 4701 465
700 4648 816 4700 sive
840 4643 1103 4714 Κολώνης
1146 4660 1196 4714 p.
1233 4643 1337 4698 5‘28
1365 4655 1479 4708 aut,
1531 4645 1673 4714 quod
1711 4661 1846 4701 mss.
1887 4648 2041 4712 dant,

466 4729 679 4800 Κολόης
729 4729 1048 4800 episcopum
1095 4728 1268 4784 fuisse
1326 4738 1650 4795 testaretur;
1699 4729 1787 4784 cui
1851 4730 2043 4786 ultimo

469 4823 666 4870 caetera
697 4823 1106 4885 postponerem,
1139 4811 1324 4879 illique
1353 4828 1549 4868 nomen
1585 4813 1799 4868 venisse
1832 4813 2044 4870 aColoe

473 4899 590 4953 lacu
615 4898 758 4952 haud
779 4896 1008 4951 multum
1029 4911 1057 4949 a
1079 4896 1341 4951 Sardibus
1361 4897 1501 4963 apud
1526 4895 1855 4952 Strabonem
1882 4898 1918 4952 I.
1940 4914 2040 4954 χιιι

469 4989 525 5045 ι).
577 4980 705 5047 626,
745 4979 791 5034 si
840 4979 1128 5034 aberrandi
1179 4989 1355 5034 metus
1384 4979 1624 5043 abesset,
1677 4990 2039 5040 aututnarem.

462 5064 729 5134 Quamvis
767 5074 949 5118 autem
999 5063 1066 5118 de
1112 5063 1262 5118 urbis
1303 5062 1521 5118 nomine
1569 5062 1828 5132 pleraque
1879 5067 2040 5123 dubia

468 5149 602 5215 sint,
629 5163 738 5203 non
768 5147 970 5220 poterit
1002 5145 1131 5202 Car.
1165 5163 1197 5202 a
1239 5146 1300 5203 S.
1353 5146 1521 5203 Paulo
1558 5149 1941 5220 negligentiam
1985 5152 2039 5206 in

469 5249 534 5290 ea
566 5232 946 5300 praetereunda
973 5247 1260 5287 excusare.

543 5316 683 5372 Ibid.
736 5315 984 5384 Ἅλγίζα.
1014 5314 1130 5370 Iloc
1165 5314 1298 5368 Acta
1325 5314 1539 5370 concilii
1576 5314 1775 5372 Nicaeni
1817 5320 2039 5374 secundi

466 5415 523 5469 p.
559 5399 664 5456 I55
703 5411 866 5469 atque
908 5399 1060 5464 alibi,
1093 5398 1290 5468 quibus
1325 5399 1435 5453 Leo
1467 5400 1764 5464 ἐπίσκοπος
1781 5400 2043 5469 ’Δλγίζων

469 5499 667 5538 nomen
711 5483 1025 5550 adsrripsit,
1060 5483 1374 5536 iirmabunt.
1408 5482 1464 5535 In
1500 5483 1829 5540 Chalcedon.
1870 5503 1922 5552 p.
1971 5489 2041 5544 96

463 5567 692 5622 habebis
739 5565 991 5620 Proclum
1023 5565 1284 5634 Ἀργίζης
1316 5577 1371 5619 et
1409 5583 1460 5636 p.
1491 5565 1596 5621 598
1641 5568 1930 5638 Ἀργίζων.
1969 5570 2042 5625 De

459 5649 580 5718 ejus
613 5659 667 5704 et
700 5649 996 5716 Nicopolis,
1031 5665 1193 5718 quam
1235 5650 1433 5705 frustra
1487 5665 1696 5720 quacro,
1731 5654 1858 5718 situ,
1903 5651 2035 5711 Sce-

461 5733 638 5800 pticos
663 5734 924 5800 imitatus,
957 5733 1088 5789 nihil
1114 5731 1360 5790 lluivero.

1505 283 1886 344 ADDENDA.
1919 305 1989 318 --
2028 281 2094 343 P.
2134 276 2653 342 WESSELINGII

3603 274 3754 340 1108

2251 392 2385 447 Ibid.
2414 389 2646 446 Παλαιὰ
2665 390 2863 455 πόλις.
2897 387 3154 446 Eamdem
3185 403 3308 446 esse
3344 387 3534 444 volunt
3552 403 3616 442 ac
3639 389 3750 441 Ila-

2168 475 2326 531 λαιὰν
2349 473 2737 538 κατοικίαν,¹ι1ε
2752 488 2858 543 qua
2880 473 2977 528 I50
2988 474 3183 530 stadiis
3199 474 3268 528 ab
3283 473 3519 528 Anderis
3543 482 3751 528 remota

2168 558 2367 614 Strabo
2396 559 2432 612 I.‘
2468 573 2566 613 χιιι
2589 574 2643 628 p.
2669 557 2796 623 6U,
2831 559 2990 612 dubia
3019 569 3202 612 tamen
3228 555 3545 626 conjectura
3572 573 3587 610 :
3614 572 3746 610 nam

2166 641 2422 695 Παλαιῶν
2454 639 2652 710 praesul
2692 640 2747 694 in
2795 639 3016 694 Niczcno
3066 638 3309 694 secundo
3360 654 3412 707 p-.
3475 638 3534 692 5|
3604 638 3750 692 inter

2166 724 2570 794 Ilellespontios
2604 723 2902 779 subscribit
2945 733 3000 777 et
3027 739 3055 776 a
3087 722 3511 791 Palaeopolitano
3545 721 3751 776 distin-

2165 809 2370 877 guitur.
2420 806 2549 876 Ejus
2593 806 2836 875 episcopi
2881 807 2936 860 in
2966 805 3322 860 conciliorum
3379 805 3535 859 Actis
3595 819 3747 874 saepe

2163 891 2306 946 obvii
2331 900 2479 946 sunt.
2507 891 2633 946 Vide
2650 887 2928 945 Niczenum
2951 889 3250 945 secundum
3277 905 3331 961 p.
3359 888 3462 944 155
3483 897 3538 944 et
3565 888 3750 958 Ephe-

2163 976 2343 1030 sinnm
2373 990 2427 1044 p.
2458 974 2586 1030 457.

2235 1058 2372 1115 Ibid.
2392 1059 2674 1126 Βαρέττα.
2699 1058 3026 1114 (Ξηιιειειιιίιίι
3046 1058 3219 1113 hocce
3241 1057 3424 1128 oppidi
3442 1071 3747 1124 cognomen

2160 1136 2401 1200 Joannes
2461 1142 2752 1213 Βαρεττῶν
2801 1143 3092 1210 cpisc0pus
3151 1141 3206 1195 in
3275 1141 3428 1196 Actis
3480 1139 3745 1194 Chalced.

2161 1243 2216 1298 ρ.
2251 1227 2377 1281 675.
2411 1226 2666 1296 Βαρέτων
2698 1226 2893 1295 praesul
2922 1235 3008 1279 est
3041 1225 3093 1278 in
3128 1223 3547 1292 Coustantinop.
3578 1222 3747 1277 tertio

2161 1326 2216 1382 p.
2243 1310 2348 1365 667
2387 1320 2443 1365 et
2475 1309 2699 1366 Nicaeno
2729 1308 2971 1365 secundo
3006 1323 3061 1375 p.
3093 1306 3220 1362 155.

2153 1470 2156 1478 ι
2231 1401 2366 1457 Ibid.
2396 1403 2630 1457 Αὐλίον
2660 1402 2854 1470 Κώμη.
2880 1399 3120 1455 Thomas
3147 1398 3358 1463 πόλεως
3384 1398 3582 1453 Αὐλίον
3615 1398 3743 1453 Κῶ-

2162 1502 2272 1557 μης
2297 1494 2383 1541 est
2413 1486 2467 1540 in
2500 1484 2832 1541 Chalcedon.
2857 1483 3094 1537 concilio
3123 1497 3176 1550 p.
3211 1482 3280 1537 96
3306 1491 3362 1535 et
3391 1482 3518 1537 675.

2231 1569 2366 1627 Ibid.
2390 1569 2658 1638 Νεαύχη.
2678 1568 2793 1622 Νέα
2813 1567 2960 1636 Αὺλὴ
2984 1575 3305 1636 oportuerat
3327 1564 3400 1619 ob
3429 1565 3742 1635 Philippum

2158 1651 2304 1714 Νέας
2332 1651 2514 1722 Αὐλῆς
2549 1656 2602 1705 in
2641 1641 2898 1706 Clialced.
2927 1665 3087 1705 conc.
3117 1664 3172 1718 p.
3201 1647 3290 1712 96,
3328 1647 3420 1718 qui
3453 1662 3743 1716 perperam

2157 1749 2213 1804 p.
2255 1734 2361 1790 67⁸5
2391 1733 2682 1804 Μεναύλης
2733 1743 2788 1787 et
2823 1733 2876 1787 in
2916 1731 3105 1785 Latina
3143 1731 3400 1786 versione
3451 1728 3743 1793 Naulochi.

2157 1819 2305 1873 unde
2333 1818 2459 1873 Car.
2490 1833 2542 1875 a.
2586 1816 2644 1872 S.
2697 1817 2862 1872 Paulo
2909 1814 3246 1869 Naulochum
3285 1813 3516 1870 urbibus
3567 1814 3744 1880 Asia,

2157 1902 2357 1970 quibus
2391 1902 2519 1955 olim
2550 1903 2839 1970 cpisropns
2867 1899 3056 1961 fuerit,
3093 1898 3381 1952 adstruxit.

2228 1983 2362 2040 Ibid.
2405 1984 2718 2052 Κολοφὼν.
2757 1984 3010 2037 Emman.
3047 1981 3490 2036 Schelstratenus
3520 1990 3572 2034 et
3595 1979 3740 2034 Ans.

2157 2069 2342 2122 Bandu
2355 2069 2465 2123 rius
2487 2066 2786 2137 Colophoni
2810 2065 3121 2120 arctissime
3143 2063 3547 2133 Μητροπόλεως
3575 2078 3742 2116 voea-

2157 2151 2340 2206 bulum
2362 2151 2702 2216 astringunt;
2721 2164 2825 2219 qua
2847 2149 3059 2203 ratione
3077 2147 3356 2216 Colophon
3387 2146 3726 2214 metropolis,

2155 2234 2460 2304 cujnsmodi
2490 2249 2598 2288 non
2631 2233 2754 2297 fuit,
2797 2242 3034 2295 creatur,
3069 2228 3344 2298 Iouiazqne
3377 2231 3509 2283 urbs
3535 2229 3738 2284 Metro-v

2156 2319 2296 2386 polis
2332 2333 2563 2389 prorsus
2604 2316 2935 2387 praeteritur.
2972 2316 3192 2370 Rectius
3237 2315 3423 2383 itaque
3449 2313 3679 2369 Carolus
3702 2330 3735 2368 a

2156 2402 2212 2457 S.
2243 2401 2414 2458 Paulo
2441 2401 2716 2457 distinxit.
2749 2401 2915 2454 Abest
2947 2399 3255 2466 Colophon.
3290 2399 3335 2451 si
3388 2408 3535 2451 recta
3582 2397 3739 2452 navi-

2155 2501 2270 2556 ges,
2296 2484 2512 2557 Epheso
2539 2484 2730 2540 stadiis
2761 2485 2851 2548 70,
2881 2483 3148 2538 Strabone
3177 2490 3314 2537 teste
3335 2481 3375 2534 l.
3405 2497 3497 2535 xiv
3520 2497 3574 2549 p.
3604 2480 3736 2544 διδ,

2154 2580 2269 2636 aut,
2297 2579 2356 2624 ut
2384 2567 2688 2638 Xenophon
2719 2567 2988 2636 Ephesius
3023 2567 3059 2620 1.
3097 2583 3110 2620 I
3140 2582 3192 2633 p.
3231 2565 3285 2628 8,
3323 2566 3512 2620 stadiis
3537 2564 3625 2620 80.

2227 2651 2771 2721 Ιιιίι1.Μητρόπολις.
2800 2647 3575 2716 ΝιιιιιίξΜΗΊῬΟΠΟΛΕΙΤΩΝ
3596 2648 3738 2701 ΤΩΝ

2155 2733 2246 2786 ΕΝ
2277 2733 2466 2788 ΙΩΝΙΑ
2487 2740 2543 2786 et
2565 2725 2705 2793 οἶνος
2732 2729 3151 2800 Μητροπολίτης
3187 2728 3472 2784 Strabonis
3504 2728 3539 2781 Ι.
3558 2743 3650 2780 xiv
3679 2743 3732 2794 p.

2153 2815 2294 2882 637,
2344 2826 2401 2871 et
2458 2813 2809 2869 Marcellinus
2853 2812 3259 2883 Μητροπόλεως
3312 2811 3606 2880 cpiscopus
3665 2825 3735 2863 ex

2150 2915 2305 2955 conc.
2350 2897 2678 2954 Chalcedon.
2715 2913 2769 2968 p.
2801 2897 2870 2952 96
2901 2897 3007 2952 huc
3046 2897 3349 2966 pertinent.
3390 2893 3519 2948 Mox
3554 2894 3734 2958 Τέως,

2152 2984 2515 3040 Anacreontis
2541 2981 2722 3054 Lyrici
2757 2991 2931 3048 poeta:
2961 2980 3157 3051 patria,
3191 2979 3368 3049 potior
3389 2979 3518 3034 erit.

2221 3069 2354 3124 Ibid.
2399 3065 2693 3135 Σατιώτη.
2727 3065 2840 3120 Nisi
2875 3063 3058 3117 omnia
3090 3077 3175 3116 tne
3207 3061 3430 3128 fallunt,
3468 3059 3735 3132 Ἐρυθραί

2149 3153 2205 3208 in
2265 3165 2399 3206 voce
2449 3151 2665 3204 latent:
2720 3164 2784 3203 ea
2838 3149 2963 3202 huic
3009 3146 3130 3202 loco
3161 3144 3734 3200 accommodatissima

2148 3237 2280 3290 urbs
2306 3244 2412 3300 est,
2444 3242 2498 3289 et
2533 3232 2660 3287 huic
2707 3231 2998 3301 provinciae
3034 3245 3064 3283 a
3110 3230 3460 3284 conciliorum
3493 3228 3639 3282 Actis
3677 3235 3738 3282 et

2151 3319 2373 3373 Noliliis
2426 3315 2774 3384 transcripta.
2807 3313 2979 3369 Paulo
3023 3322 3150 3369 ante
3188 3311 3541 3383 Κλαζομεναὶ
3596 3326 3737 3381 pra:-

2149 3403 2428 3459 stiterant.
3083 3446 3092 3452 .

2218 3485 2358 3540 Ibid.
2379 3483 3027 3553 Marrnataaodaoltc.
3050 3480 3139 3537 Sic
3167 3497 3298 3538 mss.
3315 3495 3414 3550 pro
3432 3479 3735 3547 Μαγνησεα

2149 3569 2406 3626 Σιπύλου.
2427 3568 2584 3624 Unde
2613 3567 2820 3622 nummi
2842 3565 3225 3620 MAI‘NIITON
3250 3565 3574 3619 ΣΙΠΥΛΟΥ.
3593 3561 3734 3618 Pec-

2147 3666 2272 3711 cato
2317 3668 2428 3708 non
2484 3651 2732 3706 dissimili
2791 3650 3022 3704 Basilius
3084 3649 3372 3717 cpiscopus
3402 3645 3733 3714 Μαγνησίας

2161 3738 2388 3792 Ἦπίλου
2415 3734 2648 3789 concilio
2685 3732 2910 3788 Niracno
2939 3735 3181 3788 secundo
3197 3731 3491 3788 subscribit
3516 3746 3571 3798 p.
3600 3730 3728 3787 57L

2225 3819 2357 3875 Ibid.
2401 3817 2606 3886 Ἀπάτη.
2639 3815 2836 3872 Natum
2864 3818 2971 3870 hoc
3006 3815 3296 3870 videturex
3339 3813 3531 3883 Ἀγάη.
3563 3812 3729 3881 cujus

2149 3905 2440 3975 episcopus
2471 3903 2742 3959 Constans
2781 3902 2836 3955 in
2871 3900 3091 3956 Nicaeno
3127 3899 3370 3955 secundo
3399 3913 3454 3968 p.
3484 3899 3589 3952 350
3626 3897 3732 3950 1:6—

2145 3990 2286 4053 λεως
2322 3987 2528 4058 Ἀγάης
2573 3986 2794 4041 dicitur.
2833 3985 2891 4040 Id
2935 4000 3064 4040 vero
3093 4000 3158 4039 ex
3191 3984 3370 4061 Αξγάη
3407 4001 3420 4037 :
3453 3983 3596 4038 nde
3619 3982 3731 4052 Cy-

2151 4071 2332 4126 riacus
2369 4069 2577 4141 Αῐγ).ης
2611 4084 2709 4138 pro
2741 4069 2952 4138 Λίγάης
2977 4068 3124 4122 Actis
3162 4065 3499 4122 Chalcedon.
3535 4082 3586 4134 p.
3623 4065 3724 4118 I27

2151 4153 2433 4216 inseritur,
2476 4152 2567 4222 qui
2601 4168 2655 4222 p.
2694 4151 2803 4227 522
2840 4151 3041 4219 Αἰγέας
3097 4160 3150 4204 et
3195 4165 3249 4218 p.
3285 4148 3390 4202 508
3428 4149 3630 4216 Αἰγέης
3669 4154 3724 4201 et

2151 4254 2208 4307 p.
2231 4236 2336 4291 664
2365 4234 2573 4305 Αἱγάης
2609 4234 2842 4298 πόλεως.
2877 4233 3260 4302 Inlellignntur
3289 4230 3443 4302 Ega:
3475 4229 3729 4297 Eoltcar,

2148 4336 2377 4390 quarum
2408 4335 2607 4373 notuen
2649 4319 2859 4374 seriore
2897 4327 3056 4372 artato
3083 4317 3136 4371 in
3171 4315 3334 4370 aliam
3371 4315 3600 4370 formant
3642 4315 3731 4370 di-

2147 4419 2300 4460 cercs
2349 4417 2664 4472 procusnm,
2715 4403 2762 4456 si
2811 4401 2938 4468 quid
2988 4400 3073 4454 bis
3123 4399 3328 4454 inesset
3383 4400 3732 4454 auctoritatis

2147 4486 2515 4541 monumentis
2568 4501 2582 4538 :
2614 4482 2868 4538 ducimur
2897 4483 3046 4537 enim
3084 4481 3192 4538 illis
3223 4483 3290 4536 ad
3339 4482 3540 4550 Αἰγέαν
3565 4493 3732 4554 atque

2147 4569 2377 4637 Αἰγὰην.
2417 4567 2672 4622 Florcnte
2719 4565 2929 4621 Graecia
2964 4581 3074 4620 non
3133 4563 3305 4632 Αἰγὰς
3355 4575 3569 4620 tantum
3627 4567 3730 4622 sed

2144 4651 2377 4720 Αἰγαίας
2407 4650 2783 4721 appellabant;
2813 4649 2958 4720 quod
2993 4649 3265 4720 posterius
3295 4647 3398 4704 etsi
3428 4649 3563 4704 certi
3595 4665 3730 4706 usus

2145 4746 2248 4798 est,
2299 4751 2406 4788 non
2463 4744 2645 4788 tamen
2699 4735 2875 4789 solum
2930 4749 3028 4802 pro
3063 4735 3205 4787 bono
3247 4744 3326 4788 est
3388 4734 3725 4790 habendum.

2147 4817 2342 4872 Suidas
2369 4817 2577 4887 ῐῐόλλης
2605 4818 2849 4886 Αἰγιεὺς.
2881 4817 2990 4870 ἀπὸ
3019 4817 3202 4884 Αἰγῶν
3239 4816 3338 4887 τῆς
3371 4816 3578 4882 Ἄσίας.
3612 4820 3728 4871 κεί-

2143 4916 2234 4954 ται
2270 4900 2328 4954 δὲ
2373 4900 2599 4970 πλησίον
2640 4902 2964 4970 Μαγνησίας
2999 4901 3096 4953 καὶ
3123 4899 3399 4972 Σμύρνης.
3436 4900 3496 4956 Ιιι
3529 4901 3731 4972 quibus

2144 4983 2521 5049 Grammatici,
2557 4985 2689 5040 licet
2713 4984 2887 5054 IEgas
2916 4983 3235 5052 longissimo
3261 4993 3530 5039 terrarum
3559 4985 3731 5039 inter-

2146 5066 2288 5120 vallo
2318 5066 2552 5137 Smyrna
2597 5077 2836 5122 remotas
2881 5083 2986 5120 non
3033 5066 3246 5130 dixero,
3299 5067 3501 5123 rectius
3535 5075 3723 5136 putem

2147 5149 2240 5204 καὶ
2263 5150 2512 5220 Μυρίνης
2547 5168 2562 5204 :
2589 5149 2666 5204 illi
2699 5152 2842 5204 enim
2875 5150 3136 5217 proxima:
3159 5161 3322 5204 erant
3349 5158 3403 5204 et
3433 5160 3730 5220 propterea

2145 5235 2310 5302 Αἰγαὶ
2341 5235 2399 5287 ὲν
2437 5233 2695 5304 Μυῤῥίνῃ
2744 5231 3025 5300 Stephano
3057 5233 3243 5287 dictzn.
3279 5232 3428 5286 ldetn
3481 5232 3726 5288 Galenus

2148 5318 2280 5389 περὶ
2314 5316 2581 5387 εὐχυμίας
2611 5333 2665 5386 p.
2720 5317 2827 5372 558
2874 5316 2987 5371 edit
3019 5315 3184 5370 Basil.
3219 5318 3400 5370 lirmat
3435 5335 3448 5369 :
3483 5315 3726 5380 τοιοῦτος

2145 5403 2201 5455 δέ
2246 5405 2364 5456 ὲστι
2407 5401 2539 5469 παρ’
2598 5402 2731 5470 ἡμῖν
2773 5400 2832 5452 ἐν
2877 5401 3068 5467 Αἰγαῖς
3114 5401 3210 5453 καὶ
3258 5400 3606 5471 Περπερίνῃ,
3653 5403 3724 5472 τῇ

2149 5487 2246 5555 μὲν
2273 5485 2458 5556 ὁμόρῳ
2488 5484 2726 5555 Μυρίνῃ,
2756 5486 2824 5554 τῇ
2862 5483 2918 5536 δὲ
2955 5482 3252 5553 Πιργάμῳ.
3279 5483 3344 5537 Et
3377 5485 3525 5538 brevi
3559 5495 3679 5552 post
3706 5505 3720 5540 :

2143 5573 2172 5624 ὁ
2200 5571 2255 5624 δὲ
2298 5571 2357 5622 ἐν
2392 5571 2582 5637 Αἰγαῖς
2628 5568 2723 5620 καὶ
2749 5568 3081 5640 Περπερξνῃ,
3119 5569 3274 5639 μέσοι
3307 5569 3513 5622 τούτων
3553 5568 3719 5624 εἰσιν.

2145 5653 2506 5733 Qu:c\utique
2536 5651 2709 5719 Αἰγὰς
2735 5660 2788 5703 ct
2828 5661 3070 5705 nostram
3105 5651 3480 5719 conjecturam
3517 5651 3721 5721 proba:-

2145 5739 2308 5794 bilem
2341 5739 2563 5792 iaciunt.
2585 5736 2836 5812 Possunt
2862 5734 2977 5791 haec
3019 5751 3142 5792 cum
3185 5733 3389 5793 Theod.
3419 5735 3723 5792 Laurentio
