4170 6466
440 368 578 432 1103

437 476 713 533 Gronovio
744 475 795 531 in
825 475 1083 534 Marmor.
1111 478 1293 533 Basia.
1313 495 1361 534 c.
1391 477 1463 534 52
1497 479 1553 535 in
1582 477 1838 548 Αἰγαίας,
1868 476 2010 550 quod

439 560 598 616 unice
641 573 829 613 verum
877 559 1248 627 existimabat,
1303 556 1567 631 perverti,
1627 571 1684 619 at
1744 576 1856 616 non
1897 560 2016 616 sine

441 652 630 713 aperta
666 642 717 694 vi
755 643 964 696 incolas
1012 641 1236 697 Tacitus
1290 643 1487 698 Αιιιιιιί.
1529 659 1592 708 ιι,
1643 643 1710 698 47
1755 642 2016 713 ίΕεοιιιιιε

443 724 698 795 appellat,
748 725 836 792 qui
882 725 1229 793 quantumvis
1255 724 1500 796 IEgeata:
1535 742 1638 780 ms.
1680 725 2013 790 Florentino,

442 816 502 862 ut
528 808 610 860 vir
631 808 976 862 doctissinms
1004 807 1384 862 animadvertit
1414 848 1430 874 ,
1467 818 1756 876 vocentur,
1784 824 1890 862 non
1920 823 2017 862 an-

440 891 546 946 sim
575 899 751 945 mineo
784 888 1043 959 Egeatas
1065 905 1287 960 prorsus
1327 906 1583 958 Spernerc
1618 905 1836 959 :neque
1871 888 2017 942 enim

440 967 586 1039 οἶνος
606 973 874 1045 Αίγεάτης
895 973 1012 1042 ejus
1034 976 1133 1029 lem
1149 971 1339 1029 Galeni
1364 973 1606 1028 Method.
1632 972 1858 1041 Therap.
1883 972 1920 1026 l.
1941 988 2020 1026 xu

443 1072 501 1128 p.
524 1058 631 1114 164
650 1059 700 1113 id
723 1059 1054 1128 permiserit,
1071 1059 1162 1127 qui
1186 1072 1470 1128 perperam
1500 1058 1710 1125 ’Υγιείν
1733 1056 1769 1112 l.
1788 1056 1821 1109 5
1843 1054 2022 1125 p.270

443 1140 744 1211 Δῐγαυσίης
773 1141 1054 1196 scribitur.
1085 1140 1217 1194 Vide
1252 1152 1306 1195 et
1348 1141 1546 1194 Anton.
1584 1140 1766 1192 ltiner.
1807 1154 1859 1208 p.
1894 1135 2017 1191 “6.

514 1222 632 1278 Col.
669 1223 791 1278 I45.
837 1221 1076 1292 Τέμνος.
1109 1223 1219 1277 Ιιιιο
1261 1222 1500 1293 Τῆμνος,
1535 1237 1633 1292 pro
1655 1236 1763 1292 quo
1795 1219 2010 1289 Τύμνος

451 1311 504 1360 in
535 1307 768 1361 concilio
797 1306 1015 1362 Nicaeae
1044 1309 1283 1363 secundo
1318 1324 1351 1378 p
1403 1306 1510 1362 550
1540 1317 1593 1362 et
1626 1321 1744 1360 mox
1775 1305 2016 1358 Φώκαια.

519 1388 655 1443 Ibid.
694 1390 952 1457 Μυρίνα.
978 1387 1153 1444 Sicuti
1188 1389 1344 1458 hujus
1372 1390 1546 1444 locum
1585 1389 1637 1443 in
1670 1387 1832 1443 Suida
1859 1403 2022 1444 Occu-

449 1471 599 1540 pavit
633 1471 889 1543 Smyrna,
922 1472 994 1526 ita
1023 1473 1254 1527 subinde
1287 1473 1340 1527 in
1373 1472 1736 1527 conciliorum
1778 1470 1922 1525 Actis
1967 1480 2023 1524 et

448 1554 698 1608 Aristidis
723 1552 964 1611 Sermo".
996 1553 1150 1610 Sacr.
1178 1570 1209 1606 ν
1234 1566 1368 1610 ιοιιι.
1394 1554 1485 1625 Ip.
1511 1553 1615 1610 6l8
1636 1564 1685 1610 et
1710 1552 1835 1620 619,
1860 1553 2019 1608 sicuti

448 1633 752 1690 Palmet‘ius
769 1635 1123 1707 Exercitatp.
1136 1637 1233 1691 471
1253 1637 1701 1702 admonuit,idem
1718 1637 1899 1690 molita
1916 1645 2019 1692 est.

519 1718 658 1775 Ibid.
702 1720 898 1788 Μύκη.
950 1718 1139 1776 scribe
1192 1721 1381 1791 Κύμη,
1416 1737 1524 1790 quo
1589 1721 1721 1774 vitio
1776 1719 2026 1774 laborant

448 1802 582 1854 Arta
610 1800 943 1858 Chalcedon.
974 1820 1025 1874 p.
1064 1804 1189 1869 6'75,
1219 1821 1338 1857 cum
1380 1804 1792 1877 Chrysogonum
1815 1802 2024 1866 πόλεως

448 1881 646 1956 Μύκης
673 1886 959 1954 praesulem
989 1886 1156 1942 fuisse
1198 1886 1489 1942 allirmant.
1676 1888 1685 1895 '

522 1969 656 2023 Ibid.
696 1970 928 2025 Ἐλαία.
955 1969 1411 2042 Pergamenorum
1434 1976 1554 2025 erat
1581 1970 1797 2037 navale,
1833 1970 2023 2027 stadiis

450 2052 554 2109 I20
583 2053 652 2109 ab
677 2067 863 2109 eorum
886 2054 1019 2110 urbe
1047 2055 1256 2110 distans
1280 2056 1421 2125 apud
1445 2053 1768 2110 Strabonem
1794 2053 1832 2108 l.
1850 2070 1946 2110 xm
1966 2070 2022 2125 p.

445 2137 575 2204 615,
600 2138 690 2193 cui
721 2140 1017 2195 Aristidem
1048 2140 1216 2209 junge
1253 2138 1421 2195 tom.l
1456 2154 1510 2209 p.
1542 2138 1648 2193 020
1677 2149 1732 2194 et
1755 2138 2020 2195 Calenum

446 2221 486 2274 Ι.
511 2236 525 2275 ι
548 2222 617 2277 de
651 2223 891 2278 Antidot.
914 2237 968 2293 p.
993 2222 1118 2276 427.
1151 2222 1340 2277 lncolm
1363 2220 1638 2277 EAAITAI
1672 2222 1724 2277 in
1765 2222 1946 2278 numis
1967 2231 2024 2280 et
2048 2268 2051 2273 .

447 2303 779 2361 Chalcedon.
807 2320 962 2360 conc.
991 2319 1044 2374 p.
1066 2304 1193 2368 598,
1219 2320 1327 2360 non
1351 2305 1684 2371 EAAIITAI,
1709 2314 1767 2360 ιιι
1789 2304 2025 2374 Stepha-

442 2401 571 2453 nus,
607 2387 694 2442 cui
734 2399 1023 2458 propterea
1064 2396 1211 2442 recte
1259 2388 1514 2442 subvenit
1557 2387 1620 2442 L.
1664 2386 2021 2444 Ilolsteinius.

518 2469 801 2539 Πιττὰνη.
837 2470 1067 2540 Πιτάνη.
1109 2472 1175 2526 de
1226 2485 1332 2539 qua
1369 2469 1567 2525 Strabo
1598 2470 1637 2525 l.
1668 2486 1765 2525 xm
1808 2486 1861 2540 p.
1894 2469 2023 2525 (ili.

450 2550 659 2607 Pardus
682 2552 969 2623 cpiscopus
1006 2552 1220 2615 Πόλεως
1257 2552 1531 2624 Πιττάνης
1573 2555 1764 2610 eodem
1799 2563 2024 2624 peccato

447 2636 505 2689 in
528 2631 750 2689 Nica'no
782 2635 1021 2690 secundo
1053 2652 1105 2706 p.
1137 2635 1263 2690 57L

522 2717 657 2774 Ibid.
706 2718 925 2773 Τιάναι.
968 2718 1081 2774 Nisi
1140 2734 1167 2771 a
1224 2734 1353 2775 vero
1412 2720 1628 2784 aberro,
1679 2719 1859 2774 Κάναι
1891 2719 2025 2781 luit:

444 2803 593 2871 quod
628 2802 942 2872 oppidulum
967 2802 1033 2855 ad
1054 2801 1295 2870 ejusdem
1331 2803 1567 2856 nominis
1596 2802 2025 2871 promontorium

448 2883 593 2940 idem
624 2883 824 2940 Strabo
854 2884 889 2939 l.
921 2899 1021 2939 xm
1048 2900 1102 2955 p.
1133 2883 1237 2939 615
1271 2885 1509 2954 apponit.
1547 2884 1696 2939 Melae
1727 2884 2028 2955 Pomponio

447 2983 491 3031 I,
528 2967 588 3022 l8
619 2966 787 3023 Cana.
845 2966 1040 3040 [codex
1086 2965 1240 3022 Leid.
1288 2967 1514 3038 Τιάραι,
1557 2967 1700 3037 quod
1731 2981 1916 3021 verum
1944 2977 2029 3023 est

446 3050 520 3105 ob
545 3048 703 3105 Plinii
737 3066 792 3116 ν,
820 3049 890 3105 50
930 3048 1124 3105 Tiaren
1161 3065 1255 3106 seu
1287 3049 1481 3104 Tiaras
1531 3050 1727 3120 potius.
1761 3048 1852 3106 W.
1890 3048 2029 3106 Pro-

451 3132 586 3203 legg.
626 3148 679 3203 p.
714 3131 868 3205 650.]

521 3211 657 3269 Ibid.
688 3214 1017 3271 Θεοδοσίου
1051 3217 1307 3281 πόλεως.
1339 3216 1501 3281 Πόλις
1557 3225 1799 3287 praestat.
1851 3216 2027 3273 Situm

447 3298 603 3354 nrbis
634 3298 1032 3369 ignoraremus,
1087 3301 1191 3355 nisi
1222 3317 1286 3355 ex
1329 3301 1529 3355 Notitia
1562 3299 1680 3357 Jac.
1717 3300 1862 3359 Goar
1900 3300 2029 3387 Pr;-

451 3382 697 3451 perinem
717 3383 963 3437 eamdem
987 3397 1110 3438 esse
1138 3394 1456 3440 constaret:
1482 3398 1545 3440 ea
1584 3398 1718 3440 vero
1746 3385 1885 3439 haud
1909 3382 2029 3440 Ion-

461 3479 531 3534 ge
566 3464 737 3519 abluit
769 3462 1052 3533 Pergamo,
1091 3477 1233 3521 uter
1269 3465 1477 3522 Caleno
1505 3466 1637 3536 περὶ
1660 3466 1929 3537 εὐχυμίας
1972 3480 2027 3535 p.

448 3548 559 3605 558
583 3556 816 3605 constat.
856 3547 1147 3603 Ptolenueo
1204 3548 1485 3623 Τερμέρη,
1521 3560 1579 3605 et
1623 3565 1727 3605 ms.
1783 3549 2030 3604 Palatino

453 3632 738 3703 ﬂappépq,
766 3630 1098 3687 Coisliniano
1122 3631 1382 3703 Περπέρη
1414 3632 1636 3696 dicitur,
1667 3630 1810 3686 unde
1840 3645 2029 3688 verum

454 3716 601 3770 nulla
639 3730 806 3785 opera
845 3716 1076 3771 eruitur.
1115 3713 1325 3772 Nobilis
1379 3725 1499 3771 erat
1527 3715 1647 3786 ejus
1684 3716 1837 3771 urbis
1867 3727 2031 3787 atque

453 3797 571 3869 agri
602 3799 809 3865 vinum,
837 3796 907 3853 de
941 3802 1052 3868 quo
1079 3796 1319 3853 Galenus
1349 3798 1557 3854 eisdem
1588 3798 1721 3854 locis
1746 3797 1799 3853 in
1829 3798 2031 3869 quibus

452 3884 523 3937 de
544 3878 795 3952 digesto.
836 3878 972 3936 Vide
1016 3880 1366 3938 Sirmondum
1408 3883 1462 3938 in
1502 3879 1729 3953 Triplic.
1778 3876 1943 3939 tiumo
1974 3893 2030 3940 et

454 3956 877 4021 Anti-Tristano
900 3962 966 4019 II.

529 4046 666 4102 Ibid.
722 4047 1169 4117 Ἀδραμύττιον.
1225 4049 1302 4106 De
1345 4063 1411 4106 eo
1436 4051 1502 4104 ad
1529 4050 1732 4106 Anton.
1791 4062 1847 4123 p.
1902 4051 2027 4109 555.

456 4130 578 4186 llos
634 4131 964 4203 Ἄντανδρος
992 4131 1176 4186 verius
1204 4133 1329 4198 erit,
1384 4133 1600 4189 tametsi
1649 4132 1890 4191 Marinus
1913 4134 2032 4206 epi-

452 4228 658 4283 scopus
676 4212 886 4278 πόλεως
907 4213 1233 4285 Ἀντάνδρου
1253 4215 1305 4271 in
1326 4215 1472 4270 Actis
1491 4215 1563 4272 sit
1585 4215 1787 4272 Νίσαιιή
1807 4218 2029 4273 secundi

527 4380 662 4438 Ibid.
682 4381 950 4451 Γάδαρα.
976 4383 1240 4457 Top-{aput
1268 4382 1406 4453 lege,
1430 4390 1486 4439 et
1517 4381 1844 4440 Strabonem
1876 4383 1914 4440 l.
1935 4398 2031 4440 ιιιι

455 4480 511 4536 p.
542 4464 649 4521 006
687 4466 793 4523 adi.
831 4466 1135 4540 Γαργάρων
1177 4464 1550 4539 πρεσϐύτερος
1584 4465 1922 4538 Nicephorus
1949 4475 2034 4522 est

454 4550 514 4604 in
543 4547 767 4606 Niceno
794 4548 1035 4606 secundo
1059 4563 1217 4606 conc.
1251 4565 1305 4618 p.
1337 4547 1463 4604 350.

536 4632 677 4687 Ὑπὸ
726 4633 1197 4702 κονσουλάριον.
1236 4631 1430 4687 Fuisse
1484 4633 1627 4688 hanc
1688 4633 2033 4690 consularem

454 4716 797 4787 provinciam
835 4715 1047 4771 Notitia
1071 4716 1202 4785 imp.
1227 4713 1435 4769 Orient.
1485 4728 1536 4768 c.
1572 4715 1599 4768 I
1633 4715 1748 4770 ctl.
1782 4717 1940 4771 unica
1978 4731 2030 4773 c.

454 4802 526 4855 de
550 4799 695 4855 oliic.
726 4799 915 4853 comit.
950 4812 1094 4853 sacr.
1136 4796 1354 4867 patriot.
1388 4796 1704 4851 ostendunt.
1740 4797 1875 4853 Hine
1901 4799 2035 4854 Aui-

454 4881 577 4938 cius
602 4881 866 4937 Paulinus
891 4882 1086 4935 Thess.
1118 4897 1171 4950 p.
1218 4878 1362 4934 MXC
1387 4880 1457 4934 I9
1496 4881 1691 4935 consul
1742 4883 2033 4951 provincia:

456 4967 603 5024 Asia:
638 4976 694 5023 et
732 4965 1089 5034 Hellesponti.

530 5048 665 5106 Ibid.
707 5048 979 5115 Κύζῖκος.
1015 5047 1373 5103 Nobilissimte
1401 5046 1521 5103 urbi
1560 5047 1874 5117 metropolis
1906 5048 2033 5106 Ilel-

455 5132 691 5202 lesponti
727 5133 1047 5203 dignitatem
1084 5128 1191 5185 Leo
1246 5131 1543 5198 imperator
1595 5139 1651 5185 et
1699 5128 1785 5185 Jo.
1841 5131 2033 5188 Malala

455 5225 590 5272 tom.
627 5216 671 5282 I,
719 5232 770 5285 p.
807 5216 914 5272 564
941 5225 1199 5270 asserunt
1231 5231 1246 5268 :
1278 5213 1501 5280 ἔπαθεν,
1534 5214 1730 5283 inquit,
1763 5215 1870 5268 ὑπὸ
1917 5216 2033 5270 οεο-

456 5300 659 5373 μηνίας
683 5299 962 5371 σεισμὺνή
995 5298 1254 5363 Κύζικος,
1270 5298 1393 5368 ἥτις
1412 5297 1529 5351 ἐστὶ
1560 5297 1895 5368 μητρόπολις
1932 5314 2032 5369 με·

453 5386 597 5456 γάλη
620 5386 719 5456 τῆς
762 5384 1158 5455 Ἑλλησπόντου
1183 5382 1474 5454 ἀπαρχίας.

531 5469 665 5525 Ibid.
701 5472 1136 5540 Προικόνησος.
1182 5468 1235 5523 In
1281 5467 1524 5540 principe
1554 5466 1793 5522 editione
1821 5467 2031 5537 Προκό-

455 5571 656 5626 νησος,
717 5553 876 5609 sicuti
927 5566 984 5609 ct
1043 5555 1096 5609 in
1153 5554 1429 5624 Stephano
1482 5555 1624 5606 inest
1671 5566 1686 5604 :
1740 5549 2033 5606 Ptolenuco

457 5637 881 5708 Προικόννησος,
921 5637 1061 5691 unde
1086 5635 1325 5692 Joannes
1357 5636 1760 5707 Προικόννησον
1788 5634 1840 5689 in
1890 5634 2035 5690 Actis

457 5723 659 5791 Iziphcs.
689 5738 744 5792 p.
779 5722 884 5778 4'56
909 5731 963 5777 et
1003 5722 1239 5778 Aeacius
1262 5710 1671 5793 Προικοννήσόυ
1718 5720 1768 5774 in
1803 5718 2037 5774 Chalce-

451 5808 688 5864 donens.
743 5821 799 5878 p.
845 5806 972 5864 675.
1005 5807 1229 5866 Czctcris
1269 5805 1650 5880 Προκόννησος
1704 5819 1828 5864 esse
1870 5802 2034 5861 solet.

1223 370 1611 434 COMMENT.
1655 369 1738 433 IN
1778 368 2197 434 HIEBOCLIS
2229 367 2771 432 SYNECDEMUM.

3554 344 3710 434 tuo"

2126 475 2291 534 Vocis
2322 478 2744 551 originationem
2774 472 2955 531 critici
2987 473 3042 529 in
3089 472 3433 544 Apollonium
3464 494 3526 545 ιι,
3557 479 3689 546 278,

2119 579 2258 633 quos
2281 564 2632 636 Etymologus
2657 559 2728 617 ab
2761 560 2830 616 ts.
2855 559 3051 616 Vossio
3074 562 3142 617 ad
3165 558 3444 629 Scylacem
3469 564 3694 633 optime,

2120 657 2177 702 ut
2202 647 2439 703 indidem
2468 656 2717 717 apparet,
2743 645 3029 701 restitutus
3060 643 3375 715 exscripsit.
3402 646 3695 703 tradidere.

2120 729 2197 787 De
2228 745 2499 787 marmore
2542 730 2913 785 Proconnesio
2969 727 3369 787 Gothofredum
3421 729 3477 785 in
3539 729 3577 784 ι.
3638 745 3695 787 1x

2119 812 2302 879 αῇΤΙι.
2331 814 2395 868 de
2426 813 2595 868 indul.
2624 814 2788 868 tlebit.
2814 814 2958 869 vide.

2190 893 2323 949 Ibid.
2381 895 2728 962 ἨἘξορια.
2776 895 3037 966 Regionis
3069 896 3333 952 insultent:
3381 910 3580 952 nomen
3601 895 3695 960 sit,

2124 976 2388 1031 incertum
2425 989 2529 1034 est.
2574 978 2651 1034 De
2693 979 3035 1049 PrOponlitlis
3069 980 3245 1036 insula
3290 980 3543 1050 quaedam
3584 993 3698 1034 me-

2124 1060 2313 1117 moria:
2337 1078 2401 1118 ex
2431 1062 2756 1119 Sanctorum
2797 1064 2942 1118 Actis
2975 1063 3262 1129 inhaerent,
3294 1064 3388 1117 sed
3431 1064 3693 1128 obscura;

2123 1158 2349 1211 quorum
2385 1162 2505 1201 cum
2553 1161 2656 1202 nec
2699 1155 2890 1201 auctor
2914 1160 3015 1202 nec
3045 1147 3207 1201 verba
3240 1143 3309 1199 ad
3336 1143 3572 1201 ollieium
3604 1158 3693 1200 re-

2121 1224 2304 1289 deant,
2332 1242 2438 1283 non
2474 1229 2680 1299 liquere
2716 1228 3029 1298 pronuntio.

2194 1308 2328 1365 lhid.
2369 1313 2670 1380 Βαρίσπη.
2734 1311 2928 1367 Fuitne
2968 1311 3232 1382 Ἀρίσϐῃ,
3291 1312 3480 1384 Abydo
3534 1318 3698 1379 atque

2124 1388 2217 1445 Ilio
2275 1392 2419 1448 haud
2482 1396 2711 1449 multtnn
2782 1397 3066 1465 separata?
3114 1396 3250 1449 Acta
3304 1394 3365 1451 S.
3416 1392 3694 1449 Parthenii

2126 1473 2485 1545 Lampsaceni
2530 1494 2581 1533 c.
2615 1477 2652 1530 2
2686 1495 2700 1532 :
2738 1479 3067 1533 Alexandria
3116 1488 3293 1531 autem
3350 1476 3593 1548 quadam
3630 1490 3697 1530 ea:

2123 1562 2336 1626 Arisba,
2371 1578 2489 1631 qua:
2536 1573 2610 1615 est
2656 1561 2817 1629 juxta
2874 1561 3159 1632 Abydum“
3193 1560 3443 1614 Lucanus
3486 1556 3694 1613 Idalia.

2128 1645 2162 1699 I.
2194 1659 2277 1706 III,
2303 1642 2410 1697 205
2435 1644 2692 1713 appellat,
2717 1642 2861 1713 quod
2894 1644 3008 1714 agri
3036 1654 3181 1699 esset
3209 1641 3430 1711 Troiani
3464 1650 3519 1698 et
3547 1640 3696 1696 circa

2124 1728 2272 1784 Idam
2300 1746 2314 1782 :
2356 1728 2633 1798 Mysiaque
2651 1737 2698 1782 et
2727 1727 2900 1797 gelido
2938 1726 3092 1781 tellus
3120 1730 3336 1795 perfusa
3365 1726 3551 1793 Caico,
3574 1723 3698 1778 Ida-

2125 1811 2190 1865 lis
2224 1819 2273 1865 et
2300 1811 2521 1864 nimium
2555 1810 2718 1880 glebis
2749 1809 2909 1863 exilis
2945 1808 3147 1862 Arisbe.
3185 1807 3388 1863 Carolo.
3412 1820 3441 1862 a
3475 1808 3533 1862 8.
3562 1805 3701 1860 Pau-

2126 1893 2177 1948 lo
2206 1893 2371 1949 Baros
2401 1908 2466 1947 ex
2491 1893 2715 1961 Barispe
2754 1890 2952 1961 placet,
2983 1891 3145 1964 cujus
3187 1890 3505 1960 episcopum
3534 1886 3700 1956 Euty~

2122 1975 2379 2029 chiannm
2431 1974 2877 2030 Chalcedonense
2925 1971 3218 2028 concilium
3270 1987 3325 2042 p.
3373 1971 3478 2026 673
3523 1967 3702 2026 Ilelle—

2125 2056 2355 2126 spontiis
2382 2066 2723 2112 annumerat.

2198 2137 2331 2194 Ibid.
2374 2139 2618 2208 Πάριον.
2671 2137 2973 2211 Lampsaco
3003 2139 3107 2194 270
3136 2137 3352 2202 stadiis,
3396 2134 3559 2193 sicuti
3602 2134 3705 2191 Po-

2124 2225 2331 2295 lyaenus
2358 2224 2462 2280 624
2506 2225 2730 2290 indicat,
2775 2227 3037 2282 distabat.
3087 2227 3388 2296 Sequentes
3418 2226 3581 2283 urbes
3633 2224 3703 2281 ad

2125 2307 2329 2361 Anton.
2362 2304 2495 2361 Itin.
2535 2322 2591 2376 p.
2621 2306 2729 2363 554
2761 2309 3066 2380 attigimus.

2197 2387 2336 2443 Ibid.
2388 2388 2804 2458 Σκάμανδρος.
2855 2389 3083 2445 Videtur
3129 2388 3483 2445 Scamandria
3535 2402 3702 2460 parua

2125 2470 2349 2538 civitas,
2376 2471 2444 2525 de
2474 2486 2581 2542 qua
2614 2469 2823 2528 Plinius
2850 2488 2905 2537 ν,
2938 2470 3028 2538 50,
3060 2486 3203 2528 esse.

2196 2553 2326 2610 Ibid.
2368 2554 2660 2625 Πόλιχνα.
2690 2552 2920 2610 Troadis
2951 2553 3110 2625 ,hanc
3139 2555 3283 2609 circa
3312 2552 3576 2623 A‘Jsepum
3608 2568 3700 2608 ur-

2128 2637 2247 2692 bem
2281 2635 2480 2692 Strabo
2532 2652 2627 2692 xm
2677 2651 2737 2704 ιι.
2789 2635 2894 2692 605
2920 2644 2974 2690 ct
3004 2636 3211 2692 Plinius
3242 2651 3298 2703 ν,
3344 2636 3413 2692 50
3461 2645 3699 2702 norunt;

2126 2735 2230 2775 nec
2269 2719 2428 2774 aliam
2474 2720 2633 2774 multi
2664 2724 2892 2776 censent
2918 2734 3079 2789 quam
3110 2717 3457 2793 Thucydides
3480 2734 3604 2783 vni,
3632 2719 3701 2779 14

2127 2813 2184 2860 et
2213 2802 2286 2858 2i
2333 2819 2363 2856 ιι
2409 2801 2773 2859 Clazomeniis
2824 2803 3089 2858 munitam
3140 2811 3553 2858 commemorat.
3590 2803 3702 2873 Ego

2127 2902 2259 2942 vero
2281 2885 2607 2943 accesserim
2631 2885 2848 2949 Acacio,
2870 2884 3342 2941 Claaomeniorum
3369 2900 3487 2939 eam
3515 2886 3701 2944 urbem

2130 2969 2201 3026 ab
2228 2970 2330 3024 hae
2359 2968 2713 3039 distingueuti
2758 2987 2773 3024 :
2826 2967 3127 3024 clarissime
3175 2967 3320 3023 enim
3356 2967 3703 3037 Thucydides

2130 3069 2249 3110 eam
2282 3054 2334 3108 in
2360 3053 2675 3108 continente
2697 3062 2887 3107 contra
2907 3051 3261 3107 Clazomenas
3283 3050 3546 3121 longeque
3569 3051 3705 3107 adt-0

2130 3150 2162 3191 a
2192 3134 2424 3190 Troadis
2455 3135 2714 3191 Polichna
2743 3134 2997 3190 collocat.

2201 3220 2340 3275 Ibid.
2394 3217 2828 3289 Ποιμάνεννος.
2853 3217 2996 3287 Lege
3035 3215 3401 3287 Ποιμανητός.
3436 3216 3706 3273 Aristides

2131 3311 2263 3358 tom.
2294 3303 2310 3356 I
2351 3316 2406 3371 ρ.
2439 3301 2545 3357 596
2574 3319 2589 3356 :
2620 3301 2702 3353 ἐτι
2729 3301 2786 3353 δὲ
2826 3298 3189 3369 Ποιμανητδς,
3226 3300 3426 3369 χωρίον
3456 3299 3558 3367 τῆς
3586 3301 3706 3364 Μιε-

2132 3386 2277 3448 σίας,
2319 3380 2411 3438 καὶ
2445 3384 2505 3439 ἓν
2549 3383 2698 3452 αὐτῷ
2748 3381 2894 3453 ἱερὸν
2924 3379 3260 3450 ⁹Ασιιλιιλσιιιιοιῗι
3303 3381 3457 3449 ἅγιόν
3490 3397 3551 3432 τε
3611 3381 3707 3434 καὶ

2130 3467 2449 3537 ὀνομαστόν.
2484 3465 2746 3519 Ἐνταῦοα
2785 3464 3114 3536 ὲτελέσαμεν
3140 3462 3389 3531 σταδίους
3436 3462 3705 3534 ἑξήκοντα

2134 3548 2372 3621 μάλιστα
2392 3548 2488 3602 καὶ
2519 3547 2735 3602 ἑκατόν.
2763 3546 2887 3603 Fuit
2908 3562 3039 3616 ergo
3063 3544 3249 3616 Mysiae
3266 3545 3523 3615 oppidum
3555 3545 3705 3617 (nam

2137 3647 2329 3702 agrum
2386 3631 2526 3688 male
2574 3636 2819 3697 vertunt)
2862 3626 2965 3685 I00
3000 3629 3226 3686 circiter
3268 3629 3466 3683 stadiis
3497 3631 3564 3685 sb
3594 3628 3705 3684 lla-

2131 3714 2356 3779 drianis,
2385 3714 2643 3771 Aristidis
2676 3715 2873 3786 patria.
2901 3710 3181 3783 Stephano
3223 3720 3282 3766 et
3328 3708 3529 3767 Niceno
3560 3710 3708 3766 Choa

2131 3799 2294 3855 niatre
2322 3799 2521 3855 Annal.
2551 3798 2587 3852 ί.
2618 3798 2715 3852 ult.
2742 3812 2798 3867 p.
2824 3797 2932 3854 296
2978 3806 3062 3852 est
3090 3794 3444 3865 Ποιμανινδν,
3473 3806 3526 3851 et
3554 3794 3706 3851 Actis

2132 3881 2486 3939 conciliorum
2519 3898 2534 3937 :
2565 3880 2868 3939 subscribit
2908 3880 3053 3936 enim
3094 3879 3708 3950 Constantinopolitano

2131 3968 2297 4023 tertio
2324 3981 2378 4036 p.
2411 3964 2510 4020 50I
2552 3964 2858 4021 Mercurius
2905 3966 3202 4034 episcOpus
3246 3962 3456 4027 πόλεως
3500 3965 3709 4033 Ποιμα-

2132 4049 2277 4106 νινοῦ
2302 4050 2404 4120 τῆς
2443 4047 2879 4120 Ἑλλησποντίων
2923 4047 3219 4120 ἐπαρχίας,
3278 4057 3333 4104 et
3378 4045 3598 4102 Nicmno
3615 4061 3709 4119 se-

2132 4134 2314 4191 cundo
2347 4148 2403 4204 p.
2441 4132 2548 4188 572
2598 4132 2704 4189 Leo
2753 4130 3131 4204 Ilorpavwoii;
3182 4130 3276 4200 qui
3343 4145 3464 4185 cum
3519 4145 3572 4200 p.
3639 4128 3703 4184 51

2133 4217 2421 4288 episc0pus
2467 4214 2834 4287 Ποιμανηνῶν
2889 4213 3120 4283 feratur,
3167 4221 3221 4270 et
3256 4212 3342 4269 lo.
3382 4212 3620 4279 Masson,
3652 4221 3713 4267 nt

2132 4299 2188 4355 in
2223 4297 2480 4353 Aristidis
2534 4296 2656 4352 Vita
2704 4313 2788 4364 ιιι,
2843 4297 2876 4351 6
2912 4296 3271 4367 perscriptum
3320 4304 3429 4359 est,
3467 4292 3712 4350 'Parisiis

2134 4395 2356 4437 numum
2408 4378 2769 4449 Ποιμανηνῶν
2822 4380 3159 4442 tractaverit,
3213 4391 3321 4432 non
3378 4374 3597 4431 dubium
3626 4383 3711 4430 est

2133 4464 2264 4537 quin
2287 4463 2632 4535 Ποιμανηνὺς
2659 4462 2939 4534 Stephano
2965 4460 3112 4517 reddi
3149 4459 3362 4516 debeat.
3394 4458 3523 4514 Scio
3543 4457 3706 4511 aliam

2134 4548 2309 4604 virum
2341 4547 2717 4605 doctissimum
2754 4538 3059 4616 ingressum
3089 4558 3217 4600 esse
3246 4544 3389 4598 viam
3416 4552 3471 4597 et
3497 4542 3711 4613 Ποιμα-

2133 4631 2294 4704 νιινὺν
2321 4630 2545 4687 Aristidi
2570 4629 2877 4687 restituisse
2906 4647 2923 4684 :
2955 4627 3049 4685 sed
3074 4642 3199 4684 cum
3239 4626 3711 4698 Ethnicographus

2135 4715 2198 4770 τὸ
2230 4714 2445 4770 ὲθνικδν
2464 4713 2669 4784 ὁμοίως
2706 4712 2906 4769 inﬂecti
2937 4710 3197 4777 afﬁrmet,
3226 4709 3577 4783 Ποιμανηνδς
3603 4711 3714 4766 uti-

2135 4815 2243 4871 que
2268 4801 2336 4855 ab
2358 4813 2423 4856 eo
2448 4799 2619 4854 venit.
2644 4796 2915 4855 Caeterum
2940 4796 3111 4853 series
3132 4795 3420 4851 Aristidem
3443 4794 3712 4853 orationis

2135 4882 2251 4937 ἐστι
2293 4882 2349 4936 δὲ
2399 4880 2747 4953 Ποιμανηνὸς
2773 4879 3055 4950 requirere
3087 4879 3326 4935 videtur.

2207 4967 2340 5021 Ibid.
2382 4964 2678 5036 Ἀρτεμέα.
2732 4964 3020 5019 Assentior
3046 4961 3097 5020 J.
3148 4960 3428 5018 Ilarduino
3463 4963 3516 5019 in
3553 4961 3712 5017 Plinii

2136 5065 2189 5117 ν,
2232 5048 2301 5105 50
2329 5049 2605 5121 Ἀταρνέα
2658 5048 2877 5119 legenti.
2921 5046 3093 5102 Ilabet
3138 5047 3432 5121 Alarneam
3485 5046 3712 5110 Plinius,

2136 5148 2256 5205 qua:
2286 5119 2541 5189 Straboni
2572 5132 2894 5201 Ἀταρνεὺς,
2940 5119 3218 5202 Stephano
3256 5130 3530 5203 ΙἈτάρνα.

2208 5217 2348 5271 Ibid.
2388 5215 2652 5271 'Péxeta.
2686 5215 2800 5271 Nisi
2846 5214 3107 5270 Ῥοίτειον
3136 5214 3190 5269 ἱιι
3217 5228 3350 5268 voce
3376 5211 3713 5267 reconditum

2137 5299 2230 5364 sit,
2264 5298 2399 5354 nihil
2426 5300 2492 5354 de
2520 5313 2583 5354 ea
2610 5313 2832 5356 novcro.
2860 5298 3162 5354 [thoracum
3195 5314 3225 5351 ιι
3248 5294 3425 5352 Plinio
3445 5293 3715 5349 Strabone

2138 5393 2302 5452 atque
2331 5382 2453 5437 aliis
2482 5396 2588 5436 non
2620 5392 2701 5436 est
2735 5381 3062 5451 neglectum.

2213 5466 2344 5520 Ibid.
2386 5464 2639 5530 Βλίὶδος.
2683 5464 2913 5517 Βλανδδν
2936 5465 3050 5519 sire
3079 5458 3345 5514 Βλαῦνὸον
3384 5458 3559 5527 potius
3587 5471 3717 5512 con-

2143 5548 2325 5604 cilium
2357 5548 2799 5603 Chalrednnensc
2844 5565 2896 5618 p.
2947 5544 3051 5599 575
3120 5542 3344 5598 urbibus
3374 5540 3557 5613 Lydia:
3589 5555 3717 5593 con-

2147 5635 2369 5698 tribuit;
2424 5647 2525 5688 nec
2589 5632 2853 5688 dissident
2890 5639 3100 5684 veteres
3135 5626 3368 5681 Notitim.
3404 5623 3717 5679 Βλαυνδέων

2148 5715 2323 5784 numi,
2361 5715 2415 5771 in
2444 5717 2639 5787 quibus
2671 5715 2866 5770 lluvius
2914 5708 3245 5783 Ἱππούριος,
3288 5719 3414 5765 sunt
3453 5709 3507 5764 in
3562 5708 3716 5763 Thes.

2153 5799 2367 5858 Brilan.
2396 5807 2532 5859 tom.
2554 5799 2622 5867 ll,
2655 5798 2777 5856 I00.
2804 5795 3040 5852 Βλαῦδον
3071 5794 3127 5852 in
3162 5793 3345 5867 Lydiae
3376 5792 3572 5853 ﬁnibus
3601 5802 3720 5849 mo—
