  <div class='ocr_page' id='page_1' title='image "/cluster/home/n/w/nwhite01/storage/ocr_20150623/113:no.2/coo.31924054870179/567.png"; bbox 0 0 4170 6442; ppageno 0'>
   <div class='ocr_carea' id='block_1_1' title="bbox 485 362 620 432">
    <p class='ocr_par' dir='ltr' id='par_1_1' title="bbox 485 362 620 432">
     <span class='ocr_line' id='line_1_1' title="bbox 485 362 620 432; baseline 0.037 -5"><span class='ocrx_word' id='word_1_1' title='bbox 485 362 620 432; x_wconf 70' lang='lat' dir='ltr'><strong>Ilii</strong></span> 
     </span>
    </p>
   </div>
   <div class='ocr_carea' id='block_1_2' title="bbox 483 474 2049 552">
    <p class='ocr_par' dir='ltr' id='par_1_2' title="bbox 483 474 2049 552">
     <span class='ocr_line' id='line_1_2' title="bbox 483 474 2049 552; baseline -0.01 -14"><span class='ocrx_word' id='word_1_2' title='bbox 483 497 661 540; x_wconf 69' lang='lat' dir='ltr'><strong>maurat</strong></span> <span class='ocrx_word' id='word_1_3' title='bbox 692 483 890 539; x_wconf 82' lang='lat' dir='ltr'><strong>Strabo</strong></span> <span class='ocrx_word' id='word_1_4' title='bbox 923 482 963 536; x_wconf 89' lang='lat' dir='ltr'><strong>l.</strong></span> <span class='ocrx_word' id='word_1_5' title='bbox 1000 496 1077 538; x_wconf 78' lang='lat' dir='ltr'><strong>xu</strong></span> <span class='ocrx_word' id='word_1_6' title='bbox 1129 496 1182 552; x_wconf 90' lang='lat' dir='ltr'><strong>p.</strong></span> <span class='ocrx_word' id='word_1_7' title='bbox 1227 480 1354 545; x_wconf 86' lang='lat'><strong>567,</strong></span> <span class='ocrx_word' id='word_1_8' title='bbox 1401 487 1455 535; x_wconf 88' lang='lat' dir='ltr'><strong>et</strong></span> <span class='ocrx_word' id='word_1_9' title='bbox 1497 493 1562 533; x_wconf 73' lang='lat' dir='ltr'><strong>ex</strong></span> <span class='ocrx_word' id='word_1_10' title='bbox 1603 492 1671 532; x_wconf 81' lang='lat' dir='ltr'><strong>eo</strong></span> <span class='ocrx_word' id='word_1_11' title='bbox 1721 474 2049 542; x_wconf 73' lang='lat' dir='ltr'><strong>Stephanus,</strong></span> 
     </span>
    </p>
   </div>
   <div class='ocr_carea' id='block_1_3' title="bbox 492 557 2055 626">
    <p class='ocr_par' dir='ltr' id='par_1_3' title="bbox 492 557 2055 626">
     <span class='ocr_line' id='line_1_3' title="bbox 492 557 2055 626; baseline -0.008 -6"><span class='ocrx_word' id='word_1_12' title='bbox 492 568 649 620; x_wconf 77' lang='lat' dir='ltr'><strong>modo</strong></span> <span class='ocrx_word' id='word_1_13' title='bbox 677 566 728 621; x_wconf 89' lang='lat' dir='ltr'><strong>id</strong></span> <span class='ocrx_word' id='word_1_14' title='bbox 766 567 1037 621; x_wconf 79' lang='lat' dir='ltr'><strong>diversum</strong></span> <span class='ocrx_word' id='word_1_15' title='bbox 1064 578 1093 618; x_wconf 85' lang='lat' dir='ltr'><strong>a</strong></span> <span class='ocrx_word' id='word_1_16' title='bbox 1117 564 1471 619; x_wconf 85' lang='lat' dir='ltr'><strong>conciliorum</strong></span> <span class='ocrx_word' id='word_1_17' title='bbox 1505 559 1728 622; x_wconf 78' lang='lat' dir='ltr'><strong>Blando,</strong></span> <span class='ocrx_word' id='word_1_18' title='bbox 1760 573 1862 626; x_wconf 82' lang='lat' dir='ltr'><strong>qua</strong></span> <span class='ocrx_word' id='word_1_19' title='bbox 1896 557 1963 609; x_wconf 88' lang='lat' dir='ltr'><strong>de</strong></span> <span class='ocrx_word' id='word_1_20' title='bbox 1996 569 2055 608; x_wconf 87' lang='lat' dir='ltr'><strong>re</strong></span> 
     </span>
    </p>
   </div>
   <div class='ocr_carea' id='block_1_4' title="bbox 486 638 2055 719">
    <p class='ocr_par' dir='ltr' id='par_1_4' title="bbox 486 638 2055 719">
     <span class='ocr_line' id='line_1_4' title="bbox 486 638 2055 719; baseline -0.006 -18"><span class='ocrx_word' id='word_1_21' title='bbox 486 650 737 719; x_wconf 77' lang='lat' dir='ltr'><strong>equidem</strong></span> <span class='ocrx_word' id='word_1_22' title='bbox 783 647 1165 712; x_wconf 77' lang='lat' dir='ltr'><strong>dubitaverim,</strong></span> <span class='ocrx_word' id='word_1_23' title='bbox 1192 646 1391 711; x_wconf 76' lang='lat' dir='ltr'><strong>fuerit;</strong></span> <span class='ocrx_word' id='word_1_24' title='bbox 1432 658 1552 714; x_wconf 70' lang='lat' dir='ltr'><strong>qum</strong></span> <span class='ocrx_word' id='word_1_25' title='bbox 1594 658 1717 697; x_wconf 86' lang='lat' dir='ltr'><strong>eum</strong></span> <span class='ocrx_word' id='word_1_26' title='bbox 1747 641 1816 695; x_wconf 87' lang='lat' dir='ltr'><strong>ab</strong></span> <span class='ocrx_word' id='word_1_27' title='bbox 1848 638 2055 692; x_wconf 60' lang='lat' dir='ltr'><strong>lli-lies-</strong></span> 
     </span>
    </p>
   </div>
   <div class='ocr_carea' id='block_1_5' title="bbox 486 722 2062 800">
    <p class='ocr_par' dir='ltr' id='par_1_5' title="bbox 486 722 2062 800">
     <span class='ocr_line' id='line_1_5' title="bbox 486 722 2062 800; baseline -0.006 -15"><span class='ocrx_word' id='word_1_28' title='bbox 486 733 638 799; x_wconf 76' lang='lat' dir='ltr'><strong>ponti</strong></span> <span class='ocrx_word' id='word_1_29' title='bbox 667 731 945 800; x_wconf 83' lang='lat' dir='ltr'><strong>provincia</strong></span> <span class='ocrx_word' id='word_1_30' title='bbox 974 731 1189 798; x_wconf 69' lang='lat' dir='ltr'><strong>longius</strong></span> <span class='ocrx_word' id='word_1_31' title='bbox 1211 729 1439 792; x_wconf 77' lang='lat' dir='ltr'><strong>distent,</strong></span> <span class='ocrx_word' id='word_1_32' title='bbox 1464 727 1597 781; x_wconf 87' lang='lat' dir='ltr'><strong>nihil</strong></span> <span class='ocrx_word' id='word_1_33' title='bbox 1624 726 1836 795; x_wconf 73' lang='lat' dir='ltr'><strong>juvant.</strong></span> <span class='ocrx_word' id='word_1_34' title='bbox 1869 722 2062 792; x_wconf 78' lang='lat' dir='ltr'><strong>Itaque</strong></span> 
     </span>
    </p>
   </div>
   <div class='ocr_carea' id='block_1_6' title="bbox 488 813 1611 885">
    <p class='ocr_par' dir='ltr' id='par_1_6' title="bbox 488 813 1611 885">
     <span class='ocr_line' id='line_1_6' title="bbox 488 813 1611 885; baseline -0.001 -17"><span class='ocrx_word' id='word_1_35' title='bbox 488 815 618 869; x_wconf 82' lang='lat' dir='ltr'><strong>huic</strong></span> <span class='ocrx_word' id='word_1_36' title='bbox 646 826 695 870; x_wconf 90' lang='lat' dir='ltr'><strong>et</strong></span> <span class='ocrx_word' id='word_1_37' title='bbox 723 816 801 885; x_wconf 82' lang='grc' dir='ltr'><strong>τῷ</strong></span> <span class='ocrx_word' id='word_1_38' title='bbox 828 815 1093 879; x_wconf 61' lang='lat' dir='ltr'><strong>amem</strong></span> <span class='ocrx_word' id='word_1_39' title='bbox 1123 813 1259 868; x_wconf 86' lang='lat' dir='ltr'><strong>alius</strong></span> <span class='ocrx_word' id='word_1_40' title='bbox 1296 813 1611 882; x_wconf 84' lang='lat' dir='ltr'><strong>opituletur.</strong></span> 
     </span>
    </p>
   </div>
   <div class='ocr_carea' id='block_1_7' title="bbox 557 892 2058 963">
    <p class='ocr_par' dir='ltr' id='par_1_7' title="bbox 557 892 2058 963">
     <span class='ocr_line' id='line_1_7' title="bbox 557 892 2058 963; baseline -0.003 -12"><span class='ocrx_word' id='word_1_41' title='bbox 557 897 678 951; x_wconf 89' lang='lat' dir='ltr'><strong>Col.</strong></span> <span class='ocrx_word' id='word_1_42' title='bbox 715 896 837 953; x_wconf 76' lang='lat' dir='ltr'><strong>M5.</strong></span> <span class='ocrx_word' id='word_1_43' title='bbox 874 900 1088 963; x_wconf 61' lang='grc' dir='ltr'>Μοίιις.</span> <span class='ocrx_word' id='word_1_44' title='bbox 1130 895 1355 951; x_wconf 76' lang='lat' dir='ltr'><strong>Carolus</strong></span> <span class='ocrx_word' id='word_1_45' title='bbox 1409 913 1438 950; x_wconf 90' lang='lat' dir='ltr'><strong>a</strong></span> <span class='ocrx_word' id='word_1_46' title='bbox 1487 896 1544 948; x_wconf 86' lang='lat' dir='ltr'><strong>S.</strong></span> <span class='ocrx_word' id='word_1_47' title='bbox 1581 894 1748 948; x_wconf 85' lang='lat' dir='ltr'><strong>Paulo</strong></span> <span class='ocrx_word' id='word_1_48' title='bbox 1781 892 1932 948; x_wconf 79' lang='lat' dir='ltr'><strong>lllelis</strong></span> <span class='ocrx_word' id='word_1_49' title='bbox 1959 906 2058 947; x_wconf 82' lang='lat' dir='ltr'><strong>seu</strong></span> 
     </span>
    </p>
   </div>
   <div class='ocr_carea' id='block_1_8' title="bbox 488 978 2056 1050">
    <p class='ocr_par' dir='ltr' id='par_1_8' title="bbox 488 978 2056 1050">
     <span class='ocr_line' id='line_1_8' title="bbox 488 978 2056 1050; baseline -0.001 -18"><span class='ocrx_word' id='word_1_50' title='bbox 488 978 809 1050; x_wconf 72' lang='lat' dir='ltr'><strong>Melitopolis</strong></span> <span class='ocrx_word' id='word_1_51' title='bbox 826 996 937 1036; x_wconf 71' lang='lat' dir='ltr'><strong>suze</strong></span> <span class='ocrx_word' id='word_1_52' title='bbox 954 981 1175 1037; x_wconf 74' lang='lat' dir='ltr'><strong>editioni</strong></span> <span class='ocrx_word' id='word_1_53' title='bbox 1196 983 1468 1050; x_wconf 85' lang='lat' dir='ltr'><strong>ascripsit.</strong></span> <span class='ocrx_word' id='word_1_54' title='bbox 1482 979 1842 1049; x_wconf 76' lang='lat' dir='ltr'><strong>Miletopolita:</strong></span> <span class='ocrx_word' id='word_1_55' title='bbox 1856 980 2056 1033; x_wconf 72' lang='grc' dir='ltr'><strong>ειΜει-</strong></span> 
     </span>
    </p>
   </div>
   <div class='ocr_carea' id='block_1_9' title="bbox 486 1060 2056 1131">
    <p class='ocr_par' dir='ltr' id='par_1_9' title="bbox 486 1060 2056 1131">
     <span class='ocr_line' id='line_1_9' title="bbox 486 1060 2056 1131; baseline 0.003 -20"><span class='ocrx_word' id='word_1_56' title='bbox 486 1062 865 1131; x_wconf 73' lang='grc' dir='ltr'><strong>ὶητοπολεῖται</strong></span> <span class='ocrx_word' id='word_1_57' title='bbox 906 1075 1033 1119; x_wconf 83' lang='lat' dir='ltr'><strong>sunt</strong></span> <span class='ocrx_word' id='word_1_58' title='bbox 1064 1065 1119 1119; x_wconf 81' lang='lat' dir='ltr'><strong>in</strong></span> <span class='ocrx_word' id='word_1_59' title='bbox 1160 1065 1343 1118; x_wconf 77' lang='lat' dir='ltr'><strong>nantis</strong></span> <span class='ocrx_word' id='word_1_60' title='bbox 1382 1073 1434 1118; x_wconf 89' lang='lat' dir='ltr'><strong>et</strong></span> <span class='ocrx_word' id='word_1_61' title='bbox 1464 1062 1640 1119; x_wconf 84' lang='lat' dir='ltr'><strong>Plinio</strong></span> <span class='ocrx_word' id='word_1_62' title='bbox 1675 1063 1816 1117; x_wconf 90' lang='lat' dir='ltr'><strong>inter</strong></span> <span class='ocrx_word' id='word_1_63' title='bbox 1847 1060 2056 1116; x_wconf 81' lang='lat' dir='ltr'><strong>Helles-</strong></span> 
     </span>
    </p>
   </div>
   <div class='ocr_carea' id='block_1_10' title="bbox 489 1145 2062 1217">
    <p class='ocr_par' dir='ltr' id='par_1_10' title="bbox 489 1145 2062 1217">
     <span class='ocr_line' id='line_1_10' title="bbox 489 1145 2062 1217; baseline 0.003 -21"><span class='ocrx_word' id='word_1_64' title='bbox 489 1146 637 1208; x_wconf 82' lang='lat' dir='ltr'><strong>ponti</strong></span> <span class='ocrx_word' id='word_1_65' title='bbox 682 1147 916 1202; x_wconf 75' lang='lat' dir='ltr'><strong>accolas.</strong></span> <span class='ocrx_word' id='word_1_66' title='bbox 976 1145 1279 1203; x_wconf 85' lang='lat' dir='ltr'><strong>Scribendo</strong></span> <span class='ocrx_word' id='word_1_67' title='bbox 1325 1161 1543 1217; x_wconf 88' lang='lat' dir='ltr'><strong>quoque</strong></span> <span class='ocrx_word' id='word_1_68' title='bbox 1592 1146 1767 1199; x_wconf 75' lang='lat' dir='ltr'><strong>adfuit</strong></span> <span class='ocrx_word' id='word_1_69' title='bbox 1823 1145 2062 1201; x_wconf 71' lang='lat' dir='ltr'><strong>cmrcilio</strong></span> 
     </span>
    </p>
   </div>
   <div class='ocr_carea' id='block_1_11' title="bbox 486 1227 2059 1300">
    <p class='ocr_par' dir='ltr' id='par_1_11' title="bbox 486 1227 2059 1300">
     <span class='ocr_line' id='line_1_11' title="bbox 486 1227 2059 1300; baseline 0.003 -23"><span class='ocrx_word' id='word_1_70' title='bbox 486 1227 905 1300; x_wconf 78' lang='lat' dir='ltr'><strong>Constantinop.</strong></span> <span class='ocrx_word' id='word_1_71' title='bbox 947 1230 1108 1285; x_wconf 86' lang='lat' dir='ltr'><strong>tertio</strong></span> <span class='ocrx_word' id='word_1_72' title='bbox 1137 1243 1190 1299; x_wconf 74' lang='grc' dir='ltr'><strong>ι).</strong></span> <span class='ocrx_word' id='word_1_73' title='bbox 1222 1230 1318 1286; x_wconf 72' lang='lat' dir='ltr'><strong>SOI</strong></span> <span class='ocrx_word' id='word_1_74' title='bbox 1355 1228 1591 1284; x_wconf 71' lang='lat' dir='ltr'><strong>Joannes</strong></span> <span class='ocrx_word' id='word_1_75' title='bbox 1622 1229 1920 1296; x_wconf 64' lang='lat' dir='ltr'><strong>satana-rgo;</strong></span> <span class='ocrx_word' id='word_1_76' title='bbox 1956 1231 2059 1300; x_wconf 77' lang='grc' dir='ltr'><strong>τῆς</strong></span> 
     </span>
    </p>
   </div>
   <div class='ocr_carea' id='block_1_12' title="bbox 484 1308 2055 1384">
    <p class='ocr_par' dir='ltr' id='par_1_12' title="bbox 484 1308 2055 1384">
     <span class='ocr_line' id='line_1_12' title="bbox 484 1308 2055 1384; baseline 0.001 -22"><span class='ocrx_word' id='word_1_77' title='bbox 484 1308 976 1380; x_wconf 70' lang='grc' dir='ltr'><strong>Μιλητουπολιτῶν</strong></span> <span class='ocrx_word' id='word_1_78' title='bbox 1018 1314 1227 1377; x_wconf 81' lang='grc' dir='ltr'><strong>πόλεως</strong></span> <span class='ocrx_word' id='word_1_79' title='bbox 1266 1314 1367 1384; x_wconf 84' lang='grc' dir='ltr'><strong>τῆς</strong></span> <span class='ocrx_word' id='word_1_80' title='bbox 1415 1312 1848 1384; x_wconf 80' lang='grc' dir='ltr'><strong>Ἑλλησποντίων</strong></span> <span class='ocrx_word' id='word_1_81' title='bbox 1879 1313 2055 1382; x_wconf 78' lang='grc' dir='ltr'>ἐπαρ-</span> 
     </span>
    </p>
   </div>
   <div class='ocr_carea' id='block_1_13' title="bbox 483 1393 2057 1466">
    <p class='ocr_par' dir='ltr' id='par_1_13' title="bbox 483 1393 2057 1466">
     <span class='ocr_line' id='line_1_13' title="bbox 483 1393 2057 1466; baseline -0.001 -19"><span class='ocrx_word' id='word_1_82' title='bbox 483 1393 696 1462; x_wconf 70' lang='lat' dir='ltr'><strong>zia;,et</strong></span> <span class='ocrx_word' id='word_1_83' title='bbox 722 1394 938 1451; x_wconf 77' lang='lat' dir='ltr'><strong>Nica&#39;no</strong></span> <span class='ocrx_word' id='word_1_84' title='bbox 963 1395 1207 1451; x_wconf 83' lang='lat' dir='ltr'><strong>secundo</strong></span> <span class='ocrx_word' id='word_1_85' title='bbox 1220 1396 1453 1451; x_wconf 76' lang='lat' dir='ltr'><strong>Michael</strong></span> <span class='ocrx_word' id='word_1_86' title='bbox 1471 1396 1567 1466; x_wconf 81' lang='grc' dir='ltr'><strong>τῆς</strong></span> <span class='ocrx_word' id='word_1_87' title='bbox 1585 1394 2057 1460; x_wconf 79' lang='grc' dir='ltr'><strong>Μελιτουπόλεως,</strong></span> 
     </span>
    </p>
   </div>
   <div class='ocr_carea' id='block_1_14' title="bbox 485 1479 2059 1552">
    <p class='ocr_par' dir='ltr' id='par_1_14' title="bbox 485 1479 2059 1552">
     <span class='ocr_line' id='line_1_14' title="bbox 485 1479 2059 1552; baseline 0.003 -22"><span class='ocrx_word' id='word_1_88' title='bbox 485 1488 542 1532; x_wconf 81' lang='grc' dir='ltr'><strong>ιιι</strong></span> <span class='ocrx_word' id='word_1_89' title='bbox 577 1494 859 1549; x_wconf 77' lang='lat' dir='ltr'><strong>perperam</strong></span> <span class='ocrx_word' id='word_1_90' title='bbox 891 1495 944 1550; x_wconf 70' lang='grc' dir='ltr'><strong>ρ.</strong></span> <span class='ocrx_word' id='word_1_91' title='bbox 978 1481 1087 1537; x_wconf 71' lang='lat'><strong>592</strong></span> <span class='ocrx_word' id='word_1_92' title='bbox 1114 1491 1280 1552; x_wconf 79' lang='lat' dir='ltr'><strong>atque</strong></span> <span class='ocrx_word' id='word_1_93' title='bbox 1308 1481 1437 1537; x_wconf 83' lang='lat' dir='ltr'><strong>alibi</strong></span> <span class='ocrx_word' id='word_1_94' title='bbox 1469 1480 1746 1538; x_wconf 86' lang='lat' dir='ltr'><strong>scribitur.</strong></span> <span class='ocrx_word' id='word_1_95' title='bbox 1765 1479 1879 1535; x_wconf 86' lang='lat' dir='ltr'><strong>Nec</strong></span> <span class='ocrx_word' id='word_1_96' title='bbox 1905 1494 2059 1535; x_wconf 88' lang='lat' dir='ltr'><strong>asse-</strong></span> 
     </span>
    </p>
   </div>
   <div class='ocr_carea' id='block_1_15' title="bbox 485 1563 2063 1630">
    <p class='ocr_par' dir='ltr' id='par_1_15' title="bbox 485 1563 2063 1630">
     <span class='ocr_line' id='line_1_15' title="bbox 485 1563 2063 1630; baseline 0.003 -18"><span class='ocrx_word' id='word_1_97' title='bbox 485 1576 753 1618; x_wconf 77' lang='lat' dir='ltr'><strong>veravero</strong></span> <span class='ocrx_word' id='word_1_98' title='bbox 773 1574 972 1629; x_wconf 82' lang='lat' dir='ltr'><strong>tamen,</strong></span> <span class='ocrx_word' id='word_1_99' title='bbox 1010 1566 1114 1621; x_wconf 85' lang='lat' dir='ltr'><strong>nisi</strong></span> <span class='ocrx_word' id='word_1_100' title='bbox 1137 1566 1391 1623; x_wconf 80' lang='lat' dir='ltr'><strong>meliores</strong></span> <span class='ocrx_word' id='word_1_101' title='bbox 1414 1580 1579 1630; x_wconf 69' lang='lat' dir='ltr'><strong>manu</strong></span> <span class='ocrx_word' id='word_1_102' title='bbox 1603 1564 1813 1620; x_wconf 70' lang='lat' dir='ltr'><strong>exarati</strong></span> <span class='ocrx_word' id='word_1_103' title='bbox 1840 1563 2063 1620; x_wconf 80' lang='lat' dir='ltr'><strong>codices</strong></span> 
     </span>
    </p>
   </div>
   <div class='ocr_carea' id='block_1_16' title="bbox 483 1647 1326 1716">
    <p class='ocr_par' dir='ltr' id='par_1_16' title="bbox 483 1647 1326 1716">
     <span class='ocr_line' id='line_1_16' title="bbox 483 1647 1326 1716; baseline 0.008 -21"><span class='ocrx_word' id='word_1_104' title='bbox 483 1647 711 1716; x_wconf 78' lang='lat' dir='ltr'><strong>propius</strong></span> <span class='ocrx_word' id='word_1_105' title='bbox 742 1648 998 1710; x_wconf 77' lang='lat' dir='ltr'><strong>abierint,</strong></span> <span class='ocrx_word' id='word_1_106' title='bbox 1030 1663 1150 1703; x_wconf 85' lang='lat' dir='ltr'><strong>eam</strong></span> <span class='ocrx_word' id='word_1_107' title='bbox 1181 1663 1326 1704; x_wconf 84' lang='lat' dir='ltr'><strong>esse.</strong></span> 
     </span>
    </p>
   </div>
   <div class='ocr_carea' id='block_1_17' title="bbox 558 1727 2064 1801">
    <p class='ocr_par' dir='ltr' id='par_1_17' title="bbox 558 1727 2064 1801">
     <span class='ocr_line' id='line_1_17' title="bbox 558 1727 2064 1801; baseline 0.001 -19"><span class='ocrx_word' id='word_1_108' title='bbox 558 1728 700 1782; x_wconf 80' lang='lat' dir='ltr'><strong>Ibid.</strong></span> <span class='ocrx_word' id='word_1_109' title='bbox 720 1727 962 1799; x_wconf 71' lang='grc' dir='ltr'><strong>Γέρμαιι.</strong></span> <span class='ocrx_word' id='word_1_110' title='bbox 981 1730 1085 1799; x_wconf 85' lang='grc' dir='ltr'><strong>Γέρ</strong></span> <span class='ocrx_word' id='word_1_111' title='bbox 1094 1749 1191 1800; x_wconf 82' lang='grc' dir='ltr'><strong>μη.</strong></span> <span class='ocrx_word' id='word_1_112' title='bbox 1208 1731 1325 1784; x_wconf 81' lang='lat' dir='ltr'><strong>Non</strong></span> <span class='ocrx_word' id='word_1_113' title='bbox 1352 1730 1509 1801; x_wconf 80' lang='lat' dir='ltr'><strong>longe</strong></span> <span class='ocrx_word' id='word_1_114' title='bbox 1531 1748 1559 1784; x_wconf 82' lang='lat' dir='ltr'><strong>a</strong></span> <span class='ocrx_word' id='word_1_115' title='bbox 1580 1729 1778 1801; x_wconf 80' lang='lat' dir='ltr'><strong>Cyzico</strong></span> <span class='ocrx_word' id='word_1_116' title='bbox 1818 1727 2064 1785; x_wconf 78' lang='lat' dir='ltr'><strong>abfuisse</strong></span> 
     </span>
    </p>
   </div>
   <div class='ocr_carea' id='block_1_18' title="bbox 488 1808 2058 1878">
    <p class='ocr_par' dir='ltr' id='par_1_18' title="bbox 488 1808 2058 1878">
     <span class='ocr_line' id='line_1_18' title="bbox 488 1808 2058 1878; baseline 0.002 -15"><span class='ocrx_word' id='word_1_117' title='bbox 488 1808 801 1878; x_wconf 77' lang='lat' dir='ltr'><strong>S&#39;epltantts</strong></span> <span class='ocrx_word' id='word_1_118' title='bbox 835 1820 1025 1867; x_wconf 78' lang='lat' dir='ltr'><strong>auctor</strong></span> <span class='ocrx_word' id='word_1_119' title='bbox 1048 1820 1158 1877; x_wconf 85' lang='lat' dir='ltr'><strong>est,</strong></span> <span class='ocrx_word' id='word_1_120' title='bbox 1190 1813 1282 1869; x_wconf 90' lang='lat' dir='ltr'><strong>ubi</strong></span> <span class='ocrx_word' id='word_1_121' title='bbox 1317 1812 1675 1867; x_wconf 85' lang='lat' dir='ltr'><strong>I-lolsteinittm</strong></span> <span class='ocrx_word' id='word_1_122' title='bbox 1706 1813 1848 1867; x_wconf 84' lang='lat' dir='ltr'><strong>vide.</strong></span> <span class='ocrx_word' id='word_1_123' title='bbox 1871 1810 2058 1868; x_wconf 82' lang='lat' dir='ltr'><strong>Ptole-</strong></span> 
     </span>
    </p>
   </div>
   <div class='ocr_carea' id='block_1_19' title="bbox 488 1891 2060 1966">
    <p class='ocr_par' dir='ltr' id='par_1_19' title="bbox 488 1891 2060 1966">
     <span class='ocr_line' id='line_1_19' title="bbox 488 1891 2060 1966; baseline 0.003 -24"><span class='ocrx_word' id='word_1_124' title='bbox 488 1907 624 1944; x_wconf 71' lang='grc' dir='ltr'>ωτιξο</span> <span class='ocrx_word' id='word_1_125' title='bbox 646 1891 769 1963; x_wconf 74' lang='grc' dir='ltr'><strong>ξερὰ</strong></span> <span class='ocrx_word' id='word_1_126' title='bbox 787 1892 995 1964; x_wconf 80' lang='grc' dir='ltr'>Γὲρμη,</span> <span class='ocrx_word' id='word_1_127' title='bbox 1020 1896 1162 1950; x_wconf 84' lang='lat' dir='ltr'><strong>unde</strong></span> <span class='ocrx_word' id='word_1_128' title='bbox 1187 1896 1302 1950; x_wconf 85' lang='lat' dir='ltr'><strong>solo</strong></span> <span class='ocrx_word' id='word_1_129' title='bbox 1340 1896 1561 1949; x_wconf 80' lang='grc' dir='ltr'><strong>ἾΕΡΑΣ</strong></span> <span class='ocrx_word' id='word_1_130' title='bbox 1581 1894 1741 1950; x_wconf 87' lang='lat' dir='ltr'><strong>titulo</strong></span> <span class='ocrx_word' id='word_1_131' title='bbox 1770 1894 1971 1966; x_wconf 83' lang='lat' dir='ltr'><strong>signari</strong></span> <span class='ocrx_word' id='word_1_132' title='bbox 2004 1892 2060 1948; x_wconf 91' lang='lat' dir='ltr'><strong>in</strong></span> 
     </span>
    </p>
   </div>
   <div class='ocr_carea' id='block_1_20' title="bbox 487 1974 2061 2050">
    <p class='ocr_par' dir='ltr' id='par_1_20' title="bbox 487 1974 2061 2050">
     <span class='ocr_line' id='line_1_20' title="bbox 487 1974 2061 2050; baseline 0 -21"><span class='ocrx_word' id='word_1_133' title='bbox 487 1976 710 2042; x_wconf 62' lang='lat' dir='ltr'><strong>egregio</strong></span> <span class='ocrx_word' id='word_1_134' title='bbox 743 1990 907 2031; x_wconf 78' lang='lat' dir='ltr'><strong>nume</strong></span> <span class='ocrx_word' id='word_1_135' title='bbox 934 1977 1051 2033; x_wconf 82' lang='lat' dir='ltr'><strong>Nic.</strong></span> <span class='ocrx_word' id='word_1_136' title='bbox 1084 1975 1348 2050; x_wconf 80' lang='lat' dir='ltr'><strong>Haymius</strong></span> <span class='ocrx_word' id='word_1_137' title='bbox 1377 1978 1526 2032; x_wconf 82' lang='lat' dir='ltr'><strong>Thes.</strong></span> <span class='ocrx_word' id='word_1_138' title='bbox 1568 1976 1780 2033; x_wconf 79' lang='lat' dir='ltr'><strong>Brilan.</strong></span> <span class='ocrx_word' id='word_1_139' title='bbox 1841 1989 1973 2032; x_wconf 88' lang='lat' dir='ltr'><strong>tom.</strong></span> <span class='ocrx_word' id='word_1_140' title='bbox 2017 1974 2061 2030; x_wconf 85' lang='grc' dir='ltr'><strong>ιι</strong></span> 
     </span>
    </p>
   </div>
   <div class='ocr_carea' id='block_1_21' title="bbox 490 2056 2060 2131">
    <p class='ocr_par' dir='ltr' id='par_1_21' title="bbox 490 2056 2060 2131">
     <span class='ocr_line' id='line_1_21' title="bbox 490 2056 2060 2131; baseline 0.003 -21"><span class='ocrx_word' id='word_1_141' title='bbox 490 2056 685 2123; x_wconf 66' lang='lat' dir='ltr'><strong>p.115</strong></span> <span class='ocrx_word' id='word_1_142' title='bbox 719 2059 1065 2128; x_wconf 77' lang='lat' dir='ltr'><strong>arbitratur;</strong></span> <span class='ocrx_word' id='word_1_143' title='bbox 1103 2076 1225 2131; x_wconf 76' lang='lat' dir='ltr'><strong>qua:</strong></span> <span class='ocrx_word' id='word_1_144' title='bbox 1264 2061 1395 2116; x_wconf 83' lang='lat' dir='ltr'><strong>mihi</strong></span> <span class='ocrx_word' id='word_1_145' title='bbox 1425 2062 1736 2131; x_wconf 72' lang='lat' dir='ltr'><strong>coniectura</strong></span> <span class='ocrx_word' id='word_1_146' title='bbox 1777 2061 1948 2116; x_wconf 87' lang='lat' dir='ltr'><strong>multo</strong></span> <span class='ocrx_word' id='word_1_147' title='bbox 1978 2060 2060 2114; x_wconf 84' lang='lat' dir='ltr'><strong>vi-</strong></span> 
     </span>
    </p>
   </div>
   <div class='ocr_carea' id='block_1_22' title="bbox 489 2142 2057 2203">
    <p class='ocr_par' dir='ltr' id='par_1_22' title="bbox 489 2142 2057 2203">
     <span class='ocr_line' id='line_1_22' title="bbox 489 2142 2057 2203; baseline 0.004 -9"><span class='ocrx_word' id='word_1_148' title='bbox 489 2144 649 2197; x_wconf 81' lang='lat' dir='ltr'><strong>detur</strong></span> <span class='ocrx_word' id='word_1_149' title='bbox 674 2142 1059 2201; x_wconf 83' lang='lat' dir='ltr'><strong>incertissima.</strong></span> <span class='ocrx_word' id='word_1_150' title='bbox 1084 2147 1245 2203; x_wconf 76' lang='lat' dir='ltr'><strong>Plura</strong></span> <span class='ocrx_word' id='word_1_151' title='bbox 1279 2148 1350 2202; x_wconf 82' lang='lat' dir='ltr'><strong>de</strong></span> <span class='ocrx_word' id='word_1_152' title='bbox 1378 2146 1509 2202; x_wconf 75' lang='lat' dir='ltr'><strong>urbe</strong></span> <span class='ocrx_word' id='word_1_153' title='bbox 1533 2147 1598 2201; x_wconf 83' lang='lat' dir='ltr'><strong>ad</strong></span> <span class='ocrx_word' id='word_1_154' title='bbox 1628 2145 1833 2203; x_wconf 66' lang='lat' dir='ltr'><strong>Anton.</strong></span> <span class='ocrx_word' id='word_1_155' title='bbox 1864 2145 2057 2201; x_wconf 70' lang='lat' dir='ltr'><strong>Itiner.</strong></span> 
     </span>
    </p>
   </div>
   <div class='ocr_carea' id='block_1_23' title="bbox 562 2307 2060 2386">
    <p class='ocr_par' dir='ltr' id='par_1_23' title="bbox 562 2307 2060 2386">
     <span class='ocr_line' id='line_1_23' title="bbox 562 2307 2060 2386; baseline 0.004 -24"><span class='ocrx_word' id='word_1_156' title='bbox 562 2307 696 2366; x_wconf 88' lang='lat' dir='ltr'><strong>Ibid.</strong></span> <span class='ocrx_word' id='word_1_157' title='bbox 723 2314 1005 2381; x_wconf 76' lang='grc' dir='ltr'><strong>Ἀπταος.</strong></span> <span class='ocrx_word' id='word_1_158' title='bbox 1030 2315 1180 2372; x_wconf 79' lang='lat' dir='ltr'><strong>Hanc</strong></span> <span class='ocrx_word' id='word_1_159' title='bbox 1201 2326 1251 2371; x_wconf 84' lang='lat' dir='ltr'><strong>et</strong></span> <span class='ocrx_word' id='word_1_160' title='bbox 1274 2324 1589 2386; x_wconf 86' lang='lat' dir='ltr'><strong>sequentem</strong></span> <span class='ocrx_word' id='word_1_161' title='bbox 1611 2313 1809 2369; x_wconf 77' lang='lat' dir='ltr'><strong>frustra</strong></span> <span class='ocrx_word' id='word_1_162' title='bbox 1835 2329 2022 2383; x_wconf 72' lang='lat' dir='ltr'><strong>qurero</strong></span> <span class='ocrx_word' id='word_1_163' title='bbox 2042 2331 2060 2368; x_wconf 89' lang='lat'><strong>:</strong></span> 
     </span>
    </p>
   </div>
   <div class='ocr_carea' id='block_1_24' title="bbox 490 2392 2059 2469">
    <p class='ocr_par' dir='ltr' id='par_1_24' title="bbox 490 2392 2059 2469">
     <span class='ocr_line' id='line_1_24' title="bbox 490 2392 2059 2469; baseline 0.006 -24"><span class='ocrx_word' id='word_1_164' title='bbox 490 2392 632 2449; x_wconf 69' lang='lat' dir='ltr'><strong>forte</strong></span> <span class='ocrx_word' id='word_1_165' title='bbox 658 2405 834 2451; x_wconf 80' lang='lat' dir='ltr'><strong>tamen</strong></span> <span class='ocrx_word' id='word_1_166' title='bbox 865 2398 915 2451; x_wconf 88' lang='lat' dir='ltr'><strong>in</strong></span> <span class='ocrx_word' id='word_1_167' title='bbox 946 2397 1136 2469; x_wconf 75' lang='grc' dir='ltr'><strong>Κέργη</strong></span> <span class='ocrx_word' id='word_1_168' title='bbox 1173 2397 1362 2453; x_wconf 78' lang='lat' dir='ltr'><strong>latebit</strong></span> <span class='ocrx_word' id='word_1_169' title='bbox 1389 2397 1628 2469; x_wconf 76' lang='grc' dir='ltr'><strong>Κέὃρην,</strong></span> <span class='ocrx_word' id='word_1_170' title='bbox 1654 2397 1786 2452; x_wconf 87' lang='lat' dir='ltr'><strong>urbs</strong></span> <span class='ocrx_word' id='word_1_171' title='bbox 1810 2396 2059 2464; x_wconf 81' lang='lat' dir='ltr'><strong>Troadis,</strong></span> 
     </span>
    </p>
   </div>
   <div class='ocr_carea' id='block_1_25' title="bbox 488 2478 2061 2553">
    <p class='ocr_par' dir='ltr' id='par_1_25' title="bbox 488 2478 2061 2553">
     <span class='ocr_line' id='line_1_25' title="bbox 488 2478 2061 2553; baseline 0.004 -24"><span class='ocrx_word' id='word_1_172' title='bbox 488 2479 648 2531; x_wconf 83' lang='lat' dir='ltr'><strong>sicuti</strong></span> <span class='ocrx_word' id='word_1_173' title='bbox 683 2478 901 2551; x_wconf 81' lang='lat' dir='ltr'><strong>Scylaci</strong></span> <span class='ocrx_word' id='word_1_174' title='bbox 936 2493 988 2536; x_wconf 88' lang='lat' dir='ltr'><strong>et</strong></span> <span class='ocrx_word' id='word_1_175' title='bbox 1022 2480 1445 2553; x_wconf 78' lang='lat' dir='ltr'><strong>Ilarpocrationi</strong></span> <span class='ocrx_word' id='word_1_176' title='bbox 1491 2497 1555 2536; x_wconf 83' lang='lat' dir='ltr'><strong>ex</strong></span> <span class='ocrx_word' id='word_1_177' title='bbox 1592 2481 1957 2537; x_wconf 82' lang='lat' dir='ltr'><strong>Demosthene</strong></span> <span class='ocrx_word' id='word_1_178' title='bbox 2006 2480 2061 2535; x_wconf 82' lang='lat' dir='ltr'><strong>in</strong></span> 
     </span>
    </p>
   </div>
   <div class='ocr_carea' id='block_1_26' title="bbox 488 2560 2061 2635">
    <p class='ocr_par' dir='ltr' id='par_1_26' title="bbox 488 2560 2061 2635">
     <span class='ocr_line' id='line_1_26' title="bbox 488 2560 2061 2635; baseline 0.005 -26"><span class='ocrx_word' id='word_1_179' title='bbox 488 2564 528 2610; x_wconf 79' lang='grc' dir='ltr'><strong><em>Λ</em></strong></span> <span class='ocrx_word' id='word_1_180' title='bbox 542 2560 881 2617; x_wconf 84' lang='lat' dir='ltr'><strong>ristoeratem</strong></span> <span class='ocrx_word' id='word_1_181' title='bbox 912 2578 970 2634; x_wconf 85' lang='lat' dir='ltr'><strong>p.</strong></span> <span class='ocrx_word' id='word_1_182' title='bbox 1003 2564 1110 2621; x_wconf 71' lang='lat'><strong>428</strong></span> <span class='ocrx_word' id='word_1_183' title='bbox 1144 2566 1365 2620; x_wconf 88' lang='lat' dir='ltr'><strong>dicitur.</strong></span> <span class='ocrx_word' id='word_1_184' title='bbox 1390 2564 1676 2635; x_wconf 73' lang='grc' dir='ltr'><strong>Κεϐρηνία</strong></span> <span class='ocrx_word' id='word_1_185' title='bbox 1702 2564 1842 2631; x_wconf 90' lang='lat' dir='ltr'><strong>aliis,</strong></span> <span class='ocrx_word' id='word_1_186' title='bbox 1870 2562 2061 2635; x_wconf 72' lang='grc' dir='ltr'><strong>Κέϐρη</strong></span> 
     </span>
    </p>
   </div>
   <div class='ocr_carea' id='block_1_27' title="bbox 491 2640 2066 2718">
    <p class='ocr_par' dir='ltr' id='par_1_27' title="bbox 491 2640 2066 2718">
     <span class='ocr_line' id='line_1_27' title="bbox 491 2640 2066 2718; baseline 0.004 -26"><span class='ocrx_word' id='word_1_187' title='bbox 491 2640 772 2713; x_wconf 72' lang='lat' dir='ltr'><strong>Sibyllinis</strong></span> <span class='ocrx_word' id='word_1_188' title='bbox 798 2648 1038 2702; x_wconf 84' lang='lat' dir='ltr'><strong>oraculis</strong></span> <span class='ocrx_word' id='word_1_189' title='bbox 1072 2647 1109 2702; x_wconf 92' lang='lat' dir='ltr'><strong>l.</strong></span> <span class='ocrx_word' id='word_1_190' title='bbox 1142 2660 1201 2701; x_wconf 72' lang='lat' dir='ltr'><strong>tu</strong></span> <span class='ocrx_word' id='word_1_191' title='bbox 1253 2663 1308 2717; x_wconf 86' lang='lat' dir='ltr'><strong>p.</strong></span> <span class='ocrx_word' id='word_1_192' title='bbox 1352 2647 1480 2711; x_wconf 72' lang='grc'><strong>243,</strong></span> <span class='ocrx_word' id='word_1_193' title='bbox 1528 2647 1977 2718; x_wconf 74' lang='lat' dir='ltr'><strong>quemadmodum</strong></span> <span class='ocrx_word' id='word_1_194' title='bbox 2007 2656 2066 2701; x_wconf 86' lang='lat' dir='ltr'><strong>et</strong></span> 
     </span>
    </p>
   </div>
   <div class='ocr_carea' id='block_1_28' title="bbox 490 2724 1550 2801">
    <p class='ocr_par' dir='ltr' id='par_1_28' title="bbox 490 2724 1550 2801">
     <span class='ocr_line' id='line_1_28' title="bbox 490 2724 1550 2801; baseline 0.008 -24"><span class='ocrx_word' id='word_1_195' title='bbox 490 2724 825 2782; x_wconf 75' lang='lat' dir='ltr'><strong>Iltrlsteinius</strong></span> <span class='ocrx_word' id='word_1_196' title='bbox 854 2729 906 2784; x_wconf 91' lang='lat' dir='ltr'><strong>in</strong></span> <span class='ocrx_word' id='word_1_197' title='bbox 945 2729 1282 2801; x_wconf 77' lang='lat' dir='ltr'><strong>Stephanum</strong></span> <span class='ocrx_word' id='word_1_198' title='bbox 1316 2732 1550 2786; x_wconf 85' lang='lat' dir='ltr'><strong>monuit.</strong></span> 
     </span>
    </p>
   </div>
   <div class='ocr_carea' id='block_1_29' title="bbox 561 2808 2068 2885">
    <p class='ocr_par' dir='ltr' id='par_1_29' title="bbox 561 2808 2068 2885">
     <span class='ocr_line' id='line_1_29' title="bbox 561 2808 2068 2885; baseline 0.004 -23"><span class='ocrx_word' id='word_1_199' title='bbox 561 2808 694 2865; x_wconf 89' lang='lat' dir='ltr'><strong>Ibid.</strong></span> <span class='ocrx_word' id='word_1_200' title='bbox 736 2810 994 2882; x_wconf 73' lang='grc' dir='ltr'><strong>Σάγαρα.</strong></span> <span class='ocrx_word' id='word_1_201' title='bbox 1046 2813 1157 2870; x_wconf 81' lang='lat' dir='ltr'><strong>Nec</strong></span> <span class='ocrx_word' id='word_1_202' title='bbox 1215 2815 1357 2870; x_wconf 87' lang='lat' dir='ltr'><strong>hane</strong></span> <span class='ocrx_word' id='word_1_203' title='bbox 1423 2814 1671 2884; x_wconf 70' lang='lat' dir='ltr'><strong>expedio.</strong></span> <span class='ocrx_word' id='word_1_204' title='bbox 1736 2810 2068 2885; x_wconf 78' lang='lat' dir='ltr'><strong>Sangarum,</strong></span> 
     </span>
    </p>
   </div>
   <div class='ocr_carea' id='block_1_30' title="bbox 487 2888 2069 2968">
    <p class='ocr_par' dir='ltr' id='par_1_30' title="bbox 487 2888 2069 2968">
     <span class='ocr_line' id='line_1_30' title="bbox 487 2888 2069 2968; baseline 0.004 -24"><span class='ocrx_word' id='word_1_205' title='bbox 487 2888 760 2964; x_wconf 65' lang='lat' dir='ltr'><strong>Bithyniae</strong></span> <span class='ocrx_word' id='word_1_206' title='bbox 790 2897 966 2951; x_wconf 82' lang='lat' dir='ltr'><strong>vicum</strong></span> <span class='ocrx_word' id='word_1_207' title='bbox 1002 2899 1357 2961; x_wconf 88' lang='lat' dir='ltr'><strong>maritimum,</strong></span> <span class='ocrx_word' id='word_1_208' title='bbox 1389 2913 1495 2952; x_wconf 89' lang='lat' dir='ltr'><strong>non</strong></span> <span class='ocrx_word' id='word_1_209' title='bbox 1541 2904 1701 2968; x_wconf 78' lang='lat' dir='ltr'><strong>longe</strong></span> <span class='ocrx_word' id='word_1_210' title='bbox 1733 2898 1801 2952; x_wconf 89' lang='lat' dir='ltr'><strong>ab</strong></span> <span class='ocrx_word' id='word_1_211' title='bbox 1831 2897 2069 2953; x_wconf 76' lang='lat' dir='ltr'><strong>Heleno-</strong></span> 
     </span>
    </p>
   </div>
   <div class='ocr_carea' id='block_1_31' title="bbox 489 2975 2066 3051">
    <p class='ocr_par' dir='ltr' id='par_1_31' title="bbox 489 2975 2066 3051">
     <span class='ocr_line' id='line_1_31' title="bbox 489 2975 2066 3051; baseline 0.008 -26"><span class='ocrx_word' id='word_1_212' title='bbox 489 2977 597 3042; x_wconf 81' lang='lat' dir='ltr'><strong>poli</strong></span> <span class='ocrx_word' id='word_1_213' title='bbox 625 2975 960 3034; x_wconf 82' lang='lat' dir='ltr'><strong>Sozomenus</strong></span> <span class='ocrx_word' id='word_1_214' title='bbox 987 2980 1061 3034; x_wconf 78' lang='grc'><strong>11.</strong></span> <span class='ocrx_word' id='word_1_215' title='bbox 1082 2980 1155 3037; x_wconf 88' lang='grc' dir='ltr'><strong>Ε.</strong></span> <span class='ocrx_word' id='word_1_216' title='bbox 1179 2997 1274 3049; x_wconf 72' lang='grc' dir='ltr'><strong>νη,</strong></span> <span class='ocrx_word' id='word_1_217' title='bbox 1309 2981 1377 3037; x_wconf 84' lang='lat' dir='ltr'><strong>l8</strong></span> <span class='ocrx_word' id='word_1_218' title='bbox 1406 2980 1573 3036; x_wconf 77' lang='lat' dir='ltr'><strong>fuisse</strong></span> <span class='ocrx_word' id='word_1_219' title='bbox 1602 2981 1791 3046; x_wconf 78' lang='lat' dir='ltr'><strong>refert,</strong></span> <span class='ocrx_word' id='word_1_220' title='bbox 1814 2983 1918 3036; x_wconf 89' lang='lat' dir='ltr'><strong>situ</strong></span> <span class='ocrx_word' id='word_1_221' title='bbox 1947 2984 2066 3051; x_wconf 86' lang='lat' dir='ltr'><strong>ipso</strong></span> 
     </span>
    </p>
   </div>
   <div class='ocr_carea' id='block_1_32' title="bbox 494 3062 2067 3139">
    <p class='ocr_par' dir='ltr' id='par_1_32' title="bbox 494 3062 2067 3139">
     <span class='ocr_line' id='line_1_32' title="bbox 494 3062 2067 3139; baseline 0.007 -26"><span class='ocrx_word' id='word_1_222' title='bbox 494 3062 726 3116; x_wconf 86' lang='lat' dir='ltr'><strong>multum</strong></span> <span class='ocrx_word' id='word_1_223' title='bbox 792 3064 919 3119; x_wconf 78' lang='lat' dir='ltr'><strong>hinc</strong></span> <span class='ocrx_word' id='word_1_224' title='bbox 988 3066 1409 3134; x_wconf 83' lang='lat' dir='ltr'><strong>discrepantem.</strong></span> <span class='ocrx_word' id='word_1_225' title='bbox 1461 3066 1730 3139; x_wconf 81' lang='grc' dir='ltr'><strong>Σαγάρων</strong></span> <span class='ocrx_word' id='word_1_226' title='bbox 1778 3067 2067 3137; x_wconf 69' lang='grc' dir='ltr'><strong>ρρῑεςονυε</strong></span> 
     </span>
    </p>
   </div>
   <div class='ocr_carea' id='block_1_33' title="bbox 488 3146 2063 3222">
    <p class='ocr_par' dir='ltr' id='par_1_33' title="bbox 488 3146 2063 3222">
     <span class='ocr_line' id='line_1_33' title="bbox 488 3146 2063 3222; baseline 0.003 -24"><span class='ocrx_word' id='word_1_227' title='bbox 488 3147 741 3200; x_wconf 72' lang='lat' dir='ltr'><strong>Andreas</strong></span> <span class='ocrx_word' id='word_1_228' title='bbox 768 3155 853 3202; x_wconf 86' lang='lat' dir='ltr'><strong>est</strong></span> <span class='ocrx_word' id='word_1_229' title='bbox 887 3148 939 3201; x_wconf 91' lang='lat' dir='ltr'><strong>in</strong></span> <span class='ocrx_word' id='word_1_230' title='bbox 974 3146 1301 3203; x_wconf 69' lang='lat' dir='ltr'><strong>Chalcedon.</strong></span> <span class='ocrx_word' id='word_1_231' title='bbox 1334 3166 1385 3218; x_wconf 89' lang='lat' dir='ltr'><strong>p.</strong></span> <span class='ocrx_word' id='word_1_232' title='bbox 1420 3147 1547 3214; x_wconf 64' lang='lat'><strong>575,</strong></span> <span class='ocrx_word' id='word_1_233' title='bbox 1582 3151 1676 3205; x_wconf 90' lang='lat' dir='ltr'><strong>sed</strong></span> <span class='ocrx_word' id='word_1_234' title='bbox 1716 3148 1900 3222; x_wconf 80' lang='lat' dir='ltr'><strong>Lydiae</strong></span> <span class='ocrx_word' id='word_1_235' title='bbox 1930 3165 2063 3206; x_wconf 88' lang='lat' dir='ltr'><strong>con-</strong></span> 
     </span>
    </p>
   </div>
   <div class='ocr_carea' id='block_1_34' title="bbox 492 3226 2067 3303">
    <p class='ocr_par' dir='ltr' id='par_1_34' title="bbox 492 3226 2067 3303">
     <span class='ocr_line' id='line_1_34' title="bbox 492 3226 2067 3303; baseline 0.004 -22"><span class='ocrx_word' id='word_1_236' title='bbox 492 3226 732 3283; x_wconf 83' lang='lat' dir='ltr'><strong>tributus</strong></span> <span class='ocrx_word' id='word_1_237' title='bbox 758 3240 811 3284; x_wconf 88' lang='lat' dir='ltr'><strong>et</strong></span> <span class='ocrx_word' id='word_1_238' title='bbox 858 3230 1115 3285; x_wconf 79' lang='grc' dir='ltr'>Σατάλων</span> <span class='ocrx_word' id='word_1_239' title='bbox 1154 3247 1212 3302; x_wconf 88' lang='lat' dir='ltr'><strong>p.</strong></span> <span class='ocrx_word' id='word_1_240' title='bbox 1249 3231 1355 3287; x_wconf 82' lang='lat'><strong>599</strong></span> <span class='ocrx_word' id='word_1_241' title='bbox 1385 3234 1567 3287; x_wconf 83' lang='lat' dir='ltr'><strong>verius</strong></span> <span class='ocrx_word' id='word_1_242' title='bbox 1594 3234 1893 3303; x_wconf 85' lang='lat' dir='ltr'><strong>appellatus</strong></span> <span class='ocrx_word' id='word_1_243' title='bbox 1925 3250 1940 3288; x_wconf 90' lang='lat'><strong>:</strong></span> <span class='ocrx_word' id='word_1_244' title='bbox 1983 3234 2067 3288; x_wconf 87' lang='lat' dir='ltr'><strong>ni-</strong></span> 
     </span>
    </p>
   </div>
   <div class='ocr_carea' id='block_1_35' title="bbox 488 3308 2066 3386">
    <p class='ocr_par' dir='ltr' id='par_1_35' title="bbox 488 3308 2066 3386">
     <span class='ocr_line' id='line_1_35' title="bbox 488 3308 2066 3386; baseline 0.004 -19"><span class='ocrx_word' id='word_1_245' title='bbox 488 3308 569 3368; x_wconf 72' lang='grc' dir='ltr'>ιτει</span> <span class='ocrx_word' id='word_1_246' title='bbox 602 3328 732 3386; x_wconf 80' lang='lat' dir='ltr'><strong>ergo</strong></span> <span class='ocrx_word' id='word_1_247' title='bbox 765 3324 820 3369; x_wconf 90' lang='lat' dir='ltr'><strong>et</strong></span> <span class='ocrx_word' id='word_1_248' title='bbox 848 3316 933 3372; x_wconf 85' lang='lat' dir='ltr'><strong>bis</strong></span> <span class='ocrx_word' id='word_1_249' title='bbox 958 3318 1145 3372; x_wconf 82' lang='lat' dir='ltr'><strong>auxilii</strong></span> <span class='ocrx_word' id='word_1_250' title='bbox 1176 3316 1341 3374; x_wconf 77' lang='lat' dir='ltr'><strong>feret.</strong></span> <span class='ocrx_word' id='word_1_251' title='bbox 1369 3317 1559 3374; x_wconf 82' lang='lat' dir='ltr'><strong>Restat</strong></span> <span class='ocrx_word' id='word_1_252' title='bbox 1591 3318 1914 3375; x_wconf 82' lang='lat' dir='ltr'><strong>Cleodemus</strong></span> <span class='ocrx_word' id='word_1_253' title='bbox 1948 3319 2066 3375; x_wconf 84' lang='lat' dir='ltr'><strong>Fla-</strong></span> 
     </span>
    </p>
   </div>
   <div class='ocr_carea' id='block_1_36' title="bbox 489 3393 2061 3475">
    <p class='ocr_par' dir='ltr' id='par_1_36' title="bbox 489 3393 2061 3475">
     <span class='ocr_line' id='line_1_36' title="bbox 489 3393 2061 3475; baseline 0.008 -28"><span class='ocrx_word' id='word_1_254' title='bbox 489 3396 685 3452; x_wconf 79' lang='lat' dir='ltr'><strong>vianus</strong></span> <span class='ocrx_word' id='word_1_255' title='bbox 717 3397 1071 3471; x_wconf 75' lang='grc' dir='ltr'><strong>Σαγαραίτης</strong></span> <span class='ocrx_word' id='word_1_256' title='bbox 1121 3415 1187 3455; x_wconf 83' lang='lat' dir='ltr'><strong>ex</strong></span> <span class='ocrx_word' id='word_1_257' title='bbox 1234 3401 1560 3457; x_wconf 77' lang='lat' dir='ltr'><strong>Ileinesiana</strong></span> <span class='ocrx_word' id='word_1_258' title='bbox 1599 3403 1670 3459; x_wconf 85' lang='lat' dir='ltr'><strong>cl.</strong></span> <span class='ocrx_word' id='word_1_259' title='bbox 1702 3419 1744 3471; x_wconf 88' lang='lat' dir='ltr'><strong>t,</strong></span> <span class='ocrx_word' id='word_1_260' title='bbox 1775 3402 1864 3472; x_wconf 64' lang='lat'><strong>79,</strong></span> <span class='ocrx_word' id='word_1_261' title='bbox 1901 3393 2061 3475; x_wconf 78' lang='lat' dir='ltr'><strong>quem</strong></span> 
     </span>
    </p>
   </div>
   <div class='ocr_carea' id='block_1_37' title="bbox 489 3476 1613 3556">
    <p class='ocr_par' dir='ltr' id='par_1_37' title="bbox 489 3476 1613 3556">
     <span class='ocr_line' id='line_1_37' title="bbox 489 3476 1613 3556; baseline 0.009 -23"><span class='ocrx_word' id='word_1_262' title='bbox 489 3476 620 3535; x_wconf 75' lang='lat' dir='ltr'><strong>hinc</strong></span> <span class='ocrx_word' id='word_1_263' title='bbox 649 3482 815 3537; x_wconf 79' lang='lat' dir='ltr'><strong>fuisse</strong></span> <span class='ocrx_word' id='word_1_264' title='bbox 842 3499 948 3539; x_wconf 90' lang='lat' dir='ltr'><strong>non</strong></span> <span class='ocrx_word' id='word_1_265' title='bbox 989 3483 1189 3553; x_wconf 71' lang='lat' dir='ltr'><strong>iniusta</strong></span> <span class='ocrx_word' id='word_1_266' title='bbox 1238 3487 1480 3556; x_wconf 81' lang='lat' dir='ltr'><strong>suSpicio</strong></span> <span class='ocrx_word' id='word_1_267' title='bbox 1509 3499 1613 3543; x_wconf 84' lang='lat' dir='ltr'><strong>cst.</strong></span> 
     </span>
    </p>
   </div>
   <div class='ocr_carea' id='block_1_38' title="bbox 560 3565 2062 3643">
    <p class='ocr_par' dir='ltr' id='par_1_38' title="bbox 560 3565 2062 3643">
     <span class='ocr_line' id='line_1_38' title="bbox 560 3565 2062 3643; baseline 0.005 -24"><span class='ocrx_word' id='word_1_268' title='bbox 560 3565 696 3620; x_wconf 88' lang='lat' dir='ltr'><strong>Ibid.</strong></span> <span class='ocrx_word' id='word_1_269' title='bbox 747 3567 1052 3636; x_wconf 77' lang='grc' dir='ltr'><strong>Ἀδριανοῦ</strong></span> <span class='ocrx_word' id='word_1_270' title='bbox 1108 3567 1302 3638; x_wconf 82' lang='grc' dir='ltr'><strong>θῆραι.</strong></span> <span class='ocrx_word' id='word_1_271' title='bbox 1341 3570 1433 3626; x_wconf 89' lang='lat' dir='ltr'><strong>Sic</strong></span> <span class='ocrx_word' id='word_1_272' title='bbox 1472 3575 1709 3641; x_wconf 80' lang='lat' dir='ltr'><strong>oportuit</strong></span> <span class='ocrx_word' id='word_1_273' title='bbox 1751 3591 1766 3629; x_wconf 88' lang='lat'><strong>:</strong></span> <span class='ocrx_word' id='word_1_274' title='bbox 1809 3573 2062 3643; x_wconf 77' lang='lat' dir='ltr'><strong>oppidum</strong></span> 
     </span>
    </p>
   </div>
   <div class='ocr_carea' id='block_1_39' title="bbox 488 3646 2066 3726">
    <p class='ocr_par' dir='ltr' id='par_1_39' title="bbox 488 3646 2066 3726">
     <span class='ocr_line' id='line_1_39' title="bbox 488 3646 2066 3726; baseline 0.006 -22"><span class='ocrx_word' id='word_1_275' title='bbox 488 3650 633 3704; x_wconf 88' lang='lat' dir='ltr'><strong>enim</strong></span> <span class='ocrx_word' id='word_1_276' title='bbox 665 3646 972 3709; x_wconf 75' lang='lat' dir='ltr'><strong>Hadrianus</strong></span> <span class='ocrx_word' id='word_1_277' title='bbox 1012 3657 1066 3709; x_wconf 89' lang='lat' dir='ltr'><strong>in</strong></span> <span class='ocrx_word' id='word_1_278' title='bbox 1115 3654 1285 3726; x_wconf 84' lang='lat' dir='ltr'><strong>Mysia</strong></span> <span class='ocrx_word' id='word_1_279' title='bbox 1318 3654 1786 3713; x_wconf 78' lang='lat' dir='ltr'><strong>lI-adrianotheras</strong></span> <span class='ocrx_word' id='word_1_280' title='bbox 1822 3656 1890 3711; x_wconf 83' lang='grc' dir='ltr'><strong>Μ.</strong></span> <span class='ocrx_word' id='word_1_281' title='bbox 1940 3656 1999 3711; x_wconf 85' lang='grc' dir='ltr'><strong>Ρ.</strong></span> <span class='ocrx_word' id='word_1_282' title='bbox 2028 3657 2066 3713; x_wconf 82' lang='grc'><strong>8</strong></span> 
     </span>
    </p>
   </div>
   <div class='ocr_carea' id='block_1_40' title="bbox 489 3731 2062 3810">
    <p class='ocr_par' dir='ltr' id='par_1_40' title="bbox 489 3731 2062 3810">
     <span class='ocr_line' id='line_1_40' title="bbox 489 3731 2062 3810; baseline 0.006 -24"><span class='ocrx_word' id='word_1_283' title='bbox 489 3751 518 3787; x_wconf 87' lang='lat' dir='ltr'><strong>a</strong></span> <span class='ocrx_word' id='word_1_284' title='bbox 549 3731 835 3807; x_wconf 79' lang='lat' dir='ltr'><strong>Pergamo,</strong></span> <span class='ocrx_word' id='word_1_285' title='bbox 872 3738 977 3793; x_wconf 89' lang='lat' dir='ltr'><strong>nisi</strong></span> <span class='ocrx_word' id='word_1_286' title='bbox 1014 3737 1220 3793; x_wconf 81' lang='lat' dir='ltr'><strong>Tabula</strong></span> <span class='ocrx_word' id='word_1_287' title='bbox 1277 3737 1438 3806; x_wconf 79' lang='lat' dir='ltr'><strong>lall‘it,</strong></span> <span class='ocrx_word' id='word_1_288' title='bbox 1490 3740 1632 3810; x_wconf 86' lang='lat' dir='ltr'><strong>quod</strong></span> <span class='ocrx_word' id='word_1_289' title='bbox 1689 3740 1798 3795; x_wconf 89' lang='lat' dir='ltr'><strong>illic</strong></span> <span class='ocrx_word' id='word_1_290' title='bbox 1850 3750 1904 3795; x_wconf 88' lang='lat' dir='ltr'><strong>et</strong></span> <span class='ocrx_word' id='word_1_291' title='bbox 1942 3739 2062 3796; x_wconf 76' lang='lat' dir='ltr'><strong>feli-</strong></span> 
     </span>
    </p>
   </div>
   <div class='ocr_carea' id='block_1_41' title="bbox 487 3817 2060 3889">
    <p class='ocr_par' dir='ltr' id='par_1_41' title="bbox 487 3817 2060 3889">
     <span class='ocr_line' id='line_1_41' title="bbox 487 3817 2060 3889; baseline 0.004 -18"><span class='ocrx_word' id='word_1_292' title='bbox 487 3817 628 3872; x_wconf 86' lang='lat' dir='ltr'><strong>citer</strong></span> <span class='ocrx_word' id='word_1_293' title='bbox 654 3830 798 3875; x_wconf 86' lang='lat' dir='ltr'><strong>esset</strong></span> <span class='ocrx_word' id='word_1_294' title='bbox 825 3831 1053 3876; x_wconf 86' lang='lat' dir='ltr'><strong>venatus</strong></span> <span class='ocrx_word' id='word_1_295' title='bbox 1082 3830 1136 3876; x_wconf 92' lang='lat' dir='ltr'><strong>et</strong></span> <span class='ocrx_word' id='word_1_296' title='bbox 1170 3837 1352 3879; x_wconf 84' lang='lat' dir='ltr'><strong>ursam</strong></span> <span class='ocrx_word' id='word_1_297' title='bbox 1395 3823 1706 3889; x_wconf 87' lang='lat' dir='ltr'><strong>occidisset,</strong></span> <span class='ocrx_word' id='word_1_298' title='bbox 1756 3823 2060 3888; x_wconf 89' lang='lat' dir='ltr'><strong>constituit,</strong></span> 
     </span>
    </p>
   </div>
   <div class='ocr_carea' id='block_1_42' title="bbox 489 3900 2064 3969">
    <p class='ocr_par' dir='ltr' id='par_1_42' title="bbox 489 3900 2064 3969">
     <span class='ocr_line' id='line_1_42' title="bbox 489 3900 2064 3969; baseline 0.004 -16"><span class='ocrx_word' id='word_1_299' title='bbox 489 3908 549 3953; x_wconf 91' lang='lat' dir='ltr'><strong>ut</strong></span> <span class='ocrx_word' id='word_1_300' title='bbox 586 3900 911 3969; x_wconf 84' lang='lat' dir='ltr'><strong>Spartianus</strong></span> <span class='ocrx_word' id='word_1_301' title='bbox 938 3903 990 3958; x_wconf 89' lang='lat' dir='ltr'><strong>in</strong></span> <span class='ocrx_word' id='word_1_302' title='bbox 1023 3902 1300 3959; x_wconf 82' lang='lat' dir='ltr'><strong>Hadriano</strong></span> <span class='ocrx_word' id='word_1_303' title='bbox 1326 3919 1375 3960; x_wconf 89' lang='lat' dir='ltr'><strong>c.</strong></span> <span class='ocrx_word' id='word_1_304' title='bbox 1407 3904 1479 3960; x_wconf 78' lang='lat'><strong>20</strong></span> <span class='ocrx_word' id='word_1_305' title='bbox 1509 3914 1563 3961; x_wconf 92' lang='lat' dir='ltr'><strong>et</strong></span> <span class='ocrx_word' id='word_1_306' title='bbox 1592 3905 1688 3961; x_wconf 76' lang='lat' dir='ltr'><strong>Ilio</strong></span> <span class='ocrx_word' id='word_1_307' title='bbox 1718 3906 1930 3962; x_wconf 84' lang='lat' dir='ltr'><strong>docent.</strong></span> <span class='ocrx_word' id='word_1_308' title='bbox 1955 3902 2064 3960; x_wconf 89' lang='lat' dir='ltr'><strong>&#39;I&#39;er</strong></span> 
     </span>
    </p>
   </div>
   <div class='ocr_carea' id='block_1_43' title="bbox 490 3985 2062 4057">
    <p class='ocr_par' dir='ltr' id='par_1_43' title="bbox 490 3985 2062 4057">
     <span class='ocr_line' id='line_1_43' title="bbox 490 3985 2062 4057; baseline 0.006 -23"><span class='ocrx_word' id='word_1_309' title='bbox 490 3985 673 4051; x_wconf 88' lang='lat' dir='ltr'><strong>oppidi</strong></span> <span class='ocrx_word' id='word_1_310' title='bbox 742 3986 991 4041; x_wconf 88' lang='lat' dir='ltr'><strong>meminit</strong></span> <span class='ocrx_word' id='word_1_311' title='bbox 1046 3988 1314 4044; x_wconf 75' lang='lat' dir='ltr'><strong>Aristides</strong></span> <span class='ocrx_word' id='word_1_312' title='bbox 1366 3997 1496 4043; x_wconf 90' lang='lat' dir='ltr'><strong>tom.</strong></span> <span class='ocrx_word' id='word_1_313' title='bbox 1546 3986 1651 4057; x_wconf 76' lang='grc' dir='ltr'>ιιι.</span> <span class='ocrx_word' id='word_1_314' title='bbox 1707 3988 1832 4056; x_wconf 80' lang='grc'><strong>500,</strong></span> <span class='ocrx_word' id='word_1_315' title='bbox 1893 3989 2062 4046; x_wconf 86' lang='lat' dir='ltr'><strong>semel</strong></span> 
     </span>
    </p>
   </div>
   <div class='ocr_carea' id='block_1_44' title="bbox 499 4064 2061 4142">
    <p class='ocr_par' dir='ltr' id='par_1_44' title="bbox 499 4064 2061 4142">
     <span class='ocr_line' id='line_1_44' title="bbox 499 4064 2061 4142; baseline 0.008 -26"><span class='ocrx_word' id='word_1_316' title='bbox 499 4064 785 4134; x_wconf 78' lang='grc' dir='ltr'><strong>Ἀδριανοῦ</strong></span> <span class='ocrx_word' id='word_1_317' title='bbox 830 4068 1031 4138; x_wconf 80' lang='grc' dir='ltr'><strong>Θήραν,</strong></span> <span class='ocrx_word' id='word_1_318' title='bbox 1078 4069 1430 4126; x_wconf 82' lang='lat' dir='ltr'><strong>librariorum</strong></span> <span class='ocrx_word' id='word_1_319' title='bbox 1485 4070 1773 4128; x_wconf 78' lang='lat' dir='ltr'><strong>manifesto</strong></span> <span class='ocrx_word' id='word_1_320' title='bbox 1818 4084 2061 4142; x_wconf 86' lang='lat' dir='ltr'><strong>peccato,</strong></span> 
     </span>
    </p>
   </div>
   <div class='ocr_carea' id='block_1_45' title="bbox 488 4147 2065 4227">
    <p class='ocr_par' dir='ltr' id='par_1_45' title="bbox 488 4147 2065 4227">
     <span class='ocr_line' id='line_1_45' title="bbox 488 4147 2065 4227; baseline 0.01 -29"><span class='ocrx_word' id='word_1_321' title='bbox 488 4147 791 4217; x_wconf 83' lang='lat' dir='ltr'><strong>appellans.</strong></span> <span class='ocrx_word' id='word_1_322' title='bbox 835 4149 1280 4223; x_wconf 73' lang='grc' dir='ltr'><strong>Ἀδρανουθύρων</strong></span> <span class='ocrx_word' id='word_1_323' title='bbox 1309 4155 1597 4224; x_wconf 88' lang='lat' dir='ltr'><strong>episc0pus</strong></span> <span class='ocrx_word' id='word_1_324' title='bbox 1639 4163 1723 4211; x_wconf 89' lang='lat' dir='ltr'><strong>est</strong></span> <span class='ocrx_word' id='word_1_325' title='bbox 1758 4156 2065 4227; x_wconf 69' lang='lat' dir='ltr'><strong>in-Nicasuo</strong></span> 
     </span>
    </p>
   </div>
   <div class='ocr_carea' id='block_1_46' title="bbox 487 4231 2064 4312">
    <p class='ocr_par' dir='ltr' id='par_1_46' title="bbox 487 4231 2064 4312">
     <span class='ocr_line' id='line_1_46' title="bbox 487 4231 2064 4312; baseline 0.01 -29"><span class='ocrx_word' id='word_1_326' title='bbox 487 4231 728 4286; x_wconf 84' lang='lat' dir='ltr'><strong>secundo</strong></span> <span class='ocrx_word' id='word_1_327' title='bbox 768 4246 820 4301; x_wconf 88' lang='lat' dir='ltr'><strong>p.</strong></span> <span class='ocrx_word' id='word_1_328' title='bbox 852 4231 985 4299; x_wconf 70' lang='lat'><strong>552,</strong></span> <span class='ocrx_word' id='word_1_329' title='bbox 1012 4233 1104 4302; x_wconf 85' lang='lat' dir='ltr'><strong>qui</strong></span> <span class='ocrx_word' id='word_1_330' title='bbox 1153 4251 1209 4306; x_wconf 88' lang='lat' dir='ltr'><strong>p.</strong></span> <span class='ocrx_word' id='word_1_331' title='bbox 1249 4236 1356 4292; x_wconf 69' lang='lat'><strong>592</strong></span> <span class='ocrx_word' id='word_1_332' title='bbox 1406 4236 1851 4312; x_wconf 76' lang='grc' dir='ltr'><strong>Ἀδρανῡυθήρων</strong></span> <span class='ocrx_word' id='word_1_333' title='bbox 1903 4241 2064 4312; x_wconf 78' lang='lat' dir='ltr'><strong>paulo</strong></span> 
     </span>
    </p>
   </div>
   <div class='ocr_carea' id='block_1_47' title="bbox 491 4314 2064 4395">
    <p class='ocr_par' dir='ltr' id='par_1_47' title="bbox 491 4314 2064 4395">
     <span class='ocr_line' id='line_1_47' title="bbox 491 4314 2064 4395; baseline 0.01 -29"><span class='ocrx_word' id='word_1_334' title='bbox 491 4314 693 4369; x_wconf 89' lang='lat' dir='ltr'><strong>rectius</strong></span> <span class='ocrx_word' id='word_1_335' title='bbox 743 4316 960 4372; x_wconf 86' lang='lat' dir='ltr'><strong>dicitur.</strong></span> <span class='ocrx_word' id='word_1_336' title='bbox 1015 4317 1175 4376; x_wconf 80' lang='lat' dir='ltr'><strong>Cives</strong></span> <span class='ocrx_word' id='word_1_337' title='bbox 1228 4320 1728 4395; x_wconf 80' lang='grc' dir='ltr'><strong>Ἀδριανοθηρεῖται</strong></span> <span class='ocrx_word' id='word_1_338' title='bbox 1778 4327 1831 4380; x_wconf 91' lang='lat' dir='ltr'><strong>in</strong></span> <span class='ocrx_word' id='word_1_339' title='bbox 1886 4326 2064 4382; x_wconf 89' lang='lat' dir='ltr'><strong>nttmis</strong></span> 
     </span>
    </p>
   </div>
   <div class='ocr_carea' id='block_1_48' title="bbox 487 4396 2058 4464">
    <p class='ocr_par' dir='ltr' id='par_1_48' title="bbox 487 4396 2058 4464">
     <span class='ocr_line' id='line_1_48' title="bbox 487 4396 2058 4464; baseline 0.01 -17"><span class='ocrx_word' id='word_1_340' title='bbox 487 4398 630 4464; x_wconf 83' lang='lat' dir='ltr'><strong>apud</strong></span> <span class='ocrx_word' id='word_1_341' title='bbox 683 4396 1016 4454; x_wconf 78' lang='lat' dir='ltr'><strong>Ilarduinuut</strong></span> <span class='ocrx_word' id='word_1_342' title='bbox 1065 4412 1123 4457; x_wconf 89' lang='lat' dir='ltr'><strong>ct</strong></span> <span class='ocrx_word' id='word_1_343' title='bbox 1173 4399 1523 4459; x_wconf 82' lang='lat' dir='ltr'><strong>Vaillantinm</strong></span> <span class='ocrx_word' id='word_1_344' title='bbox 1576 4407 1782 4463; x_wconf 88' lang='lat' dir='ltr'><strong>insunt.</strong></span> <span class='ocrx_word' id='word_1_345' title='bbox 1828 4408 1952 4463; x_wconf 75' lang='lat' dir='ltr'><strong>vide</strong></span> <span class='ocrx_word' id='word_1_346' title='bbox 1974 4406 2058 4463; x_wconf 73' lang='lat' dir='ltr'><strong>Io.</strong></span> 
     </span>
    </p>
   </div>
   <div class='ocr_carea' id='block_1_49' title="bbox 483 4478 2063 4560">
    <p class='ocr_par' dir='ltr' id='par_1_49' title="bbox 483 4478 2063 4560">
     <span class='ocr_line' id='line_1_49' title="bbox 483 4478 2063 4560; baseline 0.011 -32"><span class='ocrx_word' id='word_1_347' title='bbox 483 4478 796 4535; x_wconf 70' lang='lat' dir='ltr'><strong>lllassonum</strong></span> <span class='ocrx_word' id='word_1_348' title='bbox 830 4482 967 4537; x_wconf 79' lang='lat' dir='ltr'><strong>Vita:</strong></span> <span class='ocrx_word' id='word_1_349' title='bbox 995 4483 1250 4540; x_wconf 87' lang='lat' dir='ltr'><strong>Aristidis</strong></span> <span class='ocrx_word' id='word_1_350' title='bbox 1283 4503 1364 4552; x_wconf 85' lang='lat' dir='ltr'><strong>tu,</strong></span> <span class='ocrx_word' id='word_1_351' title='bbox 1397 4487 1451 4554; x_wconf 87' lang='lat'><strong>9,</strong></span> <span class='ocrx_word' id='word_1_352' title='bbox 1493 4486 1579 4555; x_wconf 63' lang='grc'><strong>12,</strong></span> <span class='ocrx_word' id='word_1_353' title='bbox 1612 4489 1699 4544; x_wconf 91' lang='lat' dir='ltr'><strong>ubi</strong></span> <span class='ocrx_word' id='word_1_354' title='bbox 1732 4490 1965 4560; x_wconf 88' lang='lat' dir='ltr'><strong>plurium</strong></span> <span class='ocrx_word' id='word_1_355' title='bbox 1998 4490 2063 4546; x_wconf 88' lang='lat' dir='ltr'><strong>de</strong></span> 
     </span>
    </p>
   </div>
   <div class='ocr_carea' id='block_1_50' title="bbox 488 4568 1953 4645">
    <p class='ocr_par' dir='ltr' id='par_1_50' title="bbox 488 4568 1953 4645">
     <span class='ocr_line' id='line_1_50' title="bbox 488 4568 1953 4645; baseline 0.008 -26"><span class='ocrx_word' id='word_1_356' title='bbox 488 4568 593 4619; x_wconf 87' lang='lat' dir='ltr'><strong>hac</strong></span> <span class='ocrx_word' id='word_1_357' title='bbox 629 4568 765 4645; x_wconf 63' lang='lat' dir='ltr'><strong>urbe</strong></span> <span class='ocrx_word' id='word_1_358' title='bbox 813 4570 1186 4626; x_wconf 77' lang='lat' dir='ltr'><strong>aberrationes</strong></span> <span class='ocrx_word' id='word_1_359' title='bbox 1222 4573 1276 4626; x_wconf 89' lang='lat' dir='ltr'><strong>in</strong></span> <span class='ocrx_word' id='word_1_360' title='bbox 1329 4573 1577 4629; x_wconf 85' lang='lat' dir='ltr'><strong>ordinem</strong></span> <span class='ocrx_word' id='word_1_361' title='bbox 1616 4574 1953 4645; x_wconf 77' lang='lat' dir='ltr'><strong>rediguntur.</strong></span> 
     </span>
    </p>
   </div>
   <div class='ocr_carea' id='block_1_51' title="bbox 554 4642 2063 4728">
    <p class='ocr_par' dir='ltr' id='par_1_51' title="bbox 554 4642 2063 4728">
     <span class='ocr_line' id='line_1_51' title="bbox 554 4642 2063 4728; baseline 0.009 -28"><span class='ocrx_word' id='word_1_362' title='bbox 554 4646 690 4702; x_wconf 90' lang='lat' dir='ltr'><strong>Ibid.</strong></span> <span class='ocrx_word' id='word_1_363' title='bbox 719 4642 917 4717; x_wconf 64' lang='grc' dir='ltr'><strong>ἾΙραι.</strong></span> <span class='ocrx_word' id='word_1_364' title='bbox 970 4652 1235 4724; x_wconf 86' lang='lat' dir='ltr'><strong>Oppidum</strong></span> <span class='ocrx_word' id='word_1_365' title='bbox 1301 4655 1460 4726; x_wconf 76' lang='grc' dir='ltr'>Ἑρὰς</span> <span class='ocrx_word' id='word_1_366' title='bbox 1509 4658 1657 4713; x_wconf 79' lang='lat' dir='ltr'><strong>circa</strong></span> <span class='ocrx_word' id='word_1_367' title='bbox 1702 4642 1966 4728; x_wconf 64' lang='lat' dir='ltr'><strong>Erythras</strong></span> <span class='ocrx_word' id='word_1_368' title='bbox 2006 4668 2063 4713; x_wconf 87' lang='lat' dir='ltr'><strong>et</strong></span> 
     </span>
    </p>
   </div>
   <div class='ocr_carea' id='block_1_52' title="bbox 488 4727 2058 4811">
    <p class='ocr_par' dir='ltr' id='par_1_52' title="bbox 488 4727 2058 4811">
     <span class='ocr_line' id='line_1_52' title="bbox 488 4727 2058 4811; baseline 0.01 -29"><span class='ocrx_word' id='word_1_369' title='bbox 488 4727 658 4785; x_wconf 86' lang='lat' dir='ltr'><strong>Teum</strong></span> <span class='ocrx_word' id='word_1_370' title='bbox 691 4730 1039 4804; x_wconf 79' lang='lat' dir='ltr'><strong>Thucydides</strong></span> <span class='ocrx_word' id='word_1_371' title='bbox 1082 4752 1202 4802; x_wconf 78' lang='lat' dir='ltr'><strong>vui,</strong></span> <span class='ocrx_word' id='word_1_372' title='bbox 1248 4738 1315 4794; x_wconf 75' lang='grc'><strong>19</strong></span> <span class='ocrx_word' id='word_1_373' title='bbox 1345 4750 1400 4795; x_wconf 84' lang='lat' dir='ltr'><strong>et</strong></span> <span class='ocrx_word' id='word_1_374' title='bbox 1442 4741 1641 4797; x_wconf 82' lang='lat' dir='ltr'><strong>Strabo</strong></span> <span class='ocrx_word' id='word_1_375' title='bbox 1687 4727 1800 4806; x_wconf 78' lang='lat' dir='ltr'><strong>xw,</strong></span> <span class='ocrx_word' id='word_1_376' title='bbox 1848 4756 1901 4811; x_wconf 91' lang='lat' dir='ltr'><strong>p.</strong></span> <span class='ocrx_word' id='word_1_377' title='bbox 1931 4740 2058 4807; x_wconf 70' lang='lat' dir='ltr'><strong>6M,</strong></span> 
     </span>
    </p>
   </div>
   <div class='ocr_carea' id='block_1_53' title="bbox 487 4813 2063 4894">
    <p class='ocr_par' dir='ltr' id='par_1_53' title="bbox 487 4813 2063 4894">
     <span class='ocr_line' id='line_1_53' title="bbox 487 4813 2063 4894; baseline 0.01 -29"><span class='ocrx_word' id='word_1_378' title='bbox 487 4814 583 4866; x_wconf 82' lang='lat' dir='ltr'><strong>sed</strong></span> <span class='ocrx_word' id='word_1_379' title='bbox 638 4828 667 4866; x_wconf 88' lang='lat' dir='ltr'><strong>a</strong></span> <span class='ocrx_word' id='word_1_380' title='bbox 714 4813 988 4871; x_wconf 74' lang='lat' dir='ltr'><strong>Palmerio</strong></span> <span class='ocrx_word' id='word_1_381' title='bbox 1031 4820 1369 4887; x_wconf 86' lang='lat' dir='ltr'><strong>emendatus,</strong></span> <span class='ocrx_word' id='word_1_382' title='bbox 1426 4833 1729 4879; x_wconf 83' lang='lat' dir='ltr'><strong>memorant</strong></span> <span class='ocrx_word' id='word_1_383' title='bbox 1778 4841 1792 4877; x_wconf 88' lang='lat'><strong>:</strong></span> <span class='ocrx_word' id='word_1_384' title='bbox 1843 4824 1894 4877; x_wconf 92' lang='lat' dir='ltr'><strong>id</strong></span> <span class='ocrx_word' id='word_1_385' title='bbox 1927 4838 2063 4894; x_wconf 89' lang='lat' dir='ltr'><strong>quo-</strong></span> 
     </span>
    </p>
   </div>
   <div class='ocr_carea' id='block_1_54' title="bbox 484 4896 2063 4975">
    <p class='ocr_par' dir='ltr' id='par_1_54' title="bbox 484 4896 2063 4975">
     <span class='ocr_line' id='line_1_54' title="bbox 484 4896 2063 4975; baseline 0.008 -26"><span class='ocrx_word' id='word_1_386' title='bbox 484 4896 669 4952; x_wconf 81' lang='lat' dir='ltr'><strong>minus</strong></span> <span class='ocrx_word' id='word_1_387' title='bbox 695 4902 940 4952; x_wconf 85' lang='lat' dir='ltr'><strong>nostrum</strong></span> <span class='ocrx_word' id='word_1_388' title='bbox 979 4910 1248 4971; x_wconf 86' lang='lat' dir='ltr'><strong>putemus,</strong></span> <span class='ocrx_word' id='word_1_389' title='bbox 1285 4904 1524 4961; x_wconf 90' lang='lat' dir='ltr'><strong>lucorum</strong></span> <span class='ocrx_word' id='word_1_390' title='bbox 1556 4905 1841 4962; x_wconf 84' lang='lat' dir='ltr'><strong>intervallo</strong></span> <span class='ocrx_word' id='word_1_391' title='bbox 1877 4907 2063 4975; x_wconf 87' lang='lat' dir='ltr'><strong>probi—</strong></span> 
     </span>
    </p>
   </div>
   <div class='ocr_carea' id='block_1_55' title="bbox 482 4980 2056 5058">
    <p class='ocr_par' dir='ltr' id='par_1_55' title="bbox 482 4980 2056 5058">
     <span class='ocr_line' id='line_1_55' title="bbox 482 4980 2056 5058; baseline 0.007 -24"><span class='ocrx_word' id='word_1_392' title='bbox 482 4980 697 5037; x_wconf 79' lang='lat' dir='ltr'><strong>bemur.</strong></span> <span class='ocrx_word' id='word_1_393' title='bbox 746 4982 902 5038; x_wconf 80' lang='lat' dir='ltr'><strong>Alius</strong></span> <span class='ocrx_word' id='word_1_394' title='bbox 950 4999 1105 5055; x_wconf 75' lang='lat' dir='ltr'><strong>ergo,</strong></span> <span class='ocrx_word' id='word_1_395' title='bbox 1159 4988 1248 5042; x_wconf 90' lang='lat' dir='ltr'><strong>ubi</strong></span> <span class='ocrx_word' id='word_1_396' title='bbox 1298 4988 1350 5041; x_wconf 91' lang='lat' dir='ltr'><strong>in</strong></span> <span class='ocrx_word' id='word_1_397' title='bbox 1401 4988 1733 5056; x_wconf 78' lang='lat' dir='ltr'><strong>Hellesponti</strong></span> <span class='ocrx_word' id='word_1_398' title='bbox 1780 4990 2056 5058; x_wconf 81' lang='lat' dir='ltr'><strong>provincia</strong></span> 
     </span>
    </p>
   </div>
   <div class='ocr_carea' id='block_1_56' title="bbox 481 5064 2061 5137">
    <p class='ocr_par' dir='ltr' id='par_1_56' title="bbox 481 5064 2061 5137">
     <span class='ocr_line' id='line_1_56' title="bbox 481 5064 2061 5137; baseline 0.008 -19"><span class='ocrx_word' id='word_1_399' title='bbox 481 5064 670 5131; x_wconf 72' lang='lat' dir='ltr'><strong>fuerit,</strong></span> <span class='ocrx_word' id='word_1_400' title='bbox 691 5075 855 5136; x_wconf 85' lang='lat' dir='ltr'><strong>atque</strong></span> <span class='ocrx_word' id='word_1_401' title='bbox 886 5076 1064 5124; x_wconf 89' lang='lat' dir='ltr'><strong>utrum</strong></span> <span class='ocrx_word' id='word_1_402' title='bbox 1096 5086 1160 5126; x_wconf 78' lang='lat' dir='ltr'><strong>ett</strong></span> <span class='ocrx_word' id='word_1_403' title='bbox 1193 5070 1353 5127; x_wconf 84' lang='lat' dir='ltr'><strong>Plinii</strong></span> <span class='ocrx_word' id='word_1_404' title='bbox 1387 5066 1434 5137; x_wconf 60' lang='grc' dir='ltr'>ν,</span> <span class='ocrx_word' id='word_1_405' title='bbox 1466 5071 1534 5127; x_wconf 83' lang='grc'>50</span> <span class='ocrx_word' id='word_1_406' title='bbox 1561 5072 1721 5129; x_wconf 87' lang='lat' dir='ltr'><strong>Tiare</strong></span> <span class='ocrx_word' id='word_1_407' title='bbox 1743 5080 1858 5131; x_wconf 83' lang='lat' dir='ltr'><strong>sive</strong></span> <span class='ocrx_word' id='word_1_408' title='bbox 1880 5073 2061 5131; x_wconf 86' lang='lat' dir='ltr'><strong>Tiaris</strong></span> 
     </span>
    </p>
   </div>
   <div class='ocr_carea' id='block_1_57' title="bbox 479 5148 1056 5210">
    <p class='ocr_par' dir='ltr' id='par_1_57' title="bbox 479 5148 1056 5210">
     <span class='ocr_line' id='line_1_57' title="bbox 479 5148 1056 5210; baseline 0.014 -9"><span class='ocrx_word' id='word_1_409' title='bbox 479 5148 546 5203; x_wconf 82' lang='lat' dir='ltr'><strong>sit</strong></span> <span class='ocrx_word' id='word_1_410' title='bbox 582 5150 789 5204; x_wconf 80' lang='lat' dir='ltr'><strong>ortum.</strong></span> <span class='ocrx_word' id='word_1_411' title='bbox 820 5151 1056 5210; x_wconf 88' lang='lat' dir='ltr'><strong>docebit.</strong></span> 
     </span>
    </p>
   </div>
   <div class='ocr_carea' id='block_1_58' title="bbox 553 5231 2057 5311">
    <p class='ocr_par' dir='ltr' id='par_1_58' title="bbox 553 5231 2057 5311">
     <span class='ocr_line' id='line_1_58' title="bbox 553 5231 2057 5311; baseline 0.01 -26"><span class='ocrx_word' id='word_1_412' title='bbox 553 5231 687 5289; x_wconf 90' lang='lat' dir='ltr'><strong>Ibid.</strong></span> <span class='ocrx_word' id='word_1_413' title='bbox 724 5236 947 5291; x_wconf 78' lang='grc' dir='ltr'><strong>Πιονία.</strong></span> <span class='ocrx_word' id='word_1_414' title='bbox 983 5238 1072 5304; x_wconf 73' lang='lat' dir='ltr'><strong>Est</strong></span> <span class='ocrx_word' id='word_1_415' title='bbox 1098 5242 1238 5309; x_wconf 84' lang='lat' dir='ltr'><strong>apud</strong></span> <span class='ocrx_word' id='word_1_416' title='bbox 1268 5238 1588 5297; x_wconf 86' lang='lat' dir='ltr'><strong>Strabonem</strong></span> <span class='ocrx_word' id='word_1_417' title='bbox 1623 5258 1738 5307; x_wconf 80' lang='lat' dir='ltr'><strong>xm,</strong></span> <span class='ocrx_word' id='word_1_418' title='bbox 1775 5258 1830 5311; x_wconf 89' lang='lat' dir='ltr'><strong>p.</strong></span> <span class='ocrx_word' id='word_1_419' title='bbox 1857 5243 1984 5309; x_wconf 83' lang='lat' dir='ltr'><strong>6l0,</strong></span> <span class='ocrx_word' id='word_1_420' title='bbox 2003 5255 2057 5300; x_wconf 92' lang='lat' dir='ltr'><strong>et</strong></span> 
     </span>
    </p>
   </div>
   <div class='ocr_carea' id='block_1_59' title="bbox 479 5314 2053 5386">
    <p class='ocr_par' dir='ltr' id='par_1_59' title="bbox 479 5314 2053 5386">
     <span class='ocr_line' id='line_1_59' title="bbox 479 5314 2053 5386; baseline 0.011 -20"><span class='ocrx_word' id='word_1_421' title='bbox 479 5314 709 5372; x_wconf 70' lang='lat' dir='ltr'><strong>Pionitte</strong></span> <span class='ocrx_word' id='word_1_422' title='bbox 742 5320 884 5386; x_wconf 87' lang='lat' dir='ltr'><strong>apud</strong></span> <span class='ocrx_word' id='word_1_423' title='bbox 926 5319 1179 5376; x_wconf 83' lang='lat' dir='ltr'><strong>Plinium.</strong></span> <span class='ocrx_word' id='word_1_424' title='bbox 1226 5321 1466 5378; x_wconf 82' lang='lat' dir='ltr'><strong>Eulalius</strong></span> <span class='ocrx_word' id='word_1_425' title='bbox 1496 5326 1701 5379; x_wconf 74' lang='grc' dir='ltr'>Πτὸνων</span> <span class='ocrx_word' id='word_1_426' title='bbox 1739 5335 1792 5381; x_wconf 87' lang='lat' dir='ltr'><strong>et</strong></span> <span class='ocrx_word' id='word_1_427' title='bbox 1825 5329 1876 5381; x_wconf 88' lang='lat' dir='ltr'><strong>in</strong></span> <span class='ocrx_word' id='word_1_428' title='bbox 1920 5344 2053 5385; x_wconf 88' lang='lat' dir='ltr'><strong>mss.</strong></span> 
     </span>
    </p>
   </div>
   <div class='ocr_carea' id='block_1_60' title="bbox 479 5401 2059 5477">
    <p class='ocr_par' dir='ltr' id='par_1_60' title="bbox 479 5401 2059 5477">
     <span class='ocr_line' id='line_1_60' title="bbox 479 5401 2059 5477; baseline 0.011 -26"><span class='ocrx_word' id='word_1_429' title='bbox 479 5401 771 5467; x_wconf 80' lang='grc' dir='ltr'><strong>Παιονίων,</strong></span> <span class='ocrx_word' id='word_1_430' title='bbox 806 5404 944 5465; x_wconf 85' lang='lat' dir='ltr'><strong>sive.</strong></span> <span class='ocrx_word' id='word_1_431' title='bbox 977 5413 1036 5459; x_wconf 94' lang='lat' dir='ltr'><strong>ut</strong></span> <span class='ocrx_word' id='word_1_432' title='bbox 1063 5417 1222 5461; x_wconf 85' lang='lat' dir='ltr'><strong>vetus</strong></span> <span class='ocrx_word' id='word_1_433' title='bbox 1254 5408 1539 5477; x_wconf 84' lang='lat' dir='ltr'><strong>interpres,</strong></span> <span class='ocrx_word' id='word_1_434' title='bbox 1582 5409 1823 5466; x_wconf 87' lang='lat' dir='ltr'><strong>Eulalius</strong></span> <span class='ocrx_word' id='word_1_435' title='bbox 1857 5413 2059 5468; x_wconf 80' lang='lat' dir='ltr'><strong>Pioniae</strong></span> 
     </span>
    </p>
   </div>
   <div class='ocr_carea' id='block_1_61' title="bbox 479 5485 2053 5564">
    <p class='ocr_par' dir='ltr' id='par_1_61' title="bbox 479 5485 2053 5564">
     <span class='ocr_line' id='line_1_61' title="bbox 479 5485 2053 5564; baseline 0.01 -27"><span class='ocrx_word' id='word_1_436' title='bbox 479 5485 810 5554; x_wconf 87' lang='lat' dir='ltr'><strong>Ilellesponti</strong></span> <span class='ocrx_word' id='word_1_437' title='bbox 839 5489 1044 5559; x_wconf 84' lang='lat' dir='ltr'><strong>synodo</strong></span> <span class='ocrx_word' id='word_1_438' title='bbox 1068 5488 1494 5548; x_wconf 80' lang='lat' dir='ltr'><strong>Chalcedonensi</strong></span> <span class='ocrx_word' id='word_1_439' title='bbox 1528 5511 1579 5564; x_wconf 90' lang='lat' dir='ltr'><strong>p.</strong></span> <span class='ocrx_word' id='word_1_440' title='bbox 1607 5495 1715 5550; x_wconf 78' lang='lat'><strong>598</strong></span> <span class='ocrx_word' id='word_1_441' title='bbox 1738 5498 2053 5553; x_wconf 86' lang='lat' dir='ltr'><strong>subscribit.</strong></span> 
     </span>
    </p>
   </div>
   <div class='ocr_carea' id='block_1_62' title="bbox 552 5568 2052 5654">
    <p class='ocr_par' dir='ltr' id='par_1_62' title="bbox 552 5568 2052 5654">
     <span class='ocr_line' id='line_1_62' title="bbox 552 5568 2052 5654; baseline 0.012 -32"><span class='ocrx_word' id='word_1_442' title='bbox 552 5568 688 5625; x_wconf 87' lang='lat' dir='ltr'><strong>Ibid.</strong></span> <span class='ocrx_word' id='word_1_443' title='bbox 718 5574 1063 5641; x_wconf 79' lang='grc' dir='ltr'><strong>Κονιοσίνη.</strong></span> <span class='ocrx_word' id='word_1_444' title='bbox 1090 5573 1257 5631; x_wconf 86' lang='lat' dir='ltr'><strong>Estne</strong></span> <span class='ocrx_word' id='word_1_445' title='bbox 1282 5576 1583 5644; x_wconf 84' lang='lat' dir='ltr'><strong>Couisium,</strong></span> <span class='ocrx_word' id='word_1_446' title='bbox 1603 5582 1742 5650; x_wconf 81' lang='lat' dir='ltr'><strong>quod</strong></span> <span class='ocrx_word' id='word_1_447' title='bbox 1769 5583 1975 5640; x_wconf 83' lang='lat' dir='ltr'><strong>Plinius</strong></span> <span class='ocrx_word' id='word_1_448' title='bbox 1999 5602 2052 5654; x_wconf 77' lang='grc' dir='ltr'>ν,</span> 
     </span>
    </p>
   </div>
   <div class='ocr_carea' id='block_1_63' title="bbox 478 5651 1716 5728">
    <p class='ocr_par' dir='ltr' id='par_1_63' title="bbox 478 5651 1716 5728">
     <span class='ocr_line' id='line_1_63' title="bbox 478 5651 1716 5728; baseline 0.011 -23"><span class='ocrx_word' id='word_1_449' title='bbox 478 5651 548 5705; x_wconf 76' lang='lat'><strong>50</strong></span> <span class='ocrx_word' id='word_1_450' title='bbox 585 5655 726 5708; x_wconf 89' lang='lat' dir='ltr'><strong>inter</strong></span> <span class='ocrx_word' id='word_1_451' title='bbox 767 5656 925 5723; x_wconf 86' lang='lat' dir='ltr'><strong>hujus</strong></span> <span class='ocrx_word' id='word_1_452' title='bbox 950 5672 1061 5711; x_wconf 81' lang='lat' dir='ltr'><strong>orae</strong></span> <span class='ocrx_word' id='word_1_453' title='bbox 1088 5661 1280 5728; x_wconf 80' lang='lat' dir='ltr'><strong>Oppida</strong></span> <span class='ocrx_word' id='word_1_454' title='bbox 1318 5664 1716 5718; x_wconf 84' lang='lat' dir='ltr'><strong>connumerat?</strong></span> 
     </span>
    </p>
   </div>
   <div class='ocr_carea' id='block_1_64' title="bbox 492 5734 2050 5825">
    <p class='ocr_par' dir='ltr' id='par_1_64' title="bbox 492 5734 2050 5825">
     <span class='ocr_line' id='line_1_64' title="bbox 492 5734 2050 5825; baseline 0.015 -40"><span class='ocrx_word' id='word_1_455' title='bbox 492 5734 685 5825; x_wconf 47' lang='lat' dir='ltr'><strong>&quot;Ibid:</strong></span> <span class='ocrx_word' id='word_1_456' title='bbox 754 5739 1001 5807; x_wconf 79' lang='grc' dir='ltr'><strong>Ἀργίζα.</strong></span> <span class='ocrx_word' id='word_1_457' title='bbox 1060 5742 1116 5796; x_wconf 91' lang='lat' dir='ltr'><strong>In</strong></span> <span class='ocrx_word' id='word_1_458' title='bbox 1172 5744 1313 5799; x_wconf 72' lang='lat' dir='ltr'><strong>Asiae</strong></span> <span class='ocrx_word' id='word_1_459' title='bbox 1368 5748 1648 5814; x_wconf 81' lang='lat' dir='ltr'><strong>provincia</strong></span> <span class='ocrx_word' id='word_1_460' title='bbox 1706 5753 1915 5819; x_wconf 87' lang='lat' dir='ltr'><strong>urbem,</strong></span> <span class='ocrx_word' id='word_1_461' title='bbox 1968 5755 2050 5808; x_wconf 89' lang='lat' dir='ltr'><strong>cui</strong></span> 
     </span>
    </p>
   </div>
   <div class='ocr_carea' id='block_1_65' title="bbox 512 5812 2050 5902">
    <p class='ocr_par' dir='ltr' id='par_1_65' title="bbox 512 5812 2050 5902">
     <span class='ocr_line' id='line_1_65' title="bbox 512 5812 2050 5902; baseline 0.02 -41"><span class='ocrx_word' id='word_1_462' title='bbox 512 5812 716 5879; x_wconf 62' lang='lat' dir='ltr'><strong>Mle</strong></span> <span class='ocrx_word' id='word_1_463' title='bbox 770 5835 963 5876; x_wconf 83' lang='lat' dir='ltr'><strong>nomen</strong></span> <span class='ocrx_word' id='word_1_464' title='bbox 1011 5835 1148 5891; x_wconf 83' lang='lat' dir='ltr'><strong>erat,</strong></span> <span class='ocrx_word' id='word_1_465' title='bbox 1192 5812 1464 5897; x_wconf 80' lang='lat' dir='ltr'><strong>vidimus;</strong></span> <span class='ocrx_word' id='word_1_466' title='bbox 1516 5849 1544 5885; x_wconf 87' lang='lat' dir='ltr'><strong>a</strong></span> <span class='ocrx_word' id='word_1_467' title='bbox 1588 5849 1715 5902; x_wconf 80' lang='lat' dir='ltr'><strong>qua,</strong></span> <span class='ocrx_word' id='word_1_468' title='bbox 1773 5836 1816 5889; x_wconf 83' lang='lat' dir='ltr'><strong>si</strong></span> <span class='ocrx_word' id='word_1_469' title='bbox 1854 5812 2050 5892; x_wconf 80' lang='lat' dir='ltr'><strong>nomen</strong></span> 
     </span>
    </p>
   </div>
   <div class='ocr_carea' id='block_1_66' title="bbox 1482 342 2608 420">
    <p class='ocr_par' dir='ltr' id='par_1_66' title="bbox 1482 342 2608 420">
     <span class='ocr_line' id='line_1_66' title="bbox 1482 342 2608 420; baseline -0.001 -2"><span class='ocrx_word' id='word_1_470' title='bbox 1482 356 1861 420; x_wconf 70' lang='lat' dir='ltr'><strong>ADDENDA.</strong></span> <span class='ocrx_word' id='word_1_471' title='bbox 1892 378 1963 388; x_wconf 85' lang='lat'><strong>--</strong></span> <span class='ocrx_word' id='word_1_472' title='bbox 1988 348 2059 412; x_wconf 82' lang='grc' dir='ltr'><strong>Ρ.</strong></span> <span class='ocrx_word' id='word_1_473' title='bbox 2090 342 2608 417; x_wconf 74' lang='lat' dir='ltr'><strong>WESSELINGII</strong></span> 
     </span>
    </p>
   </div>
   <div class='ocr_carea' id='block_1_67' title="bbox 3602 346 3745 420">
    <p class='ocr_par' dir='ltr' id='par_1_67' title="bbox 3602 346 3745 420">
     <span class='ocr_line' id='line_1_67' title="bbox 3602 346 3745 420; baseline 0.007 -1"><span class='ocrx_word' id='word_1_474' title='bbox 3602 346 3745 420; x_wconf 73' lang='grc'><strong>1112</strong></span> 
     </span>
    </p>
   </div>
   <div class='ocr_carea' id='block_1_68' title="bbox 2160 472 3744 549">
    <p class='ocr_par' dir='ltr' id='par_1_68' title="bbox 2160 472 3744 549">
     <span class='ocr_line' id='line_1_68' title="bbox 2160 472 3744 549; baseline 0.004 -23"><span class='ocrx_word' id='word_1_475' title='bbox 2160 484 2399 541; x_wconf 72' lang='lat' dir='ltr'><strong>spectes,</strong></span> <span class='ocrx_word' id='word_1_476' title='bbox 2435 472 2549 530; x_wconf 63' lang='lat' dir='ltr'><strong>haec</strong></span> <span class='ocrx_word' id='word_1_477' title='bbox 2578 475 2721 530; x_wconf 88' lang='lat' dir='ltr'><strong>haud</strong></span> <span class='ocrx_word' id='word_1_478' title='bbox 2766 476 2998 531; x_wconf 86' lang='lat' dir='ltr'><strong>multum</strong></span> <span class='ocrx_word' id='word_1_479' title='bbox 3033 476 3224 545; x_wconf 84' lang='lat' dir='ltr'><strong>distat,</strong></span> <span class='ocrx_word' id='word_1_480' title='bbox 3261 478 3311 533; x_wconf 88' lang='lat' dir='ltr'><strong>si</strong></span> <span class='ocrx_word' id='word_1_481' title='bbox 3354 477 3547 545; x_wconf 87' lang='lat' dir='ltr'><strong>situm,</strong></span> <span class='ocrx_word' id='word_1_482' title='bbox 3572 480 3744 549; x_wconf 82' lang='lat' dir='ltr'><strong>pluri-</strong></span> 
     </span>
    </p>
   </div>
   <div class='ocr_carea' id='block_1_69' title="bbox 2158 556 3747 632">
    <p class='ocr_par' dir='ltr' id='par_1_69' title="bbox 2158 556 3747 632">
     <span class='ocr_line' id='line_1_69' title="bbox 2158 556 3747 632; baseline 0.006 -24"><span class='ocrx_word' id='word_1_483' title='bbox 2158 566 2328 610; x_wconf 80' lang='lat' dir='ltr'><strong>mum.</strong></span> <span class='ocrx_word' id='word_1_484' title='bbox 2370 556 2581 614; x_wconf 86' lang='lat' dir='ltr'><strong>I&#39;linius</strong></span> <span class='ocrx_word' id='word_1_485' title='bbox 2617 574 2668 622; x_wconf 87' lang='lat' dir='ltr'><strong>v,</strong></span> <span class='ocrx_word' id='word_1_486' title='bbox 2718 558 2788 614; x_wconf 76' lang='lat'><strong>&#39;50</strong></span> <span class='ocrx_word' id='word_1_487' title='bbox 2836 558 3204 629; x_wconf 73' lang='lat' dir='ltr'><strong>Miletopolitis</strong></span> <span class='ocrx_word' id='word_1_488' title='bbox 3238 561 3396 629; x_wconf 75' lang='lat' dir='ltr'><strong>huius</strong></span> <span class='ocrx_word' id='word_1_489' title='bbox 3446 563 3747 632; x_wconf 65' lang='lat' dir='ltr'><strong>provincia}</strong></span> 
     </span>
    </p>
   </div>
   <div class='ocr_carea' id='block_1_70' title="bbox 2159 637 3740 711">
    <p class='ocr_par' dir='ltr' id='par_1_70' title="bbox 2159 637 3740 711">
     <span class='ocr_line' id='line_1_70' title="bbox 2159 637 3740 711; baseline 0.005 -20"><span class='ocrx_word' id='word_1_490' title='bbox 2159 637 2379 693; x_wconf 84' lang='lat' dir='ltr'><strong>Erezios</strong></span> <span class='ocrx_word' id='word_1_491' title='bbox 2403 640 2603 709; x_wconf 73' lang='lat' dir='ltr'><strong>jungit,</strong></span> <span class='ocrx_word' id='word_1_492' title='bbox 2636 657 2771 711; x_wconf 83' lang='lat' dir='ltr'><strong>quos</strong></span> <span class='ocrx_word' id='word_1_493' title='bbox 2797 643 2840 696; x_wconf 88' lang='lat' dir='ltr'><strong>si</strong></span> <span class='ocrx_word' id='word_1_494' title='bbox 2873 643 3004 696; x_wconf 82' lang='lat' dir='ltr'><strong>hinc</strong></span> <span class='ocrx_word' id='word_1_495' title='bbox 3030 646 3266 709; x_wconf 76' lang='lat' dir='ltr'><strong>derives,</strong></span> <span class='ocrx_word' id='word_1_496' title='bbox 3299 645 3349 698; x_wconf 90' lang='lat' dir='ltr'><strong>in</strong></span> <span class='ocrx_word' id='word_1_497' title='bbox 3379 646 3510 698; x_wconf 79' lang='lat' dir='ltr'><strong>vitio</strong></span> <span class='ocrx_word' id='word_1_498' title='bbox 3539 661 3740 699; x_wconf 77' lang='lat' dir='ltr'><strong>nomen</strong></span> 
     </span>
    </p>
   </div>
   <div class='ocr_carea' id='block_1_71' title="bbox 2159 721 3745 793">
    <p class='ocr_par' dir='ltr' id='par_1_71' title="bbox 2159 721 3745 793">
     <span class='ocr_line' id='line_1_71' title="bbox 2159 721 3745 793; baseline 0.005 -21"><span class='ocrx_word' id='word_1_499' title='bbox 2159 721 2314 778; x_wconf 84' lang='lat' dir='ltr'><strong>urbis</strong></span> <span class='ocrx_word' id='word_1_500' title='bbox 2356 724 2714 779; x_wconf 65' lang='lat' dir='ltr'><strong>adhaerescet.</strong></span> <span class='ocrx_word' id='word_1_501' title='bbox 2764 723 3076 781; x_wconf 83' lang='lat' dir='ltr'><strong>Ilarduinus</strong></span> <span class='ocrx_word' id='word_1_502' title='bbox 3128 725 3323 793; x_wconf 84' lang='lat' dir='ltr'><strong>Erezo,</strong></span> <span class='ocrx_word' id='word_1_503' title='bbox 3375 727 3548 781; x_wconf 66' lang='lat' dir='ltr'><strong>Carne</strong></span> <span class='ocrx_word' id='word_1_504' title='bbox 3595 727 3745 790; x_wconf 87' lang='lat' dir='ltr'><strong>urbi,</strong></span> 
     </span>
    </p>
   </div>
   <div class='ocr_carea' id='block_1_72' title="bbox 2159 809 3746 880">
    <p class='ocr_par' dir='ltr' id='par_1_72' title="bbox 2159 809 3746 880">
     <span class='ocr_line' id='line_1_72' title="bbox 2159 809 3746 880; baseline 0.005 -22"><span class='ocrx_word' id='word_1_505' title='bbox 2159 819 2253 861; x_wconf 88' lang='lat' dir='ltr'><strong>eos</strong></span> <span class='ocrx_word' id='word_1_506' title='bbox 2283 809 2430 862; x_wconf 89' lang='lat' dir='ltr'><strong>dedit</strong></span> <span class='ocrx_word' id='word_1_507' title='bbox 2467 811 2638 876; x_wconf 83' lang='lat' dir='ltr'><strong>cives,</strong></span> <span class='ocrx_word' id='word_1_508' title='bbox 2671 825 2858 864; x_wconf 84' lang='lat' dir='ltr'><strong>verum</strong></span> <span class='ocrx_word' id='word_1_509' title='bbox 2900 811 3270 879; x_wconf 83' lang='lat' dir='ltr'><strong>imprudenter</strong></span> <span class='ocrx_word' id='word_1_510' title='bbox 3300 825 3320 863; x_wconf 90' lang='lat'><strong><em>:</em></strong></span> <span class='ocrx_word' id='word_1_511' title='bbox 3355 810 3507 865; x_wconf 75' lang='lat' dir='ltr'><strong>Caria</strong></span> <span class='ocrx_word' id='word_1_512' title='bbox 3536 810 3746 880; x_wconf 69' lang='lat' dir='ltr'><strong>longis-</strong></span> 
     </span>
    </p>
   </div>
   <div class='ocr_carea' id='block_1_73' title="bbox 2159 890 3746 964">
    <p class='ocr_par' dir='ltr' id='par_1_73' title="bbox 2159 890 3746 964">
     <span class='ocr_line' id='line_1_73' title="bbox 2159 890 3746 964; baseline 0.002 -19"><span class='ocrx_word' id='word_1_513' title='bbox 2159 891 2296 946; x_wconf 88' lang='lat' dir='ltr'><strong>sime</strong></span> <span class='ocrx_word' id='word_1_514' title='bbox 2344 891 2414 946; x_wconf 86' lang='lat' dir='ltr'><strong>ab</strong></span> <span class='ocrx_word' id='word_1_515' title='bbox 2451 890 2787 963; x_wconf 74' lang='lat' dir='ltr'><strong>Hellesponti</strong></span> <span class='ocrx_word' id='word_1_516' title='bbox 2829 909 2947 961; x_wconf 82' lang='lat' dir='ltr'><strong>ora,</strong></span> <span class='ocrx_word' id='word_1_517' title='bbox 2991 908 3152 964; x_wconf 80' lang='lat' dir='ltr'><strong>quam</strong></span> <span class='ocrx_word' id='word_1_518' title='bbox 3204 893 3410 949; x_wconf 83' lang='lat' dir='ltr'><strong>Plinius</strong></span> <span class='ocrx_word' id='word_1_519' title='bbox 3457 892 3746 962; x_wconf 81' lang='lat' dir='ltr'><strong>deseribil,</strong></span> 
     </span>
    </p>
   </div>
   <div class='ocr_carea' id='block_1_74' title="bbox 2157 988 2501 1035">
    <p class='ocr_par' dir='ltr' id='par_1_74' title="bbox 2157 988 2501 1035">
     <span class='ocr_line' id='line_1_74' title="bbox 2157 988 2501 1035; baseline 0.006 -3"><span class='ocrx_word' id='word_1_520' title='bbox 2157 988 2366 1032; x_wconf 86' lang='lat' dir='ltr'><strong>semota</strong></span> <span class='ocrx_word' id='word_1_521' title='bbox 2397 988 2501 1035; x_wconf 85' lang='lat' dir='ltr'><strong>est.</strong></span> 
     </span>
    </p>
   </div>
   <div class='ocr_carea' id='block_1_75' title="bbox 2227 1060 3749 1133">
    <p class='ocr_par' dir='ltr' id='par_1_75' title="bbox 2227 1060 3749 1133">
     <span class='ocr_line' id='line_1_75' title="bbox 2227 1060 3749 1133; baseline 0.001 -19"><span class='ocrx_word' id='word_1_522' title='bbox 2227 1060 2515 1129; x_wconf 71' lang='lat' dir='ltr'><strong>Ibid.5.&#39;[ac</strong></span> <span class='ocrx_word' id='word_1_523' title='bbox 2551 1064 2791 1133; x_wconf 77' lang='grc' dir='ltr'><strong>Τρὰδος.</strong></span> <span class='ocrx_word' id='word_1_524' title='bbox 2807 1061 3046 1133; x_wconf 71' lang='lat' dir='ltr'><strong>Iungunt</strong></span> <span class='ocrx_word' id='word_1_525' title='bbox 3075 1064 3188 1119; x_wconf 75' lang='lat' dir='ltr'><strong>lucc</strong></span> <span class='ocrx_word' id='word_1_526' title='bbox 3214 1064 3523 1120; x_wconf 84' lang='lat' dir='ltr'><strong>arctissitne</strong></span> <span class='ocrx_word' id='word_1_527' title='bbox 3554 1062 3749 1120; x_wconf 81' lang='lat' dir='ltr'><strong>Seltel-</strong></span> 
     </span>
    </p>
   </div>
   <div class='ocr_carea' id='block_1_76' title="bbox 2158 1146 3750 1213">
    <p class='ocr_par' dir='ltr' id='par_1_76' title="bbox 2158 1146 3750 1213">
     <span class='ocr_line' id='line_1_76' title="bbox 2158 1146 3750 1213; baseline 0.003 -15"><span class='ocrx_word' id='word_1_528' title='bbox 2158 1150 2431 1200; x_wconf 84' lang='lat' dir='ltr'><strong>stratenus</strong></span> <span class='ocrx_word' id='word_1_529' title='bbox 2450 1158 2502 1201; x_wconf 88' lang='lat' dir='ltr'><strong>et</strong></span> <span class='ocrx_word' id='word_1_530' title='bbox 2518 1146 2971 1213; x_wconf 82' lang='lat' dir='ltr'><strong>Bandurius,nou</strong></span> <span class='ocrx_word' id='word_1_531' title='bbox 3000 1148 3127 1203; x_wconf 88' lang='lat' dir='ltr'><strong>item</strong></span> <span class='ocrx_word' id='word_1_532' title='bbox 3150 1146 3375 1202; x_wconf 86' lang='lat' dir='ltr'><strong>Carolus</strong></span> <span class='ocrx_word' id='word_1_533' title='bbox 3395 1166 3422 1201; x_wconf 89' lang='lat' dir='ltr'><strong>a</strong></span> <span class='ocrx_word' id='word_1_534' title='bbox 3446 1148 3502 1200; x_wconf 81' lang='lat' dir='ltr'><strong>S.</strong></span> <span class='ocrx_word' id='word_1_535' title='bbox 3530 1147 3692 1201; x_wconf 76' lang='lat' dir='ltr'><strong>Patth</strong></span> <span class='ocrx_word' id='word_1_536' title='bbox 3724 1163 3750 1202; x_wconf 87' lang='lat'><strong>:</strong></span> 
     </span>
    </p>
   </div>
   <div class='ocr_carea' id='block_1_77' title="bbox 2160 1230 3752 1302">
    <p class='ocr_par' dir='ltr' id='par_1_77' title="bbox 2160 1230 3752 1302">
     <span class='ocr_line' id='line_1_77' title="bbox 2160 1230 3752 1302; baseline 0.003 -21"><span class='ocrx_word' id='word_1_537' title='bbox 2160 1239 2339 1282; x_wconf 86' lang='lat' dir='ltr'><strong>utrum</strong></span> <span class='ocrx_word' id='word_1_538' title='bbox 2387 1239 2625 1300; x_wconf 63' lang='lat' dir='ltr'><strong>praestet,</strong></span> <span class='ocrx_word' id='word_1_539' title='bbox 2670 1231 2799 1285; x_wconf 80' lang='lat' dir='ltr'><strong>mihi</strong></span> <span class='ocrx_word' id='word_1_540' title='bbox 2848 1231 2901 1284; x_wconf 90' lang='lat' dir='ltr'><strong>in</strong></span> <span class='ocrx_word' id='word_1_541' title='bbox 2959 1230 3221 1302; x_wconf 76' lang='lat' dir='ltr'><strong>ambiguo</strong></span> <span class='ocrx_word' id='word_1_542' title='bbox 3247 1240 3354 1287; x_wconf 87' lang='lat' dir='ltr'><strong>est.</strong></span> <span class='ocrx_word' id='word_1_543' title='bbox 3405 1230 3550 1285; x_wconf 78' lang='lat' dir='ltr'><strong>Nihil</strong></span> <span class='ocrx_word' id='word_1_544' title='bbox 3597 1232 3752 1299; x_wconf 65' lang='lat' dir='ltr'><strong>quod</strong></span> 
     </span>
    </p>
   </div>
   <div class='ocr_carea' id='block_1_78' title="bbox 2159 1312 3750 1383">
    <p class='ocr_par' dir='ltr' id='par_1_78' title="bbox 2159 1312 3750 1383">
     <span class='ocr_line' id='line_1_78' title="bbox 2159 1312 3750 1383; baseline 0.003 -18"><span class='ocrx_word' id='word_1_545' title='bbox 2159 1312 2390 1367; x_wconf 85' lang='lat' dir='ltr'><strong>alterum</strong></span> <span class='ocrx_word' id='word_1_546' title='bbox 2415 1323 2593 1367; x_wconf 89' lang='lat' dir='ltr'><strong>utrunt</strong></span> <span class='ocrx_word' id='word_1_547' title='bbox 2620 1315 2790 1383; x_wconf 85' lang='lat' dir='ltr'><strong>possit</strong></span> <span class='ocrx_word' id='word_1_548' title='bbox 2810 1312 3141 1378; x_wconf 83' lang='lat' dir='ltr'><strong>illuminare,</strong></span> <span class='ocrx_word' id='word_1_549' title='bbox 3170 1315 3301 1368; x_wconf 87' lang='lat' dir='ltr'><strong>mihi</strong></span> <span class='ocrx_word' id='word_1_550' title='bbox 3331 1316 3571 1370; x_wconf 88' lang='lat' dir='ltr'><strong>occurrit</strong></span> <span class='ocrx_word' id='word_1_551' title='bbox 3599 1335 3611 1369; x_wconf 88' lang='lat'><strong>:</strong></span> <span class='ocrx_word' id='word_1_552' title='bbox 3637 1314 3750 1369; x_wconf 67' lang='lat' dir='ltr'><strong>etsi</strong></span> 
     </span>
    </p>
   </div>
   <div class='ocr_carea' id='block_1_79' title="bbox 2159 1395 3749 1467">
    <p class='ocr_par' dir='ltr' id='par_1_79' title="bbox 2159 1395 3749 1467">
     <span class='ocr_line' id='line_1_79' title="bbox 2159 1395 3749 1467; baseline 0.003 -19"><span class='ocrx_word' id='word_1_553' title='bbox 2159 1397 2302 1450; x_wconf 88' lang='lat' dir='ltr'><strong>enim</strong></span> <span class='ocrx_word' id='word_1_554' title='bbox 2338 1395 2592 1451; x_wconf 80' lang='lat' dir='ltr'><strong>Trarium</strong></span> <span class='ocrx_word' id='word_1_555' title='bbox 2640 1398 2817 1454; x_wconf 88' lang='lat' dir='ltr'><strong>vicum</strong></span> <span class='ocrx_word' id='word_1_556' title='bbox 2872 1399 3075 1454; x_wconf 79' lang='lat' dir='ltr'><strong>Strabo</strong></span> <span class='ocrx_word' id='word_1_557' title='bbox 3127 1397 3165 1451; x_wconf 91' lang='lat' dir='ltr'><strong>l.</strong></span> <span class='ocrx_word' id='word_1_558' title='bbox 3209 1409 3331 1463; x_wconf 80' lang='lat' dir='ltr'><strong>xm,</strong></span> <span class='ocrx_word' id='word_1_559' title='bbox 3366 1414 3416 1467; x_wconf 86' lang='lat' dir='ltr'><strong>p.</strong></span> <span class='ocrx_word' id='word_1_560' title='bbox 3456 1396 3556 1452; x_wconf 83' lang='lat'><strong>607</strong></span> <span class='ocrx_word' id='word_1_561' title='bbox 3595 1397 3749 1453; x_wconf 76' lang='lat' dir='ltr'><strong>circa</strong></span> 
     </span>
    </p>
   </div>
   <div class='ocr_carea' id='block_1_80' title="bbox 2158 1476 3749 1553">
    <p class='ocr_par' dir='ltr' id='par_1_80' title="bbox 2158 1476 3749 1553">
     <span class='ocr_line' id='line_1_80' title="bbox 2158 1476 3749 1553; baseline 0.001 -20"><span class='ocrx_word' id='word_1_562' title='bbox 2158 1476 2518 1548; x_wconf 87' lang='lat' dir='ltr'><strong>Perperenem</strong></span> <span class='ocrx_word' id='word_1_563' title='bbox 2570 1479 2737 1545; x_wconf 87' lang='lat' dir='ltr'><strong>locet,</strong></span> <span class='ocrx_word' id='word_1_564' title='bbox 2788 1490 2843 1537; x_wconf 88' lang='lat' dir='ltr'><strong>et</strong></span> <span class='ocrx_word' id='word_1_565' title='bbox 2878 1482 3155 1553; x_wconf 69' lang='lat' dir='ltr'><strong>Tragasm,</strong></span> <span class='ocrx_word' id='word_1_566' title='bbox 3224 1482 3368 1535; x_wconf 78' lang='lat' dir='ltr'><strong>unde</strong></span> <span class='ocrx_word' id='word_1_567' title='bbox 3416 1481 3498 1534; x_wconf 85' lang='lat' dir='ltr'><strong>sal</strong></span> <span class='ocrx_word' id='word_1_568' title='bbox 3534 1482 3749 1551; x_wconf 50' lang='grc' dir='ltr'><strong>τηκεδ-</strong></span> 
     </span>
    </p>
   </div>
   <div class='ocr_carea' id='block_1_81' title="bbox 2162 1563 3748 1634">
    <p class='ocr_par' dir='ltr' id='par_1_81' title="bbox 2162 1563 3748 1634">
     <span class='ocr_line' id='line_1_81' title="bbox 2162 1563 3748 1634; baseline -0.003 -17"><span class='ocrx_word' id='word_1_569' title='bbox 2162 1575 2354 1628; x_wconf 69' lang='lat' dir='ltr'><strong>satum,</strong></span> <span class='ocrx_word' id='word_1_570' title='bbox 2374 1564 2561 1631; x_wconf 79' lang='lat' dir='ltr'><strong>dequo</strong></span> <span class='ocrx_word' id='word_1_571' title='bbox 2592 1564 2807 1634; x_wconf 77' lang='lat' dir='ltr'><strong>egregie</strong></span> <span class='ocrx_word' id='word_1_572' title='bbox 2838 1563 3073 1621; x_wconf 80' lang='lat' dir='ltr'><strong>Galenus</strong></span> <span class='ocrx_word' id='word_1_573' title='bbox 3099 1564 3231 1634; x_wconf 73' lang='grc' dir='ltr'>περὶ</span> <span class='ocrx_word' id='word_1_574' title='bbox 3254 1563 3443 1617; x_wconf 81' lang='grc' dir='ltr'>ἁπλῶν</span> <span class='ocrx_word' id='word_1_575' title='bbox 3470 1565 3650 1633; x_wconf 79' lang='grc' dir='ltr'>Φαρμ.</span> <span class='ocrx_word' id='word_1_576' title='bbox 3677 1580 3748 1628; x_wconf 79' lang='grc' dir='ltr'>ιι,</span> 
     </span>
    </p>
   </div>
   <div class='ocr_carea' id='block_1_82' title="bbox 2161 1647 3745 1715">
    <p class='ocr_par' dir='ltr' id='par_1_82' title="bbox 2161 1647 3745 1715">
     <span class='ocr_line' id='line_1_82' title="bbox 2161 1647 3745 1715; baseline 0.001 -14"><span class='ocrx_word' id='word_1_577' title='bbox 2161 1661 2215 1714; x_wconf 83' lang='lat' dir='ltr'><strong>p.</strong></span> <span class='ocrx_word' id='word_1_578' title='bbox 2250 1647 2377 1713; x_wconf 68' lang='grc'><strong>151,</strong></span> <span class='ocrx_word' id='word_1_579' title='bbox 2414 1647 2484 1704; x_wconf 87' lang='lat' dir='ltr'><strong>ab</strong></span> <span class='ocrx_word' id='word_1_580' title='bbox 2524 1648 2647 1705; x_wconf 85' lang='lat' dir='ltr'><strong>aliis</strong></span> <span class='ocrx_word' id='word_1_581' title='bbox 2678 1659 3073 1715; x_wconf 78' lang='lat' dir='ltr'><strong>memorentur,</strong></span> <span class='ocrx_word' id='word_1_582' title='bbox 3118 1648 3222 1703; x_wconf 73' lang='lat' dir='ltr'><strong>huc</strong></span> <span class='ocrx_word' id='word_1_583' title='bbox 3268 1647 3475 1704; x_wconf 84' lang='lat' dir='ltr'><strong>relerre</strong></span> <span class='ocrx_word' id='word_1_584' title='bbox 3516 1663 3619 1702; x_wconf 87' lang='lat' dir='ltr'><strong>non</strong></span> <span class='ocrx_word' id='word_1_585' title='bbox 3650 1664 3745 1702; x_wconf 78' lang='lat' dir='ltr'><strong>sn-</strong></span> 
     </span>
    </p>
   </div>
   <div class='ocr_carea' id='block_1_83' title="bbox 2160 1731 2356 1784">
    <p class='ocr_par' dir='ltr' id='par_1_83' title="bbox 2160 1731 2356 1784">
     <span class='ocr_line' id='line_1_83' title="bbox 2160 1731 2356 1784; baseline 0 0"><span class='ocrx_word' id='word_1_586' title='bbox 2160 1731 2356 1784; x_wconf 84' lang='lat' dir='ltr'><strong>slincu.</strong></span> 
     </span>
    </p>
   </div>
   <div class='ocr_carea' id='block_1_84' title="bbox 2230 1811 3754 1871">
    <p class='ocr_par' dir='ltr' id='par_1_84' title="bbox 2230 1811 3754 1871">
     <span class='ocr_line' id='line_1_84' title="bbox 2230 1811 3754 1871; baseline 0.001 -6"><span class='ocrx_word' id='word_1_587' title='bbox 2230 1812 2368 1867; x_wconf 83' lang='lat' dir='ltr'><strong>Ibid.</strong></span> <span class='ocrx_word' id='word_1_588' title='bbox 2397 1812 2790 1868; x_wconf 66' lang='grc' dir='ltr'><strong>Μωιὸακὰδα.</strong></span> <span class='ocrx_word' id='word_1_589' title='bbox 2806 1811 2945 1868; x_wconf 79' lang='lat' dir='ltr'><strong>Illuc</strong></span> <span class='ocrx_word' id='word_1_590' title='bbox 2969 1813 3171 1871; x_wconf 84' lang='lat' dir='ltr'><strong>Cilices</strong></span> <span class='ocrx_word' id='word_1_591' title='bbox 3189 1813 3573 1870; x_wconf 79' lang='lat' dir='ltr'><strong>Mandaeadeni</strong></span> <span class='ocrx_word' id='word_1_592' title='bbox 3599 1813 3754 1868; x_wconf 83' lang='lat' dir='ltr'><strong>inter</strong></span> 
     </span>
    </p>
   </div>
   <div class='ocr_carea' id='block_1_85' title="bbox 2163 1892 3747 1965">
    <p class='ocr_par' dir='ltr' id='par_1_85' title="bbox 2163 1892 3747 1965">
     <span class='ocr_line' id='line_1_85' title="bbox 2163 1892 3747 1965; baseline 0.001 -17"><span class='ocrx_word' id='word_1_593' title='bbox 2163 1892 2493 1962; x_wconf 75' lang='lat' dir='ltr'><strong>Hellesponti</strong></span> <span class='ocrx_word' id='word_1_594' title='bbox 2517 1895 2733 1953; x_wconf 80' lang='lat' dir='ltr'><strong>accolas</strong></span> <span class='ocrx_word' id='word_1_595' title='bbox 2752 1896 2927 1952; x_wconf 77' lang='lat' dir='ltr'><strong>Plinio</strong></span> <span class='ocrx_word' id='word_1_596' title='bbox 2950 1913 3004 1962; x_wconf 86' lang='lat' dir='ltr'><strong>v,</strong></span> <span class='ocrx_word' id='word_1_597' title='bbox 3035 1898 3107 1953; x_wconf 79' lang='lat'><strong>50</strong></span> <span class='ocrx_word' id='word_1_598' title='bbox 3127 1913 3193 1953; x_wconf 72' lang='lat' dir='ltr'><strong>ex</strong></span> <span class='ocrx_word' id='word_1_599' title='bbox 3222 1896 3488 1953; x_wconf 81' lang='lat' dir='ltr'><strong>Ilarduini</strong></span> <span class='ocrx_word' id='word_1_600' title='bbox 3514 1895 3747 1965; x_wconf 78' lang='lat' dir='ltr'><strong>pulchra</strong></span> 
     </span>
    </p>
   </div>
   <div class='ocr_carea' id='block_1_86' title="bbox 2162 1978 2564 2033">
    <p class='ocr_par' dir='ltr' id='par_1_86' title="bbox 2162 1978 2564 2033">
     <span class='ocr_line' id='line_1_86' title="bbox 2162 1978 2564 2033; baseline 0.005 -2"><span class='ocrx_word' id='word_1_601' title='bbox 2162 1978 2564 2033; x_wconf 78' lang='lat' dir='ltr'><strong>emendatione.</strong></span> 
     </span>
    </p>
   </div>
   <div class='ocr_carea' id='block_1_87' title="bbox 2233 2060 3753 2135">
    <p class='ocr_par' dir='ltr' id='par_1_87' title="bbox 2233 2060 3753 2135">
     <span class='ocr_line' id='line_1_87' title="bbox 2233 2060 3753 2135; baseline 0 -19"><span class='ocrx_word' id='word_1_602' title='bbox 2233 2061 2369 2117; x_wconf 83' lang='lat' dir='ltr'><strong>Ibid.</strong></span> <span class='ocrx_word' id='word_1_603' title='bbox 2415 2060 2854 2132; x_wconf 77' lang='grc' dir='ltr'><strong>Ἑρταστήριον.</strong></span> <span class='ocrx_word' id='word_1_604' title='bbox 2884 2061 3046 2119; x_wconf 64' lang='lat' dir='ltr'><strong>Vicus</strong></span> <span class='ocrx_word' id='word_1_605' title='bbox 3068 2062 3323 2135; x_wconf 82' lang='lat' dir='ltr'><strong>Cyzicum</strong></span> <span class='ocrx_word' id='word_1_606' title='bbox 3353 2063 3496 2118; x_wconf 80' lang='lat' dir='ltr'><strong>inter</strong></span> <span class='ocrx_word' id='word_1_607' title='bbox 3528 2072 3581 2118; x_wconf 89' lang='lat' dir='ltr'><strong>et</strong></span> <span class='ocrx_word' id='word_1_608' title='bbox 3608 2061 3753 2116; x_wconf 75' lang='lat' dir='ltr'><strong>Per-</strong></span> 
     </span>
    </p>
   </div>
   <div class='ocr_carea' id='block_1_88' title="bbox 2163 2144 3746 2215">
    <p class='ocr_par' dir='ltr' id='par_1_88' title="bbox 2163 2144 3746 2215">
     <span class='ocr_line' id='line_1_88' title="bbox 2163 2144 3746 2215; baseline 0.001 -20"><span class='ocrx_word' id='word_1_609' title='bbox 2163 2158 2402 2214; x_wconf 70' lang='lat' dir='ltr'><strong>gnatum,</strong></span> <span class='ocrx_word' id='word_1_610' title='bbox 2445 2146 2536 2200; x_wconf 79' lang='lat' dir='ltr'><strong>sed</strong></span> <span class='ocrx_word' id='word_1_611' title='bbox 2583 2146 2710 2201; x_wconf 76' lang='lat' dir='ltr'><strong>hinc</strong></span> <span class='ocrx_word' id='word_1_612' title='bbox 2755 2145 2947 2202; x_wconf 86' lang='lat' dir='ltr'><strong>stadiis</strong></span> <span class='ocrx_word' id='word_1_613' title='bbox 2993 2145 3102 2200; x_wconf 71' lang='lat' dir='ltr'><strong>M0</strong></span> <span class='ocrx_word' id='word_1_614' title='bbox 3151 2153 3467 2215; x_wconf 78' lang='lat' dir='ltr'><strong>separatus,</strong></span> <span class='ocrx_word' id='word_1_615' title='bbox 3503 2144 3746 2199; x_wconf 79' lang='lat' dir='ltr'><strong>metallis</strong></span> 
     </span>
    </p>
   </div>
   <div class='ocr_carea' id='block_1_89' title="bbox 2164 2228 3751 2301">
    <p class='ocr_par' dir='ltr' id='par_1_89' title="bbox 2164 2228 3751 2301">
     <span class='ocr_line' id='line_1_89' title="bbox 2164 2228 3751 2301; baseline -0.002 -19"><span class='ocrx_word' id='word_1_616' title='bbox 2164 2228 2394 2284; x_wconf 82' lang='lat' dir='ltr'><strong>celebris</strong></span> <span class='ocrx_word' id='word_1_617' title='bbox 2423 2240 2584 2298; x_wconf 79' lang='lat' dir='ltr'><strong>atque</strong></span> <span class='ocrx_word' id='word_1_618' title='bbox 2609 2231 2917 2301; x_wconf 79' lang='lat' dir='ltr'><strong>Ergastcria</strong></span> <span class='ocrx_word' id='word_1_619' title='bbox 2950 2231 3150 2295; x_wconf 67' lang='lat' dir='ltr'><strong>dictus,</strong></span> <span class='ocrx_word' id='word_1_620' title='bbox 3184 2231 3259 2284; x_wconf 89' lang='lat' dir='ltr'><strong>uti</strong></span> <span class='ocrx_word' id='word_1_621' title='bbox 3290 2228 3525 2285; x_wconf 72' lang='lat' dir='ltr'><strong>Ortclius</strong></span> <span class='ocrx_word' id='word_1_622' title='bbox 3558 2229 3751 2284; x_wconf 81' lang='lat' dir='ltr'><strong>adiur-</strong></span> 
     </span>
    </p>
   </div>
   <div class='ocr_carea' id='block_1_90' title="bbox 2163 2314 3751 2389">
    <p class='ocr_par' dir='ltr' id='par_1_90' title="bbox 2163 2314 3751 2389">
     <span class='ocr_line' id='line_1_90' title="bbox 2163 2314 3751 2389; baseline -0.001 -21"><span class='ocrx_word' id='word_1_623' title='bbox 2163 2314 2301 2380; x_wconf 89' lang='lat' dir='ltr'><strong>nuit,</strong></span> <span class='ocrx_word' id='word_1_624' title='bbox 2334 2315 2574 2370; x_wconf 88' lang='lat' dir='ltr'><strong>occurrit</strong></span> <span class='ocrx_word' id='word_1_625' title='bbox 2598 2316 2740 2386; x_wconf 85' lang='lat' dir='ltr'><strong>apud</strong></span> <span class='ocrx_word' id='word_1_626' title='bbox 2772 2315 3200 2389; x_wconf 57' lang='lat' dir='ltr'><strong>Galcuum‘mp‘t</strong></span> <span class='ocrx_word' id='word_1_627' title='bbox 3229 2315 3417 2369; x_wconf 73' lang='grc' dir='ltr'>ἁπλῶν</span> <span class='ocrx_word' id='word_1_628' title='bbox 3448 2331 3629 2385; x_wconf 58' lang='lat' dir='ltr'><strong>(pupis.</strong></span> <span class='ocrx_word' id='word_1_629' title='bbox 3664 2330 3751 2382; x_wconf 78' lang='lat' dir='ltr'><strong>Ix,</strong></span> 
     </span>
    </p>
   </div>
   <div class='ocr_carea' id='block_1_91' title="bbox 2164 2396 3742 2471">
    <p class='ocr_par' dir='ltr' id='par_1_91' title="bbox 2164 2396 3742 2471">
     <span class='ocr_line' id='line_1_91' title="bbox 2164 2396 3742 2471; baseline -0.001 -19"><span class='ocrx_word' id='word_1_630' title='bbox 2164 2413 2217 2467; x_wconf 87' lang='lat' dir='ltr'><strong>p.</strong></span> <span class='ocrx_word' id='word_1_631' title='bbox 2246 2397 2369 2453; x_wconf 71' lang='lat' dir='ltr'><strong>I27.</strong></span> <span class='ocrx_word' id='word_1_632' title='bbox 2404 2398 2648 2454; x_wconf 73' lang='grc' dir='ltr'><strong>καλεῖται</strong></span> <span class='ocrx_word' id='word_1_633' title='bbox 2677 2399 2722 2452; x_wconf 83' lang='grc' dir='ltr'>δ’</span> <span class='ocrx_word' id='word_1_634' title='bbox 2762 2399 3157 2471; x_wconf 72' lang='grc' dir='ltr'><strong>Ἐργαστήρια,</strong></span> <span class='ocrx_word' id='word_1_635' title='bbox 3198 2399 3397 2468; x_wconf 89' lang='lat' dir='ltr'><strong>inquit,</strong></span> <span class='ocrx_word' id='word_1_636' title='bbox 3429 2396 3591 2467; x_wconf 83' lang='grc' dir='ltr'><strong>κώμη</strong></span> <span class='ocrx_word' id='word_1_637' title='bbox 3632 2415 3742 2460; x_wconf 85' lang='grc' dir='ltr'><strong>τις.</strong></span> 
     </span>
    </p>
   </div>
   <div class='ocr_carea' id='block_1_92' title="bbox 2162 2477 3754 2557">
    <p class='ocr_par' dir='ltr' id='par_1_92' title="bbox 2162 2477 3754 2557">
     <span class='ocr_line' id='line_1_92' title="bbox 2162 2477 3754 2557; baseline 0 -22"><span class='ocrx_word' id='word_1_638' title='bbox 2162 2483 2221 2536; x_wconf 76' lang='grc' dir='ltr'>ὲν</span> <span class='ocrx_word' id='word_1_639' title='bbox 2302 2484 2395 2536; x_wconf 72' lang='grc' dir='ltr'><strong>καὶ</strong></span> <span class='ocrx_word' id='word_1_640' title='bbox 2416 2483 2655 2553; x_wconf 80' lang='grc' dir='ltr'><strong>μέταλλα</strong></span> <span class='ocrx_word' id='word_1_641' title='bbox 2672 2483 2807 2545; x_wconf 77' lang='grc' dir='ltr'>ἔστι,</span> <span class='ocrx_word' id='word_1_642' title='bbox 2818 2484 3019 2554; x_wconf 76' lang='grc' dir='ltr'>μεταξὺ</span> <span class='ocrx_word' id='word_1_643' title='bbox 3041 2481 3335 2556; x_wconf 79' lang='grc' dir='ltr'><strong>Περγάμου</strong></span> <span class='ocrx_word' id='word_1_644' title='bbox 3359 2481 3453 2536; x_wconf 75' lang='grc' dir='ltr'><strong>καὶ</strong></span> <span class='ocrx_word' id='word_1_645' title='bbox 3475 2478 3754 2547; x_wconf 77' lang='grc' dir='ltr'><strong>Κυζίκου,</strong></span> 
     </span>
    </p>
   </div>
   <div class='ocr_carea' id='block_1_93' title="bbox 2164 2564 3754 2639">
    <p class='ocr_par' dir='ltr' id='par_1_93' title="bbox 2164 2564 3754 2639">
     <span class='ocr_line' id='line_1_93' title="bbox 2164 2564 3754 2639; baseline -0.001 -21"><span class='ocrx_word' id='word_1_646' title='bbox 2164 2565 2413 2631; x_wconf 75' lang='grc' dir='ltr'><strong>σταδίους</strong></span> <span class='ocrx_word' id='word_1_647' title='bbox 2447 2567 2728 2638; x_wconf 72' lang='grc' dir='ltr'><strong>ἀπέχοντα</strong></span> <span class='ocrx_word' id='word_1_648' title='bbox 2774 2568 3074 2639; x_wconf 75' lang='grc' dir='ltr'><strong>Περγάμου</strong></span> <span class='ocrx_word' id='word_1_649' title='bbox 3118 2564 3510 2636; x_wconf 71' lang='grc' dir='ltr'><strong>τετρακοσίους</strong></span> <span class='ocrx_word' id='word_1_650' title='bbox 3543 2580 3754 2618; x_wconf 78' lang='grc' dir='ltr'><strong>τεσσα-</strong></span> 
     </span>
    </p>
   </div>
   <div class='ocr_carea' id='block_1_94' title="bbox 2165 2649 3745 2721">
    <p class='ocr_par' dir='ltr' id='par_1_94' title="bbox 2165 2649 3745 2721">
     <span class='ocr_line' id='line_1_94' title="bbox 2165 2649 3745 2721; baseline -0.003 -17"><span class='ocrx_word' id='word_1_651' title='bbox 2165 2649 2425 2721; x_wconf 79' lang='grc' dir='ltr'><strong>ράκοντα.</strong></span> <span class='ocrx_word' id='word_1_652' title='bbox 2473 2651 2608 2706; x_wconf 79' lang='lat' dir='ltr'><strong>Eunt</strong></span> <span class='ocrx_word' id='word_1_653' title='bbox 2659 2667 2689 2706; x_wconf 84' lang='lat' dir='ltr'><strong>a</strong></span> <span class='ocrx_word' id='word_1_654' title='bbox 2741 2661 2928 2706; x_wconf 79' lang='lat' dir='ltr'><strong>nostro</strong></span> <span class='ocrx_word' id='word_1_655' title='bbox 2981 2649 3116 2705; x_wconf 74' lang='lat' dir='ltr'><strong>nihil</strong></span> <span class='ocrx_word' id='word_1_656' title='bbox 3160 2649 3474 2719; x_wconf 75' lang='lat' dir='ltr'><strong>discrepare</strong></span> <span class='ocrx_word' id='word_1_657' title='bbox 3525 2658 3745 2702; x_wconf 87' lang='lat' dir='ltr'><strong>certum</strong></span> 
     </span>
    </p>
   </div>
   <div class='ocr_carea' id='block_1_95' title="bbox 2163 2734 2359 2789">
    <p class='ocr_par' dir='ltr' id='par_1_95' title="bbox 2163 2734 2359 2789">
     <span class='ocr_line' id='line_1_95' title="bbox 2163 2734 2359 2789; baseline -0.01 -1"><span class='ocrx_word' id='word_1_658' title='bbox 2163 2734 2359 2789; x_wconf 70' lang='lat' dir='ltr'><strong>Italico.</strong></span> 
     </span>
    </p>
   </div>
   <div class='ocr_carea' id='block_1_96' title="bbox 2235 2812 3753 2887">
    <p class='ocr_par' dir='ltr' id='par_1_96' title="bbox 2235 2812 3753 2887">
     <span class='ocr_line' id='line_1_96' title="bbox 2235 2812 3753 2887; baseline -0.005 -15"><span class='ocrx_word' id='word_1_659' title='bbox 2235 2819 2372 2873; x_wconf 89' lang='lat' dir='ltr'><strong>Ibid.</strong></span> <span class='ocrx_word' id='word_1_660' title='bbox 2416 2816 2709 2886; x_wconf 76' lang='grc' dir='ltr'><strong>Μάνδραι.</strong></span> <span class='ocrx_word' id='word_1_661' title='bbox 2752 2815 3022 2887; x_wconf 61' lang='lat' dir='ltr'><strong>Europis:</strong></span> <span class='ocrx_word' id='word_1_662' title='bbox 3072 2815 3302 2871; x_wconf 84' lang='lat' dir='ltr'><strong>&#39;l&#39;roadis</strong></span> <span class='ocrx_word' id='word_1_663' title='bbox 3339 2813 3623 2882; x_wconf 78' lang='lat' dir='ltr'><strong>oppidum,</strong></span> <span class='ocrx_word' id='word_1_664' title='bbox 3679 2812 3753 2865; x_wconf 83' lang='lat' dir='ltr'><strong>de</strong></span> 
     </span>
    </p>
   </div>
   <div class='ocr_carea' id='block_1_97' title="bbox 2164 2895 3749 2971">
    <p class='ocr_par' dir='ltr' id='par_1_97' title="bbox 2164 2895 3749 2971">
     <span class='ocr_line' id='line_1_97' title="bbox 2164 2895 3749 2971; baseline -0.004 -18"><span class='ocrx_word' id='word_1_665' title='bbox 2164 2916 2275 2971; x_wconf 82' lang='lat' dir='ltr'><strong>quo</strong></span> <span class='ocrx_word' id='word_1_666' title='bbox 2298 2900 2497 2957; x_wconf 87' lang='lat' dir='ltr'><strong>Strabo</strong></span> <span class='ocrx_word' id='word_1_667' title='bbox 2524 2915 2646 2964; x_wconf 81' lang='lat' dir='ltr'><strong>xm,</strong></span> <span class='ocrx_word' id='word_1_668' title='bbox 2676 2915 2734 2969; x_wconf 91' lang='lat' dir='ltr'><strong>p.</strong></span> <span class='ocrx_word' id='word_1_669' title='bbox 2765 2898 2875 2954; x_wconf 69' lang='lat'><strong>603</strong></span> <span class='ocrx_word' id='word_1_670' title='bbox 2892 2911 2944 2953; x_wconf 89' lang='lat' dir='ltr'><strong>et</strong></span> <span class='ocrx_word' id='word_1_671' title='bbox 2972 2915 3023 2968; x_wconf 88' lang='lat' dir='ltr'><strong>p.</strong></span> <span class='ocrx_word' id='word_1_672' title='bbox 3050 2899 3179 2961; x_wconf 65' lang='lat' dir='ltr'><strong>(illi,</strong></span> <span class='ocrx_word' id='word_1_673' title='bbox 3203 2898 3294 2953; x_wconf 78' lang='lat' dir='ltr'><strong>ubi</strong></span> <span class='ocrx_word' id='word_1_674' title='bbox 3324 2908 3507 2951; x_wconf 81' lang='lat' dir='ltr'><strong>tamen</strong></span> <span class='ocrx_word' id='word_1_675' title='bbox 3535 2895 3749 2949; x_wconf 67' lang='grc' dir='ltr'>Κλεανκ</span> 
     </span>
    </p>
   </div>
   <div class='ocr_carea' id='block_1_98' title="bbox 2163 2980 3752 3054">
    <p class='ocr_par' dir='ltr' id='par_1_98' title="bbox 2163 2980 3752 3054">
     <span class='ocr_line' id='line_1_98' title="bbox 2163 2980 3752 3054; baseline -0.002 -20"><span class='ocrx_word' id='word_1_676' title='bbox 2163 2983 2312 3054; x_wconf 76' lang='grc' dir='ltr'>δρία,</span> <span class='ocrx_word' id='word_1_677' title='bbox 2343 2982 2500 3048; x_wconf 80' lang='lat' dir='ltr'><strong>male,</strong></span> <span class='ocrx_word' id='word_1_678' title='bbox 2531 2983 2637 3038; x_wconf 81' lang='lat' dir='ltr'><strong>nisi</strong></span> <span class='ocrx_word' id='word_1_679' title='bbox 2674 2982 2857 3047; x_wconf 81' lang='lat' dir='ltr'><strong>fallor,</strong></span> <span class='ocrx_word' id='word_1_680' title='bbox 2886 2982 3016 3036; x_wconf 87' lang='lat' dir='ltr'><strong>olim</strong></span> <span class='ocrx_word' id='word_1_681' title='bbox 3049 2982 3183 3035; x_wconf 84' lang='lat' dir='ltr'><strong>mihi</strong></span> <span class='ocrx_word' id='word_1_682' title='bbox 3219 2980 3543 3044; x_wconf 80' lang='lat' dir='ltr'><strong>videbatur;</strong></span> <span class='ocrx_word' id='word_1_683' title='bbox 3579 2994 3752 3047; x_wconf 79' lang='lat' dir='ltr'><strong>quam</strong></span> 
     </span>
    </p>
   </div>
   <div class='ocr_carea' id='block_1_99' title="bbox 2164 3065 3749 3139">
    <p class='ocr_par' dir='ltr' id='par_1_99' title="bbox 2164 3065 3749 3139">
     <span class='ocr_line' id='line_1_99' title="bbox 2164 3065 3749 3139; baseline -0.006 -13"><span class='ocrx_word' id='word_1_684' title='bbox 2164 3085 2264 3139; x_wconf 78' lang='lat' dir='ltr'><strong>ego</strong></span> <span class='ocrx_word' id='word_1_685' title='bbox 2286 3070 2617 3139; x_wconf 85' lang='lat' dir='ltr'><strong>opinionem,</strong></span> <span class='ocrx_word' id='word_1_686' title='bbox 2642 3068 2749 3125; x_wconf 80' lang='lat' dir='ltr'><strong>etsi</strong></span> <span class='ocrx_word' id='word_1_687' title='bbox 2773 3068 3136 3138; x_wconf 84' lang='lat' dir='ltr'><strong>plausibilem,</strong></span> <span class='ocrx_word' id='word_1_688' title='bbox 3160 3081 3355 3136; x_wconf 70' lang='lat' dir='ltr'><strong>urgere</strong></span> <span class='ocrx_word' id='word_1_689' title='bbox 3381 3065 3546 3120; x_wconf 81' lang='lat' dir='ltr'><strong>nolim</strong></span> <span class='ocrx_word' id='word_1_690' title='bbox 3572 3083 3588 3120; x_wconf 87' lang='lat'><strong>:</strong></span> <span class='ocrx_word' id='word_1_691' title='bbox 3611 3067 3749 3137; x_wconf 68' lang='lat' dir='ltr'><strong>qtth</strong></span> 
     </span>
    </p>
   </div>
   <div class='ocr_carea' id='block_1_100' title="bbox 2164 3152 3753 3225">
    <p class='ocr_par' dir='ltr' id='par_1_100' title="bbox 2164 3152 3753 3225">
     <span class='ocr_line' id='line_1_100' title="bbox 2164 3152 3753 3225; baseline -0.008 -9"><span class='ocrx_word' id='word_1_692' title='bbox 2164 3158 2214 3216; x_wconf 86' lang='lat' dir='ltr'><strong>si</strong></span> <span class='ocrx_word' id='word_1_693' title='bbox 2253 3158 2401 3213; x_wconf 85' lang='lat' dir='ltr'><strong>enim</strong></span> <span class='ocrx_word' id='word_1_694' title='bbox 2448 3173 2478 3211; x_wconf 89' lang='lat' dir='ltr'><strong>a</strong></span> <span class='ocrx_word' id='word_1_695' title='bbox 2516 3157 2690 3212; x_wconf 88' lang='lat' dir='ltr'><strong>caulis</strong></span> <span class='ocrx_word' id='word_1_696' title='bbox 2733 3156 2893 3211; x_wconf 82' lang='lat' dir='ltr'><strong>boum</strong></span> <span class='ocrx_word' id='word_1_697' title='bbox 2940 3165 3104 3225; x_wconf 84' lang='lat' dir='ltr'><strong>atque</strong></span> <span class='ocrx_word' id='word_1_698' title='bbox 3150 3156 3331 3210; x_wconf 82' lang='lat' dir='ltr'><strong>ovium</strong></span> <span class='ocrx_word' id='word_1_699' title='bbox 3380 3152 3509 3209; x_wconf 77' lang='lat' dir='ltr'><strong>loco</strong></span> <span class='ocrx_word' id='word_1_700' title='bbox 3548 3166 3753 3206; x_wconf 81' lang='lat' dir='ltr'><strong>nomen</strong></span> 
     </span>
    </p>
   </div>
   <div class='ocr_carea' id='block_1_101' title="bbox 2168 3238 3752 3315">
    <p class='ocr_par' dir='ltr' id='par_1_101' title="bbox 2168 3238 3752 3315">
     <span class='ocr_line' id='line_1_101' title="bbox 2168 3238 3752 3315; baseline -0.006 -15"><span class='ocrx_word' id='word_1_701' title='bbox 2168 3244 2427 3300; x_wconf 58' lang='lat' dir='ltr'><strong>haeserit?</strong></span> <span class='ocrx_word' id='word_1_702' title='bbox 2477 3243 2543 3299; x_wconf 86' lang='lat' dir='ltr'><strong>Ut</strong></span> <span class='ocrx_word' id='word_1_703' title='bbox 2576 3240 2815 3298; x_wconf 82' lang='lat' dir='ltr'><strong>Mandris</strong></span> <span class='ocrx_word' id='word_1_704' title='bbox 2853 3244 2997 3298; x_wconf 84' lang='lat' dir='ltr'><strong>circa</strong></span> <span class='ocrx_word' id='word_1_705' title='bbox 3029 3241 3349 3315; x_wconf 71' lang='lat' dir='ltr'><strong>Byzantium</strong></span> <span class='ocrx_word' id='word_1_706' title='bbox 3382 3241 3439 3294; x_wconf 84' lang='lat' dir='ltr'><strong>in</strong></span> <span class='ocrx_word' id='word_1_707' title='bbox 3483 3238 3752 3310; x_wconf 79' lang='lat' dir='ltr'><strong>Dionysiii</strong></span> 
     </span>
    </p>
   </div>
   <div class='ocr_carea' id='block_1_102' title="bbox 2164 3323 3750 3399">
    <p class='ocr_par' dir='ltr' id='par_1_102' title="bbox 2164 3323 3750 3399">
     <span class='ocr_line' id='line_1_102' title="bbox 2164 3323 3750 3399; baseline -0.008 -14"><span class='ocrx_word' id='word_1_708' title='bbox 2164 3328 2531 3399; x_wconf 79' lang='lat' dir='ltr'><strong>descriptione</strong></span> <span class='ocrx_word' id='word_1_709' title='bbox 2579 3326 2804 3397; x_wconf 83' lang='lat' dir='ltr'><strong>Bospori</strong></span> <span class='ocrx_word' id='word_1_710' title='bbox 2853 3326 2992 3398; x_wconf 87' lang='lat' dir='ltr'><strong>apud</strong></span> <span class='ocrx_word' id='word_1_711' title='bbox 3046 3324 3166 3381; x_wconf 89' lang='lat' dir='ltr'><strong>Pet.</strong></span> <span class='ocrx_word' id='word_1_712' title='bbox 3210 3324 3442 3395; x_wconf 72' lang='lat' dir='ltr'><strong>Gyllium</strong></span> <span class='ocrx_word' id='word_1_713' title='bbox 3492 3337 3553 3387; x_wconf 83' lang='lat' dir='ltr'><strong>it,</strong></span> <span class='ocrx_word' id='word_1_714' title='bbox 3590 3323 3646 3387; x_wconf 77' lang='grc'><strong>4,</strong></span> <span class='ocrx_word' id='word_1_715' title='bbox 3691 3331 3750 3376; x_wconf 84' lang='lat' dir='ltr'><strong>et</strong></span> 
     </span>
    </p>
   </div>
   <div class='ocr_carea' id='block_1_103' title="bbox 2166 3403 3754 3479">
    <p class='ocr_par' dir='ltr' id='par_1_103' title="bbox 2166 3403 3754 3479">
     <span class='ocr_line' id='line_1_103' title="bbox 2166 3403 3754 3479; baseline -0.008 -11"><span class='ocrx_word' id='word_1_716' title='bbox 2166 3413 2402 3468; x_wconf 75' lang='lat' dir='ltr'><strong>Mandrae</strong></span> <span class='ocrx_word' id='word_1_717' title='bbox 2434 3413 2486 3467; x_wconf 91' lang='lat' dir='ltr'><strong>iu</strong></span> <span class='ocrx_word' id='word_1_718' title='bbox 2518 3411 2802 3468; x_wconf 63' lang='lat' dir='ltr'><strong>Palaestina</strong></span> <span class='ocrx_word' id='word_1_719' title='bbox 2839 3425 3000 3479; x_wconf 84' lang='lat' dir='ltr'><strong>quam</strong></span> <span class='ocrx_word' id='word_1_720' title='bbox 3032 3407 3297 3479; x_wconf 71' lang='lat' dir='ltr'><strong>Josepbus</strong></span> <span class='ocrx_word' id='word_1_721' title='bbox 3322 3405 3387 3460; x_wconf 84' lang='lat' dir='ltr'><strong>A.</strong></span> <span class='ocrx_word' id='word_1_722' title='bbox 3416 3405 3458 3460; x_wconf 85' lang='lat' dir='ltr'><strong>I.</strong></span> <span class='ocrx_word' id='word_1_723' title='bbox 3500 3406 3568 3460; x_wconf 82' lang='grc'>10</span> <span class='ocrx_word' id='word_1_724' title='bbox 3593 3405 3626 3459; x_wconf 86' lang='lat'><strong>9</strong></span> <span class='ocrx_word' id='word_1_725' title='bbox 3658 3403 3687 3475; x_wconf 84' lang='lat'><strong>§</strong></span> <span class='ocrx_word' id='word_1_726' title='bbox 3714 3403 3754 3455; x_wconf 81' lang='grc' dir='ltr'><strong>’τ</strong></span> 
     </span>
    </p>
   </div>
   <div class='ocr_carea' id='block_1_104' title="bbox 2167 3488 3751 3566">
    <p class='ocr_par' dir='ltr' id='par_1_104' title="bbox 2167 3488 3751 3566">
     <span class='ocr_line' id='line_1_104' title="bbox 2167 3488 3751 3566; baseline -0.007 -14"><span class='ocrx_word' id='word_1_727' title='bbox 2167 3505 2459 3552; x_wconf 84' lang='lat' dir='ltr'><strong>memorat.</strong></span> <span class='ocrx_word' id='word_1_728' title='bbox 2482 3497 2659 3566; x_wconf 76' lang='lat' dir='ltr'><strong>Atque</strong></span> <span class='ocrx_word' id='word_1_729' title='bbox 2683 3496 2785 3550; x_wconf 88' lang='lat' dir='ltr'><strong>hoc</strong></span> <span class='ocrx_word' id='word_1_730' title='bbox 2816 3509 2913 3564; x_wconf 82' lang='lat' dir='ltr'><strong>pro</strong></span> <span class='ocrx_word' id='word_1_731' title='bbox 2939 3502 3220 3562; x_wconf 84' lang='lat' dir='ltr'><strong>comperto</strong></span> <span class='ocrx_word' id='word_1_732' title='bbox 3245 3498 3390 3546; x_wconf 84' lang='lat' dir='ltr'><strong>esset</strong></span> <span class='ocrx_word' id='word_1_733' title='bbox 3412 3488 3751 3553; x_wconf 80' lang='lat' dir='ltr'><strong>habendum,</strong></span> 
     </span>
    </p>
   </div>
   <div class='ocr_carea' id='block_1_105' title="bbox 2162 3569 3747 3651">
    <p class='ocr_par' dir='ltr' id='par_1_105' title="bbox 2162 3569 3747 3651">
     <span class='ocr_line' id='line_1_105' title="bbox 2162 3569 3747 3651; baseline -0.008 -15"><span class='ocrx_word' id='word_1_734' title='bbox 2162 3582 2208 3638; x_wconf 87' lang='lat' dir='ltr'><strong>si</strong></span> <span class='ocrx_word' id='word_1_735' title='bbox 2236 3582 2365 3651; x_wconf 84' lang='lat' dir='ltr'><strong>quid</strong></span> <span class='ocrx_word' id='word_1_736' title='bbox 2397 3580 2738 3636; x_wconf 83' lang='lat' dir='ltr'><strong>auctoritatis</strong></span> <span class='ocrx_word' id='word_1_737' title='bbox 2760 3576 2957 3633; x_wconf 75' lang='lat' dir='ltr'><strong>.ioanni</strong></span> <span class='ocrx_word' id='word_1_738' title='bbox 2992 3574 3198 3631; x_wconf 72' lang='lat' dir='ltr'><strong>Malalae</strong></span> <span class='ocrx_word' id='word_1_739' title='bbox 3223 3574 3428 3629; x_wconf 82' lang='lat' dir='ltr'><strong>inesset</strong></span> <span class='ocrx_word' id='word_1_740' title='bbox 3462 3589 3478 3626; x_wconf 90' lang='lat'><strong>:</strong></span> <span class='ocrx_word' id='word_1_741' title='bbox 3508 3569 3747 3626; x_wconf 80' lang='lat' dir='ltr'><strong>allirmat</strong></span> 
     </span>
    </p>
   </div>
   <div class='ocr_carea' id='block_1_106' title="bbox 2164 3654 3744 3734">
    <p class='ocr_par' dir='ltr' id='par_1_106' title="bbox 2164 3654 3744 3734">
     <span class='ocr_line' id='line_1_106' title="bbox 2164 3654 3744 3734; baseline -0.008 -14"><span class='ocrx_word' id='word_1_742' title='bbox 2164 3666 2309 3720; x_wconf 84' lang='lat' dir='ltr'><strong>enim</strong></span> <span class='ocrx_word' id='word_1_743' title='bbox 2357 3676 2487 3720; x_wconf 90' lang='lat' dir='ltr'><strong>tom.</strong></span> <span class='ocrx_word' id='word_1_744' title='bbox 2527 3664 2570 3729; x_wconf 82' lang='grc' dir='ltr'>ι,</span> <span class='ocrx_word' id='word_1_745' title='bbox 2619 3679 2677 3734; x_wconf 82' lang='lat' dir='ltr'><strong>p.</strong></span> <span class='ocrx_word' id='word_1_746' title='bbox 2732 3662 2836 3718; x_wconf 77' lang='lat' dir='ltr'><strong>IM</strong></span> <span class='ocrx_word' id='word_1_747' title='bbox 2888 3659 3164 3716; x_wconf 84' lang='lat' dir='ltr'><strong>Priamum</strong></span> <span class='ocrx_word' id='word_1_748' title='bbox 3217 3656 3523 3726; x_wconf 79' lang='lat' dir='ltr'><strong>seposuisse</strong></span> <span class='ocrx_word' id='word_1_749' title='bbox 3572 3654 3744 3709; x_wconf 83' lang='lat' dir='ltr'><strong>lilium</strong></span> 
     </span>
    </p>
   </div>
   <div class='ocr_carea' id='block_1_107' title="bbox 2161 3738 3752 3817">
    <p class='ocr_par' dir='ltr' id='par_1_107' title="bbox 2161 3738 3752 3817">
     <span class='ocr_line' id='line_1_107' title="bbox 2161 3738 3752 3817; baseline -0.008 -12"><span class='ocrx_word' id='word_1_750' title='bbox 2161 3749 2531 3805; x_wconf 75' lang='lat' dir='ltr'><strong>Alexandrum</strong></span> <span class='ocrx_word' id='word_1_751' title='bbox 2570 3748 2624 3802; x_wconf 92' lang='lat' dir='ltr'><strong>in</strong></span> <span class='ocrx_word' id='word_1_752' title='bbox 2659 3760 2792 3817; x_wconf 79' lang='lat' dir='ltr'><strong>agro</strong></span> <span class='ocrx_word' id='word_1_753' title='bbox 2820 3744 3047 3815; x_wconf 82' lang='grc' dir='ltr'><strong>ὀνόματι</strong></span> <span class='ocrx_word' id='word_1_754' title='bbox 3086 3741 3335 3812; x_wconf 71' lang='grc' dir='ltr'><strong>Μάνδρᾳ,</strong></span> <span class='ocrx_word' id='word_1_755' title='bbox 3367 3738 3752 3809; x_wconf 71' lang='grc' dir='ltr'><strong>γαλακτοτρα-</strong></span> 
     </span>
    </p>
   </div>
   <div class='ocr_carea' id='block_1_108' title="bbox 2165 3820 3745 3902">
    <p class='ocr_par' dir='ltr' id='par_1_108' title="bbox 2165 3820 3745 3902">
     <span class='ocr_line' id='line_1_108' title="bbox 2165 3820 3745 3902; baseline -0.005 -17"><span class='ocrx_word' id='word_1_756' title='bbox 2165 3832 2333 3902; x_wconf 80' lang='grc' dir='ltr'>φῆναι</span> <span class='ocrx_word' id='word_1_757' title='bbox 2386 3831 2538 3899; x_wconf 78' lang='grc' dir='ltr'><strong>παρὰ</strong></span> <span class='ocrx_word' id='word_1_758' title='bbox 2581 3829 2803 3900; x_wconf 69' lang='grc' dir='ltr'>γηπόνῳ</span> <span class='ocrx_word' id='word_1_759' title='bbox 2849 3828 2977 3884; x_wconf 80' lang='grc' dir='ltr'>τινί.</span> <span class='ocrx_word' id='word_1_760' title='bbox 3026 3825 3126 3881; x_wconf 81' lang='lat' dir='ltr'><strong>Est</strong></span> <span class='ocrx_word' id='word_1_761' title='bbox 3174 3825 3396 3895; x_wconf 88' lang='lat' dir='ltr'><strong>quidem</strong></span> <span class='ocrx_word' id='word_1_762' title='bbox 3441 3824 3493 3877; x_wconf 89' lang='lat' dir='ltr'><strong>in</strong></span> <span class='ocrx_word' id='word_1_763' title='bbox 3546 3820 3745 3877; x_wconf 78' lang='lat' dir='ltr'><strong>Malala</strong></span> 
     </span>
    </p>
   </div>
   <div class='ocr_carea' id='block_1_109' title="bbox 2177 3905 3746 3987">
    <p class='ocr_par' dir='ltr' id='par_1_109' title="bbox 2177 3905 3746 3987">
     <span class='ocr_line' id='line_1_109' title="bbox 2177 3905 3746 3987; baseline -0.006 -17"><span class='ocrx_word' id='word_1_764' title='bbox 2177 3915 2457 3987; x_wconf 77' lang='grc' dir='ltr'><strong>Ἀμάνδρᾳ</strong></span> <span class='ocrx_word' id='word_1_765' title='bbox 2476 3931 2489 3947; x_wconf 78' lang='grc' dir='ltr'><strong>ο</strong></span> <span class='ocrx_word' id='word_1_766' title='bbox 2521 3916 2615 3971; x_wconf 86' lang='lat' dir='ltr'><strong>sed</strong></span> <span class='ocrx_word' id='word_1_767' title='bbox 2639 3922 2842 3969; x_wconf 88' lang='lat' dir='ltr'><strong>rectum</strong></span> <span class='ocrx_word' id='word_1_768' title='bbox 2867 3925 2989 3967; x_wconf 84' lang='lat' dir='ltr'><strong>esse</strong></span> <span class='ocrx_word' id='word_1_769' title='bbox 3016 3911 3160 3980; x_wconf 87' lang='lat' dir='ltr'><strong>quod</strong></span> <span class='ocrx_word' id='word_1_770' title='bbox 3185 3909 3485 3979; x_wconf 84' lang='lat' dir='ltr'><strong>sequimur,</strong></span> <span class='ocrx_word' id='word_1_771' title='bbox 3506 3905 3746 3964; x_wconf 79' lang='lat' dir='ltr'><strong>Cedreai</strong></span> 
     </span>
    </p>
   </div>
   <div class='ocr_carea' id='block_1_110' title="bbox 2164 3993 3282 4070">
    <p class='ocr_par' dir='ltr' id='par_1_110' title="bbox 2164 3993 3282 4070">
     <span class='ocr_line' id='line_1_110' title="bbox 2164 3993 3282 4070; baseline -0.006 -17"><span class='ocrx_word' id='word_1_772' title='bbox 2164 3998 2428 4070; x_wconf 67' lang='grc' dir='ltr'><strong>Μανδρῷ,</strong></span> <span class='ocrx_word' id='word_1_773' title='bbox 2460 3996 2671 4053; x_wconf 86' lang='lat' dir='ltr'><strong>tametsi</strong></span> <span class='ocrx_word' id='word_1_774' title='bbox 2707 3996 2924 4061; x_wconf 82' lang='lat' dir='ltr'><strong>vitioso,</strong></span> <span class='ocrx_word' id='word_1_775' title='bbox 2958 3993 3282 4051; x_wconf 83' lang='lat' dir='ltr'><strong>ostenditur.</strong></span> 
     </span>
    </p>
   </div>
   <div class='ocr_carea' id='block_1_111' title="bbox 2237 4072 3743 4147">
    <p class='ocr_par' dir='ltr' id='par_1_111' title="bbox 2237 4072 3743 4147">
     <span class='ocr_line' id='line_1_111' title="bbox 2237 4072 3743 4147; baseline -0.004 -10"><span class='ocrx_word' id='word_1_776' title='bbox 2237 4081 2374 4138; x_wconf 85' lang='lat' dir='ltr'><strong>Ibid.</strong></span> <span class='ocrx_word' id='word_1_777' title='bbox 2402 4083 2624 4137; x_wconf 77' lang='grc' dir='ltr'><strong>Ἵπποι.</strong></span> <span class='ocrx_word' id='word_1_778' title='bbox 2652 4080 2825 4137; x_wconf 86' lang='lat' dir='ltr'><strong>liabet</strong></span> <span class='ocrx_word' id='word_1_779' title='bbox 2851 4080 3048 4135; x_wconf 85' lang='lat' dir='ltr'><strong>Strabo</strong></span> <span class='ocrx_word' id='word_1_780' title='bbox 3071 4094 3181 4144; x_wconf 75' lang='lat' dir='ltr'><strong>xiv,</strong></span> <span class='ocrx_word' id='word_1_781' title='bbox 3213 4093 3269 4147; x_wconf 77' lang='grc' dir='ltr'><strong>ρ.</strong></span> <span class='ocrx_word' id='word_1_782' title='bbox 3297 4072 3403 4133; x_wconf 64' lang='lat'><strong>6“</strong></span> <span class='ocrx_word' id='word_1_783' title='bbox 3430 4076 3574 4133; x_wconf 85' lang='lat' dir='ltr'><strong>circa</strong></span> <span class='ocrx_word' id='word_1_784' title='bbox 3604 4075 3743 4145; x_wconf 74' lang='lat' dir='ltr'><strong>Ery—</strong></span> 
     </span>
    </p>
   </div>
   <div class='ocr_carea' id='block_1_112' title="bbox 2166 4157 3771 4236">
    <p class='ocr_par' dir='ltr' id='par_1_112' title="bbox 2166 4157 3771 4236">
     <span class='ocr_line' id='line_1_112' title="bbox 2166 4157 3771 4236; baseline -0.01 -13"><span class='ocrx_word' id='word_1_785' title='bbox 2166 4169 2343 4236; x_wconf 87' lang='lat' dir='ltr'><strong>thras,</strong></span> <span class='ocrx_word' id='word_1_786' title='bbox 2372 4167 2536 4222; x_wconf 75' lang='lat' dir='ltr'><strong>Ionite</strong></span> <span class='ocrx_word' id='word_1_787' title='bbox 2564 4165 2778 4231; x_wconf 85' lang='lat' dir='ltr'><strong>urbem,</strong></span> <span class='ocrx_word' id='word_1_788' title='bbox 2809 4164 3030 4235; x_wconf 80' lang='grc' dir='ltr'><strong>νησιδας</strong></span> <span class='ocrx_word' id='word_1_789' title='bbox 3056 4161 3425 4234; x_wconf 73' lang='grc' dir='ltr'><strong>προκειμένας</strong></span> <span class='ocrx_word' id='word_1_790' title='bbox 3450 4157 3739 4229; x_wconf 69' lang='grc' dir='ltr'><strong>τέτταρας,</strong></span> <span class='ocrx_word' id='word_1_791' title='bbox 3766 4204 3771 4205; x_wconf 62' lang='lat'><strong>,</strong></span> 
     </span>
    </p>
   </div>
   <div class='ocr_carea' id='block_1_113' title="bbox 2167 4245 3743 4319">
    <p class='ocr_par' dir='ltr' id='par_1_113' title="bbox 2167 4245 3743 4319">
     <span class='ocr_line' id='line_1_113' title="bbox 2167 4245 3743 4319; baseline -0.003 -13"><span class='ocrx_word' id='word_1_792' title='bbox 2167 4254 2398 4316; x_wconf 75' lang='grc' dir='ltr'>Ἵππους</span> <span class='ocrx_word' id='word_1_793' title='bbox 2430 4249 2807 4319; x_wconf 81' lang='grc' dir='ltr'><strong>καλουμένας·</strong></span> <span class='ocrx_word' id='word_1_794' title='bbox 2849 4264 2970 4318; x_wconf 66' lang='lat' dir='ltr'><strong>quae</strong></span> <span class='ocrx_word' id='word_1_795' title='bbox 3007 4247 3255 4316; x_wconf 81' lang='lat' dir='ltr'><strong>quamvis</strong></span> <span class='ocrx_word' id='word_1_796' title='bbox 3287 4248 3355 4300; x_wconf 83' lang='lat' dir='ltr'><strong>ab</strong></span> <span class='ocrx_word' id='word_1_797' title='bbox 3395 4245 3743 4314; x_wconf 80' lang='lat' dir='ltr'><strong>Hellesponto</strong></span> 
     </span>
    </p>
   </div>
   <div class='ocr_carea' id='block_1_114' title="bbox 2165 4329 3747 4406">
    <p class='ocr_par' dir='ltr' id='par_1_114' title="bbox 2165 4329 3747 4406">
     <span class='ocr_line' id='line_1_114' title="bbox 2165 4329 3747 4406; baseline -0.006 -13"><span class='ocrx_word' id='word_1_798' title='bbox 2165 4337 2441 4393; x_wconf 78' lang='lat' dir='ltr'><strong>abfuerint</strong></span> <span class='ocrx_word' id='word_1_799' title='bbox 2469 4336 2701 4406; x_wconf 78' lang='lat' dir='ltr'><strong>longius,</strong></span> <span class='ocrx_word' id='word_1_800' title='bbox 2729 4334 2785 4389; x_wconf 84' lang='lat' dir='ltr'><strong>in</strong></span> <span class='ocrx_word' id='word_1_801' title='bbox 2830 4348 3053 4389; x_wconf 80' lang='lat' dir='ltr'><strong>censura</strong></span> <span class='ocrx_word' id='word_1_802' title='bbox 3094 4331 3280 4388; x_wconf 75' lang='lat' dir='ltr'><strong>venire</strong></span> <span class='ocrx_word' id='word_1_803' title='bbox 3318 4341 3564 4401; x_wconf 81' lang='lat' dir='ltr'><strong>possent,</strong></span> <span class='ocrx_word' id='word_1_804' title='bbox 3597 4329 3747 4399; x_wconf 80' lang='lat' dir='ltr'><strong>quod</strong></span> 
     </span>
    </p>
   </div>
   <div class='ocr_carea' id='block_1_115' title="bbox 2166 4414 3751 4491">
    <p class='ocr_par' dir='ltr' id='par_1_115' title="bbox 2166 4414 3751 4491">
     <span class='ocr_line' id='line_1_115' title="bbox 2166 4414 3751 4491; baseline -0.005 -13"><span class='ocrx_word' id='word_1_805' title='bbox 2166 4421 2358 4477; x_wconf 68' lang='lat' dir='ltr'><strong>insulae</strong></span> <span class='ocrx_word' id='word_1_806' title='bbox 2407 4420 2613 4491; x_wconf 88' lang='lat' dir='ltr'><strong>pariter</strong></span> <span class='ocrx_word' id='word_1_807' title='bbox 2663 4433 2729 4473; x_wconf 77' lang='lat' dir='ltr'><strong>ac</strong></span> <span class='ocrx_word' id='word_1_808' title='bbox 2769 4416 3146 4488; x_wconf 79' lang='lat' dir='ltr'><strong>Hellespontus</strong></span> <span class='ocrx_word' id='word_1_809' title='bbox 3198 4415 3349 4471; x_wconf 65' lang='lat' dir='ltr'><strong>Asiae</strong></span> <span class='ocrx_word' id='word_1_810' title='bbox 3397 4414 3751 4485; x_wconf 77' lang='lat' dir='ltr'><strong>proconsulis</strong></span> 
     </span>
    </p>
   </div>
   <div class='ocr_carea' id='block_1_116' title="bbox 2167 4496 3748 4574">
    <p class='ocr_par' dir='ltr' id='par_1_116' title="bbox 2167 4496 3748 4574">
     <span class='ocr_line' id='line_1_116' title="bbox 2167 4496 3748 4574; baseline -0.004 -16"><span class='ocrx_word' id='word_1_811' title='bbox 2167 4504 2393 4574; x_wconf 87' lang='lat' dir='ltr'><strong>imperio</strong></span> <span class='ocrx_word' id='word_1_812' title='bbox 2435 4500 2636 4555; x_wconf 80' lang='lat' dir='ltr'><strong>fuerint</strong></span> <span class='ocrx_word' id='word_1_813' title='bbox 2680 4500 2952 4570; x_wconf 62' lang='lat' dir='ltr'><strong>subiectat.</strong></span> <span class='ocrx_word' id='word_1_814' title='bbox 2995 4498 3190 4554; x_wconf 83' lang='lat' dir='ltr'><strong>Tutius</strong></span> <span class='ocrx_word' id='word_1_815' title='bbox 3235 4507 3413 4553; x_wconf 86' lang='lat' dir='ltr'><strong>tamen</strong></span> <span class='ocrx_word' id='word_1_816' title='bbox 3458 4497 3563 4552; x_wconf 84' lang='lat' dir='ltr'><strong>erit</strong></span> <span class='ocrx_word' id='word_1_817' title='bbox 3604 4496 3748 4551; x_wconf 79' lang='lat' dir='ltr'><strong>nihil</strong></span> 
     </span>
    </p>
   </div>
   <div class='ocr_carea' id='block_1_117' title="bbox 2166 4581 3745 4653">
    <p class='ocr_par' dir='ltr' id='par_1_117' title="bbox 2166 4581 3745 4653">
     <span class='ocr_line' id='line_1_117' title="bbox 2166 4581 3745 4653; baseline -0.005 -13"><span class='ocrx_word' id='word_1_818' title='bbox 2166 4586 2346 4648; x_wconf 80' lang='lat' dir='ltr'><strong>linire,</strong></span> <span class='ocrx_word' id='word_1_819' title='bbox 2382 4583 2647 4653; x_wconf 86' lang='lat' dir='ltr'><strong>siquidem</strong></span> <span class='ocrx_word' id='word_1_820' title='bbox 2685 4593 2739 4639; x_wconf 88' lang='lat' dir='ltr'><strong>et</strong></span> <span class='ocrx_word' id='word_1_821' title='bbox 2773 4583 2941 4638; x_wconf 87' lang='lat' dir='ltr'><strong>simili</strong></span> <span class='ocrx_word' id='word_1_822' title='bbox 2963 4583 3181 4639; x_wconf 89' lang='lat' dir='ltr'><strong>nomine</strong></span> <span class='ocrx_word' id='word_1_823' title='bbox 3216 4581 3371 4636; x_wconf 86' lang='lat' dir='ltr'><strong>vicus</strong></span> <span class='ocrx_word' id='word_1_824' title='bbox 3406 4594 3529 4636; x_wconf 87' lang='lat' dir='ltr'><strong>esse</strong></span> <span class='ocrx_word' id='word_1_825' title='bbox 3549 4589 3745 4650; x_wconf 77' lang='lat' dir='ltr'><strong>queat,</strong></span> 
     </span>
    </p>
   </div>
   <div class='ocr_carea' id='block_1_118' title="bbox 2165 4664 3745 4736">
    <p class='ocr_par' dir='ltr' id='par_1_118' title="bbox 2165 4664 3745 4736">
     <span class='ocr_line' id='line_1_118' title="bbox 2165 4664 3745 4736; baseline -0.004 -13"><span class='ocrx_word' id='word_1_826' title='bbox 2165 4679 2219 4723; x_wconf 86' lang='lat' dir='ltr'><strong>et</strong></span> <span class='ocrx_word' id='word_1_827' title='bbox 2260 4668 2451 4723; x_wconf 68' lang='lat' dir='ltr'><strong>insulse</strong></span> <span class='ocrx_word' id='word_1_828' title='bbox 2485 4667 2689 4722; x_wconf 76' lang='lat' dir='ltr'><strong>tectius</strong></span> <span class='ocrx_word' id='word_1_829' title='bbox 2723 4665 3093 4736; x_wconf 84' lang='lat' dir='ltr'><strong>proconsulari</strong></span> <span class='ocrx_word' id='word_1_830' title='bbox 3125 4665 3268 4720; x_wconf 77' lang='lat' dir='ltr'><strong>Asiae</strong></span> <span class='ocrx_word' id='word_1_831' title='bbox 3300 4664 3745 4720; x_wconf 75' lang='lat' dir='ltr'><strong>contribuuntur.</strong></span> 
     </span>
    </p>
   </div>
   <div class='ocr_carea' id='block_1_119' title="bbox 2232 4747 3744 4819">
    <p class='ocr_par' dir='ltr' id='par_1_119' title="bbox 2232 4747 3744 4819">
     <span class='ocr_line' id='line_1_119' title="bbox 2232 4747 3744 4819; baseline -0.003 -12"><span class='ocrx_word' id='word_1_832' title='bbox 2232 4752 2370 4808; x_wconf 85' lang='lat' dir='ltr'><strong>Ibid.</strong></span> <span class='ocrx_word' id='word_1_833' title='bbox 2425 4752 2493 4806; x_wconf 86' lang='grc' dir='ltr'><em>Ὀ</em></span> <span class='ocrx_word' id='word_1_834' title='bbox 2515 4751 2858 4819; x_wconf 73' lang='grc' dir='ltr'><strong>Κισίδηρον.</strong></span> <span class='ocrx_word' id='word_1_835' title='bbox 2888 4747 3047 4804; x_wconf 79' lang='lat' dir='ltr'><strong>Haud</strong></span> <span class='ocrx_word' id='word_1_836' title='bbox 3076 4762 3269 4818; x_wconf 78' lang='lat' dir='ltr'><strong>tuagno</strong></span> <span class='ocrx_word' id='word_1_837' title='bbox 3292 4748 3580 4817; x_wconf 62' lang='lat' dir='ltr'><strong>{molimine</strong></span> <span class='ocrx_word' id='word_1_838' title='bbox 3608 4762 3744 4817; x_wconf 82' lang='lat' dir='ltr'><strong>pro-</strong></span> 
     </span>
    </p>
   </div>
   <div class='ocr_carea' id='block_1_120' title="bbox 2162 4832 3744 4908">
    <p class='ocr_par' dir='ltr' id='par_1_120' title="bbox 2162 4832 3744 4908">
     <span class='ocr_line' id='line_1_120' title="bbox 2162 4832 3744 4908; baseline -0.004 -14"><span class='ocrx_word' id='word_1_839' title='bbox 2162 4839 2285 4894; x_wconf 88' lang='lat' dir='ltr'><strong>cudi</strong></span> <span class='ocrx_word' id='word_1_840' title='bbox 2318 4839 2459 4908; x_wconf 76' lang='grc' dir='ltr'><strong>νοκη</strong></span> <span class='ocrx_word' id='word_1_841' title='bbox 2487 4836 2602 4891; x_wconf 83' lang='lat' dir='ltr'><strong>sire</strong></span> <span class='ocrx_word' id='word_1_842' title='bbox 2634 4837 2771 4904; x_wconf 77' lang='grc' dir='ltr'><strong>Ὠκη</strong></span> <span class='ocrx_word' id='word_1_843' title='bbox 2797 4850 2864 4889; x_wconf 75' lang='lat' dir='ltr'><strong>ex</strong></span> <span class='ocrx_word' id='word_1_844' title='bbox 2889 4833 3132 4889; x_wconf 82' lang='lat' dir='ltr'><strong>vocabuli</strong></span> <span class='ocrx_word' id='word_1_845' title='bbox 3157 4832 3314 4888; x_wconf 90' lang='lat' dir='ltr'><strong>initio</strong></span> <span class='ocrx_word' id='word_1_846' title='bbox 3333 4843 3510 4901; x_wconf 84' lang='lat' dir='ltr'><strong>posset</strong></span> <span class='ocrx_word' id='word_1_847' title='bbox 3534 4850 3550 4899; x_wconf 89' lang='lat'>;</span> <span class='ocrx_word' id='word_1_848' title='bbox 3573 4848 3744 4903; x_wconf 87' lang='lat' dir='ltr'><strong>quam</strong></span> 
     </span>
    </p>
   </div>
   <div class='ocr_carea' id='block_1_121' title="bbox 2163 4914 3743 4986">
    <p class='ocr_par' dir='ltr' id='par_1_121' title="bbox 2163 4914 3743 4986">
     <span class='ocr_line' id='line_1_121' title="bbox 2163 4914 3743 4986; baseline -0.005 -11"><span class='ocrx_word' id='word_1_849' title='bbox 2163 4922 2351 4976; x_wconf 87' lang='lat' dir='ltr'><strong>urbem</strong></span> <span class='ocrx_word' id='word_1_850' title='bbox 2383 4919 2734 4974; x_wconf 81' lang='lat' dir='ltr'><strong>conciliorum</strong></span> <span class='ocrx_word' id='word_1_851' title='bbox 2764 4919 2899 4971; x_wconf 87' lang='lat' dir='ltr'><strong>Acta</strong></span> <span class='ocrx_word' id='word_1_852' title='bbox 2944 4915 3239 4986; x_wconf 72' lang='lat' dir='ltr'><strong>provincize</strong></span> <span class='ocrx_word' id='word_1_853' title='bbox 3283 4914 3617 4983; x_wconf 78' lang='lat' dir='ltr'><strong>Hellesponti</strong></span> <span class='ocrx_word' id='word_1_854' title='bbox 3654 4916 3743 4979; x_wconf 61' lang='grc' dir='ltr'>ἱιιτ-</span> 
     </span>
    </p>
   </div>
   <div class='ocr_carea' id='block_1_122' title="bbox 2160 4996 3744 5068">
    <p class='ocr_par' dir='ltr' id='par_1_122' title="bbox 2160 4996 3744 5068">
     <span class='ocr_line' id='line_1_122' title="bbox 2160 4996 3744 5068; baseline -0.009 -7"><span class='ocrx_word' id='word_1_855' title='bbox 2160 5013 2372 5061; x_wconf 88' lang='lat' dir='ltr'><strong>sernnt.</strong></span> <span class='ocrx_word' id='word_1_856' title='bbox 2394 5001 2528 5057; x_wconf 74' lang='lat' dir='ltr'><strong>Vide</strong></span> <span class='ocrx_word' id='word_1_857' title='bbox 2542 5002 2984 5057; x_wconf 82' lang='lat' dir='ltr'><strong>Chalcedonense</strong></span> <span class='ocrx_word' id='word_1_858' title='bbox 3006 5014 3059 5068; x_wconf 89' lang='lat' dir='ltr'><strong>p.</strong></span> <span class='ocrx_word' id='word_1_859' title='bbox 3082 4998 3206 5053; x_wconf 80' lang='lat'><strong>675.</strong></span> <span class='ocrx_word' id='word_1_860' title='bbox 3223 4997 3471 5067; x_wconf 81' lang='lat' dir='ltr'><strong>Tumque</strong></span> <span class='ocrx_word' id='word_1_861' title='bbox 3487 4996 3744 5068; x_wconf 47' lang='lat' dir='ltr'><strong>meum,</strong></span> 
     </span>
    </p>
   </div>
   <div class='ocr_carea' id='block_1_123' title="bbox 2161 5080 3744 5157">
    <p class='ocr_par' dir='ltr' id='par_1_123' title="bbox 2161 5080 3744 5157">
     <span class='ocr_line' id='line_1_123' title="bbox 2161 5080 3744 5157; baseline -0.006 -17"><span class='ocrx_word' id='word_1_862' title='bbox 2161 5088 2304 5157; x_wconf 90' lang='lat' dir='ltr'><strong>quod</strong></span> <span class='ocrx_word' id='word_1_863' title='bbox 2337 5094 2525 5150; x_wconf 90' lang='lat' dir='ltr'><strong>restat,</strong></span> <span class='ocrx_word' id='word_1_864' title='bbox 2560 5095 2658 5140; x_wconf 91' lang='lat' dir='ltr'><strong>aut</strong></span> <span class='ocrx_word' id='word_1_865' title='bbox 2690 5083 2936 5148; x_wconf 86' lang='lat' dir='ltr'><strong>retineri,</strong></span> <span class='ocrx_word' id='word_1_866' title='bbox 2968 5091 3027 5135; x_wconf 89' lang='lat' dir='ltr'><strong>ut</strong></span> <span class='ocrx_word' id='word_1_867' title='bbox 3052 5082 3180 5147; x_wconf 83' lang='lat' dir='ltr'><strong>vici,</strong></span> <span class='ocrx_word' id='word_1_868' title='bbox 3213 5080 3342 5136; x_wconf 81' lang='lat' dir='ltr'><strong>ferri</strong></span> <span class='ocrx_word' id='word_1_869' title='bbox 3385 5080 3620 5134; x_wconf 80' lang='lat' dir='ltr'><strong>metallis</strong></span> <span class='ocrx_word' id='word_1_870' title='bbox 3647 5093 3744 5133; x_wconf 86' lang='lat' dir='ltr'><strong>co-</strong></span> 
     </span>
    </p>
   </div>
   <div class='ocr_carea' id='block_1_124' title="bbox 2160 5161 3744 5238">
    <p class='ocr_par' dir='ltr' id='par_1_124' title="bbox 2160 5161 3744 5238">
     <span class='ocr_line' id='line_1_124' title="bbox 2160 5161 3744 5238; baseline -0.004 -17"><span class='ocrx_word' id='word_1_871' title='bbox 2160 5170 2323 5238; x_wconf 85' lang='lat' dir='ltr'><strong>piosi,</strong></span> <span class='ocrx_word' id='word_1_872' title='bbox 2376 5183 2574 5224; x_wconf 86' lang='lat' dir='ltr'><strong>nomen</strong></span> <span class='ocrx_word' id='word_1_873' title='bbox 2629 5169 2731 5233; x_wconf 89' lang='lat' dir='ltr'><strong>sit,</strong></span> <span class='ocrx_word' id='word_1_874' title='bbox 2770 5174 2864 5221; x_wconf 85' lang='lat' dir='ltr'><strong>aut</strong></span> <span class='ocrx_word' id='word_1_875' title='bbox 2906 5167 2961 5220; x_wconf 90' lang='lat' dir='ltr'><strong>in</strong></span> <span class='ocrx_word' id='word_1_876' title='bbox 3011 5165 3243 5234; x_wconf 78' lang='grc' dir='ltr'><strong>Σίγειον,</strong></span> <span class='ocrx_word' id='word_1_877' title='bbox 3289 5177 3453 5232; x_wconf 82' lang='lat' dir='ltr'><strong>quam</strong></span> <span class='ocrx_word' id='word_1_878' title='bbox 3505 5161 3744 5217; x_wconf 80' lang='lat' dir='ltr'><strong>Troadis</strong></span> 
     </span>
    </p>
   </div>
   <div class='ocr_carea' id='block_1_125' title="bbox 2161 5246 3744 5323">
    <p class='ocr_par' dir='ltr' id='par_1_125' title="bbox 2161 5246 3744 5323">
     <span class='ocr_line' id='line_1_125' title="bbox 2161 5246 3744 5323; baseline -0.005 -15"><span class='ocrx_word' id='word_1_879' title='bbox 2161 5256 2347 5308; x_wconf 87' lang='lat' dir='ltr'><strong>urbem</strong></span> <span class='ocrx_word' id='word_1_880' title='bbox 2393 5268 2552 5307; x_wconf 82' lang='lat' dir='ltr'><strong>nemo</strong></span> <span class='ocrx_word' id='word_1_881' title='bbox 2596 5251 2829 5323; x_wconf 79' lang='lat' dir='ltr'><strong>ignorat.</strong></span> <span class='ocrx_word' id='word_1_882' title='bbox 2880 5249 3121 5306; x_wconf 76' lang='lat' dir='ltr'><strong>contorti</strong></span> <span class='ocrx_word' id='word_1_883' title='bbox 3170 5248 3461 5315; x_wconf 83' lang='lat' dir='ltr'><strong>oportebit.</strong></span> <span class='ocrx_word' id='word_1_884' title='bbox 3513 5246 3619 5300; x_wconf 83' lang='lat' dir='ltr'><strong>Sed</strong></span> <span class='ocrx_word' id='word_1_885' title='bbox 3658 5247 3744 5300; x_wconf 74' lang='lat' dir='ltr'><strong>hae</strong></span> 
     </span>
    </p>
   </div>
   <div class='ocr_carea' id='block_1_126' title="bbox 2159 5330 3743 5406">
    <p class='ocr_par' dir='ltr' id='par_1_126' title="bbox 2159 5330 3743 5406">
     <span class='ocr_line' id='line_1_126' title="bbox 2159 5330 3743 5406; baseline -0.006 -13"><span class='ocrx_word' id='word_1_886' title='bbox 2159 5339 2487 5405; x_wconf 70' lang='lat' dir='ltr'><strong>conjecturae</strong></span> <span class='ocrx_word' id='word_1_887' title='bbox 2534 5348 2685 5401; x_wconf 89' lang='lat' dir='ltr'><strong>sunt,</strong></span> <span class='ocrx_word' id='word_1_888' title='bbox 2725 5334 2923 5406; x_wconf 86' lang='lat' dir='ltr'><strong>quibus</strong></span> <span class='ocrx_word' id='word_1_889' title='bbox 2968 5335 3086 5404; x_wconf 82' lang='lat' dir='ltr'><strong>ipse</strong></span> <span class='ocrx_word' id='word_1_890' title='bbox 3138 5332 3275 5387; x_wconf 80' lang='lat' dir='ltr'><strong>nihil</strong></span> <span class='ocrx_word' id='word_1_891' title='bbox 3321 5332 3448 5388; x_wconf 77' lang='lat' dir='ltr'><strong>ﬁdo.</strong></span> <span class='ocrx_word' id='word_1_892' title='bbox 3492 5330 3743 5385; x_wconf 85' lang='lat' dir='ltr'><strong>Viderint</strong></span> 
     </span>
    </p>
   </div>
   <div class='ocr_carea' id='block_1_127' title="bbox 2157 5421 2618 5491">
    <p class='ocr_par' dir='ltr' id='par_1_127' title="bbox 2157 5421 2618 5491">
     <span class='ocr_line' id='line_1_127' title="bbox 2157 5421 2618 5491; baseline -0.009 -14"><span class='ocrx_word' id='word_1_893' title='bbox 2157 5437 2286 5491; x_wconf 68' lang='lat' dir='ltr'><strong>ergo</strong></span> <span class='ocrx_word' id='word_1_894' title='bbox 2318 5421 2618 5491; x_wconf 79' lang='lat' dir='ltr'><strong>peritiores.</strong></span> 
     </span>
    </p>
   </div>
   <div class='ocr_carea' id='block_1_128' title="bbox 2233 5497 3743 5571">
    <p class='ocr_par' dir='ltr' id='par_1_128' title="bbox 2233 5497 3743 5571">
     <span class='ocr_line' id='line_1_128' title="bbox 2233 5497 3743 5571; baseline -0.005 -13"><span class='ocrx_word' id='word_1_895' title='bbox 2233 5505 2366 5565; x_wconf 85' lang='lat' dir='ltr'><strong>Ibid.</strong></span> <span class='ocrx_word' id='word_1_896' title='bbox 2414 5502 2663 5571; x_wconf 64' lang='grc' dir='ltr'><strong>Σκέψις.</strong></span> <span class='ocrx_word' id='word_1_897' title='bbox 2713 5502 2823 5556; x_wconf 92' lang='lat' dir='ltr'><strong>Imo</strong></span> <span class='ocrx_word' id='word_1_898' title='bbox 2855 5500 3087 5570; x_wconf 70' lang='grc' dir='ltr'><strong>Σκῆψις,</strong></span> <span class='ocrx_word' id='word_1_899' title='bbox 3133 5500 3198 5553; x_wconf 88' lang='lat' dir='ltr'><strong>de</strong></span> <span class='ocrx_word' id='word_1_900' title='bbox 3234 5514 3338 5569; x_wconf 83' lang='lat' dir='ltr'><strong>qua</strong></span> <span class='ocrx_word' id='word_1_901' title='bbox 3382 5497 3585 5553; x_wconf 87' lang='lat' dir='ltr'><strong>Strabo</strong></span> <span class='ocrx_word' id='word_1_902' title='bbox 3618 5514 3743 5562; x_wconf 73' lang='lat' dir='ltr'><strong>xm,</strong></span> 
     </span>
    </p>
   </div>
   <div class='ocr_carea' id='block_1_129' title="bbox 2198 5586 2369 5644">
    <p class='ocr_par' dir='ltr' id='par_1_129' title="bbox 2198 5586 2369 5644">
     <span class='ocr_line' id='line_1_129' title="bbox 2198 5586 2369 5644; baseline -0.006 0"><span class='ocrx_word' id='word_1_903' title='bbox 2198 5634 2209 5644; x_wconf 92' lang='lat'><strong>.</strong></span> <span class='ocrx_word' id='word_1_904' title='bbox 2245 5586 2369 5643; x_wconf 74' lang='lat'><strong>(309.</strong></span> 
     </span>
    </p>
   </div>
   <div class='ocr_carea' id='block_1_130' title="bbox 2156 5606 3745 5736">
    <p class='ocr_par' dir='ltr' id='par_1_130' title="bbox 2156 5606 3745 5736">
     <span class='ocr_line' id='line_1_130' title="bbox 2198 5606 2369 5644; baseline -0.012 0"><span class='ocrx_word' id='word_1_905' title='bbox 2198 5634 2209 5644; x_wconf 94' lang='lat'><strong>.</strong></span> <span class='ocrx_word' id='word_1_906' title='bbox 2245 5606 2369 5643; x_wconf 72' lang='lat' dir='ltr'><strong>ouo.</strong></span> 
     </span>
     <span class='ocr_line' id='line_1_131' title="bbox 2156 5606 3745 5736; baseline -0.004 -11"><span class='ocrx_word' id='word_1_907' title='bbox 2156 5606 2190 5660; x_wconf 62' lang='grc' dir='ltr'><strong>Ρ</strong></span> <span class='ocrx_word' id='word_1_908' title='bbox 2228 5671 2364 5725; x_wconf 87' lang='lat' dir='ltr'><strong>Ibid.</strong></span> <span class='ocrx_word' id='word_1_909' title='bbox 2411 5669 2556 5724; x_wconf 77' lang='grc' dir='ltr'><strong>Ὑπὸ</strong></span> <span class='ocrx_word' id='word_1_910' title='bbox 2586 5667 3051 5736; x_wconf 73' lang='grc' dir='ltr'><strong>κονσουλάριον.</strong></span> <span class='ocrx_word' id='word_1_911' title='bbox 3079 5668 3283 5723; x_wconf 76' lang='lat' dir='ltr'><strong>Vereor</strong></span> <span class='ocrx_word' id='word_1_912' title='bbox 3307 5666 3653 5721; x_wconf 73' lang='lat' dir='ltr'><strong>vehementer</strong></span> <span class='ocrx_word' id='word_1_913' title='bbox 3685 5676 3745 5718; x_wconf 89' lang='lat' dir='ltr'><strong>nt</strong></span> 
     </span>
    </p>
   </div>
   <div class='ocr_carea' id='block_1_131' title="bbox 2160 5750 3744 5821">
    <p class='ocr_par' dir='ltr' id='par_1_131' title="bbox 2160 5750 3744 5821">
     <span class='ocr_line' id='line_1_132' title="bbox 2160 5750 3744 5821; baseline -0.004 -12"><span class='ocrx_word' id='word_1_914' title='bbox 2160 5759 2261 5809; x_wconf 88' lang='lat' dir='ltr'><strong>hoc</strong></span> <span class='ocrx_word' id='word_1_915' title='bbox 2306 5767 2510 5809; x_wconf 79' lang='lat' dir='ltr'><strong>rectum</strong></span> <span class='ocrx_word' id='word_1_916' title='bbox 2552 5756 2622 5810; x_wconf 87' lang='lat' dir='ltr'><strong>sit</strong></span> <span class='ocrx_word' id='word_1_917' title='bbox 2658 5774 2669 5809; x_wconf 94' lang='lat'>:</span> <span class='ocrx_word' id='word_1_918' title='bbox 2707 5752 2917 5807; x_wconf 81' lang='lat' dir='ltr'><strong>Nolitin</strong></span> <span class='ocrx_word' id='word_1_919' title='bbox 2967 5754 3094 5821; x_wconf 81' lang='lat' dir='ltr'><strong>t&#39;utp.</strong></span> <span class='ocrx_word' id='word_1_920' title='bbox 3131 5752 3333 5806; x_wconf 79' lang='lat' dir='ltr'><strong>Oricnt.</strong></span> <span class='ocrx_word' id='word_1_921' title='bbox 3370 5768 3420 5804; x_wconf 68' lang='grc' dir='ltr'><strong>(ι.</strong></span> <span class='ocrx_word' id='word_1_922' title='bbox 3464 5769 3480 5805; x_wconf 88' lang='grc' dir='ltr'><strong>ι</strong></span> <span class='ocrx_word' id='word_1_923' title='bbox 3514 5750 3744 5817; x_wconf 80' lang='lat' dir='ltr'><strong>provin—</strong></span> 
     </span>
    </p>
   </div>
   <div class='ocr_carea' id='block_1_132' title="bbox 2160 5830 3746 5911">
    <p class='ocr_par' dir='ltr' id='par_1_132' title="bbox 2160 5830 3746 5911">
     <span class='ocr_line' id='line_1_133' title="bbox 2160 5830 3746 5911; baseline -0.005 -16"><span class='ocrx_word' id='word_1_924' title='bbox 2160 5839 2297 5895; x_wconf 86' lang='lat' dir='ltr'><strong>ciam</strong></span> <span class='ocrx_word' id='word_1_925' title='bbox 2330 5839 2470 5894; x_wconf 84' lang='lat' dir='ltr'><strong>hanc</strong></span> <span class='ocrx_word' id='word_1_926' title='bbox 2502 5836 2858 5911; x_wconf 69' lang='lat' dir='ltr'><strong>ptmsidialcm</strong></span> <span class='ocrx_word' id='word_1_927' title='bbox 2890 5835 3044 5902; x_wconf 80' lang='lat' dir='ltr'><strong>facit,</strong></span> <span class='ocrx_word' id='word_1_928' title='bbox 3084 5846 3139 5891; x_wconf 91' lang='lat' dir='ltr'><strong>et</strong></span> <span class='ocrx_word' id='word_1_929' title='bbox 3185 5836 3223 5890; x_wconf 84' lang='grc' dir='ltr'><strong>Ι.</strong></span> <span class='ocrx_word' id='word_1_930' title='bbox 3257 5852 3315 5891; x_wconf 80' lang='grc' dir='ltr'><strong>ιιι</strong></span> <span class='ocrx_word' id='word_1_931' title='bbox 3348 5850 3394 5890; x_wconf 82' lang='lat' dir='ltr'><strong>e.</strong></span> <span class='ocrx_word' id='word_1_932' title='bbox 3428 5830 3636 5890; x_wconf 76' lang='lat' dir='ltr'><strong>Theod.</strong></span> <span class='ocrx_word' id='word_1_933' title='bbox 3672 5834 3746 5889; x_wconf 81' lang='lat' dir='ltr'><strong>de</strong></span> 
     </span>
    </p>
   </div>
   <div class='ocr_carea' id='block_1_133' title="bbox 3357 5921 3387 5949">
    <p class='ocr_par' dir='ltr' id='par_1_133' title="bbox 3357 5921 3387 5949">
     <span class='ocr_line' id='line_1_134' title="bbox 3357 5921 3387 5949; baseline 0 0"><span class='ocrx_word' id='word_1_934' title='bbox 3357 5921 3387 5949; x_wconf 67' lang='grc' dir='ltr'><strong>ο</strong></span> 
     </span>
    </p>
   </div>
  </div>
