4170 6422
535 301 678 369 1115

517 421 556 476 1.
589 419 686 474 ult.
722 435 776 490 p.
810 417 919 473 515
947 425 1000 472 ct
1035 432 1086 486 p.
1121 416 1212 484 89,
1250 415 1338 471 ubi
1371 415 1588 482 Χώνας,
1627 417 1780 470 πόλιν
1805 412 2097 482 εὐδαίμονα

518 504 613 557 καὶ
657 501 919 572 μεγάλην,
968 500 1134 554 πάλαι
1165 499 1261 564 τὰς
1305 500 1597 564 Παλασσὰς
1642 500 1692 553 in
1727 497 1892 555 Basil.
1935 495 2097 559 edit.,

524 601 833 656 perperam.

589 668 849 723 Gabi/.5.
887 665 1597 735 Κερετὰπα.1(ερεταπέων
1615 664 1761 718 numi
1790 663 1929 734 apud
1967 661 2102 716 Ilar-

523 753 750 804 duinum
777 762 830 805 et
855 750 1198 804 Vaillautium
1225 749 1326 803 hoc
1358 749 1594 804 firmant.
1621 747 1829 816 Corrigi
1856 761 1984 814 ergo
2005 744 2106 800 dc-

522 833 652 887 bcnt
679 831 989 886 Theodulus
1029 832 1393 900 Χαιρετάπων
1423 830 1524 899 τῆς
1563 832 1798 900 Φρυγίας
1829 829 1968 897 apud
2001 828 2105 881 So-

520 929 727 972 cratem
754 914 824 968 11.
843 913 908 966 Ε.
942 929 1003 976 Il,
1038 914 1128 979 40,
1145 913 1490 982 Philetasque
1515 915 1720 976 πόλεως
1742 910 2106 982 Χαιρετάπων

526 1000 855 1054 Chalcedon.
887 1015 939 1069 p.
972 997 1097 1064 674,
1134 1007 1187 1053 ct
1223 997 1447 1052 Michael
1485 999 1841 1070 Χαιρετόπων
1883 997 1934 1049 in
1964 995 2106 1048 Actis

520 1081 724 1136 Notaui
759 1082 978 1136 secundi
1005 1081 1200 1136 concil.
1219 1097 1270 1152 p.
1291 1082 1418 1146 556,
1444 1094 1604 1149 atque
1624 1082 1866 1135 Andreas
1895 1080 2106 1148 cpisco-

522 1179 622 1234 pus
653 1162 1014 1234 Ἀερυγαπῶν
1038 1165 1388 1236 Πακατιανῆς
1417 1165 1468 1218 in
1499 1163 1914 1233 Coustautiuop.
1945 1163 2107 1218 tertio

521 1265 574 1318 p.
597 1247 721 1302 674.

597 1331 730 1386 lbid.
763 1335 1145 1403 Θεμεσόνιος.
1177 1332 1252 1386 lta
1286 1331 1694 1387 manu“exarati
1737 1330 1970 1392 codices,
2013 1327 2106 1396 qui

523 1415 864 1484 Θεμεσὼνιον
911 1417 1094 1472 verius
1125 1417 1448 1487 probassent
1483 1418 1550 1468 oh
1582 1413 1872 1470 Strabonis
1915 1412 2110 1468 Pausa-

523 1499 628 1552 nia:
657 1508 714 1553 et
742 1499 1007 1570 Stephani
1045 1502 1413 1554 concordiam.
1450 1498 1796 1568 Θεμισονέων
1828 1510 2108 1548 nummtun

524 1580 688 1635 bahet
711 1581 865 1637 Thes.
888 1581 1095 1637 Britan.
1123 1594 1256 1637 tom.
1289 1584 1329 1646 Ι,
1355 1599 1407 1652 p.
1432 1582 1558 1635 269.
1589 1577 1954 1650 θεμισωνὲων
1983 1575 2105 1645 plu-

524 1678 614 1718 res
646 1662 986 1731 Vaillantius,
1025 1667 1068 1719 si
1118 1679 1296 1721 tamen
1336 1665 1649 1720 earumdem
1682 1663 1898 1718 urbium
1933 1659 2006 1716 illi
2037 1659 2112 1713 in-

524 1748 658 1802 cola:
689 1747 914 1813 fuerint,
946 1766 1050 1819 qua
1083 1750 1151 1804 de
1180 1766 1236 1803 re
1267 1750 1403 1805 alias
1432 1763 1754 1817 quanenms.

599 1829 738 1885 Ibid.
769 1833 1122 1886 Οὐαλεντία.
1153 1833 1447 1886 Pantaleon
1470 1834 1759 1902 episcopus
1781 1827 2110 1888 Οὐαλεντίας

525 1910 748 1968 Nicamo
783 1916 1022 1970 secundo
1053 1932 1109 1983 p.
1155 1916 1260 1968 556
1295 1915 1486 1981 adfuit,
1522 1929 1882 1983 perversaque
1919 1930 1973 1983 p.
2005 1911 2110 1968 597

525 1993 792 2059 Γαλατίας
821 1997 990 2053 fuisse
1013 1998 1233 2052 dicitur.
1257 1997 1524 2051 Poluisset
1549 1997 1772 2052 Carolus
1799 2013 1828 2050 a
1860 1995 1918 2052 S.
1947 1995 2112 2052 Paulo

525 2077 629 2133 bac
669 2079 801 2134 urbe
831 2079 1127 2151 Geograph.
1169 2080 1323 2136 διιεῖ.
1367 2081 1718 2152 locupletare.

601 2163 733 2217 Ibid.
767 2166 1020 2230 Σαναός.
1053 2164 1142 2219 Sic
1165 2175 1216 2219 et
1252 2165 1448 2219 Strabo
1479 2179 1579 2231 χιι,
1609 2181 1659 2233 p.
1691 2164 1792 2219 576
1811 2172 1866 2218 et
1895 2161 2112 2218 Chalce-

529 2243 660 2300 don.
695 2249 892 2303 concil.
935 2263 986 2314 p.
1019 2248 1144 2310 671,
1175 2248 1261 2300 ubi
1297 2249 1594 2302 Antiochus
1623 2247 1830 2304 πόλεως
1866 2246 2108 2300 Σαναῶν.

604 2329 743 2383 Ibid.
773 2331 1189 2396 Κονισὼτολις.
1221 2331 1406 2384 Conna
1458 2341 1511 2384 et
1555 2331 1696 2399 apud
1736 2329 2106 2384 l‘tolemteutn.

529 2420 585 2464 et
614 2411 854 2465 (Ionium.
883 2413 1024 2480 inter
1058 2413 1306 2482 Phrygia:
1340 2413 1500 2466 urbes
1528 2413 1580 2466 iu
1615 2412 1787 2466 Plinio
1821 2426 1873 2477 ν,
1907 2410 1996 2476 52,
2018 2409 2111 2464 sed

526 2509 594 2549 ex
621 2493 876 2550 llarduini
912 2497 1291 2551 etin-udatione
1326 2514 1342 2552 :
1373 2505 1498 2551 ante
1530 2495 1768 2552 Iconium
1789 2504 1924 2550 erat.
1964 2493 2112 2549 Situ-

537 2575 702 2646 polis,
729 2593 848 2646 quite
876 2581 1141 2648 Sequitur,
1175 2580 1410 2634 nondum
1443 2580 1567 2633 alibi
1605 2581 1764 2634 lecta.

598 2657 732 2714 Ibid.
778 2662 1032 2730 Κρὰσος.
1085 2663 1330 2734 Phrygia:
1374 2666 1561 2719 urbem
1591 2663 1844 2732 Crasum,
1893 2663 2114 2732 Κράσον

530 2745 631 2812 τῆς
660 2744 924 2814 Φρυγίας,
959 2749 1024 2798 ad
1059 2763 1222 2816 quam
1258 2747 1593 2817 Nicephorns
1625 2748 1924 2818 imperator
1953 2762 1982 2798 a
2012 2747 2112 2800 Sa-

525 2832 742 2886 racenis
791 2833 977 2901 przelio
1028 2832 1191 2887 fuerit
1239 2834 1436 2900 victus,
1483 2834 1844 2901 Theophanes
1878 2834 2113 2888 Chrono-

525 2915 716 2984 grnph.
760 2932 813 2985 p.
879 2917 985 2972 406
1036 2920 1216 2973 obiter
1257 2931 1546 2974 memorat.
1600 2919 1772 2987 Quam
1825 2935 1953 2973 vero
2007 2919 2113 2974 huc

529 2998 713 3052 retulit
749 3014 812 3053 ex
853 2999 1058 3055 Galerio
1089 3003 1216 3072 περὶ
1246 3020 1402 3074 τροφ.
1433 3002 1632 3073 δυνάμι.
1663 3018 1713 3073 p.
1747 3003 1855 3057 5l2
1886 3002 2115 3058 Crasso-

528 3081 673 3148 polin
698 3082 828 3138 Abr.
861 3083 1124 3153 Ortelius,
1155 3101 1216 3142 ea
1247 3087 1623 3143 diversissima
1649 3095 1756 3152 est,
1786 3094 1842 3141 ut
1868 3101 1967 3142 suo
1997 3086 2116 3142 loco

527 3166 832 3220 ostendam.

601 3247 735 3302 Ibid.
770 3251 1029 3307 Δοῦνὸα.
1059 3255 1282 3311 Rectum
1319 3259 1422 3312 hoc
1446 3271 1568 3312 esse
1629 3253 1967 3325 Nicephorus
1999 3257 2116 3328 epi-

525 3343 557 3386 s
589 3346 724 3400 opus
781 3333 988 3399 πόλεως
1055 3337 1304 3393 Δούνεων
1361 3340 1416 3395 in
1471 3339 1616 3394 Actis
1664 3338 1866 3393 Nicteni
1895 3341 2114 3394 secundi

527 3429 584 3494 p.
619 3413 742 3478 574,
773 3418 987 3473 tametsi
1019 3433 1072 3486 p.
1102 3419 1206 3474 357
1232 3422 1470 3474 Λουῒδων
1493 3422 1703 3477 feratur
1725 3422 1944 3491 praesul,
1970 3434 2116 3494 pate-

526 3493 679 3551 facit.
710 3497 924 3554 Nicetas
963 3501 1105 3558 inter
1140 3501 1387 3574 Phrygia:
1421 3505 1564 3559 circa
1599 3503 1929 3560 Maaandrum
1955 3493 2116 3562 urbes

527 3580 596 3633 τὰ
630 3581 821 3653 Λοῦμα
868 3585 1064 3639 Annal.
1103 3585 1340 3641 Manucl.
1381 3602 1458 3655 νι,
1491 3602 1544 3655 p.
1573 3587 1643 3645 97
1677 3599 1952 3655 recenset;
1995 3605 2115 3659 qua:

527 3663 572 3718 si
609 3666 724 3721 haec
753 3667 979 3732 fuerint,
1013 3669 1080 3722 de
1127 3669 1236 3724 situ
1277 3685 1384 3726 non
1417 3672 1598 3726 omnia
1648 3671 1877 3728 obscura
1930 3683 2111 3728 erunt.

528 3745 813 3818 Utcunque
834 3752 1158 3814 ceciderint,
1189 3769 1293 3807 non
1322 3756 1507 3824 utique
1541 3755 1819 3825 indignum
1852 3756 2111 3826 Oppidum

521 3830 665 3899 quod
690 3829 1072 3908 Ceograpln’am
1091 3832 1313 3890 Sacram
1333 3836 1511 3892 Caroli
1537 3853 1565 3891 a
1592 3836 1650 3893 S.
1676 3837 1842 3893 Paulo
1863 3849 2108 3908 ornaret,

523 3912 725 3971 fuerat.

596 3996 733 4052 Ibid.
770 3999 1010 4066 Μόλπη.
1036 4000 1164 4055 Mss.
1187 4001 1396 4072 Μὸλτη,
1424 4005 1566 4074 quod
1593 4004 1637 4059 si
1664 4019 1855 4073 parum
1879 4005 2108 4075 juvcris,

522 4080 592 4134 ad
631 4095 820 4135 verum
867 4099 966 4138 nos
997 4087 1179 4138 ducet.
1214 4085 1414 4140 Πέλται
1448 4095 1607 4154 sunt,
1645 4103 1782 4157 quas
1809 4087 2108 4158 Xentipbon

524 4161 751 4232 (Exired.
789 4165 914 4233 Cyr.
945 4165 1000 4228 1,
1041 4182 1094 4235 p.
1141 4167 1261 4234 I96)
1289 4170 1356 4224 10
1390 4170 1558 4225 ferme
1589 4173 1902 4240 parasangis
1945 4174 2110 4230 Cela:-

524 4247 610 4301 nis
659 4257 924 4304 semovet.
965 4246 1256 4318 Perperam
1295 4254 1476 4322 itaque
1525 4253 1667 4310 Pella
1711 4255 1764 4309 in
1817 4254 2019 4312 Tabula
2053 4268 2108 4314 et

518 4328 786 4399 Georgius
852 4331 1133 4402 cpiscopus
1205 4335 1422 4389 Πέτλων
1491 4338 1686 4394 concil.
1761 4339 2098 4396 Chalcedon.

520 4429 574 4481 ν.
609 4413 714 4468 574
740 4415 961 4483 rectius,
994 4433 1048 4486 p.
1073 4416 1180 4474 356
1209 4429 1262 4474 et
1283 4418 1696 4491 Constantinop.
1728 4423 1887 4478 tertio
1912 4439 1967 4494 p.
1999 4423 2105 4480 674

520 4497 761 4566 Ιίἐμπων
791 4498 1165 4570 Πακατιανῆς.

589 4580 722 4635 Ibid.
745 4581 1029 4649 Εὐμενία.
1057 4581 1286 4653 Scriptis
1301 4588 1576 4645 codicibus
1591 4591 1907 4659 Εὐμενεῑα,
1920 4605 2098 4661 neque

517 4659 674 4713 aliter
710 4661 852 4714 Actis
893 4661 1095 4717 Nica'ni
1133 4669 1354 4723 secundi
1391 4672 1630 4725 concilii.
1671 4671 1962 4740 Vulgatum
1996 4659 2105 4728 'I‘a-

400 4799 414 4814 ο
517 4741 640 4794 lmla
697 4743 1021 4800 Ptolcmams
1073 4759 1126 4802 et
1180 4749 1376 4805 Strabo
1428 4764 1603 4807 ratum
1655 4754 1878 4808 habent.
1938 4754 2100 4811 Numi

517 4825 811 4894 Εὑμενέων
834 4832 1178 4886 sacerdotum
1205 4836 1515 4890 nominibus
1541 4836 1654 4892 fere
1680 4836 1927 4910 inscripti
1951 4851 2099 4908 sunt;

515 4923 625 4975 quo
669 4908 721 4961 iu
757 4926 953 4980 genere
995 4917 1248 4985 egregius
1279 4927 1364 4971 est
1411 4917 1565 4973 Thes.
1621 4918 1827 4974 Britan.
1853 4908 1994 4979 tom.
2030 4923 2099 4990 Il,

515 5008 568 5080 p.
624 4991 900 5080 _186,“ubi
955 4998 1243 5069 Εὑμενέων
1294 5000 1513 5067 Ἰούλιος
1565 5004 1754 5059 Κλέων
1809 5009 2101 5080 ἀρχιερεὺς

402 5093 411 5109 ί
513 5075 723 5164 ᾍσῖας.
752 5076 983 5164 yidetur
1009 5081 1186 5136 Julius
1214 5082 1406 5149 Cleon,
1445 5097 1502 5140 ut
1527 5086 1705 5144 obiter
1746 5075 1863 5160 ejus
1885 5075 2098 5164 "digna-

517 5159 718 5214 tionem
751 5161 1041 5228 illustrem,
1069 5164 1212 5219 Asire
1237 5175 1288 5220 et
1317 5169 1504 5236 patriai
1538 5172 1688 5226 urbis
1717 5159 1886 5230 fuisse
1915 5159 2098 5229 sa'cer-

510 5243 610 5328 dos
639 5260 922 5328 summus;
958 5261 1066 5315 quo
1099 5254 1256 5304 modo
1290 5249 1342 5304 in
1375 5252 1705 5324 Thyatirena
1738 5258 2097 5328 inscriptione

512 5325 700 5396 Sponii
733 5327 860 5383 Itin.
901 5338 1033 5384 tom.
1077 5330 1119 5395 Ι,
1156 5348 1208 5401 p.
1245 5334 1349 5388 ’594
1384 5335 1454 5392 Μ.
1494 5339 1744 5394 Aurelius
1791 5325 2094 5400 Diadochus

509 5411 804 5498 apxtspeb;
851 5413 1171 5498 τῆςἈσίας
1214 5419 1358 5473 ναῶν
1409 5421 1518 5476 τῶν
1564 5425 1623 5476 ὲν
1672 5427 1948 5498 Περγάμῳ
2000 5431 2095 5482 καὶ

510 5495 807 5581 α-ρχιξρεῦς
846 5497 988 5552 κατὰ
1033 5501 1124 5553 τὸν
1169 5503 1329 5556 αὑτὸν
1372 5507 1562 5576 καιρὸν
1594 5509 1692 5578 τῆς
1731 5495 2004 5581 τξατρίδος,
2040 5522 2094 5568 et

482 5575 593 5669 -Μ,
637 5579 827 5650 Inpius
885 5582 1144 5651 Appulius
1203 5587 1253 5640 iu
1318 5575 1726 5657 Aplirodisieusi
1793 5575 2088 5663 marmore,

511 5673 666 5725 ciuus
707 5675 914 5729 partem
945 5670 1228 5738 exscripsit
1279 5671 1362 5726 .lo.
1417 5675 1629 5731 Masson
1694 5674 1795 5730 l’it.
1840 5679 2088 5736 Aristidis

517 5754 568 5792 a.
602 5755 653 5796 ν.
681 5759 731 5801 c.
763 5745 866 5802 918
904 5749 988 5819 12,
1030 5752 1319 5824 ἀρχιερεὺς
1363 5759 1548 5826 ’Λσῖας
1587 5761 1730 5819 ναῶν
1769 5768 1861 5817 καὶ
1889 5763 1996 5821 πᾶν
2031 5766 2087 5822 ὲν

1502 344 1505 348 -
1562 301 1946 362 ADDENDA.
1980 320 2048 332 *-
2076 296 2142 357 Ρ.
2187 293 2700 357 WESSELINGII

2267 5763 2384 5821 Col.
2437 5761 2561 5820 148.

3656 295 3798 362 lilii

2213 408 2437 481 Σμύρνῃ
2456 409 2518 462 τὸ
2546 410 2764 481 βῖιιίεςο
2793 409 3045 469 traditur.
3080 411 3224 468 Asia:
3244 410 3603 468 sacerdotium
3630 414 3805 466 multo

2208 501 2325 546 erat
2379 493 2778 562 amplissimum
2826 511 2889 550 ac
2943 497 3154 567 magnis
3201 495 3399 566 opibus
3441 496 3736 566 praestabat
3783 510 3801 547 :

2205 575 2478 645 Στέφανος
2522 577 2578 632 δὲ
2610 573 2767 642 οὗτος
2819 579 2986 643 πολὺς
3017 581 3111 633 καὶ
3159 579 3300 649 ὑπὲρ
3338 579 3548 634 πολλῶν
3579 580 3794 654 χρημάι

2205 676 2344 726 των,
2379 660 2551 728 inquit
2585 662 2636 716 iu
2669 661 2989 732 Scopeliano
3018 662 3400 719 Philostratus.
3423 663 3612 727 Sacra,
3640 666 3792 720 cteri-~

2208 743 2417 800 monias
2462 745 2761 816 ludosque,
2795 749 2937 802 unde
2978 749 3030 802 in
3073 747 3483 816 Aphrodisiensi
3521 763 3796 802 marmore

2210 825 2445 893 Apulius
2485 843 2548 880 ea
2584 829 2804 884 mandat
2849 847 2966 898 qua:
3009 831 3162 886 ludos
3193 840 3460 900 spectant,
3489 831 3802 898 curabant;

2208 909 2351 977 quod
2381 910 2556 979 ipsum
2611 913 2834 967 urbium
2866 929 3085 982 quoque
3132 913 3510 969 sacerdotibus
3557 924 3676 968 erat
3713 916 3796 966 in-

2203 989 2477 1058 junctum.
2520 992 2592 1048 De
2625 993 2976 1065 I’eigamenis
3007 1011 3138 1050 sane
3178 1011 3206 1049 a
3239 995 3446 1052 Galcno
3484 997 3800 1054 Commen'.

2210 1077 2338 1144 περὶ
2362 1076 2554 1146 ἀγμῶν
2582 1093 2663 1140 tu,
2704 1093 2755 1146 p.
2779 1079 2882 1131 565
2914 1080 3195 1144 docemur,
3241 1079 3534 1150 quotannis
3568 1096 3802 1134 munera

2209 1157 2531 1226 gladiatoria
2581 1162 2743 1216 edere
2786 1163 2972 1217 solitos
3019 1183 3032 1220 :
3079 1166 3191 1218 Καὶ
3238 1163 3476 1234 μάλιστα
3517 1165 3576 1215 ὲν
3622 1164 3800 1234 Θέρει,

2211 1241 2334 1294 καο’
2359 1243 2418 1294 ὃν
2442 1244 2632 1313 καιρδν
2650 1244 2737 1297 ἀεὶ
2768 1247 2897 1316 παρ’
2923 1247 3054 1316 ἡμῖν
3079 1249 3137 1299 ὲν
3171 1247 3448 1317 Περγάμῳ
3475 1246 3582 1299 τῶν
3606 1248 3796 1318 ἀρχιε-

2214 1323 2352 1393 ρέων
2389 1326 2487 1388 τὰς
2524 1326 2864 1396 καλουμένας
2899 1329 3237 1400 μονομαχίας
3271 1330 3798 1399 ὲπιτελούντωνηιιιί

2211 1411 2459 1474 quamvis
2492 1410 2865 1467 multitudinis
2909 1423 3093 1468 utatur
3126 1429 3374 1478 numero,
3418 1415 3578 1468 unius
3613 1426 3798 1466 tamen

2211 1488 2532 1562 Pergameni
2565 1493 2752 1548 eodem
2781 1505 3025 1562 tempore
3055 1497 3249 1550 summi
3287 1497 3532 1564 praesulis
3559 1497 3798 1566 disposi-

2213 1574 2344 1628 tioni
2378 1590 2532 1630 sacra
2579 1578 2861 1633 suberant.
2901 1579 3019 1633 Bini
3052 1581 3278 1650 singulis
3303 1580 3481 1647 annis,
3517 1580 3656 1636 alter
3693 1585 3800 1636 sub

2212 1661 2476 1724 autumni,
2507 1661 2608 1716 sub
2639 1663 2784 1716 veris
2812 1663 2951 1719 alter
2984 1665 3218 1727 initium,
3254 1664 3603 1730 creabantur,
3631 1666 3799 1721 sicuti

2212 1741 2352 1795 idem
2384 1743 2514 1812 περὶ
2551 1762 2804 1814 φαρμακ.
2845 1748 2986 1800 κατὰ
3020 1747 3153 1816 γένη
3185 1747 3220 1801 2
3260 1765 3313 1818 p.
3355 1748 3461 1804 350
3498 1749 3797 1818 signiﬁcat.

2212 1821 2363 1890 Quod
2406 1841 2534 1881 vero
2576 1828 2720 1881 ναῶν
2763 1829 2870 1882 τῶν
2912 1830 2970 1884 ὲν
3015 1831 3239 1902 Σμύρνῃ
3287 1840 3342 1885 et
3388 1830 3532 1884 ναῶν
3580 1831 3689 1886 τῶν
3738 1835 3799 1885 ὲν

2213 1906 2488 1979 Περγάμῳ
2521 1909 2626 1964 illis
2665 1926 2794 1966 cura
2829 1914 3207 1979 committitur,
3239 1913 3377 1968 forte
3407 1929 3470 1968 ex
3515 1930 3576 1968 ea
3629 1929 3798 1968 causa

2212 2001 2320 2055 est,
2346 1993 2600 2060 quoniam
2627 1994 2729 2048 illa:
2763 1998 2905 2051 mdes
2935 1997 3312 2052 communibus
3341 1999 3664 2053 Asianorum
3691 2000 3800 2052 im-

2214 2075 2395 2142 pensis
2423 2083 2581 2129 sarta:
2619 2087 2771 2131 tceta:
2802 2091 2974 2134 erant.
3000 2081 3134 2145 lloc,
3167 2081 3270 2135 nisi
3316 2081 3493 2143 fallor,
3525 2081 3801 2149 significat

2217 2156 2312 2210 Dio
2341 2157 2761 2230 ClirysostOmus
2779 2172 2916 2217 orat.
2949 2180 3114 2226 xxxv,
3151 2179 3206 2232 p.
3241 2164 3477 2230 434,ι11›1
3499 2165 3796 2234 Apatnieu-

2212 2238 2360 2295 sibus
2387 2243 2480 2296 καὶ
2522 2243 2628 2314 μὴν
2668 2243 2774 2298 τῶν
2806 2247 2968 2315 ίερῶν
3000 2247 3100 2316 τῆς
3124 2246 3314 2311 Ἀσίας
3363 2246 3616 2318 μέτεστιν
3665 2247 3800 2316 ὑμῖν

2211 2323 2312 2393 τῆς
2341 2341 2400 2377 τε
2427 2326 2674 2399 δαπάνης
2702 2329 2960 2383 τοσοῦτον
2987 2330 3111 2384 ὅσον
3134 2330 3372 2394 ἐκείναις
3403 2333 3522 2393 ταῖς
3554 2330 3798 2396 πόλεσιν,

2214 2406 2272 2458 ὲν
2311 2401 2399 2472 αἷς
2445 2410 2564 2464 ἐστι
2600 2411 2668 2464 τὰ
2721 2412 2862 2481 ἱερά.
2894 2411 3014 2466 Iam
3053 2413 3096 2467 si
3128 2413 3422 2484 ἀρχιερεὺς
3458 2413 3558 2482 τῆς
3607 2413 3798 2478 Ἀσίας

2215 2491 2467 2561 princeps
2499 2493 2709 2564 collegii
2744 2493 2841 2550 fuit
2865 2496 3279 2564 Asiarcharum,
3307 2497 3451 2566 quod
3486 2499 3567 2551 vir
3595 2497 3800 2551 doctis-

2214 2574 2384 2630 simus
2410 2580 2730 2641 autumavit,
2771 2588 2983 2649 oportet
3026 2584 3080 2634 in
3132 2581 3406 2634 connnuui
3453 2579 3628 2648 gentis
3663 2594 3798 2632 con-

2215 2657 2340 2712 cilio
2367 2673 2430 2712 ex
2456 2659 2600 2716 Asia:
2626 2663 2854 2717 urbibus
2886 2679 2983 2732 pro
3017 2663 3242 2718 arbitrio
3280 2664 3585 2735 legatorum
3632 2661 3801 2718 fuerit

2217 2739 2389 2796 lectus
2433 2760 2446 2795 :
2490 2745 2722 2800 vidimus
2765 2747 2908 2801 enim
2958 2746 3375 2802 Euincniensem
3418 2759 3468 2800 et
3505 2746 3799 2818 Thyatire-

2217 2839 2374 2889 num;
2426 2824 2806 2895 Scopelianmn
2854 2827 3078 2898 ejusque
3129 2829 3364 2900 majores
3416 2828 3799 2885 Clazomenius

2216 2903 2573 2962 Philostratus
2603 2909 2670 2964 V.
2718 2911 2887 2979 Soph.
2939 2928 2981 2977 t,
3021 2913 3113 2978 ‘2l,
3153 2912 3208 2977 2,
3245 2911 3554 2982 Philippum
3597 2911 3798 2966 Tralli-

2215 3003 2375 3042 auum
2407 2993 2536 3044 Acta
2565 2993 2621 3047 S.
2662 2993 2940 3066 I‘olycarpi
2972 3011 3022 3052 c.
3057 2996 3121 3050 21
3151 2996 3405 3052 offerunt.
3442 2995 3643 3050 Verum
3682 2997 3799 3050 lucc

2218 3075 2454 3129 nomium
2488 3077 2555 3130 ad
2599 3078 2860 3148 liquidum
2894 3081 3162 3148 ‘perducta
3202 3079 3582 3150 spatiosiorem
3616 3080 3798 3148 requi-

2220 3166 2342 3210 runt
2371 3173 2644 3229 campum.
2695 3162 2828 3218 Vide
2856 3163 2942 3218 .lo.
2975 3162 3281 3220 Massouum
3309 3173 3362 3219 et
3391 3163 3589 3218 Ezecb.
3623 3165 3800 3233 Spati-

2219 3239 2364 3295 liem.
2403 3242 2623 3299 Dissert.
2656 3259 2730 3299 xtl
2758 3247 2820 3301 de
2856 3245 2916 3302 V.
2939 3257 2986 3300 et
3029 3246 3096 3302 Ρ.
3131 3253 3294 3300 Nam.
3333 3264 3385 3316 p.
3419 3246 3543 3301 416.

2289 3325 2419 3380 Ibid.
2451 3328 2678 3382 Σιὸλία.
2709 3329 2998 3385 Ptolemaro
3029 3331 3264 3396 Σίλϐιον,
3312 3330 3455 3384 unde
3486 3329 3644 3383 Plinii
3668 3338 3799 3385 sunt

2217 3410 2467 3466 Silhi‘aui.
2504 3412 2728 3471 Nicteno
2759 3418 2997 3472 secundo
3022 3417 3272 3481 concilio,
3315 3433 3368 3486 p.
3397 3416 3521 3472 5⁸14.
3555 3415 3799 3472 Joannes

2217 3497 2446 3564 Σιὸἐως,
2492 3500 2583 3569 qui
2635 3501 2868 3556 rersioni
2924 3503 3211 3572 episcOpus
3250 3499 3453 3556 Silbios
3485 3511 3539 3555 et
3584 3517 3639 3570 p.
3669 3501 3799 3559 596.

2216 3581 2475 3635 Σουσλίου
2513 3582 2734 3650 dicitur,
2790 3599 2986 3640 nomen
3035 3585 3346 3654 adscripsit,
3385 3582 3797 3640 Chalcedonen-

2215 3667 2259 3721 si
2291 3682 2418 3722 vero
2454 3665 2695 3723 Eulalius
2723 3668 2932 3732 πόλεως
2965 3669 3234 3732 Σιΰλείας,
3270 3669 3406 3734 sive,
3443 3677 3499 3723 ut
3528 3680 3685 3725 vetus
3716 3670 3797 3723 iu-

2218 3761 2452 3821 terpres,
2481 3753 2721 3807 civitatis
2760 3752 2938 3818 Silhii,
2975 3769 3029 3822 p.
3065 3753 3170 3809 688
3201 3752 3467 3806 Σούϐλεον
3505 3753 3668 3807 etiam
3712 3751 3796 3808 Ni-

2214 3850 2362 3896 cctas
2395 3837 2568 3894 Chon.
2605 3840 2744 3892 Ann.
2771 3835 3008 3893 Manuel.
3046 3853 3117 3905 vr,
3151 3854 3207 3909 p.
3244 3839 3332 3894 88.

2288 3922 2419 3978 Ibid.
2451 3921 2746 3984 Πέπουζα.
2782 3921 3026 3993 Phrygiae
3061 3923 3248 3978 urbem
3286 3923 3670 3990 desertamque
3695 3937 3794 3976 suo

2213 4013 2455 4075 tempore
2471 4016 2528 4061 et
2557 4004 2955 4076 solomquatam
2985 4005 3322 4077 Epiphanius
3345 4005 3558 4060 l‘lmres.
3593 4006 3686 4070 48,
3725 4005 3792 4059 14

2213 4089 2466 4144 allirmat.
2485 4088 2565 4145 Ab
2589 4088 2936 4159 eaPepuzitis
2959 4105 3155 4145 nomen
3172 4093 3319 4145 venit
3346 4091 3397 4144 in
3430 4091 3466 4145 Ι.
3489 4106 3663 4158 Lix,c.
3682 4089 3786 4149 Th.

2213 4173 2280 4227 de
2308 4174 2507 4229 Haeret.
2533 4191 2548 4240 ;
2583 4188 2720 4244 quos
2742 4189 2864 4228 cum
2896 4173 3063 4244 probe
3089 4171 3205 4228 Jac.
3235 4173 3599 4230 Gothofredus
3631 4189 3790 4228 nove-

2215 4256 2304 4318 rit,
2341 4257 2536 4312 mirere
2566 4256 2753 4327 utique
2785 4258 2885 4327 τὴν
2924 4256 3203 4321 Πέτουζαν
3245 4258 3345 4327 τῆς
3371 4257 3616 4328 Φρυγίας
3648 4259 3794 4326 apud

2209 4339 2626 4413 Philostergium
2652 4340 2722 4396 Η.
2753 4339 2818 4395 Ε.
2846 4356 2925 4404 ιν,
2953 4340 2985 4395 8
3015 4340 3089 4394 illi
3115 4340 3388 4408 negotium
3421 4340 3793 4423 facessivisse.

2211 4421 2451 4480 Valesius
2482 4424 2601 4478 urbi
2641 4439 2799 4478 suum
2833 4437 3029 4478 nomen
3074 4423 3329 4478 reddidit.
3378 4421 3654 4495 πολίχνιον
3691 4428 3794 4495 τῆς

2205 4506 2448 4578 Φρυγίας
2469 4509 2570 4578 τὴν
2596 4507 2876 4569 Πέζουσαν
2905 4507 3243 4562 Aristmnaus
3270 4508 3562 4563 Comment.
3600 4509 3653 4562 iu
3685 4510 3794 4563 Ca-

2208 4603 2334 4643 non.
2375 4589 2408 4643 8
2438 4588 2652 4644 concilii
2685 4588 2977 4646 Laudiceni
3025 4591 3165 4663 apud
3199 4591 3550 4662 Beveregium
3586 4601 3715 4648 lout.
3748 4590 3793 4660 Ι,

2205 4687 2260 4742 p.
2295 4671 2399 4725 456
2437 4671 2694 4741 appellat.

2277 4755 2410 4809 Ibid.
2435 4755 2680 4824 Βριάνα.
2701 4755 3021 4825 Suspicarer
3039 4756 3239 4827 gentile
3265 4757 3434 4826 hujus‘
3448 4757 3640 4810 Ovidio
3667 4774 3792 4814 esse

2204 4837 2555 4906 reddendum,
2578 4839 2620 4893 si
2655 4839 2812 4908 paulo
2867 4840 2997 4893 mihi
3035 4840 3214 4892 notius
3235 4850 3406 4903 esset,
3435 4839 3788 4907 Melttutnrph.

2205 4937 2317 4986 vui,
2344 4923 2444 4976 719
2469 4940 2480 4974 :
2507 4923 2728 4976 ostendit
2755 4922 2925 4975 adhuc
2955 4922 3064 4975 illic
3095 4921 3360 4991 Tyaneius
3391 4923 3564 4976 incola
3601 4924 3664 4974 de
3697 4941 3789 4992 ge-

2201 5009 2344 5062 mina
2384 5009 2576 5063 uicinos
2601 5010 2786 5062 arbore
2805 5020 3043 5062 truncos.
3069 5009 3255 5079 Neque
3276 5014 3447 5072 enim,
3478 5013 3621 5079 quod
3652 5011 3788 5064 Far-

2202 5093 2396 5146 nabius
2425 5093 2650 5162 pulchre
2683 5091 2938 5156 advertit,
2977 5093 3253 5164 Tyaneius
3291 5105 3504 5148 rectum
3527 5110 3650 5148 esse
3685 5109 3787 5162 po-

2200 5177 2346 5230 terit.
2372 5175 2552 5248 Tyana
2585 5187 2740 5230 erant
2770 5178 2821 5230 in
2857 5176 3223 5247 Cappadocia,
3268 5178 3424 5248 longe
3458 5190 3724 5231 terrarum
3755 5196 3786 5231 a

2197 5258 2430 5330 I'Itrygia
2464 5269 2715 5314 semota:
2761 5261 2810 5312 iu
2852 5258 3085 5330 Phrygia
3139 5259 3506 5315 Philemonem
3554 5271 3606 5313 et
3643 5261 3790 5314 Bau-

2197 5344 2368 5398 cidem
2403 5343 2454 5396 iu
2485 5344 2708 5397 arbores
2747 5357 3037 5397 conversos
3066 5357 3186 5397 esse
3213 5355 3367 5413 poeta
3398 5359 3449 5399 ν.
3475 5342 3580 5398 620
3616 5345 3788 5408 signi-

2200 5428 2322 5480 ficat
2357 5447 2370 5478 τ
2404 5427 2530 5480 tilia:
2577 5428 2897 5480 contermina
2952 5443 3176 5496 qut-rcus
3226 5428 3450 5483 collibus
3491 5440 3566 5481 est
3609 5427 3788 5496 Pliry-

2195 5511 2292 5580 giis
2323 5512 2525 5564 modico
2550 5511 2877 5563 circumdata
2906 5527 3074 5563 nmro.
3109 5512 3393 5566 Brianeius
3415 5513 3458 5564 si
3489 5512 3785 5580 legeretur,

2197 5610 2281 5649 res
2317 5594 2450 5648 foret
2498 5592 2902 5648 dillicnltatibus
2949 5604 3196 5665 exempta
3245 5604 3299 5651 et
3339 5605 3508 5666 poeta:
3541 5611 3637 5651 sua
3667 5595 3788 5652 laus

2193 5681 2308 5734 sine
2339 5694 2526 5733 errore
2557 5685 2852 5733 constaret.

2645 5761 2939 5833 Σεϐάστη.
3017 5763 3188 5834 Hujus
3267 5764 3552 5837 cpiscopus
3625 5761 3787 5821 Plato
