4170 6428
461 323 592 389 1117

451 439 659 505 πόλεως
711 438 991 510 Σεϐάστης
1035 443 1391 512 Πακατιανῆς
1438 443 1491 496 in
1527 457 1682 498 conc.
1717 440 2031 498 Constanti-

453 539 582 593 uop.
622 523 804 585 tertia,
832 538 884 592 p.
916 523 1022 578 674
1052 524 1270 594 legitur.
1304 524 1420 581 Huc
1445 526 1585 581 citra
1611 526 1834 580 dubium
1871 526 2039 596 perti-

451 616 544 660 net
605 605 965 674 Σεόαστηνῶν
1010 621 1208 662 nutnus
1263 607 1444 662 Thess.
1516 607 1729 662 Britan.
1784 609 1914 663 tom.
1966 609 2033 674 II,

1240 326 1638 391 COMMENT.
1681 327 1765 390 IN
1804 327 2224 393 HIEROCLIS
2261 332 2808 396 SYNECDEM'UM.

3563 333 3706 400 1118

2146 447 2446 500 eructancti
2479 446 2841 503 incumbentis
2874 446 3062 516 figura.
3099 441 3343 499 Similem
3383 443 3708 506 Vaillantlus
3752 483 3764 495 .

2139 525 2192 580 iu
2222 525 2384 584 Num.
2417 528 2581 599 impp.
2613 527 2842 597 Graecis,
2892 545 2944 598 p.
2997 528 3100 582 185
3147 527 3374 596 profert,
3407 529 3503 583 sed
3541 531 3704 586 alium

2132 609 2474 674 archontem,
2510 611 2612 665 nisi
2644 612 2689 666 si
2722 626 2915 666 nomen
2948 609 3068 678 ejus
3115 610 3363 664 vitiosius
3409 612 3482 666 sit
3514 629 3704 670 excer-

451 705 506 758 p.
540 690 660 744 148.
693 687 919 744 Iuvenis
938 688 1169 760 Phrygia
1190 694 1326 745 tiara
1350 701 1404 745 et
1439 693 1589 746 basta
1611 693 2034 762 conspiciendus
2131 702 2301 761 ptttm,
2345 695 2467 751 sine
2518 694 2702 751 Ilermi
2754 695 3030 764 adscripto
3078 695 3340 748 vocabulo
3365 735 3380 761 ,
3427 705 3705 753 ostentan-

453 772 616 835 ltaue.
651 787 758 826 non
796 769 1157 840 Tectosagum
1189 772 1415 828 Calatia:
1443 775 1689 844 requirit.

520 857 638 911 Col.
692 857 819 912 148.
881 853 1140 917 ἰλουζα.
1184 856 1450 914 Patricius
1509 859 1719 924 πόλεως
1785 860 2031 926 Ἰλθύζων

446 938 723 1010 snam-ia;
746 939 1102 994 Πακατιανῶν
1124 941 1319 996 concil.
1341 942 1623 997 Constant.
1649 943 1897 1014 tertio,p.
1923 945 2029 1001 554

453 1024 608 1076 urbis
637 1037 835 1077 nomen
877 1022 1013 1076 bene
1046 1023 1246 1078 habere
1276 1025 1554 1092 patefacit.

519 1102 653 1160 Ibid.
723 1101 1016 1174 Ἀλκμᾶνα.
1086 1104 1348 1176 Ἀκμονία
1410 1115 1746 1178 oportuerat,
1803 1109 1880 1163 uti
1921 1108 2023 1164 Ch.

446 1186 716 1242 Cellnrius
758 1187 826 1242 ϐ.
861 1186 928 1242 Α.
958 1204 1041 1251 Ill,
1075 1190 1130 1252 4,
1167 1205 1223 1259 p.
1259 1189 1361 1244 I50
1385 1189 1495 1259 jam
1536 1191 1769 1245 monuit.
1798 1189 2022 1246 Genua-

446 1270 572 1324 dius
625 1269 971 1340 Ἀκμοναίων
1013 1271 1476 1328 Chalcedonensis
1525 1273 1745 1330 concilii
1793 1276 2025 1331 decretis

444 1368 644 1408 nomen
669 1355 945 1432 apposuit,
982 1369 1037 1424 p.
1070 1355 1176 1411 668
1203 1369 1301 1426 pro
1332 1355 1670 1426 Ἀκμονέων,
1705 1367 1762 1410 ιιι
1795 1372 1846 1426 p.
1881 1358 2021 1415 40οε

443 1435 730 1507 ’Λκμονεϊς
772 1439 918 1493 enim
967 1439 1020 1492 in
1055 1440 1238 1494 uumis
1289 1439 1480 1494 incola:
1527 1438 1802 1504 dicuntur,
1845 1441 2024 1510 cujus-

443 1520 589 1574 modi
622 1517 785 1575 Thes.
827 1520 1034 1576 Britan.
1072 1529 1206 1577 tom.
1237 1519 1304 1586 Il,
1342 1537 1396 1592 p.
1442 1522 1562 1578 l89.
1613 1520 1743 1576 Iure
1791 1537 1922 1592 ergo
1955 1526 2023 1581 ab

441 1600 645 1657 Ezech.
681 1603 1012 1672 Spanhemio
1055 1604 1275 1659 Diue".
1329 1621 1368 1659 ll
1416 1604 1481 1660 de
1541 1603 1600 1659 V.
1630 1614 1680 1659 et
1724 1604 1789 1662 P.
1826 1607 2018 1675 Nune,

446 1700 501 1754 p.
525 1685 654 1742 280.
674 1687 935 1757 Stephani
959 1688 1282 1758 Ἀκμονιεὺς
1313 1688 1690 1760 proscribitur.

513 1767 648 1823 Ibid.
697 1768 1234 1824 ἈδιοίΛηιοἋλιοί.
1255 1769 1364 1825 Leo
1389 1771 1678 1841 episcopus
1717 1769 1915 1825 ’Λλεῶν
1935 1773 2020 1827 in-

425 1861 523 1906 ,tcr
567 1851 814 1923 Phrygas
851 1853 902 1906 in
947 1851 1169 1908 Nicaeae
1208 1856 1472 1916 secundo,
1519 1869 1573 1924 p.
1617 1853 1723 1910 596
1752 1864 1808 1910 et
1853 1854 2018 1912 Gaius

438 1933 649 2001 πόλεως
691 1935 956 1991 ’Δλιάνων
989 1936 1044 1992 in
1077 1936 1433 2004 Chalcedon.,
1468 1954 1518 2007 p.
1564 1938 1670 1994 674
1701 1940 2015 1996 subscribit.

445 2016 650 2074 Numos
679 2017 942 2088 Ἀλιηνῶν
961 2029 1078 2089 post
1102 2019 1160 2074 L.
1195 2020 1555 2076 llolsteiuium
1586 2032 1735 2076 recto
1767 2021 1852 2077 Io.
1881 2022 2017 2076 Har-

440 2102 641 2158 duinus
686 2101 792 2158 buc
827 2103 1120 2159 revocavit.
1151 2103 1306 2170 Quod
1352 2105 1622 2173 sequitur,
1671 2114 1730 2159 ut
1767 2119 1904 2161 sano
1943 2106 2017 2162 sit

433 2185 618 2240 colore
649 2186 999 2242 vehementer
1046 2201 1255 2243 vereor.
1310 2187 1474 2244 Forte
1520 2188 1736 2260 Χάραξ,
1790 2190 1858 2247 de
1903 2205 2014 2262 quo

431 2267 768 2338 Stephanus,
799 2269 854 2323 iu
890 2285 1023 2326 voce
1053 2271 1342 2328 delitescit.

503 2353 642 2408 Ibid.
692 2355 958 2409 Διοκλέα.
1004 2353 1293 2410 Ptolemaeo
1343 2355 1484 2412 inter
1542 2355 1789 2428 Phrygiae
1846 2357 2012 2416 urbes

430 2436 637 2490 Δόκελα
668 2447 1022 2502 memoratur,
1054 2453 1216 2508 quam
1249 2447 1488 2494 nostram
1514 2454 1634 2496 esse
1667 2443 2010 2509 prtestantis-

429 2521 600 2576 simus
638 2517 908 2574 CeIIarius
936 2520 1228 2575 adﬁrmare
1249 2534 1356 2577 non
1387 2535 1556 2576 ausus
1576 2531 1679 2576 est.
1713 2521 1880 2579 Tollit
1907 2523 2010 2578 du-

427 2601 630 2658 bitandi
672 2617 868 2658 causas
912 2603 1081 2658 codex
1119 2603 1521 2670 Coislinianus,
1565 2605 1814 2660 Διόκλεια
1863 2621 2003 2677 prae—

427 2683 639 2751 ferens,
673 2683 838 2755 idque
868 2684 1128 2741 Evander
1173 2687 1457 2751 Διοκλείας
1504 2688 1734 2744 concilio
1781 2689 2011 2745 Chalce-

426 2765 580 2834 don.,
620 2782 672 2838 p.
707 2768 776 2822 98
811 2770 1084 2836 tuebitur;
1120 2779 1284 2839 atque
1331 2771 1460 2826 hinc
1489 2770 1879 2827 Constantinus
1906 2773 2009 2844 τῆς

423 2851 829 2923 Διοκλητιάνων
865 2853 1074 2916 πόλεως
1101 2855 1301 2910 concil.
1338 2853 1564 2924 Ephesi,
1604 2869 1658 2926 p.
1705 2855 1809 2911 533
1835 2857 2008 2912 corri-

422 2936 634 3006 gendus
667 2945 771 2990 est.

493 3018 633 3074 Ibid.
715 3019 1034 3089 Ἀρίστων.
1099 3018 1299 3076 Paulus
1369 3019 1526 3096 hujus
1583 3022 1734 3078 urbis
1811 3023 2007 3094 pracsul

422 3101 696 3173 Ἀριστίου
731 3103 782 3157 iu
815 3103 1078 3162 Chalced.
1112 3118 1165 3173 p.
1203 3102 1308 3158 528
1351 3113 1408 3158 et
1445 3103 1548 3159 668
1590 3104 1732 3160 inter
1764 3104 2008 3178 Phrygas

421 3201 620 3244 nomen
642 3202 799 3245 suum
826 3187 1412 3260 proﬂtetur.Augeatur
1433 3202 1565 3260 ergo
1581 3188 1752 3245 Sacra
1776 3187 2009 3262 Geogra-

417 3270 544 3340 phie
574 3281 630 3325 ct
661 3272 761 3327 hoc
788 3272 986 3341 oppido
1020 3273 1126 3328 hue
1155 3287 1327 3342 usque
1355 3271 1626 3341 neglecto.

491 3354 630 3410 Ibid.
665 3353 993 3421 Κίδυσσος.
1024 3353 1224 3410 Verum
1257 3364 1340 3410 est
1373 3353 1674 3422 Κύδισσοςς
1709 3355 1851 3410 unde
1882 3372 2007 3426 pra-

419 3453 488 3494 ve
511 3437 648 3508 apud
682 3436 1034 3493 Ptolemaeum
1055 3436 1214 3507 vulgo
1244 3436 1566 3506 Κυδὸησείς,
1603 3453 1703 3507 pro
1739 3453 1849 3508 quo
1893 3455 2000 3494 ms.

419 3521 788 3576 Cuisliniauus
840 3518 1170 3582 Κυδδεσσετς
1217 3527 1273 3573 ct
1321 3518 1651 3576 Barberiuus
1683 3521 1751 3575 ab
1785 3520 1848 3575 L.
1875 3521 2002 3577 Ilol-

419 3604 616 3660 steinio
661 3604 940 3673 inspectus
985 3601 1296 3664 Κυδισσεῖς.
1343 3601 1596 3659 Concilio
1643 3603 1999 3671 Chalcedon.,

417 3701 474 3755 ιι.
505 3685 629 3741 674.
669 3684 952 3742 Ilcraelius
1005 3685 1218 3748 τώλεως
1263 3684 1534 3738 Κυδίσσου
1567 3695 1622 3739 et
1671 3684 1892 3741 Nieamo
1915 3703 2002 3743 se-

417 3769 618 3834 cundo,
657 3787 710 3841 p.
764 3770 892 3825 574.
931 3769 1180 3825 Andreas
1231 3768 1518 3835 Κιδέστου,
1564 3769 1662 3826 sed
1713 3771 1998 3839 mendoso,

417 3853 737 3910 subscribit.

490 3935 627 3991 Ibid.
671 3935 866 3992 Ἀπία.
895 3935 1123 3992 Praestat
1151 3935 1383 4001 Ἀππία,
1416 3934 1561 3992 unde
1597 3936 1828 4007 Appiani
1853 3939 1997 4008 apud

415 4019 652 4076 Plinium
679 4029 735 4073 et
767 4020 1082 4076 Ciceronem
1120 4019 1291 4089 Epist.
1324 4035 1404 4082 ttt,
1439 4020 1494 4075 7.
1531 4021 1771 4086 Ἀππίας
1802 4023 1998 4092 praesul

414 4113 501 4159 est
543 4104 596 4158 in
631 4101 849 4159 Nicamo
877 4105 1140 4172 secundo,
1193 4118 1249 4174 p.
1305 4103 1430 4158 574.
1477 4101 1556 4159 De
1583 4105 1837 4176 sequenti
1863 4105 1997 4162 nihil

413 4186 627 4241 dixero.
967 4191 996 4201 ’

487 4270 621 4325 Ibid.
659 4268 898 4330 Ἂζανοί.
935 4267 1028 4326 Sic
1073 4269 1380 4341 Stephanus
1431 4279 1486 4326 et
1545 4285 1704 4327 manu
1738 4283 1996 4329 exaratus

414 4351 759 4406 bibliothecae
806 4349 1154 4417 Coisliniante
1195 4354 1364 4408 codex
1411 4353 1712 4419 Ptolemai,
1744 4369 1996 4425 saepeque

411 4435 771 4490 conciliorum
803 4436 936 4489 Acta
965 4451 984 4489 .'
1011 4436 1159 4490 uumi
1184 4436 1489 4501 Αίζανιτῶν
1521 4437 1702 4507 plures
1728 4439 1996 4504 Αίξανοὺς

413 4521 709 4589 postulant.
781 4519 914 4575 \‘ide
974 4519 1332 4587 Ilolsteinium
1399 4523 1454 4578 in
1516 4523 1877 4592 Stephanum,
1939 4532 1995 4579 et

413 4603 615 4658 Ειροιι.
643 4603 1033 4673 Spaubemium
1089 4603 1308 4660 Dissert.
1334 4621 1387 4660 ix
1415 4605 1485 4662 de
1511 4604 1580 4662 P.
1614 4615 1665 4662 et
1707 4605 1766 4663 I’.
1798 4605 1990 4673 Num,

411 4704 470 4759 p.
503 4686 631 4749 628,
665 4697 718 4740 et
748 4685 1106 4740 Harduinum.

485 4770 619 4827 Ibid.
661 4769 1120 4838 Τιϐεριούπολις.
1155 4770 1413 4841 Τιϐερίου
1441 4771 1598 4840 πᾴλιν
1625 4773 1724 4844 τῆς
1753 4774 1993 4846 Φρυγίας

410 4855 578 4909 habet
607 4852 865 4908 Socrates
902 4851 973 4906 Η.
1004 4849 1070 4906 Ε.
1106 4866 1204 4918 vn,
1236 4853 1306 4910 46
1335 4863 1389 4909 et
1428 4853 1772 4920 Ptolemaeus,
1807 4867 1862 4909 et
1898 4857 1993 4910 Τι-

411 4935 762 5008 ϐεριούπολιν
827 4936 1184 5007 Πακατιανῆς
1254 4935 1668 5006 Constantittop.
1734 4938 1988 5006 tertium,

409 5037 465 5092 p.
506 5019 631 5076 676.

483 5103 618 5158 Ibid.
648 5100 852 5158 Κάδοι.
891 5101 1187 5157 Notissima
1224 5102 1356 5157 urbs
1384 5109 1489 5167 est,
1527 5101 1680 5170 cujus
1701 5104 1989 5176 cpiscopus

409 5186 692 5255 Philippus
713 5185 930 5249 πόλεως
962 5185 1155 5242 Κάδων
1203 5185 1553 5256 Πακατιανῆς
1579 5189 1811 5243 concilio
1841 5191 1988 5244 Con-

407 5271 706 5338 stantiuop.
743 5269 923 5332 tertio,
962 5285 1015 5339 p.
1064 5270 1170 5325 674
1217 5271 1531 5327 subscribit.
1565 5271 1680 5325 Sita
1726 5273 1854 5328 urbs
1887 5274 1990 5329 fuit

409 5355 466 5409 iu
498 5351 923 5422 IinibusLydizn,
981 5351 1232 5422 Phrygiae
1285 5362 1339 5407 et
1389 5352 1590 5422 Mysiae,
1642 5356 1783 5410 unde
1831 5358 1988 5414 modo

410 5438 539 5494 huic
567 5436 725 5491 modo
757 5434 834 5490 illi
878 5451 908 5490 a
944 5436 1219 5491 veteribus
1263 5435 1649 5501 contribuitur,
1685 5447 1738 5491 et
1768 5441 1986 5508 quidem

408 5522 557 5578 circa
616 5517 900 5575 Hermum.
949 5518 1005 5573 Id
1055 5519 1314 5573 docemur
1365 5519 1583 5588 egregio
1642 5536 1808 5576 uumo
1840 5539 1986 5591 gazae

406 5607 717 5674 Wildiana,
755 5606 924 5660 altera
959 5613 1112 5672 parte
1152 5604 1311 5656 ΛΥΤ.
1344 5605 1411 5656 Κ.
1473 5605 1546 5658 Μ.
1603 5605 1986 5664 ΓΟΡΔΙΑΝΟΟ

409 5691 692 5761 inscripto,
723 5692 890 5745 altera
946 5686 1196 5740 EPMOC.
1259 5685 1393 5740 EIII.
1451 5689 1981 5749 KAEOIIA'I'OPOC.

397 5777 668 5874 'APXON.
729 5775 796 5832 Α.
837 5772 1254 5849 ⁵ΚΑΔΟΗΝΩΝ,
1295 5781 1348 5831 ct
1405 5774 1554 5832 ﬂuvii
1595 5792 1744 5834 urnae
1783 5794 1978 5851 aquam

2131 783 2260 828 tenh

2199 857 2335 916 Ibid.
2369 860 2678 915 Θεοδοσία.
2729 859 2841 916 Nec
2887 861 2999 915 haec
3039 874 3143 916 nec
3193 875 3328 915 mss.
3373 859 3700 916 θεοδοσιανὰ

2127 953 2279 997 recta
2304 945 2533 999 videtur.
2560 944 2748 1000 Potior
2773 954 2859 1000 est
2886 943 3350 1008 Θεοδοσιούπολις,
3377 948 3532 1014 cujus
3564 961 3702 1015 prm-

2123 1026 2207 1079 sul
2239 1028 2473 1082 concilio
2503 1028 2861 1092 Chalcedon.,
2883 1043 2936 1098 p.
2967 1026 3094 1083 244.
3117 1026 3356 1081 Thomas
3384 1027 3700 1082 Θεοδοσιουο

2124 1109 2363 1164 πολιτῶν
2395 1111 2606 1175 πόλεως
2645 1113 2914 1183 ἐπαρχίας
2950 1110 3192 1184 Φρυγίας
3222 1109 3572 1182 Πακατιανῆς
3600 1127 3694 1167 vo-

2121 1203 2302 1252 catur.

2194 1277 2329 1332 Ibid.
2361 1277 2645 1346 Ἄγκυρα.
2676 1276 2789 1331 Non
2819 1275 2920 1330 alia
2955 1284 3039 1331 est
3076 1289 3142 1332 ac
3182 1274 3493 1342 Strabonis,
3521 1277 3559 1342 I,
3593 1291 3690 1346 xu,

2122 1358 2308 1428 p.576
2340 1361 2592 1430 Ἀγκυρα
2636 1359 2740 1429 τῆς
2783 1358 3119 1422 Ἀϐασίτιδος
3157 1375 3172 1412 :
3218 1358 3373 1430 cujus
3405 1359 3692 1429 episcopus

2123 1441 2177 1495 in
2209 1442 2441 1496 concilio
2480 1443 2895 1512 Constantiuop.
2945 1441 3124 1506 tertio,
3173 1455 3228 1510 p.
3282 1441 3411 1506 482,
3459 1441 3693 1496 Curicus

2133 1523 2604 1596 ’Δγκυροσυννάου
2635 1533 2689 1579 et
2711 1541 2763 1592 p.
2781 1525 2889 1579 465
2909 1523 3187 1594 Ἀγκύρας
3208 1525 3447 1580 Συννάου
3469 1525 3689 1592 dicitur,

2121 1607 2261 1660 haud
2298 1607 2456 1662 dubie
2480 1609 2625 1677 quod
2657 1607 2874 1678 Synuao
2901 1617 3047 1662 esset
3077 1607 3276 1661 vicina.

2189 1688 2327 1745 Ibid.
2360 1691 2656 1755 Σύνναος.
2700 1689 2987 1744 Ptolemaeo
3019 1689 3257 1752 Συναόςε
3293 1700 3540 1747 nostrum
3569 1707 3690 1762 pro-

2116 1771 2208 1824 bat
2253 1772 2506 1826 Arantius
2543 1771 2750 1832 πόλεως
2787 1770 3024 1824 Συννάου
3071 1786 3136 1824 ex
3175 1771 3500 1827 Chalcedon.
3531 1789 3688 1830 conc.

2114 1868 2169 1923 ιι.
2203 1853 2329 1920 674,
2361 1865 2415 1908 et
2441 1869 2562 1924 qum
2585 1855 2651 1908 de
2685 1857 2896 1925 Ancyra
2924 1852 3058 1908 dixi.
3090 1852 3282 1908 Vitiosi
3315 1853 3369 1908 in
3403 1856 3555 1910 urbis
3585 1872 3688 1910 no-

2116 1937 2261 1990 mine
2290 1936 2546 1992 Socratcs
2577 1948 2631 1991 et
2659 1936 2994 2006 Niccpltorns
3017 1943 3164 1989 sunt.
3197 1935 3292 1992 Ille
3332 1935 3403 1989 Η.
3438 1935 3502 1990 Ε.
3534 1953 3624 2002 vn,
3656 1939 3690 1992 5

2111 2019 2172 2072 ἑν
2223 2018 2440 2089 Συνάδῳ
2462 2020 2637 2089 inquit
2687 2018 2838 2073 πόλει
2890 2019 2991 2086 τῆς
3046 2019 3400 2089 Πακατιανῆς
3447 2020 3690 2090 Φρυγίας

2109 2101 2387 2164 Θεοδόσιός
2440 2119 2524 2166 τις
2566 2103 2864 2166 ἐπίσκοπος
2912 2099 2981 2174 ἦν
3031 2116 3046 2154 :
3098 2102 3188 2156 hic
3243 2100 3314 2156 Η.
3358 2101 3424 2156 Ε.
3467 2120 3576 2166 xw,
3620 2105 3680 2158 11

2111 2184 2320 2240 Σύναδα
2362 2186 2517 2248 πόλις
2544 2187 2640 2255 τῆς
2677 2185 3030 2254 “enarravit;
3060 2185 3304 2256 Φρυγίας
3345 2187 3480 2240 ἐστι.
3515 2187 3686 2242 Priori

2109 2267 2362 2340 Συννὰδῳ
2393 2270 2627 2324 inculcat
2673 2268 2839 2324 "cur.
2886 2268 3131 2325 Valesius
3159 2277 3221 2324 ut
3258 2267 3512 2339 Synnada
3544 2287 3688 2325 mar-

2108 2364 2260 2405 more
2293 2352 2570 2407 nobilitate
2604 2351 2974 2422 intelligantur
3014 2369 3028 2406 :
3061 2361 3117 2406 at
3142 2367 3204 2408 ea
3237 2351 3493 2424 Synnada
3530 2352 3686 2406 Cnc-

2107 2433 2188 2490 eis
2217 2435 2471 2489 omnibus
2511 2433 2837 2503 fueruntque
2868 2442 3024 2488 extra
3063 2435 3406 2489 Pacatiauam
3437 2437 3489 2490 in
3519 2436 3685 2492 Suill-

2109 2517 2210 2571 tari
2256 2516 2507 2588 Phrygia.
2553 2516 2775 2588 Συννάῳ
2805 2517 2852 2571 si
2916 2518 3282 2587 rescripseris,
3325 2519 3470 2571 salva
3500 2520 3683 2574 omnia

2105 2610 2288 2656 erunt.
2317 2601 2594 2657 Posterior
2617 2601 2775 2655 mend
2787 2615 2881 2655 osa
2911 2599 3158 2654 Socratis
3177 2600 3442 2668 scriptura
3469 2602 3683 2658 videtur

2109 2683 2376 2754 impulsus
2422 2695 2480 2738 ut
2509 2699 2574 2739 ex
2612 2683 2848 2740 Salutari
2885 2685 2941 2739 in
2989 2679 3334 2738 Pacatianatu
3387 2681 3679 2754 Phrygiam

2105 2765 2360 2838 Synnada
2393 2766 2738 2822 transferret.

2174 2849 2312 2904 Ibid.
2346 2849 2600 2920 Τεμένου
2629 2850 2822 2918 θύραι.
2879 2850 3132 2920 Τημένου
3187 2848 3349 2919 θύραι
3379 2847 3678 2916 Pausaniae,

2103 2935 2196 3002 qui
2262 2933 2444 3004 Lydiae
2491 2948 2597 2988 non
2651 2949 2902 3004 ntaguatn
2959 2933 3146 2988 urbem
3193 2946 3320 2988 esse
3363 2932 3468 2987 fert
3514 2934 3679 2990 Αυὶε.

2103 3034 2290 3083 xxxv;
2321 3020 2460 3075 unde
2491 3017 2844 3088 Νεικὸμαχος
2873 3018 3168 3090 ἀρχιερεὺς
3204 3016 3682 3089 Τημενοθυρεῦσιν

2104 3101 2157 3155 iu
2191 3103 2397 3172 optimo
2461 3101 2720 3159 Thesaur.
2751 3101 2970 3156 Britan.
3003 3110 3138 3157 tom.
3174 3117 3232 3162 tl.
3273 3116 3328 3172 p.
3357 3100 3464 3156 268
3493 3117 3679 3158 ntimo.

2106 3182 2365 3240 Nostrum
2417 3185 2553 3240 tueri
2600 3199 2658 3240 se
2701 3193 2884 3254 posset
2932 3184 3154 3240 Matthia
3195 3183 3406 3248 πόλεως
3439 3185 3681 3256 Τεμὲνου

2103 3267 2284 3338 θύρων
2313 3283 2378 3322 ex
2425 3257 2659 3322 concilio
2684 3267 3039 3328 Chalcedon.,
3089 3282 3140 3337 p.
3175 3267 3304 3330 674,
3339 3267 3443 3322 nisi
3476 3268 3682 3336 pariter

2102 3352 2192 3408 ille
2237 3367 2301 3406 ac
2343 3351 2639 3413 Gregorius
2682 3350 2921 3420 Τιμένου
2967 3349 3152 3421 θήρων
3194 3348 3396 3405 Nicaeui
3429 3351 3680 3418 secundi,

2101 3453 2156 3506 p.
2186 3436 2290 3491 597
2311 3435 2444 3490 vitio
2470 3443 2616 3490 esset
2636 3434 2866 3488 obsitus.
2895 3432 3169 3488 Ptolemaei
3192 3433 3676 3509 Τριμενοθυρῖται,

2100 3519 2170 3574 ab
2199 3517 2499 3574 Ilolsteinio
2522 3517 2575 3571 in
2598 3515 2786 3572 Ortelii
2811 3515 3099 3572 Thesauro
3124 3517 3380 3581 correcti,
3404 3517 3673 3588 originem

2099 3600 2298 3657 dedere
2349 3598 2436 3656 «ιο.
2499 3600 2714 3656 Τιριιω
2766 3597 3007 3654 Chiliad.
3057 3615 3136 3668 ll,
3185 3599 3293 3656 396
3339 3600 3681 3673 Γριμενοθυο

2101 3687 2298 3758 ρίταις.

2170 3771 2306 3826 Ibid.
2343 3769 2733 3836 Τανούπολις.
2784 3767 3178 3840 Τρανούπολις,
3226 3768 3368 3824 unde
3398 3765 3677 3837 Philippus

2096 3852 2527 3926 Ὺρανουπό).εως
2556 3853 2610 3907 in
2632 3851 2849 3908 Niemno
2869 3850 3128 3915 secundo,
3145 3847 3356 3922 p.596;
3383 3864 3548 3919 quam
3578 3863 3677 3902 vo-

2098 3953 2216 3995 cem
2252 3938 2481 3998 Carolus
2518 3954 2547 3992 a
2576 3935 2634 3992 S.
2672 3935 2841 3992 Paulo
2874 3952 2939 3991 ex
2971 3934 3317 4005 Traianopoli
3339 3944 3675 3989 contractum

2097 4024 2172 4078 ait
2199 4022 2572 4092 obAsigiiium
2602 4020 3164 4092 Trajauopolitanum,
3199 4019 3291 4088 qui
3331 4018 3532 4074 Collat.
3580 4033 3677 4073 \‘ltl

2099 4123 2259 4165 conc.
2315 4105 2732 4174 Constantinop.
2789 4105 3052 4168 secundo,
3114 4119 3168 4174 p.
3209 4102 3318 4158 210
3364 4103 3516 4172 ,νίοοε
3565 4103 3680 4169 agit

2096 4188 2322 4245 Joannis
2353 4189 2592 4258 episcopi
2645 4185 3065 4242 Laodicensium
3103 4184 3470 4253 metropoieos
3505 4183 3680 4255 Phry-

2095 4273 2196 4342 giae
2223 4271 2554 4334 Paratianae,
2583 4272 2670 4326 cui
2701 4282 2754 4326 et
2786 4285 2886 4342 ego
2917 4270 3236 4334 assentirer,
3278 4267 3331 4322 ni
3363 4267 3592 4337 plurima
3621 4269 3676 4323 in

2093 4371 2158 4413 ea
2211 4355 2503 4411 collatione
2543 4364 2732 4410 essent
2778 4353 3189 4408 mendosissima
3236 4362 3292 4407 et
3340 4351 3558 4405 Notitire
3619 4359 3677 4406 et

2093 4440 2294 4496 concil.
2325 4440 2457 4494 Acta
2506 4440 2810 4494 obstarent.
2842 4435 2977 4490 Novi
3023 4436 3152 4504 quid
3189 4433 3457 4490 Cellarius
3497 4431 3564 4488 G.
3605 4435 3675 4488 Α.

2093 4523 2148 4590 3,
2186 4524 2220 4580 4
2257 4525 2324 4578 de
2356 4520 2712 4590 Trajanopoli
2751 4517 3027 4574 Ptolcmmi
3075 4517 3386 4586 disputarit,
3439 4515 3672 4571 necdum

2099 4617 2278 4664 tamen
2310 4622 2431 4661 eam
2468 4615 2708 4661 nostram
2740 4617 2862 4658 esse
2910 4609 3146 4666 constat,
3176 4613 3412 4680 sequens
3441 4599 3678 4670 ηουλχε-

2099 4689 2446 4764 ριανούπο).ις
2483 4689 2622 4743 forte
2657 4687 2838 4742 verius
2865 4681 3380 4754 Πουλχεριοῦπολις,
3409 4685 3512 4738 etsi
3542 4699 3674 4738 nus-

2091 4789 2253 4845 quam
2299 4773 2434 4830 mihi
2488 4773 2648 4838 visa,
2705 4788 2734 4825 a
2788 4769 3076 4825 Pulclteria
3131 4769 3372 4840 Augusta
3432 4771 3677 4840 appella-

2091 4860 2255 4916 bitur.

2163 4944 2300 4999 Ibld.
2382 4939 2530 4994 Ὑπὸ
2594 4937 3057 5006 κονσουλάριον.
3113 4935 3430 4992 Consularis
3489 4933 3675 5003 Lydia:

2089 5027 2128 5081 I.
2156 5043 2286 5090 xm,
2305 5023 2462 5079 c.'I'It.
2484 5025 2550 5078 de
2575 5021 2880 5093 petitiouih.
2903 5020 3150 5076 meminit
3165 5028 3218 5075 ct
3237 5017 3496 5090 Synesius
3509 5019 3672 5088 epist.

2094 5111 2195 5165 127
2219 5151 2234 5178 ,
2277 5110 2366 5164 cui
2394 5107 2577 5178 ἄρχων
2607 5106 2708 5175 τῆς
2738 5103 2958 5166 Λυδίας.

2162 5193 2300 5249 Ibid.
2335 5190 2604 5259 Σάρδεις.
2663 5188 2736 5242 De
2775 5187 2876 5241 hac
2928 5193 2984 5240 et
3031 5183 3207 5239 tribus
3259 5183 3673 5252 insequentibus

2091 5277 2218 5331 Ant.
2252 5275 2408 5338 him,
2443 5291 2496 5344 p.
2528 5270 2655 5328 556.
2701 5269 2798 5325 11Ῐο
2831 5269 3008 5324 obiter
3048 5267 3382 5323 illustremus
3409 5264 3670 5319 Thesaur.

2091 5361 2302 5415 Britan.
2348 5368 2480 5412 tom.
2515 5356 2583 5419 Il,
2614 5370 2734 5425 pag.
2768 5353 2872 5407 145
2910 5365 3153 5414 numum,
3203 5349 3256 5402 in
3298 5361 3410 5417 quo
3443 5361 3474 5401 e
3501 5347 3668 5402 dimi-

2097 5446 2242 5499 diata
2279 5444 2401 5496 luna
2433 5439 2687 5508 iuvenale
2722 5446 2906 5507 caput,
2939 5433 3170 5503 Phrygia
3218 5433 3353 5487 tiara
3391 5442 3666 5498 ornatum,

2092 5528 2382 5597 proaiicat,
2414 5525 2614 5580 additis
2641 5523 2798 5578 MHN
2845 5517 3196 5578 ACKHNOC.
3227 5526 3277 5570 et
3310 5516 3479 5570 altera
3515 5526 3670 5584 parte

2094 5613 2323 5667 Hermus
2354 5626 2504 5666 urna:
2536 5609 2727 5663 leniter
2749 5604 3030 5667 incumbit,
3062 5601 3368 5669 subscripto
3412 5601 3664 5664 EI'MOC,

2089 5701 2236 5754 circa
2276 5713 2403 5750 vero
2451 5690 2858 5750 CAPAIANQN.
2904 5689 2962 5742 Β.
2999 5685 3389 5742 ΝΕΩΚΟΡΩΝ.
3417 5684 3510 5741 Vir
3542 5688 3667 5740 doe-

2095 5793 2200 5849 tus,
2227 5780 2317 5852 qui
2349 5793 2570 5836 numum
2603 5774 2924 5847 publicavit,
2972 5772 3131 5830 deum
3163 5768 3372 5828 Lunum
3403 5783 3527 5827 esse
3569 5771 3666 5839 ait,
