4170 6452
452 336 593 406 1119

454 458 509 502 et
545 444 745 503 Ascetti
772 445 1014 514 nomine,
1041 444 1189 515 quod
1239 444 1357 501 sine
1398 441 1637 499 tentorio
1675 447 1818 507 agat,
1845 448 2039 506 perpe-

458 544 552 587 tuo
583 531 947 593 circumactus
970 538 1145 594 motu,
1173 530 1468 593 donatum;
1504 540 1623 594 qua:
1647 523 1776 578 mihi
1809 520 2044 590 explica-

460 618 536 668 tio
569 615 785 684 longius
812 615 1077 669 arcessita
1130 613 1371 668 videtur.
1421 609 1608 664 Potius
1647 605 1884 660 arbitrer
1934 617 2041 657 non

458 713 580 752 esse
617 696 818 754 Gram-te
856 695 1081 765 originis
1110 696 1205 750 sed
1240 694 1488 748 barbarae
1527 704 1740 756 vocem,
1777 697 1836 743 ut
1858 684 2043 756 Μηνὸς

462 786 671 856 Κάρου,
708 785 793 838 cui
827 783 1084 853 templum
1124 781 1297 836 fuisse
1330 781 1655 836 Laodiceam
1690 779 1829 831 inter
1862 784 1916 829 et
1939 772 2044 828 Ca-

466 882 595 921 rura
621 882 651 920 e
673 866 941 921 Strabone
975 879 1074 929 sn,
1115 880 1169 933 p.
1206 863 1309 920 580
1334 866 1605 925 novimus,
1633 870 1690 916 et
1720 858 1906 931 Μηνὸς
1933 858 2048 911 Κα-

470 950 750 1021 μαρείτου,
796 963 954 1015 quem
996 947 1310 1019 Nysaeon
1354 949 1411 1003 in
1446 946 1608 1005 Caria
1664 944 1809 999 numi
1856 939 2049 1011 prafe-

472 1042 618 1097 runt,
647 1042 701 1086 et
741 1030 927 1101 Μηνὸς
982 1031 1297 1097 Φαρνάκου,
1339 1031 1428 1085 cui
1472 1030 1618 1084 circa
1661 1025 1859 1082 Cabira
1908 1034 2048 1079 tem-

468 1115 616 1183 plum
635 1123 753 1169 erat
782 1113 926 1183 apud
956 1116 1204 1170 eumdem
1236 1113 1558 1168 Strabonem
1587 1124 1686 1173 xu,
1713 1125 1766 1179 p.
1800 1106 1926 1170 557,
1958 1119 2054 1160 eo-

468 1212 572 1267 que
595 1197 756 1252 deum
779 1195 990 1251 Lunum
1038 1207 1094 1252 et
1139 1198 1239 1253 sub
1295 1195 1416 1265 ejus
1476 1188 2052 1265 liguraxAdonindesi-

468 1281 665 1352 gnari:
700 1295 861 1350 quem
906 1291 965 1337 et
1008 1292 1245 1336 matrem
1277 1283 1435 1336 deum
1477 1294 1577 1335 seu
1608 1279 1870 1334 Venerem
1916 1272 2050 1345 Lydi

469 1365 773 1435 viciamque
796 1373 987 1435 gentes
1022 1365 1267 1422 barbaris
1295 1374 1518 1420 ornatos
1549 1362 1720 1437 titulis
1745 1360 2050 1416 coluerunt.

471 1445 699 1502 Proclus
750 1448 1061 1504 Diadocbus
1131 1447 1183 1501 in
1243 1446 1555 1514 Tetrabybli
1610 1444 1842 1499 Ptolem.
1886 1439 2057 1495 Para-

468 1530 677 1599 phrasi,
733 1547 786 1600 p.
842 1532 910 1587 97
953 1549 967 1586 :
1018 1533 1109 1585 Ἐν
1149 1531 1376 1594 ταύταις
1426 1531 1635 1601 χώραις
1688 1528 1906 1582 σέϐουσι
1957 1525 2056 1594 μὲν

470 1611 547 1674 ὠς
590 1615 684 1666 ἐπὶ
717 1614 852 1667 πολὺ
895 1614 995 1684 τὴν
1025 1614 1353 1685 ’Λφροδίτην
1391 1614 1469 1676 ὼς
1499 1610 1638 1666 Θεῶν
1681 1609 1917 1680 μητέρα,
1943 1607 2062 1660 δια-

472 1694 658 1765 φόροις
706 1697 878 1769 αὐτὴν
911 1697 1006 1750 καὶ
1035 1697 1328 1767 ἐγχωρίοις
1356 1696 1618 1766 ὀνόμασιν
1673 1689 2053 1761 ὀνομάζοντες·

471 1778 675 1846 ὁμοίως
750 1781 847 1832 καὶ
907 1779 1003 1832 τὸν
1036 1779 1132 1831 τοῦ
1196 1780 1452 1847 ’Λρεω;,
1527 1775 1821 1836 καλοῦντες
1895 1771 2058 1825 αὑτὸν

478 1860 716 1917 Ἀδωνιν
794 1863 888 1914 καὶ
954 1862 1136 1924 ἄλλοις
1186 1863 1332 1915 τισὶν
1386 1861 1667 1930 ὀνόμασιν.
1726 1859 1767 1912 Ε
1822 1856 2057 1926 quibus,

474 1958 598 2013 qua
631 1945 700 1999 de
733 1944 983 1999 Atlantide
1013 1945 1153 2004 dixi.
1188 1945 1498 2008 ﬁrmantur,
1528 1942 1936 2009 clarissimeque
1962 1953 2060 2005 ap»

474 2039 631 2099 paret
661 2026 864 2082 nullam
892 2040 1017 2083 esse
1037 2042 1257 2082 causam
1292 2028 1647 2097 quamobrem
1673 2024 1808 2079 Livii
1832 2028 2054 2084 δίκην,

478 2110 547 2166 15
577 2112 785 2176 vicum,
820 2124 979 2178 quem
1007 2112 1282 2166 Adonidos
1300 2111 1508 2165 Comen
1534 2116 1752 2172 vocant,
1780 2107 1879 2160 viri
1913 2105 2057 2160 docti

476 2201 689 2251 mutent
718 2210 732 2246 :
767 2207 891 2248 cum
921 2194 1065 2248 enim
1100 2194 1233 2266 Lydi
1256 2192 1501 2265 Phryges
1547 2192 1697 2264 Lycii
1737 2188 2059 2262 Pamphylii,

477 2278 545 2332 de
568 2277 766 2347 quibus
794 2277 1046 2332 erunibus
1092 2275 1344 2341 Proetus,
1391 2277 1606 2331 Adonin
1658 2275 1932 2345 praecipuo
1960 2275 2057 2327 ltu-

479 2373 613 2416 uore
650 2359 942 2423 coluerint,
982 2360 1111 2429 quid
1160 2361 1418 2429 impediet
1456 2361 1661 2414 Comen
1707 2356 2057 2412 Adonidosin

476 2441 724 2513 Phrygiae
765 2443 962 2498 linibus
1002 2441 1189 2510 fuisse,
1235 2445 1284 2499 si
1338 2441 1494 2498 Livio
1546 2438 1880 2498 credamus?
1909 2448 2062 2492 caete-

479 2540 621 2591 rum,
659 2532 719 2580 ut
770 2527 836 2581 ad
891 2527 1168 2581 Ascenum
1199 2526 1442 2591 redeam,
1487 2539 1593 2579 non
1643 2523 1881 2579 dubitem
1931 2521 2060 2589 quin

478 2608 620 2662 idem
694 2618 857 2678 atque
913 2609 1003 2664 ille
1054 2609 1127 2664 sit
1200 2620 1359 2678 quem
1402 2607 1708 2664 Antiochia:
1757 2607 1809 2661 in
1857 2604 2062 2660 Pisidia

485 2690 723 2745 maximo
751 2692 961 2747 honore
991 2692 1489 2762 prosequebantur.
1515 2690 1741 2754 Strabo,
1772 2689 1933 2745 modo
1966 2704 2062 2755 pa-

478 2790 597 2828 rum
636 2772 939 2843 adjuvetur,
970 2777 1125 2831 nobis
1154 2790 1276 2829 eum
1320 2775 1560 2831 ostendit
1592 2777 1630 2827 l.
1662 2789 1761 2839 xu,
1797 2788 1853 2842 p.
1899 2772 2002 2827 577
2041 2784 2056 2825 :

478 2852 591 2911 Ἦν
629 2858 690 2912 δὲ
743 2857 981 2914 ἐνταῦθα
1007 2897 1023 2922 ,
1074 2857 1274 2926 inquit,
1311 2858 1404 2911 καὶ
1448 2856 1718 2927 ἱερωσύνη
1763 2873 1847 2920 τις
1881 2855 2066 2925 Μηνὸς

490 2941 775 3012 Ἀρκαίου,
818 2941 1024 3012 πλῆθος
1070 2942 1274 3012 ἔχουσα
1325 2941 1645 3012 ἱεροδούλων
1695 2941 1792 2995 καὶ
1847 2939 2065 3011 χωρίων

481 3024 665 3093 ἱερῶν.
698 3024 791 3080 Sic
813 3033 1031 3079 vertunt
1060 3026 1338 3092 eduntque
1366 3043 1379 3078 :
1407 3038 1542 3078 mss.
1569 3023 1814 3089 Ἀπικίου,
1850 3034 1909 3077 ut
1939 3024 1976 3076 l.
2006 3037 2064 3087 ι,

480 3124 535 3176 p.
572 3107 700 3170 577,
737 3106 880 3175 quod
908 3123 975 3161 ex
1011 3108 1288 3176 ’Λσκηνος
1326 3108 1441 3165 sive
1474 3109 1746 3171 Ἀσκανος
1769 3116 1957 3162 natutn
1992 3108 2070 3161 vi-

489 3191 606 3247 deri
640 3190 888 3245 locorum
926 3190 1316 3259 nontinumque
1343 3191 1646 3246 similitudo
1671 3191 1974 3246 dissuadet.

553 3274 673 3331 Col.
705 3274 829 3329 148.
864 3272 1050 3328 Σιται.
1088 3274 1288 3329 Verum
1319 3275 1469 3330 urbis
1494 3289 1688 3330 nomen
1724 3273 1870 3344 quod
1896 3273 2060 3328 luerit

482 3358 705 3413 dubium
750 3366 852 3412 est.
892 3354 1213 3413 Vaillantius
1246 3372 1443 3414 numos
1471 3357 1744 3414 CAETQN
1790 3357 1845 3412 in
1894 3354 2066 3411 (ἔναξε.

484 3442 614 3513 imp.
648 3441 844 3507 Noun,
870 3456 925 3510 ι).
956 3441 1026 3498 56
1062 3443 1171 3499 huc
1203 3444 1412 3508 retulit,
1447 3444 1542 3498 sed
1572 3457 1857 3513 perperam
1890 3458 1904 3495 :
1941 3449 2072 3494 sunt

483 3529 629 3582 enim
680 3526 1167 3593 Samosatensium,
1206 3536 1264 3581 ut
1296 3541 1364 3582 cx
1416 3528 1599 3582 numis
1640 3524 1903 3581 Thesauri
1950 3523 2071 3577 Bri-

488 3610 713 3673 tannici,
746 3625 798 3678 p.
837 3610 965 3673 2H,
1002 3618 1132 3667 tom.
1161 3610 1206 3665 ll
1245 3621 1490 3680 apparet.
1526 3610 1749 3666 Rectius
1784 3607 2073 3664 CAITTH-

489 3693 633 3745 ΝΩΝ
662 3684 857 3747 ntimos
903 3694 1064 3762 hujus
1092 3693 1244 3749 urbis
1288 3693 1483 3748 incolis
1514 3692 1824 3747 Harduinus
1860 3691 2070 3747 tribuit.

488 3776 676 3846 Itaque
706 3777 930 3831 Σαῖτται
979 3787 1185 3832 rectum
1220 3779 1347 3841 erit,
1384 3792 1413 3831 a
1450 3792 1557 3847 quo
1595 3791 1702 3832 non
1732 3776 1891 3847 longe
1918 3776 2075 3830 abest

484 3861 759 3917 Ptolemaei
790 3876 822 3917 e
852 3874 985 3916 mss.
1015 3861 1190 3916 Palat.
1226 3861 1566 3930 Σάτται,ρι“ο
1601 3874 1713 3929 quo
1731 3860 1893 3914 Σὲται
1914 3857 2073 3914 Cois-

490 3945 730 4002 liniauus
763 3946 955 4001 codex.
990 3946 1048 3999 In
1080 3942 1234 4001 Actis
1278 3944 1643 4000 conciliorum
1692 3957 1782 3997 mo
1806 3945 1854 3996 lo
1893 3940 2072 3994 Σετῶν

488 4026 666 4095 πόλις,
691 4037 750 4083 ut
771 4026 990 4081 Nicrcno
1017 4028 1256 4083 secundo
1282 4040 1336 4092 p.
1367 4026 1494 4092 591,
1518 4025 1678 4079 modo
1708 4024 1877 4078 Σιτῶν
1897 4023 2072 4088 πόλις,

486 4110 760 4179 ἐπαρχίας
795 4109 1016 4173 Λυδίας,
1052 4110 1215 4164 sicuti
1253 4108 1541 4163 Constant.
1591 4107 1796 4173 Tertio,
1843 4122 1896 4176 p.
1946 4105 2072 4171 502,

490 4194 653 4248 modo
711 4192 933 4246 Σεπτῶν
988 4194 1179 4256 πόλις,
1242 4207 1352 4259 quo
1414 4190 1576 4247 modo
1634 4192 1690 4245 in
1737 4192 2072 4247 Chalcedon.

492 4294 547 4346 ι».
601 4275 730 4342 666,
770 4291 867 4346 pro
901 4291 1010 4346 (pta
1056 4292 1110 4346 ν.
1158 4276 1223 4332 97
1253 4274 1486 4340 Σεττῶν,
1535 4291 1588 4345 p.
1623 4275 1728 4331 527
1779 4275 1988 4329 Σέλλων
2020 4285 2076 4331 et

488 4361 731 4429 Σεύγων,
758 4377 817 4431 p.
849 4361 975 4416 599.

560 4444 695 4500 Ibid.
729 4444 1004 4500 Mmoria.
1056 4443 1171 4498 Sita
1224 4442 1403 4497 fuitin
1456 4442 1641 4498 radice
1687 4440 1898 4509 Tmoli,
1937 4451 2075 4497 teste

488 4526 665 4584 Plinio
706 4545 765 4594 ν,
816 4529 908 4583 29.
964 4527 1388 4591 Μαιονιτόπολις
1438 4526 1541 4597 τῆς
1582 4525 1769 4580 Λυδῶν
1802 4527 2076 4596 ἐπαρχίας

488 4612 545 4665 in
580 4611 867 4669 Constant.
898 4609 1103 4676 Tertio,
1137 4626 1191 4680 p.
1218 4611 1344 4665 668.
1377 4608 1581 4663 Μιονία
1611 4610 1872 4664 mendose
1895 4609 1947 4662 in
1975 4606 2074 4662 Ni-

489 4709 645 4749 carno
676 4696 936 4759 secundo,
970 4706 1028 4763 ιι.
1068 4694 1194 4749 591.
1228 4692 1557 4763 Sequentem
1598 4693 1776 4763 legere
1816 4702 1922 4747 non
1965 4707 2079 4747 me-

492 4794 655 4833 luml.

566 4862 706 4917 ibid.
748 4860 1041 4929 Τράλλης.
1074 4859 1247 4930 Δὰλδη
1281 4849 1460 4929 potior
1497 4860 1625 4923 erit,
1677 4861 1832 4928 cujus
1862 4852 2077 4930 episco-

494 4961 596 5015 pus
623 4945 861 5000 Joannes
901 4944 1108 5014 Δάλδης
1138 4943 1356 4998 Niceno
1391 4943 1635 4997 secundo
1671 4942 1989 5009 subscribit,
2022 4951 2081 4997 et

495 5027 791 5096 Ephesiuo,
845 5042 899 5094 p.
947 5026 1075 5092 535,
1121 5040 1433 5097 quanquun
1481 5039 1675 5093 prave,
1734 5024 1837 5093 τῆς
1877 5023 2079 5089 Λυδίας

493 5109 796 5182 Δαρδάνης.
834 5108 1067 5164 Numunt
1107 5108 1415 5164 Δαλδιανῶν
1471 5107 1625 5163 Thes.
1661 5107 1895 5176 Britan.,
1934 5121 1973 5163 t.
2009 5109 2078 5174 ll,

500 5211 557 5264 ν.
589 5194 711 5252 104.
750 5193 816 5249 Ν.
873 5191 1136 5263 llaymius
1178 5193 1449 5258 inseruit;
1498 5192 1592 5262 qui
1642 5192 1769 5247 dum
1820 5193 2083 5250 adscribit

498 5291 770 5349 nusquam
805 5292 928 5332 eam
960 5276 1062 5331 nisi
1108 5270 1359 5330 iuBuida
1401 5275 1650 5346 reperiri,
1701 5291 1800 5331 usu
1834 5283 2078 5333 retusum

498 5365 833 5431 scriptorum
873 5375 1068 5428 parum
1102 5374 1161 5415 se
1195 5358 1516 5413 instructum
1561 5360 1763 5430 prodit.
1794 5357 2026 5415 Carolus
2051 5373 2080 5412 a

494 5445 558 5501 S.
594 5445 763 5500 Paulo
792 5444 985 5499 Daldis
1029 5443 1209 5511 inquit
1234 5438 1416 5496 Suidw
1451 5444 1504 5495 in
1535 5459 1654 5496 rore
1688 5443 2082 5507 Artemidorus,

491 5533 583 5601 qui
611 5533 748 5585 hanc
778 5532 959 5585 urbem
991 5526 1266 5583 MYSSEN
1296 5528 1362 5580 ab
1393 5527 1579 5581 incolis
1604 5529 1803 5581 dictam
1831 5528 2082 5596 scripsit;

499 5615 702 5683 quibus
733 5615 949 5685 gemina
996 5612 1131 5667 Abr.
1168 5610 1408 5667 Ortelius
1441 5610 1493 5663 in
1536 5609 1803 5665 Thesauri
1847 5611 1930 5665 sui
1963 5613 2083 5665 Dal-

497 5700 602 5750 deu
639 5704 1064 5754 commentatur.
1117 5694 1422 5762 Utrumque
1472 5692 1871 5759 Artemidorus,
1911 5707 2086 5761 quan-

494 5786 614 5833 tum
650 5795 682 5833 a
713 5795 843 5837 vero
871 5794 933 5836 ea
961 5779 1163 5846 absint,
1199 5779 1244 5833 si
1277 5776 1454 5848 patrio
1484 5793 1737 5835 sermone
1768 5778 2079 5848 loquentem

1498 329 1882 393 ADDENDA.
1924 346 1996 362 -·’
2032 323 2101 386 Ρ.
2140 324 2658 390 WESSELINGII

3576 325 3732 394 1120

2151 436 2342 493 audire
2396 432 2733 506 voluissent,
2770 439 3045 497 docuisset
3082 438 3373 508 Oneirocr,
3414 442 3469 507 2,
3525 456 3578 497 c.
3619 444 3726 500 ult.

2143 519 2295 573 οὐδὲν
2340 520 2435 575 οὖν
2486 523 2800 593 θαυμαστὸν
2832 526 2889 578 ὲν
2918 525 3117 596 Δαλδξᾳ
3157 526 3489 591 Ἀπόλλωνα,
3517 526 3574 581 ὃν
3594 528 3731 581 ΜΥ-

2145 601 2332 656 ΣΤΗΝ
2375 605 2648 675 καλοῦμεν
2692 609 2856 678 ἡμεῖς
2910 608 3152 679 πατρῴῳ
3219 609 3479 679 ὀνόματι,
3554 609 3736 664 ταῦτά

2149 702 2218 756 με
2281 689 2717 759 προτρέψασθαι.
2795 691 3200 748 Intellexissent
3253 692 3556 763 Apollinem
3610 693 3732 765 My-

2146 778 2267 823 sten
2299 788 2327 824 a
2355 771 2629 829 Daldianis
2660 773 2830 828 fuisse
2867 775 3068 829 cultum
3090 818 3105 842 ,
3165 789 3265 830 nec
3320 790 3557 845 unquam
3608 778 3733 831 Dal-

2112 851 2291 909 .diam
2316 866 2382 909 eo
2413 857 2634 913 nomine
2699 855 2891 914 fuisse.
2963 860 3091 912 Erat
3133 852 3315 912 Daldia
3383 857 3564 930 Lydiae
3631 874 3736 914 nec

2150 950 2401 1005 magnum
2448 955 2625 1010 neque
2672 944 3026 999 memorabile
3074 944 3336 1012 oppidum
3370 961 3386 998 :
3420 942 3617 998 Δαλδὶα
3646 943 3735 1008 δέ,

2151 1017 2316 1071 verba
2368 1018 2609 1087 ejusdem
2657 1023 2986 1079 Artemidori
3040 1024 3228 1080 Oneir.
3266 1025 3320 1087 5,
3371 1039 3420 1078 e.
3449 1024 3546 1079 ult.
3579 1034 3732 1081 sunt.

2151 1099 2396 1168 πόλισμα
2431 1102 2629 1167 Λυδίας
2662 1105 2756 1158 καὶ
2784 1105 2847 1159 οὐ
2894 1106 3102 1176 σφόδρα
3130 1106 3433 1176 ἐλλόγιμον.
3464 1106 3595 1171 Quin
3628 1106 3740 1161 etsi

2153 1183 2298 1240 haud
2331 1186 2473 1242 male
2504 1188 2782 1256 disputata
2825 1188 2999 1245 videri
3047 1199 3272 1260 queant,
3305 1190 3539 1244 fortasse
3564 1190 3740 1244 tutius

2153 1268 2260 1325 erit
2304 1269 2558 1340 Τράλλην
2590 1272 2867 1331 retinere:
2899 1273 3004 1329 hoc
3033 1275 3179 1328 enim
3224 1275 3445 1328 nomine
3485 1276 3672 1328 urbem
3703 1291 3741 1327 τι

2154 1349 2429 1408 Trallibus
2452 1353 2721 1411 diversam
2769 1365 2824 1411 et
2869 1355 3086 1413 Notitim
3120 1367 3335 1411 veteres
3383 1365 3438 1411 et
3474 1356 3741 1411 concilio—

2155 1451 2277 1490 rum
2322 1436 2455 1493 Acta
2501 1448 2830 1509 agnoscunt.
2878 1439 2956 1493 lla
3009 1440 3420 1511 Constantinop.
3470 1434 3741 1503 secundo,

2155 1534 2211 1589 p.
2242 1519 2367 1575 245.
2397 1520 2633 1577 Uranius
2658 1524 2948 1593 episcopus
2966 1523 3339 1579 Trallenornm
3368 1524 3607 1579 civitatis
3633 1522 3743 1593 Ly-

2160 1603 2262 1656 dite
2292 1604 2610 1669 provinciae,
2642 1615 2696 1658 et
2730 1605 2949 1661 Nieicno
2991 1607 3254 1672 secundo,
3282 1623 3336 1677 p.
3376 1608 3467 1662 5|.
3510 1605 3743 1660 Michael

2161 1687 2412 1757 Τράλλης
2461 1689 2601 1744 inter
2654 1690 2836 1760 Lydia:
2882 1691 3187 1761 episcopos,
3228 1707 3352 1747 cum
3394 1692 3552 1762 paulo
3613 1698 3745 1747 ante

2159 1768 2598 1843 Thcophylactus
2625 1776 2916 1843 Τραλλέων
2963 1777 3107 1832 inter
3141 1777 3373 1833 Asianos
3415 1791 3743 1832 nomen‘es-

2158 1863 2243 1909 set
2266 1853 2565 1922 professus,
2584 1858 2916 1913 subscribit-

2231 1937 2371 1993 I’tid.
2422 1940 2931 2006 Αὐρηλίούπολις.
2996 1943 3309 1998 Theodotus
3373 1942 3747 2014 Λύρηλιουπό-

2159 2018 2298 2082 λεως
2362 2021 2465 2091 τῆς
2524 2022 2712 2076 Λυδῶν
2770 2024 3039 2095 ἐπαρχίας
3084 2025 3497 2096 Constantinop.
3556 2027 3743 2089 tertio,

2160 2122 2217 2176 p.
2254 2104 2360 2160 668
2389 2107 2682 2163 scribendo
2706 2108 2899 2164 adluit.
2927 2110 3082 2166 Adde
3114 2110 3392 2166 Niczenum
3416 2110 3745 2174 secundum,

2232 2275 2364 2329 lbid.
2420 2275 2709 2330 ’Atta.1[a.
2750 2274 2923 2332 Habet
2963 2290 3082 2332 eam
3131 2276 3438 2345 Stephanus
3472 2287 3528 2334 et
3561 2275 3751 2348 Lydiae

2156 2357 2495 2423 contribuit;
2523 2357 2614 2413 ubi
2653 2366 2793 2415 recte
2829 2359 2890 2414 L.
2923 2359 3257 2415 Holsteinius
3280 2369 3333 2416 et
3362 2361 3525 2415 aliam
3556 2374 3622 2413 eo
3645 2375 3745 2413 no-

2160 2440 2310 2494 mine
2348 2441 2401 2495 in
2461 2441 2797 2512 Pamphylia,
2853 2456 3017 2512 quam
3070 2456 3171 2497 suo
3229 2442 3346 2497 loco
3408 2442 3745 2507 videbimus,

2165 2523 2337 2580 fuisse
2366 2526 2640 2580 observat.
2686 2526 2799 2580 lluc
2832 2540 3031 2580 munus
3074 2526 3378 2580 Ἀτταλέων
3422 2524 3575 2578 Thes.
3619 2524 3746 2578 Bri-

2164 2616 2278 2661 tan.
2315 2615 2446 2663 tom.
2479 2605 2545 2672 ll,
2575 2623 2628 2677 p.
2658 2608 2784 2671 229,
2815 2608 2973 2662 sicuti
3012 2607 3386 2663 ’Λτταλεατῶν
3413 2608 3482 2662 ad
3513 2607 3747 2660 alteram

2162 2692 2219 2745 in
2251 2689 2588 2761 Pamphylia,
2617 2706 2667 2759 p.
2701 2690 2771 2747 90
2786 2691 3033 2760 ejusdem
3065 2691 3195 2746 lomi
3229 2689 3416 2745 referri
3442 2689 3747 2757 oportebit,

2162 2788 2275 2844 qua
2304 2774 2371 2828 de
2407 2790 2463 2827 re
2488 2773 2554 2829 N.
2590 2774 2870 2846 llaymius.
2899 2773 3187 2846 Dionysius
3225 2782 3402 2828 tamen
3443 2772 3745 2826 ’Λτταλεώ-

2165 2876 2266 2930 της
2304 2859 2475 2924 Λυδὸς
2504 2872 2586 2915 est
2611 2861 2665 2913 in
2700 2858 3059 2925 Cltahedon.,
3102 2876 3154 2930 p.
3180 2860 3307 2915 666.

2238 2943 2375 2998 Ibid.
2420 2943 2888 3013 Ἑρμοκαπηλίίι.
2927 2944 3258 3015 Theopislus
3297 2944 3750 3017 Ἐρμοκαπηλίας

2165 3036 2250 3081 est
2279 3027 2332 3080 in
2364 3024 2583 3081 Nica'no
2619 3029 2882 3089 secundo,
2915 3042 2968 3097 p.
3000 3027 3091 3093 5|,
3117 3029 3208 3099 qui
3236 3044 3282 3099 p.
3322 3028 3424 3084 591
3467 3028 3749 3100 Ἐρμοκαο

2169 3112 2342 3179 πήλου
2394 3111 2613 3165 dicitur.
2671 3109 3138 3182 llermocapelilas
3210 3112 3361 3168 novit
3413 3123 3469 3167 et
3516 3112 3751 3179 Plinius,

2168 3205 2222 3254 ν,
2259 3190 2350 3244 30.

2241 3272 2381 3327 lbid.
2458 3271 2771 3342 Ἀκρασός.
2820 3273 2912 3330 Sic
2951 3288 3085 3329 mss.
3135 3288 3237 3329 nec
3264 3272 3429 3337 male,
3464 3287 3525 3328 ut
3548 3289 3614 3327 ex
3648 3290 3755 3329 nu-

2170 3356 2278 3411 mis
2314 3356 2702 3426 Ἀκραςιωτῶν
2749 3354 2900 3412 Thes.
2945 3357 3155 3412 Brimo.
3197 3365 3331 3412 tom.
3375 3356 3440 3422 li,
3476 3371 3532 3427 p.
3573 3356 3665 3415 87.
3698 3369 3757 3413 et

2172 3454 2311 3509 quos
2366 3438 2685 3495 Vaillantius
2732 3441 2992 3510 inspexit,
3041 3448 3279 3496 constat.
3317 3439 3755 3495 Chalcedonensi

2172 3522 2406 3578 concilio
2462 3523 2736 3579 Patricius
2800 3515 3106 3594 ’Λρκασσοῦ
3184 3524 3482 3594 provinciae
3527 3523 3755 3593 Lydiae,

2175 3623 2231 3677 p.
2259 3607 2366 3661 574
2396 3605 2637 3662 adfuisse
2661 3606 2881 3677 legitur.

2246 3690 2384 3745 Ibid.
2445 3692 2833 3756 Ἀπόλλωνος
2884 3692 3067 3760 ἱερόν.
3120 3689 3261 3746 lline
3297 3690 3592 3759 Apollonos
3637 3691 3759 3747 hic»

2176 3775 2292 3829 rita:
2321 3772 2479 3829 Plinii
2509 3790 2563 3841 ν,
2596 3775 2667 3830 29
2690 3815 2704 3838 ,
2750 3784 2809 3830 et
2856 3773 3051 3829 Lurius
3093 3774 3377 3843 cpiscopus
3418 3772 3757 3838 ’Λπόλλωνος

2176 3857 2325 3928 ἱεροῦ
2369 3858 2419 3910 in
2463 3857 2815 3921 Chalcedon.,
2854 3872 2905 3926 p.
2954 3855 3080 3911 666.
3129 3857 3374 3911 Meminit
3420 3855 3758 3920 ’Λπόλλωνος

2178 3941 2327 4013 ἱεροῦ
2366 3943 2421 3998 in
2470 3951 2655 3997 monte
2687 3942 2847 4011 positi
2898 3940 3162 3995 Aristides
3206 3950 3338 3996 tom.
3376 3942 3416 4006 l,
3463 3956 3517 4010 p.
3563 3941 3668 3995 6'25
3704 3950 3759 3995 et

2175 4027 2316 4082 629:
2345 4028 2486 4097 quod
2525 4028 2854 4083 si-nostrum
2907 4033 3012 4091 est,
3044 4024 3152 4080 300
3195 4026 3366 4092 l‘crme
3399 4027 3590 4083 stadiis
3625 4023 3757 4079 Per-

2176 4116 2333 4179 gamo
2363 4120 2628 4166 semotum
2660 4108 2785 4165 fuit.

2249 4194 2384 4249 ibid.
2424 4192 2669 4255 Τάλαζα.
2707 4193 2933 4248 Τάϐαλα
2968 4203 3173 4249 rectum
3198 4184 3322 4249 'est.
3373 4193 3485 4250 Non
3531 4194 3760 4250 diﬂiteor

2176 4279 2456 4350 plerisque
2491 4279 2544 4332 in
2576 4277 2793 4333 Notitiis
2837 4278 2931 4332 τὸν
2973 4277 3234 4332 Γαϐἀλων
3281 4277 3567 4347 prtesulem
3618 4277 3763 4333 inter

2178 4364 2360 4431 Lydiae
2393 4363 2681 4432 episcopos
2721 4363 3018 4427 recenseri,
3056 4377 3234 4431 neque
3285 4362 3449 4417 etiam
3497 4362 3759 4434 Polycar-

2179 4463 2303 4517 pum
2341 4448 2603 4501 Γαϐάλων
2649 4446 2884 4500 concilio
2917 4447 3275 4512 Cbalcedon.,
3313 4462 3366 4516 p.
3416 4446 3483 4502 97
3515 4446 3762 4502 subscri-

2180 4531 2330 4593 bcrc,
2381 4528 2744 4597 eumdemque
2788 4528 2839 4582 in
2871 4527 3063 4583 Latina
3105 4529 3331 4600 epistola
3373 4529 3760 4598 episcoporum

2180 4613 2381 4684 Lydia).
2409 4611 2476 4666 ad
2515 4611 2749 4666 Leonem
2788 4613 3170 4683 imperatorem
3211 4613 3537 4670 Gabalorum
3585 4614 3692 4668 dici
3740 4631 3758 4669 :

2180 4700 2411 4753 necdum
2435 4704 2615 4768 tamen
2653 4696 2959 4764 permoveri
2993 4713 3212 4768 possum
3240 4707 3297 4750 ut
3326 4697 3378 4751 id
3412 4706 3615 4750 rectum
3637 4712 3764 4752 esse

2178 4782 2420 4845 credam,
2448 4763 2562 4836 'aut
2605 4763 2727 4834 eum
2762 4763 3038 4836 Harduin'o
3076 4796 3269 4837 numos
3302 4780 3598 4834 Τασαλέων
3640 4781 3761 4835 vitii

2179 4879 2405 4933 arguam
2434 4862 2770 4919 ob-Nou’tias
2795 4864 3199 4920 ecclesiasticas
3230 4881 3243 4917 :
3278 4864 3403 4932 quis
3427 4865 3570 4917 enim
3609 4865 3761 4932 igno-

2178 4957 2267 5001 rat
2301 4961 2462 5014 quam
2500 4946 2904 5014 frequentatum
2938 4947 3173 5001 librariis
3186 4946 3253 5000 sit
3273 4947 3441 5000 Tetl‘
3459 4946 3762 5013 permisce-

2181 5045 2239 5084 re
2261 5029 2285 5083 ‘I
2311 5027 2428 5084 Jant
2461 5028 2683 5083 Τάϐαλα
2709 5046 2837 5085 vero
2855 5031 3074 5084 nomine
3109 5029 3297 5083 urbem
3338 5028 3505 5084 fuisse
3530 5042 3599 5083 ex
3626 5042 3760 5082 con-

2179 5114 2428 5169 ciliorum
2471 5114 2626 5168 Actis
2658 5113 3005 5184 patefaciatn.
3047 5112 3231 5167 Primo
3273 5110 3624 5182 Polycarpus,
3664 5114 3759 5182 qui

2180 5197 2616 5253 Chalcedonensi
2648 5198 2839 5260 adfuit,
2878 5200 2979 5253 etsi
3007 5198 3208 5266 passim
3240 5196 3499 5250 Γασάλων
3526 5197 3759 5264 dicatur,

2180 5280 2479 5350 Τραδὰὶιων
2516 5278 2855 5343 inscribitur,
2885 5296 2936 5350 p.
2961 5280 3090 5343 599,
3119 5294 3324 5348 nosque
3355 5280 3421 5333 ad
3457 5280 3760 5348 legitimum

2183 5365 2334 5418 urbis
2388 5376 2582 5417 nomen
2623 5365 2889 5431 perducit.
2942 5363 3144 5418 Deinde
3197 5361 3432 5418 Joannes
3453 5363 3773 5434 fcpiscopus

2182 5444 2447 5499 Ταϐάλων
2479 5454 2794 5499 constanter
2836 5446 2982 5500 Actis
3026 5445 3227 5501 Niczeni
3256 5446 3475 5501 secundi
3519 5443 3762 5512 appella-

2185 5539 2291 5593 tur,
2336 5537 2395 5582 ut
2428 5543 2480 5596 p.
2515 5528 2605 5592 5|,
2642 5529 2770 5592 552,
2797 5530 2893 5584 591
2936 5537 3099 5597 atque
3144 5529 3291 5583 alibi.
3324 5528 3513 5595 Itaque
3544 5526 3762 5580 Notitia:

2183 5626 2376 5667 onmes
2404 5620 2460 5665 et
2483 5611 2930 5667 Cbalccdoncnse
2973 5612 3265 5667 concilium
3312 5612 3436 5665 hinc
3468 5609 3765 5666 emenden-

2187 5703 2296 5748 tur.
2351 5692 2464 5748 Sita
2504 5694 2634 5750 urbs
2684 5696 2782 5749 fuit
2825 5696 2971 5748 circa
3029 5695 3289 5750 llerntnm
3344 5713 3357 5748 :
3414 5693 3556 5747 unde
3601 5690 3761 5746 Thes.

2188 5779 2398 5834 Britun.
2433 5777 2501 5844 ll,
2536 5794 2591 5848 p.
2634 5779 2735 5835 156
2764 5779 3052 5834 Ταϐαλέων
3084 5794 3280 5836 numus
3305 5780 3651 5835 recubantem
3670 5786 3767 5831 et-

2366 6062 2402 6086 θ
