4170 6424
381 399 514 469 Il?!

376 532 485 586 que
522 529 670 570 urnae
700 513 949 571 innixum
979 527 1102 569 eum
1151 509 1373 569 Iluvium
1414 510 1690 576 ostendat,
1725 505 1960 575 ascripto

381 601 611 668 Ἕρμος.
646 598 799 664 Quod
831 611 960 653 vero
986 594 1054 652 N.
1088 595 1347 666 Ilaymius
1380 595 1614 650 similem
1645 605 1808 646 unum
1841 588 1960 642 vul-

379 693 559 752 gatum
590 691 772 752 negat,
797 681 854 736 id
887 694 1050 736 secus
1071 688 1193 734 est:
1227 678 1416 732 fefellit
1442 678 1758 746 diligentem
1787 672 1962 726 virum

383 764 714 829 llarduinus,
746 762 839 832 qui
883 763 1032 818 numi
1068 761 1430 830 inscriptione
1455 767 1722 820 correcta.
1755 756 1966 811 seu-de-

381 858 604 914 pravata
651 849 854 901 verius.
913 845 1462 916 Γαϐαλέων,”Ερμος
1510 844 1565 898 in
1616 840 1782 916 Nam.
1840 839 1958 895 urb.

379 938 547 992 illusi.
575 938 654 990 Ad
687 937 890 992 Cabala
929 935 1129 991 retulit.

450 1020 570 1075 Col.
607 1020 732 1076 148.
761 1018 960 1086 Edric.
993 1018 1124 1073 Aliis
1144 1016 1359 1073 Notitiis
1374 1018 1550 1088 Βὰγη,
1569 1015 1712 1070 unde
1727 1012 1965 1084 Βαγηνοὶ

381 1105 439 1159 in
472 1099 627 1159 Thes.
657 1104 867 1158 Britan.
913 1113 1042 1158 tom.
1073 1100 1139 1166 II,
1169 1117 1223 1173 p.
1251 1101 1378 1156 249.
1407 1100 1715 1155 Harduinus
1741 1112 1963 1153 numum

380 1189 516 1242 vidit
547 1189 832 1259 Βαγηνῶν,
865 1188 952 1244 cui
985 1188 1174 1242 aderat
1206 1185 1438 1256 Ἕρμος.
1472 1184 1622 1240 Unde
1651 1183 1794 1238 haud
1823 1179 1963 1236 mul-

381 1281 496 1325 tum
523 1271 646 1325 inde
681 1273 927 1326 dissitam
964 1269 1130 1325 fuisse
1163 1269 1414 1340 colligas.

448 1352 585 1410 Ibid.
631 1355 876 1423 Κήρασε
909 1353 1071 1408 Forte
1122 1353 1372 1423 Κεράση.
1405 1351 1742 1407 Menecrates
1776 1350 1963 1418 Κερα-

382 1438 490 1491 σῶν
533 1453 588 1492 et
633 1439 936 1509 Κερασσῶν
985 1438 1128 1492 inter
1183 1436 1358 1506 Lydos
1415 1436 1744 1490 Chalcedon.
1776 1448 1962 1496 conc.,

379 1537 432 1590 p.
465 1522 570 1576 5‘26
604 1531 765 1590 atque
793 1521 920 1576 alibi
968 1519 1283 1583 subscribit,
1330 1529 1384 1573 et
1429 1517 1648 1572 Nicaeae
1700 1516 1962 1582 secundo,

381 1619 434 1669 ιι.
462 1604 568 1658 555
589 1605 815 1660 Michael
843 1603 1158 1675 Κερασέων.
1195 1617 1296 1657 nec
1315 1602 1476 1657 aliter
1503 1599 1634 1656 Not.
1657 1600 1772 1656 .Iac.
1794 1597 1962 1666 Goar,

379 1701 434 1753 ι).
470 1687 596 1740 58L

454 1769 582 1824 Ibid.
609 1769 1104 1838 Μεσοτύμελλος.
1130 1769 1520 1840 Μεσοτίμωλος
1542 1783 1605 1824 ex
1630 1767 1758 1824 Jure
1775 1767 1966 1824 Graeco

382 1854 629 1911 Romano
655 1853 990 1920 Leunclavii,
1029 1869 1082 1922 p.
1130 1853 1194 1909 9i
1238 1855 1574 1924 praestiterit.
1610 1851 1750 1907 Hinc
1783 1851 1962 1905 Meso-

383 1937 626 1993 tiinolitze
667 1937 806 2007 apud
837 1935 1070 1991 Plinium
1114 1951 1168 2004 ν,
1196 1936 1287 2004 29,
1307 1951 1374 1992 ex
1404 1935 1668 1990 Harduini
1702 1934 1962 1990 emenda-

380 2023 550 2084 tione,
585 2035 747 2089 quem
787 2021 934 2076 vide.

456 2101 1016 2169 11»ἰ(1.³Απολλώνης.
1047 2102 1377 2167 ’Δπολλωνὶς
1397 2109 1480 2157 est
1531 2099 1816 2156 Strabonis
1839 2113 1964 2162 xm.

381 2200 440 2255 p.
473 2185 600 2252 6‘25,
634 2185 955 2254 Pergamum
1000 2185 1141 2240 inter
1193 2195 1248 2240 et
1292 2183 1516 2251 Sardes,
1547 2183 1826 2252 utrimque
1859 2182 1966 2236 500

277 2274 282 2276 ’
327 2292 337 2302 ·
384 2269 580 2323 stadiis
630 2277 903 2336 separata.
947 2267 1208 2338 Cyriacus
1245 2269 1533 2338 episc0pus
1589 2265 1965 2335 Apolloniadis

382 2351 657 2422 synodica:
691 2348 966 2420 Lydorum
1010 2350 1252 2420 epistola:
1289 2365 1482 2405 nomen
1516 2350 1823 2417 adscripsit.
1851 2345 1962 2400 Nn-

384 2448 506 2487 ntos
551 2433 1056 2502 Apollonidensittm
1118 2432 1554 2487 ’Δπολλωνιδέων
1590 2433 1792 2486 habent
1817 2430 1966 2485 Vail-

386 2516 588 2570 lautius
625 2525 678 2570 et
725 2515 1052 2571 Ilarduinus.
1092 2513 1232 2572 Vide
1277 2516 1380 2571 'I‘h.
1428 2516 1592 2571 Laur.
1628 2516 1962 2572 Gronovium

387 2600 440 2653 in
473 2597 599 2653 Bas.
626 2599 904 2664 Marmor.,
940 2615 988 2654 c.
1030 2615 1179 2654 ηις.

458 2682 593 2737 Ibid.
652 2683 1189 2750 Ἰεροκαστέλλεια.
1237 2681 1368 2738 Sine
1415 2682 1578 2737 dubio
1632 2683 1968 2754 Ἱεροκαισὰ-

391 2784 513 2838 ρεια
547 2776 754 2838 rectum
792 2775 894 2828 est,
942 2767 1104 2836 cujus
1149 2767 1444 2837 episcopus
1501 2766 1969 2838 Ἱεροκαισαρείας

388 2850 647 2906 Cossinus
670 2848 1025 2914 Chalcedon.,
1068 2865 1120 2920 p.
1147 2849 1255 2905 665
1280 2851 1565 2905 scribendo
1597 2850 1784 2904 adfuit.
1815 2851 1970 2906 Haud

389 2936 547 3004 longe
586 2932 838 3004 Ilypmpis
881 2933 1139 3000 distabat,
1186 2933 1394 2988 famosa
1430 2933 1576 2988 cultu
1615 2933 1798 2988 Diana;
1838 2933 1973 2988 Per-

390 3019 536 3079 sicut,
567 3034 672 3086 qua
701 3018 767 3071 de
816 3016 991 3073 Tacit.
1025 3018 1162 3074 Ann.
1197 3033 1283 3084 ιιι,
1330 3017 1418 3083 65,
1459 3033 1486 3071 a
1521 3017 1778 3082 Persicis,
1834 3019 1969 3074 inihi

390 3100 752 3156 incolentibus
791 3101 934 3171 apud
975 3100 1297 3155 Pausaniam
1336 3115 1399 3166 ν,
1445 3101 1536 3167 27,
1576 3109 1634 3154 ut
1672 3102 1770 3154 viri
1822 3101 1968 3156 docti

392 3190 742 3250 monuerunt,
767 3183 947 3239 dictae.
971 3183 1102 3250 Qua:
1129 3199 1253 3238 cum
1279 3199 1386 3237 non
1413 3185 1688 3252 ignoraret
1713 3181 1798 3238 Jo.
1831 3185 1973 3238 Har-

392 3269 608 3332 duiuus,
641 3283 807 3322 ausus
839 3276 1020 3321 tamen
1067 3278 1152 3322 est
1189 3268 1398 3322 iterata:
1431 3269 1588 3323 Plinii
1619 3269 1848 3324 editioni
1876 3272 1973 3324 ad~

392 3353 636 3406 scribere
687 3367 758 3417 ν,
809 3352 914 3416 29,
973 3351 1150 3407 nullos
1203 3353 1310 3406 illic
1357 3351 1610 3409 Persicos
1662 3355 1974 3424 nullamque

398 3435 620 3488 Dianam
671 3432 946 3490 Persicam
1005 3436 1173 3490 fuisse
1207 3457 1217 3489 :
1255 3435 1563 3490 HEPCIKH
1608 3439 1779 3491 notari
1809 3437 1978 3492 ΠΕΡ-

391 3517 588 3572 τίνακα
639 3518 910 3570 Σεϐαστὸν
994 3517 1185 3587 Ἰερείς
1221 3518 1584 3588 Καθιέρωσαν
1621 3519 1971 3592 Ἡρακλέους,

398 3601 731 3656 Pertinacem
762 3602 1060 3670 Augustum
1096 3603 1393 3656 sacerdotes
1427 3613 1796 3663 consecrarunt
1830 3603 1970 3658 Her-

403 3685 564 3740 culis.
599 3683 676 3738 En
711 3699 807 3738 cor
833 3683 1089 3738 Zenodoti
1113 3727 1128 3750 ,
1162 3699 1226 3738 en
1250 3684 1403 3754 jecur
1432 3684 1690 3740 Cratetis.

467 3769 605 3823 Ibid.
641 3767 961 3836 Μυστήνη.
1012 3768 1300 3835 Μοστήνη,
1347 3777 1400 3821 ut
1440 3783 1633 3822 numus
1678 3768 1975 3840 Μοστηνῶν

396 3853 588 3908 Λυδῶν
652 3851 940 3922 perspicue
1002 3853 1179 3904 docet.
1253 3848 1498 3905 Julianus
1553 3851 1765 3916 πόλεως
1829 3855 1977 3907 Μου-

399 3938 604 4009 στήνης
651 3943 734 3988 est
760 3937 812 3988 in
859 3934 1214 3998 Chalcedon.,
1253 3951 1304 4003 ιι.
1338 3933 1466 3986 240.
1505 3935 1635 3988 Vide
1669 3935 1730 3990 L.
1763 3937 1972 3994 Theod.

290 4050 305 4064 ο
395 4021 731 4076 Gronovium
797 4017 848 4071 in
903 4016 1029 4072 Bas.
1081 4016 1337 4070 Marmor.
1385 4033 1434 4070 c.
1498 4032 1651 4071 xxxx.
1707 4019 1974 4074 Caeterum

397 4119 518 4172 quae
549 4103 738 4156 ultimo
783 4101 900 4155 loco
930 4099 1124 4169 legitur
1153 4099 1418 4163 Μοστίνα,
1466 4111 1664 4155 nostrae
1710 4105 1977 4158 correcﬁo

398 4197 564 4254 atque
591 4200 657 4239 ex
699 4185 944 4250 margine
988 4183 1041 4234 in
1077 4182 1382 4251 eatalogum
1413 4183 1786 4250 imprudenter
1825 4200 1977 4240 rece-

402 4281 490 4336 pta
530 4278 634 4338 est,
685 4278 744 4322 ut
785 4267 889 4322 Ch.
923 4266 1188 4322 Cellarius
1213 4263 1278 4320 G.
1306 4266 1369 4319 Α.
1405 4281 1486 4331 ιιι,
1514 4267 1569 4330 4,
1594 4282 1646 4336 p.
1682 4267 1774 4322 I5I
1804 4271 1978 4323 anim-

398 4355 651 4409 advertit.

473 4436 606 4492 lbid.
644 4431 984 4488 Σαταλέων.
1028 4429 1222 4486 Scribo
1272 4430 1504 4497 Σάταλα,
1537 4448 1633 4502 pro
1677 4448 1785 4502 quo
1813 4449 1979 4503 prave

404 4519 726 4576 Ptolenneus
773 4515 1020 4569 Σάτταλα
1057 4521 1113 4567 ct
1162 4512 1385 4570 Nonnus
1439 4517 1661 4587 Dionys.
1699 4533 1820 4579 xm.
1873 4518 1980 4573 474

404 4601 676 4657 Στὰτα).α.
723 4599 971 4653 Andreas
1004 4595 1261 4649 Σατάλων
1300 4598 1499 4661 Λυδίας
1536 4599 1780 4654 interfuit
1810 4601 1979 4655 Chal-

403 4688 602 4742 cedon.
631 4701 687 4753 p.
719 4683 809 4748 97,
836 4682 1152 4750 vitioseque,
1181 4695 1233 4749 p.
1269 4681 1371 4745 574
1400 4682 1666 4754 Σαγάρων
1703 4684 1903 4750 Λυδίας
1928 4699 1982 4741 et

401 4791 456 4842 p.
492 4770 598 4825 665
628 4767 926 4830 ἐπίσκοπος
970 4765 1217 4833 Ἀγαλῶν
1249 4765 1466 4819 dicitur.

472 4853 610 4909 Ibid.
657 4849 912 4918 Γόρδος.
961 4849 1156 4919 Γόρδος
1197 4849 1297 4918 τῆς
1329 4849 1528 4912 Λυδίας
1556 4849 1768 4905 Socrati
1802 4851 1874 4907 H.
1913 4852 1980 4906 E.

404 4954 502 5002 vn,
536 4935 627 5001 56,
691 4935 843 5004 cujus
876 4934 1168 5002 episcopus
1199 4931 1494 5000 Gregorius
1524 4934 1722 5004 Γόρδου
1765 4935 1984 4992 Νίρωιιο

402 5022 667 5087 secundo,
687 5035 741 5089 p.
778 5017 886 5074 555
905 5031 1098 5072 nomen
1119 5017 1428 5086 adscripsit.
1447 5017 1674 5075 Carolus
1691 5036 1720 5075 a
1739 5021 1796 5076 S.
1816 5019 1983 5077 Paulo

402 5109 651 5162 eamdem
676 5119 798 5161 esse
821 5111 1006 5159 censet
1037 5116 1102 5156 ac
1133 5098 1449 5170 Joliopolin,
1483 5119 1603 5172 quae
1634 5115 1760 5161 ante
1795 5107 1982 5162 Gordu

401 5193 592 5254 Come,
641 5189 780 5257 apud
833 5189 1158 5243 Strabonem
1205 5202 1301 5249 xu,
1331 5201 1382 5254 p.
1421 5187 1548 5253 574,
1602 5192 1695 5244 sed
1737 5205 1930 5247 errans
1966 5209 1980 5245 :

403 5276 552 5330 illam
589 5274 640 5326 in
672 5271 880 5326 Galatia
915 5271 1089 5340 prima
1120 5270 1424 5324 Videbimus
1451 5288 1464 5334 ;
1501 5271 1613 5324 hinc
1639 5271 1985 5342 Juliagordns

403 5357 694 5413 Ptolemteo
713 5363 767 5408 et
785 5357 986 5417 numis,
1008 5353 1310 5424 cujusmodi
1350 5352 1506 5410 Thes.
1525 5355 1738 5409 Britau.
1767 5365 1896 5410 tom.
1922 5372 1983 5423 ιι,

406 5457 461 5510 p.
499 5438 622 5503 ll6,
657 5453 763 5491 una
799 5447 954 5502 parte
981 5439 1221 5491 turribus
1254 5448 1503 5491 ornatum
1536 5447 1699 5506 caput
1749 5449 1802 5493 et
1839 5442 1983 5495 circa

416 5523 824 5595 Ἴουλιαγόρεος,
874 5523 1038 5577 altera
1088 5524 1414 5594 Ephesinam
1467 5523 1689 5577 Dianam
1739 5536 1794 5580 et
1853 5526 1985 5578 Ἰου-

406 5608 742 5680 λιγορδηνῶν
776 5607 992 5662 titulum
1031 5619 1448 5676 repra‘sentans.

479 5693 619 5749 Ibid.
651 5692 790 5746 Ὑπὸ
845 5691 1312 5759 κονσουλάριον.
1353 5691 1478 5745 Fuit
1510 5694 1834 5762 prmsidialis
1863 5711 1988 5764 pro-

413 5780 586 5835 vincia
637 5779 859 5845 Pisidia,
906 5790 967 5833 ut
1005 5777 1176 5834 Notit.
1239 5779 1367 5850 imp.
1401 5778 1610 5834 Orient.
1643 5795 1693 5834 e.
1726 5781 1750 5833 I
1787 5791 1839 5835 et
1872 5781 1987 5838 No-

411 5863 545 5920 vella
575 5862 666 5928 24,
704 5862 855 5933 cujus
901 5877 951 5920 c.
994 5863 1025 5916 4
1061 5863 1353 5934 provincim
1395 5878 1594 5933 pra-ses
1652 5874 1852 5935 praetor
1880 5866 1982 5940 _Ju-

1963 5963 1996 5970 -4

1213 375 1616 463 ΈΟΜΜΕΝΤ.
1651 395 1734 457 IN
1774 385 2193 453 HIEROCLIS
2229 364 2796 454 SYNECDEMUM.‘

3522 388 3660 455 112?.

2082 503 2358 558 stinianus
2390 520 2510 562 esse
2529 507 2784 575 juhetur,
2823 505 3314 575 indicant;estquc
3363 507 3481 575 ejus
3522 526 3657 580 prm-

2073 601 2161 641 ses
2195 588 2247 641 in
2275 589 2425 644 Actis
2453 591 2654 645 Zosimi
2687 600 2794 644 tom
2831 605 2888 644 ιιι
2920 589 3050 654 .Iul.,
3087 608 3138 662 p.
3177 592 3302 653 8I5.
3335 604 3440 648 etc.

2143 668 2279 726 Ibid.
2325 674 2666 741 Ἀντιόχεια.
2718 673 3018 728 Provincia:
3053 684 3170 728 erat
3217 677 3563 745 tnetr0polis,
3596 672 3658 731 ut

2071 767 2134 807 ex
2171 756 2584 824 provincialium
2634 757 2701 811 ad
2729 755 2968 812 Leonem
3010 758 3396 828 imperatorem
3425 761 3657 828 epistola

2073 847 2320 905 constat,
2371 837 2662 909 Lycaoniae
2727 840 2924 895 ﬁnibus
2973 845 3256 909 proxima;
3317 859 3442 912 qua:
3493 861 3656 899 causa

2072 932 2156 976 est
2201 938 2372 992 quare
2425 924 2626 978 Basilio
2677 924 3010 979 Seleueiensi
3077 925 3180 980 Vit.
3251 926 3310 982 S.
3378 927 3583 984 Thecla:
3617 947 3655 998 I,

2071 1019 2127 1074 p.
2175 1005 2280 1060 255
2307 1007 2442 1061 edit.
2486 1007 2668 1061 Paris.
2705 1008 2804 1077 τῆς
2848 1009 3083 1062 Πισιδῶν
3135 1009 3236 1078 τῆς
3282 1010 3374 1064 καὶ
3413 1014 3658 1080 γείτονος

2071 1089 2364 1143 Λυκαόνων
2410 1091 2645 1146 dicatur.
2692 1091 2998 1160 Ancyranze
3027 1092 3234 1163 synodo
3267 1093 3509 1150 adfuisse
3543 1097 3654 1151 fer-

2074 1163 2164 1225 tur
2193 1171 2491 1240 Sergianus
2542 1173 2843 1228 Antiochiae
2889 1174 3102 1229 Pisidizn
3134 1175 3248 1230 sive
3289 1175 3482 1243 Cariae,
3518 1193 3656 1246 quo-

2076 1267 2194 1306 rmn
2226 1253 2453 1309 alterum
2515 1257 2658 1310 haud
2713 1256 2874 1311 dubie
2923 1272 2951 1309 a
3001 1266 3315 1314 correctore
3357 1268 3463 1315 est.
3526 1259 3659 1314 Vide

2074 1336 2366 1392 Cellarium
2402 1338 2466 1393 G.
2497 1341 2559 1393 Α.
2597 1356 2681 1406 ιιι,
2710 1341 2765 1403 4,
2804 1357 2855 1410 p.
2891 1341 3018 1395 I87.

2145 1421 2280 1476 Ibid.
2313 1423 2435 1476 Νέα
2472 1423 2674 1490 πόλις.
2721 1423 3051 1495 Ilesychium
3084 1425 3492 1496 Neapolitanum
3515 1428 3658 1482 inter

2075 1499 2291 1559 Pisidiae
2359 1509 2644 1576 episcopos
2708 1507 2762 1561 in
2825 1523 2961 1564 mss.
3008 1512 3382 1566 vetustissimo
3454 1512 3654 1566 Nicmni

2075 1585 2238 1654 primi
2289 1589 2499 1643 invenit
2551 1589 2610 1644 L.
2647 1589 3007 1646 I-Iolstcinius.
3061 1593 3334 1648 Bassonas
3366 1596 3470 1664 τῆς
3509 1596 3656 1658 Νέας

2074 1668 2285 1732 πόλεως
2317 1672 2458 1726 inter
2493 1673 2786 1740 provinciae
2811 1675 3069 1742 praesules
3107 1677 3162 1730 in
3194 1677 3652 1740 Chalcedonensi,

2073 1769 2129 1826 p.
2160 1753 2267 1807 670
2298 1771 2496 1809 nomen
2533 1757 2842 1824 prolitetur.
2902 1757 3078 1813 Habet
3106 1760 3270 1813 etiam
3304 1762 3649 1816 Ptolenut-os.

2148 1836 2281 1892 Ibid.
2329 1840 2596 1909 Αιμέιοαι.
2627 1841 2997 1909 Limenopolis
3037 1842 3088 1896 in
3133 1843 3553 1912 prmincialium
3589 1848 3655 1900 ad

2072 1920 2310 1976 Leonem
2365 1923 2750 1992 imperatorem
2795 1926 2956 1993 epist.
3026 1939 3124 1992 pro
3172 1926 3426 1995 Λιμενῶν
3474 1928 3653 1992 πόλις.

2075 2003 2220 2059 Sane
2246 2003 2520 2060 Musianus
2553 2004 2808 2075 Λιμενῶν
2844 2006 3059 2062 Pisidiae
3085 2009 3371 2078 episcopus
3405 2010 3457 2063 in
3497 2011 3656 2064 Chal-

2072 2089 2291 2154 cedon.,
2327 2105 2380 2158 p.
2409 2088 2537 2155 670,
2567 2090 2787 2156 dicitur,
2811 2101 2868 2144 ut
2897 2090 3184 2146 Constant.
3231 2091 3435 2157 Tertio,
3473 2109 3526 2162 p.
3547 2092 3652 2147 676

2072 2171 2340 2227 Patricius
2366 2174 2465 2241 τῆς
2490 2173 2786 2244 Λυμναίων
2829 2173 3042 2238 πόλεως
3087 2176 3321 2230 Πισιδῶν
3359 2177 3652 2249 ἐπαρχίας.

2073 2256 2228 2312 Unde
2255 2271 2320 2311 an
2357 2257 2579 2327 Λίμναι,
2625 2273 2734 2326 quo
2766 2259 2982 2312 nomine
3015 2260 3178 2313 nrbes
3217 2259 3529 2329 Stephanus
3569 2277 3658 2317 re-

2075 2349 2281 2404 censet,
2317 2342 2556 2403 potiores
2586 2341 2714 2404 sint,
2753 2340 2893 2393 haud
2933 2341 3212 2394 immerito
3242 2343 3477 2398 dubites.

2147 2424 2280 2478 Ibid.
2325 2425 2592 2480 Σαϐίναι.
2645 2424 2792 2478 ΙΙιιιιο
2844 2433 3010 2491 atque
3051 2422 3368 2479 Armeniam
3415 2431 3655 2483 nondum

2076 2508 2274 2577 reperi.
2310 2507 2607 2571 Posterior,
2660 2507 2703 2562 si
2739 2505 2943 2561 Grrecae
2965 2507 3037 2560 sit
3075 2507 3300 2574 originis
3323 2548 3340 2570 ,
3395 2523 3423 2562 a
3469 2525 3658 2566 servo-

2077 2606 2194 2646 rum
2229 2591 2380 2658 e0pia
2417 2591 2468 2644 id
2509 2604 2707 2644 nomen
2742 2591 2990 2660 accipere.
3028 2591 3224 2659 potuit.
3263 2589 3397 2647 Vide
3444 2595 3656 2650 scholia

2077 2675 2128 2729 in
2162 2673 2420 2730 Nicandri
2443 2674 2820 2742 Alexipharm.
2857 2673 2982 2728 176.

2148 2758 2286 2812 Ibid.
2326 2757 2573 2812 Πάππα.
2607 2755 2761 2809 Novit
2798 2771 2918 2811 eam
2970 2756 3329 2823 Ptolemazus,
3362 2769 3554 2830 estque
3603 2763 3656 2818 in

2078 2840 2294 2895 Niraano
2348 2840 2588 2894 secundo
2630 2838 2860 2894 Michael
2923 2841 3219 2904 ἐπίσκοπος
3281 2843 3488 2897 Πὰπων
3545 2848 3662 2901 sise

2079 2925 2328 2978 Πάππων
2360 2924 2502 2976 inter
2545 2921 2775 2986 Pisidas,
2813 2937 2864 2991 p.
2903 2923 3008 2979 548
3035 2935 3085 2978 et
3115 2924 3241 2979 575.
3273 2924 3478 2998 Negligi
3529 2943 3657 2996 ergo

2078 3023 2106 3062 a
2136 3006 2489 3076 Geographize
2517 3002 2700 3058 Sacrae
2741 3004 3022 3060 conditore
3057 3007 3198 3062 haud
3229 3009 3516 3064 debuerat.

2149 3090 2285 3145 Ibid.
2308 3087 2708 3158 -Σινήθανδοᾳ
2725 3088 3020 3156 Σινίανδος,
3049 3100 3109 3145 ιιι
3135 3091 3366 3162 Cyrillus
3385 3094 3658 3150 XtVtcivBou

2078 3175 2310 3229 concilio
2358 3171 2726 3232 Chalcedon..
2783 3187 2836 3240 p.
2900 3173 3030 3238 670,
3093 3183 3147 3228 et
3207 3175 3396 3231 Conon
3452 3178 3661 3241 πόλεως

2079 3256 2352 3312 Σινιάνδου
2380 3256 2478 3326 τῆς
2518 3254 2750 3306 Πισιδῶν
2794 3256 3064 3326 ἐπαρχίας
3117 3255 3404 3314 Constant.
3449 3257 3660 3327 Tertio,

2080 3357 2132 3411 p.
2166 3339 2270 3393 676
2296 3340 2611 3411 ostendunt.

2151 3421 2284 3477 Ibid.
2325 3418 2660 3475 Λαοδίκεια.
2712 3417 2829 3473 Non
2888 3419 3047 3473 aliter
3078 3420 3307 3488 Strabo,
3351 3424 3388 3478 I.
3439 3441 3564 3493 xiv,
3604 3444 3659 3498 p.

2079 3509 2204 3564 665.
2243 3506 2348 3560 Alii
2385 3503 2708 3578 Λαοδίκειαν
2740 3504 2842 3574 τῆς
2895 3505 3141 3569 Πισιδίας
3184 3508 3414 3575 malunt,
3467 3521 3525 3564 ut
3557 3512 3662 3566 So-

2079 3601 2257 3648 crates
2309 3588 2383 3642 !I.
2426 3588 2489 3641 I'J.
2522 3603 2600 3649 vr,
2648 3588 2702 3641 8.
2749 3585 3023 3641 I‘ailadius
3062 3590 3197 3664 satis
3245 3593 3487 3647 oratorie
3527 3593 3658 3665 (νῖν.

2080 3675 2477 3746 Chrysostomi,
2524 3687 2577 3740 p.
2627 3671 2715 3742 78)
2757 3671 3149 3738 συγκλωσθεὶς,
3199 3674 3393 3746 inquit,
3432 3677 3660 3748 ’Λμμω-

2080 3762 2178 3832 νέῳ
2231 3758 2307 3829 τῷ
2355 3754 2676 3816 Λαοδικείας
2734 3755 2834 3824 τῆς
2900 3756 3248 3828 κεκαυμένης
3305 3760 3660 3830 κεκαυμένην

2079 3846 2335 3914 ἐποίησεν
2366 3842 2464 3912 τὴν
2489 3839 2805 3908 ἐκκλησίαν.
2854 3837 3030 3893 Causa
3064 3842 3401 3909 cognmninis
3448 3858 3511 3896 ex
3558 3846 3659 3898 soli

2082 3932 2316 4000 ingenio,
2351 3929 2495 3996 quod
2532 3925 2672 3993 ignis
2705 3924 2776 3978 ibi
2812 3926 3062 3994 quaedam
3110 3927 3266 3995 quasi
3297 3929 3661 4000 scaturigines

2079 4024 2282 4077 essent,
2314 4021 2530 4080 sumpta
2554 4009 2784 4063 videtur.

2151 4097 2289 4151 Ibid.
2339 4093 2608 4163 Τυρὰἳον.
2645 4091 2871 4144 Rectum
2906 4100 3010 4146 est.
3043 4089 3391 4148 Theotecnus
3431 4093 3659 4165 Τιραῖου

2081 4180 2434 4244 Chalcedon.,
2465 4194 2518 4248 p.
2554 4176 2656 4231 401
2706 4186 2760 4231 et
2799 4174 3096 4245 Τυρασίου,
3124 4193 3180 4246 p.
3222 4177 3326 4232 669
3348 4179 3662 4245 subscribit,

2083 4264 2222 4317 male
2251 4263 2538 4327 utrobique
2572 4277 2585 4312 :
2617 4259 2777 4314 facile
2813 4269 2993 4312 tamen
3029 4262 3216 4314 videas
3250 4261 3391 4314 unde
3438 4276 3498 4315 ea
3552 4262 3664 4316 sint

2083 4349 2394 4414 depravata.
2444 4343 2686 4396 Meminit
2737 4341 2974 4410 ejusdem
3024 4343 3076 4394 in
3135 4342 3407 4412 Phrygia,
3465 4344 3665 4398 finibus

2084 4429 2203 4496 ejus
2249 4429 2463 4498 longius
2511 4423 2754 4495 prolatis,
2790 4422 3091 4491 Xenophon
3124 4425 3325 4494 Exped.
3350 4425 3479 4493 Cyr.
3514 4442 3565 4493 ι,
3608 4443 3661 4497 p.

2086 4514 2210 4579 194,
2237 4513 2331 4567 sed
2374 4512 2630 4581 Τυριαῑον
2655 4508 2966 4577 appellans;
2997 4510 3138 4578 quod
3176 4509 3349 4578 ipsum
3385 4509 3664 4576 Straboni,

2085 4599 2130 4655 si
2163 4612 2294 4652 mss.
2329 4595 2506 4648 valeat
2532 4594 2848 4654 auctoritas,
2878 4609 2996 4645 eum
3018 4592 3225 4646 Ortclio
3256 4595 3659 4649 restituendum

2084 4681 2208 4746 erit,
2252 4680 2288 4733 I.
2326 4693 2440 4742 xw,
2489 4692 2541 4747 ιι.
2577 4677 2682 4730 665
2716 4695 2730 4732 :
2764 4676 2856 4728 ἐπὶ
2891 4676 2946 4728 δὲ
2997 4675 3057 4727 τὸ
3100 4674 3238 4746 πρὸς
3281 4679 3345 4746 τῇ
3387 4676 3668 4749 Λυκαονῐᾳ

2086 4765 2262 4835 πέρας
2305 4763 2408 4831 τῆς
2457 4761 2769 4830 παρωρείου
2813 4758 2874 4811 τὸ
2920 4758 3179 4828 Τυριαῖον
3213 4758 3300 4811 διὰ
3341 4759 3666 4832 Φιλομηλίου

2090 4847 2274 4920 μικρῷ
2302 4845 2525 4908 πλείους
2554 4845 2662 4897 τῶν
2703 4844 3094 4896 πεντακοσίων.
3128 4842 3218 4896 Sic
3248 4844 3391 4898 enim
3426 4844 3522 4911 illi,
3562 4863 3667 4900 non

2087 4931 2404 5003 Τυριάριον,
2435 4938 2493 4982 ιιι
2523 4927 2704 5005 vulgo,
2739 4942 2839 4981 nec
2866 4927 3178 4997 Τετρὰδιον,
3209 4929 3350 4998 quod
3382 4944 3444 4981 ex
3485 4929 3668 4984 Ptole-

2089 5031 2225 5071 ιιιωο
2273 5013 2570 5068 Palmerius
2634 5010 2974 5075 advm'abat,
3029 5013 3353 5079 probantes;
3421 5023 3481 5064 ut
3535 5015 3668 5065 adeo

2089 5106 2233 5160 circa
2266 5099 2554 5170 Lycaonia:
2586 5105 2847 5150 montana
2886 5111 2990 5149 non
3029 5099 3255 5150 Il'ltlilllm
3288 5111 3317 5148 a
3352 5083 3676 5150 Philmne‘io’

2091 5186 2324 5257 positum
2356 5181 2556 5248 fuerit;
2591 5180 2731 5248 quod
2761 5190 2812 5233 et
2850 5178 3005 5232 Plinii
3039 5179 3330 5250 Tyrienses
3364 5194 3413 5240 ν,
3447 5178 3516 5230 ‘27
3545 5179 3666 5230 Ph?-

2090 5266 2495 5326 lomeliensibus
2530 5279 2690 5333 ponte
2728 5263 3002 5333 conjuncti
3053 5264 3298 5321 suadent.
3337 5258 3540 5313 Poterit
3575 5275 3671 5311 att-

2092 5364 2199 5409 tem
2230 5351 2502 5422 Tyriaéum
2541 5361 2826 5401 numerum
2855 5347 3074 5399 urbium
3103 5343 3444 5413 Geographiw
3467 5341 3667 5408 Sacr-tr,

2091 5443 2140 5496 in
2170 5454 2271 5507 qua
2306 5435 2450 5490 nulla
2481 5433 2597 5502 ejus
2631 5431 2854 5495 mentio,
2880 5445 3100 5499 augere.

2160 5523 2293 5578 Ibid.
2353 5518 2861 5586 Ἀδριανούπολις.
2911 5511 3216 5565 Florentius
3278 5509 3658 5580 Ἀδριανουπὸ-

2087 5610 2225 5670 λεως
2255 5603 2471 5660 Pisidiae
2497 5610 2584 5658 est
2623 5603 2676 5656 in
2723 5597 3052 5655 Chalcedon.
3089 5595 3340 5659 concilio,
3375 5613 3426 5664 p.
3461 5594 3586 5657 6³10,
3614 5604 3669 5647 et

2089 5694 2397 5750 Thalalseus
2437 5683 3076 5754 IIadrianopolitanortnn
3114 5679 3331 5735 Pisidiae
3375 5680 3669 5750 provincia:
3707 5738 3714 5742 _

2088 5780 2280 5837 Collat.
2314 5777 2348 5832 8
2373 5772 2787 5838 Constantinop.
2814 5781 2948 5831 sec.,
2983 5781 3039 5835 p.
3067 5764 3195 5819 241.

2163 5865 2297 5923 Ibid.
2330 5857 2720 5930 Φιλομήλιον.
2749 5854 2885 5910 Nota
2920 5852 3047 5908 urbs
3079 5867 3144 5906 ex
3173 5849 3442 5910 Strabone
3465 5858 3518 5908 et
3539 5862 3673 5908 con-
