  <div class='ocr_page' id='page_1' title='image "/cluster/home/n/w/nwhite01/storage/ocr_20150623/113:no.2/coo.31924054870179/573.png"; bbox 0 0 4170 6452; ppageno 0'>
   <div class='ocr_carea' id='block_1_1' title="bbox 471 385 614 456">
    <p class='ocr_par' dir='ltr' id='par_1_1' title="bbox 471 385 614 456">
     <span class='ocr_line' id='line_1_1' title="bbox 471 385 614 456; baseline 0.007 -1"><span class='ocrx_word' id='word_1_1' title='bbox 471 385 614 456; x_wconf 73' lang='grc'><strong>1123</strong></span> 
     </span>
    </p>
   </div>
   <div class='ocr_carea' id='block_1_2' title="bbox 467 498 2046 571">
    <p class='ocr_par' dir='ltr' id='par_1_2' title="bbox 467 498 2046 571">
     <span class='ocr_line' id='line_1_2' title="bbox 467 498 2046 571; baseline -0.006 -9"><span class='ocrx_word' id='word_1_2' title='bbox 467 509 720 564; x_wconf 86' lang='lat' dir='ltr'><strong>ciliornm</strong></span> <span class='ocrx_word' id='word_1_3' title='bbox 751 513 836 560; x_wconf 89' lang='lat' dir='ltr'><strong>est</strong></span> <span class='ocrx_word' id='word_1_4' title='bbox 865 503 1034 568; x_wconf 76' lang='lat' dir='ltr'><strong>Actis,</strong></span> <span class='ocrx_word' id='word_1_5' title='bbox 1062 519 1172 558; x_wconf 85' lang='lat' dir='ltr'><strong>non</strong></span> <span class='ocrx_word' id='word_1_6' title='bbox 1221 502 1370 566; x_wconf 84' lang='lat' dir='ltr'><strong>item.</strong></span> <span class='ocrx_word' id='word_1_7' title='bbox 1401 503 1542 571; x_wconf 99' lang='lat' dir='ltr'><strong>turpi</strong></span> <span class='ocrx_word' id='word_1_8' title='bbox 1589 501 1722 554; x_wconf 89' lang='lat' dir='ltr'><strong>vitio</strong></span> <span class='ocrx_word' id='word_1_9' title='bbox 1775 498 2046 553; x_wconf 84' lang='lat' dir='ltr'><strong>deforma-</strong></span> 
     </span>
    </p>
   </div>
   <div class='ocr_carea' id='block_1_3' title="bbox 469 586 2048 656">
    <p class='ocr_par' dir='ltr' id='par_1_3' title="bbox 469 586 2048 656">
     <span class='ocr_line' id='line_1_3' title="bbox 469 586 2048 656; baseline -0.006 -13"><span class='ocrx_word' id='word_1_10' title='bbox 469 601 579 643; x_wconf 89' lang='lat' dir='ltr'><strong>tam</strong></span> <span class='ocrx_word' id='word_1_11' title='bbox 603 603 726 643; x_wconf 90' lang='lat' dir='ltr'><strong>esse</strong></span> <span class='ocrx_word' id='word_1_12' title='bbox 757 588 810 642; x_wconf 87' lang='lat' dir='ltr'><strong>itt</strong></span> <span class='ocrx_word' id='word_1_13' title='bbox 845 586 1095 656; x_wconf 81' lang='lat' dir='ltr'><strong>Procopii</strong></span> <span class='ocrx_word' id='word_1_14' title='bbox 1145 586 1287 640; x_wconf 80' lang='lat' dir='ltr'><strong>Hist.</strong></span> <span class='ocrx_word' id='word_1_15' title='bbox 1334 601 1532 638; x_wconf 80' lang='lat' dir='ltr'><strong>arcana</strong></span> <span class='ocrx_word' id='word_1_16' title='bbox 1580 598 1626 638; x_wconf 92' lang='lat' dir='ltr'><strong>c.</strong></span> <span class='ocrx_word' id='word_1_17' title='bbox 1663 597 1822 636; x_wconf 77' lang='lat' dir='ltr'><strong>XVIII.</strong></span> <span class='ocrx_word' id='word_1_18' title='bbox 1859 589 2048 634; x_wconf 89' lang='lat' dir='ltr'><strong>narrat</strong></span> 
     </span>
    </p>
   </div>
   <div class='ocr_carea' id='block_1_4' title="bbox 470 666 2049 743">
    <p class='ocr_par' dir='ltr' id='par_1_4' title="bbox 470 666 2049 743">
     <span class='ocr_line' id='line_1_4' title="bbox 470 666 2049 743; baseline -0.004 -18"><span class='ocrx_word' id='word_1_19' title='bbox 470 674 657 743; x_wconf 80' lang='lat' dir='ltr'><strong>plures</strong></span> <span class='ocrx_word' id='word_1_20' title='bbox 689 670 853 726; x_wconf 88' lang='lat' dir='ltr'><strong>urbes</strong></span> <span class='ocrx_word' id='word_1_21' title='bbox 886 669 1380 734; x_wconf 71' lang='lat' dir='ltr'><strong>vehementiterrm</strong></span> <span class='ocrx_word' id='word_1_22' title='bbox 1415 675 1560 720; x_wconf 83' lang='lat' dir='ltr'><strong>niotu</strong></span> <span class='ocrx_word' id='word_1_23' title='bbox 1591 666 1882 728; x_wconf 59' lang='lat' dir='ltr'><strong>corruisse,</strong></span> <span class='ocrx_word' id='word_1_24' title='bbox 1919 678 2049 733; x_wconf 68' lang='lat' dir='ltr'><strong>pra:-</strong></span> 
     </span>
    </p>
   </div>
   <div class='ocr_carea' id='block_1_5' title="bbox 470 747 2049 825">
    <p class='ocr_par' dir='ltr' id='par_1_5' title="bbox 470 747 2049 825">
     <span class='ocr_line' id='line_1_5' title="bbox 470 747 2049 825; baseline -0.006 -15"><span class='ocrx_word' id='word_1_25' title='bbox 470 768 662 825; x_wconf 84' lang='lat' dir='ltr'><strong>terque</strong></span> <span class='ocrx_word' id='word_1_26' title='bbox 693 763 922 810; x_wconf 70' lang='lat' dir='ltr'><strong>eteteras</strong></span> <span class='ocrx_word' id='word_1_27' title='bbox 963 752 1263 808; x_wconf 76' lang='grc' dir='ltr'>Πολύϐοτόν</span> <span class='ocrx_word' id='word_1_28' title='bbox 1295 769 1355 804; x_wconf 84' lang='grc' dir='ltr'><strong>τε</strong></span> <span class='ocrx_word' id='word_1_29' title='bbox 1382 753 1481 820; x_wconf 74' lang='grc' dir='ltr'><strong>τὴν</strong></span> <span class='ocrx_word' id='word_1_30' title='bbox 1524 752 1582 802; x_wconf 84' lang='grc' dir='ltr'><strong>ὲν</strong></span> <span class='ocrx_word' id='word_1_31' title='bbox 1612 749 1823 819; x_wconf 76' lang='grc' dir='ltr'>Φρυγίᾳ</span> <span class='ocrx_word' id='word_1_32' title='bbox 1857 750 1950 802; x_wconf 71' lang='grc' dir='ltr'><strong>καὶ</strong></span> <span class='ocrx_word' id='word_1_33' title='bbox 1979 747 2049 819; x_wconf 78' lang='grc' dir='ltr'><strong>ἦν</strong></span> 
     </span>
    </p>
   </div>
   <div class='ocr_carea' id='block_1_6' title="bbox 349 833 2049 913">
    <p class='ocr_par' dir='ltr' id='par_1_6' title="bbox 349 833 2049 913">
     <span class='ocr_line' id='line_1_6' title="bbox 349 833 2049 913; baseline -0.004 -19"><span class='ocrx_word' id='word_1_34' title='bbox 349 869 367 913; x_wconf 57' lang='grc' dir='ltr'><strong>ς</strong></span> <span class='ocrx_word' id='word_1_35' title='bbox 470 839 686 893; x_wconf 76' lang='grc' dir='ltr'><strong>Πισίδαι</strong></span> <span class='ocrx_word' id='word_1_36' title='bbox 735 838 1042 908; x_wconf 79' lang='grc' dir='ltr'>Φιλομηδὴν</span> <span class='ocrx_word' id='word_1_37' title='bbox 1091 834 1370 892; x_wconf 79' lang='grc' dir='ltr'>καλοῦσιν.</span> <span class='ocrx_word' id='word_1_38' title='bbox 1419 835 1528 887; x_wconf 84' lang='grc' dir='ltr'>Ιιιιο</span> <span class='ocrx_word' id='word_1_39' title='bbox 1555 833 1905 904; x_wconf 81' lang='grc' dir='ltr'>Φιλομήλιον,</span> <span class='ocrx_word' id='word_1_40' title='bbox 1941 847 2049 900; x_wconf 91' lang='lat' dir='ltr'><strong>quo</strong></span> 
     </span>
    </p>
   </div>
   <div class='ocr_carea' id='block_1_7' title="bbox 370 914 2052 983">
    <p class='ocr_par' dir='ltr' id='par_1_7' title="bbox 370 914 2052 983">
     <span class='ocr_line' id='line_1_7' title="bbox 370 914 2052 983; baseline -0.002 -9"><span class='ocrx_word' id='word_1_41' title='bbox 370 954 374 957; x_wconf 95' lang='lat'><em>-</em></span> <span class='ocrx_word' id='word_1_42' title='bbox 471 923 689 975; x_wconf 82' lang='lat' dir='ltr'><strong>nomine</strong></span> <span class='ocrx_word' id='word_1_43' title='bbox 719 918 919 974; x_wconf 84' lang='lat' dir='ltr'><strong>Pisidis</strong></span> <span class='ocrx_word' id='word_1_44' title='bbox 947 920 1136 976; x_wconf 83' lang='lat' dir='ltr'><strong>urbem</strong></span> <span class='ocrx_word' id='word_1_45' title='bbox 1165 917 1352 983; x_wconf 80' lang='lat' dir='ltr'><strong>fuisse,</strong></span> <span class='ocrx_word' id='word_1_46' title='bbox 1383 931 1490 972; x_wconf 92' lang='lat' dir='ltr'><strong>non</strong></span> <span class='ocrx_word' id='word_1_47' title='bbox 1543 917 1738 983; x_wconf 85' lang='lat' dir='ltr'><strong>altero,</strong></span> <span class='ocrx_word' id='word_1_48' title='bbox 1781 916 1922 970; x_wconf 87' lang='lat' dir='ltr'><strong>citra</strong></span> <span class='ocrx_word' id='word_1_49' title='bbox 1951 914 2052 970; x_wconf 86' lang='lat' dir='ltr'><strong>du-</strong></span> 
     </span>
    </p>
   </div>
   <div class='ocr_carea' id='block_1_8' title="bbox 469 1003 759 1058">
    <p class='ocr_par' dir='ltr' id='par_1_8' title="bbox 469 1003 759 1058">
     <span class='ocr_line' id='line_1_8' title="bbox 469 1003 759 1058; baseline -0.003 0"><span class='ocrx_word' id='word_1_50' title='bbox 469 1003 616 1058; x_wconf 92' lang='lat' dir='ltr'><strong>bium</strong></span> <span class='ocrx_word' id='word_1_51' title='bbox 653 1012 759 1058; x_wconf 89' lang='lat' dir='ltr'><strong>est.</strong></span> 
     </span>
    </p>
   </div>
   <div class='ocr_carea' id='block_1_9' title="bbox 539 1065 2050 1150">
    <p class='ocr_par' dir='ltr' id='par_1_9' title="bbox 539 1065 2050 1150">
     <span class='ocr_line' id='line_1_9' title="bbox 539 1065 2050 1150; baseline -0.004 -9"><span class='ocrx_word' id='word_1_52' title='bbox 539 1065 659 1142; x_wconf 83' lang='lat' dir='ltr'><strong>eoi.</strong></span> <span class='ocrx_word' id='word_1_53' title='bbox 694 1084 820 1140; x_wconf 81' lang='grc'><strong>148.</strong></span> <span class='ocrx_word' id='word_1_54' title='bbox 847 1084 1203 1150; x_wconf 76' lang='grc' dir='ltr'>Σωζόπολις.</span> <span class='ocrx_word' id='word_1_55' title='bbox 1237 1082 1414 1138; x_wconf 89' lang='lat' dir='ltr'><strong>Patria</strong></span> <span class='ocrx_word' id='word_1_56' title='bbox 1445 1080 1546 1137; x_wconf 86' lang='lat' dir='ltr'><strong>fuit</strong></span> <span class='ocrx_word' id='word_1_57' title='bbox 1574 1080 1785 1146; x_wconf 87' lang='lat' dir='ltr'><strong>Severi,</strong></span> <span class='ocrx_word' id='word_1_58' title='bbox 1810 1079 1901 1150; x_wconf 90' lang='lat' dir='ltr'><strong>qui</strong></span> <span class='ocrx_word' id='word_1_59' title='bbox 1927 1079 2050 1136; x_wconf 83' lang='lat' dir='ltr'><strong>Fla-</strong></span> 
     </span>
    </p>
   </div>
   <div class='ocr_carea' id='block_1_10' title="bbox 470 1163 2052 1238">
    <p class='ocr_par' dir='ltr' id='par_1_10' title="bbox 470 1163 2052 1238">
     <span class='ocr_line' id='line_1_10' title="bbox 470 1163 2052 1238; baseline -0.001 -17"><span class='ocrx_word' id='word_1_60' title='bbox 470 1169 630 1223; x_wconf 79' lang='lat' dir='ltr'><strong>viano</strong></span> <span class='ocrx_word' id='word_1_61' title='bbox 659 1168 882 1238; x_wconf 88' lang='lat' dir='ltr'><strong>depulso</strong></span> <span class='ocrx_word' id='word_1_62' title='bbox 913 1166 1266 1224; x_wconf 86' lang='lat' dir='ltr'><strong>Antiochenis</strong></span> <span class='ocrx_word' id='word_1_63' title='bbox 1283 1167 1574 1236; x_wconf 89' lang='lat' dir='ltr'><strong>episcopus</strong></span> <span class='ocrx_word' id='word_1_64' title='bbox 1591 1173 1676 1220; x_wconf 85' lang='lat' dir='ltr'><strong>est</strong></span> <span class='ocrx_word' id='word_1_65' title='bbox 1698 1163 1881 1219; x_wconf 87' lang='lat' dir='ltr'><strong>datus.</strong></span> <span class='ocrx_word' id='word_1_66' title='bbox 1911 1164 2052 1220; x_wconf 78' lang='lat' dir='ltr'><strong>Eva-</strong></span> 
     </span>
    </p>
   </div>
   <div class='ocr_carea' id='block_1_11' title="bbox 465 1247 2050 1321">
    <p class='ocr_par' dir='ltr' id='par_1_11' title="bbox 465 1247 2050 1321">
     <span class='ocr_line' id='line_1_11' title="bbox 465 1247 2050 1321; baseline -0.001 -17"><span class='ocrx_word' id='word_1_67' title='bbox 465 1250 616 1320; x_wconf 83' lang='lat' dir='ltr'><strong>grius</strong></span> <span class='ocrx_word' id='word_1_68' title='bbox 660 1249 731 1305; x_wconf 85' lang='lat' dir='ltr'><strong>ll.</strong></span> <span class='ocrx_word' id='word_1_69' title='bbox 778 1248 847 1306; x_wconf 84' lang='lat' dir='ltr'><strong>E.</strong></span> <span class='ocrx_word' id='word_1_70' title='bbox 885 1267 969 1318; x_wconf 86' lang='grc' dir='ltr'>ιιι,</span> <span class='ocrx_word' id='word_1_71' title='bbox 1005 1252 1077 1306; x_wconf 76' lang='grc'><strong>55</strong></span> <span class='ocrx_word' id='word_1_72' title='bbox 1117 1269 1133 1307; x_wconf 91' lang='lat'><strong>:</strong></span> <span class='ocrx_word' id='word_1_73' title='bbox 1173 1250 1232 1311; x_wconf 84' lang='grc' dir='ltr'>ὃς</span> <span class='ocrx_word' id='word_1_74' title='bbox 1270 1248 1505 1321; x_wconf 80' lang='grc' dir='ltr'>πατρίδα</span> <span class='ocrx_word' id='word_1_75' title='bbox 1534 1247 1632 1318; x_wconf 84' lang='grc' dir='ltr'><strong>τὴν</strong></span> <span class='ocrx_word' id='word_1_76' title='bbox 1663 1247 2050 1310; x_wconf 75' lang='grc' dir='ltr'>Σωζοπολιτῶν</span> 
     </span>
    </p>
   </div>
   <div class='ocr_carea' id='block_1_12' title="bbox 465 1331 2052 1406">
    <p class='ocr_par' dir='ltr' id='par_1_12' title="bbox 465 1331 2052 1406">
     <span class='ocr_line' id='line_1_12' title="bbox 465 1331 2052 1406; baseline 0 -18"><span class='ocrx_word' id='word_1_77' title='bbox 465 1335 980 1406; x_wconf 79' lang='grc' dir='ltr'>κληρωσάμενος,ῆ</span> <span class='ocrx_word' id='word_1_78' title='bbox 1017 1335 1114 1406; x_wconf 80' lang='grc' dir='ltr'>μία</span> <span class='ocrx_word' id='word_1_79' title='bbox 1150 1332 1247 1387; x_wconf 80' lang='grc' dir='ltr'><strong>τοῦ</strong></span> <span class='ocrx_word' id='word_1_80' title='bbox 1275 1332 1510 1386; x_wconf 83' lang='grc' dir='ltr'><strong>Πισιδῶν</strong></span> <span class='ocrx_word' id='word_1_81' title='bbox 1547 1331 1737 1395; x_wconf 81' lang='grc' dir='ltr'>ἔθνους</span> <span class='ocrx_word' id='word_1_82' title='bbox 1775 1333 1946 1388; x_wconf 77' lang='grc' dir='ltr'>ἐστίν.</span> <span class='ocrx_word' id='word_1_83' title='bbox 1987 1333 2052 1393; x_wconf 75' lang='lat' dir='ltr'><strong>ltt</strong></span> 
     </span>
    </p>
   </div>
   <div class='ocr_carea' id='block_1_13' title="bbox 466 1414 2048 1480">
    <p class='ocr_par' dir='ltr' id='par_1_13' title="bbox 466 1414 2048 1480">
     <span class='ocr_line' id='line_1_13' title="bbox 466 1414 2048 1480; baseline -0.002 -8"><span class='ocrx_word' id='word_1_84' title='bbox 466 1417 622 1472; x_wconf 80' lang='lat' dir='ltr'><strong>Actis</strong></span> <span class='ocrx_word' id='word_1_85' title='bbox 655 1417 858 1472; x_wconf 87' lang='lat' dir='ltr'><strong>Zosimi</strong></span> <span class='ocrx_word' id='word_1_86' title='bbox 891 1427 1019 1472; x_wconf 89' lang='lat' dir='ltr'><strong>tom.</strong></span> <span class='ocrx_word' id='word_1_87' title='bbox 1053 1432 1113 1472; x_wconf 86' lang='grc' dir='ltr'><strong>ιιι</strong></span> <span class='ocrx_word' id='word_1_88' title='bbox 1137 1415 1246 1471; x_wconf 90' lang='lat' dir='ltr'><strong>Jul.</strong></span> <span class='ocrx_word' id='word_1_89' title='bbox 1275 1414 1696 1480; x_wconf 77' lang='grc' dir='ltr'>Σωζουπολιτῶν</span> <span class='ocrx_word' id='word_1_90' title='bbox 1726 1415 1880 1478; x_wconf 83' lang='grc' dir='ltr'>πόλις</span> <span class='ocrx_word' id='word_1_91' title='bbox 1900 1416 2048 1471; x_wconf 88' lang='lat' dir='ltr'><strong>circa</strong></span> 
     </span>
    </p>
   </div>
   <div class='ocr_carea' id='block_1_14' title="bbox 465 1499 1961 1556">
    <p class='ocr_par' dir='ltr' id='par_1_14' title="bbox 465 1499 1961 1556">
     <span class='ocr_line' id='line_1_14' title="bbox 465 1499 1961 1556; baseline 0.001 -4"><span class='ocrx_word' id='word_1_92' title='bbox 465 1499 812 1554; x_wconf 86' lang='lat' dir='ltr'><strong>Antiochiam</strong></span> <span class='ocrx_word' id='word_1_93' title='bbox 847 1499 1062 1556; x_wconf 73' lang='lat' dir='ltr'><strong>Pisidia:</strong></span> <span class='ocrx_word' id='word_1_94' title='bbox 1088 1510 1140 1555; x_wconf 90' lang='lat' dir='ltr'><strong>et</strong></span> <span class='ocrx_word' id='word_1_95' title='bbox 1168 1501 1465 1556; x_wconf 86' lang='lat' dir='ltr'><strong>Comauam</strong></span> <span class='ocrx_word' id='word_1_96' title='bbox 1499 1514 1549 1554; x_wconf 87' lang='lat' dir='ltr'><strong>e.</strong></span> <span class='ocrx_word' id='word_1_97' title='bbox 1584 1515 1600 1554; x_wconf 88' lang='grc' dir='ltr'><strong>ι</strong></span> <span class='ocrx_word' id='word_1_98' title='bbox 1629 1499 1961 1554; x_wconf 74' lang='lat' dir='ltr'><strong>collocatur.</strong></span> 
     </span>
    </p>
   </div>
   <div class='ocr_carea' id='block_1_15' title="bbox 536 1582 2046 1654">
    <p class='ocr_par' dir='ltr' id='par_1_15' title="bbox 536 1582 2046 1654">
     <span class='ocr_line' id='line_1_15' title="bbox 536 1582 2046 1654; baseline -0.001 -16"><span class='ocrx_word' id='word_1_99' title='bbox 536 1584 672 1639; x_wconf 89' lang='lat' dir='ltr'><strong>Ibid.</strong></span> <span class='ocrx_word' id='word_1_100' title='bbox 717 1583 1082 1654; x_wconf 82' lang='grc' dir='ltr'>Τύμανὸρος.</span> <span class='ocrx_word' id='word_1_101' title='bbox 1145 1583 1398 1654; x_wconf 89' lang='lat' dir='ltr'><strong>Juttgitur</strong></span> <span class='ocrx_word' id='word_1_102' title='bbox 1447 1583 1572 1638; x_wconf 86' lang='lat' dir='ltr'><strong>huic</strong></span> <span class='ocrx_word' id='word_1_103' title='bbox 1627 1582 1932 1638; x_wconf 85' lang='lat' dir='ltr'><strong>arctissime</strong></span> <span class='ocrx_word' id='word_1_104' title='bbox 1995 1582 2046 1637; x_wconf 88' lang='lat' dir='ltr'><strong>itt</strong></span> 
     </span>
    </p>
   </div>
   <div class='ocr_carea' id='block_1_16' title="bbox 467 1665 2049 1737">
    <p class='ocr_par' dir='ltr' id='par_1_16' title="bbox 467 1665 2049 1737">
     <span class='ocr_line' id='line_1_16' title="bbox 467 1665 2049 1737; baseline 0 -17"><span class='ocrx_word' id='word_1_105' title='bbox 467 1667 860 1722; x_wconf 84' lang='lat' dir='ltr'><strong>Schlestrateni</strong></span> <span class='ocrx_word' id='word_1_106' title='bbox 883 1679 936 1722; x_wconf 91' lang='lat' dir='ltr'><strong>et</strong></span> <span class='ocrx_word' id='word_1_107' title='bbox 962 1667 1221 1722; x_wconf 88' lang='lat' dir='ltr'><strong>Bandurii</strong></span> <span class='ocrx_word' id='word_1_108' title='bbox 1240 1667 1476 1722; x_wconf 91' lang='lat' dir='ltr'><strong>editione</strong></span> <span class='ocrx_word' id='word_1_109' title='bbox 1499 1665 1858 1737; x_wconf 84' lang='grc' dir='ltr'>μητρόπολις,</span> <span class='ocrx_word' id='word_1_110' title='bbox 1884 1680 2049 1736; x_wconf 87' lang='lat' dir='ltr'><strong>quam</strong></span> 
     </span>
    </p>
   </div>
   <div class='ocr_carea' id='block_1_17' title="bbox 465 1748 2047 1818">
    <p class='ocr_par' dir='ltr' id='par_1_17' title="bbox 465 1748 2047 1818">
     <span class='ocr_line' id='line_1_17' title="bbox 465 1748 2047 1818; baseline 0 -16"><span class='ocrx_word' id='word_1_111' title='bbox 465 1749 692 1804; x_wconf 80' lang='lat' dir='ltr'><strong>Carolus</strong></span> <span class='ocrx_word' id='word_1_112' title='bbox 737 1767 766 1803; x_wconf 89' lang='lat' dir='ltr'><strong>a</strong></span> <span class='ocrx_word' id='word_1_113' title='bbox 811 1748 872 1803; x_wconf 90' lang='lat' dir='ltr'><strong>S.</strong></span> <span class='ocrx_word' id='word_1_114' title='bbox 907 1749 1076 1810; x_wconf 83' lang='lat' dir='ltr'><strong>Paulo</strong></span> <span class='ocrx_word' id='word_1_115' title='bbox 1115 1749 1240 1818; x_wconf 87' lang='lat' dir='ltr'><strong>jure</strong></span> <span class='ocrx_word' id='word_1_116' title='bbox 1299 1749 1504 1818; x_wconf 81' lang='lat' dir='ltr'><strong>Optimo</strong></span> <span class='ocrx_word' id='word_1_117' title='bbox 1563 1750 1690 1803; x_wconf 91' lang='lat' dir='ltr'><strong>hinc</strong></span> <span class='ocrx_word' id='word_1_118' title='bbox 1747 1748 2047 1804; x_wconf 77' lang='lat' dir='ltr'><strong>distinxit:</strong></span> 
     </span>
    </p>
   </div>
   <div class='ocr_carea' id='block_1_18' title="bbox 468 1831 2052 1902">
    <p class='ocr_par' dir='ltr' id='par_1_18' title="bbox 468 1831 2052 1902">
     <span class='ocr_line' id='line_1_18' title="bbox 468 1831 2052 1902; baseline -0.002 -13"><span class='ocrx_word' id='word_1_119' title='bbox 468 1848 643 1901; x_wconf 90' lang='lat' dir='ltr'><strong>neque</strong></span> <span class='ocrx_word' id='word_1_120' title='bbox 681 1833 829 1886; x_wconf 90' lang='lat' dir='ltr'><strong>enim</strong></span> <span class='ocrx_word' id='word_1_121' title='bbox 887 1832 1118 1889; x_wconf 72' lang='lat' dir='ltr'><strong>Pisidiae.</strong></span> <span class='ocrx_word' id='word_1_122' title='bbox 1148 1831 1464 1902; x_wconf 86' lang='lat' dir='ltr'><strong>metropolis</strong></span> <span class='ocrx_word' id='word_1_123' title='bbox 1507 1847 1743 1901; x_wconf 84' lang='lat' dir='ltr'><strong>unquam</strong></span> <span class='ocrx_word' id='word_1_124' title='bbox 1777 1832 1897 1897; x_wconf 89' lang='lat' dir='ltr'><strong>fuit,</strong></span> <span class='ocrx_word' id='word_1_125' title='bbox 1944 1831 2052 1886; x_wconf 87' lang='grc' dir='ltr'><strong>Τυ-</strong></span> 
     </span>
    </p>
   </div>
   <div class='ocr_carea' id='block_1_19' title="bbox 468 1914 2050 1988">
    <p class='ocr_par' dir='ltr' id='par_1_19' title="bbox 468 1914 2050 1988">
     <span class='ocr_line' id='line_1_19' title="bbox 468 1914 2050 1988; baseline 0.003 -19"><span class='ocrx_word' id='word_1_126' title='bbox 468 1915 668 1986; x_wconf 59' lang='lat' dir='ltr'><strong>pavet;</strong></span> <span class='ocrx_word' id='word_1_127' title='bbox 717 1915 1059 1985; x_wconf 87' lang='lat' dir='ltr'><strong>appellanda,</strong></span> <span class='ocrx_word' id='word_1_128' title='bbox 1112 1915 1158 1970; x_wconf 86' lang='lat' dir='ltr'><strong>si</strong></span> <span class='ocrx_word' id='word_1_129' title='bbox 1203 1914 1486 1985; x_wconf 82' lang='lat' dir='ltr'><strong>Longino,</strong></span> <span class='ocrx_word' id='word_1_130' title='bbox 1537 1917 1628 1984; x_wconf 92' lang='lat' dir='ltr'><strong>qui</strong></span> <span class='ocrx_word' id='word_1_131' title='bbox 1672 1917 1878 1988; x_wconf 83' lang='lat' dir='ltr'><strong>synodo</strong></span> <span class='ocrx_word' id='word_1_132' title='bbox 1906 1917 2050 1973; x_wconf 87' lang='lat' dir='ltr'><strong>Con-</strong></span> 
     </span>
    </p>
   </div>
   <div class='ocr_carea' id='block_1_20' title="bbox 466 1997 2045 2069">
    <p class='ocr_par' dir='ltr' id='par_1_20' title="bbox 466 1997 2045 2069">
     <span class='ocr_line' id='line_1_20' title="bbox 466 1997 2045 2069; baseline 0.001 -13"><span class='ocrx_word' id='word_1_133' title='bbox 466 2001 963 2069; x_wconf 66' lang='lat' dir='ltr'><strong>stantinopolitanae</strong></span> <span class='ocrx_word' id='word_1_134' title='bbox 1012 1999 1116 2055; x_wconf 90' lang='lat' dir='ltr'><strong>sub</strong></span> <span class='ocrx_word' id='word_1_135' title='bbox 1169 1997 1430 2054; x_wconf 85' lang='lat' dir='ltr'><strong>Flaviano</strong></span> <span class='ocrx_word' id='word_1_136' title='bbox 1479 1999 1694 2065; x_wconf 87' lang='lat' dir='ltr'><strong>adfuit,</strong></span> <span class='ocrx_word' id='word_1_137' title='bbox 1738 2001 2045 2069; x_wconf 87' lang='lat' dir='ltr'><strong>credimus,</strong></span> 
     </span>
    </p>
   </div>
   <div class='ocr_carea' id='block_1_21' title="bbox 465 2082 2050 2156">
    <p class='ocr_par' dir='ltr' id='par_1_21' title="bbox 465 2082 2050 2156">
     <span class='ocr_line' id='line_1_21' title="bbox 465 2082 2050 2156; baseline 0.001 -20"><span class='ocrx_word' id='word_1_138' title='bbox 465 2089 778 2153; x_wconf 80' lang='lat' dir='ltr'><strong>cpisc0putn</strong></span> <span class='ocrx_word' id='word_1_139' title='bbox 822 2099 882 2140; x_wconf 88' lang='lat' dir='ltr'><strong>se</strong></span> <span class='ocrx_word' id='word_1_140' title='bbox 929 2083 1030 2152; x_wconf 85' lang='grc' dir='ltr'><strong>τῆς</strong></span> <span class='ocrx_word' id='word_1_141' title='bbox 1080 2083 1123 2134; x_wconf 89' lang='grc' dir='ltr'>Τ</span> <span class='ocrx_word' id='word_1_142' title='bbox 1127 2082 1450 2153; x_wconf 81' lang='grc' dir='ltr'>υμανδηνῶν</span> <span class='ocrx_word' id='word_1_143' title='bbox 1503 2082 1714 2147; x_wconf 85' lang='grc' dir='ltr'>πόλεως</span> <span class='ocrx_word' id='word_1_144' title='bbox 1776 2083 2050 2156; x_wconf 79' lang='grc' dir='ltr'><strong>ἐπαρχίας</strong></span> 
     </span>
    </p>
   </div>
   <div class='ocr_carea' id='block_1_22' title="bbox 468 2164 2046 2236">
    <p class='ocr_par' dir='ltr' id='par_1_22' title="bbox 468 2164 2046 2236">
     <span class='ocr_line' id='line_1_22' title="bbox 468 2164 2046 2236; baseline 0.003 -16"><span class='ocrx_word' id='word_1_145' title='bbox 468 2167 716 2230; x_wconf 81' lang='grc' dir='ltr'>Πισιδίας</span> <span class='ocrx_word' id='word_1_146' title='bbox 743 2167 886 2222; x_wconf 89' lang='lat' dir='ltr'><strong>inter</strong></span> <span class='ocrx_word' id='word_1_147' title='bbox 929 2167 1063 2221; x_wconf 78' lang='lat' dir='ltr'><strong>Acta</strong></span> <span class='ocrx_word' id='word_1_148' title='bbox 1092 2165 1349 2222; x_wconf 87' lang='lat' dir='ltr'><strong>Cbalced.</strong></span> <span class='ocrx_word' id='word_1_149' title='bbox 1384 2181 1438 2236; x_wconf 92' lang='lat' dir='ltr'><strong>p.</strong></span> <span class='ocrx_word' id='word_1_150' title='bbox 1485 2164 1593 2220; x_wconf 71' lang='lat' dir='ltr'><strong>2M</strong></span> <span class='ocrx_word' id='word_1_151' title='bbox 1627 2164 1896 2236; x_wconf 89' lang='lat' dir='ltr'><strong>professo,</strong></span> <span class='ocrx_word' id='word_1_152' title='bbox 1945 2168 2046 2224; x_wconf 91' lang='lat' dir='ltr'><strong>etsi</strong></span> 
     </span>
    </p>
   </div>
   <div class='ocr_carea' id='block_1_23' title="bbox 465 2247 2078 2320">
    <p class='ocr_par' dir='ltr' id='par_1_23' title="bbox 465 2247 2078 2320">
     <span class='ocr_line' id='line_1_23' title="bbox 465 2247 2078 2320; baseline 0.001 -15"><span class='ocrx_word' id='word_1_153' title='bbox 465 2252 568 2320; x_wconf 81' lang='grc' dir='ltr'><strong>τῆς</strong></span> <span class='ocrx_word' id='word_1_154' title='bbox 617 2250 919 2320; x_wconf 84' lang='grc' dir='ltr'>Μανδηνῶν</span> <span class='ocrx_word' id='word_1_155' title='bbox 949 2250 1157 2312; x_wconf 74' lang='grc' dir='ltr'>πόλεως</span> <span class='ocrx_word' id='word_1_156' title='bbox 1190 2263 1355 2318; x_wconf 81' lang='lat' dir='ltr'><strong>prave</strong></span> <span class='ocrx_word' id='word_1_157' title='bbox 1380 2264 1433 2317; x_wconf 78' lang='grc' dir='ltr'><strong>ν.</strong></span> <span class='ocrx_word' id='word_1_158' title='bbox 1465 2247 1590 2304; x_wconf 69' lang='grc'><strong>247.</strong></span> <span class='ocrx_word' id='word_1_159' title='bbox 1623 2251 1654 2302; x_wconf 89' lang='grc' dir='ltr'><strong>ό</strong></span> <span class='ocrx_word' id='word_1_160' title='bbox 1679 2248 1958 2319; x_wconf 82' lang='grc' dir='ltr'>Τομάδνου</span> <span class='ocrx_word' id='word_1_161' title='bbox 1993 2262 2078 2307; x_wconf 84' lang='lat' dir='ltr'><strong>et.</strong></span> 
     </span>
    </p>
   </div>
   <div class='ocr_carea' id='block_1_24' title="bbox 467 2329 1542 2401">
    <p class='ocr_par' dir='ltr' id='par_1_24' title="bbox 467 2329 1542 2401">
     <span class='ocr_line' id='line_1_24' title="bbox 467 2329 1542 2401; baseline 0 -15"><span class='ocrx_word' id='word_1_162' title='bbox 467 2331 753 2401; x_wconf 83' lang='grc' dir='ltr'>Τυμάνδου</span> <span class='ocrx_word' id='word_1_163' title='bbox 780 2341 863 2386; x_wconf 88' lang='lat' dir='ltr'><strong>est</strong></span> <span class='ocrx_word' id='word_1_164' title='bbox 891 2331 944 2386; x_wconf 93' lang='lat' dir='ltr'><strong>in</strong></span> <span class='ocrx_word' id='word_1_165' title='bbox 979 2331 1194 2387; x_wconf 74' lang='lat' dir='ltr'><strong>Notitiis</strong></span> <span class='ocrx_word' id='word_1_166' title='bbox 1217 2329 1335 2386; x_wconf 87' lang='lat' dir='ltr'><strong>Jac.</strong></span> <span class='ocrx_word' id='word_1_167' title='bbox 1375 2331 1542 2386; x_wconf 87' lang='lat' dir='ltr'><strong>Coar.</strong></span> 
     </span>
    </p>
   </div>
   <div class='ocr_carea' id='block_1_25' title="bbox 537 2412 2049 2486">
    <p class='ocr_par' dir='ltr' id='par_1_25' title="bbox 537 2412 2049 2486">
     <span class='ocr_line' id='line_1_25' title="bbox 537 2412 2049 2486; baseline 0.001 -17"><span class='ocrx_word' id='word_1_168' title='bbox 537 2416 676 2470; x_wconf 92' lang='lat' dir='ltr'><strong>Ibid.</strong></span> <span class='ocrx_word' id='word_1_169' title='bbox 746 2413 1152 2482; x_wconf 74' lang='grc' dir='ltr'>Μητρόπολις.</span> <span class='ocrx_word' id='word_1_170' title='bbox 1249 2413 1562 2469; x_wconf 77' lang='lat' dir='ltr'><strong>Exorticius</strong></span> <span class='ocrx_word' id='word_1_171' title='bbox 1649 2412 2049 2486; x_wconf 79' lang='grc' dir='ltr'><strong>Μητροπόλεως</strong></span> 
     </span>
    </p>
   </div>
   <div class='ocr_carea' id='block_1_26' title="bbox 469 2496 2046 2567">
    <p class='ocr_par' dir='ltr' id='par_1_26' title="bbox 469 2496 2046 2567">
     <span class='ocr_line' id='line_1_26' title="bbox 469 2496 2046 2567; baseline 0.003 -16"><span class='ocrx_word' id='word_1_172' title='bbox 469 2498 714 2564; x_wconf 81' lang='grc' dir='ltr'>Πισιδίας</span> <span class='ocrx_word' id='word_1_173' title='bbox 750 2497 1181 2554; x_wconf 87' lang='lat' dir='ltr'><strong>Cbalcedoneusi</strong></span> <span class='ocrx_word' id='word_1_174' title='bbox 1213 2513 1268 2567; x_wconf 89' lang='lat' dir='ltr'><strong>p.</strong></span> <span class='ocrx_word' id='word_1_175' title='bbox 1321 2496 1420 2550; x_wconf 72' lang='grc'><strong>401</strong></span> <span class='ocrx_word' id='word_1_176' title='bbox 1474 2506 1530 2550; x_wconf 91' lang='lat' dir='ltr'><strong>et</strong></span> <span class='ocrx_word' id='word_1_177' title='bbox 1574 2496 1680 2552; x_wconf 75' lang='grc' dir='ltr'><strong>οιι</strong></span> <span class='ocrx_word' id='word_1_178' title='bbox 1733 2499 2046 2565; x_wconf 81' lang='lat' dir='ltr'><strong>subscribit,</strong></span> 
     </span>
    </p>
   </div>
   <div class='ocr_carea' id='block_1_27' title="bbox 467 2579 2047 2650">
    <p class='ocr_par' dir='ltr' id='par_1_27' title="bbox 467 2579 2047 2650">
     <span class='ocr_line' id='line_1_27' title="bbox 467 2579 2047 2650; baseline 0.001 -15"><span class='ocrx_word' id='word_1_179' title='bbox 467 2596 752 2650; x_wconf 88' lang='lat' dir='ltr'><strong>perperam</strong></span> <span class='ocrx_word' id='word_1_180' title='bbox 793 2579 1168 2646; x_wconf 80' lang='grc' dir='ltr'><strong>Νικοπόλεως,</strong></span> <span class='ocrx_word' id='word_1_181' title='bbox 1225 2595 1333 2650; x_wconf 90' lang='lat' dir='ltr'><strong>quo</strong></span> <span class='ocrx_word' id='word_1_182' title='bbox 1376 2579 1594 2634; x_wconf 90' lang='lat' dir='ltr'><strong>nomine</strong></span> <span class='ocrx_word' id='word_1_183' title='bbox 1644 2580 1696 2635; x_wconf 93' lang='lat' dir='ltr'><strong>in</strong></span> <span class='ocrx_word' id='word_1_184' title='bbox 1743 2580 2047 2637; x_wconf 85' lang='lat' dir='ltr'><strong>Pisidarum</strong></span> 
     </span>
    </p>
   </div>
   <div class='ocr_carea' id='block_1_28' title="bbox 463 2661 2051 2733">
    <p class='ocr_par' dir='ltr' id='par_1_28' title="bbox 463 2661 2051 2733">
     <span class='ocr_line' id='line_1_28' title="bbox 463 2661 2051 2733; baseline 0 -14"><span class='ocrx_word' id='word_1_185' title='bbox 463 2674 625 2733; x_wconf 83' lang='lat' dir='ltr'><strong>gente</strong></span> <span class='ocrx_word' id='word_1_186' title='bbox 651 2663 841 2718; x_wconf 87' lang='lat' dir='ltr'><strong>urbem</strong></span> <span class='ocrx_word' id='word_1_187' title='bbox 885 2664 1219 2732; x_wconf 77' lang='lat' dir='ltr'><strong>ignoramus,</strong></span> <span class='ocrx_word' id='word_1_188' title='bbox 1254 2677 1308 2731; x_wconf 92' lang='lat' dir='ltr'><strong>p.</strong></span> <span class='ocrx_word' id='word_1_189' title='bbox 1343 2661 1448 2716; x_wconf 90' lang='lat'><strong>670</strong></span> <span class='ocrx_word' id='word_1_190' title='bbox 1478 2663 1673 2718; x_wconf 85' lang='lat' dir='ltr'><strong>dictus.</strong></span> <span class='ocrx_word' id='word_1_191' title='bbox 1709 2661 1847 2718; x_wconf 87' lang='lat' dir='ltr'><strong>Hinc</strong></span> <span class='ocrx_word' id='word_1_192' title='bbox 1887 2679 2051 2720; x_wconf 89' lang='lat' dir='ltr'><strong>eam-</strong></span> 
     </span>
    </p>
   </div>
   <div class='ocr_carea' id='block_1_29' title="bbox 464 2745 1870 2817">
    <p class='ocr_par' dir='ltr' id='par_1_29' title="bbox 464 2745 1870 2817">
     <span class='ocr_line' id='line_1_29' title="bbox 464 2745 1870 2817; baseline 0.003 -18"><span class='ocrx_word' id='word_1_193' title='bbox 464 2763 565 2817; x_wconf 89' lang='lat' dir='ltr'><strong>pus</strong></span> <span class='ocrx_word' id='word_1_194' title='bbox 595 2747 1042 2817; x_wconf 77' lang='lat' dir='ltr'><strong>Metropolitanus</strong></span> <span class='ocrx_word' id='word_1_195' title='bbox 1069 2747 1211 2814; x_wconf 88' lang='lat' dir='ltr'><strong>apud</strong></span> <span class='ocrx_word' id='word_1_196' title='bbox 1258 2745 1472 2802; x_wconf 80' lang='lat' dir='ltr'><strong>Livium</strong></span> <span class='ocrx_word' id='word_1_197' title='bbox 1517 2761 1748 2812; x_wconf 67' lang='lat' dir='ltr'><strong>XXM’llI,</strong></span> <span class='ocrx_word' id='word_1_198' title='bbox 1782 2746 1870 2803; x_wconf 84' lang='lat' dir='ltr'><strong>l5.</strong></span> 
     </span>
    </p>
   </div>
   <div class='ocr_carea' id='block_1_30' title="bbox 539 2830 2049 2901">
    <p class='ocr_par' dir='ltr' id='par_1_30' title="bbox 539 2830 2049 2901">
     <span class='ocr_line' id='line_1_30' title="bbox 539 2830 2049 2901; baseline 0.005 -18"><span class='ocrx_word' id='word_1_199' title='bbox 539 2831 675 2885; x_wconf 89' lang='lat' dir='ltr'><strong>Ibid.</strong></span> <span class='ocrx_word' id='word_1_200' title='bbox 709 2831 977 2901; x_wconf 68' lang='grc' dir='ltr'>Ὀπαμία.</span> <span class='ocrx_word' id='word_1_201' title='bbox 1039 2830 1314 2900; x_wconf 77' lang='grc' dir='ltr'><strong>Ἀπάμεια</strong></span> <span class='ocrx_word' id='word_1_202' title='bbox 1347 2838 1470 2896; x_wconf 85' lang='lat' dir='ltr'><strong>est,</strong></span> <span class='ocrx_word' id='word_1_203' title='bbox 1517 2831 1583 2884; x_wconf 91' lang='lat' dir='ltr'><strong>de</strong></span> <span class='ocrx_word' id='word_1_204' title='bbox 1607 2832 1780 2899; x_wconf 65' lang='lat' dir='ltr'><strong>,‘cnjus</strong></span> <span class='ocrx_word' id='word_1_205' title='bbox 1833 2847 2049 2892; x_wconf 86' lang='lat' dir='ltr'><strong>amoeno</strong></span> 
     </span>
    </p>
   </div>
   <div class='ocr_carea' id='block_1_31' title="bbox 465 2912 2052 2982">
    <p class='ocr_par' dir='ltr' id='par_1_31' title="bbox 465 2912 2052 2982">
     <span class='ocr_line' id='line_1_31' title="bbox 465 2912 2052 2982; baseline 0.002 -13"><span class='ocrx_word' id='word_1_206' title='bbox 465 2914 572 2970; x_wconf 88' lang='lat' dir='ltr'><strong>situ</strong></span> <span class='ocrx_word' id='word_1_207' title='bbox 600 2914 766 2969; x_wconf 89' lang='lat' dir='ltr'><strong>multa</strong></span> <span class='ocrx_word' id='word_1_208' title='bbox 807 2916 906 2969; x_wconf 88' lang='lat' dir='ltr'><strong>viri</strong></span> <span class='ocrx_word' id='word_1_209' title='bbox 935 2914 1078 2970; x_wconf 90' lang='lat' dir='ltr'><strong>docti</strong></span> <span class='ocrx_word' id='word_1_210' title='bbox 1114 2929 1180 2968; x_wconf 77' lang='lat' dir='ltr'><strong>ex</strong></span> <span class='ocrx_word' id='word_1_211' title='bbox 1220 2912 1593 2980; x_wconf 76' lang='lat' dir='ltr'><strong>Xenophonte,</strong></span> <span class='ocrx_word' id='word_1_212' title='bbox 1629 2912 1924 2982; x_wconf 86' lang='lat' dir='ltr'><strong>Strabone,</strong></span> <span class='ocrx_word' id='word_1_213' title='bbox 1959 2915 2052 2971; x_wconf 86' lang='lat' dir='ltr'><strong>Li-</strong></span> 
     </span>
    </p>
   </div>
   <div class='ocr_carea' id='block_1_32' title="bbox 466 2995 2037 3069">
    <p class='ocr_par' dir='ltr' id='par_1_32' title="bbox 466 2995 2037 3069">
     <span class='ocr_line' id='line_1_32' title="bbox 466 2995 2037 3069; baseline 0.001 -17"><span class='ocrx_word' id='word_1_214' title='bbox 466 2999 557 3053; x_wconf 86' lang='lat' dir='ltr'><strong>vio</strong></span> <span class='ocrx_word' id='word_1_215' title='bbox 597 2998 943 3068; x_wconf 80' lang='lat' dir='ltr'><strong>Maximoque</strong></span> <span class='ocrx_word' id='word_1_216' title='bbox 977 2997 1164 3069; x_wconf 84' lang='lat' dir='ltr'><strong>Tyrio.</strong></span> <span class='ocrx_word' id='word_1_217' title='bbox 1206 2995 1338 3050; x_wconf 81' lang='lat' dir='ltr'><strong>Vide</strong></span> <span class='ocrx_word' id='word_1_218' title='bbox 1382 2995 1482 3050; x_wconf 89' lang='lat' dir='ltr'><strong>Ch.</strong></span> <span class='ocrx_word' id='word_1_219' title='bbox 1525 2997 1818 3055; x_wconf 87' lang='lat' dir='ltr'><strong>Cellarium</strong></span> <span class='ocrx_word' id='word_1_220' title='bbox 1872 3001 1937 3056; x_wconf 88' lang='lat' dir='ltr'><strong>G.</strong></span> <span class='ocrx_word' id='word_1_221' title='bbox 1973 3001 2037 3054; x_wconf 82' lang='lat' dir='ltr'><strong>A.</strong></span> 
     </span>
    </p>
   </div>
   <div class='ocr_carea' id='block_1_33' title="bbox 467 3079 2047 3155">
    <p class='ocr_par' dir='ltr' id='par_1_33' title="bbox 467 3079 2047 3155">
     <span class='ocr_line' id='line_1_33' title="bbox 467 3079 2047 3155; baseline 0.004 -19"><span class='ocrx_word' id='word_1_222' title='bbox 467 3097 520 3136; x_wconf 89' lang='lat' dir='ltr'><strong>c.</strong></span> <span class='ocrx_word' id='word_1_223' title='bbox 554 3098 633 3149; x_wconf 85' lang='lat' dir='ltr'><strong>tu,</strong></span> <span class='ocrx_word' id='word_1_224' title='bbox 664 3081 721 3145; x_wconf 75' lang='grc'>4,</span> <span class='ocrx_word' id='word_1_225' title='bbox 753 3097 807 3152; x_wconf 89' lang='lat' dir='ltr'><strong>p.</strong></span> <span class='ocrx_word' id='word_1_226' title='bbox 844 3079 947 3136; x_wconf 79' lang='grc'><strong>158</strong></span> <span class='ocrx_word' id='word_1_227' title='bbox 970 3092 1023 3136; x_wconf 91' lang='lat' dir='ltr'><strong>et</strong></span> <span class='ocrx_word' id='word_1_228' title='bbox 1055 3081 1137 3135; x_wconf 92' lang='lat' dir='ltr'><strong>Cl.</strong></span> <span class='ocrx_word' id='word_1_229' title='bbox 1167 3080 1490 3135; x_wconf 86' lang='lat' dir='ltr'><strong>Salmasium</strong></span> <span class='ocrx_word' id='word_1_230' title='bbox 1525 3081 1575 3136; x_wconf 96' lang='lat' dir='ltr'><strong>in</strong></span> <span class='ocrx_word' id='word_1_231' title='bbox 1606 3083 1805 3150; x_wconf 91' lang='lat' dir='ltr'><strong>Solin.,</strong></span> <span class='ocrx_word' id='word_1_232' title='bbox 1831 3101 1883 3155; x_wconf 88' lang='lat' dir='ltr'><strong>p.</strong></span> <span class='ocrx_word' id='word_1_233' title='bbox 1919 3085 2047 3142; x_wconf 81' lang='grc'><strong>581.</strong></span> 
     </span>
    </p>
   </div>
   <div class='ocr_carea' id='block_1_34' title="bbox 468 3163 2048 3240">
    <p class='ocr_par' dir='ltr' id='par_1_34' title="bbox 468 3163 2048 3240">
     <span class='ocr_line' id='line_1_34' title="bbox 468 3163 2048 3240; baseline 0.004 -22"><span class='ocrx_word' id='word_1_234' title='bbox 468 3163 639 3235; x_wconf 74' lang='lat' dir='ltr'><strong>Vulgo</strong></span> <span class='ocrx_word' id='word_1_235' title='bbox 680 3165 928 3236; x_wconf 65' lang='lat' dir='ltr'><strong>Phrygia:</strong></span> <span class='ocrx_word' id='word_1_236' title='bbox 973 3163 1322 3230; x_wconf 87' lang='lat' dir='ltr'><strong>adscribitur,</strong></span> <span class='ocrx_word' id='word_1_237' title='bbox 1382 3179 1558 3234; x_wconf 91' lang='lat' dir='ltr'><strong>neque</strong></span> <span class='ocrx_word' id='word_1_238' title='bbox 1607 3167 1678 3234; x_wconf 66' lang='lat' dir='ltr'><strong>jid</strong></span> <span class='ocrx_word' id='word_1_239' title='bbox 1714 3171 1907 3240; x_wconf 59' lang='lat' dir='ltr'><strong>maleﬁ:</strong></span> <span class='ocrx_word' id='word_1_240' title='bbox 1944 3171 2048 3226; x_wconf 85' lang='lat' dir='ltr'><strong>sub</strong></span> 
     </span>
    </p>
   </div>
   <div class='ocr_carea' id='block_1_35' title="bbox 467 3247 2048 3314">
    <p class='ocr_par' dir='ltr' id='par_1_35' title="bbox 467 3247 2048 3314">
     <span class='ocr_line' id='line_1_35' title="bbox 467 3247 2048 3314; baseline 0.003 -10"><span class='ocrx_word' id='word_1_241' title='bbox 467 3249 794 3304; x_wconf 85' lang='lat' dir='ltr'><strong>Christianis</strong></span> <span class='ocrx_word' id='word_1_242' title='bbox 843 3259 1019 3303; x_wconf 91' lang='lat' dir='ltr'><strong>tamen</strong></span> <span class='ocrx_word' id='word_1_243' title='bbox 1041 3247 1258 3304; x_wconf 77' lang='lat' dir='ltr'><strong>Pisidia:</strong></span> <span class='ocrx_word' id='word_1_244' title='bbox 1294 3258 1379 3303; x_wconf 90' lang='lat' dir='ltr'><strong>est</strong></span> <span class='ocrx_word' id='word_1_245' title='bbox 1420 3250 1926 3314; x_wconf 85' lang='lat' dir='ltr'><strong>contributa,&#39;unde</strong></span> <span class='ocrx_word' id='word_1_246' title='bbox 1965 3253 2048 3309; x_wconf 84' lang='lat' dir='ltr'><strong>Si-</strong></span> 
     </span>
    </p>
   </div>
   <div class='ocr_carea' id='block_1_36' title="bbox 465 3330 2049 3402">
    <p class='ocr_par' dir='ltr' id='par_1_36' title="bbox 465 3330 2049 3402">
     <span class='ocr_line' id='line_1_36' title="bbox 465 3330 2049 3402; baseline 0.003 -17"><span class='ocrx_word' id='word_1_247' title='bbox 465 3331 676 3386; x_wconf 88' lang='lat' dir='ltr'><strong>sinnius</strong></span> <span class='ocrx_word' id='word_1_248' title='bbox 731 3331 1035 3402; x_wconf 77' lang='grc' dir='ltr'>Ἀπαμείας</span> <span class='ocrx_word' id='word_1_249' title='bbox 1073 3330 1174 3401; x_wconf 83' lang='grc' dir='ltr'><strong>τῆς</strong></span> <span class='ocrx_word' id='word_1_250' title='bbox 1219 3330 1470 3385; x_wconf 74' lang='grc' dir='ltr'>Κιϐωτοῦ</span> <span class='ocrx_word' id='word_1_251' title='bbox 1511 3333 1654 3387; x_wconf 84' lang='lat' dir='ltr'><strong>inter</strong></span> <span class='ocrx_word' id='word_1_252' title='bbox 1703 3333 1915 3389; x_wconf 84' lang='lat' dir='ltr'><strong>Pisidas</strong></span> <span class='ocrx_word' id='word_1_253' title='bbox 1955 3334 2049 3390; x_wconf 86' lang='lat' dir='ltr'><strong>Ni-</strong></span> 
     </span>
    </p>
   </div>
   <div class='ocr_carea' id='block_1_37' title="bbox 464 3413 2049 3489">
    <p class='ocr_par' dir='ltr' id='par_1_37' title="bbox 464 3413 2049 3489">
     <span class='ocr_line' id='line_1_37' title="bbox 464 3413 2049 3489; baseline 0.003 -19"><span class='ocrx_word' id='word_1_254' title='bbox 464 3431 614 3470; x_wconf 76' lang='lat' dir='ltr'><strong>caeno</strong></span> <span class='ocrx_word' id='word_1_255' title='bbox 645 3416 904 3478; x_wconf 90' lang='lat' dir='ltr'><strong>secundo,</strong></span> <span class='ocrx_word' id='word_1_256' title='bbox 931 3430 983 3485; x_wconf 93' lang='lat' dir='ltr'><strong>p.</strong></span> <span class='ocrx_word' id='word_1_257' title='bbox 1015 3415 1120 3470; x_wconf 77' lang='lat'><strong>558</strong></span> <span class='ocrx_word' id='word_1_258' title='bbox 1138 3415 1484 3486; x_wconf 88' lang='lat' dir='ltr'><strong>subscripsit.</strong></span> <span class='ocrx_word' id='word_1_259' title='bbox 1507 3413 1777 3470; x_wconf 87' lang='lat' dir='ltr'><strong>Nimirum</strong></span> <span class='ocrx_word' id='word_1_260' title='bbox 1808 3417 1859 3471; x_wconf 90' lang='lat' dir='ltr'><strong>in</strong></span> <span class='ocrx_word' id='word_1_261' title='bbox 1882 3417 2049 3489; x_wconf 86' lang='lat' dir='ltr'><strong>Phry-</strong></span> 
     </span>
    </p>
   </div>
   <div class='ocr_carea' id='block_1_38' title="bbox 464 3495 2044 3570">
    <p class='ocr_par' dir='ltr' id='par_1_38' title="bbox 464 3495 2044 3570">
     <span class='ocr_line' id='line_1_38' title="bbox 464 3495 2044 3570; baseline 0.004 -19"><span class='ocrx_word' id='word_1_262' title='bbox 464 3497 566 3565; x_wconf 75' lang='lat' dir='ltr'><strong>gia:</strong></span> <span class='ocrx_word' id='word_1_263' title='bbox 594 3495 917 3568; x_wconf 67' lang='lat' dir='ltr'><strong>Pisidiaeque</strong></span> <span class='ocrx_word' id='word_1_264' title='bbox 953 3498 1150 3552; x_wconf 80' lang='lat' dir='ltr'><strong>ﬁnibus</strong></span> <span class='ocrx_word' id='word_1_265' title='bbox 1175 3507 1312 3562; x_wconf 88' lang='lat' dir='ltr'><strong>erat,</strong></span> <span class='ocrx_word' id='word_1_266' title='bbox 1346 3499 1489 3567; x_wconf 88' lang='lat' dir='ltr'><strong>quod</strong></span> <span class='ocrx_word' id='word_1_267' title='bbox 1519 3498 1736 3570; x_wconf 81' lang='lat' dir='ltr'><strong>egregie</strong></span> <span class='ocrx_word' id='word_1_268' title='bbox 1763 3499 1921 3556; x_wconf 86' lang='lat' dir='ltr'><strong>docet</strong></span> <span class='ocrx_word' id='word_1_269' title='bbox 1945 3501 2044 3559; x_wconf 86' lang='lat' dir='ltr'><strong>Dio</strong></span> 
     </span>
    </p>
   </div>
   <div class='ocr_carea' id='block_1_39' title="bbox 463 3571 2047 3651">
    <p class='ocr_par' dir='ltr' id='par_1_39' title="bbox 463 3571 2047 3651">
     <span class='ocr_line' id='line_1_39' title="bbox 463 3571 2047 3651; baseline 0.006 -17"><span class='ocrx_word' id='word_1_270' title='bbox 463 3581 886 3651; x_wconf 83' lang='lat' dir='ltr'><strong>Chrysostomus</strong></span> <span class='ocrx_word' id='word_1_271' title='bbox 919 3589 1060 3635; x_wconf 88' lang='lat' dir='ltr'><strong>orat.</strong></span> <span class='ocrx_word' id='word_1_272' title='bbox 1096 3595 1264 3640; x_wconf 73' lang='lat' dir='ltr'><strong>xxxv.</strong></span> <span class='ocrx_word' id='word_1_273' title='bbox 1294 3580 1506 3650; x_wconf 69' lang='lat' dir='ltr'><strong>p.432,</strong></span> <span class='ocrx_word' id='word_1_274' title='bbox 1536 3571 2047 3650; x_wconf 65' lang='lat' dir='ltr'><strong>cum&#39;ApanJenses</strong></span> 
     </span>
    </p>
   </div>
   <div class='ocr_carea' id='block_1_40' title="bbox 463 3663 2046 3739">
    <p class='ocr_par' dir='ltr' id='par_1_40' title="bbox 463 3663 2046 3739">
     <span class='ocr_line' id='line_1_40' title="bbox 463 3663 2046 3739; baseline 0.004 -21"><span class='ocrx_word' id='word_1_275' title='bbox 463 3663 792 3734; x_wconf 88' lang='lat' dir='ltr'><strong>compellans</strong></span> <span class='ocrx_word' id='word_1_276' title='bbox 818 3664 916 3734; x_wconf 81' lang='grc' dir='ltr'><strong>τῆς</strong></span> <span class='ocrx_word' id='word_1_277' title='bbox 941 3679 1001 3739; x_wconf 57' lang='grc' dir='ltr'><strong>τε</strong></span> <span class='ocrx_word' id='word_1_278' title='bbox 1043 3663 1307 3735; x_wconf 78' lang='grc' dir='ltr'>Φρυγίας,</span> <span class='ocrx_word' id='word_1_279' title='bbox 1333 3663 1527 3732; x_wconf 84' lang='lat' dir='ltr'><strong>inquit,</strong></span> <span class='ocrx_word' id='word_1_280' title='bbox 1555 3665 1903 3739; x_wconf 81' lang='grc' dir='ltr'>προκάθησθε</span> <span class='ocrx_word' id='word_1_281' title='bbox 1951 3671 2046 3725; x_wconf 78' lang='grc' dir='ltr'><strong>καὶ</strong></span> 
     </span>
    </p>
   </div>
   <div class='ocr_carea' id='block_1_41' title="bbox 461 3725 2045 3819">
    <p class='ocr_par' dir='ltr' id='par_1_41' title="bbox 461 3725 2045 3819">
     <span class='ocr_line' id='line_1_41' title="bbox 461 3725 2045 3819; baseline 0.005 -19"><span class='ocrx_word' id='word_1_282' title='bbox 461 3725 681 3812; x_wconf 64' lang='grc' dir='ltr'>Λυδίας,</span> <span class='ocrx_word' id='word_1_283' title='bbox 714 3747 795 3800; x_wconf 78' lang='grc' dir='ltr'><strong>ἔτι</strong></span> <span class='ocrx_word' id='word_1_284' title='bbox 829 3725 1134 3818; x_wconf 19' lang='grc' dir='ltr'>δέῨΚᾶρίας</span> <span class='ocrx_word' id='word_1_285' title='bbox 1153 3725 1183 3777; x_wconf 36' lang='grc' dir='ltr'><strong>ο.</strong></span> <span class='ocrx_word' id='word_1_286' title='bbox 1203 3725 1340 3800; x_wconf 75' lang='grc' dir='ltr'>ἄλλα</span> <span class='ocrx_word' id='word_1_287' title='bbox 1371 3725 1432 3800; x_wconf 65' lang='grc' dir='ltr'><strong>τὲ</strong></span> <span class='ocrx_word' id='word_1_288' title='bbox 1462 3725 1614 3819; x_wconf 48' lang='grc' dir='ltr'>ἔθνη.</span> <span class='ocrx_word' id='word_1_289' title='bbox 1633 3725 1902 3818; x_wconf 69' lang='grc' dir='ltr'>περιοικεῖ</span> <span class='ocrx_word' id='word_1_290' title='bbox 1946 3771 2045 3808; x_wconf 81' lang='grc' dir='ltr'>πο·</span> 
     </span>
    </p>
   </div>
   <div class='ocr_carea' id='block_1_42' title="bbox 461 3829 2047 3902">
    <p class='ocr_par' dir='ltr' id='par_1_42' title="bbox 461 3829 2047 3902">
     <span class='ocr_line' id='line_1_42' title="bbox 461 3829 2047 3902; baseline 0.006 -20"><span class='ocrx_word' id='word_1_291' title='bbox 461 3829 868 3900; x_wconf 71' lang='grc' dir='ltr'>λυανδρόταςα,</span> <span class='ocrx_word' id='word_1_292' title='bbox 935 3829 1302 3892; x_wconf 82' lang='grc' dir='ltr'>Καππάδοκές</span> <span class='ocrx_word' id='word_1_293' title='bbox 1347 3845 1406 3882; x_wconf 83' lang='grc' dir='ltr'><strong>τε</strong></span> <span class='ocrx_word' id='word_1_294' title='bbox 1471 3831 1564 3884; x_wconf 72' lang='grc' dir='ltr'><strong>καὶ</strong></span> <span class='ocrx_word' id='word_1_295' title='bbox 1618 3832 1906 3902; x_wconf 83' lang='grc' dir='ltr'>Πάμφυλοι</span> <span class='ocrx_word' id='word_1_296' title='bbox 1953 3837 2047 3890; x_wconf 77' lang='grc' dir='ltr'><strong>καὶ</strong></span> 
     </span>
    </p>
   </div>
   <div class='ocr_carea' id='block_1_43' title="bbox 461 3911 2046 3991">
    <p class='ocr_par' dir='ltr' id='par_1_43' title="bbox 461 3911 2046 3991">
     <span class='ocr_line' id='line_1_43' title="bbox 461 3911 2046 3991; baseline 0.006 -25"><span class='ocrx_word' id='word_1_297' title='bbox 461 3913 702 3968; x_wconf 76' lang='grc' dir='ltr'>Πισίδαι.</span> <span class='ocrx_word' id='word_1_298' title='bbox 743 3912 846 3968; x_wconf 84' lang='lat' dir='ltr'><strong>Ubi</strong></span> <span class='ocrx_word' id='word_1_299' title='bbox 873 3913 1026 3985; x_wconf 87' lang='lat' dir='ltr'><strong>plura</strong></span> <span class='ocrx_word' id='word_1_300' title='bbox 1065 3911 1120 3967; x_wconf 92' lang='lat' dir='ltr'><strong>in</strong></span> <span class='ocrx_word' id='word_1_301' title='bbox 1154 3912 1365 3968; x_wconf 87' lang='lat' dir='ltr'><strong>laudem</strong></span> <span class='ocrx_word' id='word_1_302' title='bbox 1400 3915 1553 3968; x_wconf 88' lang='lat' dir='ltr'><strong>urbis</strong></span> <span class='ocrx_word' id='word_1_303' title='bbox 1583 3914 1878 3984; x_wconf 87' lang='lat' dir='ltr'><strong>adduntur,</strong></span> <span class='ocrx_word' id='word_1_304' title='bbox 1924 3935 2046 3991; x_wconf 77' lang='lat' dir='ltr'><strong>qua:</strong></span> 
     </span>
    </p>
   </div>
   <div class='ocr_carea' id='block_1_44' title="bbox 461 3999 878 4053">
    <p class='ocr_par' dir='ltr' id='par_1_44' title="bbox 461 3999 878 4053">
     <span class='ocr_line' id='line_1_44' title="bbox 461 3999 878 4053; baseline -0.005 -1"><span class='ocrx_word' id='word_1_305' title='bbox 461 4014 566 4053; x_wconf 93' lang='lat' dir='ltr'><strong>non</strong></span> <span class='ocrx_word' id='word_1_306' title='bbox 603 4014 666 4052; x_wconf 85' lang='lat' dir='ltr'><strong>ex</strong></span> <span class='ocrx_word' id='word_1_307' title='bbox 677 3999 878 4052; x_wconf 86' lang='lat' dir='ltr'><strong>scribo.</strong></span> 
     </span>
    </p>
   </div>
   <div class='ocr_carea' id='block_1_45' title="bbox 532 4077 2044 4155">
    <p class='ocr_par' dir='ltr' id='par_1_45' title="bbox 532 4077 2044 4155">
     <span class='ocr_line' id='line_1_45' title="bbox 532 4077 2044 4155; baseline 0.007 -23"><span class='ocrx_word' id='word_1_308' title='bbox 532 4078 667 4134; x_wconf 89' lang='lat' dir='ltr'><strong>Ibid.</strong></span> <span class='ocrx_word' id='word_1_309' title='bbox 699 4077 1201 4143; x_wconf 71' lang='grc' dir='ltr'>Εῠδοξιούπολις.</span> <span class='ocrx_word' id='word_1_310' title='bbox 1237 4077 1356 4146; x_wconf 89' lang='lat' dir='ltr'><strong>Quo</strong></span> <span class='ocrx_word' id='word_1_311' title='bbox 1406 4078 1537 4134; x_wconf 91' lang='lat' dir='ltr'><strong>olim</strong></span> <span class='ocrx_word' id='word_1_312' title='bbox 1585 4082 1810 4139; x_wconf 82' lang='lat' dir='ltr'><strong>nomine</strong></span> <span class='ocrx_word' id='word_1_313' title='bbox 1859 4083 2044 4155; x_wconf 88' lang='lat' dir='ltr'><strong>fuerit,</strong></span> 
     </span>
    </p>
   </div>
   <div class='ocr_carea' id='block_1_46' title="bbox 465 4159 2046 4231">
    <p class='ocr_par' dir='ltr' id='par_1_46' title="bbox 465 4159 2046 4231">
     <span class='ocr_line' id='line_1_46' title="bbox 465 4159 2046 4231; baseline 0.006 -14"><span class='ocrx_word' id='word_1_314' title='bbox 465 4163 764 4231; x_wconf 75' lang='lat' dir='ltr'><strong>ignoratur.</strong></span> <span class='ocrx_word' id='word_1_315' title='bbox 857 4162 1220 4217; x_wconf 85' lang='lat' dir='ltr'><strong>Doctissimus</strong></span> <span class='ocrx_word' id='word_1_316' title='bbox 1274 4159 1604 4220; x_wconf 83' lang='lat' dir='ltr'><strong>Holsteinius</strong></span> <span class='ocrx_word' id='word_1_317' title='bbox 1669 4180 1736 4220; x_wconf 81' lang='lat' dir='ltr'><strong>ex</strong></span> <span class='ocrx_word' id='word_1_318' title='bbox 1803 4168 2046 4228; x_wconf 88' lang='lat' dir='ltr'><strong>Socratis</strong></span> 
     </span>
    </p>
   </div>
   <div class='ocr_carea' id='block_1_47' title="bbox 461 4243 2046 4313">
    <p class='ocr_par' dir='ltr' id='par_1_47' title="bbox 461 4243 2046 4313">
     <span class='ocr_line' id='line_1_47' title="bbox 461 4243 2046 4313; baseline 0.01 -17"><span class='ocrx_word' id='word_1_319' title='bbox 461 4246 528 4302; x_wconf 84' lang='grc' dir='ltr'><strong>ΙΙ.</strong></span> <span class='ocrx_word' id='word_1_320' title='bbox 570 4245 634 4302; x_wconf 83' lang='grc' dir='ltr'><strong>Ε.</strong></span> <span class='ocrx_word' id='word_1_321' title='bbox 671 4261 764 4310; x_wconf 85' lang='lat' dir='ltr'><strong>vn,</strong></span> <span class='ocrx_word' id='word_1_322' title='bbox 791 4244 859 4300; x_wconf 76' lang='lat'><strong>36</strong></span> <span class='ocrx_word' id='word_1_323' title='bbox 888 4243 1258 4313; x_wconf 85' lang='lat' dir='ltr'><strong>suspicionem</strong></span> <span class='ocrx_word' id='word_1_324' title='bbox 1299 4244 1465 4312; x_wconf 88' lang='lat' dir='ltr'><strong>jecit,</strong></span> <span class='ocrx_word' id='word_1_325' title='bbox 1497 4248 1594 4302; x_wconf 90' lang='lat' dir='ltr'><strong>sed</strong></span> <span class='ocrx_word' id='word_1_326' title='bbox 1631 4247 1792 4303; x_wconf 90' lang='lat' dir='ltr'><strong>debili</strong></span> <span class='ocrx_word' id='word_1_327' title='bbox 1825 4251 2046 4312; x_wconf 87' lang='lat' dir='ltr'><strong>tibicine</strong></span> 
     </span>
    </p>
   </div>
   <div class='ocr_carea' id='block_1_48' title="bbox 462 4328 1972 4400">
    <p class='ocr_par' dir='ltr' id='par_1_48' title="bbox 462 4328 1972 4400">
     <span class='ocr_line' id='line_1_48' title="bbox 462 4328 1972 4400; baseline 0.003 -14"><span class='ocrx_word' id='word_1_328' title='bbox 462 4331 676 4397; x_wconf 81' lang='lat' dir='ltr'><strong>fultam,</strong></span> <span class='ocrx_word' id='word_1_329' title='bbox 707 4341 765 4386; x_wconf 92' lang='lat' dir='ltr'><strong>ut</strong></span> <span class='ocrx_word' id='word_1_330' title='bbox 791 4331 857 4386; x_wconf 89' lang='lat' dir='ltr'><strong>ad</strong></span> <span class='ocrx_word' id='word_1_331' title='bbox 890 4329 1292 4398; x_wconf 78' lang='lat' dir='ltr'><strong>Eudoxiopolin</strong></span> <span class='ocrx_word' id='word_1_332' title='bbox 1321 4328 1545 4400; x_wconf 74' lang='lat' dir='ltr'><strong>Europa:</strong></span> <span class='ocrx_word' id='word_1_333' title='bbox 1567 4333 1972 4392; x_wconf 86' lang='lat' dir='ltr'><strong>admonuimus.</strong></span> 
     </span>
    </p>
   </div>
   <div class='ocr_carea' id='block_1_49' title="bbox 530 4411 2044 4486">
    <p class='ocr_par' dir='ltr' id='par_1_49' title="bbox 530 4411 2044 4486">
     <span class='ocr_line' id='line_1_49' title="bbox 530 4411 2044 4486; baseline 0.004 -16"><span class='ocrx_word' id='word_1_334' title='bbox 530 4416 668 4472; x_wconf 87' lang='lat' dir='ltr'><strong>Ibid.</strong></span> <span class='ocrx_word' id='word_1_335' title='bbox 702 4416 1114 4486; x_wconf 67' lang='lat' dir='ltr'><strong>’AraJaO&#39;O&#39;dc.</strong></span> <span class='ocrx_word' id='word_1_336' title='bbox 1161 4411 1252 4468; x_wconf 87' lang='lat' dir='ltr'><strong>Sic</strong></span> <span class='ocrx_word' id='word_1_337' title='bbox 1285 4429 1500 4484; x_wconf 88' lang='lat' dir='ltr'><strong>quoque</strong></span> <span class='ocrx_word' id='word_1_338' title='bbox 1541 4415 1592 4469; x_wconf 94' lang='lat' dir='ltr'><strong>in</strong></span> <span class='ocrx_word' id='word_1_339' title='bbox 1621 4417 1791 4472; x_wconf 86' lang='lat' dir='ltr'><strong>altera</strong></span> <span class='ocrx_word' id='word_1_340' title='bbox 1834 4418 2044 4476; x_wconf 74' lang='lat' dir='ltr'><strong>Neritia</strong></span> 
     </span>
    </p>
   </div>
   <div class='ocr_carea' id='block_1_50' title="bbox 457 4497 2044 4568">
    <p class='ocr_par' dir='ltr' id='par_1_50' title="bbox 457 4497 2044 4568">
     <span class='ocr_line' id='line_1_50' title="bbox 457 4497 2044 4568; baseline 0.003 -12"><span class='ocrx_word' id='word_1_341' title='bbox 457 4500 576 4558; x_wconf 85' lang='lat' dir='ltr'><strong>Jac.</strong></span> <span class='ocrx_word' id='word_1_342' title='bbox 606 4500 752 4556; x_wconf 87' lang='lat' dir='ltr'><strong>Coar</strong></span> <span class='ocrx_word' id='word_1_343' title='bbox 779 4511 834 4555; x_wconf 89' lang='lat' dir='ltr'><strong>et</strong></span> <span class='ocrx_word' id='word_1_344' title='bbox 867 4497 1086 4554; x_wconf 75' lang='lat' dir='ltr'><strong>Nicteno</strong></span> <span class='ocrx_word' id='word_1_345' title='bbox 1119 4497 1384 4563; x_wconf 87' lang='lat' dir='ltr'><strong>secundo,</strong></span> <span class='ocrx_word' id='word_1_346' title='bbox 1430 4512 1485 4567; x_wconf 90' lang='lat' dir='ltr'><strong>p.</strong></span> <span class='ocrx_word' id='word_1_347' title='bbox 1521 4499 1648 4568; x_wconf 77' lang='lat'><strong>575,</strong></span> <span class='ocrx_word' id='word_1_348' title='bbox 1678 4500 1764 4554; x_wconf 91' lang='lat' dir='ltr'><strong>ubi</strong></span> <span class='ocrx_word' id='word_1_349' title='bbox 1797 4502 2044 4560; x_wconf 82' lang='lat' dir='ltr'><strong>Theodo-</strong></span> 
     </span>
    </p>
   </div>
   <div class='ocr_carea' id='block_1_51' title="bbox 457 4581 2046 4656">
    <p class='ocr_par' dir='ltr' id='par_1_51' title="bbox 457 4581 2046 4656">
     <span class='ocr_line' id='line_1_51' title="bbox 457 4581 2046 4656; baseline -0.004 -16"><span class='ocrx_word' id='word_1_350' title='bbox 457 4586 572 4640; x_wconf 88' lang='lat' dir='ltr'><strong>sius</strong></span> <span class='ocrx_word' id='word_1_351' title='bbox 602 4587 701 4656; x_wconf 78' lang='grc' dir='ltr'><strong>τῆς</strong></span> <span class='ocrx_word' id='word_1_352' title='bbox 721 4581 1553 4652; x_wconf 74' lang='grc' dir='ltr'>’Δγαλασοῦ,‹ιυίΣαγαλασσοῦ,</span> <span class='ocrx_word' id='word_1_353' title='bbox 1585 4599 1640 4654; x_wconf 87' lang='lat' dir='ltr'><strong>p.</strong></span> <span class='ocrx_word' id='word_1_354' title='bbox 1672 4584 1812 4652; x_wconf 79' lang='lat'><strong>558;</strong></span> <span class='ocrx_word' id='word_1_355' title='bbox 1854 4587 2046 4642; x_wconf 88' lang='lat' dir='ltr'><strong>simili.</strong></span> 
     </span>
    </p>
   </div>
   <div class='ocr_carea' id='block_1_52' title="bbox 461 4663 2042 4734">
    <p class='ocr_par' dir='ltr' id='par_1_52' title="bbox 461 4663 2042 4734">
     <span class='ocr_line' id='line_1_52' title="bbox 461 4663 2042 4734; baseline 0.002 -12"><span class='ocrx_word' id='word_1_356' title='bbox 461 4679 542 4722; x_wconf 88' lang='lat' dir='ltr'><strong>ter</strong></span> <span class='ocrx_word' id='word_1_357' title='bbox 569 4683 700 4723; x_wconf 87' lang='lat' dir='ltr'><strong>mss.</strong></span> <span class='ocrx_word' id='word_1_358' title='bbox 735 4669 952 4734; x_wconf 86' lang='lat' dir='ltr'><strong>quidem</strong></span> <span class='ocrx_word' id='word_1_359' title='bbox 969 4663 1179 4718; x_wconf 79' lang='lat' dir='ltr'><strong>Liviani</strong></span> <span class='ocrx_word' id='word_1_360' title='bbox 1207 4680 1436 4726; x_wconf 74' lang='lat' dir='ltr'><strong>sxxvttz,</strong></span> <span class='ocrx_word' id='word_1_361' title='bbox 1464 4665 1552 4729; x_wconf 79' lang='lat' dir='ltr'><strong>l5,</strong></span> <span class='ocrx_word' id='word_1_362' title='bbox 1587 4667 1706 4720; x_wconf 92' lang='lat' dir='ltr'><strong>voci</strong></span> <span class='ocrx_word' id='word_1_363' title='bbox 1736 4669 2042 4726; x_wconf 87' lang='lat' dir='ltr'><strong>sibilantem</strong></span> 
     </span>
    </p>
   </div>
   <div class='ocr_carea' id='block_1_53' title="bbox 458 4747 2043 4823">
    <p class='ocr_par' dir='ltr' id='par_1_53' title="bbox 458 4747 2043 4823">
     <span class='ocr_line' id='line_1_53' title="bbox 458 4747 2043 4823; baseline -0.005 -19"><span class='ocrx_word' id='word_1_364' title='bbox 458 4751 697 4805; x_wconf 88' lang='lat' dir='ltr'><strong>litteram</strong></span> <span class='ocrx_word' id='word_1_365' title='bbox 721 4749 976 4818; x_wconf 72' lang='lat' dir='ltr'><strong>demunt,</strong></span> <span class='ocrx_word' id='word_1_366' title='bbox 1017 4759 1073 4803; x_wconf 92' lang='lat' dir='ltr'><strong>et</strong></span> <span class='ocrx_word' id='word_1_367' title='bbox 1115 4747 1348 4802; x_wconf 83' lang='lat' dir='ltr'><strong>Pliniaui</strong></span> <span class='ocrx_word' id='word_1_368' title='bbox 1399 4762 1452 4810; x_wconf 92' lang='lat' dir='ltr'><strong>v,</strong></span> <span class='ocrx_word' id='word_1_369' title='bbox 1499 4747 1592 4802; x_wconf 71' lang='lat'><strong>27.</strong></span> <span class='ocrx_word' id='word_1_370' title='bbox 1651 4748 1867 4807; x_wconf 86' lang='lat' dir='ltr'><strong>Dieeres</strong></span> <span class='ocrx_word' id='word_1_371' title='bbox 1914 4768 2043 4823; x_wconf 78' lang='lat' dir='ltr'><strong>pro.</strong></span> 
     </span>
    </p>
   </div>
   <div class='ocr_carea' id='block_1_54' title="bbox 460 4828 2042 4903">
    <p class='ocr_par' dir='ltr' id='par_1_54' title="bbox 460 4828 2042 4903">
     <span class='ocr_line' id='line_1_54' title="bbox 460 4828 2042 4903; baseline 0.005 -17"><span class='ocrx_word' id='word_1_372' title='bbox 460 4845 644 4903; x_wconf 82' lang='lat' dir='ltr'><strong>ptcrca</strong></span> <span class='ocrx_word' id='word_1_373' title='bbox 673 4832 861 4886; x_wconf 88' lang='lat' dir='ltr'><strong>urbem</strong></span> <span class='ocrx_word' id='word_1_374' title='bbox 889 4832 1032 4885; x_wconf 89' lang='lat' dir='ltr'><strong>inter</strong></span> <span class='ocrx_word' id='word_1_375' title='bbox 1059 4845 1152 4885; x_wconf 85' lang='lat' dir='ltr'><strong>eas</strong></span> <span class='ocrx_word' id='word_1_376' title='bbox 1182 4828 1699 4898; x_wconf 56' lang='lat' dir='ltr'><strong>essc‘referendam,</strong></span> <span class='ocrx_word' id='word_1_377' title='bbox 1733 4849 1853 4903; x_wconf 77' lang='lat' dir='ltr'><strong>qua:</strong></span> <span class='ocrx_word' id='word_1_378' title='bbox 1883 4841 2042 4894; x_wconf 91' lang='lat' dir='ltr'><strong>modo</strong></span> 
     </span>
    </p>
   </div>
   <div class='ocr_carea' id='block_1_55' title="bbox 459 4913 2042 4982">
    <p class='ocr_par' dir='ltr' id='par_1_55' title="bbox 459 4913 2042 4982">
     <span class='ocr_line' id='line_1_55' title="bbox 459 4913 2042 4982; baseline -0.005 -10"><span class='ocrx_word' id='word_1_379' title='bbox 459 4917 767 4972; x_wconf 86' lang='lat' dir='ltr'><strong>sibilantem</strong></span> <span class='ocrx_word' id='word_1_380' title='bbox 800 4916 1031 4970; x_wconf 85' lang='lat' dir='ltr'><strong>litteram</strong></span> <span class='ocrx_word' id='word_1_381' title='bbox 1061 4917 1306 4979; x_wconf 89' lang='lat' dir='ltr'><strong>demunt,</strong></span> <span class='ocrx_word' id='word_1_382' title='bbox 1341 4924 1396 4968; x_wconf 88' lang='lat' dir='ltr'><strong>et</strong></span> <span class='ocrx_word' id='word_1_383' title='bbox 1436 4913 1664 4968; x_wconf 88' lang='lat' dir='ltr'><strong>Pliniani</strong></span> <span class='ocrx_word' id='word_1_384' title='bbox 1693 4932 1746 4982; x_wconf 92' lang='lat' dir='ltr'><strong>v,</strong></span> <span class='ocrx_word' id='word_1_385' title='bbox 1803 4919 1894 4976; x_wconf 69' lang='lat'><strong>27.</strong></span> <span class='ocrx_word' id='word_1_386' title='bbox 1951 4921 2042 4977; x_wconf 88' lang='lat' dir='ltr'><strong>Di-</strong></span> 
     </span>
    </p>
   </div>
   <div class='ocr_carea' id='block_1_56' title="bbox 456 5001 2037 5074">
    <p class='ocr_par' dir='ltr' id='par_1_56' title="bbox 456 5001 2037 5074">
     <span class='ocr_line' id='line_1_56' title="bbox 456 5001 2037 5074; baseline 0.001 -17"><span class='ocrx_word' id='word_1_387' title='bbox 456 5015 615 5057; x_wconf 90' lang='lat' dir='ltr'><strong>ceres</strong></span> <span class='ocrx_word' id='word_1_388' title='bbox 663 5009 954 5071; x_wconf 85' lang='lat' dir='ltr'><strong>prepterea</strong></span> <span class='ocrx_word' id='word_1_389' title='bbox 997 5002 1188 5055; x_wconf 89' lang='lat' dir='ltr'><strong>urbem</strong></span> <span class='ocrx_word' id='word_1_390' title='bbox 1221 5001 1363 5052; x_wconf 90' lang='lat' dir='ltr'><strong>inter</strong></span> <span class='ocrx_word' id='word_1_391' title='bbox 1391 5013 1485 5053; x_wconf 83' lang='lat' dir='ltr'><strong>eas</strong></span> <span class='ocrx_word' id='word_1_392' title='bbox 1517 5012 1640 5055; x_wconf 88' lang='lat' dir='ltr'><strong>esse</strong></span> <span class='ocrx_word' id='word_1_393' title='bbox 1675 5001 2037 5074; x_wconf 77' lang='lat' dir='ltr'><strong>referendam,</strong></span> 
     </span>
    </p>
   </div>
   <div class='ocr_carea' id='block_1_57' title="bbox 457 5083 2040 5156">
    <p class='ocr_par' dir='ltr' id='par_1_57' title="bbox 457 5083 2040 5156">
     <span class='ocr_line' id='line_1_57' title="bbox 457 5083 2040 5156; baseline 0.004 -19"><span class='ocrx_word' id='word_1_394' title='bbox 457 5101 578 5156; x_wconf 69' lang='lat' dir='ltr'><strong>qua:</strong></span> <span class='ocrx_word' id='word_1_395' title='bbox 623 5087 782 5140; x_wconf 89' lang='lat' dir='ltr'><strong>modo</strong></span> <span class='ocrx_word' id='word_1_396' title='bbox 814 5087 1125 5140; x_wconf 88' lang='lat' dir='ltr'><strong>sibilantem</strong></span> <span class='ocrx_word' id='word_1_397' title='bbox 1182 5083 1282 5138; x_wconf 87' lang='lat' dir='ltr'><strong>sibi</strong></span> <span class='ocrx_word' id='word_1_398' title='bbox 1330 5083 1569 5152; x_wconf 63' lang='lat' dir='ltr'><strong>praeponi</strong></span> <span class='ocrx_word' id='word_1_399' title='bbox 1623 5088 1783 5141; x_wconf 89' lang='lat' dir='ltr'><strong>modo</strong></span> <span class='ocrx_word' id='word_1_400' title='bbox 1835 5089 2040 5145; x_wconf 86' lang='lat' dir='ltr'><strong>auferri</strong></span> 
     </span>
    </p>
   </div>
   <div class='ocr_carea' id='block_1_58' title="bbox 457 5165 2037 5242">
    <p class='ocr_par' dir='ltr' id='par_1_58' title="bbox 457 5165 2037 5242">
     <span class='ocr_line' id='line_1_58' title="bbox 457 5165 2037 5242; baseline 0.001 -20"><span class='ocrx_word' id='word_1_401' title='bbox 457 5171 746 5240; x_wconf 87' lang='lat' dir='ltr'><strong>patiuntur</strong></span> <span class='ocrx_word' id='word_1_402' title='bbox 794 5178 900 5224; x_wconf 87' lang='lat' dir='ltr'><strong>:at</strong></span> <span class='ocrx_word' id='word_1_403' title='bbox 946 5170 1169 5224; x_wconf 84' lang='lat' dir='ltr'><strong>obstant</strong></span> <span class='ocrx_word' id='word_1_404' title='bbox 1211 5165 1404 5231; x_wconf 75' lang='lat' dir='ltr'><strong>Grteci,</strong></span> <span class='ocrx_word' id='word_1_405' title='bbox 1452 5178 1510 5220; x_wconf 90' lang='lat' dir='ltr'><strong>ut</strong></span> <span class='ocrx_word' id='word_1_406' title='bbox 1549 5167 1826 5239; x_wconf 83' lang='lat' dir='ltr'><strong>Polybius,</strong></span> <span class='ocrx_word' id='word_1_407' title='bbox 1877 5187 2037 5242; x_wconf 87' lang='lat' dir='ltr'><strong>quem</strong></span> 
     </span>
    </p>
   </div>
   <div class='ocr_carea' id='block_1_59' title="bbox 457 5253 2040 5326">
    <p class='ocr_par' dir='ltr' id='par_1_59' title="bbox 457 5253 2040 5326">
     <span class='ocr_line' id='line_1_59' title="bbox 457 5253 2040 5326; baseline 0.001 -17"><span class='ocrx_word' id='word_1_408' title='bbox 457 5255 644 5310; x_wconf 85' lang='lat' dir='ltr'><strong>Livius</strong></span> <span class='ocrx_word' id='word_1_409' title='bbox 707 5253 1035 5324; x_wconf 79' lang='lat' dir='ltr'><strong>exscripsit,</strong></span> <span class='ocrx_word' id='word_1_410' title='bbox 1096 5263 1151 5308; x_wconf 89' lang='lat' dir='ltr'><strong>ct</strong></span> <span class='ocrx_word' id='word_1_411' title='bbox 1209 5253 1389 5322; x_wconf 89' lang='lat' dir='ltr'><strong>plures</strong></span> <span class='ocrx_word' id='word_1_412' title='bbox 1447 5255 1575 5318; x_wconf 88' lang='lat' dir='ltr'><strong>alii,</strong></span> <span class='ocrx_word' id='word_1_413' title='bbox 1628 5253 1773 5307; x_wconf 88' lang='lat' dir='ltr'><strong>nutni</strong></span> <span class='ocrx_word' id='word_1_414' title='bbox 1825 5270 2040 5326; x_wconf 87' lang='lat' dir='ltr'><strong>quoque</strong></span> 
     </span>
    </p>
   </div>
   <div class='ocr_carea' id='block_1_60' title="bbox 459 5334 2038 5411">
    <p class='ocr_par' dir='ltr' id='par_1_60' title="bbox 459 5334 2038 5411">
     <span class='ocr_line' id='line_1_60' title="bbox 459 5334 2038 5411; baseline 0 -21"><span class='ocrx_word' id='word_1_415' title='bbox 459 5337 855 5406; x_wconf 77' lang='grc' dir='ltr'>Σαγαλασσέων</span> <span class='ocrx_word' id='word_1_416' title='bbox 886 5337 1028 5406; x_wconf 90' lang='lat' dir='ltr'><strong>apud</strong></span> <span class='ocrx_word' id='word_1_417' title='bbox 1067 5334 1410 5392; x_wconf 77' lang='lat' dir='ltr'><strong>Vaillantiutn</strong></span> <span class='ocrx_word' id='word_1_418' title='bbox 1441 5337 1776 5392; x_wconf 85' lang='lat' dir='ltr'><strong>llardninutn</strong></span> <span class='ocrx_word' id='word_1_419' title='bbox 1805 5347 1856 5392; x_wconf 89' lang='lat' dir='ltr'><strong>et</strong></span> <span class='ocrx_word' id='word_1_420' title='bbox 1895 5338 2038 5411; x_wconf 82' lang='lat' dir='ltr'><strong>Hay-</strong></span> 
     </span>
    </p>
   </div>
   <div class='ocr_carea' id='block_1_61' title="bbox 456 5421 2039 5491">
    <p class='ocr_par' dir='ltr' id='par_1_61' title="bbox 456 5421 2039 5491">
     <span class='ocr_line' id='line_1_61' title="bbox 456 5421 2039 5491; baseline -0.001 -13"><span class='ocrx_word' id='word_1_421' title='bbox 456 5425 644 5479; x_wconf 89' lang='lat' dir='ltr'><strong>mium.</strong></span> <span class='ocrx_word' id='word_1_422' title='bbox 694 5421 978 5478; x_wconf 89' lang='lat' dir='ltr'><strong>Scribatur</strong></span> <span class='ocrx_word' id='word_1_423' title='bbox 1024 5435 1154 5491; x_wconf 86' lang='lat' dir='ltr'><strong>ergo</strong></span> <span class='ocrx_word' id='word_1_424' title='bbox 1182 5421 1556 5490; x_wconf 81' lang='grc' dir='ltr'>Σαγαλασσός,</span> <span class='ocrx_word' id='word_1_425' title='bbox 1601 5437 1758 5490; x_wconf 89' lang='lat' dir='ltr'><strong>quam</strong></span> <span class='ocrx_word' id='word_1_426' title='bbox 1791 5423 1898 5478; x_wconf 89' lang='lat' dir='ltr'><strong>diei</strong></span> <span class='ocrx_word' id='word_1_427' title='bbox 1947 5425 2039 5479; x_wconf 82' lang='lat' dir='ltr'><strong>iti-</strong></span> 
     </span>
    </p>
   </div>
   <div class='ocr_carea' id='block_1_62' title="bbox 456 5505 2036 5578">
    <p class='ocr_par' dir='ltr' id='par_1_62' title="bbox 456 5505 2036 5578">
     <span class='ocr_line' id='line_1_62' title="bbox 456 5505 2036 5578; baseline 0.003 -16"><span class='ocrx_word' id='word_1_428' title='bbox 456 5524 585 5562; x_wconf 87' lang='lat' dir='ltr'><strong>nere</strong></span> <span class='ocrx_word' id='word_1_429' title='bbox 635 5509 874 5578; x_wconf 80' lang='lat' dir='ltr'><strong>Apamea</strong></span> <span class='ocrx_word' id='word_1_430' title='bbox 938 5505 1286 5566; x_wconf 83' lang='lat' dir='ltr'><strong>dissociatam</strong></span> <span class='ocrx_word' id='word_1_431' title='bbox 1347 5507 1517 5564; x_wconf 87' lang='lat' dir='ltr'><strong>fuisse</strong></span> <span class='ocrx_word' id='word_1_432' title='bbox 1563 5505 1784 5574; x_wconf 85' lang='lat' dir='ltr'><strong>Strabo,</strong></span> <span class='ocrx_word' id='word_1_433' title='bbox 1842 5509 1878 5564; x_wconf 92' lang='lat' dir='ltr'><strong>l.</strong></span> <span class='ocrx_word' id='word_1_434' title='bbox 1937 5526 2036 5576; x_wconf 71' lang='lat' dir='ltr'><strong>XII,</strong></span> 
     </span>
    </p>
   </div>
   <div class='ocr_carea' id='block_1_63' title="bbox 453 5591 857 5659">
    <p class='ocr_par' dir='ltr' id='par_1_63' title="bbox 453 5591 857 5659">
     <span class='ocr_line' id='line_1_63' title="bbox 453 5591 857 5659; baseline 0.002 -14"><span class='ocrx_word' id='word_1_435' title='bbox 453 5607 508 5659; x_wconf 88' lang='lat' dir='ltr'><strong>p.</strong></span> <span class='ocrx_word' id='word_1_436' title='bbox 542 5591 648 5647; x_wconf 86' lang='lat'><strong>569</strong></span> <span class='ocrx_word' id='word_1_437' title='bbox 675 5594 857 5647; x_wconf 88' lang='lat' dir='ltr'><strong>docet.</strong></span> 
     </span>
    </p>
   </div>
   <div class='ocr_carea' id='block_1_64' title="bbox 525 5673 2034 5748">
    <p class='ocr_par' dir='ltr' id='par_1_64' title="bbox 525 5673 2034 5748">
     <span class='ocr_line' id='line_1_64' title="bbox 525 5673 2034 5748; baseline 0.002 -22"><span class='ocrx_word' id='word_1_438' title='bbox 525 5673 661 5730; x_wconf 84' lang='lat' dir='ltr'><strong>Ibid.</strong></span> <span class='ocrx_word' id='word_1_439' title='bbox 687 5674 892 5744; x_wconf 77' lang='grc' dir='ltr'>Βάρις.</span> <span class='ocrx_word' id='word_1_440' title='bbox 933 5674 993 5729; x_wconf 90' lang='lat'><strong>&#39;0</strong></span> <span class='ocrx_word' id='word_1_441' title='bbox 1040 5675 1262 5748; x_wconf 80' lang='grc' dir='ltr'>Βάρεως</span> <span class='ocrx_word' id='word_1_442' title='bbox 1292 5676 1579 5747; x_wconf 87' lang='lat' dir='ltr'><strong>episcopus</strong></span> <span class='ocrx_word' id='word_1_443' title='bbox 1614 5685 1699 5731; x_wconf 86' lang='lat' dir='ltr'><strong>cst</strong></span> <span class='ocrx_word' id='word_1_444' title='bbox 1739 5675 1792 5729; x_wconf 93' lang='lat' dir='ltr'><strong>in</strong></span> <span class='ocrx_word' id='word_1_445' title='bbox 1824 5673 2034 5730; x_wconf 84' lang='lat' dir='ltr'><strong>Notilia</strong></span> 
     </span>
    </p>
   </div>
   <div class='ocr_carea' id='block_1_65' title="bbox 451 5755 2036 5831">
    <p class='ocr_par' dir='ltr' id='par_1_65' title="bbox 451 5755 2036 5831">
     <span class='ocr_line' id='line_1_65' title="bbox 451 5755 2036 5831; baseline 0.002 -21"><span class='ocrx_word' id='word_1_446' title='bbox 451 5755 568 5810; x_wconf 89' lang='lat' dir='ltr'><strong>Jac.</strong></span> <span class='ocrx_word' id='word_1_447' title='bbox 597 5757 763 5821; x_wconf 88' lang='lat' dir='ltr'><strong>Goar,</strong></span> <span class='ocrx_word' id='word_1_448' title='bbox 789 5760 880 5828; x_wconf 89' lang='lat' dir='ltr'><strong>qui</strong></span> <span class='ocrx_word' id='word_1_449' title='bbox 933 5774 1215 5828; x_wconf 84' lang='lat' dir='ltr'><strong>perperam</strong></span> <span class='ocrx_word' id='word_1_450' title='bbox 1251 5760 1460 5823; x_wconf 81' lang='grc' dir='ltr'>πόλεως</span> <span class='ocrx_word' id='word_1_451' title='bbox 1493 5759 1678 5831; x_wconf 80' lang='grc' dir='ltr'>Βάρης</span> <span class='ocrx_word' id='word_1_452' title='bbox 1719 5759 1773 5813; x_wconf 92' lang='lat' dir='ltr'><strong>in</strong></span> <span class='ocrx_word' id='word_1_453' title='bbox 1821 5758 2036 5815; x_wconf 67' lang='lat' dir='ltr'><strong>Nicaeum</strong></span> 
     </span>
    </p>
   </div>
   <div class='ocr_carea' id='block_1_66' title="bbox 453 5838 2028 5916">
    <p class='ocr_par' dir='ltr' id='par_1_66' title="bbox 453 5838 2028 5916">
     <span class='ocr_line' id='line_1_66' title="bbox 453 5838 2028 5916; baseline 0.004 -26"><span class='ocrx_word' id='word_1_454' title='bbox 453 5838 722 5904; x_wconf 76' lang='lat' dir='ltr'><strong>secuiulo,</strong></span> <span class='ocrx_word' id='word_1_455' title='bbox 748 5855 800 5911; x_wconf 90' lang='lat' dir='ltr'><strong>p.</strong></span> <span class='ocrx_word' id='word_1_456' title='bbox 833 5841 960 5897; x_wconf 76' lang='lat'><strong>358.</strong></span> <span class='ocrx_word' id='word_1_457' title='bbox 1005 5839 1297 5900; x_wconf 67' lang='lat' dir='ltr'><strong>Ptolemaeo</strong></span> <span class='ocrx_word' id='word_1_458' title='bbox 1328 5858 1550 5916; x_wconf 90' lang='lat' dir='ltr'><strong>prorsus</strong></span> <span class='ocrx_word' id='word_1_459' title='bbox 1589 5852 1647 5899; x_wconf 92' lang='lat' dir='ltr'><strong>ut</strong></span> <span class='ocrx_word' id='word_1_460' title='bbox 1691 5840 1780 5900; x_wconf 88' lang='lat' dir='ltr'><strong>hic</strong></span> <span class='ocrx_word' id='word_1_461' title='bbox 1813 5841 2028 5916; x_wconf 81' lang='grc' dir='ltr'>Βάρις,</span> 
     </span>
    </p>
   </div>
   <div class='ocr_carea' id='block_1_67' title="bbox 1513 387 2674 452">
    <p class='ocr_par' dir='ltr' id='par_1_67' title="bbox 1513 387 2674 452">
     <span class='ocr_line' id='line_1_67' title="bbox 1513 387 2674 452; baseline 0.001 -1"><span class='ocrx_word' id='word_1_462' title='bbox 1513 389 1896 452; x_wconf 77' lang='grc' dir='ltr'><strong>ΛΒΒΕΝΒΑ.</strong></span> <span class='ocrx_word' id='word_1_463' title='bbox 1939 411 2007 424; x_wconf 91' lang='grc'>-··</span> <span class='ocrx_word' id='word_1_464' title='bbox 2043 387 2109 449; x_wconf 87' lang='grc' dir='ltr'><strong>Ρ.</strong></span> <span class='ocrx_word' id='word_1_465' title='bbox 2153 389 2674 452; x_wconf 84' lang='lat' dir='ltr'><strong>WESSELINGII</strong></span> 
     </span>
    </p>
   </div>
   <div class='ocr_carea' id='block_1_68' title="bbox 3596 388 3740 456">
    <p class='ocr_par' dir='ltr' id='par_1_68' title="bbox 3596 388 3740 456">
     <span class='ocr_line' id='line_1_68' title="bbox 3596 388 3740 456; baseline 0.028 -4"><span class='ocrx_word' id='word_1_466' title='bbox 3596 388 3740 456; x_wconf 65' lang='grc'><strong>1124</strong></span> 
     </span>
    </p>
   </div>
   <div class='ocr_carea' id='block_1_69' title="bbox 2156 487 3741 571">
    <p class='ocr_par' dir='ltr' id='par_1_69' title="bbox 2156 487 3741 571">
     <span class='ocr_line' id='line_1_69' title="bbox 2156 487 3741 571; baseline 0.005 -20"><span class='ocrx_word' id='word_1_467' title='bbox 2156 498 2242 551; x_wconf 89' lang='lat' dir='ltr'><strong>cui</strong></span> <span class='ocrx_word' id='word_1_468' title='bbox 2269 499 2499 569; x_wconf 80' lang='grc' dir='ltr'>Κόμανα</span> <span class='ocrx_word' id='word_1_469' title='bbox 2529 487 2775 568; x_wconf 76' lang='lat' dir='ltr'><strong>proxime</strong></span> <span class='ocrx_word' id='word_1_470' title='bbox 2815 499 3063 571; x_wconf 84' lang='lat' dir='ltr'><strong>jungitur</strong></span> <span class='ocrx_word' id='word_1_471' title='bbox 3091 509 3146 556; x_wconf 89' lang='lat' dir='ltr'><strong>et</strong></span> <span class='ocrx_word' id='word_1_472' title='bbox 3176 500 3228 556; x_wconf 91' lang='lat' dir='ltr'><strong>in</strong></span> <span class='ocrx_word' id='word_1_473' title='bbox 3267 500 3434 556; x_wconf 87' lang='lat' dir='ltr'><strong>veteri</strong></span> <span class='ocrx_word' id='word_1_474' title='bbox 3482 503 3741 560; x_wconf 87' lang='lat' dir='ltr'><strong>versione</strong></span> 
     </span>
    </p>
   </div>
   <div class='ocr_carea' id='block_1_70' title="bbox 2153 579 3738 646">
    <p class='ocr_par' dir='ltr' id='par_1_70' title="bbox 2153 579 3738 646">
     <span class='ocr_line' id='line_1_70' title="bbox 2153 579 3738 646; baseline 0.004 -13"><span class='ocrx_word' id='word_1_475' title='bbox 2153 579 2412 646; x_wconf 86' lang='lat' dir='ltr'><strong>Conana,</strong></span> <span class='ocrx_word' id='word_1_476' title='bbox 2469 583 2608 636; x_wconf 89' lang='lat' dir='ltr'><strong>haud</strong></span> <span class='ocrx_word' id='word_1_477' title='bbox 2662 584 2826 640; x_wconf 91' lang='lat' dir='ltr'><strong>dubie</strong></span> <span class='ocrx_word' id='word_1_478' title='bbox 2881 585 3062 639; x_wconf 82' lang='lat' dir='ltr'><strong>verius</strong></span> <span class='ocrx_word' id='word_1_479' title='bbox 3110 597 3125 642; x_wconf 87' lang='lat'><strong>:</strong></span> <span class='ocrx_word' id='word_1_480' title='bbox 3170 601 3294 640; x_wconf 90' lang='lat' dir='ltr'><strong>nam</strong></span> <span class='ocrx_word' id='word_1_481' title='bbox 3352 594 3406 640; x_wconf 90' lang='lat' dir='ltr'><strong>et</strong></span> <span class='ocrx_word' id='word_1_482' title='bbox 3462 585 3738 641; x_wconf 87' lang='lat' dir='ltr'><strong>Constans</strong></span> 
     </span>
    </p>
   </div>
   <div class='ocr_carea' id='block_1_71' title="bbox 2151 664 3739 734">
    <p class='ocr_par' dir='ltr' id='par_1_71' title="bbox 2151 664 3739 734">
     <span class='ocr_line' id='line_1_71' title="bbox 2151 664 3739 734; baseline 0.004 -18"><span class='ocrx_word' id='word_1_483' title='bbox 2151 664 2400 732; x_wconf 82' lang='grc' dir='ltr'>Κονάνης</span> <span class='ocrx_word' id='word_1_484' title='bbox 2429 676 2508 720; x_wconf 87' lang='lat' dir='ltr'><strong>est</strong></span> <span class='ocrx_word' id='word_1_485' title='bbox 2541 667 2594 720; x_wconf 88' lang='lat' dir='ltr'><strong>itt</strong></span> <span class='ocrx_word' id='word_1_486' title='bbox 2634 666 2852 722; x_wconf 71' lang='lat' dir='ltr'><strong>Nicmno</strong></span> <span class='ocrx_word' id='word_1_487' title='bbox 2880 667 3143 731; x_wconf 88' lang='lat' dir='ltr'><strong>secundo,</strong></span> <span class='ocrx_word' id='word_1_488' title='bbox 3182 683 3237 734; x_wconf 91' lang='lat' dir='ltr'><strong>p.</strong></span> <span class='ocrx_word' id='word_1_489' title='bbox 3271 667 3400 734; x_wconf 83' lang='lat'><strong>575,</strong></span> <span class='ocrx_word' id='word_1_490' title='bbox 3439 680 3490 721; x_wconf 90' lang='lat' dir='ltr'><strong>et</strong></span> <span class='ocrx_word' id='word_1_491' title='bbox 3529 670 3739 723; x_wconf 79' lang='lat' dir='ltr'><strong>diserto</strong></span> 
     </span>
    </p>
   </div>
   <div class='ocr_carea' id='block_1_72' title="bbox 2152 746 3731 812">
    <p class='ocr_par' dir='ltr' id='par_1_72' title="bbox 2152 746 3731 812">
     <span class='ocr_line' id='line_1_72' title="bbox 2152 746 3731 812; baseline 0.004 -15"><span class='ocrx_word' id='word_1_492' title='bbox 2152 746 2438 801; x_wconf 77' lang='grc' dir='ltr'>Κονανέων</span> <span class='ocrx_word' id='word_1_493' title='bbox 2466 749 2622 812; x_wconf 82' lang='grc' dir='ltr'>πόλις</span> <span class='ocrx_word' id='word_1_494' title='bbox 2657 750 2709 804; x_wconf 83' lang='grc' dir='ltr'>ἰιι</span> <span class='ocrx_word' id='word_1_495' title='bbox 2753 748 2954 805; x_wconf 84' lang='lat' dir='ltr'><strong>Pisidia</strong></span> <span class='ocrx_word' id='word_1_496' title='bbox 3003 750 3210 804; x_wconf 88' lang='lat' dir='ltr'><strong>locatur</strong></span> <span class='ocrx_word' id='word_1_497' title='bbox 3247 751 3300 804; x_wconf 92' lang='lat' dir='ltr'><strong>in</strong></span> <span class='ocrx_word' id='word_1_498' title='bbox 3342 752 3488 805; x_wconf 78' lang='lat' dir='ltr'><strong>Actis</strong></span> <span class='ocrx_word' id='word_1_499' title='bbox 3520 750 3731 807; x_wconf 84' lang='lat' dir='ltr'><strong>Zosimi</strong></span> 
     </span>
    </p>
   </div>
   <div class='ocr_carea' id='block_1_73' title="bbox 2151 829 3039 902">
    <p class='ocr_par' dir='ltr' id='par_1_73' title="bbox 2151 829 3039 902">
     <span class='ocr_line' id='line_1_73' title="bbox 2151 829 3039 902; baseline 0.007 -21"><span class='ocrx_word' id='word_1_500' title='bbox 2151 835 2284 882; x_wconf 92' lang='lat' dir='ltr'><strong>tom.</strong></span> <span class='ocrx_word' id='word_1_501' title='bbox 2319 829 2382 884; x_wconf 84' lang='grc' dir='ltr'><strong>ΙΙΙ</strong></span> <span class='ocrx_word' id='word_1_502' title='bbox 2416 829 2583 897; x_wconf 83' lang='lat' dir='ltr'><strong>Junii,</strong></span> <span class='ocrx_word' id='word_1_503' title='bbox 2613 848 2666 902; x_wconf 90' lang='lat' dir='ltr'><strong>p.</strong></span> <span class='ocrx_word' id='word_1_504' title='bbox 2697 833 2882 888; x_wconf 83' lang='lat' dir='ltr'><strong>8l5&#39;et</strong></span> <span class='ocrx_word' id='word_1_505' title='bbox 2911 833 3039 888; x_wconf 88' lang='lat' dir='ltr'><strong>8l6.</strong></span> 
     </span>
    </p>
   </div>
   <div class='ocr_carea' id='block_1_74' title="bbox 2222 911 3730 987">
    <p class='ocr_par' dir='ltr' id='par_1_74' title="bbox 2222 911 3730 987">
     <span class='ocr_line' id='line_1_74' title="bbox 2222 911 3730 987; baseline 0.005 -22"><span class='ocrx_word' id='word_1_506' title='bbox 2222 911 2357 968; x_wconf 81' lang='lat' dir='ltr'><strong>lbitl.</strong></span> <span class='ocrx_word' id='word_1_507' title='bbox 2403 914 2474 970; x_wconf 84' lang='grc' dir='ltr'><em>Ἦ</em></span> <span class='ocrx_word' id='word_1_508' title='bbox 2511 917 2756 984; x_wconf 83' lang='grc' dir='ltr'>σιδηρᾶ.</span> <span class='ocrx_word' id='word_1_509' title='bbox 2792 916 3034 987; x_wconf 88' lang='lat' dir='ltr'><strong>Utraque</strong></span> <span class='ocrx_word' id='word_1_510' title='bbox 3056 915 3172 972; x_wconf 88' lang='lat' dir='ltr'><strong>Jac.</strong></span> <span class='ocrx_word' id='word_1_511' title='bbox 3209 915 3356 972; x_wconf 88' lang='lat' dir='ltr'><strong>Goar</strong></span> <span class='ocrx_word' id='word_1_512' title='bbox 3384 916 3596 973; x_wconf 86' lang='lat' dir='ltr'><strong>Nomia</strong></span> <span class='ocrx_word' id='word_1_513' title='bbox 3622 920 3730 974; x_wconf 90' lang='lat' dir='ltr'><strong>hoc</strong></span> 
     </span>
    </p>
   </div>
   <div class='ocr_carea' id='block_1_75' title="bbox 2153 998 3734 1071">
    <p class='ocr_par' dir='ltr' id='par_1_75' title="bbox 2153 998 3734 1071">
     <span class='ocr_line' id='line_1_75' title="bbox 2153 998 3734 1071; baseline 0.004 -21"><span class='ocrx_word' id='word_1_514' title='bbox 2153 998 2470 1064; x_wconf 76' lang='lat' dir='ltr'><strong>cognomine</strong></span> <span class='ocrx_word' id='word_1_515' title='bbox 2499 998 2801 1056; x_wconf 85' lang='lat' dir='ltr'><strong>Seleuciam</strong></span> <span class='ocrx_word' id='word_1_516' title='bbox 2834 1011 3014 1066; x_wconf 91' lang='lat' dir='ltr'><strong>ornat,</strong></span> <span class='ocrx_word' id='word_1_517' title='bbox 3046 1001 3188 1071; x_wconf 90' lang='lat' dir='ltr'><strong>quod</strong></span> <span class='ocrx_word' id='word_1_518' title='bbox 3235 1017 3264 1054; x_wconf 87' lang='lat' dir='ltr'><strong>a</strong></span> <span class='ocrx_word' id='word_1_519' title='bbox 3317 999 3449 1056; x_wconf 87' lang='lat' dir='ltr'><strong>ferri</strong></span> <span class='ocrx_word' id='word_1_520' title='bbox 3497 1005 3734 1058; x_wconf 87' lang='lat' dir='ltr'><strong>metallis</strong></span> 
     </span>
    </p>
   </div>
   <div class='ocr_carea' id='block_1_76' title="bbox 2153 1079 3736 1151">
    <p class='ocr_par' dir='ltr' id='par_1_76' title="bbox 2153 1079 3736 1151">
     <span class='ocr_line' id='line_1_76' title="bbox 2153 1079 3736 1151; baseline 0.006 -19"><span class='ocrx_word' id='word_1_521' title='bbox 2153 1079 2400 1148; x_wconf 86' lang='lat' dir='ltr'><strong>accipere</strong></span> <span class='ocrx_word' id='word_1_522' title='bbox 2448 1082 2640 1151; x_wconf 89' lang='lat' dir='ltr'><strong>potuit.</strong></span> <span class='ocrx_word' id='word_1_523' title='bbox 2693 1080 2913 1137; x_wconf 68' lang='lat' dir='ltr'><strong>Nicaeno</strong></span> <span class='ocrx_word' id='word_1_524' title='bbox 2965 1083 3221 1149; x_wconf 88' lang='lat' dir='ltr'><strong>secundo,</strong></span> <span class='ocrx_word' id='word_1_525' title='bbox 3273 1097 3327 1151; x_wconf 92' lang='lat' dir='ltr'><strong>p.</strong></span> <span class='ocrx_word' id='word_1_526' title='bbox 3381 1083 3486 1139; x_wconf 84' lang='lat'><strong>575</strong></span> <span class='ocrx_word' id='word_1_527' title='bbox 3538 1083 3736 1142; x_wconf 81' lang='lat' dir='ltr'><strong>Petrus</strong></span> 
     </span>
    </p>
   </div>
   <div class='ocr_carea' id='block_1_77' title="bbox 2153 1161 3584 1235">
    <p class='ocr_par' dir='ltr' id='par_1_77' title="bbox 2153 1161 3584 1235">
     <span class='ocr_line' id='line_1_77' title="bbox 2153 1161 3584 1235; baseline 0.006 -21"><span class='ocrx_word' id='word_1_528' title='bbox 2153 1161 2476 1227; x_wconf 81' lang='grc' dir='ltr'>Σελευκείας</span> <span class='ocrx_word' id='word_1_529' title='bbox 2507 1165 2606 1234; x_wconf 84' lang='grc' dir='ltr'><strong>τῆς</strong></span> <span class='ocrx_word' id='word_1_530' title='bbox 2643 1164 2803 1228; x_wconf 85' lang='grc' dir='ltr'>Ἰδίας</span> <span class='ocrx_word' id='word_1_531' title='bbox 2836 1181 2932 1234; x_wconf 90' lang='lat' dir='ltr'><strong>pro</strong></span> <span class='ocrx_word' id='word_1_532' title='bbox 2966 1165 3212 1228; x_wconf 86' lang='grc' dir='ltr'>Πισιδίας</span> <span class='ocrx_word' id='word_1_533' title='bbox 3243 1167 3584 1235; x_wconf 85' lang='lat' dir='ltr'><strong>subscripsit.</strong></span> 
     </span>
    </p>
   </div>
   <div class='ocr_carea' id='block_1_78' title="bbox 2223 1245 3731 1319">
    <p class='ocr_par' dir='ltr' id='par_1_78' title="bbox 2223 1245 3731 1319">
     <span class='ocr_line' id='line_1_78' title="bbox 2223 1245 3731 1319; baseline 0.005 -21"><span class='ocrx_word' id='word_1_534' title='bbox 2223 1245 2360 1300; x_wconf 87' lang='lat' dir='ltr'><strong>lbid.</strong></span> <span class='ocrx_word' id='word_1_535' title='bbox 2399 1246 2454 1299; x_wconf 89' lang='lat'><strong>&#39;0</strong></span> <span class='ocrx_word' id='word_1_536' title='bbox 2483 1247 2860 1315; x_wconf 81' lang='grc' dir='ltr'><strong>Τιμϐριάδων.</strong></span> <span class='ocrx_word' id='word_1_537' title='bbox 2901 1247 2994 1304; x_wconf 91' lang='lat' dir='ltr'><strong>Sic</strong></span> <span class='ocrx_word' id='word_1_538' title='bbox 3026 1265 3156 1305; x_wconf 87' lang='lat' dir='ltr'><strong>mss.</strong></span> <span class='ocrx_word' id='word_1_539' title='bbox 3189 1265 3364 1319; x_wconf 85' lang='lat' dir='ltr'><strong>neque</strong></span> <span class='ocrx_word' id='word_1_540' title='bbox 3405 1251 3572 1306; x_wconf 88' lang='lat' dir='ltr'><strong>hilum</strong></span> <span class='ocrx_word' id='word_1_541' title='bbox 3606 1250 3731 1305; x_wconf 80' lang='grc' dir='ltr'><strong>Νο-</strong></span> 
     </span>
    </p>
   </div>
   <div class='ocr_carea' id='block_1_79' title="bbox 2153 1327 3734 1400">
    <p class='ocr_par' dir='ltr' id='par_1_79' title="bbox 2153 1327 3734 1400">
     <span class='ocr_line' id='line_1_79' title="bbox 2153 1327 3734 1400; baseline 0.006 -20"><span class='ocrx_word' id='word_1_542' title='bbox 2153 1328 2273 1382; x_wconf 83' lang='lat' dir='ltr'><strong>titia</strong></span> <span class='ocrx_word' id='word_1_543' title='bbox 2315 1327 2434 1384; x_wconf 90' lang='lat' dir='ltr'><strong>Jac.</strong></span> <span class='ocrx_word' id='word_1_544' title='bbox 2470 1328 2624 1400; x_wconf 88' lang='lat' dir='ltr'><strong>Goar_</strong></span> <span class='ocrx_word' id='word_1_545' title='bbox 2647 1330 2896 1387; x_wconf 89' lang='lat' dir='ltr'><strong>dissidet.</strong></span> <span class='ocrx_word' id='word_1_546' title='bbox 2936 1333 3160 1388; x_wconf 74' lang='lat' dir='ltr'><strong>Videtur</strong></span> <span class='ocrx_word' id='word_1_547' title='bbox 3204 1333 3462 1388; x_wconf 85' lang='lat' dir='ltr'><strong>librarius</strong></span> <span class='ocrx_word' id='word_1_548' title='bbox 3513 1335 3628 1390; x_wconf 82' lang='lat' dir='ltr'><strong>haec</strong></span> <span class='ocrx_word' id='word_1_549' title='bbox 3661 1337 3734 1390; x_wconf 88' lang='lat' dir='ltr'><strong>ad</strong></span> 
     </span>
    </p>
   </div>
   <div class='ocr_carea' id='block_1_80' title="bbox 2154 1412 3736 1487">
    <p class='ocr_par' dir='ltr' id='par_1_80' title="bbox 2154 1412 3736 1487">
     <span class='ocr_line' id='line_1_80' title="bbox 2154 1412 3736 1487; baseline 0.005 -23"><span class='ocrx_word' id='word_1_550' title='bbox 2154 1425 2400 1465; x_wconf 88' lang='lat' dir='ltr'><strong>normam</strong></span> <span class='ocrx_word' id='word_1_551' title='bbox 2431 1412 2814 1467; x_wconf 70' lang='lat' dir='ltr'><strong>ecclesiastica:</strong></span> <span class='ocrx_word' id='word_1_552' title='bbox 2851 1413 3062 1469; x_wconf 79' lang='lat' dir='ltr'><strong>Notitiae</strong></span> <span class='ocrx_word' id='word_1_553' title='bbox 3109 1415 3393 1486; x_wconf 81' lang='lat' dir='ltr'><strong>exegisse,</strong></span> <span class='ocrx_word' id='word_1_554' title='bbox 3434 1425 3492 1471; x_wconf 84' lang='lat' dir='ltr'><strong>et</strong></span> <span class='ocrx_word' id='word_1_555' title='bbox 3522 1419 3736 1487; x_wconf 87' lang='lat' dir='ltr'><strong>episco-</strong></span> 
     </span>
    </p>
   </div>
   <div class='ocr_carea' id='block_1_81' title="bbox 2153 1493 3732 1570">
    <p class='ocr_par' dir='ltr' id='par_1_81' title="bbox 2153 1493 3732 1570">
     <span class='ocr_line' id='line_1_81' title="bbox 2153 1493 3732 1570; baseline 0.006 -25"><span class='ocrx_word' id='word_1_556' title='bbox 2153 1509 2278 1562; x_wconf 91' lang='lat' dir='ltr'><strong>pum</strong></span> <span class='ocrx_word' id='word_1_557' title='bbox 2336 1493 2496 1562; x_wconf 82' lang='lat' dir='ltr'><strong>hujus</strong></span> <span class='ocrx_word' id='word_1_558' title='bbox 2530 1496 2680 1550; x_wconf 90' lang='lat' dir='ltr'><strong>urbis</strong></span> <span class='ocrx_word' id='word_1_559' title='bbox 2729 1496 2956 1552; x_wconf 89' lang='lat' dir='ltr'><strong>solemni</strong></span> <span class='ocrx_word' id='word_1_560' title='bbox 3015 1497 3068 1550; x_wconf 90' lang='lat' dir='ltr'><strong>in</strong></span> <span class='ocrx_word' id='word_1_561' title='bbox 3103 1497 3206 1552; x_wconf 91' lang='lat' dir='ltr'><strong>illis</strong></span> <span class='ocrx_word' id='word_1_562' title='bbox 3262 1514 3413 1554; x_wconf 88' lang='lat' dir='ltr'><strong>more</strong></span> <span class='ocrx_word' id='word_1_563' title='bbox 3459 1501 3732 1570; x_wconf 74' lang='lat' dir='ltr'><strong>signasse.</strong></span> 
     </span>
    </p>
   </div>
   <div class='ocr_carea' id='block_1_82' title="bbox 2152 1578 3734 1653">
    <p class='ocr_par' dir='ltr' id='par_1_82' title="bbox 2152 1578 3734 1653">
     <span class='ocr_line' id='line_1_82' title="bbox 2152 1578 3734 1653; baseline 0.006 -20"><span class='ocrx_word' id='word_1_564' title='bbox 2152 1578 2357 1633; x_wconf 87' lang='lat' dir='ltr'><strong>Urbem</strong></span> <span class='ocrx_word' id='word_1_565' title='bbox 2389 1578 2433 1634; x_wconf 91' lang='lat' dir='ltr'><strong>si</strong></span> <span class='ocrx_word' id='word_1_566' title='bbox 2474 1589 2690 1648; x_wconf 90' lang='lat' dir='ltr'><strong>spectes</strong></span> <span class='ocrx_word' id='word_1_567' title='bbox 2712 1621 2728 1644; x_wconf 88' lang='lat'><strong>,</strong></span> <span class='ocrx_word' id='word_1_568' title='bbox 2775 1580 3059 1635; x_wconf 87' lang='lat' dir='ltr'><strong>ditliculter</strong></span> <span class='ocrx_word' id='word_1_569' title='bbox 3092 1583 3384 1639; x_wconf 80' lang='lat' dir='ltr'><strong>inveneris.</strong></span> <span class='ocrx_word' id='word_1_570' title='bbox 3429 1583 3734 1653; x_wconf 80' lang='lat' dir='ltr'><strong>Xenophon</strong></span> 
     </span>
    </p>
   </div>
   <div class='ocr_carea' id='block_1_83' title="bbox 2152 1658 3742 1744">
    <p class='ocr_par' dir='ltr' id='par_1_83' title="bbox 2152 1658 3742 1744">
     <span class='ocr_line' id='line_1_83' title="bbox 2152 1658 3742 1744; baseline 0.008 -31"><span class='ocrx_word' id='word_1_571' title='bbox 2152 1658 2291 1730; x_wconf 70' lang='lat' dir='ltr'><strong>Exp.</strong></span> <span class='ocrx_word' id='word_1_572' title='bbox 2323 1659 2447 1730; x_wconf 80' lang='lat' dir='ltr'><strong>Cyr.</strong></span> <span class='ocrx_word' id='word_1_573' title='bbox 2483 1675 2525 1729; x_wconf 84' lang='grc' dir='ltr'><strong>ι,</strong></span> <span class='ocrx_word' id='word_1_574' title='bbox 2569 1677 2623 1732; x_wconf 89' lang='lat' dir='ltr'><strong>p.</strong></span> <span class='ocrx_word' id='word_1_575' title='bbox 2661 1663 2762 1718; x_wconf 72' lang='grc'><strong>194</strong></span> <span class='ocrx_word' id='word_1_576' title='bbox 2788 1663 3067 1734; x_wconf 77' lang='grc' dir='ltr'>Θύμϐριον</span> <span class='ocrx_word' id='word_1_577' title='bbox 3111 1664 3178 1717; x_wconf 76' lang='grc'><strong>10</strong></span> <span class='ocrx_word' id='word_1_578' title='bbox 3209 1668 3526 1744; x_wconf 82' lang='lat' dir='ltr'><strong>parasangis</strong></span> <span class='ocrx_word' id='word_1_579' title='bbox 3551 1685 3580 1722; x_wconf 88' lang='lat' dir='ltr'><strong>a</strong></span> <span class='ocrx_word' id='word_1_580' title='bbox 3621 1669 3742 1739; x_wconf 70' lang='lat' dir='ltr'><strong>Ty~</strong></span> 
     </span>
    </p>
   </div>
   <div class='ocr_carea' id='block_1_84' title="bbox 2155 1745 3734 1817">
    <p class='ocr_par' dir='ltr' id='par_1_84' title="bbox 2155 1745 3734 1817">
     <span class='ocr_line' id='line_1_84' title="bbox 2155 1745 3734 1817; baseline 0.006 -19"><span class='ocrx_word' id='word_1_581' title='bbox 2155 1745 2303 1812; x_wconf 64' lang='lat' dir='ltr'><strong>rimo,</strong></span> <span class='ocrx_word' id='word_1_582' title='bbox 2335 1745 2402 1801; x_wconf 90' lang='lat' dir='ltr'><strong>de</strong></span> <span class='ocrx_word' id='word_1_583' title='bbox 2425 1760 2532 1815; x_wconf 91' lang='lat' dir='ltr'><strong>quo</strong></span> <span class='ocrx_word' id='word_1_584' title='bbox 2576 1761 2766 1816; x_wconf 88' lang='lat' dir='ltr'><strong>supra,</strong></span> <span class='ocrx_word' id='word_1_585' title='bbox 2809 1756 3073 1802; x_wconf 88' lang='lat' dir='ltr'><strong>semovet.</strong></span> <span class='ocrx_word' id='word_1_586' title='bbox 3111 1746 3165 1802; x_wconf 87' lang='lat' dir='ltr'><strong>Id</strong></span> <span class='ocrx_word' id='word_1_587' title='bbox 3215 1749 3258 1805; x_wconf 89' lang='lat' dir='ltr'><strong>si</strong></span> <span class='ocrx_word' id='word_1_588' title='bbox 3301 1763 3571 1817; x_wconf 84' lang='lat' dir='ltr'><strong>nostrum,</strong></span> <span class='ocrx_word' id='word_1_589' title='bbox 3615 1754 3734 1808; x_wconf 90' lang='lat' dir='ltr'><strong>vitii</strong></span> 
     </span>
    </p>
   </div>
   <div class='ocr_carea' id='block_1_85' title="bbox 2154 1827 3727 1900">
    <p class='ocr_par' dir='ltr' id='par_1_85' title="bbox 2154 1827 3727 1900">
     <span class='ocr_line' id='line_1_85' title="bbox 2154 1827 3727 1900; baseline 0.003 -18"><span class='ocrx_word' id='word_1_590' title='bbox 2154 1827 2503 1884; x_wconf 88' lang='lat' dir='ltr'><strong>manifestum</strong></span> <span class='ocrx_word' id='word_1_591' title='bbox 2554 1831 2705 1884; x_wconf 91' lang='lat' dir='ltr'><strong>erit:</strong></span> <span class='ocrx_word' id='word_1_592' title='bbox 2753 1845 2854 1886; x_wconf 89' lang='lat' dir='ltr'><strong>nec</strong></span> <span class='ocrx_word' id='word_1_593' title='bbox 2899 1831 3094 1885; x_wconf 87' lang='lat' dir='ltr'><strong>mutari</strong></span> <span class='ocrx_word' id='word_1_594' title='bbox 3149 1841 3327 1887; x_wconf 89' lang='lat' dir='ltr'><strong>tamen</strong></span> <span class='ocrx_word' id='word_1_595' title='bbox 3374 1835 3727 1900; x_wconf 82' lang='lat' dir='ltr'><strong>sustinerem,</strong></span> 
     </span>
    </p>
   </div>
   <div class='ocr_carea' id='block_1_86' title="bbox 2150 1913 3733 1986">
    <p class='ocr_par' dir='ltr' id='par_1_86' title="bbox 2150 1913 3733 1986">
     <span class='ocr_line' id='line_1_86' title="bbox 2150 1913 3733 1986; baseline 0.006 -20"><span class='ocrx_word' id='word_1_596' title='bbox 2150 1914 2413 1982; x_wconf 88' lang='lat' dir='ltr'><strong>quoniam</strong></span> <span class='ocrx_word' id='word_1_597' title='bbox 2458 1913 2848 1970; x_wconf 88' lang='lat' dir='ltr'><strong>Constantinus</strong></span> <span class='ocrx_word' id='word_1_598' title='bbox 2879 1914 3035 1980; x_wconf 87' lang='lat' dir='ltr'><strong>hujus</strong></span> <span class='ocrx_word' id='word_1_599' title='bbox 3072 1915 3221 1972; x_wconf 88' lang='lat' dir='ltr'><strong>urbis</strong></span> <span class='ocrx_word' id='word_1_600' title='bbox 3257 1918 3452 1986; x_wconf 69' lang='lat' dir='ltr'><strong>praesul</strong></span> <span class='ocrx_word' id='word_1_601' title='bbox 3498 1919 3551 1973; x_wconf 93' lang='lat' dir='ltr'><strong>in</strong></span> <span class='ocrx_word' id='word_1_602' title='bbox 3581 1920 3733 1976; x_wconf 85' lang='lat' dir='ltr'><strong>Con-</strong></span> 
     </span>
    </p>
   </div>
   <div class='ocr_carea' id='block_1_87' title="bbox 2148 1996 3734 2068">
    <p class='ocr_par' dir='ltr' id='par_1_87' title="bbox 2148 1996 3734 2068">
     <span class='ocr_line' id='line_1_87' title="bbox 2148 1996 3734 2068; baseline 0.005 -19"><span class='ocrx_word' id='word_1_603' title='bbox 2148 2004 2315 2049; x_wconf 86' lang='lat' dir='ltr'><strong>stant.</strong></span> <span class='ocrx_word' id='word_1_604' title='bbox 2354 1997 2514 2050; x_wconf 92' lang='lat' dir='ltr'><strong>tertio</strong></span> <span class='ocrx_word' id='word_1_605' title='bbox 2544 2011 2598 2065; x_wconf 93' lang='lat' dir='ltr'><strong>p.</strong></span> <span class='ocrx_word' id='word_1_606' title='bbox 2626 1997 2732 2052; x_wconf 84' lang='lat'><strong>505</strong></span> <span class='ocrx_word' id='word_1_607' title='bbox 2756 1996 3063 2068; x_wconf 77' lang='grc' dir='ltr'>Τιδριὰδων</span> <span class='ocrx_word' id='word_1_608' title='bbox 3095 2008 3152 2053; x_wconf 87' lang='lat' dir='ltr'><strong>et</strong></span> <span class='ocrx_word' id='word_1_609' title='bbox 3192 1999 3244 2052; x_wconf 92' lang='lat' dir='ltr'><strong>in</strong></span> <span class='ocrx_word' id='word_1_610' title='bbox 3281 2001 3448 2055; x_wconf 76' lang='lat' dir='ltr'><strong>veteri</strong></span> <span class='ocrx_word' id='word_1_611' title='bbox 3482 2003 3734 2057; x_wconf 87' lang='lat' dir='ltr'><strong>versione</strong></span> 
     </span>
    </p>
   </div>
   <div class='ocr_carea' id='block_1_88' title="bbox 2149 2077 3732 2150">
    <p class='ocr_par' dir='ltr' id='par_1_88' title="bbox 2149 2077 3732 2150">
     <span class='ocr_line' id='line_1_88' title="bbox 2149 2077 3732 2150; baseline 0.006 -19"><span class='ocrx_word' id='word_1_612' title='bbox 2149 2079 2377 2133; x_wconf 75' lang='lat' dir='ltr'><strong>civitatis</strong></span> <span class='ocrx_word' id='word_1_613' title='bbox 2448 2079 2824 2133; x_wconf 81' lang='lat' dir='ltr'><strong>Tibriadorum</strong></span> <span class='ocrx_word' id='word_1_614' title='bbox 2891 2077 3116 2135; x_wconf 72' lang='lat' dir='ltr'><strong>Pisidia:</strong></span> <span class='ocrx_word' id='word_1_615' title='bbox 3175 2083 3487 2148; x_wconf 69' lang='lat' dir='ltr'><strong>provinciae,</strong></span> <span class='ocrx_word' id='word_1_616' title='bbox 3539 2099 3732 2150; x_wconf 81' lang='lat' dir='ltr'><strong>quant-</strong></span> 
     </span>
    </p>
   </div>
   <div class='ocr_carea' id='block_1_89' title="bbox 2149 2161 3729 2234">
    <p class='ocr_par' dir='ltr' id='par_1_89' title="bbox 2149 2161 3729 2234">
     <span class='ocr_line' id='line_1_89' title="bbox 2149 2161 3729 2234; baseline 0.003 -20"><span class='ocrx_word' id='word_1_617' title='bbox 2149 2175 2311 2229; x_wconf 86' lang='lat' dir='ltr'><strong>quam</strong></span> <span class='ocrx_word' id='word_1_618' title='bbox 2374 2163 2516 2216; x_wconf 89' lang='lat' dir='ltr'><strong>male</strong></span> <span class='ocrx_word' id='word_1_619' title='bbox 2581 2176 2635 2230; x_wconf 91' lang='lat' dir='ltr'><strong>p.</strong></span> <span class='ocrx_word' id='word_1_620' title='bbox 2703 2161 2810 2218; x_wconf 81' lang='grc'>676</span> <span class='ocrx_word' id='word_1_621' title='bbox 2900 2163 3002 2234; x_wconf 80' lang='grc' dir='ltr'><strong>τῆς</strong></span> <span class='ocrx_word' id='word_1_622' title='bbox 3063 2163 3432 2234; x_wconf 75' lang='grc' dir='ltr'>Μαμδιαδὲων</span> <span class='ocrx_word' id='word_1_623' title='bbox 3495 2166 3729 2231; x_wconf 80' lang='grc' dir='ltr'>πόλεως,</span> 
     </span>
    </p>
   </div>
   <div class='ocr_carea' id='block_1_90' title="bbox 2150 2243 3736 2312">
    <p class='ocr_par' dir='ltr' id='par_1_90' title="bbox 2150 2243 3736 2312">
     <span class='ocr_line' id='line_1_90' title="bbox 2150 2243 3736 2312; baseline 0.007 -17"><span class='ocrx_word' id='word_1_624' title='bbox 2150 2245 2385 2312; x_wconf 89' lang='lat' dir='ltr'><strong>dicitur;</strong></span> <span class='ocrx_word' id='word_1_625' title='bbox 2432 2245 2536 2300; x_wconf 90' lang='lat' dir='ltr'><strong>nisi</strong></span> <span class='ocrx_word' id='word_1_626' title='bbox 2563 2256 2616 2299; x_wconf 91' lang='lat' dir='ltr'><strong>et</strong></span> <span class='ocrx_word' id='word_1_627' title='bbox 2659 2243 2865 2300; x_wconf 90' lang='lat' dir='ltr'><strong>Plinius</strong></span> <span class='ocrx_word' id='word_1_628' title='bbox 2894 2245 3237 2301; x_wconf 89' lang='lat' dir='ltr'><strong>Timbrianns</strong></span> <span class='ocrx_word' id='word_1_629' title='bbox 3287 2247 3410 2302; x_wconf 89' lang='lat' dir='ltr'><strong>inde</strong></span> <span class='ocrx_word' id='word_1_630' title='bbox 3441 2247 3736 2311; x_wconf 73' lang='lat' dir='ltr'><strong>forniasst-t</strong></span> 
     </span>
    </p>
   </div>
   <div class='ocr_carea' id='block_1_91' title="bbox 2149 2327 3730 2401">
    <p class='ocr_par' dir='ltr' id='par_1_91' title="bbox 2149 2327 3730 2401">
     <span class='ocr_line' id='line_1_91' title="bbox 2149 2327 3730 2401; baseline 0.004 -19"><span class='ocrx_word' id='word_1_631' title='bbox 2149 2343 2205 2392; x_wconf 87' lang='lat' dir='ltr'><strong>v,</strong></span> <span class='ocrx_word' id='word_1_632' title='bbox 2235 2327 2327 2383; x_wconf 75' lang='grc'><strong>27.</strong></span> <span class='ocrx_word' id='word_1_633' title='bbox 2372 2329 2513 2401; x_wconf 84' lang='lat' dir='ltr'><strong>Ergo</strong></span> <span class='ocrx_word' id='word_1_634' title='bbox 2556 2328 2939 2400; x_wconf 72' lang='lat' dir='ltr'><strong>Geograplaiam</strong></span> <span class='ocrx_word' id='word_1_635' title='bbox 2982 2328 3209 2386; x_wconf 86' lang='lat' dir='ltr'><strong>Sacram</strong></span> <span class='ocrx_word' id='word_1_636' title='bbox 3239 2340 3294 2386; x_wconf 87' lang='lat' dir='ltr'><strong>et</strong></span> <span class='ocrx_word' id='word_1_637' title='bbox 3327 2333 3428 2388; x_wconf 84' lang='lat' dir='ltr'><strong>hac</strong></span> <span class='ocrx_word' id='word_1_638' title='bbox 3463 2333 3598 2389; x_wconf 86' lang='lat' dir='ltr'><strong>urbe</strong></span> <span class='ocrx_word' id='word_1_639' title='bbox 3627 2348 3730 2388; x_wconf 82' lang='lat' dir='ltr'><strong>au-</strong></span> 
     </span>
    </p>
   </div>
   <div class='ocr_carea' id='block_1_92' title="bbox 2149 2425 2390 2480">
    <p class='ocr_par' dir='ltr' id='par_1_92' title="bbox 2149 2425 2390 2480">
     <span class='ocr_line' id='line_1_92' title="bbox 2149 2425 2390 2480; baseline 0.017 -17"><span class='ocrx_word' id='word_1_640' title='bbox 2149 2425 2390 2480; x_wconf 87' lang='lat' dir='ltr'><strong>geamus.</strong></span> 
     </span>
    </p>
   </div>
   <div class='ocr_carea' id='block_1_93' title="bbox 2223 2495 3728 2567">
    <p class='ocr_par' dir='ltr' id='par_1_93' title="bbox 2223 2495 3728 2567">
     <span class='ocr_line' id='line_1_93' title="bbox 2223 2495 3728 2567; baseline 0 -15"><span class='ocrx_word' id='word_1_641' title='bbox 2223 2496 2360 2554; x_wconf 89' lang='lat' dir='ltr'><strong>lbid.</strong></span> <span class='ocrx_word' id='word_1_642' title='bbox 2394 2496 2768 2565; x_wconf 80' lang='grc' dir='ltr'><strong>Θεμισόνιος.</strong></span> <span class='ocrx_word' id='word_1_643' title='bbox 2794 2495 3068 2567; x_wconf 80' lang='lat' dir='ltr'><strong>Nusquam</strong></span> <span class='ocrx_word' id='word_1_644' title='bbox 3099 2497 3152 2552; x_wconf 92' lang='lat' dir='ltr'><strong>in</strong></span> <span class='ocrx_word' id='word_1_645' title='bbox 3186 2495 3385 2553; x_wconf 87' lang='lat' dir='ltr'><strong>Pisidia</strong></span> <span class='ocrx_word' id='word_1_646' title='bbox 3420 2497 3550 2553; x_wconf 92' lang='lat' dir='ltr'><strong>mihi</strong></span> <span class='ocrx_word' id='word_1_647' title='bbox 3590 2498 3728 2554; x_wconf 86' lang='lat' dir='ltr'><strong>lecta</strong></span> 
     </span>
    </p>
   </div>
   <div class='ocr_carea' id='block_1_94' title="bbox 2150 2581 3730 2653">
    <p class='ocr_par' dir='ltr' id='par_1_94' title="bbox 2150 2581 3730 2653">
     <span class='ocr_line' id='line_1_94' title="bbox 2150 2581 3730 2653; baseline -0.001 -15"><span class='ocrx_word' id='word_1_648' title='bbox 2150 2591 2253 2638; x_wconf 89' lang='lat' dir='ltr'><strong>est.</strong></span> <span class='ocrx_word' id='word_1_649' title='bbox 2304 2581 2552 2653; x_wconf 70' lang='lat' dir='ltr'><strong>Phrygias</strong></span> <span class='ocrx_word' id='word_1_650' title='bbox 2583 2582 2960 2650; x_wconf 90' lang='lat' dir='ltr'><strong>cognominem</strong></span> <span class='ocrx_word' id='word_1_651' title='bbox 3009 2583 3196 2637; x_wconf 87' lang='lat' dir='ltr'><strong>urbem</strong></span> <span class='ocrx_word' id='word_1_652' title='bbox 3247 2599 3408 2652; x_wconf 76' lang='lat' dir='ltr'><strong>supra</strong></span> <span class='ocrx_word' id='word_1_653' title='bbox 3455 2583 3730 2647; x_wconf 86' lang='lat' dir='ltr'><strong>vidimus,</strong></span> 
     </span>
    </p>
   </div>
   <div class='ocr_carea' id='block_1_95' title="bbox 2149 2663 3730 2734">
    <p class='ocr_par' dir='ltr' id='par_1_95' title="bbox 2149 2663 3730 2734">
     <span class='ocr_line' id='line_1_95' title="bbox 2149 2663 3730 2734; baseline 0.001 -15"><span class='ocrx_word' id='word_1_654' title='bbox 2149 2664 2294 2721; x_wconf 86' lang='lat' dir='ltr'><strong>forte</strong></span> <span class='ocrx_word' id='word_1_655' title='bbox 2323 2680 2352 2718; x_wconf 93' lang='lat' dir='ltr'><strong>a</strong></span> <span class='ocrx_word' id='word_1_656' title='bbox 2383 2664 2614 2720; x_wconf 86' lang='lat' dir='ltr'><strong>Pisidica</strong></span> <span class='ocrx_word' id='word_1_657' title='bbox 2645 2679 2840 2719; x_wconf 90' lang='lat' dir='ltr'><strong>nomen</strong></span> <span class='ocrx_word' id='word_1_658' title='bbox 2871 2664 3158 2719; x_wconf 87' lang='lat' dir='ltr'><strong>habentem</strong></span> <span class='ocrx_word' id='word_1_659' title='bbox 3183 2682 3198 2718; x_wconf 91' lang='lat'><strong>:</strong></span> <span class='ocrx_word' id='word_1_660' title='bbox 3219 2663 3414 2720; x_wconf 91' lang='lat' dir='ltr'><strong>Strabo</strong></span> <span class='ocrx_word' id='word_1_661' title='bbox 3435 2665 3580 2719; x_wconf 89' lang='lat' dir='ltr'><strong>enim</strong></span> <span class='ocrx_word' id='word_1_662' title='bbox 3606 2682 3730 2734; x_wconf 83' lang='lat' dir='ltr'><strong>stu,</strong></span> 
     </span>
    </p>
   </div>
   <div class='ocr_carea' id='block_1_96' title="bbox 2148 2747 3730 2820">
    <p class='ocr_par' dir='ltr' id='par_1_96' title="bbox 2148 2747 3730 2820">
     <span class='ocr_line' id='line_1_96' title="bbox 2148 2747 3730 2820; baseline 0 -16"><span class='ocrx_word' id='word_1_663' title='bbox 2148 2764 2206 2820; x_wconf 90' lang='lat' dir='ltr'><strong>p.</strong></span> <span class='ocrx_word' id='word_1_664' title='bbox 2239 2747 2344 2804; x_wconf 75' lang='lat'><strong>629</strong></span> <span class='ocrx_word' id='word_1_665' title='bbox 2376 2747 2542 2804; x_wconf 85' lang='lat' dir='ltr'><strong>fuisse</strong></span> <span class='ocrx_word' id='word_1_666' title='bbox 2589 2747 2837 2819; x_wconf 63' lang='lat' dir='ltr'><strong>Phrygiae</strong></span> <span class='ocrx_word' id='word_1_667' title='bbox 2889 2749 3074 2814; x_wconf 88' lang='lat' dir='ltr'><strong>urbes,</strong></span> <span class='ocrx_word' id='word_1_668' title='bbox 3105 2762 3226 2817; x_wconf 64' lang='lat' dir='ltr'><strong>quae</strong></span> <span class='ocrx_word' id='word_1_669' title='bbox 3278 2762 3310 2803; x_wconf 87' lang='lat' dir='ltr'><strong>a</strong></span> <span class='ocrx_word' id='word_1_670' title='bbox 3355 2747 3598 2804; x_wconf 78' lang='lat' dir='ltr'><strong>l’isidicis</strong></span> <span class='ocrx_word' id='word_1_671' title='bbox 3627 2765 3730 2804; x_wconf 87' lang='lat' dir='ltr'><strong>no-</strong></span> 
     </span>
    </p>
   </div>
   <div class='ocr_carea' id='block_1_97' title="bbox 2153 2829 3732 2899">
    <p class='ocr_par' dir='ltr' id='par_1_97' title="bbox 2153 2829 3732 2899">
     <span class='ocr_line' id='line_1_97' title="bbox 2153 2829 3732 2899; baseline 0 -13"><span class='ocrx_word' id='word_1_672' title='bbox 2153 2845 2274 2886; x_wconf 88' lang='lat' dir='ltr'><strong>men</strong></span> <span class='ocrx_word' id='word_1_673' title='bbox 2343 2831 2660 2899; x_wconf 79' lang='lat' dir='ltr'><strong>traxerint,</strong></span> <span class='ocrx_word' id='word_1_674' title='bbox 2730 2831 2908 2885; x_wconf 90' lang='lat' dir='ltr'><strong>docet.</strong></span> <span class='ocrx_word' id='word_1_675' title='bbox 2973 2829 3166 2884; x_wconf 76' lang='lat' dir='ltr'><strong>Posses</strong></span> <span class='ocrx_word' id='word_1_676' title='bbox 3226 2847 3348 2884; x_wconf 82' lang='lat' dir='ltr'><strong>cuin</strong></span> <span class='ocrx_word' id='word_1_677' title='bbox 3412 2833 3732 2887; x_wconf 82' lang='lat' dir='ltr'><strong>doctissimo</strong></span> 
     </span>
    </p>
   </div>
   <div class='ocr_carea' id='block_1_98' title="bbox 2151 2913 3732 2985">
    <p class='ocr_par' dir='ltr' id='par_1_98' title="bbox 2151 2913 3732 2985">
     <span class='ocr_line' id='line_1_98' title="bbox 2151 2913 3732 2985; baseline 0.001 -14"><span class='ocrx_word' id='word_1_678' title='bbox 2151 2915 2446 2985; x_wconf 74' lang='lat' dir='ltr'><strong>Geograph.</strong></span> <span class='ocrx_word' id='word_1_679' title='bbox 2479 2913 2607 2968; x_wconf 81' lang='lat' dir='ltr'><strong>Ital.</strong></span> <span class='ocrx_word' id='word_1_680' title='bbox 2639 2916 2801 2969; x_wconf 83' lang='lat' dir='ltr'><strong>medii</strong></span> <span class='ocrx_word' id='word_1_681' title='bbox 2835 2914 2932 2969; x_wconf 78' lang='grc' dir='ltr'>ιιιυὶ</span> <span class='ocrx_word' id='word_1_682' title='bbox 2965 2929 3018 2984; x_wconf 94' lang='lat' dir='ltr'><strong>p.</strong></span> <span class='ocrx_word' id='word_1_683' title='bbox 3050 2913 3244 2968; x_wconf 77' lang='lat' dir='ltr'><strong>XXVII</strong></span> <span class='ocrx_word' id='word_1_684' title='bbox 3275 2925 3498 2971; x_wconf 87' lang='lat' dir='ltr'><strong>auctore</strong></span> <span class='ocrx_word' id='word_1_685' title='bbox 3517 2916 3732 2972; x_wconf 85' lang='lat' dir='ltr'><strong>deTer-</strong></span> 
     </span>
    </p>
   </div>
   <div class='ocr_carea' id='block_1_99' title="bbox 2152 2996 3731 3069">
    <p class='ocr_par' dir='ltr' id='par_1_99' title="bbox 2152 2996 3731 3069">
     <span class='ocr_line' id='line_1_99' title="bbox 2152 2996 3731 3069; baseline 0.001 -16"><span class='ocrx_word' id='word_1_686' title='bbox 2152 3014 2355 3063; x_wconf 87' lang='lat' dir='ltr'><strong>Inesso,</strong></span> <span class='ocrx_word' id='word_1_687' title='bbox 2385 3014 2548 3069; x_wconf 89' lang='lat' dir='ltr'><strong>quam</strong></span> <span class='ocrx_word' id='word_1_688' title='bbox 2583 2997 2893 3068; x_wconf 80' lang='lat' dir='ltr'><strong>Stephanus</strong></span> <span class='ocrx_word' id='word_1_689' title='bbox 2941 2996 3158 3054; x_wconf 59' lang='lat' dir='ltr'><strong>Pisidiae</strong></span> <span class='ocrx_word' id='word_1_690' title='bbox 3208 3001 3395 3055; x_wconf 90' lang='lat' dir='ltr'><strong>urbem</strong></span> <span class='ocrx_word' id='word_1_691' title='bbox 3439 2999 3590 3066; x_wconf 81' lang='lat' dir='ltr'><strong>facit,</strong></span> <span class='ocrx_word' id='word_1_692' title='bbox 3625 3000 3731 3055; x_wconf 86' lang='lat' dir='ltr'><strong>nisi</strong></span> 
     </span>
    </p>
   </div>
   <div class='ocr_carea' id='block_1_100' title="bbox 2150 3079 3655 3152">
    <p class='ocr_par' dir='ltr' id='par_1_100' title="bbox 2150 3079 3655 3152">
     <span class='ocr_line' id='line_1_100' title="bbox 2150 3079 3655 3152; baseline -0.001 -14"><span class='ocrx_word' id='word_1_693' title='bbox 2150 3095 2271 3138; x_wconf 89' lang='lat' dir='ltr'><strong>eam</strong></span> <span class='ocrx_word' id='word_1_694' title='bbox 2303 3079 2634 3152; x_wconf 76' lang='lat' dir='ltr'><strong>Pamphylia:</strong></span> <span class='ocrx_word' id='word_1_695' title='bbox 2658 3080 2932 3136; x_wconf 78' lang='lat' dir='ltr'><strong>llierorles</strong></span> <span class='ocrx_word' id='word_1_696' title='bbox 2957 3081 3364 3148; x_wconf 88' lang='lat' dir='ltr'><strong>contribuisset,</strong></span> <span class='ocrx_word' id='word_1_697' title='bbox 3395 3086 3655 3152; x_wconf 82' lang='lat' dir='ltr'><strong>cegitare.</strong></span> 
     </span>
    </p>
   </div>
   <div class='ocr_carea' id='block_1_101' title="bbox 2223 3162 3732 3230">
    <p class='ocr_par' dir='ltr' id='par_1_101' title="bbox 2223 3162 3732 3230">
     <span class='ocr_line' id='line_1_101' title="bbox 2223 3162 3732 3230; baseline 0.002 -13"><span class='ocrx_word' id='word_1_698' title='bbox 2223 3163 2354 3218; x_wconf 89' lang='lat' dir='ltr'><strong>Ibid.</strong></span> <span class='ocrx_word' id='word_1_699' title='bbox 2409 3164 3042 3230; x_wconf 77' lang='grc' dir='ltr'>Ἰουστινιανούπολις.</span> <span class='ocrx_word' id='word_1_700' title='bbox 3082 3162 3193 3219; x_wconf 86' lang='lat' dir='ltr'><strong>Nec</strong></span> <span class='ocrx_word' id='word_1_701' title='bbox 3246 3165 3385 3220; x_wconf 88' lang='lat' dir='ltr'><strong>hanc</strong></span> <span class='ocrx_word' id='word_1_702' title='bbox 3425 3166 3638 3230; x_wconf 88' lang='lat' dir='ltr'><strong>urbem,</strong></span> <span class='ocrx_word' id='word_1_703' title='bbox 3681 3167 3732 3220; x_wconf 91' lang='lat' dir='ltr'><strong>si</strong></span> 
     </span>
    </p>
   </div>
   <div class='ocr_carea' id='block_1_102' title="bbox 2152 3244 3732 3318">
    <p class='ocr_par' dir='ltr' id='par_1_102' title="bbox 2152 3244 3732 3318">
     <span class='ocr_line' id='line_1_102' title="bbox 2152 3244 3732 3318; baseline 0 -16"><span class='ocrx_word' id='word_1_704' title='bbox 2152 3247 2377 3302; x_wconf 88' lang='lat' dir='ltr'><strong>alteram</strong></span> <span class='ocrx_word' id='word_1_705' title='bbox 2405 3244 2522 3301; x_wconf 89' lang='lat' dir='ltr'><strong>Jac.</strong></span> <span class='ocrx_word' id='word_1_706' title='bbox 2556 3246 2702 3301; x_wconf 86' lang='lat' dir='ltr'><strong>Goar</strong></span> <span class='ocrx_word' id='word_1_707' title='bbox 2752 3247 3016 3300; x_wconf 74' lang='lat' dir='ltr'><strong>Notitiam</strong></span> <span class='ocrx_word' id='word_1_708' title='bbox 3055 3247 3356 3317; x_wconf 78' lang='lat' dir='ltr'><strong>esceperis,</strong></span> <span class='ocrx_word' id='word_1_709' title='bbox 3391 3247 3569 3318; x_wconf 88' lang='lat' dir='ltr'><strong>legere</strong></span> <span class='ocrx_word' id='word_1_710' title='bbox 3617 3261 3732 3302; x_wconf 88' lang='lat' dir='ltr'><strong>me—</strong></span> 
     </span>
    </p>
   </div>
   <div class='ocr_carea' id='block_1_103' title="bbox 2152 3328 3729 3402">
    <p class='ocr_par' dir='ltr' id='par_1_103' title="bbox 2152 3328 3729 3402">
     <span class='ocr_line' id='line_1_103' title="bbox 2152 3328 3729 3402; baseline 0.001 -17"><span class='ocrx_word' id='word_1_711' title='bbox 2152 3331 2305 3386; x_wconf 89' lang='lat' dir='ltr'><strong>mini.</strong></span> <span class='ocrx_word' id='word_1_712' title='bbox 2345 3328 2440 3385; x_wconf 81' lang='lat' dir='ltr'><strong>Vir</strong></span> <span class='ocrx_word' id='word_1_713' title='bbox 2490 3331 2702 3397; x_wconf 89' lang='lat' dir='ltr'><strong>doctus,</strong></span> <span class='ocrx_word' id='word_1_714' title='bbox 2754 3345 2915 3401; x_wconf 90' lang='lat' dir='ltr'><strong>quem</strong></span> <span class='ocrx_word' id='word_1_715' title='bbox 2971 3340 3180 3384; x_wconf 92' lang='lat' dir='ltr'><strong>tantum</strong></span> <span class='ocrx_word' id='word_1_716' title='bbox 3238 3332 3384 3400; x_wconf 90' lang='lat' dir='ltr'><strong>quod</strong></span> <span class='ocrx_word' id='word_1_717' title='bbox 3439 3331 3729 3402; x_wconf 84' lang='lat' dir='ltr'><strong>appellavi,</strong></span> 
     </span>
    </p>
   </div>
   <div class='ocr_carea' id='block_1_104' title="bbox 2149 3411 3730 3483">
    <p class='ocr_par' dir='ltr' id='par_1_104' title="bbox 2149 3411 3730 3483">
     <span class='ocr_line' id='line_1_104' title="bbox 2149 3411 3730 3483; baseline 0.001 -15"><span class='ocrx_word' id='word_1_718' title='bbox 2149 3415 2405 3483; x_wconf 89' lang='lat' dir='ltr'><strong>quoniam</strong></span> <span class='ocrx_word' id='word_1_719' title='bbox 2448 3412 2782 3468; x_wconf 84' lang='lat' dir='ltr'><strong>Alcmannus</strong></span> <span class='ocrx_word' id='word_1_720' title='bbox 2822 3413 2874 3467; x_wconf 92' lang='lat' dir='ltr'><strong>in</strong></span> <span class='ocrx_word' id='word_1_721' title='bbox 2905 3411 3154 3482; x_wconf 87' lang='lat' dir='ltr'><strong>Procopii</strong></span> <span class='ocrx_word' id='word_1_722' title='bbox 3185 3412 3329 3468; x_wconf 80' lang='lat' dir='ltr'><strong>llist.</strong></span> <span class='ocrx_word' id='word_1_723' title='bbox 3369 3430 3566 3468; x_wconf 83' lang='lat' dir='ltr'><strong>arcana</strong></span> <span class='ocrx_word' id='word_1_724' title='bbox 3592 3430 3640 3468; x_wconf 92' lang='lat' dir='ltr'><strong>c.</strong></span> <span class='ocrx_word' id='word_1_725' title='bbox 3674 3432 3730 3470; x_wconf 75' lang='lat' dir='ltr'><strong>st</strong></span> 
     </span>
    </p>
   </div>
   <div class='ocr_carea' id='block_1_105' title="bbox 2149 3495 3731 3568">
    <p class='ocr_par' dir='ltr' id='par_1_105' title="bbox 2149 3495 3731 3568">
     <span class='ocr_line' id='line_1_105' title="bbox 2149 3495 3731 3568; baseline -0.001 -14"><span class='ocrx_word' id='word_1_726' title='bbox 2149 3498 2293 3554; x_wconf 88' lang='lat' dir='ltr'><strong>inter</strong></span> <span class='ocrx_word' id='word_1_727' title='bbox 2314 3495 2778 3566; x_wconf 85' lang='lat' dir='ltr'><strong>Justinianopoles</strong></span> <span class='ocrx_word' id='word_1_728' title='bbox 2801 3496 3132 3566; x_wconf 80' lang='lat' dir='ltr'><strong>Pamphylue</strong></span> <span class='ocrx_word' id='word_1_729' title='bbox 3155 3498 3365 3561; x_wconf 89' lang='lat' dir='ltr'><strong>urbem,</strong></span> <span class='ocrx_word' id='word_1_730' title='bbox 3384 3509 3504 3568; x_wconf 72' lang='lat' dir='ltr'><strong>quae</strong></span> <span class='ocrx_word' id='word_1_731' title='bbox 3531 3499 3584 3552; x_wconf 91' lang='lat' dir='ltr'><strong>in</strong></span> <span class='ocrx_word' id='word_1_732' title='bbox 3607 3498 3731 3553; x_wconf 86' lang='grc' dir='ltr'><strong>Νο-</strong></span> 
     </span>
    </p>
   </div>
   <div class='ocr_carea' id='block_1_106' title="bbox 2150 3579 3731 3652">
    <p class='ocr_par' dir='ltr' id='par_1_106' title="bbox 2150 3579 3731 3652">
     <span class='ocr_line' id='line_1_106' title="bbox 2150 3579 3731 3652; baseline 0.001 -16"><span class='ocrx_word' id='word_1_733' title='bbox 2150 3583 2270 3637; x_wconf 88' lang='lat' dir='ltr'><strong>titia</strong></span> <span class='ocrx_word' id='word_1_734' title='bbox 2303 3581 2474 3637; x_wconf 85' lang='lat' dir='ltr'><strong>veteri</strong></span> <span class='ocrx_word' id='word_1_735' title='bbox 2510 3579 2740 3652; x_wconf 85' lang='lat' dir='ltr'><strong>Myloma</strong></span> <span class='ocrx_word' id='word_1_736' title='bbox 2781 3581 2873 3647; x_wconf 89' lang='lat' dir='ltr'><strong>sit,</strong></span> <span class='ocrx_word' id='word_1_737' title='bbox 2909 3589 3178 3645; x_wconf 88' lang='lat' dir='ltr'><strong>recenset,</strong></span> <span class='ocrx_word' id='word_1_738' title='bbox 3208 3581 3275 3635; x_wconf 90' lang='lat' dir='ltr'><strong>de</strong></span> <span class='ocrx_word' id='word_1_739' title='bbox 3311 3581 3539 3652; x_wconf 79' lang='lat' dir='ltr'><strong>Myliade</strong></span> <span class='ocrx_word' id='word_1_740' title='bbox 3562 3585 3731 3652; x_wconf 63' lang='lat' dir='ltr'><strong>etrapit</strong></span> 
     </span>
    </p>
   </div>
   <div class='ocr_carea' id='block_1_107' title="bbox 2149 3661 3730 3733">
    <p class='ocr_par' dir='ltr' id='par_1_107' title="bbox 2149 3661 3730 3733">
     <span class='ocr_line' id='line_1_107' title="bbox 2149 3661 3730 3733; baseline 0 -13"><span class='ocrx_word' id='word_1_741' title='bbox 2149 3675 2458 3732; x_wconf 88' lang='lat' dir='ltr'><strong>autumare,</strong></span> <span class='ocrx_word' id='word_1_742' title='bbox 2488 3665 2599 3719; x_wconf 91' lang='lat' dir='ltr'><strong>acsi</strong></span> <span class='ocrx_word' id='word_1_743' title='bbox 2644 3675 2701 3719; x_wconf 88' lang='lat' dir='ltr'><strong>et</strong></span> <span class='ocrx_word' id='word_1_744' title='bbox 2745 3663 2834 3718; x_wconf 85' lang='lat' dir='ltr'><strong>illa</strong></span> <span class='ocrx_word' id='word_1_745' title='bbox 2865 3661 3363 3733; x_wconf 80' lang='lat' dir='ltr'><strong>JustinianOpoleos</strong></span> <span class='ocrx_word' id='word_1_746' title='bbox 3404 3680 3597 3720; x_wconf 87' lang='lat' dir='ltr'><strong>nomen</strong></span> <span class='ocrx_word' id='word_1_747' title='bbox 3643 3667 3730 3720; x_wconf 87' lang='lat' dir='ltr'><strong>iu-</strong></span> 
     </span>
    </p>
   </div>
   <div class='ocr_carea' id='block_1_108' title="bbox 2149 3746 3732 3816">
    <p class='ocr_par' dir='ltr' id='par_1_108' title="bbox 2149 3746 3732 3816">
     <span class='ocr_line' id='line_1_108' title="bbox 2149 3746 3732 3816; baseline -0.001 -11"><span class='ocrx_word' id='word_1_748' title='bbox 2149 3748 2375 3805; x_wconf 87' lang='lat' dir='ltr'><strong>duisset.</strong></span> <span class='ocrx_word' id='word_1_749' title='bbox 2406 3748 2476 3802; x_wconf 84' lang='lat' dir='ltr'><strong>At</strong></span> <span class='ocrx_word' id='word_1_750' title='bbox 2501 3762 2563 3803; x_wconf 88' lang='lat' dir='ltr'><strong>ea</strong></span> <span class='ocrx_word' id='word_1_751' title='bbox 2591 3755 2646 3803; x_wconf 89' lang='lat' dir='ltr'><strong>et</strong></span> <span class='ocrx_word' id='word_1_752' title='bbox 2673 3747 2740 3802; x_wconf 92' lang='lat' dir='ltr'><strong>ab</strong></span> <span class='ocrx_word' id='word_1_753' title='bbox 2767 3746 2871 3801; x_wconf 88' lang='lat' dir='ltr'><strong>hac</strong></span> <span class='ocrx_word' id='word_1_754' title='bbox 2898 3747 3174 3816; x_wconf 86' lang='lat' dir='ltr'><strong>provincia</strong></span> <span class='ocrx_word' id='word_1_755' title='bbox 3199 3748 3382 3813; x_wconf 81' lang='lat' dir='ltr'><strong>distat,</strong></span> <span class='ocrx_word' id='word_1_756' title='bbox 3409 3755 3464 3802; x_wconf 92' lang='lat' dir='ltr'><strong>et</strong></span> <span class='ocrx_word' id='word_1_757' title='bbox 3494 3749 3546 3803; x_wconf 94' lang='lat' dir='ltr'><strong>in</strong></span> <span class='ocrx_word' id='word_1_758' title='bbox 3573 3748 3732 3803; x_wconf 84' lang='lat' dir='ltr'><strong>Pant-</strong></span> 
     </span>
    </p>
   </div>
   <div class='ocr_carea' id='block_1_109' title="bbox 2147 3830 3727 3903">
    <p class='ocr_par' dir='ltr' id='par_1_109' title="bbox 2147 3830 3727 3903">
     <span class='ocr_line' id='line_1_109' title="bbox 2147 3830 3727 3903; baseline 0.004 -19"><span class='ocrx_word' id='word_1_759' title='bbox 2147 3831 2328 3903; x_wconf 83' lang='lat' dir='ltr'><strong>phylia</strong></span> <span class='ocrx_word' id='word_1_760' title='bbox 2361 3830 2597 3887; x_wconf 85' lang='lat' dir='ltr'><strong>fortasse</strong></span> <span class='ocrx_word' id='word_1_761' title='bbox 2625 3831 2945 3900; x_wconf 86' lang='lat' dir='ltr'><strong>reperietur.</strong></span> <span class='ocrx_word' id='word_1_762' title='bbox 2982 3830 3244 3900; x_wconf 86' lang='lat' dir='ltr'><strong>Equidem</strong></span> <span class='ocrx_word' id='word_1_763' title='bbox 3275 3832 3582 3903; x_wconf 89' lang='lat' dir='ltr'><strong>suspicatus</strong></span> <span class='ocrx_word' id='word_1_764' title='bbox 3605 3849 3727 3889; x_wconf 90' lang='lat' dir='ltr'><strong>sum</strong></span> 
     </span>
    </p>
   </div>
   <div class='ocr_carea' id='block_1_110' title="bbox 2148 3914 3727 3991">
    <p class='ocr_par' dir='ltr' id='par_1_110' title="bbox 2148 3914 3727 3991">
     <span class='ocr_line' id='line_1_110' title="bbox 2148 3914 3727 3991; baseline 0.001 -19"><span class='ocrx_word' id='word_1_765' title='bbox 2148 3915 2421 3991; x_wconf 78' lang='lat' dir='ltr'><strong>Corinnam</strong></span> <span class='ocrx_word' id='word_1_766' title='bbox 2464 3916 2578 3972; x_wconf 87' lang='lat' dir='ltr'><strong>sive</strong></span> <span class='ocrx_word' id='word_1_767' title='bbox 2605 3914 2824 3971; x_wconf 89' lang='lat' dir='ltr'><strong>Conana</strong></span> <span class='ocrx_word' id='word_1_768' title='bbox 2854 3914 3143 3969; x_wconf 85' lang='lat' dir='ltr'><strong>Justiniani</strong></span> <span class='ocrx_word' id='word_1_769' title='bbox 3173 3931 3367 3970; x_wconf 90' lang='lat' dir='ltr'><strong>nomen</strong></span> <span class='ocrx_word' id='word_1_770' title='bbox 3401 3919 3682 3987; x_wconf 77' lang='lat' dir='ltr'><strong>accepisse</strong></span> <span class='ocrx_word' id='word_1_771' title='bbox 3711 3937 3727 3974; x_wconf 88' lang='lat'><strong>:</strong></span> 
     </span>
    </p>
   </div>
   <div class='ocr_carea' id='block_1_111' title="bbox 2115 3996 3720 4068">
    <p class='ocr_par' dir='ltr' id='par_1_111' title="bbox 2115 3996 3720 4068">
     <span class='ocr_line' id='line_1_111' title="bbox 2115 3996 3720 4068; baseline 0.001 -13"><span class='ocrx_word' id='word_1_772' title='bbox 2115 4014 2368 4055; x_wconf 59' lang='lat' dir='ltr'><strong>\causam</strong></span> <span class='ocrx_word' id='word_1_773' title='bbox 2403 3999 2597 4063; x_wconf 89' lang='lat' dir='ltr'><strong>habeo,</strong></span> <span class='ocrx_word' id='word_1_774' title='bbox 2644 3999 2788 4068; x_wconf 91' lang='lat' dir='ltr'><strong>quod</strong></span> <span class='ocrx_word' id='word_1_775' title='bbox 2831 3996 3158 4052; x_wconf 82' lang='lat' dir='ltr'><strong>Notitiarum</strong></span> <span class='ocrx_word' id='word_1_776' title='bbox 3191 4015 3295 4053; x_wconf 86' lang='lat' dir='ltr'><strong>una</strong></span> <span class='ocrx_word' id='word_1_777' title='bbox 3327 3998 3519 4056; x_wconf 86' lang='lat' dir='ltr'><strong>Jacobi</strong></span> <span class='ocrx_word' id='word_1_778' title='bbox 3575 4001 3720 4056; x_wconf 87' lang='lat' dir='ltr'><strong>Goar</strong></span> 
     </span>
    </p>
   </div>
   <div class='ocr_carea' id='block_1_112' title="bbox 2145 4081 3722 4154">
    <p class='ocr_par' dir='ltr' id='par_1_112' title="bbox 2145 4081 3722 4154">
     <span class='ocr_line' id='line_1_112' title="bbox 2145 4081 3722 4154; baseline 0.001 -14"><span class='ocrx_word' id='word_1_779' title='bbox 2145 4083 2626 4154; x_wconf 89' lang='lat' dir='ltr'><strong>Justinianopolim</strong></span> <span class='ocrx_word' id='word_1_780' title='bbox 2662 4085 2808 4138; x_wconf 89' lang='lat' dir='ltr'><strong>inter</strong></span> <span class='ocrx_word' id='word_1_781' title='bbox 2851 4081 3178 4138; x_wconf 88' lang='lat' dir='ltr'><strong>Timandum</strong></span> <span class='ocrx_word' id='word_1_782' title='bbox 3218 4094 3275 4139; x_wconf 91' lang='lat' dir='ltr'><strong>et</strong></span> <span class='ocrx_word' id='word_1_783' title='bbox 3320 4084 3519 4140; x_wconf 85' lang='lat' dir='ltr'><strong>Malum</strong></span> <span class='ocrx_word' id='word_1_784' title='bbox 3555 4086 3722 4142; x_wconf 86' lang='lat' dir='ltr'><strong>inter-</strong></span> 
     </span>
    </p>
   </div>
   <div class='ocr_carea' id='block_1_113' title="bbox 2147 4165 3724 4239">
    <p class='ocr_par' dir='ltr' id='par_1_113' title="bbox 2147 4165 3724 4239">
     <span class='ocr_line' id='line_1_113' title="bbox 2147 4165 3724 4239; baseline -0.003 -13"><span class='ocrx_word' id='word_1_785' title='bbox 2147 4179 2391 4238; x_wconf 89' lang='lat' dir='ltr'><strong>ponant,</strong></span> <span class='ocrx_word' id='word_1_786' title='bbox 2441 4168 2666 4236; x_wconf 80' lang='lat' dir='ltr'><strong>reliqua:</strong></span> <span class='ocrx_word' id='word_1_787' title='bbox 2710 4182 2878 4232; x_wconf 83' lang='lat' dir='ltr'><strong>vero,</strong></span> <span class='ocrx_word' id='word_1_788' title='bbox 2932 4165 3388 4234; x_wconf 64' lang='lat' dir='ltr'><strong>Justianianorioli</strong></span> <span class='ocrx_word' id='word_1_789' title='bbox 3441 4169 3724 4239; x_wconf 82' lang='lat' dir='ltr'><strong>neglecta.</strong></span> 
     </span>
    </p>
   </div>
   <div class='ocr_carea' id='block_1_114' title="bbox 2145 4249 3730 4323">
    <p class='ocr_par' dir='ltr' id='par_1_114' title="bbox 2145 4249 3730 4323">
     <span class='ocr_line' id='line_1_114' title="bbox 2145 4249 3730 4323; baseline -0.001 -14"><span class='ocrx_word' id='word_1_790' title='bbox 2145 4253 2446 4309; x_wconf 90' lang='lat' dir='ltr'><strong>Conanam.</strong></span> <span class='ocrx_word' id='word_1_791' title='bbox 2503 4249 2634 4316; x_wconf 78' lang='lat' dir='ltr'><strong>Qua:</strong></span> <span class='ocrx_word' id='word_1_792' title='bbox 2684 4259 2864 4305; x_wconf 88' lang='lat' dir='ltr'><strong>tamen</strong></span> <span class='ocrx_word' id='word_1_793' title='bbox 2931 4265 3078 4306; x_wconf 89' lang='lat' dir='ltr'><strong>mera</strong></span> <span class='ocrx_word' id='word_1_794' title='bbox 3130 4252 3373 4323; x_wconf 83' lang='lat' dir='ltr'><strong>suspicio</strong></span> <span class='ocrx_word' id='word_1_795' title='bbox 3417 4261 3502 4308; x_wconf 91' lang='lat' dir='ltr'><strong>est</strong></span> <span class='ocrx_word' id='word_1_796' title='bbox 3551 4268 3730 4323; x_wconf 90' lang='lat' dir='ltr'><strong>neque</strong></span> 
     </span>
    </p>
   </div>
   <div class='ocr_carea' id='block_1_115' title="bbox 2145 4335 2664 4392">
    <p class='ocr_par' dir='ltr' id='par_1_115' title="bbox 2145 4335 2664 4392">
     <span class='ocr_line' id='line_1_115' title="bbox 2145 4335 2664 4392; baseline -0.002 -1"><span class='ocrx_word' id='word_1_797' title='bbox 2145 4337 2442 4392; x_wconf 85' lang='lat' dir='ltr'><strong>admodum</strong></span> <span class='ocrx_word' id='word_1_798' title='bbox 2486 4335 2664 4390; x_wconf 85' lang='lat' dir='ltr'><strong>firma.</strong></span> 
     </span>
    </p>
   </div>
   <div class='ocr_carea' id='block_1_116' title="bbox 2218 4415 3730 4487">
    <p class='ocr_par' dir='ltr' id='par_1_116' title="bbox 2218 4415 3730 4487">
     <span class='ocr_line' id='line_1_116' title="bbox 2218 4415 3730 4487; baseline 0 -12"><span class='ocrx_word' id='word_1_799' title='bbox 2218 4420 2353 4475; x_wconf 92' lang='lat' dir='ltr'><strong>Ibid.</strong></span> <span class='ocrx_word' id='word_1_800' title='bbox 2416 4417 2687 4484; x_wconf 72' lang='grc' dir='ltr'>Μάλλος.</span> <span class='ocrx_word' id='word_1_801' title='bbox 2738 4415 2988 4487; x_wconf 82' lang='lat' dir='ltr'><strong>Reliquis</strong></span> <span class='ocrx_word' id='word_1_802' title='bbox 3038 4417 3256 4473; x_wconf 85' lang='lat' dir='ltr'><strong>Notitiis</strong></span> <span class='ocrx_word' id='word_1_803' title='bbox 3302 4419 3522 4483; x_wconf 75' lang='grc' dir='ltr'>Μάλοςε</span> <span class='ocrx_word' id='word_1_804' title='bbox 3581 4421 3730 4475; x_wconf 88' lang='lat' dir='ltr'><strong>unde</strong></span> 
     </span>
    </p>
   </div>
   <div class='ocr_carea' id='block_1_117' title="bbox 2145 4499 3726 4572">
    <p class='ocr_par' dir='ltr' id='par_1_117' title="bbox 2145 4499 3726 4572">
     <span class='ocr_line' id='line_1_117' title="bbox 2145 4499 3726 4572; baseline -0.001 -14"><span class='ocrx_word' id='word_1_805' title='bbox 2145 4503 2418 4571; x_wconf 79' lang='grc' dir='ltr'>Μαληνῶν</span> <span class='ocrx_word' id='word_1_806' title='bbox 2445 4502 2732 4571; x_wconf 84' lang='lat' dir='ltr'><strong>episcOpus</strong></span> <span class='ocrx_word' id='word_1_807' title='bbox 2768 4500 2819 4554; x_wconf 89' lang='lat' dir='ltr'><strong>itt</strong></span> <span class='ocrx_word' id='word_1_808' title='bbox 2853 4499 2981 4553; x_wconf 88' lang='lat' dir='ltr'><strong>Jure</strong></span> <span class='ocrx_word' id='word_1_809' title='bbox 3011 4500 3200 4556; x_wconf 62' lang='lat' dir='ltr'><strong>Gnaeo</strong></span> <span class='ocrx_word' id='word_1_810' title='bbox 3225 4502 3491 4570; x_wconf 82' lang='lat' dir='ltr'><strong>Romano,</strong></span> <span class='ocrx_word' id='word_1_811' title='bbox 3517 4519 3568 4572; x_wconf 79' lang='grc' dir='ltr'>ιι.</span> <span class='ocrx_word' id='word_1_812' title='bbox 3596 4506 3726 4570; x_wconf 78' lang='grc'><strong>190,</strong></span> 
     </span>
    </p>
   </div>
   <div class='ocr_carea' id='block_1_118' title="bbox 2144 4581 3728 4655">
    <p class='ocr_par' dir='ltr' id='par_1_118' title="bbox 2144 4581 3728 4655">
     <span class='ocr_line' id='line_1_118' title="bbox 2144 4581 3728 4655; baseline -0.001 -14"><span class='ocrx_word' id='word_1_813' title='bbox 2144 4596 2198 4641; x_wconf 89' lang='lat' dir='ltr'><strong>et</strong></span> <span class='ocrx_word' id='word_1_814' title='bbox 2232 4587 2515 4640; x_wconf 82' lang='lat' dir='ltr'><strong>Constant.</strong></span> <span class='ocrx_word' id='word_1_815' title='bbox 2565 4581 2771 4648; x_wconf 83' lang='lat' dir='ltr'><strong>&#39;l‘ertio,</strong></span> <span class='ocrx_word' id='word_1_816' title='bbox 2822 4597 2874 4652; x_wconf 92' lang='lat' dir='ltr'><strong>p.</strong></span> <span class='ocrx_word' id='word_1_817' title='bbox 2915 4581 3017 4638; x_wconf 88' lang='lat'><strong>676</strong></span> <span class='ocrx_word' id='word_1_818' title='bbox 3057 4582 3334 4638; x_wconf 89' lang='lat' dir='ltr'><strong>Sisinnins</strong></span> <span class='ocrx_word' id='word_1_819' title='bbox 3366 4585 3468 4655; x_wconf 79' lang='grc' dir='ltr'><strong>τῆς</strong></span> <span class='ocrx_word' id='word_1_820' title='bbox 3542 4587 3728 4640; x_wconf 82' lang='grc' dir='ltr'>Μανο·</span> 
     </span>
    </p>
   </div>
   <div class='ocr_carea' id='block_1_119' title="bbox 2144 4664 3725 4737">
    <p class='ocr_par' dir='ltr' id='par_1_119' title="bbox 2144 4664 3725 4737">
     <span class='ocr_line' id='line_1_119' title="bbox 2144 4664 3725 4737; baseline 0.002 -15"><span class='ocrx_word' id='word_1_821' title='bbox 2144 4669 2352 4730; x_wconf 85' lang='grc' dir='ltr'>πόλεως</span> <span class='ocrx_word' id='word_1_822' title='bbox 2403 4666 2505 4737; x_wconf 78' lang='grc' dir='ltr'><strong>τῆς</strong></span> <span class='ocrx_word' id='word_1_823' title='bbox 2559 4664 2818 4732; x_wconf 80' lang='grc' dir='ltr'>Πισιδῶν,</span> <span class='ocrx_word' id='word_1_824' title='bbox 2866 4669 2960 4720; x_wconf 88' lang='lat' dir='ltr'><strong>sed</strong></span> <span class='ocrx_word' id='word_1_825' title='bbox 3006 4667 3218 4722; x_wconf 85' lang='lat' dir='ltr'><strong>vitiose.</strong></span> <span class='ocrx_word' id='word_1_826' title='bbox 3261 4667 3397 4723; x_wconf 82' lang='lat' dir='ltr'><strong>Vide</strong></span> <span class='ocrx_word' id='word_1_827' title='bbox 3443 4667 3509 4722; x_wconf 87' lang='lat' dir='ltr'><strong>L.</strong></span> <span class='ocrx_word' id='word_1_828' title='bbox 3548 4669 3725 4725; x_wconf 87' lang='lat' dir='ltr'><strong>Ilolst.</strong></span> 
     </span>
    </p>
   </div>
   <div class='ocr_carea' id='block_1_120' title="bbox 2143 4751 3724 4824">
    <p class='ocr_par' dir='ltr' id='par_1_120' title="bbox 2143 4751 3724 4824">
     <span class='ocr_line' id='line_1_120' title="bbox 2143 4751 3724 4824; baseline -0.001 -15"><span class='ocrx_word' id='word_1_829' title='bbox 2143 4755 2198 4809; x_wconf 91' lang='lat' dir='ltr'><strong>in</strong></span> <span class='ocrx_word' id='word_1_830' title='bbox 2228 4752 2487 4822; x_wconf 86' lang='lat' dir='ltr'><strong>Stephan.</strong></span> <span class='ocrx_word' id='word_1_831' title='bbox 2517 4751 2758 4814; x_wconf 80' lang='grc' dir='ltr'>Μάλλος.</span> <span class='ocrx_word' id='word_1_832' title='bbox 2808 4761 2997 4805; x_wconf 86' lang='lat' dir='ltr'><strong>auctor</strong></span> <span class='ocrx_word' id='word_1_833' title='bbox 3030 4752 3250 4806; x_wconf 79' lang='lat' dir='ltr'><strong>Dissert.</strong></span> <span class='ocrx_word' id='word_1_834' title='bbox 3284 4755 3541 4824; x_wconf 74' lang='lat' dir='ltr'><strong>Choragr.</strong></span> <span class='ocrx_word' id='word_1_835' title='bbox 3591 4754 3724 4808; x_wconf 83' lang='lat' dir='ltr'><strong>Ital.</strong></span> 
     </span>
    </p>
   </div>
   <div class='ocr_carea' id='block_1_121' title="bbox 2143 4833 3723 4904">
    <p class='ocr_par' dir='ltr' id='par_1_121' title="bbox 2143 4833 3723 4904">
     <span class='ocr_line' id='line_1_121' title="bbox 2143 4833 3723 4904; baseline 0.001 -14"><span class='ocrx_word' id='word_1_836' title='bbox 2143 4851 2264 4890; x_wconf 93' lang='lat' dir='ltr'><strong>cum</strong></span> <span class='ocrx_word' id='word_1_837' title='bbox 2297 4835 2457 4904; x_wconf 89' lang='lat' dir='ltr'><strong>hujus</strong></span> <span class='ocrx_word' id='word_1_838' title='bbox 2502 4833 2624 4888; x_wconf 82' lang='lat' dir='ltr'><strong>lilali</strong></span> <span class='ocrx_word' id='word_1_839' title='bbox 2670 4833 2978 4895; x_wconf 87' lang='lat' dir='ltr'><strong>occasione,</strong></span> <span class='ocrx_word' id='word_1_840' title='bbox 3011 4849 3062 4903; x_wconf 91' lang='lat' dir='ltr'><strong>p.</strong></span> <span class='ocrx_word' id='word_1_841' title='bbox 3091 4833 3160 4886; x_wconf 67' lang='lat'><strong>27</strong></span> <span class='ocrx_word' id='word_1_842' title='bbox 3202 4847 3486 4890; x_wconf 86' lang='lat' dir='ltr'><strong>asseverat</strong></span> <span class='ocrx_word' id='word_1_843' title='bbox 3519 4837 3723 4891; x_wconf 87' lang='lat' dir='ltr'><strong>nullam</strong></span> 
     </span>
    </p>
   </div>
   <div class='ocr_carea' id='block_1_122' title="bbox 2145 4915 3724 4974">
    <p class='ocr_par' dir='ltr' id='par_1_122' title="bbox 2145 4915 3724 4974">
     <span class='ocr_line' id='line_1_122' title="bbox 2145 4915 3724 4974; baseline 0.001 -1"><span class='ocrx_word' id='word_1_844' title='bbox 2145 4919 2362 4973; x_wconf 84' lang='lat' dir='ltr'><strong>Mallum</strong></span> <span class='ocrx_word' id='word_1_845' title='bbox 2429 4920 2480 4970; x_wconf 90' lang='lat' dir='ltr'><strong>in</strong></span> <span class='ocrx_word' id='word_1_846' title='bbox 2539 4917 2752 4972; x_wconf 91' lang='lat' dir='ltr'><strong>duabus</strong></span> <span class='ocrx_word' id='word_1_847' title='bbox 2799 4915 3010 4971; x_wconf 89' lang='lat' dir='ltr'><strong>Ciliciis</strong></span> <span class='ocrx_word' id='word_1_848' title='bbox 3073 4916 3378 4973; x_wconf 72' lang='lat' dir='ltr'><strong>Hieroclem</strong></span> <span class='ocrx_word' id='word_1_849' title='bbox 3437 4920 3724 4974; x_wconf 84' lang='lat' dir='ltr'><strong>adnotare.</strong></span> 
     </span>
    </p>
   </div>
   <div class='ocr_carea' id='block_1_123' title="bbox 2145 5001 3724 5071">
    <p class='ocr_par' dir='ltr' id='par_1_123' title="bbox 2145 5001 3724 5071">
     <span class='ocr_line' id='line_1_123' title="bbox 2145 5001 3724 5071; baseline -0.001 -12"><span class='ocrx_word' id='word_1_850' title='bbox 2145 5003 2295 5059; x_wconf 89' lang='lat' dir='ltr'><strong>lland</strong></span> <span class='ocrx_word' id='word_1_851' title='bbox 2332 5016 2465 5057; x_wconf 89' lang='lat' dir='ltr'><strong>sane</strong></span> <span class='ocrx_word' id='word_1_852' title='bbox 2499 5003 2728 5056; x_wconf 85' lang='lat' dir='ltr'><strong>advertit</strong></span> <span class='ocrx_word' id='word_1_853' title='bbox 2755 5001 2976 5071; x_wconf 77' lang='grc' dir='ltr'>Μάλχος</span> <span class='ocrx_word' id='word_1_854' title='bbox 3007 5001 3214 5056; x_wconf 75' lang='lat' dir='ltr'><strong>Cilicia:</strong></span> <span class='ocrx_word' id='word_1_855' title='bbox 3248 5002 3438 5071; x_wconf 75' lang='lat' dir='ltr'><strong>prima:</strong></span> <span class='ocrx_word' id='word_1_856' title='bbox 3466 5003 3724 5060; x_wconf 84' lang='lat' dir='ltr'><strong>vitiosum</strong></span> 
     </span>
    </p>
   </div>
   <div class='ocr_carea' id='block_1_124' title="bbox 2142 5083 3044 5143">
    <p class='ocr_par' dir='ltr' id='par_1_124' title="bbox 2142 5083 3044 5143">
     <span class='ocr_line' id='line_1_124' title="bbox 2142 5083 3044 5143; baseline -0.006 0"><span class='ocrx_word' id='word_1_857' title='bbox 2142 5104 2266 5143; x_wconf 85' lang='lat' dir='ltr'><strong>esse</strong></span> <span class='ocrx_word' id='word_1_858' title='bbox 2303 5095 2356 5140; x_wconf 85' lang='lat' dir='ltr'><strong>et</strong></span> <span class='ocrx_word' id='word_1_859' title='bbox 2389 5085 2609 5139; x_wconf 85' lang='lat' dir='ltr'><strong>Mallum</strong></span> <span class='ocrx_word' id='word_1_860' title='bbox 2643 5084 2798 5138; x_wconf 89' lang='lat' dir='ltr'><strong>nobis</strong></span> <span class='ocrx_word' id='word_1_861' title='bbox 2827 5083 3044 5138; x_wconf 71' lang='lat' dir='ltr'><strong>offerre.</strong></span> 
     </span>
    </p>
   </div>
   <div class='ocr_carea' id='block_1_125' title="bbox 2212 5169 3724 5233">
    <p class='ocr_par' dir='ltr' id='par_1_125' title="bbox 2212 5169 3724 5233">
     <span class='ocr_line' id='line_1_125' title="bbox 2212 5169 3724 5233; baseline 0.001 -9"><span class='ocrx_word' id='word_1_862' title='bbox 2212 5172 2348 5226; x_wconf 89' lang='lat' dir='ltr'><strong>Ibid.</strong></span> <span class='ocrx_word' id='word_1_863' title='bbox 2382 5169 2616 5223; x_wconf 82' lang='grc' dir='ltr'>Ὀδάδα.</span> <span class='ocrx_word' id='word_1_864' title='bbox 2645 5169 2757 5224; x_wconf 85' lang='grc' dir='ltr'>Ιιιιο</span> <span class='ocrx_word' id='word_1_865' title='bbox 2803 5169 3018 5233; x_wconf 78' lang='grc' dir='ltr'>’Λδάδα,</span> <span class='ocrx_word' id='word_1_866' title='bbox 3059 5179 3116 5223; x_wconf 89' lang='lat' dir='ltr'><strong>ttt</strong></span> <span class='ocrx_word' id='word_1_867' title='bbox 3142 5185 3247 5224; x_wconf 89' lang='lat' dir='ltr'><strong>ms.</strong></span> <span class='ocrx_word' id='word_1_868' title='bbox 3283 5171 3563 5225; x_wconf 83' lang='lat' dir='ltr'><strong>Palatinus</strong></span> <span class='ocrx_word' id='word_1_869' title='bbox 3597 5171 3724 5227; x_wconf 87' lang='lat' dir='ltr'><strong>Pto-</strong></span> 
     </span>
    </p>
   </div>
   <div class='ocr_carea' id='block_1_126' title="bbox 2141 5255 3724 5324">
    <p class='ocr_par' dir='ltr' id='par_1_126' title="bbox 2141 5255 3724 5324">
     <span class='ocr_line' id='line_1_126' title="bbox 2141 5255 3724 5324; baseline -0.001 -14"><span class='ocrx_word' id='word_1_870' title='bbox 2141 5256 2335 5311; x_wconf 67' lang='lat' dir='ltr'><strong>letnwi.</strong></span> <span class='ocrx_word' id='word_1_871' title='bbox 2369 5255 2610 5309; x_wconf 86' lang='lat' dir='ltr'><strong>Joannes</strong></span> <span class='ocrx_word' id='word_1_872' title='bbox 2631 5255 2917 5322; x_wconf 86' lang='lat' dir='ltr'><strong>episcopus</strong></span> <span class='ocrx_word' id='word_1_873' title='bbox 2946 5255 3045 5321; x_wconf 80' lang='grc' dir='ltr'><strong>τῆς</strong></span> <span class='ocrx_word' id='word_1_874' title='bbox 3077 5255 3345 5308; x_wconf 74' lang='grc' dir='ltr'>Ἀδαδέων</span> <span class='ocrx_word' id='word_1_875' title='bbox 3376 5255 3583 5318; x_wconf 80' lang='grc' dir='ltr'>πόλεως</span> <span class='ocrx_word' id='word_1_876' title='bbox 3621 5259 3724 5324; x_wconf 79' lang='grc' dir='ltr'><strong>τῆς</strong></span> 
     </span>
    </p>
   </div>
   <div class='ocr_carea' id='block_1_127' title="bbox 2141 5336 3725 5408">
    <p class='ocr_par' dir='ltr' id='par_1_127' title="bbox 2141 5336 3725 5408">
     <span class='ocr_line' id='line_1_127' title="bbox 2141 5336 3725 5408; baseline 0 -16"><span class='ocrx_word' id='word_1_877' title='bbox 2141 5340 2378 5392; x_wconf 76' lang='grc' dir='ltr'>Πισιδῶν</span> <span class='ocrx_word' id='word_1_878' title='bbox 2415 5336 2688 5408; x_wconf 81' lang='grc' dir='ltr'>ἐπαρχίας</span> <span class='ocrx_word' id='word_1_879' title='bbox 2722 5337 2954 5391; x_wconf 89' lang='lat' dir='ltr'><strong>concilio</strong></span> <span class='ocrx_word' id='word_1_880' title='bbox 2984 5336 3276 5394; x_wconf 88' lang='lat' dir='ltr'><strong>Constant.</strong></span> <span class='ocrx_word' id='word_1_881' title='bbox 3314 5340 3495 5404; x_wconf 89' lang='lat' dir='ltr'><strong>tertio,</strong></span> <span class='ocrx_word' id='word_1_882' title='bbox 3531 5355 3582 5407; x_wconf 90' lang='lat' dir='ltr'><strong>p.</strong></span> <span class='ocrx_word' id='word_1_883' title='bbox 3614 5341 3725 5392; x_wconf 79' lang='lat'><strong>676</strong></span> 
     </span>
    </p>
   </div>
   <div class='ocr_carea' id='block_1_128' title="bbox 2141 5420 3740 5491">
    <p class='ocr_par' dir='ltr' id='par_1_128' title="bbox 2141 5420 3740 5491">
     <span class='ocr_line' id='line_1_128' title="bbox 2141 5420 3740 5491; baseline -0.001 -14"><span class='ocrx_word' id='word_1_884' title='bbox 2141 5425 2332 5478; x_wconf 87' lang='lat' dir='ltr'><strong>adfuit.</strong></span> <span class='ocrx_word' id='word_1_885' title='bbox 2369 5420 2747 5477; x_wconf 80' lang='lat' dir='ltr'><strong>Artemidorus</strong></span> <span class='ocrx_word' id='word_1_886' title='bbox 2776 5422 2916 5489; x_wconf 89' lang='lat' dir='ltr'><strong>apud</strong></span> <span class='ocrx_word' id='word_1_887' title='bbox 2943 5421 3266 5476; x_wconf 82' lang='lat' dir='ltr'><strong>Strabonem</strong></span> <span class='ocrx_word' id='word_1_888' title='bbox 3305 5439 3463 5491; x_wconf 77' lang='lat' dir='ltr'><strong>Xll.p.</strong></span> <span class='ocrx_word' id='word_1_889' title='bbox 3497 5422 3603 5477; x_wconf 81' lang='lat'><strong>570</strong></span> <span class='ocrx_word' id='word_1_890' title='bbox 3637 5426 3740 5476; x_wconf 78' lang='lat' dir='ltr'><strong>in-&#39;</strong></span> 
     </span>
    </p>
   </div>
   <div class='ocr_carea' id='block_1_129' title="bbox 2143 5505 3724 5577">
    <p class='ocr_par' dir='ltr' id='par_1_129' title="bbox 2143 5505 3724 5577">
     <span class='ocr_line' id='line_1_129' title="bbox 2143 5505 3724 5577; baseline 0.001 -17"><span class='ocrx_word' id='word_1_891' title='bbox 2143 5506 2453 5561; x_wconf 56' lang='lat' dir='ltr'><strong>terl”isidiae</strong></span> <span class='ocrx_word' id='word_1_892' title='bbox 2487 5507 2648 5560; x_wconf 88' lang='lat' dir='ltr'><strong>urbes</strong></span> <span class='ocrx_word' id='word_1_893' title='bbox 2681 5505 2980 5572; x_wconf 74' lang='grc' dir='ltr'><strong>Ἀδαδάτην</strong></span> <span class='ocrx_word' id='word_1_894' title='bbox 3002 5505 3228 5575; x_wconf 83' lang='grc' dir='ltr'>Βριάδα,</span> <span class='ocrx_word' id='word_1_895' title='bbox 3264 5521 3362 5575; x_wconf 90' lang='lat' dir='ltr'><strong>pro</strong></span> <span class='ocrx_word' id='word_1_896' title='bbox 3404 5505 3599 5559; x_wconf 76' lang='grc' dir='ltr'>Ἀὁάδα</span> <span class='ocrx_word' id='word_1_897' title='bbox 3619 5506 3724 5577; x_wconf 73' lang='grc' dir='ltr'><strong>τὴν</strong></span> 
     </span>
    </p>
   </div>
   <div class='ocr_carea' id='block_1_130' title="bbox 2139 5587 3450 5661">
    <p class='ocr_par' dir='ltr' id='par_1_130' title="bbox 2139 5587 3450 5661">
     <span class='ocr_line' id='line_1_130' title="bbox 2139 5587 3450 5661; baseline 0 -19"><span class='ocrx_word' id='word_1_898' title='bbox 2139 5589 2366 5661; x_wconf 71' lang='grc' dir='ltr'>Βριάδα,</span> <span class='ocrx_word' id='word_1_899' title='bbox 2396 5603 2491 5643; x_wconf 91' lang='lat' dir='ltr'><strong>seu</strong></span> <span class='ocrx_word' id='word_1_900' title='bbox 2532 5588 2844 5658; x_wconf 72' lang='grc' dir='ltr'>Τιμϐριάδα</span> <span class='ocrx_word' id='word_1_901' title='bbox 2871 5587 3070 5657; x_wconf 89' lang='lat' dir='ltr'><strong>potius,</strong></span> <span class='ocrx_word' id='word_1_902' title='bbox 3103 5597 3450 5643; x_wconf 85' lang='lat' dir='ltr'><strong>annumerat.</strong></span> 
     </span>
    </p>
   </div>
   <div class='ocr_carea' id='block_1_131' title="bbox 2210 5671 3720 5743">
    <p class='ocr_par' dir='ltr' id='par_1_131' title="bbox 2210 5671 3720 5743">
     <span class='ocr_line' id='line_1_131' title="bbox 2210 5671 3720 5743; baseline 0.003 -16"><span class='ocrx_word' id='word_1_903' title='bbox 2210 5674 2460 5729; x_wconf 74' lang='lat' dir='ltr'><strong>lb.id.50.</strong></span> <span class='ocrx_word' id='word_1_904' title='bbox 2495 5671 2764 5741; x_wconf 76' lang='grc' dir='ltr'>Ζόρζὶλα.</span> <span class='ocrx_word' id='word_1_905' title='bbox 2828 5672 2888 5723; x_wconf 91' lang='lat' dir='ltr'><strong>&#39;O</strong></span> <span class='ocrx_word' id='word_1_906' title='bbox 2941 5671 3239 5743; x_wconf 75' lang='grc' dir='ltr'>Ζαρζήλων</span> <span class='ocrx_word' id='word_1_907' title='bbox 3291 5683 3612 5729; x_wconf 86' lang='lat' dir='ltr'><strong>constanter</strong></span> <span class='ocrx_word' id='word_1_908' title='bbox 3665 5675 3720 5731; x_wconf 87' lang='lat' dir='ltr'><strong>itt</strong></span> 
     </span>
    </p>
   </div>
   <div class='ocr_carea' id='block_1_132' title="bbox 2142 5757 3724 5829">
    <p class='ocr_par' dir='ltr' id='par_1_132' title="bbox 2142 5757 3724 5829">
     <span class='ocr_line' id='line_1_132' title="bbox 2142 5757 3724 5829; baseline 0 -15"><span class='ocrx_word' id='word_1_909' title='bbox 2142 5761 2363 5815; x_wconf 76' lang='lat' dir='ltr'><strong>A&#39;otitiis</strong></span> <span class='ocrx_word' id='word_1_910' title='bbox 2394 5758 2510 5814; x_wconf 85' lang='lat' dir='ltr'><strong>Jac.</strong></span> <span class='ocrx_word' id='word_1_911' title='bbox 2546 5757 2726 5824; x_wconf 87' lang='lat' dir='ltr'><strong>Goar,</strong></span> <span class='ocrx_word' id='word_1_912' title='bbox 2756 5765 2810 5813; x_wconf 89' lang='lat' dir='ltr'><strong>et</strong></span> <span class='ocrx_word' id='word_1_913' title='bbox 2859 5772 2921 5812; x_wconf 89' lang='lat' dir='ltr'><strong>ea</strong></span> <span class='ocrx_word' id='word_1_914' title='bbox 2967 5773 3127 5827; x_wconf 84' lang='lat' dir='ltr'><strong>quam</strong></span> <span class='ocrx_word' id='word_1_915' title='bbox 3182 5758 3508 5829; x_wconf 78' lang='lat' dir='ltr'><strong>Bevercgius</strong></span> <span class='ocrx_word' id='word_1_916' title='bbox 3557 5759 3724 5815; x_wconf 82' lang='lat' dir='ltr'><strong>Com-</strong></span> 
     </span>
    </p>
   </div>
   <div class='ocr_carea' id='block_1_133' title="bbox 2139 5841 3771 5914">
    <p class='ocr_par' dir='ltr' id='par_1_133' title="bbox 2139 5841 3771 5914">
     <span class='ocr_line' id='line_1_133' title="bbox 2139 5841 3771 5914; baseline -0.01 -13"><span class='ocrx_word' id='word_1_917' title='bbox 2139 5852 2309 5903; x_wconf 88' lang='lat' dir='ltr'><strong>ment.</strong></span> <span class='ocrx_word' id='word_1_918' title='bbox 2340 5843 2391 5899; x_wconf 90' lang='lat' dir='ltr'><strong>in</strong></span> <span class='ocrx_word' id='word_1_919' title='bbox 2421 5842 2631 5898; x_wconf 81' lang='lat' dir='ltr'><strong>Canon.</strong></span> <span class='ocrx_word' id='word_1_920' title='bbox 2669 5841 2888 5898; x_wconf 89' lang='lat' dir='ltr'><strong>concilii</strong></span> <span class='ocrx_word' id='word_1_921' title='bbox 2913 5841 3179 5909; x_wconf 86' lang='lat' dir='ltr'><strong>Trullani,</strong></span> <span class='ocrx_word' id='word_1_922' title='bbox 3227 5856 3281 5912; x_wconf 86' lang='lat' dir='ltr'><strong>p.</strong></span> <span class='ocrx_word' id='word_1_923' title='bbox 3320 5842 3424 5900; x_wconf 74' lang='lat' dir='ltr'><strong>MO</strong></span> <span class='ocrx_word' id='word_1_924' title='bbox 3455 5841 3731 5914; x_wconf 54' lang='lat' dir='ltr'><strong>volgavit.:</strong></span> <span class='ocrx_word' id='word_1_925' title='bbox 3754 5882 3771 5906; x_wconf 32' lang='grc' dir='ltr'>ν,</span> 
     </span>
    </p>
   </div>
  </div>
