4170 6428
328 360 353 430 1
367 359 475 429 I25

332 481 554 538 Videtur
586 493 693 536 non
724 479 832 536 alia
879 494 942 538 ac
971 480 1223 555 Δύρζηλα
1256 485 1552 556 Ριοιοιιιωῑ,
1596 487 1635 540 Ζ
1665 495 1719 543 et
1750 488 1810 555 A,
1845 497 1904 542 ut

320 566 548 630 assolet,
573 565 919 632 pertnutatis.

389 649 508 704 Col.
537 648 656 703 148.
683 650 998 716 Τιτυσσός.
1023 647 1225 704 Sanum
1248 652 1349 707 hoc
1363 663 1464 720 est,
1487 655 1648 709 uicto
1669 653 1909 707 Τιτυασο

321 734 417 786 σοῦ
451 733 648 787 veteris
680 730 898 787 Notitize
938 734 1080 788 male
1123 733 1315 790 Petrus
1359 738 1659 792 Τοτιασσοῦ
1703 741 1758 793 in
1809 737 1907 792 Ni—

316 831 474 870 ezrno
495 817 756 878 Secundo,
791 832 845 886 ρ.
880 817 986 872 558
1015 828 1068 871 et
1096 818 1336 883 Τυασοῦ,
1373 835 1424 889 p.
1458 821 1546 883 55,
1582 837 1679 874 nec
1713 823 1906 875 melius

323 901 641 970 Stephanus
670 899 768 968 τῆς
800 901 1063 954 Τυασέων
1091 901 1299 966 πόλεως
1331 903 1428 972 τῆς
1475 904 1710 958 Πισιδῶν
1735 905 1908 974 ἐπαρ-

317 985 442 1052 χίας
481 981 903 1052 Consmntinop.
945 985 1129 1048 tertio,
1181 1000 1232 1052 p.
1268 985 1394 1040 676.
1422 1002 1705 1056 perperam
1741 989 1904 1042 etiam

319 1064 624 1128 Ηιτυασσὸς
656 1065 1005 1119 Artemidore
1033 1067 1175 1134 apud
1210 1067 1534 1121 Strabonem
1565 1085 1665 1130 xu,
1691 1084 1744 1139 p.
1776 1070 1903 1125 570.

387 1148 520 1202 Ibid.
583 1147 736 1200 ’Υπὸ
783 1148 1251 1218 κονσουλάριον.
1307 1151 1370 1204 Ει
1419 1152 1534 1205 lucc
1582 1152 1905 1221 przesidialis

313 1231 437 1295 fuit,
493 1230 568 1284 uti
618 1229 827 1283 Notitia
861 1231 988 1300 imp.
1042 1233 1249 1286 Orient.
1305 1247 1356 1286 c.
1389 1249 1404 1288 ι
1440 1243 1492 1288 et
1541 1231 1758 1290 Novella
1801 1251 1904 1291 xxv

309 1313 594 1366 docemur.
626 1311 876 1367 Meminit
909 1313 1126 1381 quidem
1159 1313 1482 1370 Theodorus
1514 1314 1813 1372 Iconieusis
1848 1318 1903 1373 in

308 1397 472 1465 epist.
501 1394 569 1450 de
601 1396 799 1467 Cyrieo
842 1405 896 1451 et
939 1395 1124 1451 Julitta
1159 1408 1290 1453 tom.
1335 1398 1404 1453 111
1435 1397 1569 1464 .Ιιι1.,
1608 1415 1660 1469 p.
1690 1399 1760 1454 26
1801 1399 1906 1456 Do-

311 1480 522 1533 mitiani
567 1480 786 1535 comitis
827 1478 1137 1551 Lycaoniae,
1171 1481 1412 1554 κόμητος
1451 1484 1779 1548 Λυκαονίας,
1809 1485 1900 1554 qui

310 1566 442 1617 mihi
469 1564 542 1618 rei
585 1563 837 1620 militaris
885 1579 980 1634 per
1015 1563 1340 1636 Lycaoniam
1383 1581 1569 1623 comes
1603 1567 1770 1624 fuisse
1818 1568 1901 1622 vi-

306 1648 472 1702 detur
504 1663 519 1700 :
552 1645 756 1702 Notitia
814 1661 936 1702 eum
984 1664 1090 1704 non
1142 1649 1347 1706 habet:
1381 1661 1434 1706 at
1478 1661 1674 1721 prazter
1715 1652 1897 1722 praesi-

306 1732 428 1782 dem
460 1731 512 1784 in
540 1731 820 1801 provincia
853 1733 943 1801 qui
975 1747 1084 1788 rem
1113 1733 1409 1789 militarem
1437 1744 1681 1800 curaret,
1711 1735 1898 1804 fuisse,

314 1812 540 1868 Nai-clla
601 1829 706 1868 xxv
762 1815 1016 1870 dubitare
1061 1826 1231 1873 vetat.
1273 1815 1612 1874 Jostinianus
1654 1817 1746 1873 uni
1796 1817 1900 1889 Ly-

306 1899 516 1953 monia!
552 1900 774 1969 praetori
805 1897 1149 1958 Iustinianeo
1192 1912 1248 1958 et
1283 1917 1394 1958 rem
1430 1903 1643 1959 civilem
1670 1913 1725 1959 et
1757 1904 1900 1959 mili-

307 1997 485 2038 tarem
529 1985 833 2042 mandavit.

381 2065 516 2122 Ibid.
567 2065 848 2122 Ἰκόνιον.
888 2067 1178 2140 Lycaoniae
1227 2068 1396 2126 fuisse
1444 2071 1768 2141 metropolin
1829 2088 1898 2130 ex

303 2149 672 2217 Chalcedon.,
715 2166 768 2220 p.
803 2151 909 2208 670
943 2162 1178 2210 constat.
1212 2153 1325 2209 Sita
1355 2165 1475 2210 erat
1510 2156 1563 2210 in
1591 2154 1895 2213 Pisidarum

303 2247 361 2287 ei
386 2232 659 2306 Phrygum
696 2237 918 2302 llnibus,
955 2252 1057 2292 nec
1091 2237 1317 2291 multum
1366 2239 1434 2292 ab
1479 2239 1722 2294 Orientis
1752 2239 1895 2295 dioe-

305 2319 420 2370 cesi
451 2334 632 2387 neque
680 2318 882 2373 Asiana
917 2319 1219 2388 disparata.
1254 2320 1490 2378 Basilius
1533 2321 1898 2378 Seleuciensis

317 2399 428 2455 Vit.
465 2398 522 2456 S.
551 2400 768 2456 Thecla:
795 2417 834 2467 I,
869 2416 920 2470 ι).
947 2397 1057 2455 252
1088 2419 1102 2458 :
1134 2403 1286 2466 πόλις
1309 2403 1366 2456 δὲ
1396 2402 1538 2475 αὕτη
1569 2404 1895 2474 Λυκαονίας,

305 2486 512 2554 inquit.
546 2483 646 2554 τῆς
681 2485 780 2556 μὲν
806 2484 976 2556 Ἕῴας
991 2485 1053 2538 οὐ
1072 2486 1207 2541 πολὺ
1227 2486 1528 2556 ἀπέχουσα,
1545 2491 1610 2558 τῇ
1628 2488 1683 2541 δὲ
1714 2489 1898 2542 ’Λσια-

303 2566 418 2618 νῶν
442 2567 647 2636 μᾶλλόν
672 2585 728 2622 τι
762 2567 1211 2639 προσορμίζουσα
1239 2611 1254 2636 ,
1281 2571 1378 2623 καὶ
1403 2568 1501 2642 τῆς
1534 2570 1770 2623 Πισιδῶν
1801 2571 1897 2624 καὶ

300 2652 537 2722 ⁴θρυγῶν
569 2651 757 2722 χώρας
785 2653 844 2706 ὲν
881 2652 1155 2724 προοιμίῳ
1197 2655 1454 2724 κειμένη.
1505 2654 1747 2709 Colonia:
1773 2670 1896 2708 eam

301 2736 621 2804 dignatione
646 2735 973 2788 illuminavit
1001 2736 1136 2806 Imp.
1167 2735 1468 2798 Gallienus.
1492 2736 1537 2790 si
1569 2737 1702 2790 Iides
1727 2737 1896 2790 raris-

305 2819 473 2883 sime,
525 2830 576 2872 et
630 2816 864 2873 fortasse
919 2820 972 2872 ia
1024 2820 1125 2874 hoc
1180 2833 1380 2890 genere
1430 2819 1591 2872 unico
1631 2819 1896 2874 Thesauri

312 2902 568 2956 Wihliani
605 2917 790 2966 mnno,
846 2901 1003 2972 cujus
1033 2903 1126 2956 uni
1161 2903 1370 2974 pagina:
1397 2901 1545 2956 IMP.
1573 2903 1635 2957 C.
1669 2902 1725 2956 P.
1759 2901 1894 2956 ιω.

305 2984 725 3041 GALLIENUS.
757 2984 818 3039 P.
854 2984 915 3039 F.
964 2986 1123 3040 alteri
1171 2983 1464 3041 ICONIEN.
1497 2984 1700 3041 COLO.
1732 2983 1790 3040 S.
1826 2983 1894 3040 Ιὶ.

305 3071 556 3141 ἱιιεριίνιὶ
604 3081 754 3126 sunt.
795 3070 1063 3125 Caeterum
1102 3069 1298 3126 Basilio
1335 3070 1462 3125 illud
1502 3069 1605 3140 τῆς
1635 3069 1817 3142 χώρας
1838 3072 1898 3124 ἐν

304 3155 585 3226 προοιμίῳ
635 3152 924 3207 admodum
969 3151 1238 3208 fariiiliare
1289 3164 1372 3210 est
1407 3169 1572 3213 :nam
1610 3163 1665 3208 et
1702 3152 1895 3209 Seleu-

303 3242 446 3295 ciam
505 3236 615 3291 Vit.
673 3235 876 3290 Thecla:
907 3253 975 3303 'I,
1035 3254 1087 3308 p.
1132 3238 1238 3292 275
1294 3239 1389 3310 τῆς
1428 3237 1602 3310 Ἑῴας
1646 3238 1808 3309 ὁρίων
1838 3238 1896 3293 ἐν

302 3321 578 3393 προοιμίῳ
600 3323 828 3392 positam
847 3322 942 3388 ait,
965 3329 1017 3375 et
1039 3337 1096 3384 ιι,
1123 3321 1179 3375 II
1204 3321 1489 3393 προοίμιον
1507 3323 1605 3394 τῆς
1622 3321 1892 3392 ἀτραποῦ,

302 3421 361 3461 ot
386 3423 435 3461 c.
476 3423 581 3460 nn
601 3406 697 3476 τῆς
723 3405 937 3476 ἡμέρας
964 3403 1274 3475 προοίμιον,
1296 3405 1428 3475 quin
1455 3413 1508 3460 et
1539 3415 1683 3460 orat.
1717 3420 1891 3470 χιιι-ιι,

303 3506 362 3560 p.
397 3491 499 3544 150
541 3489 640 3560 τῆς
688 3488 860 3558 ὀργῆς
895 3488 963 3541 τὰ
998 3487 1263 3558 προοίμια
1317 3487 1486 3554 dixit;
1543 3504 1705 3557 quam
1761 3501 1893 3542 vero

305 3584 457 3628 recte
506 3583 669 3642 atque
717 3589 782 3626 es
843 3588 942 3627 usu
1000 3573 1200 3627 veteris
1257 3571 1504 3637 Grzecice,
1553 3589 1618 3627 ex
1675 3573 1894 3643 egregia

307 3656 707 3711 Ilemsterhusii
739 3657 912 3710 nostri
958 3658 1024 3710 ad
1055 3654 1284 3711 Lat-iani
1326 3655 1610 3712 Somnium
1643 3656 1894 3710 animad-

303 3742 560 3796 versione
591 3755 909 3809 cognosces.

383 3825 517 3879 Ibid.
552 3825 820 3893 Λύστρα.
858 3822 1003 3878 Luca
1055 3823 1168 3879 Act.
1215 3823 1280 3877 A.
1311 3838 1426 3888 xlv,
1458 3822 1513 3888 6,
1559 3825 1660 3890 τὰς
1705 3825 1894 3892 πόλεις

302 3908 614 3969 Λ·.καονία;
651 3907 906 3974 Λύστραν
953 3907 1048 3960 καὶ
1086 3905 1331 3978 Δέρϐην,
1367 3918 1421 3963 et
1454 3924 1505 3964 ν.
1536 3908 1598 3963 21
1639 3926 1656 3966 :
1688 3919 1744 3963 at
1777 3927 1828 3965 v.
1860 3912 1894 3966 8

300 3995 368 4045 ἐν
395 3996 683 4063 Λῦστροις·
741 3991 883 4045 unde
923 3991 994 4044 τὰ
1032 3989 1256 4062 Λύστρα
1289 4001 1344 4046 et
1380 3991 1633 4062 Λύστραν
1669 3993 1721 4048 in
1767 4009 1895 4064 pro-

305 4074 519 4128 miscui)
553 4091 649 4127 nstl
688 4073 858 4127 fuisse
899 4074 1113 4128 diceres
1135 4115 1150 4140 ,
1183 4074 1284 4129 nisi
1321 4075 1526 4144 passim
1561 4075 1654 4130 alii
1695 4093 1892 4133 nunie-

303 4173 428 4212 rum
457 4157 718 4225 pluralem
755 4157 996 4212 mallent.
1053 4157 1113 4211 ὐ
1143 4158 1410 4228 Λύστρων
1444 4159 1609 4213 estin
1646 4159 1892 4228 pluribus

305 4241 553 4307 A’utitiis,
579 4241 983 4311 subscribitque
1029 4241 1501 4306 Chalcedonensi,
1539 4258 1592 4312 p.
1639 4243 1730 4299 99.
1767 4243 1892 4298 Plu-

304 4325 529 4379 tarchus
576 4324 860 4394 Λύστρων.
909 4324 1200 4380 Ptolemaeo
1246 4325 1480 4397 Λύσιρα,
1535 4327 1588 4380 iu
1644 4325 1890 4382 Palatino

305 4423 402 4462 Ius
435 4447 451 4471 ,
478 4425 574 4477 pro
595 4423 704 4476 quo
736 4409 918 4462 verius
952 4408 1191 4476 scriptus
1221 4408 1586 4464 Cuislinianus
1608 4409 1850 4481 Δύστρα.

378 4489 514 4544 Ibid.
558 4491 834 4546 Μίσθεια.
871 4489 968 4544 Est
998 4489 1156 4558 hujus
1187 4493 1382 4560 praesul
1430 4492 1484 4547 in
1531 4492 1890 4559 Cltalcedon.,

303 4591 365 4644 p.
411 4573 514 4629 671
571 4575 850 4630 Armatius
897 4573 1106 4637 πόλεως
1160 4575 1449 4640 Μισοείας,
1508 4586 1561 4632 et
1619 4577 1892 4648 Longinus

304 4658 626 4715 Μιστιανῶν
663 4659 867 4721 πόλεως
918 4659 1226 4720 Λυκαονίας
1259 4661 1309 4712 in
1342 4659 1753 4730 Constantinop.
1789 4672 1896 4715 ter-

305 4749 409 4811 tio,
439 4761 490 4816 p.
521 4746 647 4799 670.
679 4718 1040 4813 Theophanes
1073 4718 1405 4813 Chronogr.,
1433 4760 1486 4815 p.
1517 4746 1624 4800 320
1655 4718 1896 4801 Μίσθίαν
1928 4718 1956 4746 ι

305 4837 365 4884 et
425 4827 997 4896 Mistamﬁavennas,
1047 4826 1085 4878 l.
1134 4840 1196 4891 ιι,
1251 4841 1302 4880 c.
1353 4826 1417 4880 17
1471 4829 1733 4898 appellat.
1786 4845 1892 4884 non

306 4917 473 4984 IOnge
501 4911 728 4966 Vasadis
757 4909 998 4963 abfuisse
1054 4909 1278 4977 colligas
1307 4925 1372 4962 ex
1399 4909 1581 4965 Basilii
1613 4911 1683 4967 M.
1733 4914 1892 4982 epist.

179 5042 182 5044 ν
289 4999 332 5048 -Ι
354 4996 417 5048 18
478 4994 571 5047 τὸν
604 4993 774 5064 ἀγρὸν
817 4993 1046 5057 ἐκεῖνον,
1072 4993 1282 5058 scribit,
1311 4992 1402 5045 τὸν
1436 4993 1797 5066 ὑποκείμενον
1827 4999 1893 5068 τῇ

303 5077 603 5148 Mum-si},
661 5070 705 5144 ᾧ
767 5073 1126 5145 ἐπεκηρύχθη
1176 5076 1205 5126 ὀ
1267 5073 1578 5146 ἄνθρωπος,
1638 5080 1895 5134 κέλευσον

306 5161 604 5222 Οὐασόδοις
627 5161 926 5215 ὑποτελεῖν.
946 5162 1143 5230 Agrum
1169 5158 1320 5212 illum
1371 5159 1894 5231 Mestia'rubjccmm,

305 5248 396 5299 cui
419 5246 662 5297 addictus
697 5254 770 5298 est
801 5245 954 5297 homo
974 5245 1088 5309 iile,
1121 5241 1345 5296 Vusodis
1375 5244 1583 5298 subesse
1617 5248 1766 5314 jube.
1804 5245 1895 5302 Sic

309 5329 613 5384 Garnerius
643 5329 805 5383 vertit
847 5329 1146 5396 ediditque,
1185 5327 1488 5382 admonens
1527 5329 1808 5398 Μηστείαν
1841 5331 1894 5385 iu

309 5412 419 5466 Jul.
451 5420 689 5482 quatuor
709 5425 831 5465 esse
865 5427 996 5465 mss.
1021 5411 1230 5466 V'asoda
1265 5424 1390 5463 vero
1418 5413 1469 5463 iu
1492 5412 1896 5480 plerisque.Ve-

313 5508 457 5552 teres
482 5496 613 5552 editi
667 5495 894 5565 Μισοίει,
932 5495 1218 5550 Balsamon
1273 5507 1324 5549 et
1365 5494 1608 5553 Zonaras
1667 5507 1798 5552 tom.
1853 5497 1893 5552 II

311 5579 591 5650 Beveregii
624 5578 855 5649 Canem,
893 5594 947 5650 p.
990 5579 1058 5633 66
1123 5578 1380 5650 Μισθείᾳ,
1426 5582 1566 5648 quod
1601 5580 1679 5634 vir
1707 5584 1902 5640 doctus

312 5679 572 5736 spernere
597 5680 704 5720 non
754 5663 1050 5730 debuerat,
1115 5673 1298 5732 utpote
1370 5664 1543 5719 solum
1595 5681 1718 5720 cum
1771 5681 1897 5722 vero

314 5751 690 5806 consentiens.
1761 5807 1778 5832 χ

389 5837 528 5896 Ibid.
560 5837 858 5909 Ἀμϐλαδα
888 5836 1282 5907 Philostorgius
1330 5836 1400 5893 Il.
1440 5836 1506 5897 E.
1541 5853 1592 5906 v,
1635 5838 1669 5893 2
1703 5839 1888 5896 urbem

1189 373 1579 440 COMMENT.
1615 375 1698 438 IN
1732 375 2146 445 HIEROCLIS
2197 387 2740 453 SYNECDEMUM.

3463 399 3604 464 1126

2012 492 2166 548 arido
2198 511 2262 550 ac
2288 499 2561 566 pestilenti
2589 498 2760 553 fuisse
2783 497 2922 564 solo,
2957 499 3162 556 incolas
3184 502 3412 560 barbaro
3438 522 3604 579 atque

2012 577 2080 627 ab
2135 576 2475 634 humanitate
2531 581 2868 636 alienissimo
2918 583 3137 654 ingenio
3182 587 3360 642 docet.
3406 576 3601 661 Oppidi

2010 659 2300 742 cpiscopus
2342 663 2551 728 πόλεως
2586 665 2903 734 ’Λμδλὰδων
2934 668 2986 722 iu
3021 667 3356 725 Chalcedon.
3391 689 3440 742 p.
3474 659 3599 741 675,

2008 741 2368 826 etCOustant.
2391 748 2550 804 tertio
2575 763 2627 816 p.
2653 748 2776 811 675,
2804 752 2898 804 sed
2923 764 3232 820 perperam,
3266 741 3601 826 Ἀμιλάνδων

2010 825 2218 890 πόλεως
2241 830 2510 900 ἐπαρχίας
2545 832 2872 898 Λυκαονίας.
2912 835 3196 907 Vulgatum
3234 825 3431 908 prteter
3475 842 3600 895 Ste-

2009 908 2242 974 phanum
2287 923 2338 966 et
2372 913 2794 985 I’hilostorgium
2841 915 3116 973 Ptolemaei
3151 935 3282 974 mss.
3322 920 3599 978 Palatinus

2007 991 2371 1051 tioislinianus
2418 1005 2472 1052 cl.
2522 997 2876 1068 Barberinus,
2922 1001 2989 1058 de
3041 1018 3148 1072 quo
3189 1002 3252 1058 L.
3308 1003 3482 1062 llolst.
3540 1008 3592 1062 in

1959 1090 1970 1095 ‘
2007 1073 2222 1144 Sleph.,
2255 1083 2509 1148 probant.

2077 1158 2150 1212 Ibi
2173 1161 2208 1212 l.
2248 1162 2553 1219 Οὺάσαδα.
2584 1165 2905 1224 Ptolemmus
2939 1168 3200 1225 Οὒάσατα
3221 1171 3366 1242 quod
3395 1188 3582 1228 emen-

2005 1243 2121 1297 dari
2153 1243 2354 1301 debere
2387 1263 2451 1302 ex
2502 1266 2631 1306 mss.
2673 1252 2900 1307 Coislin.
2942 1255 3312 1310 certissimum
3339 1265 3442 1311 est.
3483 1255 3590 1310 Ba-

2003 1327 2156 1381 silius
2192 1327 2260 1383 Μ.
2317 1330 2566 1386 Οὑάσοδα
2601 1334 2652 1388 in
2690 1350 2893 1406 nupera
2923 1337 3180 1403 editione,
3215 1339 3302 1393 cui
3341 1339 3465 1394 hinc
3511 1340 3591 1393 l‘a-

2005 1409 2202 1464 cillime
2233 1422 2286 1466 et
2316 1429 2381 1466 ex
2403 1413 2693 1484 Beveregio
2725 1427 2853 1474 tom.
2881 1435 2940 1482 II,
2971 1436 3023 1489 p.
3059 1421 3146 1484 66,
3181 1422 3393 1477 tametsi
3419 1423 3591 1490 pessi-

2005 1507 2088 1544 me
2115 1493 2183 1546 ibi
2211 1493 2490 1550 Balsamon
2517 1509 2566 1552 et
2588 1499 2828 1557 Zonaras
2848 1503 3081 1557 Μάσαδα
3113 1505 3316 1573 legunt,
3339 1509 3587 1562 succurri

2002 1583 2273 1643 potuerat.
2293 1576 2479 1633 Conon
2499 1583 2781 1650 cpiscopus
2801 1585 3006 1649 πόλεως
3021 1587 3298 1641 ’Λασάδων
3321 1589 3588 1659 ἐπαρχίας

2001 1659 2316 1743 Λυκαονίας
2348 1663 2630 1718 Constant.
2659 1667 2818 1722 tertio
2851 1685 2904 1736 p.
2940 1671 3046 1725 675
3081 1681 3134 1726 et
3165 1671 3443 1743 Olympius
3477 1675 3587 1727 Οὐ-

1957 1772 1976 1780 —
2003 1740 2180 1795 σάδων
2201 1741 2527 1798 Chalcedon.
2549 1761 2604 1816 p.
2623 1747 2728 1801 671
2745 1751 3170 1822 suscripsernnt,
3189 1740 3587 1825 niale'uterque.

2073 1835 2208 1893 Ibid.
2244 1839 2587 1909 Οὺμὰναδα.
2638 1841 2907 1914 Ὁμόνοιδα
2947 1855 3287 1916 Oportuerat,
3331 1861 3388 1904 ut
3452 1853 3591 1906 belle

2000 1920 2103 1976 Cb.
2139 1921 2406 1977 Cellarius
2439 1922 2504 1978 G.
2548 1928 2613 1981 A.
2661 1943 2742 1992 ιιι,
2771 1927 2824 1994 4,
2875 1944 2928 1998 p.
2963 1929 3089 1996 205,
3131 1931 3252 1988 licet
3304 1949 3589 2004 operatum

2000 2015 2225 2074 peccato
2268 2006 2538 2076 ὐνὸμαδα
2570 2009 2700 2064 inibi
2735 2011 2967 2082 legatur.
2996 2012 3132 2068 Iliae
3163 2031 3293 2086 gens
3318 2017 3590 2072 Homona-

1999 2087 2124 2170 dum
2160 2091 2302 2154 apud
2335 2089 2566 2145 Plinium
2600 2109 2652 2155 v,
2679 2091 2750 2147 27
2780 2103 2834 2148 et
2870 2095 3195 2152 Strabonem
3229 2116 3329 2165 xu,
3361 2117 3414 2170 ιι.
3455 2101 3585 2158 569.

2000 2169 2135 2226 I-Iiuc
2164 2170 2450 2243 Tyrannus
2482 2174 2794 2246 Ὀμονάδων
2817 2178 2868 2232 in
2893 2178 3226 2236 Chalcedon.
3255 2197 3307 2252 p.
3335 2182 3463 2248 400,
3492 2185 3586 2253 qui

1998 2269 2160 2322 prave
2185 2271 2237 2323 p.
2255 2256 2324 2312 99
2347 2258 2638 2326 Μανάδων,
2655 2269 2706 2314 et
2727 2260 2877 2329 pejus
2905 2261 2957 2315 in
2992 2261 3406 2335 Constantinop.
3431 2269 3590 2321 tertio

1997 2352 2052 2419 [ι.
2104 2336 2210 2392 675
2255 2340 2566 2396 Alexander
2626 2341 2838 2408 πόλεως
2901 2345 3230 2416 Σουμὰνδων
3289 2351 3590 2419 provinciae

1997 2416 2305 2490 Lycaonia}.
2592 2422 2604 2430 ’

2066 2513 2200 2571 Ibid.
2245 2519 2540 2588 Ἰλιστρα.
2579 2519 2694 2577 IIoe
2737 2521 2790 2577 in
2833 2538 2963 2580 mss.
2995 2523 3163 2580 fuisse
3203 2541 3266 2580 cx
3307 2525 3482 2581 llolst.
3533 2527 3587 2581 in

1997 2597 2186 2669 Geogr.
2237 2603 2300 2658 S.
2347 2605 2596 2659 novimus
2635 2620 2650 2659 :
2692 2607 2820 2660 editi
2867 2622 3060 2664 omnes
3099 2610 3330 2680 Λίστρα.
3374 2608 3586 2679 Oppido

1997 2681 2286 2751 episcopus
2333 2682 2622 2754 Martyrius
2674 2687 3000 2759 Ἢλίστρων,
3052 2692 3144 2758 qui
3197 2692 3400 2744 rectius
3447 2707 3582 2745 mss.

2007 2764 2285 2835 Ἰλίστρων
2317 2767 2573 2837 Ephesini
2605 2771 2818 2825 concilii
2847 2787 2898 2841 p.
2937 2771 3042 2826 554
3068 2781 3122 2825 et
3155 2771 3446 2828 Onesimus
3476 2775 3579 2827 ad-

1995 2851 2148 2916 .1εως
2177 2850 2478 2920 Ἰλίστρων
2499 2854 2826 2909 Chalcedon.
2859 2873 2911 2922 p.
2949 2855 3055 2910 674
3087 2853 3210 2911 I'uit.

2068 2932 2201 2988 Ibid.
2240 2932 2542 3003 Λάραν-δα.
2575 2940 2772 2991 Anton.
2806 2937 2939 2991 Itin.
2973 2953 3026 3006 p.
3051 2937 3151 2991 211
3186 2937 3326 2993 vide.

2067 3027 2199 3084 Ibid.
2229 3030 2459 3099 Δέρϐαι.
2500 3031 2700 3103 Δέρϐη,
2753 3042 2812 3087 ιιι
2857 3040 2974 3088 Act.
3020 3033 3082 3088 Α.
3125 3050 3176 3089 e.
3225 3051 3313 3088 xw
3344 3046 3400 3090 et
3442 3036 3586 3106 apud

1998 3110 2319 3169 Strabonem
2353 3130 2450 3181 χιι,
2490 3130 2540 3185 p.
2583 3115 2726 3182 569;
2758 3116 2848 3171 ubi
2883 3117 2935 3173 in
2973 3116 3190 3173 Isauriae
3233 3121 3470 3175 conlinio
3500 3122 3584 3176 Io-

1997 3208 2173 3254 catur.

2068 3295 2204 3350 Ibid.
2239 3293 2498 3363 Βαρὰτη.
2527 3295 2816 3353 Ptolemaeo
2865 3296 3138 3367 Βάραττι,
3179 3297 3398 3354 Tabulae
3443 3300 3585 3356 Peu-

1999 3381 2194 3450 tinger.
2235 3377 2304 3432 III.
2353 3378 2412 3432 I’.
2438 3380 2510 3434 50
2534 3379 2603 3434 ab
2629 3379 2814 3434 Iconio
2839 3381 3091 3434 Barathe.
3121 3381 3347 3436 Nomine
3381 3393 3586 3438 metro-

1996 3463 2176 3530 polita:
2213 3462 2293 3516 sui
2322 3463 2714 3517 Constantinus
2741 3463 2839 3532 τῆς
2869 3462 3163 3533 Βαρατέων
3193 3465 3583 3534 μητροπόλεως

1994 3547 2094 3615 τῆς
2125 3545 2414 3599 Λυκαόνων
2444 3545 2713 3616 ἐπαρχίας
2751 3546 3163 3614 Coustantiuop.
3199 3549 3360 3601 tertio
3390 3563 3444 3618 p.
3473 3549 3581 3604 5ὲ6

1996 3628 2437 3684 Subscribit.Noli
2459 3641 2640 3683 tamen
2661 3638 2850 3698 putare
2872 3630 3191 3698 tuetropoliu
3210 3628 3402 3696 fuisse,
3417 3649 3579 3702 quam

1995 3713 2309 3782 dignitatem
2343 3713 2580 3767 librariis
2609 3712 2789 3776 debet,
2821 3713 3203 3781 intempestive
3231 3723 3287 3769 et
3311 3716 3444 3770 Satis
3474 3716 3584 3771 iui-

1993 3812 2098 3867 que
2123 3811 2242 3850 eam
2277 3796 2458 3850 Iconio
2499 3795 2892 3852 aul‘erentibns.
2923 3795 3090 3851 Paulo
3141 3797 3330 3868 itaque
3375 3800 3579 3856 rectius

1993 3895 2049 3951 p.
2093 3878 2198 3934 675
2237 3879 2446 3943 πόλεως
2502 3877 2742 3951 Βαρίτης
2782 3879 3004 3934 dicitur.

2069 3975 2204 4032 Ibid.
2239 3977 2400 4044 Ὑὸη.
2438 3975 2644 4031 Plinius
2688 3975 2973 4047 Lycaonia}
3017 3979 3204 4033 urbem
3241 3980 3294 4033 in
3335 3980 3578 4035 ccultum

1995 4061 2224 4116 Galatia:
2253 4071 2415 4130 atque
2447 4061 2802 4129 Cappadocia
2829 4059 2998 4120 fuisse
3025 4060 3062 4114 I.
3096 4076 3150 4125 ν,
3179 4075 3231 4115 c.
3265 4060 3335 4114 27
3363 4064 3576 4120 scribit.

1996 4144 2169 4199 Rufus
2199 4143 2407 4207 πόλεως
2436 4143 2606 4212 Ὕδης
2650 4155 2734 4198 est
2779 4147 2834 4199 in
2875 4143 3212 4201 Chalcedon.
3239 4162 3294 4217 p.
3333 4147 3439 4202 526
3484 4149 3577 4218 qui

1995 4226 2157 4297 Σίδης
2199 4235 2456 4282 mendose
2483 4242 2536 4296 p.
2565 4225 2690 4281 400.

2065 4322 2202 4378 Ibid.
2237 4322 2678 4391 Ἰσαυρόπολις.
2736 4324 3022 4394 Lycaonia:
3072 4334 3280 4393 partem
3324 4324 3392 4378 ad
3434 4325 3576 4379 Tau-

1996 4423 2114 4463 rum
2162 4407 2475 4478 Ἰσαυρικὴν
2502 4404 2697 4462 Strabo
2740 4423 2834 4471 xu,
2870 4423 2924 4478 p.
2962 4407 3068 4462 568
3108 4409 3268 4474 facit;
3309 4425 3406 4463 nec
3433 4410 3575 4466 male

1993 4509 2125 4563 ergo
2174 4491 2498 4561 IsaurOpolis
2560 4490 2683 4545 huic
2743 4491 3031 4559 provinciae
3081 4491 3356 4544 tribuitur.
3383 4492 3573 4546 Aetius

2007 4563 2436 4647 ’Ϊδταυροπόλεως
2480 4574 2917 4629 Chalcedoneusi
2965 4574 3136 4630 adfuit
3178 4591 3230 4645 p.
3281 4576 3409 4630 675.
3467 4576 3572 4631 Alii

1996 4662 2180 4714 ‘saura
2230 4659 2519 4729 appellant,
2565 4657 2855 4728 Ἰσαυρέων
2899 4659 3054 4712 πόλιν
3103 4658 3369 4716 Diodorus
3415 4675 3573 4727 xvm,

1997 4763 2049 4814 p.
2093 4744 2221 4809 605,
2256 4744 2325 4799 de
2367 4758 2470 4812 qua
2511 4741 2676 4797 Ilenr.
2707 4741 2948 4798 Valesius
2982 4743 3033 4798 in
3062 4743 3333 4798 Ammian.
3364 4761 3474 4810 xw,
3515 4745 3568 4799 8.

1999 4829 2188 4883 Fuisse
2236 4827 2428 4882 urbem
2481 4825 2787 4880 latrociniis
2829 4825 3083 4881 infamem
3126 4843 3284 4883 nemo
3324 4829 3570 4899 ignorat;

1996 4921 2164 4980 atque
2193 4911 2335 4964 haud
2380 4911 2496 4964 scio
2532 4925 2598 4964 an
2644 4909 3010 4980 Lzeslrygouia
3047 4912 3118 4965 sit
3159 4910 3342 4967 Basilii
3386 4911 3576 4967 Seleu-

1997 4995 2198 5050 ciensis
2232 4991 2335 5046 Vit.
2366 4992 2426 5047 S.
2453 4991 2656 5047 Thech
2680 5009 2737 5058 ιι,
2773 4993 2862 5058 12,
2880 4995 3268 5049 sceleratorum
3295 4997 3572 5049 hominum

1997 5086 2160 5145 atque
2189 5091 2256 5130 ex
2291 5084 2448 5143 rapto
2473 5076 2766 5130 viventium
2804 5069 3225 5146 receptaculum.
3261 5077 3410 5132 Situs
3433 5080 3572 5131 haud

2001 5160 2141 5215 male
2172 5158 2473 5214 convenit:
2503 5158 2638 5212 dicit
2675 5174 2796 5211 eam
2841 5161 2891 5212 in
2941 5160 3202 5214 Seleucitc
3245 5159 3574 5227 Isaurizeque

1997 5244 2166 5300 fuisse
2195 5243 2456 5305 conlinio,
2499 5243 2592 5296 sed
2623 5257 2812 5297 versus
2840 5258 3090 5297 occasum
3124 5245 3240 5312 ejus
3281 5243 3573 5312 provinciae

2000 5331 2268 5401 totiusque
2291 5328 2549 5390 Orientis,
2579 5327 2862 5383 altissimis
2901 5328 3167 5383 montibus
3210 5327 3515 5397 impositam
3531 5345 3566 5380 ιε

1995 5417 2349 5489 διακειμένην
2374 5415 2453 5478 ὡς
2470 5413 2604 5484 πρὸς
2623 5415 2861 5487 ἑσπέραν
2891 5415 3016 5469 καθ’
3052 5416 3200 5486 ἡμᾶς
3228 5431 3286 5468 τε
3314 5419 3406 5466 καὶ
3428 5413 3572 5484 σύμ-

1995 5515 2178 5554 πασαι
2215 5497 2356 5568 ἑῴαν
2389 5499 2530 5567 γῆν,
2561 5495 2776 5559 πολλοῖς
2817 5497 2873 5551 δὲ
2936 5497 3031 5550 καὶ
3073 5496 3374 5562 ἰσονεφέσιν
3419 5496 3571 5564 ὄρεσι

1995 5583 2412 5654 διειλημμένην.
2484 5581 2677 5636 Incolis
2708 5593 2872 5651 atque
2910 5582 3030 5636 urbi
3063 5596 3090 5634 a
3124 5579 3571 5651 Lzestrigonilms,

1996 5670 2137 5738 quod
2185 5681 2374 5722 eorum
2410 5675 2615 5722 sectam
2657 5676 2819 5735 atque
2860 5667 3103 5721 instituta
3149 5667 3474 5736 probarent,
3521 5666 3573 5718 id

1997 5766 2194 5806 nomen
2221 5751 2386 5806 venit.
2423 5751 2569 5807 Sane
2594 5750 2808 5805 Isauros
2842 5750 3022 5804 Basilii
3045 5761 3205 5805 aetate
3237 5753 3303 5804 ab
3331 5749 3574 5818 improba

2001 5835 2274 5908 praedandi
2305 5835 2601 5906 cupiditate
2630 5832 2800 5890 fuisse
2825 5833 3276 5892 instructissimus
3309 5850 3372 5890 ex
3399 5834 3574 5905 Clry-
