4170 6432
515 481 745 541 sostomi
770 475 1037 548 epistolis,
1078 470 1304 526 Zosiqu
1320 476 1492 535 atque
1520 467 1642 520 aliis
1664 466 1908 534 pluribus
1933 464 2115 535 cogni-

519 568 790 631 tissimum
827 573 934 615 est.

595 648 716 703 Col.
750 645 879 700 148.
915 645 1134 710 Koma.
1153 637 1305 693 lIaud
1321 650 1439 689 eam
1467 632 1810 693 Ptolemmus,
1846 645 1946 684 uec
1978 644 2112 684 cou-

518 732 707 788 ci‘.ium
735 727 1152 792 Constantinop.
1180 721 1432 789 primum,
1459 728 1514 769 ut
1551 715 1781 770 Carolus
1809 729 1836 767 a
1865 713 1922 768 S.
1948 713 2113 771 Paulo

533 813 762 873 umnuit,
795 812 1024 880 ignorat.

594 897 725 952 Ibid.
762 894 1057 958 Σάόατρα.
1089 886 1374 943 Couseutit
1401 884 1632 947 Tabula,
1665 900 1784 953 qua:
1824 887 2005 942 Iconio
2032 883 2106 938 II.

522 980 586 1034 P.
618 979 688 1031 44
718 985 982 1032 semovet.
1019 971 1309 1025 Ptolemaeo
1341 968 1597 1028 Σαύατρα
1618 1010 1632 1032 ,
1671 970 1813 1025 unde
1853 972 1905 1025 in
1947 967 2115 1025 Chal-

518 1064 711 1115 ccdon.
757 1075 809 1126 p.
847 1057 953 1111 675
1017 1054 1334 1109 Eustathius
1366 1052 1575 1107 πόλεως
1620 1053 1941 1125 Σαυὸπρων.
1983 1054 2115 1119 Quae

518 1142 826 1199 dim-renti:-
868 1155 932 1195 ex
971 1152 1111 1193 sono
1136 1146 1243 1201 est,
1281 1135 1359 1189 uti
1393 1135 1445 1189 in
1480 1135 1720 1190 Σαυαδία
1756 1145 1812 1191 et
1847 1137 2112 1203 Σαὸαδία,

520 1224 816 1294 Καλαυρία
871 1233 927 1277 et
994 1221 1308 1291 Καλαϐρια,
1360 1218 1647 1290 καλαύροψ
1688 1229 1744 1274 et
1803 1220 2112 1291 καλάὸροψ,

519 1307 933 1375 iumnnerisque
960 1304 1129 1379 aliis.
1183 1301 1439 1359 Straboni
1478 1317 1579 1363 xu,
1627 1318 1680 1371 p.
1729 1303 1834 1358 568
1876 1305 2113 1374 Σόατρα,

519 1406 682 1458 quam
714 1392 960 1444 eamdem
991 1403 1117 1443 esse
1149 1394 1298 1442 recte
1326 1385 1427 1439 Ch.
1465 1382 1732 1439 Cellarius
1761 1386 1828 1441 C.
1854 1386 1919 1441 Α.
1955 1386 2112 1452 ιιι,4,

519 1489 572 1542 p.
613 1473 724 1526 9.05
758 1471 1163 1526 animadvertit.

592 1555 728 1609 Ibid.
760 1554 1017 1622 Ητέρνα.
1047 1554 1233 1624 Πέρτα
1278 1552 1549 1608 Ptolemaei
1584 1565 1688 1617 est,
1737 1551 1895 1620 cuius
1919 1551 2114 1622 prmsul

518 1639 705 1692 Conon
759 1637 970 1701 πόλεως
1011 1635 1237 1706 Περσῶν
1279 1636 1612 1691 Chalcedon.
1666 1636 1896 1689 COIN'IIIO
1928 1651 1979 1703 p.
2013 1633 2116 1688 674

529 1725 604 1787 (ιρι
638 1722 692 1775 in
722 1721 890 1772 ιϊιριί
919 1718 1187 1780 versione,
1213 1731 1376 1785 quant
1411 1717 1471 1771 L.
1503 1717 1837 1772 IIolsteinius
1859 1717 2115 1775 versavit.

518 1804 835 1871 l’ertorum)
902 1800 1246 1869 subscripsit,
1295 1810 1349 1854 et
1397 1798 1618 1855 Nica'no
1665 1800 1908 1856 secundo
1955 1814 2011 1868 p.
2047 1798 2118 1853 55

523 1883 865 1953 Epiphanius
900 1883 1148 1951 Πέρτων.

596 1966 730 2019 Ibid.
766 1964 990 2032 dera.
1022 1964 1135 2020 Imo
1192 1964 1403 2031 Κὰννα,
1432 1975 1489 2018 ιιι
1517 1965 1655 2033 apud
1686 1964 2038 2021 Ptolemazum
2065 1972 2118 2019 ct

520 2048 858 2105 Chalcedon.
895 2047 1091 2101 conciI.
1131 2063 1183 2115 p.
1222 2048 1327 2103 646
1355 2050 1466 2113 ubi,
1501 2048 1771 2119 Eugenius
1797 2046 2115 2102 Caunorum

522 2146 656 2202 etp.
688 2133 791 2187 526
844 2132 1056 2195 πόλεως
1099 2132 1331 2187 Κάννων
1388 2147 1584 2187 nomen
1645 2132 1787 2187 inter
1834 2129 2118 2203 Lycaoniae

535 2218 801 2288 pra‘sules
830 2215 1076 2270 ascribit.

606 2302 741 2356 Ibid.
810 2301 1128 2369 Γλαύαμα.
1201 2297 1464 2369 Suspicor
1524 2298 1663 2353 hanc
1721 2299 1773 2354 in
1836 2296 2115 2353 Ptolemtei

524 2384 810 2454 Δαύμανα,
854 2392 913 2437 ιιι
945 2399 1047 2438 ms.
1081 2382 1360 2437 Palatinus
1390 2383 1626 2452 praefert,
1653 2383 1996 2436 abeonditam
2038 2383 2118 2436 la-

527 2479 676 2532 tere;
711 2482 811 2521 nee
841 2466 981 2520 forte
1006 2466 1110 2523 alia
1138 2466 1387 2519 habenda
1414 2477 1496 2520 est
1532 2465 1874 2536 '1'8:pao~.bv
1901 2464 2115 2519 concilii

521 2550 852 2606 Chalcedon.
904 2565 957 2620 p.
1015 2548 1154 2614 674;
1193 2564 1503 2619 quanquam
1543 2564 1651 2618 quo
1698 2564 1827 2604 vero
1895 2548 2119 2605 nomine

525 2636 711 2697 fuerit,
739 2650 966 2704 prec-us
997 2632 1264 2703 ignorem.
1296 2633 1510 2701 Ῥίγνον
1547 2633 1796 2710 nondum
1825 2631 2022 2685 iuveni.

596 2717 736 2772 Ibid.
766 2716 831 2772 C.
881 2715 1032 2770 Ὑπὸ
1059 2715 1529 2783 κονσουλάριον.
1576 2715 1812 2786 Phrygia
1846 2714 2118 2768 Salutaris

523 2801 739 2871 prmsidi
791 2801 995 2869 paruit,
1042 2814 1150 2853 non
1183 2800 1485 2867 consulari,
1522 2809 1673 2854 utex
1724 2799 1932 2852 Notitia
1980 2799 2116 2869 imp.

526 2885 732 2938 Orieat.
762 2899 813 2937 c.
843 2898 858 2938 I
896 2891 1235 2951 compertum
1274 2882 1559 2938 habemus.
1593 2883 1890 2937 Amachius
1925 2883 2110 2954 ἄρχων

523 2967 624 3037 τῆς
643 2967 910 3037 ἐπαρχίας
944 2966 1043 3035 τῆς
1075 2964 1342 3034 Φρυγίας,
1369 2966 1461 3034 qui
1494 2965 1618 3019 dein
1653 2964 1874 3036 ἡγεμὼν
1921 2980 2122 3035 praeses

528 3051 738 3103 iteratis
782 3051 1024 3113 vicibus,
1062 3057 1147 3103 est.
1198 3050 1338 3116 apud
1374 3048 1654 3103 Socratem
1691 3050 1763 3104 Η.
1792 3050 1858 3104 Ε.
1909 3067 1988 3118 ιιι,
2029 3049 2119 3107 15.

528 3132 725 3186 Suidas
761 3147 873 3185 rem
898 3132 1141 3186 eamdem
1171 3130 1411 3185 referens
1444 3134 1496 3186 in
1532 3133 1793 3204 Ἀμάχιος
1824 3148 2000 3201 parva:
2030 3149 2122 3188 ur-

526 3216 612 3271 bis
636 3216 881 3288 Phrygiae
905 3215 1186 3284 prmsidem
1218 3213 1369 3281 facit,
1402 3214 1642 3288 ἄρχοντα
1675 3219 1880 3287 μικρᾶς
1913 3217 2122 3281 πόλεως

524 3301 791 3373 Φρυγίας,
831 3301 965 3354 satis
1000 3299 1250 3368 imperite
1284 3301 1573 3368 exscriptis
1617 3300 1812 3356 Malchi
1854 3313 1950 3356 aut
1982 3302 2121 3358 alius

525 3386 767 3438 auctoris
813 3382 1020 3437 verbis.
1081 3381 1342 3452 Suspicor
1398 3383 1743 3452 scriptorem,
1809 3385 2139 3455 quicunque

525 3468 710 3531 fuerit,
742 3467 846 3537 τῆς
895 3466 1101 3538 μικρᾶς
1124 3467 1370 3536 Φρυγίας
1403 3467 1642 3533 dedisse,
1682 3468 1865 3537 idque,
1901 3483 2022 3522 cum
2063 3469 2117 3522 in

529 3565 692 3618 parva
726 3552 858 3605 urbe
885 3550 1032 3605 Mero
1063 3564 1152 3604 res
1181 3549 1343 3603 fuerit
1380 3561 1524 3616 aeta,
1561 3549 1773 3614 πόλεως
1813 3551 1997 3606 addito
2026 3566 2121 3605 vo-

520 3633 722 3688 cabqu
740 3649 829 3688 aut
848 3642 981 3687 tum.
1002 3631 1232 3693 Parvam
1256 3640 1436 3687 autem
1463 3632 1763 3703 Phrygiam
1788 3635 1927 3688 hanc
1950 3634 2119 3689 fuisse

525 3717 724 3770 dictam
758 3730 825 3769 ex
861 3714 1139 3785 Stephano
1172 3717 1228 3771 in
1263 3715 1816 3786 E6xapaia.consrat.

596 3798 737 3871 Ibid.
768 3799 1103 3867 Εὐκορπία.
1135 3799 1324 3871 ,Ροεηε
1366 3797 1467 3852 fuit
1516 3797 1761 3870 Phrygia:
1785 3841 1800 3866 ,
1849 3799 1917 3853 ab
1951 3799 2119 3854 ubere

526 3866 741 3951 frugum
775 3866 993 3950 vinique
1038 3866 1301 3950 proventu
1347 3881 1403 3934 id
1438 3866 1684 3937 nominis
1716 3880 1965 3944 sortitus,
2002 3880 2117 3936 Me-

524 3967 812 4033 trophane,
860 3979 1021 4034 quem
1070 3962 1267 4019 Suidas
1314 3964 1581 4034 Euearpia
1610 3977 1792 4019 ortum
1845 3965 2115 4030 aIIirmat,

526 4050 669 4117 apud
698 4049 1035 4115 Stephanum
1080 4059 1339 4104 auctore.
1378 4049 1533 4115 Quod
1581 4064 1710 4103 vero
1760 4051 1937 4118 primo
1996 4052 2116 4107 loco

528 4135 770 4199 ponitur,
798 4132 855 4185 id
883 4133 1204 4200 metropoliu
1239 4131 1406 4187 fuisse
1450 4133 1693 4203 Phrygim
1723 4132 2008 4202 Salutaris,
2037 4137 2113 4190 uti

525 4215 590 4270 L.
627 4214 960 4269 Ilolsteiuius
989 4215 1041 4268 in
1077 4212 1377 4285 Geograph.
1409 4215 1467 4270 S.
1502 4226 1771 4285 autumat,
1794 4227 2116 4288 argumento

526 4316 633 4354 nou
663 4309 744 4354 est
776 4316 792 4353 :
820 4314 944 4353 nam
978 4307 1036 4353 et
1076 4298 1183 4352 alia
1228 4310 1356 4353 sunt
1392 4299 1448 4353 in
1487 4300 1826 4370 Synecdemo
1866 4304 2112 4372 exetnpla

525 4382 760 4446 urbium,
787 4383 881 4451 qui
914 4381 1213 4452 principem
1248 4381 1425 4437 locum
1473 4384 1525 4437 in
1562 4384 1812 4455 catalogo
1844 4395 2114 4454 occupant

526 4481 631 4522 nec
658 4466 992 4534 metropoles
1027 4464 1280 4531 fuerunt;
1315 4476 1370 4520 et
1400 4467 1770 4536 Synecdemus
1795 4468 1969 4524 civilis
2005 4480 2109 4535 est,

526 4564 700 4618 neque
737 4548 804 4602 ad
837 4549 1167 4617 metropoles
1193 4563 1407 4616 semper
1436 4551 1686 4605 attendit.
1719 4550 1970 4620 Synnada
1994 4568 2114 4620 pro-

526 4635 720 4699 vincia:
750 4645 916 4704 caput
946 4636 1117 4691 fuisse
1154 4649 1255 4690 suo
1292 4636 1413 4689 loco
1446 4636 1682 4691 dicetur.

597 4716 735 4783 Ibid.
780 4717 1117 4786 Ἰεράπολις
1145 4717 1413 4773 celebrem
1444 4719 1547 4774 hoc
1577 4719 1798 4776 nomine
1825 4722 2012 4775 urbem
2057 4722 2110 4776 in

526 4798 819 4853 Paratiaua
851 4802 1119 4866 vidimus;
1151 4801 1473 4871 diceresque
1501 4817 1564 4856 ex
1613 4818 1673 4857 ea
1715 4806 1989 4872 provincia
2041 4806 2110 4861 Ii-

526 4885 771 4940 brarium
802 4886 1053 4943 socordia
1079 4888 1130 4941 in
1158 4887 1466 4942 Salutarem
1490 4888 1780 4959 Phrygiam
1819 4891 2106 4962 migrasse,

526 4969 632 5025 uisi
658 4970 944 5026 concilium
968 4970 1245 5026 Nicaaum
1278 4973 1573 5027 secundum
1604 4973 1836 5027 IIierocli
1863 4975 2107 5043 adstipu.
2132 5014 2135 5021 ι

527 5055 734 5109 lavetur
766 5073 781 5110 :
812 5070 935 5111 cum
986 5055 1133 5111 enim
1184 5071 1238 5125 p.
1291 5055 1398 5111 5-I6
1432 5055 1694 5111 Nit-olaus
1760 5057 2110 5125 Ilierapoleos

523 5137 834 5195 Pacatianm
869 5139 1309 5208 subscripsisset,
1347 5154 1540 5193 nomen
1580 5154 1737 5194 suum
1775 5139 1918 5193 inter
1951 5140 2110 5196 Salu-

526 5222 657 5276 taris
682 5222 928 5293 Phrygia:
954 5222 1212 5292 prmsules
1251 5235 1305 5289 p.
1338 5221 1443 5276 567
1471 5219 1703 5275 Michael
1753 5222 2109 5292 Ἱεραπόλεως

524 5305 842 5373 proﬁtetur;
876 5314 932 5360 et
970 5320 1037 5359 ue
1066 5307 1134 5359 de
1164 5303 1296 5359 vitio
1328 5305 1553 5373 cegites,
1582 5321 1635 5374 p.
1662 5305 1766 5360 597
1790 5314 1953 5373 atque.
1978 5306 2104 5361 alibi

522 5388 770 5445 eumdem
805 5389 1065 5458 reperies.
1086 5387 1268 5456 Itaque
1298 5387 1431 5441 duas
1456 5387 1720 5458 I‘hrygirr,
1750 5389 1972 5443 alteram
2007 5392 2106 5445 I’a-

521 5477 748 5530 catiaua:
770 5475 996 5529 alteram
1030 5473 1330 5535 Salutaris.
1372 5472 1694 5542 IIierapoles
1724 5491 2104 5545 agnoscamus,

520 5569 576 5617 et
609 5560 709 5614 hac
743 5556 931 5628 Geogr.
965 5555 1025 5615 S.
1060 5571 1339 5613 ornemus.
1642 5612 1647 5617 ,

596 5644 735 5703 Ibid.
775 5645 1087 5713 Ὅστρους.
1143 5644 1363 5712 Ὄτρος,
1388 5641 1540 5711 cujus
1575 5643 1862 5712 episcopus
1897 5644 2102 5709 πόλεως

525 5727 726 5797 ὐτρου
783 5730 837 5783 in
868 5730 1200 5786 Chalcedon.
1249 5744 1300 5796 p.
1336 5729 1462 5792 675,
1516 5730 1567 5782 in
1609 5729 1827 5785 Nicmuo
1862 5732 2102 5784 secundo

527 5807 621 5860 τοῦ
653 5810 850 5883 θρόνου
887 5813 1126 5885 Ὀστρου
1153 5825 1208 5883 ρ.
1246 5812 1352 5869 558
1396 5813 1615 5871 dicitur.
1658 5812 1976 5871 Plutarchus
1999 5815 2096 5880 τὰς

1572 350 1956 414 ADDENDA.
1989 372 2060 393 -ν
2091 349 2154 411 Ρ.
2192 344 2706 411 WESSELINGII

3664 343 3814 411 4128

2217 461 2519 530 λεγομένας
2556 461 2616 514 ἐν
2639 458 2851 531 Φρυγίᾳ
2895 456 3125 537 Ὀτρύας
3158 458 3208 512 in
3234 456 3458 519 Lucullo
3488 475 3543 530 ι).
3570 459 3673 517 497
3712 477 3794 532 ap

2217 549 2418 616 pellare
2455 546 2685 600 videtur.

2289 630 2421 684 Ibid.
2465 632 2808 697 Eexniptor.
2850 628 2985 688 Hoc.
3015 638 3205 699 utp'Ote
3232 630 3480 699 proxime
3505 632 3573 686 ad
3605 631 3816 686 Στεκτ-

2214 714 2387 784 όριον,
2413 730 2522 784 quo
2550 729 2683 770 vero
2713 714 2939 789 nomine
2959 713 3082 777 fuit,
3113 713 3413 789 accedens,
3439 728 3468 768 e
3498 731 3632 771 mss.
3662 716 3815 770 arri-

2218 800 2452 865 puimus.
2489 796 2785 853 Ptolemazo
2826 787 2986 866 vulgo
3028 787 3362 867 Ἰστρόριον,
3404 797 3499 852 sed
3542 810 3696 854 vetus
3727 801 3823 855 iu-

2220 890 2429 949 terpres
2458 881 2789 936 Steetorium
2831 881 2986 950 legit,
3009 883 3152 948 quod
3183 890 3237 936 et
3270 895 3401 936 mss.
3435 881 3816 939 Coisliuiaaus

2217 968 2275 1014 et
2310 959 2662 1024 Barberiuus,
2693 960 2761 1015 de
2790 975 2900 1028 quo
2925 959 3266 1014 Holsteinius
3288 960 3356 1013 ad
3387 957 3696 1030 Geograph.
3724 963 3816 1022 ὃ..

2218 1044 2532 1113 ρνωῖθτυιιι.
2562 1043 2802 1100 Joannes
2837 1045 3122 1114 presbyter
3144 1043 3240 1096 τοῦ
3267 1042 3458 1113 θρόνου
3499 1043 3817 1113 Ἐκτορειου

2216 1126 2436 1182 Nicaeae
2472 1129 2716 1183 secundo
2746 1142 2801 1198 p.
2842 1126 2946 1181 557
2978 1142 3175 1182 nomen
3216 1126 3492 1197 ascripsit,
3540 1137 3591 1181 et
3642 1143 3696 1196 p.
3742 1129 3820 1184 53

2230 1206 2529 1282 Ἐκίέορίου.
2738 1248 2744 1255 ς
2784 1270 2787 1273 _

2290 1295 2425 1351 Ibid.
2477 1294 2767 1364 Βρούξος.
2804 1292 3007 1349 Verum
3047 1303 3134 1348 est
3182 1291 3441 1361 Βρούξος,
3479 1293 3623 1349 unde
3658 1296 3815 1350 tiumi

2218 1378 2545 1448 Βρουζηνῶν
2572 1389 2626 1433 et
2652 1378 2980 1449 Βρουζίνων,
3006 1386 3065 1432 ιιι
3091 1378 3143 1431 iu
3171 1375 3323 1431 Thes.
3350 1375 3562 1431 Britau.
3593 1386 3725 1432 tom.
3747 1396 3812 1443 ιι,

2219 1476 2272 1527 p.
2305 1461 2430 1527 2'54,
2461 1462 2529 1517 de
2565 1464 2763 1530 quibus
2799 1463 3015 1532 egregie
3057 1460 3365 1515 lIarduinus
3393 1461 3445 1513 in
3478 1460 3636 1514 Num.
3683 1464 3837 1519 urb.«

2220 1544 2481 1599 illustrat.
2528 1543 2884 1611 Ptolcmtcus,
2928 1546 3015 1600 cui
3078 1544 3340 1616 Δροῦζον,
3391 1545 3519 1600 hinc
3544 1545 3814 1601 auxilium

2218 1626 2437 1696 accipit.

2294 1708 2429 1764 Ibid.
2485 1709 2724 1780 Κλῆρος
2778 1710 3040 1778 Ὀρίνης.
3096 1708 3239 1781 Lege
3285 1711 3523 1781 ὀρεινῆς.
3578 1711 3813 1783 Intelligi

2218 1795 2383 1849 credo
2417 1794 2711 1866 Phrygiam
2740 1794 3054 1856 Paroreiam
3086 1797 3201 1849 sive
3234 1806 3573 1859 montanam,
3607 1797 3672 1850 de
3697 1812 3811 1865 qua

2220 1876 2417 1931 Strabo
2446 1895 2543 1943 xu,
2572 1893 2625 1948 p.
2661 1878 2763 1932 577
2790 1897 2803 1933 :
2829 1880 2862 1949 ή
2898 1880 2997 1950 μὲν
3019 1877 3112 1933 οὖν
3144 1879 3404 1949 παρωρῐα
3435 1879 3652 1949 ὀρεινήν
3681 1896 3811 1934 τινα.

2220 1960 2332 2029 ἔχει
2387 1963 2568 2031 ρᾶχιν,
2625 1961 2736 2015 ἀπὸ
2789 1962 2887 2031 τῆς
2949 1962 3219 2028 ἀνατολῆς
3269 1961 3655 2032 ἐκτεινομένην
3714 1965 3812 2018 ἐπὶ

2222 2042 2397 2096 δύσιν.
2454 2044 2672 2114 Κλῆρος
2714 2044 2916 2099 dicitur
2953 2045 3184 2103 solemni
3238 2061 3411 2105 more,
3448 2060 3555 2112 quo
3598 2060 3697 2101 vox
3741 2050 3812 2102 de

2218 2128 2360 2192 agris
2385 2140 2533 2182 sorte
2565 2128 2756 2183 divisis
2777 2136 2832 2181 et
2869 2126 2995 2181 dein
3022 2129 3088 2181 de
3106 2125 3230 2181 “aliis
3259 2127 3541 2197 quibusvis
3571 2144 3810 2198 usurpa—

2223 2218 2328 2264 tur.
2371 2209 2503 2265 Vide
2542 2211 2625 2265 CI.
2678 2208 2947 2264 Dukerum
2988 2210 3041 2265 in
3092 2208 3447 2279 Thucydidem
3493 2226 3584 2278 tu,
3626 2212 3717 2278 50,
3752 2223 3813 2267 et

2222 2307 2360 2363 quos
2393 2294 2480 2348 ille
2505 2293 2814 2362 appellavit.

2292 2377 2428 2432 Ibid.
2469 2377 2709 2447 Κλῆρος
2736 2376 3084 2444 Πολιτικῆς.
3121 2377 3223 2432 'Sic
3267 2392 3401 2433 mss.
3451 2378 3635 2443 edere,
3681 2378 3812 2436 ιιοι-

2220 2462 2420 2516 steiuio
2471 2456 2830 2525 acet-edimus,
2873 2462 2974 2515 etsi
3017 2477 3139 2531 qua:
3174 2462 3421 2533 Phrygia:
3472 2478 3600 2532 pars
3631 2465 3724 2528 sit,
3754 2466 3811 2519 in

2219 2546 2453 2600 obscuro
2481 2555 2721 2600 maneat.
2758 2545 2812 2599 Si
2845 2546 3177 2614 conjecturis
3210 2546 3262 2599 iu
3303 2563 3363 2601 re
3392 2549 3594 2602 incerta
3628 2550 3811 2604 indui-

2220 2645 2351 2699 gere
2381 2629 2561 2691 liceat,
2594 2629 2823 2683 dixerim
2858 2644 2950 2682 eos
2983 2627 3234 2698 Phrygiae
3267 2646 3428 2701 agros
3474 2632 3679 2704 signari
3716 2634 3814 2701 (ιιί

2221 2714 2343 2768 usui
2377 2713 2590 2781 publico
2621 2712 2932 2781 reipublica:
2961 2714 3293 2777 serviebant,
3319 2724 3478 2783 atque
3504 2716 3670 2770 cosio
3701 2718 3817 2786 prf-

2222 2794 2328 2851 mis
2366 2799 2418 2849 iu
2462 2795 2657 2865 quibus
2701 2810 2890 2865 greges
2923 2795 3222 2850 dontiuicos
3258 2800 3576 2865 pascebant.
3614 2799 3815 2855 Fuisse

2223 2878 2277 2932 iu
2324 2877 2557 2948 Phrygia
2619 2879 2976 2947 imperatores
3029 2876 3446 2934 Valentinianus
3504 2890 3561 2935 et
3617 2879 3815 2937 Valens

2225 2961 2381 3027 Lux,
2425 2977 2476 3017 c.
2515 2961 2617 3015 Th.
2660 2963 2726 3016 de
2773 2961 3106 3016 Prwtoribus
3154 2964 3532 3030 testabantur;
3569 2974 3712 3028 satos
3746 2969 3814 3020 de

2224 3043 2493 3115 Phrygiae,
2530 3045 2705 3111 aiunt,
2761 3048 3002 3116 gregibus
3039 3047 3108 3099 2t)
3143 3056 3372 3116 quatuor
3417 3064 3597 3118 equos,
3620 3048 3811 3120 subju-

2221 3130 2423 3197 gaudos
2456 3131 2753 3199 quadrigis,
2791 3130 2886 3182 hoc
2917 3137 3013 3192 (sl,
3039 3129 3196 3182 simul
3227 3141 3365 3197 orto,
3391 3130 3594 3185 duobus
3630 3133 3812 3185 maxi-

2224 3226 2430 3264 marum
2462 3211 2755 3265 editionum
2786 3212 3104 3281 prwloribus
3145 3212 3268 3264 dari
3304 3214 3594 3268 sancimus.
3630 3214 3810 3269 Simili

2224 3295 2457 3350 fortasse
2482 3311 2545 3348 ex
2583 3310 2747 3350 causa
2814 3296 2963 3367 regio
2991 3298 3345 3365 Aphrodisias
3373 3310 3533 3353 antea
3584 3298 3813 3356 Pulitire

2223 3378 2397 3449 Orgas
2428 3378 2529 3434 fuit
2568 3380 2838 3448 appellata
2882 3382 3019 3450 apud
3052 3381 3285 3437 Plinium
3321 3382 3393 3436 N.
3427 3383 3493 3437 ΙΙ.
3528 3400 3578 3447 v,
3612 3385 3698 3438 '50.
3737 3386 3814 3440 De

2224 3461 2512 3517 Debalacia
2568 3463 2703 3517 nihil
2760 3463 2933 3520 habeo
2987 3480 3242 3532 monere,
3292 3475 3478 3537 utpote
3539 3483 3810 3537 nusquam

2222 3545 2384 3601 lecta.

2295 3628 2429 3685 Ibid.
2479 3630 2735 3696 Λυσίας.
2777 3628 2910 3685 Nota
2952 3645 2982 3686 ο
3026 3630 3293 3705 Strabone
3334 3632 3508 3688 Plinio
3535 3644 3587 3688 et
3617 3634 3767 3690 I’tole
3792 3664 3810 3676 ο

2221 3728 2357 3767 ιιιωο
2401 3712 2550 3778 urbs,
2590 3712 2751 3781 cujus
2799 3714 2947 3767 tmmi
2991 3715 3307 3769 Λυσιαδέων
3358 3733 3552 3772 nomen
3610 3718 3809 3786 pra-fc-

2223 3808 2369 3852 runt.
2409 3796 2688 3866 Philippus
2715 3798 2962 3867 Lysiadis
3000 3809 3087 3853 est
3133 3802 3187 3854 in
3231 3800 3489 3857 Chalced.
3522 3818 3574 3872 p.
3607 3803 3732 3857 646.

2293 3880 2427 3936 Ibid.
2458 3880 2760 3948 Σύνναδα,
2793 3880 2945 3936 Ilane
2984 3883 3274 3951 provincia:
3316 3888 3633 3956 metropolin
3674 3905 3809 3942 cou-

2219 3963 2402 4018 cilium
2442 3966 2867 4020 Chacedouense
2907 3982 2960 4034 p.
3009 3966 3114 4020 673
3148 3969 3409 4037 imponit;
3458 3976 3597 4023 mute
3631 3969 3805 4041 Syno-

2217 4048 2408 4104 dorum
2436 4050 2800 4119 melropolita,
2828 4065 3156 4119 quamquam
3187 4068 3291 4105 non
3315 4053 3433 4107 sine
3463 4054 3590 4109 vitio
3612 4054 3649 4108 I.
3674 4070 3802 4108 xxiv

2219 4132 2360 4187 Hist.
2397 4131 2618 4188 Misce”.
2656 4132 2861 4187 Tabula
2905 4133 2974 4187 32
3021 4134 3089 4188 M.
3141 4134 3205 4188 P.
3252 4136 3506 4191 Docimco
3539 4151 3799 4195 semovet.

2224 4213 2354 4270 Vide
2387 4213 2563 4281 Vales.
2598 4215 2651 4269 in
2683 4216 2896 4270 Socrat.
2932 4214 3003 4270 ΙΙ.
3034 4215 3083 4269 Ε
3122 4233 3240 4285 .vu,
3275 4219 3327 4273 5.

2290 4301 2424 4355 Ibid.
2454 4292 2837 4368 Πρύμνησός.
2872 4301 3187 4371 Pryutncsia
3220 4301 3507 4365 Ptolemaeo
3549 4315 3603 4360 et
3640 4305 3811 4361 Chal-

2219 4386 2339 4439 ced.
2383 4384 2580 4439 concil.
2624 4400 2676 4452 p.
2705 4383 2835 4438 675.
2870 4383 3040 4453 Vulgo
3072 4387 3289 4453 quidem
3330 4388 3695 4460 Πρυμνιάσση
3731 4392 3805 4444 ibi

2217 4467 2543 4537 appellatur,
2580 4468 2676 4521 sed
2726 4482 2909 4521 virum
2956 4468 3185 4522 Latinus
3224 4469 3491 4538 interpres
3540 4478 3804 4538 servavit,

2216 4565 2271 4613 et
2308 4552 2724 4620 Coustautinop.
2773 4554 2988 4607 tertium
3028 4568 3079 4622 p.
3123 4555 3247 4611 675.

2285 4635 2424 4691 Ibid.
2458 4638 2656 4704 Ἰψος.
2708 4634 2905 4691 Urbem
2941 4637 3269 4703 nobilitavit,
3307 4643 3449 4707 quod
3488 4658 3655 4712 prope
3680 4660 3804 4698 eam

2216 4720 2580 4789 depugnatum
2628 4728 2734 4782 est,
2784 4722 3136 4775 memorabile
3182 4724 3445 4791 prarlium,
3490 4742 3601 4793 quo
3643 4730 3805 4781 Auti-

2215 4819 2390 4875 gonus
2430 4819 2459 4857 a
2493 4803 2795 4871 eoujuratis
2825 4806 3050 4865 ducibus
3084 4806 3254 4861 victus
3293 4818 3454 4876 atque
3482 4811 3805 4868 interfectus

2215 4899 2301 4943 est
2344 4888 2484 4956 apud
2534 4889 2877 4942 Plutarchum
2939 4889 2992 4942 in
3064 4889 3275 4959 Pyrrho
3342 4910 3395 4962 p.
3449 4895 3577 4950 58L
3627 4897 3802 4968 ’Ἄψος

2217 4986 2499 5039 perperam
2544 4969 2765 5029 Nicamo
2795 4973 3033 5027 secundo
3066 4988 3119 5041 p.
3155 4975 3276 5029 I6I.

2286 5055 2417 5108 Ibid.
2445 5053 2818 5123 Πολύγωτος.
2842 5053 3145 5119 Πολύόοτος
3167 5068 3502 5131 oportuerat.
3531 5060 3801 5133 Georgius

2215 5139 2499 5208 presbyter
2531 5138 2740 5199 πόλεως
2776 5137 3087 5190 Πολυὸάτου
3115 5150 3196 5195 est
3228 5141 3280 5194 iu
3306 5140 3525 5198 Nicaeuo
3558 5151 3802 5200 secundo

2215 5238 2266 5291 p.
2302 5221 2428 5284 558,
2458 5221 2584 5275 hinc
2613 5221 2972 5291 rcﬂugeudus.
3017 5222 3151 5279 Vide
3188 5224 3479 5282 Cellaiium
3516 5228 3582 5284 (ἶ.
3613 5231 3676 5285 Δ,
3713 5248 3797 5296 ιιι,

2212 5306 2268 5371 4,
2305 5322 2357 5373 p.
2406 5304 2523 5358 l68.

2285 5389 2418 5444 Ibid.
2450 5387 2746 5456 Δοκίμιον.
2778 5387 2995 5442 Addunt
3024 5388 3467 5449 Srhelstratenus
3503 5395 3800 5466 etliaudu-

2212 5476 2326 5531 rius
2370 5473 2757 5543 μητροπόλεως
2809 5472 3051 5538 titulum;
3097 5490 3206 5542 quo
3254 5486 3504 5533 ornatqu
3555 5498 3797 5550 unquam

2211 5558 2378 5614 fuisse
2421 5558 2671 5626 exiguum
2715 5557 2968 5627 oppidum
3016 5568 3070 5613 ct
3106 5560 3224 5617 solo
3283 5578 3556 5619 marmore
3614 5568 3799 5621 nobile

2212 5643 2350 5696 haud
2380 5650 2613 5697 constat.
2652 5640 2843 5695 Verius
2886 5654 3045 5694 suum
3087 5643 3189 5698 sibi
3234 5641 3408 5699 locum
3439 5640 3799 5719 ιιίηὲρόπολις

2210 5731 2262 5784 ἰιι
2312 5728 2556 5797 principe
2592 5726 2832 5781 editione
2861 5728 3148 5794 occupavit
3180 5746 3193 5781 :
3230 5730 3386 5787 binas
3412 5733 3555 5791 enim
3596 5749 3661 5788 co
3698 5751 3825 5787 uu-.

2210 5816 2356 5872 mine
2404 5816 2455 5870 in
2509 5811 2738 5885 Phrygia
2784 5810 2952 5868 fuisse
2988 5826 3019 5868 e
3061 5810 3342 5883 Stephano
3384 5818 3769 5891 uovimusquo
