4170 6472
392 371 531 438 1129

389 502 512 542 rum
555 485 785 539 fortasse
820 484 932 539 haec
963 486 1103 554 apud
1147 486 1463 540 Athenaeum
1510 486 1544 538 I.
1592 499 1721 548 ιιιιι,
1767 499 1820 552 p.
1872 482 1974 536 574

389 571 569 623 obvia.
599 569 909 637 Δοκίμειον,
947 579 1006 621 ιιι
1034 583 1099 621 eo
1132 568 1435 633 redeamus,
1475 567 1779 636 Stephano,
1811 565 1973 618 Δοκί-

391 668 576 722 μαιον,
649 667 756 706 non
804 653 922 706 sine
965 665 1174 716 errore,
1208 651 1516 716 I’tolemam,
1559 649 1790 720 Δοκιμία
1812 647 1975 718 κώμη

391 734 648 790 Straboni
696 735 740 790 Ι.
772 750 864 802 sn,
916 751 968 804 p.
1014 735 1140 789 577.
1185 735 1463 805 Δοκίμιον,
1514 733 1674 803 plane
1733 741 1792 787 ut
1847 732 1972 796 hic,

390 817 661 889 ἐπαρχίας
711 817 951 890 Φρυγίας
997 817 1367 887 Σαλουταρίας
1420 817 1694 887 Ephesiuo
1743 817 1976 870 concilio

387 917 447 970 p.
489 901 615 956 554.
662 899 796 956 Vide
833 899 1107 955 Norisium
1159 900 1379 955 Dissert.
1421 902 1446 955 1
1479 901 1550 956 de
1577 899 1776 968 Epoclt.
1804 898 1972 969 Syro-

393 983 602 1038 Macati.
641 1000 692 1053 p.
732 973 819 1040 14.

460 1068 577 1124 Col.
613 1067 736 1122 148.
766 1067 988 1137 Μῆρος.
1015 1065 1108 1122 Est
1127 1069 1265 1136 apud
1289 1067 1567 1122 Socratem
1593 1067 1663 1122 Η.
1687 1067 1752 1121 Ε.
1775 1083 1857 1132 ιιι,
1884 1067 1970 1130 15,

391 1161 446 1206 et
481 1150 773 1206 Sozomen.
815 1167 867 1215 v,
905 1152 994 1217 11,
1031 1152 1120 1205 ubi
1161 1149 1435 1206 Valesium
1465 1151 1606 1205 vide.
1653 1149 1766 1205 Nec
1811 1149 1974 1204 crede

389 1246 571 1289 tamen
612 1233 917 1304 poeteriore
961 1244 1122 1288 aetate
1159 1232 1478 1304 ComOpolin
1530 1233 1700 1289 fuisse
1737 1231 1972 1302 appella-

389 1327 536 1382 tam;
594 1333 769 1386 neque
821 1317 967 1372 enim
1025 1317 1414 1373 Constantinus
1463 1316 1760 1386 imperator
1812 1316 1850 1370 ι.
1913 1331 1968 1382 ι,

387 1401 580 1457 Thom.
612 1403 634 1454 1
663 1401 717 1455 id
741 1399 1056 1467 altirmabit,
1099 1401 1195 1455 sed
1223 1400 1428 1456 Merum
1458 1399 1626 1454 fuisse
1662 1399 1972 1469 κωμόπολιν

383 1484 502 1537 sive
527 1487 785 1552 grandem
814 1484 1015 1551 vicum,
1045 1484 1220 1553 quiad
1245 1483 1390 1538 urbis
1414 1483 1820 1553 amplitudinem
1849 1497 1974 1552 pro-

383 1567 533 1622 xime
559 1569 874 1633 accederet,
903 1569 980 1620 uti
1004 1567 1059 1622 in
1093 1567 1268 1622 Marci
1298 1565 1502 1636 Evang.
1541 1580 1584 1632 ι,
1623 1564 1713 1619 '58.
1743 1564 1972 1621 Carolus

380 1665 415 1703 a
444 1648 502 1704 S.
538 1649 705 1705 Paulo
730 1665 851 1705 cuin
874 1649 1084 1721 Myrum
1115 1659 1294 1716 vocat,
1325 1650 1394 1704 ab
1421 1648 1567 1702 Actis
1589 1647 1969 1715 conciliorum,

384 1744 444 1788 ut
477 1731 679 1788 Nicaeni
702 1734 930 1788 secundi
961 1747 1016 1802 p.
1042 1733 1170 1798 557,
1205 1732 1295 1788 ubi
1329 1731 1627 1787 Damianus
1653 1729 1880 1801 Μύρων,
1913 1731 1970 1787 in

379 1815 630 1870 fraudem
667 1815 932 1886 impulsus
961 1824 1066 1871 est.

452 1899 590 1954 Ibid.
623 1898 912 1954 Νακολία.
948 1896 1149 1954 Urbem
1184 1897 1448 1969 Phrygiae,
1495 1897 1581 1952 cui
1610 1894 1826 1953 Nacolia
1865 1912 1967 1954 no-

365 1996 532 2046 men,
558 1981 717 2035 πόλιν
747 1983 848 2050 τῆς
897 1981 1141 2051 Φρυγίας
1181 1976 1215 2053 ᾖ
1249 1978 1542 2034 Νακώλεια
1584 1979 1965 2051 προσωνυμία,

383 2067 451 2121 ad
485 2081 648 2135 quam
685 2064 886 2120 Valens
915 2063 1240 2136 Procopium
1281 2063 1673 2134 proﬂigaverit,
1714 2064 1969 2120 Socrates

381 2149 457 2204 11.
492 2149 561 2203 Ε.
594 2165 667 2217 tv,
693 2149 921 2204 Evocat.
955 2148 1186 2204 Basilius
1201 2147 1521 2212 Νακωλείας
1537 2147 1776 2220 Φρυγίας
1804 2147 1967 2202 Cbal-

377 2232 571 2290 cedon.
605 2232 835 2288 concilio
868 2248 920 2302 p.
949 2231 1053 2286 578
1075 2231 1391 2301 subcripsit.
1420 2229 1644 2286 Ceteris
1669 2228 1963 2296 Νακόλεια,

376 2326 437 2367 ιιι
462 2312 751 2371 ΡιυΙειιιωο
782 2325 837 2370 et
881 2314 1105 2370 Zozimo
1147 2329 1220 2379 iv,
1261 2314 1315 2370 8.
1347 2312 1486 2368 Vide
1528 2313 1629 2369 Ch.
1671 2312 1963 2368 Cellaritun

377 2395 448 2452 G.
488 2398 554 2453 Α.
598 2414 678 2461 ιιι,
713 2400 767 2460 4,
801 2414 852 2468 p.
884 2399 1008 2456 144.

451 2482 589 2535 Ibid.
612 2481 962 2549 Δορύλλ-ιον.
1001 2479 1315 2553 Δορύλαιον,
1342 2479 1418 2534 uti
1440 2479 1660 2548 Strabo;
1698 2481 1801 2536 nisi
1827 2479 1965 2538 Iorte

383 2563 726 2635 Δορύλλειον,
760 2565 919 2619 modo
965 2580 1160 2621 sanum
1205 2565 1257 2618 id
1297 2565 1388 2629 sit,
1433 2578 1553 2618 cum
1587 2563 1868 2620 Eustathio
1911 2565 1963 2620 in

378 2645 608 2719 Dionys.
641 2649 747 2704 815
778 2648 1028 2704 voluerit.
1078 2647 1332 2703 Proxime
1373 2647 1596 2703 ﬂuvium
1639 2650 1822 2704 sedem
1867 2651 1966 2704 ba-

379 2729 519 2798 buit,
554 2733 644 2802 qui
687 2732 739 2786 in
773 2729 927 2785 Thes.
967 2729 1184 2784 Britau.
1233 2743 1366 2788 tom.
1415 2747 1476 2795 ιι,
1531 2747 1583 2801 p.
1631 2731 1738 2785 257
1800 2748 1966 2786 numo

380 2815 698 2887 Δορυλαέων
733 2829 883 2868 urnae
929 2815 1219 2878 incumbit,
1249 2830 1577 2885 quamquam
1611 2829 1719 2885 quo
1750 2818 1966 2871 nomine

380 2899 545 2955 fuerit
590 2900 828 2954 nondum
876 2914 975 2968 pro
1030 2910 1308 2969 comperto
1348 2899 1598 2954 habetur.
1642 2899 1760 2956 Nic.
1819 2899 1964 2970 Hay-

380 2985 524 3038 mins
549 2981 872 3052 Sangarium
905 2981 1221 3049 arbitratur,
1249 2983 1334 3036 cui
1365 2997 1500 3037 sane
1529 2983 1580 3036 in
1604 2982 1806 3038 Tabula
1826 2983 1966 3038 Peu-

375 3071 664 3137 tingerana
682 3067 929 3121 accubat.
961 3067 1029 3120 At
1057 3066 1110 3121 id
1137 3066 1334 3121 flumen
1364 3067 1556 3121 urbem
1584 3065 1804 3122 alluisse
1833 3081 1957 3123 cum

374 3162 534 3208 certo
561 3151 703 3206 baud
733 3160 965 3216 constet,
1009 3151 1192 3204 malim
1228 3151 1550 3205 alterutrum
1580 3149 1820 3204 amnium
1846 3165 1964 3206 cre-

380 3237 511 3290 dere
556 3236 622 3290 de
672 3236 868 3305 quibus
928 3233 1229 3289 Cinnamus
1275 3250 1328 3299 v,
1369 3234 1421 3296 I,
1464 3235 1554 3288 ubi
1601 3236 1668 3288 de
1715 3232 1964 3291 Manuale

378 3317 796 3386 Comiten'),Atdt
813 3319 906 3372 τοῦ
942 3317 1344 3387 Ἑλλησπόντου
1379 3315 1626 3388 πορθμοῦ
1654 3318 1746 3370 ἐπὶ
1780 3318 1962 3383 Ἀσίας

375 3401 569 3466 διαϐὰς
598 3401 727 3472 ἄχρι
749 3400 1044 3470 Δορυλαίου
1066 3395 1220 3471 ἦλθε,
1251 3400 1380 3470 περὶ
1403 3399 1570 3469 ἄμφω
1601 3399 1678 3452 τὼ
1710 3402 1960 3471 ποταμὼ,

374 3478 457 3538 ὧν
499 3485 528 3538 ὁ
596 3485 694 3554 μὲν
724 3484 904 3544 Βαθὺς
945 3483 1080 3554 πρὸς
1124 3482 1232 3536 τῶν
1280 3482 1564 3552 ἐγχωρίων
1591 3521 1607 3548 ,
1655 3481 1861 3552 Θύαρις
1906 3483 1964 3537 δὲ

380 3569 576 3638 ἅτερος
628 3565 977 3637 ὀνομάζεται.
1021 3565 1171 3621 Adde
1217 3581 1292 3630 vi,
1320 3565 1388 3618 16
1424 3563 1667 3620 Nicetam
1711 3565 1960 3622 Choniat.

377 3651 582 3706 Annal.
611 3650 850 3704 Manuel.
880 3666 954 3716 vi,
989 3664 1042 3718 p.
1080 3649 1167 3704 88.

455 3737 588 3791 Ibid.
637 3735 920 3790 Μέδαιον.
953 3734 1179 3788 Μίδαιον
1221 3734 1336 3790 sive
1375 3732 1630 3799 Μιδόιεον,
1664 3735 1804 3790 unde
1851 3736 1958 3790 Mt-

372 3820 548 3876 δαέων
573 3820 720 3875 numi
749 3817 1242 3890 apudlllarduinum
1264 3827 1320 3872 et
1335 3816 1507 3873 I‘lolst.
1530 3818 1584 3872 in
1607 3817 1959 3888 Stpebanum.

449 3906 588 3962 Ibid.
617 3905 818 3976 Δῆμου
846 3902 1125 3958 Λυκαῶν.
1157 3901 1440 3958 Posterius
1465 3915 1495 3954 e
1527 3916 1629 3956 IIIS.
1665 3902 1800 3956 eruit
1829 3901 1958 3957 Hol-

331 3998 336 4000 '
374 3990 632 4056 steinius,
673 4003 706 4042 e
752 4003 861 4057 quo
907 3986 1203 4040 Λυκαόνων
1245 3985 1412 4056 δῆμος
1451 3983 1673 4040 formari
1723 3995 1957 4054 oportet.

373 4075 582 4146 Δῆμος,
609 4083 666 4127 ιιι
689 4087 854 4142 saepe,
887 4087 1081 4142 pagunt
1112 4077 1262 4125 notat
1291 4087 1304 4124 :
1335 4069 1650 4139 Stephanus
1670 4069 1958 4141 Εὑκαρπία

373 4158 550 4229 bimo;
581 4157 682 4226 τῆς
729 4158 934 4226 μικρᾶς
961 4153 1224 4226 Φρυγίας,
1261 4165 1316 4210 et
1348 4155 1400 4208 in
1434 4152 1635 4224 Δῆμος.
1680 4153 1960 4225 Lycaones

376 4243 433 4295 in
479 4239 713 4310 Phrygia
761 4238 991 4302 Plinius,
1022 4253 1076 4303 v,
1120 4235 1192 4292 29
1235 4237 1502 4306 agnoscit,
1553 4236 1722 4305 probe
1767 4246 1958 4293 contra

375 4323 712 4377 Ilartluinum
741 4336 772 4376 a
800 4321 904 4377 Cb.
935 4319 1169 4376 Cellario
1197 4318 1266 4378 G.
1308 4319 1377 4375 A.
1412 4335 1495 4386 ιιι,
1535 4317 1592 4385 4,
1636 4334 1690 4389 p.
1738 4319 1841 4374 164
1866 4321 1960 4376 de-

375 4410 581 4461 ιὐιιδοε.

448 4489 583 4544 Ibid.
605 4488 806 4557 Δήμου
828 4486 1187 4554 Αὐράκλεια.
1220 4486 1381 4542 Forte
1404 4486 1573 4559 δῆμος
1587 4488 1951 4560 Αύλοκρήναι.

374 4574 585 4630 Plinius
614 4572 942 4627 Aulocrenas
977 4568 1221 4640 Phrygia:
1260 4572 1466 4638 tribuit,
1487 4577 1545 4638 ν,
1575 4574 1666 4630 29.
1689 4574 1953 4645 Marsyas,

377 4658 574 4726 inquit,
611 4655 682 4708 ibi
716 4655 982 4721 redditur,
1011 4657 1171 4723 prius
1212 4668 1276 4706 ac
1315 4657 1473 4721 paulo
1523 4672 1648 4710 mox
1687 4659 1956 4723 conditus,

375 4741 466 4795 ubi
486 4740 704 4793 certavit
735 4739 986 4792 tibiarum
1009 4748 1172 4790 cantu
1197 4752 1313 4790 cum
1339 4735 1600 4805 Apolline,
1622 4738 1955 4796 Aulocrenis:

377 4827 451 4878 ira
478 4836 695 4879 vocatur
726 4822 976 4878 convallis
1019 4826 1192 4876 decem
1242 4819 1376 4875 mill.
1413 4837 1668 4890 passuum
1712 4826 1776 4878 ab
1819 4827 1959 4895 Apa-

379 4910 490 4962 mia
519 4907 810 4978 Phrygiam
845 4906 1159 4972 petentibus.
1193 4904 1404 4981 Etoxvt,
1452 4903 1546 4968 45,
1593 4905 1736 4960 favet
1776 4909 1954 4977 suspi-

376 4993 522 5047 cioni
554 4992 776 5060 Aquitas
806 4989 1096 5059 episcopus
1120 4986 1440 5057 Δύλοκρῶν,
1481 4987 1574 5056 qui
1612 4990 1753 5043 inter
1781 4988 1953 5062 Phry-

375 5078 480 5145 gia:
522 5073 789 5129 Salutaris
835 5071 1097 5143 praasules
1136 5071 1464 5126 Chalcedon.
1517 5086 1572 5140 p.
1606 5071 1712 5128 400
1756 5089 1952 5130 nomen

375 5175 536 5213 suum
597 5156 902 5227 proﬁtetur.
941 5155 1078 5222 Quia
1154 5163 1338 5209 tamen
1387 5155 1712 5225 Αύροκλὲων
1753 5172 1808 5227 p.
1849 5157 1956 5214 246

377 5241 620 5305 dicitur,
670 5239 804 5294 nihil
875 5238 1234 5294 decreverim.
1303 5236 1362 5292 Id
1443 5238 1662 5304 addam,
1713 5241 1766 5294 in
1815 5236 1956 5296 Geo-

377 5325 569 5394 grapb.
604 5321 770 5377 Sacra
805 5322 1072 5393 praeteriri
1101 5323 1245 5376 haud
1280 5321 1550 5377 debuisse.

452 5408 583 5461 Ibid.
617 5402 816 5474 Δήμου
871 5405 1277 5475 Ἀλαμασσοῦ.
1311 5403 1369 5460 In
1397 5407 1627 5461 concilio
1661 5406 1955 5464 Chalcedo-

378 5490 532 5546 nensi
565 5489 683 5558 ejus
724 5490 1010 5560 episcopus
1055 5498 1410 5553 memoratur,
1459 5489 1764 5560 diciturque
1799 5492 1953 5558 πόλις

388 5571 708 5644 ’Λμαδάσση
734 5588 785 5641 p.
828 5571 954 5637 675,
984 5581 1040 5627 et
1076 5573 1130 5628 in
1176 5572 1590 5644 Constantinop.
1627 5576 1867 5630 secundo
1897 5591 1952 5644 p.

375 5659 483 5715 244
512 5659 707 5714 civitas
737 5658 1260 5715 Amadassenorum.
1309 5657 1531 5715 Rectius
1571 5659 1755 5729 itaque
1783 5659 1956 5731 δῆμος

389 5745 450 5799 ’Δ
459 5742 760 5812 μαδάσσης.

450 5827 582 5890 Ibid.
605 5824 803 5898 Δήμου
823 5825 1198 5895 Προπνίασα.
1233 5824 1396 5883 Forte
1420 5827 1590 5901 δῆμος
1621 5827 1952 5890 Πραιπένισ.

693 5921 964 5986 Ρλτιιοι..
999 5921 1152 6006 .Gnr
1179 5921 1381 5988 CXIII.

1242 371 1638 432 COMMENT,
1687 370 1767 431 IN
1808 367 2228 430 HIEROCLIS
2272 371 2819 438 SYNECDEMUM.

3519 376 3652 438 ΠΗ

2087 499 2197 547 σος.
2275 485 2644 556 Prmpenissus
2704 497 2788 544 est
2835 487 2977 544 inter
3021 487 3267 559 Phrygiae
3313 491 3472 544 urbes
3515 495 3654 560 apud

2082 563 2464 635 Ptolemaeum,
2497 571 2897 643 Subscribitque
2937 571 3204 625 Auxanon
3243 571 3455 636 πόλεως
3489 575 3661 644 Πραι-

2079 650 2336 704 πενίσσου
2373 652 2804 709 Chalcedonensi
2830 671 2882 724 p.
2906 654 3030 710 675.
3053 653 3210 721 Quod
3241 669 3367 711 vero
3398 658 3482 712 bis
3509 660 3659 729 pagis

2078 736 2317 804 episcopi
2363 737 2562 792 fuerint
2597 739 2866 807 impositi,
2905 739 2956 794 id
2996 749 3316 808 argumento
3363 749 3445 796 est
3488 741 3660 798 fuisse

2076 820 2422 889 κωμοπόλεις
2447 821 2570 885 sive
2602 824 2810 892 amplos
2849 833 2904 878 et
2937 823 3137 878 civium
3177 822 3481 894 frequentia
3515 826 3658 882 cele-

2077 903 2200 958 bres
2238 920 2419 976 pagos,
2455 907 2597 961 unde
2629 917 2686 962 et
2722 907 2906 969 πόλεις
2943 905 3372 964 Chalcedonensi
3422 911 3657 965 concilio

2075 987 2354 1042 dicuntur.
2397 989 2690 1059 Ceteroqui
2729 1005 2964 1046 canones
2996 1006 3134 1063 pago
3181 1001 3274 1046 aut
3305 1008 3484 1062 parva:
3513 997 3654 1059 urbi,

2077 1070 2163 1124 cui
2199 1071 2280 1125 vel
2319 1087 2456 1125 unus
2487 1075 2772 1144 presbyter
2808 1075 3100 1140 suﬂiceret,
3136 1076 3450 1146 episcopum
3491 1092 3658 1149 nega-

2079 1156 2241 1221 bant,
2271 1164 2327 1208 ιιι
2359 1157 2550 1226 synodi
2600 1157 2942 1213 Sardicensis
3001 1159 3082 1214 ϐε
3135 1160 3228 1230 Μὴ
3275 1161 3477 1226 ἐξεῖναι
3523 1163 3658 1217 καθ-

2080 1237 2558 1318 ιστᾶνᾼὲπίσκοπον
2580 1239 2764 1293 ἔν-τινι
2789 1239 3004 1313 κώριῃῆ
3037 1243 3268 1314 βραχείᾳ
3291 1243 3464 1308 πόλει,
3546 1247 3658 1299 sivi.

2078 1319 2173 1372 καὶ
2196 1316 2277 1384 εἷς
2306 1321 2682 1394 πρεσϐύτερος
2711 1325 2947 1395 ἐπαρκεῖ
2965 1339 2979 1355 ο
3027 1335 3081 1380 et
3115 1326 3306 1394 synodi
3336 1316 3657 1383 Laodicenis

2074 1401 2165 1467 56,
2207 1404 2302 1472 qui
2363 1406 2721 1477 περιοδευτὰς
2755 1408 2873 1462 sive
2911 1408 3248 1475 visitatores,
3275 1417 3333 1463 ut
3369 1409 3657 1480 Dionysius

2075 1482 2317 1555 Exiguus
2339 1490 2521 1552 vertit,
2549 1488 2616 1551 de
2641 1490 2839 1560 quibus
2869 1493 3198 1562 Beveregius
3225 1493 3404 1562 plura,
3442 1493 3493 1546 in
3516 1495 3658 1564 ejus-

2075 1567 2217 1620 modi
2239 1582 2406 1638 pagos
2430 1569 2720 1638 amandat;
2745 1587 3076 1643 quamquam
3099 1584 3154 1628 et
3183 1573 3234 1628 id
3266 1575 3402 1628 citra
3428 1575 3654 1630 dubium

2072 1657 2179 1714 est,
2213 1647 2358 1704 haud
2393 1666 2516 1706 raro
2545 1654 2836 1721 prasulum
2868 1655 3165 1712 ambitione
3195 1657 3398 1726 Optime
3435 1657 3654 1714 decreta

2073 1730 2242 1787 fuisse
2276 1742 2529 1803 proterve
2562 1737 2902 1804 conculcata,
2933 1749 2988 1794 et
3031 1753 3139 1809 quo
3181 1739 3363 1809 plures
3393 1739 3656 1810 suﬂ'raga-

2073 1829 2228 1881 neos,
2259 1831 2397 1885 quos
2419 1827 2634 1885 vocant,
2658 1819 2990 1888 acciperent,
3020 1821 3172 1891 pagis
3195 1829 3359 1891 atque
3385 1824 3654 1892 oppidulis

2065 1897 2356 1968 episcopos
2392 1900 2570 1957 datos.
2614 1903 2674 1955 In
2722 1901 2908 1958 Africa
2947 1913 3097 1958 certe
3133 1918 3229 1973 per
3281 1907 3656 1961 contentiones

2071 1977 2437 2037 Donatisticas
2477 1982 2850 2040 incredibilem
2879 1985 2934 2040 in
2974 1986 3192 2040 modum
3233 1987 3518 2055 praesulem
3548 2005 3653 2043 nu-

2071 2077 2257 2120 merus
2290 2065 2544 2133 increvit,
2579 2068 2948 2136 paulatimque
2973 2067 3110 2122 villae
3138 2053 3291 2122 fundi
3321 2053 3383 2124 et.
3399 2071 3502 2126 vici
3524 2087 3654 2127 suos

2068 2147 2170 2202 sibi
2201 2148 2517 2218 praepositos
2549 2151 2818 2216 viderunt,
2844 2151 2983 2205 sicut
3009 2165 3072 2204 ex
3109 2147 3308 2206 Callat.
3334 2150 3650 2224 Cartliagin.

2070 2244 2118 2284 c.
2163 2231 2260 2285 181
2315 2230 2559 2302 colligas.
2595 2232 2708 2289 Sed
2758 2233 2874 2288 hate
2917 2234 2986 2289 ab
3029 2235 3276 2290 instituto
3315 2249 3415 2290 nos
3458 2250 3656 2294 avoca-

2068 2319 2188 2366 rent
2217 2311 2446 2381 longius.

2141 2394 2275 2450 Ibid.
2320 2396 2468 2451 Ὑπὸ
2507 2396 2974 2464 κονσουλὰριον.
3016 2396 3158 2454 Olim
3201 2399 3359 2470 Lycra
3402 2410 3459 2457 et
3494 2402 3652 2458 Patu-

2070 2477 2250 2550 phylia
2292 2479 2383 2533 uni
2428 2480 2739 2549 proconsuli
2776 2492 3101 2550 paruerunt;
3146 2483 3288 2537 unde
3319 2483 3384 2538 C.
3424 2483 3652 2540 Porcius

2066 2576 2261 2631 procos
2285 2562 2461 2634 Lyciae
2489 2571 2544 2618 et
2573 2560 2904 2634 Pamphylia:
2937 2563 2989 2618 in
3017 2562 3180 2620 Thes.
3206 2581 3260 2636 p.
3290 2565 3650 2636 CCCCLVIII,

2067 2645 2123 2701 6.
2169 2645 2283 2701 Sub
2314 2646 2669 2702 Constantino
2695 2647 2976 2714 praesidem
3020 2646 3350 2715 habuerunt,
3387 2651 3452 2705 ad
3487 2667 3648 2720 quem

2068 2729 2104 2783 l.
2128 2728 2183 2794 2,
2213 2745 2264 2784 c.
2286 2728 2392 2786 Th.
2419 2728 2487 2783 de
2517 2742 2686 2783 censu
2707 2728 2831 2782 data
2852 2737 2954 2783 est.
2988 2729 3205 2784 Diceres
3234 2731 3380 2787 Decii
3407 2741 3651 2802 tempore

2069 2832 2095 2866 a
2134 2812 2299 2884 Lycia
2323 2813 2435 2884 jam
2483 2812 2650 2867 fuisse
2689 2812 3006 2866 distractam
3037 2813 3106 2867 ob
3137 2813 3470 2886 Pamphyliae
3510 2831 3650 2886 pra:-

2069 2895 2334 2952 i‘ccturam
2369 2894 2638 2950 Martiano
2673 2894 2742 2949 ab
2769 2909 2834 2949 eo
2863 2895 3192 2966 imperatore
3230 2899 3561 2965 mandatam,
3595 2899 3650 2954 in

2067 2979 2219 3035 Actis
2251 2978 2310 3034 S.
2347 2979 2560 3034 Achatii
2585 2979 2724 3047 apud
2757 2976 3010 3032 Ruinart.
3043 2993 3094 3046 p.
3125 2978 3246 3042 155,
3273 2981 3318 3035 si
3348 2983 3503 3036 bonae
3525 2982 3650 3039 lidei

2067 3078 2280 3133 semper
2306 3077 2370 3117 ea
2400 3069 2584 3118 essent
2615 3069 2986 3118 monumenta.
3017 3061 3178 3117 Forte
3205 3062 3544 3120 Theodosius
3571 3082 3660 3138 se:

2067 3148 2275 3203 candus
2299 3146 2480 3219 Lyciae
2512 3161 2668 3200 suum
2702 3145 2984 3216 praesidem
3029 3146 3305 3215 imposuit,
3342 3161 3446 3218 qua
3479 3152 3545 3205 de
3593 3166 3651 3208 re

2066 3234 2225 3288 alias.
2257 3232 2448 3288 Fuisse
2475 3245 2602 3286 vero
2633 3231 2978 3286 consularem
3023 3228 3396 3302 Pamphyliam
3441 3231 3650 3290 Notitia

2064 3317 2191 3382 imp.
2220 3316 2278 3368 in
2307 3313 2510 3369 Orient.
2551 3329 2602 3367 c.
2633 3313 2657 3366 1
2691 3314 2867 3368 docet.

2136 3398 2272 3453 Ibid.
2299 3395 2517 3467 Πέργῃ.
2549 3394 2693 3450 Editi
2729 3408 2918 3451 omnes
2941 3392 3199 3450 Σύλλαιον
3225 3395 3478 3468 jungunt,
3519 3414 3584 3455 ac
3599 3403 3646 3457 si

2064 3483 2252 3536 eadem
2283 3481 2413 3535 urbs
2436 3487 2599 3541 esset,
2627 3491 2851 3546 prorsus
2874 3487 3064 3533 contra
3092 3493 3280 3534 verum
3306 3497 3323 3534 :
3347 3483 3648 3539 distinctis-

1999 3565 2008 3568 ’
2064 3565 2216 3618 sima:
2244 3562 2392 3617 enim
2438 3564 2678 3624 fuerunt,
2715 3558 2944 3630 singulis
2971 3561 3265 3631 episcopis,
3298 3573 3357 3617 ut
3394 3579 3461 3618 ex
3487 3565 3651 3620 Chal-

2064 3645 2355 3703 cedonensi
2400 3644 2630 3700 concilio
2672 3645 2942 3708 novimus,
2976 3645 3228 3700 subditae.
3275 3646 3494 3704 Seriore
3531 3652 3653 3720 qui-

2065 3732 2185 3787 dem
2228 3743 2347 3785 avo
2389 3729 2626 3799 dignitas
2668 3727 3082 3797 metropolitana
3124 3729 3359 3800 Sylwum
3406 3739 3645 3801 ornavit,

2065 3829 2240 3883 eaque
2291 3827 2456 3868 causa
2527 3819 2633 3876 est,
2674 3825 2774 3866 cur
2820 3811 2875 3866 in
2925 3809 3048 3867 aliis
3096 3811 3317 3869 Notitiis
3358 3816 3389 3866 ό
3426 3816 3646 3889 Πέργης

2064 3899 2184 3970 ἦτοι
2232 3897 2462 3951 Συλαίοο
2513 3895 2803 3966 episcopus
2851 3905 3206 3952 memoretur.
3261 3900 3333 3954 At
3373 3903 3643 3965 nondum,

2062 4001 2185 4040 cum
2209 3982 2485 4038 Hierocles
2514 3996 2665 4038 suam
2692 3981 2982 4049 digereret,
3018 3993 3084 4036 eo
3132 3996 3222 4037 res
3262 3984 3534 4042 redierat:
3561 3989 3643 4042 di-

2060 4069 2415 4138 stinguuntur
2433 4065 2576 4121 enim
2602 4062 2890 4131 utriusque
2902 4062 3140 4132 episcopi
3158 4065 3212 4120 in
3230 4065 3647 4140 Constantinop.

2064 4152 2243 4206 tertio.
2279 4149 2408 4203 Erat
2437 4147 2607 4216 Perge
2644 4145 2934 4216 provinciae
2961 4150 3295 4218 metropolis,
3313 4150 3471 4207 sicuti
3501 4168 3642 4221 pm-

2063 4245 2146 4288 ter
2165 4232 2614 4289 Chalcedonense
2637 4232 2924 4287 concilium
2958 4248 3012 4302 p.
3038 4233 3145 4288 656
3172 4235 3495 4291 scholiastes
3523 4238 3646 4292 Cal-

2064 4317 2249 4371 Iimahi
2286 4318 2470 4387 bytnn.
2507 4314 2560 4368 in
2593 4314 2753 4370 Diau.
2785 4331 2838 4368 v.
2867 4315 2966 4368 l87
2989 4326 3044 4370 et
3065 4318 3318 4386 egregius
3344 4334 3543 4374 uumus
3575 4322 3644 4373 ab

2068 4400 2269 4454 Ezech.
2302 4397 2636 4468 Spanhetnio
2682 4397 2976 4468 (dissert.9
2997 4400 3062 4452 de
3088 4397 3150 4452 V.
3196 4410 3251 4456 et
3281 4399 3346 4456 P.
3391 4401 3552 4455 Nunt.
3587 4419 3642 4472 p.

2061 4483 2184 4556 59I)
2229 4485 2525 4555 productus
2553 4482 2866 4537 ostendunt.
2892 4479 3053 4535 Secta
3080 4475 3284 4539 deiu'in
3315 4486 3449 4540 duas
3482 4485 3642 4540 Pam-

2058 4569 2265 4642 phylia,
2287 4581 2409 4636 qua:
2445 4575 2621 4619 tamen
2649 4563 2840 4621 divisio
2860 4562 3128 4634 Hierocle,
3145 4567 3474 4639 quod'supra
3498 4579 3641 4639 pate.

2066 4641 2315 4718 faciams,
2354 4641 2628 4720 posterior
2656 4657 2760 4712 est,
2796 4648 2971 4721 Pergo
3002 4645 3336 4723 Pamphylia:
3361 4658 3638 4724 secundae,

2061 4739 2250 4810 prima:
2280 4748 2408 4788 vero
2429 4731 2557 4787 Side
2587 4733 2905 4802 inetropolis
2937 4749 3058 4791 esse
3097 4737 3288 4805 coepit.

2133 4819 2268 4875 Ibid.
2292 4819 2617 4872 Σύλλαιον.
2646 4816 2877 4872 Σύλαιον
2905 4817 3266 4878 Constantino
3299 4823 3338 4878 l.
3363 4823 3416 4890 1,
3443 4823 3641 4887 Thom.

2062 4908 2150 4972 14,
2220 4914 2275 4959 et
2320 4901 2738 4972 Constantinop.
2797 4902 2959 4958 tertio
3002 4921 3056 4975 p.
3105 4907 3232 4974 677,
3304 4908 3397 4964 ubi
3442 4909 3642 4970 Paulus

2060 4991 2271 5054 πόλεως
2299 4987 2527 5041 Συλαίου
2567 4987 2668 5058 τῆς
2697 4987 3037 5058 Παμφυλίων
3072 4991 3368 5062 ἐπαρχίας,
3415 5009 3515 5048 nec
3542 4997 3642 5050 ali-

2061 5085 2142 5130 ter
2165 5073 2308 5127 Actis
2342 5071 2405 5127 S.
2433 5069 2687 5139 Stephani
2716 5069 2981 5139 Juuioris,
3010 5090 3043 5128 a
3074 5073 3431 5130 Benedictiuis
3455 5077 3638 5148 vulga-

2060 5162 2148 5214 lis.
2184 5174 2236 5228 p.
2263 5157 2390 5223 452,
2432 5171 2551 5227 quae
2592 5155 2813 5225 Lyciam
2859 5158 2988 5214 hinc
3033 5160 3346 5227 ordiuntur,
3395 5164 3497 5216 etsi
3539 5165 3640 5232 ipsi

2061 5243 2256 5297 Σύλεον
2287 5241 2596 5297 maluerint.
2627 5237 2862 5295 Putares
2899 5241 3080 5312 itaque
3127 5253 3336 5298 rectum
3381 5243 3432 5296 id
3475 5259 3636 5300 esse:

2061 5339 2117 5383 at
2147 5327 2326 5382 obstat
2350 5323 2572 5376 Σύλειον
2606 5321 2865 5391 Stephani
2888 5333 2942 5380 et
2977 5324 3198 5396 Syleum
3235 5325 3394 5380 Livii.
3429 5326 3640 5382 Salma-

2061 5411 2252 5467 siusin
2286 5407 2462 5462 Solin.
2495 5421 2548 5476 p.
2594 5405 2701 5461 5I9
2743 5407 2972 5473 Σίλλιον,
3019 5410 3121 5463 nisi
3164 5422 3319 5463 error
3355 5410 3424 5463 ibi
3467 5411 3537 5465 sit
3571 5414 3639 5466 ab

2061 5494 2243 5565 operis
2279 5493 2627 5556 commissus,
2675 5505 2863 5547 verum
2905 5505 3027 5546 esse
3072 5491 3366 5561 pertendit.
3408 5492 3641 5548 llolstei-

2062 5579 2184 5634 nius
2205 5576 2434 5631 Σύλαιον
2459 5574 2675 5646 praefert
2713 5577 2779 5630 ad
2817 5576 3172 5646 Stephanum,
3223 5585 3384 5646 atque
3421 5578 3616 5632 Arrian

2062 5663 2267 5732 Exped.
2303 5661 2564 5715 Alexand.
2603 5660 2657 5723 1,
2695 5660 2764 5713 27
2786 5658 3027 5723 Σύλλιον,
3089 5659 3303 5731 χωρίων
3344 5661 3543 5732 ὀχυρὸν
3571 5661 3640 5716 ad

2063 5747 2208 5801 banc
2242 5758 2491 5800 normam
2529 5743 2775 5812 corrigit.
2813 5740 2926 5812 Ego
2958 5743 3011 5797 in
3035 5742 3272 5798 Arriano
3304 5744 3440 5799 nihil
3467 5753 3638 5810 muto,

2063 5817 2365 5888 Σύλλιον⁹ει
2393 5825 2644 5883 Σύλλειον
2669 5826 2880 5886 caeteris
2901 5834 3156 5891 praestare
3188 5826 3508 5886 arbitratus.
3529 5827 3642 5885 Ila-

3217 5919 3292 5983 36
