4170 6438
523 324 663 395 1131

528 441 621 498 bet
659 442 710 495 id
747 418 1001 508 I’blybius
1032 432 1168 505 Leg.
1210 431 1300 498 50,
1345 439 1420 498 et,
1470 444 1632 500 quam
1673 425 2107 484 conformatione

526 523 834 580 litterarum
876 521 921 574 A
958 528 1013 574 et
1044 520 1090 572 Δ
1125 518 1405 587 deceptam
1453 529 1614 569 nemo
1653 513 1866 574 dixerit,
1902 508 2108 563 Tabula

408 589 415 596 λ
524 607 952 680 Peutingerana.
988 603 1280 673 Perperam
1329 612 1459 668 ergo
1495 596 1819 680 Ptolemaeus
1850 592 2109 680 2619:1011,

523 704 585 752 et
634 673 1080 748 Cltalcedonettse
1138 703 1193 757 p.
1233 683 1342 739 402
1386 681 1596 736 Σιλυον.
1639 678 1909 752 Oppidum
1967 673 2111 731 haud

525 776 757 834 multum
785 772 959 840 Perga
989 770 1247 824 distabat.

597 859 722 915 Col.
758 854 859 910 HS
907 852 1210 921 Μὰγυΰος.
1236 849 1326 905 Sic
1355 859 1410 905 et
1433 849 1605 906 Palat.
1633 853 1687 901 et
1722 842 1948 901 Coislin.
1979 857 2112 897 mss.

524 940 797 998 Plo'etntei
820 954 917 1009 pro
936 937 1148 1006 vulgato
1163 934 1434 999 Μάτυλος.
1453 931 1611 988 Nutni
1628 929 1930 999 Μαγυδέων
1947 926 2112 982 Thes.

524 1024 735 1080 Britan.
774 1034 907 1078 tom.
942 1018 1008 1087 Il,
1044 1036 1098 1088 p.
1124 1019 1252 1086 I89,
1278 1019 1330 1074 id
1362 1019 1612 1089 probant.
1633 1018 1814 1083 Quare
1840 1029 1944 1069 non
1967 1022 2113 1068 recte

527 1108 662 1166 satis
719 1105 1146 1174 Magzedensium
1197 1103 1395 1158 civitas
1438 1100 1771 1173 Pamphylia:
1794 1094 2112 1153 Constanti-

525 1208 656 1260 nnp.
696 1190 936 1247 secundo
962 1204 1016 1259 p.
1040 1187 1177 1251 241,
1215 1201 1314 1241 nee
1345 1184 1608 1254 Μαγίδων
1659 1182 1815 1246 πόλις
1842 1182 2114 1236 Constan-

527 1278 699 1345 tinop.
724 1273 886 1331 tertio
916 1287 969 1342 p.
992 1269 1120 1336 502,
1143 1270 1338 1326 nedum
1363 1268 1516 1332 πόλις
1542 1267 1759 1331 Μαῦδος
1780 1265 2109 1321 Chalcedon.

524 1375 582 1431 p.
617 1357 745 1414 672.
792 1355 987 1412 Verius
1025 1353 1439 1425 Magydensium
1483 1352 1676 1408 civitas
1704 1366 1758 1421 ι).
1799 1346 2111 1434 646yeteri

526 1439 834 1498 interpreti.

599 1456 1084 1594 ίῖὲῗιῖθξᾍτταλια.
1126 1518 1265 1575 Nota
1305 1518 1436 1574 urbs
1468 1531 1500 1574 e
1540 1516 1811 1572 Strabone
1845 1519 1928 1571 est
1967 1511 2112 1567 circa

523 1608 795 1679 Corycum
819 1606 1018 1677 posita.
1046 1602 1244 1658 Suidas
1277 1602 1332 1657 in
1360 1602 1692 1672 Κωρυκαῐος
1726 1598 1889 1653 sitam
1928 1595 2006 1650 ait
2035 1594 2113 1679 ad

525 1675 798 1761 Corycum
822 1675 1281 1755 promontorium,
1300 1684 1446 1739 haud
1472 1683 1710 1740 obscure
1735 1682 2002 1752 Corycum
2023 1675 2115 1732 Ci-

526 1774 667 1831 liciae
682 1787 806 1828 cum
831 1769 1158 1842 cognomine
1179 1766 1516 1837 Pamphylia:
1538 1764 1736 1835 Oppido
1754 1761 2111 1842 confundens;

527 1870 693 1926 quem
730 1841 982 1911 eumdem
1007 1864 1250 1907 errorem
1275 1847 1580 1904 Salmasius
1607 1848 1663 1903 in
1693 1846 1869 1903 Solio.
1892 1860 1947 1915 p.
1983 1841 2111 1907 545,

529 1936 885 2007 reprehendit
906 1934 961 1990 in
993 1931 1294 2000 Demetrio,
1323 1945 1432 2000 quo
1467 1929 1782 1999 Stephanus
1814 1937 1952 1984 teste
1983 1940 2115 1981 usus

526 2021 653 2077 fuit.
679 2006 923 2074 Ἀἷάλων
948 2015 1258 2087 episcopus,
1291 2012 1386 2085 qui
1418 2011 1695 2083 Ephesino
1716 2009 2113 2068 interfuitcon—

526 2106 659 2161 cilio
684 2119 740 2175 p.
773 2101 900 2168 535,
936 2099 1066 2156 hinc
1096 2096 1220 2163 fuit,
1249 2095 1621 2168 appellarique
1663 2093 1968 2149 Ἀτταλέων
2005 2093 2115 2148 de-

529 2190 746 2244 buerat.
777 2184 1049 2242 Ceterum
1076 2182 1287 2239 seriore
1315 2189 1477 2237 aetate
1524 2179 1654 2236 urbs
1696 2178 1764 2234 ab
1795 2177 1989 2234 Alexio
2015 2176 2117 2231 im-

528 2283 785 2344 peratore
824 2265 1245 2336 metropolitana
1273 2263 1418 2334 jura,
1456 2262 1918 2334 quemadmodum
1959 2257 2114 2344 Noti-

528 2343 603 2413 iia
636 2353 751 2409 Jac.
787 2351 956 2409 Goari
997 2353 1279 2413 docemur,
1318 2345 1652 2417 impetravit.
1702 2344 1841 2399 Hinc
1876 2343 2115 2412 explica,

525 2437 673 2508 quod
730 2431 1023 2503 ereteroqui
1058 2422 1360 2487 absurdum
1398 2428 1569 2485 videri
1621 2437 1826 2498 posset,
1866 2424 2112 2481 scholion

526 2520 874 2579 Balsamonis
929 2527 985 2572 et
1038 2510 1289 2569 Zonarae
1330 2522 1464 2570 tom.
1512 2511 1533 2567 I
1577 2510 1787 2567 Canon.
1835 2508 2113 2575 Beveregii

524 2624 582 2678 p.
616 2604 720 2661 IO7
752 2622 766 2660 :
802 2598 1099 2672 Παμφυλία
1126 2596 1276 2652 ἐστὶν
1303 2598 1337 2670 ἡ
1371 2597 1472 2667 τῆς
1533 2596 1817 2661 Ἀτταλίας
1854 2593 2113 2665 ὲπαρχία.

525 2690 663 2747 Vide
685 2700 903 2759 quoque
930 2681 1166 2738 Tzetzen
1196 2680 1409 2737 Chiliad
1464 2695 1541 2745 v1,
1570 2679 1657 2734 72.

596 2773 734 2829 Ibid.
771 2769 974 2841 Δήμου
1013 2765 1371 2836 Οὑλιάμϐος.
1411 2765 1495 2820 Ab
1531 2765 1653 2821 aliis
1694 2774 1752 2819 ut
1791 2762 1918 2819 huic
1959 2760 2116 2817 nobis

526 2873 702 2930 pagus
752 2855 1058 2925 explicetur
1105 2859 1391 2920 exspecto,
1447 2849 1683 2919 gratiam
1741 2846 2016 2901 relaturus
2067 2845 2117 2901 si

528 2929 721 2998 eadem
758 2952 924 3008 opera
955 2935 1103 2990 binis
1132 2932 1517 3002 sequentibus,
1547 2932 1641 3000 qui
1690 2945 1866 2984 meam
1913 2929 2117 2984 frustra

532 3023 918 3094 implorarent,
983 3030 1308 3072 succurrere
1363 3014 1654 3069 voluerint.
1707 3008 1952 3067 Meminit
1982 3026 2118 3066 sane

532 3108 751 3164 Notitia
813 3102 932 3160 lac.
996 3100 1158 3158 Coari
1230 3097 1693 3168 Δικιοτανάσρων,
1759 3098 2118 3166 videnturque

531 3193 728 3247 eadem
779 3202 843 3242 ac
879 3183 1167 3254 Κάναυρα,
1200 3197 1304 3238 nec
1339 3181 1506 3236 hilum
1558 3193 1737 3259 tamen
1767 3180 1980 3252 juvant.
2011 3178 2116 3233 Ca-

532 3276 683 3331 rolus
710 3286 741 3326 a
761 3271 819 3326 S.
846 3270 1018 3325 Paulo
1042 3283 1146 3323 non
1176 3266 1339 3321 aliam
1361 3280 1483 3321 esse
1510 3280 1572 3321 ac
1596 3262 1915 3334 Zenopolim
1943 3261 2118 3317 ﬁden-

532 3373 618 3416 ter
670 3357 925 3421 affirmat,
956 3369 1118 3426 quam
1145 3367 1245 3409 nos
1275 3351 1494 3439 Isaurias
1516 3348 1683 3406 fuisse
1716 3363 1817 3421 pro
1839 3355 2118 3417 comperto

529 3445 816 3501 habemus.

602 3526 742 3582 Ibid.
775 3521 975 3578 Ζοόία.
1016 3519 1160 3591 Lege
1202 3517 1368 3574 Ἷοὸεα
1395 3527 1449 3572 et
1478 3533 1605 3574 mox
1635 3516 2118 3588 Τερμεσσὸς.Τι·ἰ-

531 3614 634 3666 bus
680 3611 765 3666 bis
824 3607 1041 3677 oppidis
1099 3615 1342 3674 tempore
1381 3602 1575 3674 synodi
1614 3599 2117 3671 Constantinopoli-

533 3706 675 3749 tanae
709 3693 811 3748 sub
846 3688 1285 3758 Flavianozunus
1338 3687 1631 3756 cpiscOpus
1689 3684 1792 3739 fuit
1829 3682 1919 3753 qui
1975 3685 2117 3738 inter

530 3780 666 3834 Acta
708 3775 1040 3833 Chalcedon.
1096 3786 1148 3841 p.
1180 3771 1286 3827 239
1330 3770 1429 3841 τῆς
1481 3771 1625 3824 κατὰ
1665 3766 1974 3839 Τερμισσὸν
2021 3766 2116 3821 καὶ

531 3856 832 3918 assos-.15.:
879 3858 975 3912 καὶ
1020 3855 1219 3909 Ἰοόίαν
1273 3853 1436 3923 ἁγίας
1485 3851 1622 3905 Θεοῦ
1666 3849 1966 3921 ἐκκλησίας
2028 3849 2113 3905 (Ii-

532 3946 697 4003 ritur.
730 3943 1017 4014 Ephesium
1054 3939 1261 4009 synodo
1301 3953 1357 4006 p.
1399 3936 1506 3991 555
1549 3934 1871 3991 Timotheus
1901 3933 2115 3998 πόλεως

531 4025 863 4101 Τερμησσοῦ
914 4026 1010 4079 καὶ
1052 4019 1771 4101 Euocatdﬁocisubscripsit,
1828 4017 1971 4073 unde
2024 4017 2115 4072 alii

529 4100 743 4167 loriam
778 4109 1024 4178 paruisse
1072 4102 1354 4174 conjicias.
1386 4100 1570 4158 Leone
1607 4115 1737 4156 vero
1766 4102 2113 4171 imperatore,

533 4192 677 4263 quod
698 4190 958 4263 synodica
998 4185 1410 4259 prorincialiutn
1444 4182 1674 4252 epistola
1734 4183 2015 4250 docemur,
2060 4195 2116 4240 et

532 4278 801 4334 Eudocias
833 4282 890 4328 et
928 4271 1255 4328 Termessus
1302 4270 1534 4339 singulis
1583 4268 1905 4336 praesulibus
1971 4268 2116 4325 dicto

529 4363 816 4418 audientes
847 4358 1018 4412 fuere.
1053 4354 1324 4410 Montibus
1350 4349 1676 4407 Termessus
1706 4367 1869 4422 supra
1904 4350 2112 4407 Phase-

528 4446 696 4502 lidem
736 4442 882 4498 circa
913 4438 1219 4511 angustias,
1256 4451 1352 4506 per
1380 4450 1516 4507 quas
1540 4436 1593 4491 in
1613 4434 1900 4505 Milyadem
1928 4442 2115 4491 trans-

529 4529 660 4593 itus,
721 4533 842 4581 erat
899 4522 1169 4594 apposita.
1222 4518 1357 4577 Vide
1414 4518 1705 4575 Cellarium
1754 4516 2114 4586 G.A.111,4,

411 4659 420 4666 .
529 4629 583 4682 p.
614 4612 741 4667 196.

602 4695 742 4752 Ibid.
777 4693 978 4763 Δήμου
1001 4690 1337 4747 Mer-aerem.
1385 4689 1498 4746 Nisi
1543 4703 1631 4745 me
1661 4688 1843 4745 omnia
1898 4687 2112 4755 fallunt,

532 4788 619 4835 est
646 4779 749 4832 ltoe
791 4776 1067 4837 I’tulemmi
1095 4774 1456 4847 Μενεδήμίον.
1486 4774 1675 4844 Itaque
1717 4771 1904 4844 Δῆμος
1933 4772 2110 4827 Μενευ

528 4863 726 4934 δήμιον
751 4859 1101 4927 remigamus.

600 4944 735 4999 Ibid.
779 4940 980 5011 Δήμου
1035 4940 1242 4994 Σώλκα
1274 4939 1383 4994 into
1421 4938 1642 5008 Πώγλα,
1680 4948 1740 4993 ut
1784 4938 1924 4994 idem
1977 4951 2111 5008 geo-

529 5031 793 5103 graphus.
820 5026 1022 5082 Paulus
1053 5025 1263 5090 πόλεως
1298 5024 1562 5093 Πούγλων
1598 5025 1741 5078 inter
1773 5020 2110 5092 Pamphilius

528 5128 726 5173 nomen
768 5111 820 5168 in
851 5110 1182 5167 Chalcedon.
1207 5125 1262 5180 p.
1290 5109 1396 5163 672
1413 5108 1721 5179 proﬁtetur.

598 5196 734 5267 Ibid.
766 5195 977 5254 Σίνὸα.
1002 5195 1210 5250 Ἴσινδα
1243 5201 1584 5264 oportuerat,
1618 5190 1764 5261 quod
1785 5187 1849 5245 L.
1878 5188 2112 5245 HOIStei-

526 5286 654 5342 nius
687 5285 755 5339 ad
786 5281 978 5353 Geogr.
1030 5279 1092 5337 S.
1145 5273 1369 5335 monere
1400 5278 1541 5333 haud
1595 5276 1886 5348 praeteriit,
1933 5277 2111 5332 simile

527 5369 784 5424 mendum
815 5382 845 5420 e
864 5365 1134 5419 Strabone
1152 5371 1208 5417 et
1237 5361 1515 5432 Stephano
1534 5361 1600 5415 ad
1626 5360 1791 5430 hujus
1822 5361 1887 5414 Ἀ
1898 5359 2109 5430 μόλαδα

524 5452 735 5508 eluens.
784 5448 1030 5505 Concilio
1086 5443 1360 5516 Epltcsino
1392 5460 1446 5514 ι).
1497 5442 1604 5498 585
1649 5444 1807 5509 πόλις
1857 5444 2110 5497 Ἰσιωδῶν

526 5547 811 5606 perperam
836 5530 1158 5601 appellatur,
1194 5528 1401 5605 rectius
1434 5525 1867 5584 Chalcedonensi
1905 5541 1959 5596 p.
1982 5526 2106 5582 672.

595 5617 731 5675 Ibid.
766 5615 979 5685 Βέρϐη.
1004 5614 1094 5669 Sic
1122 5628 1255 5670 mss.
1282 5612 1472 5684 Βάρῦη
1497 5611 1618 5669 aliis
1646 5613 1879 5669 notitiis.
1914 5612 2108 5668 Utrum

525 5710 769 5769 praestet,
799 5699 854 5753 in
886 5707 996 5753 tam
1016 5698 1281 5767 pertinaci
1306 5706 1552 5754 veterum
1578 5696 1644 5754 de
1669 5695 1869 5768 oppido
1888 5694 2106 5753 silentio

528 5783 675 5839 haud
711 5792 915 5838 temere
945 5782 1193 5837 linivcro.

1566 316 1979 393 ~ADDENDA.
2021 339 2077 350 -
2133 315 2195 375 ν.
2238 312 2751 375 WESSELINGII

3656 311 3798 375 “'32

2290 423 2427 480 Ibid.
2476 422 2836 479 Σινδαύνδα.
2897 423 2962 479 Et
2991 424 3093 481 hoc
3127 438 3158 479 e
3193 438 3324 479 mss.
3377 423 3644 479 Crederes
3687 427 3816 480 hinc

2222 507 2392 565 fuisse
2423 510 2660 565 Neonem
2715 511 3030 581 episc0pun1
3074 509 3284 573 πόλεως
3328 508 3608 564 Σιλιάνδου
3652 512 3819 581 Παμ-

2223 592 2417 662 φυλίας
2458 596 2512 648 in
2560 595 2792 651 concilio
2843 594 3175 651 Chalcedon.
3214 609 3268 664 p.
3307 593 3439 659 556,
3475 594 3577 650 nisi
3599 594 3823 649 aliunde

2221 676 2455 747 liqueret
2487 676 2639 748 Syllii
2682 677 2750 734 de
2795 693 2902 748 quo
2932 673 3119 747 supra,
3151 678 3438 747 praesulem
3463 677 3652 733 fuisse.
3683 676 3822 732 Vide

2224 774 2278 829 p.
2304 758 2408 815 672
2435 763 2698 815 Actorum
2726 775 2939 815 eorum.
2964 760 3153 831 Itaque
3201 761 3269 815 de
3298 762 3402 816 hac
3450 770 3505 816 et
3555 763 3817 830 sequenti

2222 840 2436 911 Myodia
2477 843 2609 898 nihil
2667 843 2967 914 proﬁtebor
3021 844 3167 917 aliud
3196 859 3358 912 quam
3393 842 3821 899 obscurissimas

2223 922 2419 981 vide‘ri.
2452 927 2635 982 Inveni
2664 927 2883 996 quidem
2937 928 2990 982 in
3031 926 3243 982 Notitia
3273 926 3390 982 Jac.
3439 925 3601 982 Gaari
3632 926 3824 983 Μυλό-

2228 1025 2338 1079 μην
2393 1010 2512 1081 ἦτοι
2564 1009 3006 1076 ’1ουστινόπολιν,
3052 1026 3152 1081 pro
3194 1026 3299 1081 qua
3353 1008 3818 1080 IustinianOpoliu

2224 1092 2289 1148 N.
2318 1092 2677 1148 Alemannum
2706 1095 2760 1148 in
2787 1091 3038 1163 Procopii
3068 1094 3211 1150 Hist.
3253 1094 3378 1150 Are.
3424 1110 3477 1150 c.
3512 1094 3573 1149 II
3614 1094 3822 1164 legisse

2222 1183 2438 1230 constat
2468 1193 2483 1230 :
2515 1178 2610 1231 sed
2639 1192 2702 1232 ea
2729 1175 2798 1231 ab
2830 1177 3037 1234 auxilio
3062 1179 3287 1235 ferendo
3330 1187 3538 1234 tantum
3565 1177 3725 1232 abest
3756 1182 3817 1228 ut

2221 1259 2405 1313 Otttltia
2433 1259 2743 1316 conturbet.

2293 1340 2430 1398 Ibid.
2452 1342 2984 1414 Χωριομυλιαδικά.
3017 1345 3255 1417 Iungere
3287 1344 3406 1402 haec
3430 1359 3815 1403 manuexara-

2225 1432 2307 1481 tos
2326 1425 2544 1482 codices
2572 1426 2871 1484 Holsteinio
2901 1430 3269 1494 accredintus,
3288 1444 3392 1484 nec
3413 1438 3593 1484 tamen
3617 1427 3810 1484 urbem

2221 1523 2289 1564 eo
2321 1509 2540 1565 nomine
2571 1509 2909 1582 Pamphyliae
2932 1513 3123 1580 fuisse,
3158 1528 3276 1584 quae
3320 1513 3565 1583 ejusdem
3599 1515 3652 1568 in
3679 1512 3809 1568 Ste-

2220 1592 2387 1664 phani
2436 1593 2641 1649 Μιλύαι
2690 1596 2930 1667 suspicio
2991 1607 3141 1654 erat.
3199 1595 3390 1666 Milyas
3422 1612 3453 1650 a
3518 1595 3815 1652 Ptolemaeo

2222 1676 2555 1749 Pamphylia!
2594 1680 2997 1736 contribuitur:
3024 1682 3151 1736 hinc
3190 1680 3295 1750 τὴν
3338 1678 3587 1735 Μιλυάδα
3620 1680 3813 1749 χώραν

2222 1757 2277 1814 in
2309 1757 2489 1828 Lyciae
2522 1759 2774 1832 Phrygia:
2802 1771 2856 1817 et
2880 1762 3210 1834 Pamphyliae
3229 1762 3424 1818 finibus
3453 1762 3595 1832 apud
3616 1762 3812 1816 Arria-

2223 1856 2353 1896 num
2379 1839 2583 1911 Emped.
2601 1844 2898 1900 Alexandr.
2918 1861 2957 1910 ι.
2992 1845 3064 1901 25
3087 1856 3142 1900 et
3160 1844 3487 1900 Strabonem
3514 1860 3589 1899 ιιι
3619 1859 3673 1914 p.
3701 1844 3817 1900 570

2222 1927 2586 1996 appellarunt.
2632 1928 2829 1985 Verum
2877 1945 3011 2002 ergo
3046 1930 3212 1985 fuerit
3253 1930 3432 2002 χωρία
3471 1930 3812 1997 Mamaeae,

2224 2021 2285 2067 ut
2309 2013 2430 2083 pagi
2454 2012 2574 2080 ejus
2598 2014 2837 2084 regionis
2873 2015 3271 2086 intelligantur.

2291 2096 2429 2151 Ibid.
2447 2098 2734 2154 'Ox6ao'a.
2754 2096 2979 2155 Jurares
3007 2099 3225 2154 Ὀλσιαν
3247 2112 3393 2166 esse,
3407 2114 3570 2168 quam
3590 2113 3813 2165 omnes,

2223 2179 2266 2237 si
2300 2179 2641 2251 Stephanum
2671 2182 2977 2252 exceperis,
3008 2184 3263 2239 meritum
3290 2193 3583 2253 propterea
3600 2182 3816 2240 Casau-

2222 2263 2376 2331 boni,
2422 2266 2676 2323 Salmasii
2732 2278 2896 2337 atque
2953 2268 3188 2324 aliorum
3252 2270 3813 2334 animadversionem,

2225 2346 2561 2420 Pamphyliae
2597 2353 2993 2409 transcribunt.
3020 2351 3098 2406 Ne
3129 2353 3259 2423 quid
3311 2363 3492 2410 tamen
3537 2361 3813 2416 mutetur,

2223 2431 2546 2489 Ptolemaeus
2596 2444 2789 2489 auctor
2842 2435 2967 2502 erit,
3002 2434 3244 2502 '06acra,
3300 2435 3437 2499 sive,
3479 2443 3539 2490 ut
3582 2434 3813 2500 Coisliu,

2225 2531 2354 2582 ms.,
2382 2515 2629 2570 Ὀλὸασα
2657 2516 2851 2572 Psidia!
2886 2518 3030 2573 haud
3065 2517 3293 2573 multum
3327 2516 3651 2584 aComana,
3698 2532 3817 2587 quo

2222 2599 2291 2655 de
2358 2600 2557 2669 oppido
2611 2615 2757 2666 mox,
2815 2599 3189 2656 contribuens.
3240 2597 3354 2656 Nec
3390 2599 3817 2655 Psidizemcutio

2224 2683 2302 2738 illi
2339 2697 2537 2738 nocere
2570 2683 2750 2747 debet,
2787 2698 2910 2737 cum
2959 2682 3222 2738 ﬁnitimas
3251 2697 3376 2738 esse
3416 2684 3728 2753 provincias
3758 2694 3817 2737 et

2224 2765 2378 2836 plura
2404 2765 2524 2834 ejus
2550 2766 2752 2837 oppida
2780 2764 3089 2822 Hieroclem
3119 2764 3455 2838 Pamphyliae
3484 2781 3598 2822 sua:
3629 2766 3812 2821 vindi-

2222 2864 2351 2905 care
2373 2849 2781 2920 apertissimum
2810 2852 2908 2905 sit.

2292 2930 2429 2990 Ibid.
2457 2933 2812 3002 Λυσήναρα.
2836 2933 3099 2988 Λυσινῑαν
3127 2931 3405 2987 Ptolemaei
3426 2947 3548 2988 esse
3579 2946 3687 2987 non
3718 2932 3815 2986 du-

2224 3015 2375 3071 bito:
2406 3032 2531 3071 nam
2556 3026 2614 3071 et
2641 3016 2865 3087 reliqua:
2902 3015 3128 3071 Notitia:
3165 3017 3353 3071 urbem
3384 3025 3722 3083 agnoscunt,
3754 3024 3813 3068 et

2225 3098 2539 3156 Theudotus
2570 3101 2849 3155 Λυσινέων
2884 3101 2938 3155 in
2977 3100 3234 3155 Chalced.
3295 3099 3528 3155 concilio
3572 3115 3627 3170 p.
3678 3093 3813 3164 £01,

2224 3182 2340 3238 sive
2369 3182 2723 3255 Lysinieusis,
2753 3184 2891 3238 utin
2938 3183 3197 3255 synodica
3233 3185 3303 3239 ad
3339 3181 3580 3239 Leonem
3627 3184 3807 3254 impe-

2225 3276 2458 3321 ratorem
2489 3266 2745 3335 epistola,
2776 3276 3137 3322 memoratur.

2295 3348 2432 3404 Ibid.
2462 3350 2727 3420 Κόμανα.
2760 3348 2878 3405 Νοιι
2919 3349 3081 3406 aliter
3110 3349 3458 3418 Ptolemaeus,
3493 3352 3580 3407 cui
3627 3352 3811 3420 Ephe-

2225 3434 2364 3489 stius
2392 3433 2738 3489 Comanenus
2766 3435 2821 3489 in
2852 3435 3111 3506 synodica
3158 3435 3387 3506 epistola
3433 3437 3764 3505 astipulalur
3791 3457 3811 3496 :

2225 3534 2350 3573 nam
2378 3531 2601 3587 operam
2630 3516 2861 3572 Carolus
2898 3534 2928 3571 a
2953 3515 3015 3571 S.
3056 3516 3225 3572 Paulo
3256 3520 3521 3582 abutitur,
3551 3534 3674 3572 cum
3707 3520 3816 3573 Co-

2225 3616 2510 3659 macenmn
2543 3614 2666 3656 eum
2721 3616 2841 3656 esse
2867 3600 3043 3670 jubet.
3092 3601 3211 3658 Huc
3268 3602 3439 3658 refert
3490 3602 3811 3659 Harduinus

2223 3701 2448 3742 numutn
2536 3684 2981 3744 IEI’OKAICAP.
3062 3688 3475 3756 ΚΟΜΑΝΕΩΝ,
3542 3689 3812 3759 probabili

2224 3771 2538 3839 conjectura
2566 3786 2583 3824 :
2616 3772 2838 3841 propius
2882 3772 3029 3827 enim
3058 3772 3186 3828 hinc
3216 3772 3619 3830 Hierocaesarea
3642 3789 3811 3845 quam

2224 3854 2292 3911 ab
2323 3854 2522 3923 oppido
2556 3852 2783 3911 Pontico
2825 3854 3270 3926 Cappadocicove
3297 3856 3488 3913 distat.

2294 3936 2431 3992 Ibid.
2458 3938 2767 3993 Κόλϐασα.
2805 3937 3091 4010 Κόρϐασα,
3142 3939 3600 4010 quemadmodum
3628 3937 3812 3995 Ptole-

2226 4035 2414 4085 maeus,
2465 4021 2608 4075 unde
2639 4019 2944 4078 Corbaseus
2997 4023 3307 4093 episcopus,
3366 4032 3425 4077 ut
3487 4021 3716 4079 Carolus
3773 4036 3808 4076 ι

2225 4105 2282 4159 S.
2316 4103 2485 4160 Paulo
2516 4104 2819 4172 admonuit,
2852 4106 2906 4161 in
2959 4105 3197 4163 concilio
3240 4106 3667 4177 Constantinop.
3704 4105 3808 4161 sub

2223 4190 2448 4244 Menna.
2938 4220 2941 4223 ν

2292 4274 2429 4329 Ibid.
2462 4272 2718 4343 Κρέμνα.
2756 4275 3017 4346 Κρῆμνα,
3038 4290 3200 4345 quam
3229 4273 3511 4331 coloniam
3532 4273 3813 4332 Romanos

2224 4359 2515 4413 deduxisse
2546 4358 2745 4413 Strabo
2769 4371 2824 4413 et
2858 4360 3185 4416 Ptolemaeus
3215 4368 3510 4415 testantur.
3544 4357 3662 4415 Sita
3684 4371 3812 4416 erat

2226 4445 2277 4498 in
2310 4444 2433 4507 loco
2462 4445 2906 4514 praeruptofquae
2941 4445 3176 4503 fortasse
3219 4444 3458 4501 nominis
3492 4458 3682 4509 causa,
3710 4461 3814 4501 un-

2222 4527 2384 4596 dique
2415 4526 2574 4581 l’ossis
2604 4527 3035 4596 depressissimis
3057 4531 3266 4586 munita
3287 4531 3429 4601 apud
3450 4529 3731 4586 Zosimum
3767 4546 3808 4595 ι.

2223 4609 2317 4675 69,
2347 4611 2448 4664 ubi
2473 4620 2653 4665 tamen
2686 4611 2830 4668 male
2849 4612 3031 4684 Lyciae
3052 4615 3339 4670 tribuitur.

2296 4694 2431 4751 Ibid.
2482 4694 2761 4765 Παμένου
2827 4696 3044 4765 τεῖχος.
3119 4698 3498 4768 ’Δνεμοτεῖχος
3546 4697 3812 4754 mendose

2220 4778 2579 4834 Constantino
2625 4781 2686 4847 ιη
2717 4779 2744 4834 I
2805 4779 3000 4838 Thetn.
3062 4782 3154 4847 14,
3200 4793 3258 4837 ut
3306 4781 3814 4851 Πανεμοτιιχειτῶν

2223 4862 2372 4929 numi
2405 4869 2731 4919 monstrant.
2757 4863 2949 4935 Τεῖχος
2973 4876 3156 4921 autem
3194 4867 3246 4921 in
3280 4865 3383 4921 hac
3411 4866 3818 4933 compositione

2224 4960 2402 5001 arcem
2436 4955 2618 5015 notat;
2659 4962 2824 5017 quam
2865 4940 2978 5003 rem
3009 4964 3132 5004 cunt
3168 4949 3416 5019 pluribus
3444 4949 3713 5017 exemplis
3744 4948 3811 5007 ι.

2223 5028 2556 5085 Ilolsteinius
2613 5031 2681 5086 ad
2722 5031 3061 5102 Stephanum
3124 5034 3371 5090 stabilire
3433 5034 3811 5099 constituerit,

2220 5127 2395 5183 eaque
2415 5113 2597 5169 absint
2626 5113 2697 5170 ab
2725 5115 2845 5187 ejus
2885 5120 3050 5185 notis,
3081 5130 3148 5173 en
3188 5117 3287 5173 tibi
3334 5131 3399 5172 ea
3448 5130 3516 5172 ex
3567 5119 3814 5184 seltedis.

2223 5210 2449 5264 quarum
2495 5197 2624 5251 mihi
2681 5201 2894 5268 copiam
2936 5200 3067 5256 fecit
3117 5201 3203 5255 vir
3241 5201 3582 5256 clarissimus
3622 5198 3667 5256 ι.
3709 5201 3815 5258 Ph.

2224 5277 2514 5335 D‘Orville.
2558 5280 2752 5351 Τεῖχος
2780 5283 2965 5338 munis
2989 5284 3043 5340 in
3084 5283 3213 5339 locis
3234 5293 3465 5340 ueterum
3503 5299 3611 5339 non
3640 5288 3819 5339 solum

2220 5378 2431 5418 murum
2463 5365 2554 5419 sed
2599 5374 2650 5419 et
2709 5367 2988 5422 castellum
3031 5369 3337 5424 vertendum
3392 5378 3512 5423 est:
3546 5369 3819 5440 signiﬁcat

2218 5447 2355 5502 enim
2381 5448 2554 5502 loctuu
2588 5450 2870 5505 munitum.
2898 5449 2991 5505 Ita
3014 5452 3176 5522 ferme
3190 5467 3394 5518 semper
3438 5453 3586 5523 apud
3619 5451 3819 5523 Scyla-

2217 5548 2326 5586 cem
2355 5543 2401 5585 et
2437 5530 2779 5590 Herodotum.
2811 5534 2923 5592 Sic.
2951 5538 2988 5593 ι.
3012 5552 3114 5605 t,c.
3136 5538 3206 5595 85
3237 5537 3444 5593 Sardes
3464 5549 3616 5593 vocat
3634 5540 3820 5608 τεῖχος

2217 5615 2325 5669 τῶν
2345 5616 2557 5682 Λυδῶν,
2587 5618 2677 5672 ubi
2704 5620 2876 5690 inepte
2904 5621 3160 5693 interpres
3191 5639 3405 5678 murum
3436 5622 3730 5694 Lydorum,
3764 5633 3819 5675 et

2218 5699 2257 5755 Ι.
2294 5716 2370 5755 v11
2397 5715 2446 5754 c.
2475 5699 2565 5766 59,
2588 5718 2743 5771 quem
2773 5703 2943 5758 locum
2962 5707 3142 5761 notaui
3166 5707 3235 5759 ad
3260 5706 3615 5779 Stephanum.
3640 5704 3822 5758 Justi-

2223 5799 2321 5838 nus
2383 5782 2601 5841 Coltort.
2641 5787 2726 5861 ad
2772 5784 2985 5844 Greece:
3025 5803 3043 5842 .'
3095 5790 3188 5844 ἐπὶ
3225 5793 3457 5855 τούτους
3505 5790 3616 5860 γὰρ
3649 5787 3814 5859 (τοὺς
