4170 6470
435 367 573 433 1133

423 482 776 560 φιλοσόφους)
811 483 1001 553 ὥσπερ
1059 482 1153 536 ἐπὶ
1202 483 1380 554 τεῖχος
1415 480 1613 552 ὀχυρὸν
1644 475 2044 560 καταφεύγειν.

424 568 702 624 εἰώθασιν.
750 565 816 618 Et
858 563 1012 620 Orat.
1048 567 1117 618 ad
1150 562 1362 620 Grtecos
1412 561 1665 618 Hercules
1711 561 1849 614 inter
1876 559 2014 613 alios

425 656 633 706 labores
666 650 852 718 Angit:
885 647 1081 719 ὀχυρὸν
1107 650 1287 717 τεῖχος
1317 664 1348 700 a
1371 648 1616 701 sordibus
1643 657 1901 714 purgasse
1931 641 2017 694 di-

424 739 598 790 citur:
622 732 894 800 utrobique
911 731 1143 784 validum
1158 745 1364 785 murum
1382 730 1610 789 reddunt
1647 741 1899 796 μεινεκε.
1934 725 2019 779 Ita

424 819 545 871 νέον
559 819 758 885 τεῖχος,
781 814 1023 868 ’Λϐὡνου
1035 817 1232 886 τεῖχος,
1262 813 1482 885 Ἡραῖον
1507 812 1686 881 τεῖχος
1718 817 1771 865 et
1787 806 2018 862 παλαιὸν

423 903 602 972 τεῖχος
641 901 696 953 in
725 898 909 967 Steph.
937 898 1135 966 Γὰται.
1175 897 1347 967 Atque
1384 897 1461 949 ita
1500 895 1676 962 accipe
1714 895 1769 947 in
1801 891 2018 946 oraculo

423 984 686 1053 Apollinis
719 983 1121 1037 Atheniensibus
1157 980 1282 1034 dato
1314 979 1526 1046 ξύλινον
1561 979 1762 1048 τεῖχος,
1812 986 1862 1032 et
1899 976 2018 1031 vide

423 1069 597 1136 ipsum
628 1065 958 1134 Stephanum
989 1066 1046 1118 in
1094 1065 1297 1134 τεῖχος,
1342 1064 1430 1116 ubi
1467 1061 1730 1132 φρούριον
1777 1061 2015 1127 exponit.

429 1148 579 1203 Idem
601 1147 632 1201 J
643 1150 850 1201 ustinus
870 1147 1083 1217 dialogo
1094 1163 1216 1201 cum
1241 1145 1514 1218 Tryphone
1537 1143 1816 1198 Platonem
1835 1142 2018 1196 scribit

421 1243 474 1287 et
499 1229 859 1302 Pythagoram
885 1247 998 1285 esse
1041 1232 1234 1302 ὥσπερ
1281 1233 1461 1300 τεῖχος
1508 1229 1604 1283 καὶ
1643 1226 1877 1297 ἔρεισμα
1916 1228 2017 1296 τῆς

427 1317 750 1385 φιλοσοφίας
778 1331 793 1344 ο
829 1313 978 1368 Velut
1019 1330 1229 1368 murum
1256 1323 1305 1366 et
1342 1315 1584 1366 columen
1616 1311 1696 1363 ait
1740 1311 2011 1378 interpres,

426 1415 520 1466 ego
543 1400 715 1467 potius
743 1414 916 1451 arcem
946 1405 996 1451 et
1027 1399 1408 1451 munimentum
1441 1409 1460 1447 :
1496 1410 1620 1448 nam
1663 1403 1714 1447 et
1754 1391 2014 1446 Homerus

430 1479 592 1535 Iliad.
617 1481 664 1533 A
693 1481 796 1535 407
829 1483 1008 1552 τεῖχος
1058 1481 1278 1551 Ἀρειον
1301 1487 1456 1533 vocat
1496 1477 1721 1541 Thebas,
1750 1475 1905 1546 quasi
1927 1476 2006 1529 lo-

425 1579 549 1617 cum
575 1563 640 1616 ab
665 1564 774 1634 ipso
802 1563 977 1618 Marte
1000 1564 1284 1628 munitum,
1322 1562 1508 1616 Martis
1533 1557 2011 1630 propugnaculum.

433 1646 556 1702 [hoc
586 1649 669 1702 vir
697 1648 1083 1714 doctissimus;
1111 1662 1234 1718 qua:
1262 1647 1368 1703 etsi
1392 1645 1679 1702 verissime
1724 1645 2010 1698 observata

428 1733 559 1798 sint,
591 1748 696 1787 non
720 1733 870 1787 ivero
896 1741 1076 1787 tamen
1108 1733 1334 1796 inlitias,
1369 1744 1584 1785 murum
1610 1727 1754 1797 apud
1788 1725 2012 1782 Latinos

425 1819 679 1872 eamdem
708 1815 852 1871 haud
885 1830 1010 1871 raro
1047 1815 1497 1888 signiﬁcationem
1529 1812 1826 1884 possidere.
1879 1810 2010 1866 Vide

429 1902 640 1956 Anton.
677 1899 870 1954 Itiner.
907 1913 964 1970 ιι.
991 1898 1099 1955 644
1130 1907 1186 1956 et
1236 1896 1514 1953 Wassiutn
1540 1896 1608 1952 ad
1637 1895 1860 1952 Sallust.
1906 1892 2010 1948 Ca-

432 1983 984 2137 lgiiiigfiipmadc.
1017 2066 1246 2123 Gemina
1295 2063 1550 2121 sibilante
1587 2061 1919 2118 Ptolemaeus
1957 2068 2011 2117 et

427 2164 538 2203 ms.
571 2147 749 2216 Leid.,
782 2165 880 2206 nec
900 2150 1250 2206 discordante
1267 2147 1570 2216 'l‘heopbilo
1589 2146 1688 2217 τῆς
1715 2141 2008 2217 ’Δριασσοῦ

431 2232 757 2288 inChalced.
791 2249 843 2305 p.
871 2233 998 2300 672,
1039 2233 1251 2288 tametsi
1275 2246 1560 2302 perperam
1591 2229 1770 2302 p.556
1804 2228 2012 2292 πόλεως

425 2313 726 2388 Ἄρκισσοῦ
778 2317 1126 2389 Παμφυλίας.

505 2401 639 2458 Ibid.
669 2402 1247 2474 Μαειμιανούπολις.
1279 2401 1375 2458 Est
1407 2401 1462 2455 in
1491 2397 1715 2454 Notitiis
1739 2407 1793 2454 et
1819 2396 2008 2452 conci-

428 2483 629 2540 liorum
663 2487 830 2549 Actis,
856 2487 951 2541 sed
970 2487 1128 2553 situs,
1184 2497 1242 2539 ut
1282 2486 1556 2556 pleraeque
1587 2481 1746 2552 hujus
1791 2481 2012 2550 provin-

424 2568 548 2635 ciae,
587 2568 960 2624 incertissimi.
995 2570 1218 2640 κτῆμα,
1254 2570 1397 2640 quod
1432 2567 1699 2638 sequitur,
1733 2565 2010 2636 publicum

432 2651 586 2704 urbis
607 2665 794 2720 agrum
819 2652 934 2706 sive
952 2652 1153 2720 prtedia
1175 2652 1383 2706 iudicat
1402 2668 1418 2716 ;
1439 2665 1546 2721 quo
1567 2649 1727 2704 modo
1755 2647 2014 2718 βασιλικὰ

431 2735 691 2804 κτήματα
732 2734 786 2789 in
819 2733 1112 2790 Herodiani
1142 2734 1180 2789 I.
1215 2750 1256 2799 ι,
1283 2749 1334 2789 c.
1381 2733 1470 2800 il,
1517 2740 1642 2790 sunt
1687 2732 1827 2787 villa:
1857 2731 2013 2802 prin-

425 2820 586 2889 cipis,
609 2830 663 2875 et
688 2819 722 2872 I.
743 2835 805 2884 ιι,
825 2821 924 2891 ε.;6
943 2819 1015 2874 τὰ
1039 2821 1369 2891 πορῤὠτατα
1384 2819 1485 2888 τῆς
1511 2817 1720 2882 πόλεως
1734 2817 2011 2888 κτήματα,

427 2904 635 2972 praedia
662 2903 731 2958 ab
762 2905 896 2958 urbe
929 2905 1249 2958 remotiora.

501 2997 638 3053 una.
679 2982 1198 3070 Ῥεγησαλάμαρα.
1241 2998 1420 3054 Credo
1464 2995 1588 3070 pagi
1636 3003 1728 3052 aut
1769 2995 2012 3067 oppiduli

426 3095 552 3136 esse
585 3097 778 3137 nomen
814 3101 829 3138 :
865 3083 1003 3138 solet
1028 3086 1172 3138 enim
1213 3081 1491 3139 Hierocles
1527 3083 1592 3138 τὰ
1624 3081 1774 3153 ρεγὲ,
1821 3095 1886 3137 ex
1921 3081 2014 3151 ρε-

430 3163 576 3232 γεὼν
605 3167 867 3232 accisum,
899 3166 1006 3222 illis
1029 3181 1385 3238 praaponere;
1417 3183 1522 3238 qua
1554 3167 1620 3221 de
1643 3182 1702 3222 re
1727 3165 1868 3221 infra
1887 3180 2012 3220 cum

434 3250 486 3301 in
517 3247 824 3319 Bithyniam
873 3250 1274 3306 devenerimus.
1322 3249 1502 3322 Pagus
1547 3251 1684 3322 ipse,
1715 3250 1918 3322 pariter
1947 3264 2014 3304 ac

429 3331 802 3399 Limobrama,
834 3335 966 3390 mibi
999 3351 1264 3407 nusquam
1298 3337 1559 3393 occurrit.

502 3431 639 3489 Ibid.
692 3433 1028 3503 Κόδρουλα.
1085 3433 1250 3491 Forte
1306 3435 1590 3505 Κόρδουλα
1643 3434 2008 3506 praestiterit:

429 3526 581 3571 certe
606 3515 790 3571 Maras
815 3517 964 3571 urbis
999 3516 1288 3586 episcopus
1342 3518 1395 3571 in
1452 3519 1621 3595 veteri
1671 3516 1864 3572 Latina
1893 3531 2012 3572 ver-

431 3605 583 3656 sione
615 3600 829 3655 concilii
859 3599 1195 3655 Chalcedon.
1225 3615 1279 3669 p.
1315 3600 1418 3655 1θο
1447 3600 1800 3670 Cordylorum
1832 3609 1886 3655 et
1906 3615 2008 3655 ms.

433 3682 745 3754 Κορδύλων,
794 3684 894 3738 etsi
945 3684 1108 3754 vulgo
1138 3698 1282 3737 nunc
1315 3683 1622 3753 Κοδρύλων,
1678 3693 1732 3738 et
1777 3683 2012 3753 pessime

431 3782 486 3834 p.
520 3767 624 3820 557
651 3765 1020 3834 Κοδραλαίων,
1047 3774 1209 3834 atque
1237 3766 1291 3820 in
1335 3767 1561 3841 cpistola
1594 3765 2007 3838 provincialium

431 3850 692 3920 synodica
758 3849 947 3915 Codri,
992 3849 1311 3918 appellatur.
1380 3848 1608 3904 Accedit
1674 3847 2008 3919 Stephanus,

430 3931 727 4004 Κόδρυλος,
771 3932 925 3996 πόλις
970 3933 1323 4005 Παμφυλίας.
1355 3931 1508 3987 Haud
1533 3931 1781 4000 equidem
1821 3934 2011 4003 ignoro

431 4017 563 4085 quid
600 4017 727 4072 Abr.
764 4015 1043 4072 Berkeiius
1071 4033 1136 4074 ex
1170 4032 1234 4072 eo
1266 4015 1432 4071 fuerit
1462 4015 1877 4085 architectatus,
1901 4032 2010 4086 quo

427 4103 620 4170 utique
650 4101 768 4156 sine
789 4101 1133 4157 incommodo
1159 4116 1303 4156 nunc.
1342 4100 1504 4156 facile
1533 4099 1864 4158 carebimus.

503 4198 640 4252 Ibid.
675 4199 1006 4268 Δημουσία.
1037 4199 1316 4256 Sanumne
1341 4199 1447 4254 hoc
1472 4198 1632 4255 sitan
1664 4199 2007 4264 mendosum,

428 4296 663 4350 quemve
687 4281 868 4338 locum
901 4298 1022 4338 cum
1061 4284 1384 4354 insequente
1413 4281 1700 4351 insederit,
1725 4292 1784 4336 ut
1814 4283 2010 4338 docea-

429 4374 546 4426 tur,
584 4365 799 4420 aliunde
826 4376 1227 4436 exspectamus.

506 4462 640 4517 Ibid.
665 4465 1188 4533 Παστοληρισσός.
1213 4464 1272 4520 Si
1302 4481 1435 4524 mss.
1461 4465 1796 4530 addicerent,
1815 4463 2010 4535 Πεδνη-

429 4544 620 4599 λισσὸν
655 4544 930 4602 Ptolemai
957 4556 1012 4601 et
1039 4547 1394 4604 conciliorum
1425 4548 1764 4620 praeferrem.

505 4643 880 4712 Ibidiélxn.
900 4643 1072 4714 Σέλγη
1093 4643 1234 4698 haud
1265 4645 1427 4701 dubie
1453 4649 1721 4717 est,quod
1752 4648 1808 4700 in
1835 4647 2011 4701 anim-

427 4731 722 4784 adversum
777 4743 808 4781 a
839 4727 938 4784 Cb.
991 4727 1225 4785 Cellario
1260 4727 1326 4783 ϐ.
1359 4729 1423 4786 Α.
1457 4745 1543 4796 ιιι,
1583 4731 1618 4786 4
1644 4747 1696 4800 p.
1730 4730 1832 4786 198
1866 4731 2013 4786 vide-

434 4814 540 4868 bis.
571 4811 738 4866 Menti
765 4820 886 4866 erat
918 4811 1194 4882 imposita.
1244 4813 1475 4884 Πολίχνη
1509 4814 1556 4866 δ’
1587 4814 1726 4885 αὕτη
1775 4815 2011 4884 Παμφυ-

432 4897 553 4961 λίας
579 4896 749 4960 ἐστὶν,
783 4896 879 4948 ἐπὶ
901 4894 1066 4965 λόφου
1095 4896 1321 4968 κειμένη
1357 4897 1561 4951 Zosim.
1594 4912 1647 4964 v,
1675 4898 1763 4953 15.
1858 4962 1873 4974 ο

509 4999 641 5052 Ibid.
699 4997 1107 5067 τριμούπολις.
1165 4999 1305 5054 Vero
1359 4999 1578 5053 nomine
1637 4999 2013 5071 ΠῬιμούπολις

432 5090 574 5136 erat.
603 5081 739 5138 llinc
764 5082 1081 5136 Timotheus
1105 5082 1316 5152 Πρίμου
1330 5082 1527 5146 πόλεως
1554 5083 1652 5153 τῆς
1683 5086 2012 5155 Παμφυλίας

435 5167 492 5222 ἱιι
531 5165 858 5222 Chalcedon.
899 5182 950 5237 p.
989 5165 1090 5219 127
1126 5175 1179 5220 et
1210 5179 1261 5235 p.
1295 5165 1400 5220 250
1431 5167 1571 5222 male
1597 5168 2010 5238 Πριαμούπολις

433 5250 489 5305 in
533 5248 806 5319 Ephesino
835 5265 888 5319 p.
925 5248 1052 5304 598.
1090 5248 1144 5302 Id
1179 5248 1460 5303 enimvero
1491 5248 1686 5322 negligi
1715 5266 1822 5306 non
1846 5267 2007 5323 opor-

437 5334 940 5402 tet,Tribonianum
972 5331 1350 5402 Primupolcos
1379 5333 1794 5403 praesulem,qui
1829 5334 2010 5407 Ephe-

433 5419 555 5474 sino
581 5415 810 5472 concilio
831 5416 1117 5472 scribendo
1134 5415 1309 5472 adfuit
1331 5432 1384 5487 p.
1415 5417 1539 5484 458,
1560 5415 1857 5472 Ἀσπένδου
1911 5419 2010 5492 τῆς

433 5500 765 5572 Παμφυλίας
807 5501 934 5560 dici.
989 5515 1087 5555 nec
1123 5515 1353 5570 usquam
1383 5499 1758 5572 Primnpoieos
1806 5501 2012 5572 episco-

432 5599 560 5653 punt
589 5585 654 5638 ab
679 5599 744 5639 eo
773 5583 1066 5654 distingui;
1095 5594 1359 5652 praeterea
1393 5583 1446 5638 in
1479 5584 1760 5640 veteribus
1790 5583 2009 5641 Notitiis

433 5669 670 5736 Aspendi
707 5668 988 5738 praesulem
1019 5683 1160 5737 saepe
1199 5669 1513 5734 memorari,
1539 5676 1596 5723 et
1643 5669 2009 5738 primupoleos

434 5743 638 5808 nullam
672 5767 792 5808 esse
844 5753 1195 5810 mentionem.
1221 5754 1352 5821 Quae
1387 5755 1520 5810 mihi
1571 5769 1658 5810 res
1685 5765 2008 5824 argumento

434 5845 519 5894 cst
549 5837 859 5908 Aspendum
907 5838 1040 5896 nihil
1077 5855 1308 5911 prorsus
1360 5856 1393 5896 a
1441 5839 1742 5911 Primupoli
1801 5839 2003 5896 discre-

1309 364 1699 428 COMMENT.
1743 361 1825 424 IN
1862 359 2281 422 HIEROCLIS
2321 357 2869 422 SYNECDEMUM.

3556 359 3694 426 ιιτιι

2127 489 2311 573 passe,
2363 485 2546 573 atque
2594 476 2731 534 adeo
2794 489 3073 548 perperam
3135 477 3190 532 in
3253 476 3587 550 Geographie
3630 483 3694 538 S.

2123 559 2534 698 dliiiiiﬁugéot.
2581 641 2726 711 Lege
2747 641 2898 714 Σίδη,
2941 657 3062 712 quae
3090 643 3347 714 deinceps
3373 647 3698 719 metropolis

2119 723 2435 795 Pampbiiia:
2465 724 2657 795 primae
2710 725 2833 781 fuit.
2891 724 3136 782 Primum
3188 743 3251 785 ea
3316 727 3584 800 dignitate
3639 731 3696 788 in

2118 806 2363 864 Concilio
2414 809 2832 879 Constantinop.
2886 813 3126 868 secundo
3163 827 3219 883 ιι.
3265 811 3374 870 ξω
3427 813 3700 872 illustrata
3801 865 3804 870 .

2120 892 2476 963 conspicitur,
2516 894 2618 950 etsi
2648 893 2704 948 in
2727 892 3160 950 Citalcedonensi
3185 910 3241 966 p.
3278 895 3386 954 437
3415 899 3705 968 Amphilo-

2117 973 2274 1030 chius
2299 977 2419 1046 ejus
2441 976 2733 1048 episcopus
2762 976 2907 1032 inter
2943 977 3420 1048 metropolitanos,
3443 996 3587 1052 quos
3609 997 3704 1038 vo-

2117 1066 2485 1122 cant,nomen
2511 1059 2853 1130 ascripserit.
2905 1059 3140 1116 Numam
3201 1062 3445 1132 Σιδητῶν
3501 1065 3702 1137 πρῶτα

2120 1146 2438 1217 Παμφύλων
2462 1157 2518 1204 et
2539 1149 2774 1204 alterum
2801 1148 3046 1221 Σιδητῶν
3066 1149 3464 1222 λαμπροτάτης
3485 1153 3702 1222 ἐνδόξου

2116 1231 2380 1299 explicuit
2415 1229 2785 1302 Spanhemius
2819 1233 3041 1289 dissert.
3075 1232 3110 1289 6
3141 1233 3212 1290 de
3254 1231 3322 1289 V.
3351 1242 3408 1291 et
3439 1233 3504 1292 Ρ.
3535 1235 3700 1294 Num.

2188 1396 2306 1453 Coi.
2339 1398 2461 1454 H8.
2494 1399 2707 1470 Σέρνα.
2729 1399 3019 1457 Assentior
3039 1398 3341 1457 lloisteinio
3358 1399 3702 1460 Sennensem

2121 1479 2171 1533 in
2195 1481 2429 1538 concilio
2447 1483 2720 1551 Ephesino
2741 1484 3052 1556 episcopum
3077 1475 3343 1555 It'uicprbi
3364 1486 3660 1558 imponenti
3675 1505 3696 1543 ς

2119 1565 2333 1620 tametsi
2393 1566 2538 1621 enim
2573 1565 2864 1624 Nectarius
2909 1568 3125 1622 Συνέων
3173 1583 3227 1638 p.
3265 1569 3371 1626 459
3403 1571 3697 1638 scribatur,

2116 1643 2246 1700 alibi
2283 1645 2385 1716 τῆς
2434 1650 2493 1702 ιν
2531 1650 2700 1722 Σενέᾳ
2749 1649 3050 1722 καθολικῆς
3073 1649 3408 1722 Ἐκκλησίας
3438 1653 3698 1710 nomina-

2117 1733 2224 1782 tur.
2265 1729 2399 1787 Vide
2436 1747 2490 1801 p.
2531 1733 2658 1789 529.

2187 1813 2413 1883 Λύϐρη.
2445 1815 2538 1872 Sic
2576 1826 2633 1872 et
2678 1815 2967 1886 Dionysius
3017 1817 3282 1888 Perieqes.
3332 1817 3437 1874 859
3477 1820 3530 1874 in
3556 1821 3694 1878 'edi-

2115 1893 2264 1948 tione
2316 1895 2462 1951 Guil.
2512 1897 2665 1965 Hilli,
2715 1900 2860 1970 quod
2913 1901 3158 1970 sphaltna
3215 1904 3536 1975 typographi
3587 1904 3693 1962 Ch.

2112 1976 2377 2034 Cellarius
2409 1979 2476 2037 G.
2507 1984 2572 2039 A.
2603 1999 2684 2048 ιιι,
2714 1985 2751 2038 ι
2783 1999 2838 2054 p.
2869 1983 2973 2040 199
3009 1993 3246 2054 putaret,
3276 1986 3382 2040 nisi
3419 1987 3472 2042 in
3497 1985 3697 2044 Hiero-

2111 2061 2212 2118 clis
2239 2064 2431 2120 notitia
2462 2064 2797 2139 Pamphylia:
2823 2067 2990 2123 etiam
3031 2066 3222 2139 Λύσρη
3250 2068 3511 2139 scriptum
3541 2070 3696 2127 inve-

2115 2149 2346 2204 niretur.
2373 2150 2486 2220 Ego
2514 2164 2707 2211 contra
2727 2155 2929 2211 sentio.
2949 2151 3190 2221 Dionysii
3212 2153 3484 2222 pleraeque
3503 2169 3696 2212 omnes

2111 2231 2377 2288 editiones
2404 2235 2651 2307 Λύρὸην,
2683 2237 2849 2291 etiam
2885 2235 3260 2291 Ferrariensis
3291 2251 3344 2290 a.
3379 2236 3539 2310 ιδῃ,
3581 2254 3696 2309 pm

2111 2326 2171 2368 se
2192 2312 2376 2370 ferunt
2408 2330 2424 2371 :
2455 2327 2701 2372 nostrum
2731 2333 2861 2373 vero
2899 2335 2928 2372 a
2953 2319 3178 2375 librario
3203 2332 3398 2386 parum
3429 2319 3695 2390 diligente

2111 2405 2196 2451 est
2229 2414 2243 2451 :
2274 2413 2399 2454 nam
2425 2401 2607 2455 caeteri
2643 2401 2937 2472 scriptores
2967 2402 3324 2458 consentiunt
3373 2403 3694 2474 Λυρὸειτῶν

2114 2495 2313 2536 numts.

2186 2563 2586 2622 Ibid.Kdaa'a.
2630 2565 2747 2622 Non
2791 2567 2896 2623 alia
2949 2576 3034 2624 est
3063 2584 3127 2627 ac
3175 2570 3451 2628 Ptolemaei
3482 2572 3692 2640 Κάσαι,

2115 2661 2214 2716 pro
2244 2663 2353 2719 quo
2386 2649 2571 2706 Cassa;
2588 2661 2742 2706 vetus
2766 2651 2886 2720 ejus
2918 2651 3208 2724 interpres.

2186 2733 2327 2792 Ibid.
2359 2735 2613 2790 Κότανα.
2641 2735 2700 2790 Si
2732 2735 2863 2789 Acta
2884 2735 3141 2806 Ephesiui
3172 2739 3389 2796 concilii
3422 2740 3566 2796 haud
3586 2739 3694 2794 Ial-

2116 2815 2252 2883 lunt,
2286 2818 2497 2873 Κότενα
2546 2820 2947 2890 praestiterint:
2989 2823 3286 2878 subscribit
3315 2825 3463 2879 enim
3487 2838 3543 2894 p.
3587 2810 3693 2879 549

2111 2899 2341 2958 Acasius
2370 2903 2618 2957 Κοτένων
2652 2903 2752 2974 τῆς
2782 2904 3131 2973 Παμφυλίας,
3159 2917 3219 2961 et
3249 2921 3298 2975 p.
3335 2907 3462 2972 529,
3491 2923 3692 2979 quam-

2114 2984 2199 3040 vis
2235 3001 2340 3040 non
2377 2987 2495 3042 sine
2541 2987 2647 3043 levi
2695 2992 2911 3056 tuendo,
2942 2989 3041 3060 τῆς
3067 2991 3124 3044 ὲν
3164 2991 3432 3056 Κοπένοις
3478 2991 3687 3060 ἐκκλη-

2115 3084 2261 3130 στας.

2185 3152 2319 3241 Ibid.
2349 3155 2637 3241 'ppngra.
2660 3155 2773 3212 lioc
2794 3172 2922 3212 mss.
2957 3159 3280 3228 approbant.
3312 3158 3450 3216 Iluie
3477 3160 3696 3232 episco-

2116 3251 2217 3323 pus
2246 3237 2348 3323 fuit
2372 3237 2951 3323 PaulusOrytpnorum
2975 3241 3239 3311 Ephesia.
3261 3245 3459 3300 concil.
3487 3261 3544 3316 p.
3563 3247 3691 3310 674.

2109 3319 2204 3389 qui
2229 3321 2426 3377 vitiose
2457 3324 2556 3394 τῆς
2591 3325 2650 3375 ὲν
2685 3319 2962 3395 Ηρύμνοις
2988 3325 3286 3397 ἐκκλησίας
3316 3342 3369 3396 p.
3397 3327 3526 3383 555.
3557 3328 3695 3386 Vide

2114 3401 2316 3458 Nicaea.
2364 3418 2477 3459 sec.
2503 3419 2556 3474 p.
2595 3405 2726 3460 598.

2185 3484 2319 3540 Ibid.
2349 3487 2751 3556 Κορακήσιον.
2787 3487 2961 3544 Situm
2994 3498 3116 3547 erat
3145 3491 3200 3546 in
3227 3505 3360 3547 saxo
3391 3502 3692 3565 prmrupto,

2112 3566 2240 3622 olim
2263 3567 2467 3625 Ciliciae
2497 3586 2704 3640 asperae
2749 3571 2959 3626 initium
2992 3573 3133 3642 apud
3163 3573 3487 3631 Strabonem
3537 3578 3606 3634 ιι

2112 3649 2235 3705 668.
2289 3652 2620 3709 Matidianus
2672 3655 3021 3725 Κορακισίων
3052 3667 3134 3711 est
3188 3657 3243 3711 in
3305 3657 3581 3721 Ephesiae

2111 3734 2237 3800 458,
2268 3738 2490 3806 quicum
2543 3753 2693 3807 paene
2739 3741 3017 3810 conspirat
3068 3742 3432 3813 Κορακησίων
3491 3759 3694 3800 nutuus

2115 3817 2268 3874 Thes.
2303 3820 2514 3876 Britan.
2551 3831 2681 3878 tom.
2712 3838 2768 3888 It,
2800 3839 2854 3892 p.
2889 3822 3018 3878 282.

2184 3903 2319 3958 Ibid.
2354 3905 2600 3974 Σύεδρα.
2631 3907 2914 3961 Desertum
2945 3905 3152 3962 Ciliciae
3172 3909 3452 3978 scopulum
3495 3908 3691 3968 Florus

2111 4000 2141 4040 a
2173 3986 2439 4044 Salmasio
2467 3991 2878 4058 emendatusw,
2915 3990 2972 4058 2,
2997 3991 3251 4047 Lucanus
3284 4009 3451 4062 parva
3478 3995 3690 4052 Suedra

2111 4072 2386 4136 vm,259.
2434 4074 2502 4128 ab
2534 4074 2726 4129 eodem
2772 4075 2995 4130 sanitati
3054 4075 3360 4144 restitutus,
3415 4079 3691 4148 appellat:

2111 4155 2240 4210 olim
2274 4155 2534 4227 Syncdris
2581 4156 2882 4226 legebatur,
2933 4172 3161 4228 prorsus
3197 4168 3257 4212 ut
3290 4160 3521 4216 Coislin.
3556 4178 3687 4220 mss.

2109 4253 2176 4291 ex
2213 4237 2418 4293 Suedra
2469 4238 2745 4294 Ptolemaei
2797 4240 3066 4312 Συνέδραν
3113 4257 3170 4306 v,
3200 4241 3234 4295 8
3283 4241 3429 4300 fecit.
3466 4244 3600 4301 Vide
3635 4247 3692 4303 in

2113 4320 2286 4374 Soliu.
2321 4336 2376 4389 ιι.
2405 4322 2532 4387 542,
2564 4332 2620 4377 et
2651 4322 2873 4377 Kuster.
2907 4325 2974 4379 ad
3000 4323 3182 4378 Suidas
3215 4325 3490 4390 Δίλιανός.

2058 4417 2074 4433 ·
2181 4402 2315 4457 Ibid.
2350 4406 2637 4473 Καραλία.
2672 4405 2951 4476 Κάραλλις
2977 4405 3011 4476 ἢ
3037 4405 3351 4476 Καράλλεια
3390 4408 3686 4477 Stephano.

2109 4488 2337 4544 Coucilii
2397 4490 2650 4560 Ephesini
2702 4489 2847 4545 Actis
2887 4488 3062 4545 adfuit
3114 4490 3280 4545 Solon
3343 4493 3686 4564 Καραλλίαςυ,

2110 4572 2321 4640 p.458,
2377 4583 2431 4628 et
2481 4573 2809 4629 Chalcedon.
2856 4589 2910 4645 p.
2967 4573 3075 4629 672
3118 4574 3426 4631 Marcianus
3477 4579 3692 4643 πόλεως

2113 4657 2432 4728 Καραλλίας
2462 4659 2660 4713 rectius
2684 4657 3098 4728 Constantinop.
3161 4659 3324 4714 tertio
3347 4660 3446 4732 τῆς
3465 4662 3690 4734 Καραλ-

2111 4739 2248 4794 λέων
2288 4741 2495 4805 πόλεως
2525 4742 2622 4811 τῆς
2649 4741 2988 4812 Παμφυλίων
3011 4741 3304 4814 ἐπαρχίας,
3337 4759 3393 4815 p.
3423 4742 3694 4802 501Vide

2115 4822 2290 4879 Holst.
2329 4825 2381 4878 in
2411 4824 2769 4896 Stephanum,
2819 4835 2875 4882 et
2921 4825 3122 4896 gentile
3178 4827 3282 4881 hoc
3332 4843 3362 4883 a
3412 4827 3692 4898 Κάραλλις

2113 4909 2415 4964 derivatum
2471 4919 2631 4979 atque
2707 4909 2776 4964 ab
2861 4910 3306 4982 Ethnicographo
3385 4913 3690 4985 neglectum

2113 4994 2364 5049 observa.

2183 5077 2321 5134 Ibid.
2387 5079 2778 5147 Ὀλύϐρασος.
2833 5078 3230 5151 Κορυὸρασσδς
3279 5094 3403 5136 vere
3458 5077 3691 5136 11018ιυὶ-

2114 5162 2259 5227 nius,
2293 5160 2447 5230 cujus
2479 5162 2693 5229 praesul,
2752 5164 2821 5218 ab
2875 5163 3067 5218 eodem
3110 5164 3414 5235 appellatus
3443 5163 3496 5216 in
3545 5163 3688 5216 hanc

2113 5262 2250 5310 rem,
2292 5245 2486 5303 Nesius
2530 5245 2924 5316 Κορυσρασσοῦ
2972 5249 3174 5318 Ephes.
3230 5245 3428 5302 concil.
3461 5259 3514 5312 p.
3557 5244 3686 5312 £38,

2111 5344 2398 5400 perperam
2430 5344 2556 5385 vero
2584 5329 2684 5400 τῆς
2738 5331 2883 5385 κατὰ
2917 5331 3305 5401 Κορυόοσύνην
3360 5330 3684 5401 ἐκκλησίας.

2182 5498 2320 5556 Ibid.
2355 5499 2494 5554 Ὑπὸ
2542 5499 3006 5568 κονσουλὰριον.
3044 5495 3269 5553 Presidi
3305 5495 3526 5568 Lyciam
3557 5495 3688 5552 Νο-

2113 5585 2232 5638 titia
2293 5585 2420 5652 imp.
2461 5582 2665 5640 Orient.
2715 5601 2765 5640 c.
2824 5601 2840 5638 ι
2884 5581 3122 5652 subjicit,
3178 5591 3370 5648 estque
3435 5581 3489 5635 in
3539 5582 3686 5636 Actis

2111 5667 2172 5724 S.
2209 5668 2423 5725 Claudii
2478 5669 2618 5740 apud
2675 5669 2924 5724 Ruiuart.
2985 5683 3037 5738 p.
3086 5664 3193 5720 866
3241 5665 3431 5736 Lysias
3486 5679 3688 5733 praes

2112 5755 2408 5824 provincia:
2441 5754 2638 5825 Lyciae;
2671 5755 2760 5824 qui
2802 5761 2982 5806 tamen
3025 5764 3133 5806 non
3171 5749 3297 5809 huic
3331 5750 3427 5806 sed
3456 5749 3685 5815 Ciliciae,

2111 5839 2371 5911 quoniam
2417 5829 2478 5895 in
2533 5838 2756 5896 civitate
2806 5833 2976 5907 {Egea
3033 5841 3404 5892 commoratus
3465 5834 3684 5900 dicitur,
