4170 6442
459 397 596 465 1137

456 529 646 570 verum
695 513 916 568 tradidit
963 513 1228 570 Arrianus
1277 515 1480 585 Exped.
1528 517 1790 574 Alexand.
1849 533 1904 582 t,
1945 517 2037 574 25.

457 597 760 668 Episcopus
802 597 914 652 τῶν
970 598 1256 670 Πιννάρων
1298 600 1619 658 Theodorus
1661 618 1784 658 cum
1827 603 2044 660 Niemno

455 681 698 734 secundo
726 694 779 748 p.
810 681 879 734 52
899 680 1045 734 inter
1067 679 1265 752 Lycios
1293 699 1486 739 nomen
1511 685 1852 754 profiteatur,
1880 687 2042 757 digna

455 761 644 830 utique
674 764 806 818 urbs
831 761 1014 818 fuerat
1042 766 1131 820 cui
1165 765 1221 820 in
1250 763 1584 838 Geographie
1617 766 1678 823 S.
1715 769 1868 825 locus
1901 769 2039 826 assi-

453 854 682 914 gnaretu
693 860 736 899 r.

521 939 638 995 Ccl.
671 941 794 996 M9.
815 943 1066 1012 Σίδυμα.
1087 944 1270 1002 ltams.
1294 957 1350 1002 et
1370 950 1673 1015 verissime,
1696 960 1754 1007 ut
1777 966 1840 1006 ex
1863 953 2040 1010 Ptole-

455 1038 592 1075 ηιωο
633 1034 690 1077 et
733 1024 906 1078 Plinio
957 1036 1194 1083 constat.
1228 1031 1384 1086 Addo
1426 1033 1784 1089 Zemarchum
1831 1036 2042 1100 πόλεως

454 1103 705 1170 Σιδύμων
745 1107 844 1176 τῆς
887 1109 1093 1175 Λυκίας
1136 1114 1372 1169 concilio
1413 1117 1830 1187 Constantinop.
1881 1121 2041 1176 tertio

455 1203 509 1254 p.
540 1188 650 1241 505
687 1197 740 1244 et
774 1191 1125 1249 Nicodemum
1170 1197 1380 1263 πόλεως
1411 1199 1662 1271 Σιδύμων
1706 1201 1925 1258 Νῐετεηο
1953 1220 2042 1260 se-

451 1273 631 1326 cnndo
653 1289 704 1342 p.
739 1275 809 1328 52
833 1278 1246 1346 subscripsisse.
1284 1279 1644 1351 Theophanes
1677 1287 1741 1341 de
1763 1286 2039 1345 Marciano

449 1352 716 1446 ϐίιοηοςιν.⁵
745 1373 798 1425 p.
830 1359 897 1446 89
924 1378 937 1414 :
970 1363 1077 1415 Καὶ
1119 1364 1408 1434 γενόμενος
1438 1369 1497 1420 ὲν
1524 1370 1725 1440 Λυκίᾳ,
1759 1372 2040 1446 ἀρρωστίᾳ

451 1440 770 1526 τςεριπεσῲν
814 1445 906 1497 καὶ
951 1446 1335 1518 καταλειφθεὶς
1369 1451 1430 1503 ὲν
1472 1452 1620 1507 πόλει
1664 1440 1908 1526 Σύδηιλα,
1948 1440 2036 1515 ubi

444 1522 568 1603 sine
617 1523 782 1600 dubio
824 1526 1031 1596 Σίδυμα
1069 1541 1310 1600 Oportet,
1357 1548 1468 1603 quo
1493 1544 1548 1588 et
1594 1553 1721 1592 mss.
1752 1522 2036 1596 Barberini

445 1601 660 1693 Zionpta
699 1607 870 1662 ducit.
918 1609 1256 1670 ilolsteiuius
1292 1616 1345 1670 in
1377 1601 1558 1673 dubio
1607 1629 1787 1674 utrum
1829 1623 2038 1693 Σίδυμα

446 1701 530 1774 an
564 1688 774 1760 Δίδυμα
827 1694 1084 1761 probaret
1127 1695 1420 1770 fuit.§Vide
1472 1702 1538 1756 ad
1591 1700 1928 1774 Stephanum
1959 1688 2034 1761 vin

444 1771 485 1820 A
497 1769 568 1822 ῗδυ
577 1789 676 1841 μον
705 1783 758 1828 et
780 1775 1008 1846 Σίδυμα.

517 1865 657 1922 ibid.
691 1870 836 1926 Τλῶ.
871 1869 984 1928 Hoc
1007 1889 1037 1928 e
1079 1890 1210 1930 mss.
1247 1892 1437 1932 verum
1476 1878 1661 1946 fuerit,
1690 1883 1851 1937 modo
1880 1884 2035 1949 Τλῶς

446 1949 683 2039 legeris,
739 1968 901 2023 quam
953 1958 1142 2012 urbem
1195 1960 1342 2014 inter
1394 1977 1490 2018 sex
1544 1967 1809 2020 maximas
1857 1967 2035 2039 Lycia:

451 2033 652 2088 Strabo
677 2053 787 2105 m,
820 2053 871 2106 ρ.
910 2040 1036 2107 665,
1065 2043 1253 2099 refert.
1287 2044 1534 2101 Andreas
1559 2047 1767 2113 πόλεως
1791 2033 2034 2109 nosam

443 2116 780 2178 Chalcedon.
809 2139 860 2192 p.
887 2125 955 2180 97
975 2138 1030 2180 et
1051 2127 1306 2198 Τρόγλων
1329 2146 1383 2200 ρ.
1411 2131 1537 2198 599,
1563 2151 1626 2187 ac
1643 2135 2034 2194 Constantinus

445 2200 619 2265 Τλῶν,
668 2207 755 2272 qni
801 2207 1033 2263 Τλωέων
1069 2212 1178 2268 dici
1207 2213 1502 2282 debuerat,
1538 2215 1758 2276 Nicwno
1790 2224 2032 2278 secundo

443 2297 498 2352 ρ.
535 2284 604 2338 52
635 2289 949 2345 adfuerunt.

515 2382 648 2470 Ibid.
687 2389 999 2457 Τελμισός.
1027 2390 1255 2448 Prmslat
1273 2395 1582 2452 sibilantem
1610 2400 1899 2470 geminari,
1927 2405 2030 2459 etsi

443 2463 743 2550 Hesychius
765 2471 1052 2542 Τελμισεῖς
1079 2476 1232 2541 ἔθνος
1262 2481 1390 2550 περὶ
1421 2463 1652 2550 Λυκίαν,
1685 2497 1739 2539 et
1777 2463 2030 2544 Clemens

442 2549 848 2645 glexanilrinus
875 2557 1137 2645 Stromat.
1174 2578 1214 2628 ι,
1247 2578 1300 2631 p.
1337 2549 1434 2619 36l
1465 2567 1600 2621 edit.
1633 2549 1813 2625 Oxon.
1839 2569 2030 2645 ὥσπερ

441 2632 730 2719 Talnam;
783 2638 882 2710 τὴν
935 2639 1002 2693 δι’
1051 2645 1274 2713 ὀνείρων
1334 2651 1641 2719 μαντικήν,
1693 2662 1746 2708 et
1798 2632 2031 2712 Basilius

441 2715 519 2770 M.
551 2719 708 2787 epist.
739 2719 844 2776 218
871 2724 929 2776 ὲν
961 2724 1222 2796 Τελμεσῷ
1267 2726 1495 2802 Ίλάριος
1527 2715 1861 2800 ὲᾶιίσκοποςε
1892 2739 2029 2794 alte-

442 2815 561 2852 rum
573 2804 730 2893 enim
761 2805 1006 2877 plerique
1032 2821 1272 2865 veterum
1309 2817 1538 2883 probare
1562 2818 1756 2886 solent,
1781 2821 2030 2893 interque

441 2901 535 2940 eos
565 2885 820 2944 Clemens
857 2891 972 2961 ipse
1014 2892 1281 2966 Protrept.
1323 2915 1375 2968 p.
1409 2900 1500 2956 40.
1538 2901 1721 2959 Posita
1744 2885 1878 2963 urbs
1911 2885 2030 2964 erat

441 2969 506 3060 in.
535 2970 670 3024 colle
707 2985 976 3043 praerupto
1011 2978 1154 3032 circa
1195 2996 1345 3036 mare
1383 2985 1524 3052 apud
1557 2985 1847 3044 Arrianuut
1883 2988 2024 3060 Exp.

441 3052 686 3141 illexand
722 3071 758 3120 l,
782 3055 896 3122 28.,
931 3058 1179 3130 sinuique
1199 3078 1396 3119 nomen
1437 3066 1586 3122 fecit.
1620 3068 1872 3130 Lucanus
1905 3052 2022 3141 vni,

438 3136 589 3224 9.487;:
633 3138 956 3210 Magnas-que
987 3146 1134 3198 sinus
1169 3146 1508 3204 Telmissidos
1541 3155 1698 3208 undae
1725 3136 2024 3224 compensai

439 3222 836 3294 mediojpelagi.
880 3227 972 3282 Sic
1016 3229 1245 3285 malim:
1297 3247 1420 3286 nam
1449 3245 1503 3289 et
1548 3222 1920 3296 Themissidos
1970 3245 2022 3298 in

440 3317 602 3388 manu
646 3319 894 3388 exarato
961 3310 1099 3366 libro
1158 3311 1250 3366 Fr.
1318 3313 1731 3388 Oudendorpius
1789 3323 2020 3382 invenit.

439 3383 575 3441 Vide
630 3387 822 3444 Cellar.
871 3390 938 3446 G.
985 3393 1050 3449 Α.
1086 3411 1171 3462 tu,
1220 3397 1290 3464 5,
1341 3414 1395 3468 p.
1447 3401 1545 3456 lO'l
1589 3383 1644 3458 et
1676 3403 1918 3462 Holstein
1968 3411 2022 3464 in

439 3469 802 3540 Stephanum.

512 3584 641 3638 Ibid.
686 3587 942 3654 Καῦνος.
998 3589 1172 3646 Carize
1231 3592 1372 3649 hanc
1423 3595 1614 3651 urbem
1666 3603 1844 3657 serior
1891 3620 2023 3665 aetas

436 3665 618 3736 Lycia:
653 3672 970 3726 contribuit.
1007 3673 1176 3730 Arces
1205 3677 1324 3746 ejus
1371 3677 1690 3740 Heracleum
1737 3697 1792 3741 et
1839 3687 2024 3744 Persi-

436 3767 561 3805 cum
609 3751 874 3810 Diodorus
922 3755 1137 3813 Siculus
1187 3776 1279 3828 xx,
1309 3777 1362 3830 p.
1415 3763 1537 3830 766,
1586 3784 1693 3824 non
1731 3775 2019 3840 praeteriit.

434 3840 579 3906 Ager
608 3840 750 3893 circa
782 3841 972 3896 urbem
1007 3843 1143 3898 satis
1173 3845 1305 3900 uber
1331 3854 1388 3902 et
1417 3846 1609 3906 fertilis
1635 3863 1774 3921 erat,
1804 3860 1898 3912 sed
1929 3874 2021 3918 aer

435 3936 537 3990 per
560 3930 804 3978 aetatem
834 3932 888 3976 et
915 3938 1238 3980 autumnum
1270 3930 1772 4003 pestilentissimus,
1798 3955 2021 4000 auctore

436 4004 706 4092 Strabone
736 4020 846 4073 xlv,
880 4024 935 4078 p.
968 4008 1094 4074 651,
1128 4013 1269 4066 unde
1297 4014 1606 4073 valetudine
1639 4019 2016 4092 habitantium,

434 4091 581 4172 quod
606 4089 741 4145 Mela
766 4092 863 4158 ait,
899 4093 1155 4162 oppidum
1189 4104 1308 4150 erat
1343 4097 1588 4156 infame:
1627 4106 1830 4172 passim
1871 4089 2019 4166 cives

435 4171 850 4260 febricitabant,
887 4177 1194 4260 pallidoque
1221 4182 1365 4234 vultu
1402 4171 1650 4241 morbum
1695 4191 2017 4260 prodebant,

434 4271 601 4325 quam
643 4257 694 4311 in
733 4273 843 4313 rem
883 4271 1080 4328 praeter
1113 4258 1438 4319 Strabonem
1478 4270 1693 4338 egregia
1726 4271 1891 4330 habet
1921 4257 2020 4334 Dio

436 4340 860 4425 Clnysostomus
881 4348 1018 4394 orat.
1043 4340 1134 4406 52,
1167 4359 1220 4414 p.
1246 4343 1371 4404 590,
1401 4345 1780 4417 Hesychiusin
1803 4356 2020 4425 Καῦνος

435 4421 802 4510 ᾳὶοίιᾳῬόδξου
841 4438 971 4510 esse
999 4425 1178 4510 adiuv,
1216 4430 1472 4496 quoniam
1519 4431 1745 4490 Rhodiis
1773 4421 2015 4510 subjecta

437 4505 562 4592 ςμξι,
581 4503 868 4592 Descivere
882 4506 1098 4592 quidem
1122 4510 1286 4566 abhis
1302 4511 1492 4570 Caunii
1508 4520 1650 4585 apud
1667 4503 2017 4592 Ιιὶνὶιιηίκιινν

433 4590 533 4655 25,
575 4590 670 4644 sed
707 4599 762 4644 et
810 4589 865 4644 in
909 4590 1156 4645 ordinem
1199 4604 1326 4649 sunt
1368 4600 1572 4655 redacti
1611 4610 1666 4656 et
1693 4619 1724 4658 a
1756 4589 2018 4666 Romanis

434 4673 692 4762 deinceps
723 4671 1176 4762 iisdem‘addicti,
1210 4675 1388 4762 indice
1421 4681 1728 4752 Strabone;
1756 4703 1864 4756 quo
1888 4691 2018 4762 jugo

434 4756 666 4812 necdum
710 4755 940 4810 exsoluti
971 4767 1157 4822 erant,
1189 4773 1307 4812 cum
1349 4761 1681 4821 Rhodiacam
1717 4755 1814 4826 Dio
1841 4755 2019 4845 Chr}-

433 4847 733 4926 $051.9th
758 4841 1027 4895 recitaret.
1078 4840 1178 4926 Τίς
1203 4842 1311 4914 γὰρ
1341 4845 1493 4916 παρὰ
1523 4847 1810 4918 Καυνίοις,
1843 4840 2020 4926 inquit

431 4939 490 4994 p.
517 4924 644 4987 549,
671 4925 864 4993 γέγονε
887 4925 1132 4992 γενναῖος
1157 4925 1332 4996 ἀνήρ;
1361 4927 1392 4997 ἢ
1415 4927 1499 4997 τίς
1531 4929 1750 4986 πώποτε
1773 4924 2018 5004 ἐκείνους

433 5007 640 5073 ἀγαθόν
680 5024 734 5060 τι
781 5007 1117 5079 πεποίηκεν;
1164 5008 1218 5062 οῖ
1253 5025 1314 5078 γε
1358 5010 1703 5068 δουλεύουσιν
1747 5017 1844 5090 οὐχ
1887 5022 2018 5091 ὑμῖν

435 5091 641 5162 μόνοις,
665 5091 802 5146 ἀλλὰ
824 5093 918 5147 καὶ
954 5092 1264 5163 Ῥωμαίοις,
1289 5094 1358 5148 δι’
1390 5095 1697 5170 ὑπερϐολὴν
1717 5102 1904 5166 ἀνοίας
1925 5107 2019 5160 καὶ

435 5175 740 5246 μοχθηρίας
760 5176 954 5248 διπλῆν
977 5177 1160 5241 αὐτοῖς
1183 5177 1281 5250 τὴν
1307 5176 1551 5235 δουλείαν
1574 5190 2018 5244 κατασκευάσαν-

430 5277 545 5322 τες.
572 5261 754 5328 Quare
784 5275 905 5316 cum
938 5276 1002 5316 ea
1034 5260 1238 5317 fuerint
1272 5263 1470 5319 misera
1501 5267 1814 5327 conditione
1841 5282 1897 5328 et
1926 5274 2013 5328 iu-

419 5343 781 5417 _considerata
816 5345 1153 5410 temeritate,
1185 5360 1251 5400 ue
1277 5347 1539 5404 miremur
1562 5351 1630 5406 ab
1659 5353 1850 5410 eodem
1887 5371 2018 5412 ora-

434 5437 553 5481 tore
607 5442 658 5496 p.
700 5425 836 5492 526,
885 5427 1016 5491 τοὺς
1061 5430 1429 5496 κακοϐούλους
1469 5433 1696 5500 τούτους
1741 5439 2015 5508 Καυνίους
2055 5488 2060 5495 .

432 5510 655 5579 pessime
679 5511 780 5565 sibi
803 5511 1132 5568 consulentes
1162 5513 1394 5571 Caunios
1423 5518 1702 5588 appellari.

512 5605 758 5673 Ἀραεα.
795 5606 1010 5664 Habent
1033 5611 1220 5666 urbem
1247 5609 1555 5683 Stephanus
1583 5627 1639 5671 et
1665 5616 2008 5680 Ptolemaeus.

439 5686 760 5745 Theodorus
792 5691 1082 5762 episcOpus
1103 5692 1312 5759 πόλεως
1348 5697 1591 5773 ’Δράεων
1616 5700 1886 5773 ἐπαρχίας
1906 5707 2015 5760 Λυ-

438 5773 600 5855 θείας.
640 5775 753 5830 sive
811 5775 1086 5849 ’Δρὰζων,
1131 5789 1502 5851 utperperam
1535 5803 1588 5855 p.
1623 5787 1750 5852 673,
1785 5792 2013 5850 concilio

440 5853 856 5933 Constantinop.
927 5862 1088 5922 tertio
1116 5903 1132 5934 ,
1201 5865 1353 5937 pejus
1422 5853 1731 5942 Stephanus
1803 5874 2010 5942 πόλεως

1345 407 1739 470 COMMENT.
1779 407 1862 468 IN
1904 405 2323 472 HIEROCLIS
2359 413 2907 481 SYNECDEMUM.

3597 417 3732 485 1138

2153 519 2412 594 Ἀράζου.
2448 522 2670 582 Nicmno
2699 528 2939 583 secundo
2973 542 3031 599 p.
3064 527 3189 595 556,
3227 529 3615 601 subscripsisse
3655 535 3736 588 di:-

2151 607 2316 662 citur.
2340 608 2524 665 Bubon
2545 626 2612 666 ex
2649 610 2826 666 Plinio
2855 621 2980 668 nota
3009 621 3114 668 est.

2221 691 2355 746 Ibid.
2393 693 2703 749 Ἠνόανδα.
2738 695 2999 749 Οίνόανδα
3026 710 3092 752 ex
3129 695 3307 752 Plinio
3333 704 3390 749 et
3420 687 3750 768 Stepnano:

2150 790 2275 830 nam
2297 774 2572 831 Ptolemaei
2595 777 2856 832 Οίνέανδα
2878 789 3025 834 recta
3050 795 3154 835 non
3175 790 3322 836 sunt.
3342 781 3514 835 Prave
3536 782 3735 837 concil.

2147 855 2561 929 Constantinop.
2577 863 2739 916 tertio
2761 877 2815 932 ι).
2831 862 2937 918 675
2954 862 3218 932 Georgius
3231 863 3427 932 prmsul
3452 862 3735 917 ’Υνιανδοῦ

2148 941 2421 1012 ἐπαρχίας
2449 944 2688 1012 Λυκίας,
2717 955 2774 1000 et
2805 959 2859 1014 ι).
2898 947 3024 1011 535,
3062 946 3386 1013 Οίνιάνδων,
3419 963 3483 1002 ac
3516 946 3738 1002 Nicmno

2148 1023 2391 1079 secundo
2428 1041 2484 1094 p.
2513 1027 2620 1082 526
2653 1027 2922 1098 Georgius
2956 1030 3237 1084 Οἰνιάνδου
3271 1031 3552 1085 scribitur.

2215 1110 2354 1165 ibid.
2399 1113 2696 1182 Βιτλούρα.
2728 1113 3046 1185 Βάλΰουρα,
3095 1127 3154 1168 ut
3195 1117 3248 1169 in
3275 1115 3447 1168 Plinio
3469 1124 3525 1167 et
3554 1113 3737 1166 Ptole-

2146 1208 2316 1259 mmo,
2357 1195 2511 1261 cujus
2543 1196 2730 1267 Oppidi
2773 1187 3060 1266 episcopus
3101 1196 3437 1252 Chalcedon.
3485 1197 3735 1251 Concilio

2147 1292 2200 1345 p.
2258 1277 2364 1332 524
2411 1277 2692 1349 Philippus
2738 1279 3130 1352 Βαρϐουρὲων,
3177 1290 3234 1336 et
3274 1297 3328 1350 p.
3375 1281 3484 1335 666
3519 1279 3733 1344 πόλεως

2146 1363 2546 1433 Βαλϐουραίων,
2576 1365 2777 1433 optime
2807 1365 3163 1437 Βαλόουρέων
3188 1381 3244 1436 p.
3278 1365 3347 1422 9'?
3378 1375 3623 1420 vocatur.

2216 1447 2352 1502 Ibid.
2383 1448 2816 1518 Κομιστάραος.
2851 1448 3000 1518 Mihi,
3037 1451 3137 1506 nisi
3166 1448 3475 1521 Corydalla,
3497 1451 3568 1505 sit
3599 1449 3735 1504 nihil

2146 1529 2213 1584 de
2244 1545 2308 1585 ea
2347 1532 2604 1588 innotuit.
3715 1555 3719 1558 '

2217 1614 2352 1668 Ibid.
2394 1614 2533 1668 Ὑπὸ
2564 1614 2851 1685 ἡγεμόνα.
2879 1621 2987 1672 sub
3035 1617 3356 1688 Vespasiano
3386 1617 3623 1686 principe
3651 1616 3734 1670 in-
3771 1668 3794 1678 -

2144 1696 2386 1750 sularum
2419 1697 2691 1764 provincia
2730 1698 2878 1766 facta
2915 1709 3019 1770 est,
3053 1699 3250 1756 Sextus
3282 1700 3452 1756 Rufus
3487 1700 3562 1754 ait
3598 1699 3731 1753 Bre-

2144 1781 2278 1835 viar.
2337 1795 2389 1836 c.
2449 1780 2554 1846 £0,
2606 1782 2952 1852 praesidiqu
3003 1785 3220 1848 imperio
3271 1783 3541 1851 subjecta:
3587 1783 3733 1837 unde

2147 1864 2512 1920 Diocletianus
2579 1864 2879 1935 imperator
2936 1866 3003 1920 ad
3071 1865 3364 1937 Diogenem
3430 1866 3730 1920 insularum

2142 1947 2427 2015 praesidem
2465 1947 2654 2002 scribit
2675 1946 2711 2000 l.
2739 1963 2769 2000 v
2801 1962 2853 2002 c.
2881 1948 2970 2002 ubi
3001 1963 3153 2003 caus.
3191 1956 3345 2014 stat.,
3375 1947 3733 2017 ejusdemque

2142 2029 2510 2084 meminerunt
2566 2030 2922 2099 imperatores
2975 2030 3250 2086 Honorius
3294 2041 3348 2086 et
3391 2031 3733 2086 Theodosius

2141 2112 2196 2165 in
2231 2113 2264 2166 l.
2297 2112 2369 2168 32
2397 2127 2451 2168 e.
2485 2111 2588 2167 Th.
2626 2113 2694 2169 de
2725 2112 2992 2180 Navicul.,
3034 2115 3124 2169 ubi
3156 2114 3309 2184 plura
3340 2113 3728 2169 Gothofredus.

2138 2199 2316 2268 Agere
2363 2213 2566 2267 praeses
2618 2197 2939 2268 plerumque
2983 2197 3158 2254 Rhodi
3195 2199 3428 2259 solebat.
3468 2212 3729 2269 quorsum

2139 2293 2262 2333 cum
2297 2280 2475 2335 hieme
2507 2281 2847 2348 periculosus
2875 2289 2932 2336 et
2963 2295 3109 2352 stupe
3145 2282 3390 2337 incertus
3427 2291 3574 2335 esset
3599 2295 3729 2334 cur-

2139 2367 2262 2429 sus",
2303 2364 2505 2420 frustra
2532 2364 2759 2420 Rhodiis
2800 2367 3158 2434 querentibus
3180 2405 3196 2430 ,
3237 2368 3594 2434 imperatores
3626 2363 3732 2418 Va-

2138 2449 2254 2505 lens
2276 2449 2566 2504 Gratianus
2594 2460 2649 2504 et
2673 2447 3010 2505 Theodosius
3041 2450 3184 2503 aliud
3219 2449 3507 2505 edixerunt
3538 2448 3578 2502 li
3607 2447 3648 2501 6
3669 2463 3722 2501 c.

2139 2533 2204 2586 de
2237 2531 2386 2587 Oﬂic.
2427 2541 2626 2587 rector.
2659 2531 3127 2602 provinc.Civitas
3163 2532 3517 2597 Rhodiarum,
3547 2532 3724 2598 aiunt,
3755 2595 3763 2599 ,

2137 2616 2398 2684 injuriam
2441 2631 2596 2669 suam
2649 2630 2766 2680 non~
2806 2625 2914 2668 tam
2964 2615 3206 2670 decenter
3239 2631 3401 2684 quam
3442 2631 3557 2668 ssro
3601 2630 3731 2669 con-

2135 2707 2317 2764 questa
2364 2706 2459 2751 est.
2519 2696 2668 2752 Unde
2708 2696 3006 2751 inviolabili
3045 2697 3407 2752 obseruatione
3450 2698 3725 2752 sancimus

2138 2793 2224 2845 ut,
2259 2783 2508 2852 quoniam
2539 2791 2767 2852 tempore
2808 2781 2995 2837 hiemis
3031 2782 3298 2852 nauigatio
3329 2797 3470 2851 stepe
3510 2782 3724 2850 pericu-

2136 2867 2250 2922 losa
2283 2879 2356 2923 est
2389 2879 2435 2920 et
2475 2882 2676 2934 semper
2707 2867 2911 2922 incerta
2931 2905 2948 2934 ,
2986 2865 3183 2921 in-illis
3217 2866 3444 2938 quinque
3481 2864 3724 2933 urbibus,

2134 2967 2252 3022 qua:
2297 2954 2525 3022 potiores
2564 2966 2675 3004 esse
2715 2951 2918 3005 ueteris
2958 2961 3301 3016 asseruntur,
3341 2949 3570 3005 uicissim
3613 2949 3729 3002 hie—

2136 3037 2389 3091 mandnm
2420 3035 2521 3090 sibi
2547 3035 2758 3103 jndices
2787 3043 3186 3104 recognoscant.
3219 3033 3406 3103 Neque
3432 3033 3590 3088 enim.
3616 3033 3722 3097 duo

2133 3118 2413 3177 bitandum
2439 3119 2659 3174 videtur
2675 3119 2804 3189 quin
2828 3119 2930 3173 sub
2945 3116 3188 3186 iudicum
3213 3117 3435 3172 nomine
3457 3115 3726 3187 praesides

2133 3203 2590 3272 complectantur,
2623 3211 2883 3271 tantoque
2909 3200 3089 3257 minus
3112 3200 3257 3270 quod
3282 3209 3337 3256 et
3357 3199 3491 3255 alias
3509 3199 3724 3266 iudices

2136 3287 2188 3340 in
2241 3286 2475 3340 lctorum
2519 3275 2842 3354 fragmentis
2882 3283 3140 3351 prmities
3196 3283 3607 3354 assignillcent,
3662 3293 3724 3338 ut

2133 3369 2396 3437 exemplis
2443 3368 2609 3424 Corn.
2658 3366 2773 3421 Van
2827 3365 3201 3422 Binkerslmrk
3249 3365 3528 3422 Observal.
3582 3383 3636 3432 ι,
3684 3369 3722 3422 Ξ

2133 3454 2316 3509 docuit
2337 3451 2598 3522 pluribus.
2623 3450 2770 3506 Cave
2803 3465 2934 3506 vero
2955 3449 3199 3521 quinque
3220 3450 3407 3516 urbes,
3434 3450 3486 3506 in
3519 3451 3720 3521 quibus

2131 3537 2374 3591 vicissim
2430 3535 2662 3589 hiemem
2700 3534 3001 3604 transigere
3048 3531 3344 3600 iubentur,
3405 3534 3471 3588 de
3527 3532 3720 3589 insulas

2133 3617 2574 3675 Rhodi-urbibus
2593 3630 2716 3672 cum
2756 3615 2921 3672 Guid.
2958 3615 3247 3671 Pancirolo
3283 3616 3336 3670 in
3370 3614 3547 3670 Notit.
3584 3616 3716 3684 imp.

2132 3701 2334 3756 Orient.
2357 3716 2407 3756 c.
2435 3699 2540 3755 102
2568 3699 2974 3770 interpreteris:
3009 3707 3086 3755 tot
3108 3698 3198 3752 illa
3223 3713 3330 3753 non
3359 3699 3512 3764 vidit,
3541 3698 3718 3754 tribus

2129 3788 2257 3842 olim
2288 3786 2543 3856 superba,
2577 3785 2720 3839 unde
2752 3783 3002 3853 τρίπολις
3031 3783 3195 3847 νᾶσος
3224 3781 3463 3837 Pindaro
3499 3781 3715 3854 Olymp.

2127 3872 2218 3927 od.
2249 3871 2305 3936 7‘,
2340 3869 2584 3939 sed-qua:
2615 3868 2669 3923 in
2697 3881 2860 3922 unam
2889 3865 3162 3933 Rhodum,
3195 3866 3441 3936 ejusdem
3475 3881 3598 3920 cum
3633 3866 3718 3920 in-

2130 3954 2246 4008 sula
2263 3953 2517 4019 nominis,
2533 3949 2785 4020 deinceps
2807 3950 3151 4016 coaluerunt,
3177 3949 3446 4006 Strabone
3463 3957 3601 4005 teste
3624 3949 3712 4015 l4,

2128 4053 2184 4109 p.
2220 4036 2346 4092 655.
2371 4034 2623 4105 Quinque
2652 4033 2834 4100 urbes,
2869 4034 2973 4089 nisi
2995 4033 3172 4100 fallor,
3209 4033 3397 4089 insulae
3427 4042 3551 4088 sunt
3584 4033 3713 4086 toti-

2130 4120 2284 4186 dem,
2328 4118 2384 4173 in
2421 4121 2524 4173 hac
2558 4117 2839 4186 provincia
2879 4117 3092 4173 caneris
3121 4118 3362 4188 potiores
3393 4134 3407 4171 :
3453 4117 3557 4170 hoc
3598 4117 3716 4184 ipsa
3746 4177 3753 4184 _

2129 4205 2517 4273 imperatorum
2551 4199 2887 4266 constitutio,
2915 4209 2974 4253 nt
3006 4201 3287 4266 admittas,
3319 4200 3566 4271 requirit.
3599 4198 3714 4253 Nec
3747 4242 3752 4247 .

2128 4289 2284 4343 obest
2312 4285 2582 4340 sermonis
2607 4298 2738 4340 usus
2762 4298 2778 4337 ε
2808 4298 2933 4338 nam
2967 4293 3022 4338 et
3046 4283 3520 4354 Virgilius-Delum
3546 4283 3714 4352 Apol-

2127 4373 2253 4428 linis
2283 4371 2469 4425 urbem
2493 4377 2649 4423 vocat
2675 4384 2689 4421 :
2723 4381 2898 4437 neque
2922 4365 3130 4422 Graecis
3151 4367 3446 4438 quidquam
3479 4368 3715 4422 failia-

2129 4458 2242 4511 rius
2290 4469 2450 4525 quam
2496 4452 2726 4507 insulam
2777 4451 2934 4504 πόλιν
2975 4449 3270 4522 appellare.
3325 4449 3455 4506 Vide
3504 4451 3710 4509 Anton.

2127 4541 2258 4596 Itin.
2298 4554 2351 4607 p.
2395 4535 2521 4593 525.
3697 4569 3704 4575 ο

2209 4623 2436 4687 Ῥόδος.
2481 4619 2784 4676 lnsularum
2833 4617 3119 4688 provinciae
3161 4618 3482 4690 metropolis
3525 4619 3710 4689 Ephe-

2127 4708 2248 4763 sino
2293 4705 2523 4760 cont-ilio
2570 4721 2624 4775 p.
2673 4703 2778 4759 455
2820 4704 3046 4769 dicitur;
3096 4701 3358 4759 Jornandi
3409 4705 3482 4759 de
3538 4704 3709 4776 Regn.

2128 4791 2340 4846 Succes.
2377 4789 2592 4843 Rhodus
2629 4787 3000 4856 opinatissima
3033 4786 3212 4842 insula
3245 4798 3292 4842 et
3333 4790 3496 4844 totius
3530 4789 3712 4845 Adrita

2125 4876 2419 4931 insularum
2472 4872 2801 4940 meimpolis,
2845 4873 2935 4942 qui
2985 4874 3187 4928 rectius
3211 4872 3390 4944 digeri
3425 4875 3590 4929 maris
3614 4881 3713 4930 aut.

2127 4962 2270 5015 Asiae
2292 4958 2623 5027 scripsisset.
2655 4956 2930 5013 Libertate
2958 4973 2988 5011 a
3021 4957 3357 5027 Vespasiano
3382 4961 3589 5028 privata
3621 4971 3712 5015 est

2125 5043 2264 5111 apud
2305 5042 2534 5098 Sueton.
2581 5055 2631 5096 c.
2663 5041 2730 5105 8;
2759 5040 2904 5094 unde
2945 5039 3085 5096 citra
3131 5041 3353 5098 dubium
3389 5052 3474 5096 est
3523 5044 3708 5098 Di0nis

2124 5126 2497 5200 Chrysostomi
2529 5125 2860 5181 Rhodiacam
2886 5135 3014 5181 ante
3033 5125 3200 5181 fuisse
3227 5127 3506 5182 reeitatam
3539 5143 3703 5198 quam

2126 5211 2355 5267 Rhodiis
2391 5209 2613 5264 libertas
2654 5207 2997 5274 auferretur,
3048 5208 3101 5263 in
3144 5207 3439 5278 provinciae
3475 5211 3706 5263 formam

2125 5291 2401 5349 redactis:
2432 5290 2637 5347 salvam
2678 5289 2785 5346 illis
2813 5291 3118 5348 libertatem
3147 5307 3200 5362 p.
3230 5292 3337 5348 544
3366 5289 3432 5357 D,
3462 5293 3708 5348 beatam-

2123 5393 2230 5446 que
2257 5375 2393 5432 satis
2423 5374 2615 5430 insula:
2635 5373 3028 5442 conditionem,
3052 5375 3140 5430 cui
3173 5375 3226 5429 in
3256 5373 3418 5430 Caria
3449 5384 3505 5431 et
3538 5374 3704 5448 Lycia

2124 5461 2373 5516 civitates
2399 5458 2702 5515 tributariae
2727 5468 2912 5515 essent
2939 5459 3121 5528 plures
3143 5474 3196 5527 p.
3222 5458 3320 5513 541
3353 5458 3433 5525 C;
3463 5461 3708 5516 adfuisse

2124 5543 2230 5600 illis
2274 5551 2535 5614 prmterea
2571 5542 2632 5597 τὸ
2659 5542 2870 5598 ἑαυτῶν
2913 5542 3246 5615 προεστάναι
3284 5544 3377 5597 καὶ
3421 5543 3522 5614 τὴν
3549 5545 3708 5597 πόλλ

2121 5627 2343 5681 διοικεῖν
2373 5627 2468 5681 καὶ
2496 5625 2556 5680 τὸ
2582 5625 2976 5697 βουλεύσασθαι
3006 5627 3102 5680 καὶ
3130 5625 3193 5679 τδ
3205 5626 3430 5680 δικάσαι
3453 5642 3503 5696 ρ.
3536 5627 3641 5683 359
3667 5629 3708 5680 Β

2123 5710 2426 5779 signiﬁcat;
2462 5724 2583 5780 quae
2615 5709 2798 5766 omnia
2841 5709 2983 5764 inter
3014 5709 3326 5777 provincias
3363 5711 3707 5780 transcripta:

2122 5793 2264 5849 haud
2290 5808 2422 5850 sane
2446 5793 2792 5848 conveniunt.
3690 5815 3696 5826 -

2196 5875 2332 5934 ibid.
2380 5875 2528 5944 Κῶς.
2566 5875 2639 5933 De
2677 5877 2778 5934 hac
2825 5884 2879 5936 et
2925 5877 3298 5953 sequentibus
3319 5876 3522 5937 Anton.
3569 5872 3706 5941 Itin,
