4170 6456
361 522 555 577 urbem
592 520 869 593 ingressus
926 528 1074 576 esset
1101 534 1277 589 eaque
1315 520 1798 585 animadverteret,
1826 534 1944 573 mu-

365 614 474 659 tata
509 605 716 660 solenni
749 603 1002 669 formula,
1060 602 1310 668 ἀκούετε,
1337 603 1456 657 ναοὶ
1492 604 1778 661 clamaret.
1819 602 1950 659 Vide

362 688 599 743 (hisaub.
633 688 684 741 in
718 687 922 742 Athen.
943 701 1062 751 vm,
1092 685 1149 767 8.

437 771 556 827 Col.
587 771 708 827 N9.
736 770 1181 840 Στρατονίκεια.
1218 769 1315 823 Dio
1329 768 1399 823 48
1420 784 1475 838 p.
1497 768 1604 824 425
1619 767 1916 824 Labienum
1931 807 1952 835 ,

368 854 684 911 Parthicum
716 855 1123 923 imperatorem,
1164 851 1410 906 Ciciliam
1461 868 1758 923 occupasse
1792 862 1954 924 atque

367 939 514 995 Asiae
538 939 702 994 urbes
725 938 779 993 in
802 938 1115 992 continente
1139 935 1273 990 sitas
1295 944 1491 1004 pra-ter
1519 936 1951 1005 Stratoniceam;

370 1025 462 1092 qui
489 1024 533 1079 si
557 1022 774 1078 Cariam
811 1036 909 1092 pro
940 1019 1071 1076 Asia
1125 1019 1386 1088 scriptam
1438 1019 1768 1090 reliquisset,
1799 1020 1955 1088 cujus

368 1121 505 1162 sane
539 1104 935 1177 urbes'Mylasa
964 1112 1019 1158 et
1051 1102 1332 1157 Alabanda
1363 1114 1416 1156 et
1468 1102 1870 1159 Stratoniceam
1899 1104 1952 1158 in

368 1190 562 1261 primis
615 1189 862 1244 nominat
890 1227 906 1254 ,
961 1202 1076 1243 rem
1113 1184 1290 1250 nobis,
1325 1200 1445 1255 quae
1480 1186 1591 1241 veri
1625 1185 1784 1241 tidem
1815 1185 1956 1241 haud

370 1274 679 1336 excederet,
709 1272 1051 1342 prodidisset.
1077 1268 1553 1338 Corruptissinuuu
1577 1269 1725 1323 urbis
1757 1284 1955 1323 nomen

373 1363 458 1410 cst
480 1354 675 1410 concil.
693 1353 1111 1420 Constantiuop.
1131 1351 1290 1405 tertio
1306 1366 1361 1419 p.
1388 1350 1512 1416 675,
1535 1351 1624 1404 ubi
1652 1351 1954 1421 Theopom-

373 1446 500 1505 ptus
529 1437 740 1502 πόλεως
794 1434 1192 1509 Τροτολυκειὰς
1237 1436 1510 1506 ἐπαρχίας
1561 1433 1775 1507 Καρίας
1826 1434 1956 1490 sub-

374 1520 587 1575 scribit.

448 1603 584 1660 ibid.
626 1602 907 1675 ⁹Αμυζῶν.
943 1603 1052 1672 Sic,
1095 1606 1170 1660 uti
1210 1602 1352 1675 apud
1395 1602 1719 1660 Strabonem
1750 1611 1806 1658 et
1830 1605 1956 1657 Pto-

280 1715 289 1719 ~
373 1687 644 1753 lemaeum,
672 1702 774 1743 ιιιε.
808 1686 1115 1743 Leidensis.
1146 1685 1282 1742 lIinc
1308 1685 1548 1743 Joannes
1578 1683 1874 1758 Ἀμυζόνος
1904 1685 1956 1739 in

374 1768 693 1823 Chalcedon.
735 1784 787 1834 p.
825 1768 953 1834 400,
993 1779 1049 1824 et
1080 1767 1320 1825 Philetus
1342 1768 1665 1840 Ἀμαζόνος,
1692 1768 1794 1824 levi
1829 1782 1957 1839 pec-

376 1862 519 1917 cato,
553 1852 604 1905 itt
636 1850 889 1929 Ephesin.
933 1867 987 1921 p.
1024 1851 1151 1905 4‘57.
1187 1850 1383 1907 Alinda
1433 1867 1501 1907 ex
1559 1852 1848 1907 Ptolemaeo
1905 1859 1961 1905 ct

376 1933 681 2005 Stephano,
699 1949 728 1989 a
749 1935 878 1991 viris
901 1934 1235 1992 doctissimis
1260 1944 1531 2003 correcto,
1555 1944 1718 2005 atque
1743 1933 1960 1990 aliunde

378 2017 664 2073 notissima
689 2027 838 2074 sunt.
1200 2078 1203 2089 ,

447 2100 584 2155 Ibid.
628 2101 970 2157 Ἀλάπανδα
1023 2101 1102 2157 Ita
1149 2101 1295 2173 vulg.
1339 2116 1440 2156 ms.
1496 2099 1648 2156 Leid.
1702 2099 1963 2154 Ἀλάϐαν-

373 2182 466 2248 δα,
482 2184 752 2253 quomodo
776 2194 971 2255 praeter
991 2185 1247 2258 alios,Dio
1268 2200 1463 2250 XLVIII,
1496 2200 1548 2254 p.
1565 2183 1694 2239 425.
1717 2182 1963 2238 'I’nmulis

377 2265 495 2319 fere
546 2266 781 2321 incincta
833 2276 917 2321 est
953 2267 1092 2336 apud
1152 2266 1475 2322 Strabonem
1506 2281 1620 2331 xiv,
1662 2281 1718 2336 p.
1744 2265 1871 2329 660,
1906 2274 1964 2319 ut

379 2348 651 2418 pleraeque
683 2350 735 2402 iu
766 2349 871 2404 hac
902 2350 1178 2419 provincia
1199 2350 1381 2414 urbes,
1414 2349 1642 2405 collibus
1673 2348 1960 2418 impositae.

378 2430 772 2500 Aristophanes
804 2432 956 2485 Avib.
982 2430 1089 2488 295
1117 2450 1132 2488 :
1176 2433 1391 2502 Ὥσπερ
1433 2432 1483 2484 οἱ
1510 2433 1693 2503 Κᾶρες
1724 2431 1825 2501 μὲν
1870 2425 1963 2484 οὖν

379 2513 474 2566 ἐπὶ
504 2513 684 2584 λόφων
713 2514 978 2581 οἰκοῦσιν,
1011 2509 1055 2569 ὦ
1097 2516 1234 2584 ’γά0’
1263 2513 1567 2585 ἀσφαλείας
1598 2514 1818 2569 οὔνεκα.

452 2596 590 2650 Ibid.
656 2597 969 2665 Ὀρθοσίας
1016 2598 1333 2669 Ὀρθωσία,
1393 2599 1661 2668 quomodo
1709 2597 1965 2668 Polybius

379 2678 510 2750 Lt‘g.
545 2680 613 2734 95
645 2692 696 2733 et
728 2697 831 2734 ms.
865 2680 1134 2736 Ptolemaei
1159 2681 1409 2748 Coislin.,
1437 2680 1636 2736 Strabo
1661 2690 1827 2751 atque
1848 2680 1960 2734 alii.

383 2767 650 2835 Diogenes
679 2765 1041 2838 Ὀρθοσιαὶων
1084 2777 1166 2821 est
1200 2768 1250 2820 itt
1283 2765 1616 2822 Chalcedon.
1655 2780 1709 2836 p.
1735 2765 1825 2821 98.

452 2848 589 2902 Ibid.
663 2848 953 2917 "Apxaaa.
988 2848 1102 2903 Sita
1136 2849 1356 2905 fuerunt
1407 2849 1473 2905 ad
1499 2864 1713 2903 amnem
1748 2847 1963 2917 Harpa-

380 2947 502 2986 sum
533 2932 673 3002 apud
695 2931 928 2986 Plinium
958 2948 1013 2998 v,
1036 2931 1129 2987 29.
1167 2931 1402 2989 Phanias
1428 2932 1637 2995 πόλεως
1671 2928 1966 3003 Ἀρπάσων

380 3014 481 3084 τῆς
532 3015 748 3086 Καρίας
793 3013 963 3071 adfuit
990 3015 1262 3085 Ephesiuo
1306 3015 1539 3071 concilio
1567 3031 1618 3084 p.
1656 3013 1786 3070 526.

458 3098 592 3153 Ibid.
638 3099 958 3165 Νεάπολις.
1012 3097 1256 3153 Meminit
1304 3098 1423 3168 ejus
1463 3098 1809 3155 Ptolemaeus.
1844 3095 1965 3153 Fuit

384 3181 513 3236 hinc
548 3181 849 3237 Dorotheus
903 3180 1253 3248 Νεαπόλεως,
1312 3182 1404 3252 qui
1464 3180 1682 3237 Nicaano
1731 3179 1968 3236 secundo

383 3281 438 3336 p.
493 3265 595 3322 l59
627 3266 979 3336 subscripsit.
1034 3267 1305 3322 Bassonas
1357 3266 1504 3323 enim
1548 3267 1648 3336 τῆς
1688 3266 1834 3330 Νέας
1868 3265 1968 3320 πό-

381 3349 524 3414 λεως
555 3348 886 3406 Chalcedon.
912 3348 1107 3406 concil.
1141 3366 1194 3421 p.
1225 3349 1318 3416 99,
1345 3365 1507 3421 quem
1560 3351 1685 3407 huic
1720 3352 1839 3408 urbi
1872 3352 1972 3406 im—

387 3434 570 3504 posuit
601 3431 829 3490 Carolus
856 3446 886 3485 a
913 3429 972 3488 S.
1003 3431 1194 3498 Paulo,
1224 3430 1442 3489 Pisidia:
1469 3434 1711 3506 ejusdem
1736 3433 1973 3490 nominis

388 3516 540 3572 urbis
578 3515 772 3587 praesul
797 3513 921 3580 fuit,
949 3525 1005 3570 ut
1032 3527 1157 3593 ante
1182 3515 1433 3571 diximus.

460 3598 592 3654 Ibid.
661 3597 980 3669 Ὺλίὶρημα.
1017 3595 1296 3668 Stephano
1355 3597 1664 3673 Ὑλλάριμα
1698 3600 1973 3672 πολίχνιον

386 3682 604 3752 Καρίας
663 3679 867 3753 ὕπερθε
918 3679 1359 3753 Στρατονικείας,
1410 3683 1867 3751 quemadmodum
1907 3697 1972 3738 ea

386 3765 551 3818 verba
584 3763 652 3820 ls.
691 3761 911 3820 Vossius
939 3764 1005 3819 ad
1039 3762 1232 3818 Malam
1267 3778 1307 3829 I,
1360 3763 1425 3818 i6
1453 3765 1711 3820 correxit.
1755 3763 1975 3835 ’Υλάρι-

389 3863 469 3918 μα
493 3847 845 3903 conciliorum
888 3847 1024 3902 Acta
1052 3847 1302 3916 probant,
1334 3856 1392 3904 ut
1442 3846 1708 3918 Georgius
1763 3846 1974 3912 πόλεως

400 3930 715 4002 ’Υλαρίμων
744 3928 1015 4000 ἐπαρχίας
1037 3927 1251 4001 Καρίας
1282 3928 1568 3987 Constant.
1609 3929 1770 3985 tertio
1793 3945 1847 4000 p.
1869 3928 1974 3986 675

389 4026 443 4071 et
485 4015 777 4070 An’thimus
811 4015 1096 4085 episcopus
1147 4013 1356 4080 πόλεως
1423 4014 1737 4088 ’Υλαρίμων
1766 4014 1970 4070 Nicaen.

392 4098 633 4179 secundo
658 4113 710 4169 p.
745 4096 833 4154 52.
859 4096 960 4165 Qui
988 4096 1247 4168 praesules
1274 4098 1439 4155 etiam
1463 4098 1609 4153 haud
1639 4097 1802 4153 dubie
1828 4096 1975 4172 indi-

391 4190 713 4256 gnarentur,
741 4180 788 4236 si
822 4180 1026 4236 nullum
1062 4181 1170 4238 sibi
1214 4182 1270 4238 in
1325 4180 1664 4254 Geographie
1699 4180 1867 4238 Sacra
1896 4179 1977 4237 lo-

387 4283 513 4323 cum
547 4265 793 4321 viderent
828 4265 1101 4320 relictum.

465 4348 604 4403 ibid.
629 4348 972 4418 Ἀντιόχεια.
1004 4348 1341 4405 Sozomenus
1367 4347 1442 4405 Η.
1484 4346 1552 4403 E.
1591 4365 1690 4414 vn,
1710 4349 1747 4405 2
1770 4346 1978 4402 Ἀντιό-

389 4452 545 4508 χειαν
576 4433 677 4506 τῆς
731 4432 944 4503 Καρίας
989 4442 1184 4500 vocat,
1218 4432 1458 4506 Phlegon
1510 4432 1632 4492 Her.
1691 4432 1891 4487 Mirab.
1922 4448 1976 4488 vt

387 4516 726 4589 ’Δντιόχειαν
753 4516 853 4588 τὴν
884 4516 1019 4587 πρὸς
1047 4515 1343 4589 Μαιάνδρῳ
1367 4517 1598 4589 ποταμῷ
1629 4534 1645 4572 :
1676 4518 1804 4573 huic
1831 4516 1976 4571 enim

390 4604 525 4657 urbs
546 4601 838 4664 assidebat,
880 4598 1111 4654 mirandi
1144 4603 1326 4669 operis
1361 4609 1528 4672 ponte
1555 4602 1783 4673 juncto;
1817 4612 1976 4669 quem

392 4687 591 4742 horum
641 4682 961 4753 Ἀντιοχέων
992 4695 1188 4738 numus
1219 4680 1288 4737 ob
1325 4682 1511 4738 oculos
1539 4683 1690 4753 ponit
1720 4682 1776 4738 in
1811 4679 1977 4735 Thes.

388 4766 602 4845 Btilatl_.
629 4774 761 4845 t_om.
796 4764 919 4833 Il,p.
952 4761 1078 4817 269.

465 4835 597 4905 ιυιάζ
640 4835 1001 4917 impediam.
1041 4844 1359 4918 Metropolin
1396 4847 1563 4905 fuisse
1594 4848 1771 4906 Caria:
1804 4853 1978 4926 impe-

394 4943 552 4989 rator
605 4931 717 4988 Leo
771 4931 1045 5003 signiﬁcat
1103 4932 1156 4987 in
1226 4932 1454 5001 epistola
1515 4943 1644 4989 tom.
1722 4934 1791 4991 IX
1848 4954 1980 4994 con-

391 5018 488 5074 cil.
541 5016 735 5072 Labbei
792 5031 848 5087 p.
893 5014 1020 5080 267,
1076 5026 1132 5071 et
1170 5016 1503 5072 Chalcedon.
1554 5008 1977 5089 concil.p.656.

402 5098 471 5153 ‘ll
498 5098 652 5165 πόλις
670 5100 766 5171 τῆς
788 5099 1111 5171 Ἀφροδίτης
1136 5099 1423 5154 Damascio
1445 5099 1644 5155 dicitur
1673 5105 1813 5172 apud
1854 5103 1980 5161 Sui-

395 5186 519 5240 dam
564 5185 613 5237 in
639 5182 1089 5255 ’Δσκληπιόδοτος
1121 5199 1135 5238 :
1167 5196 1290 5237 nam
1318 5193 1561 5236 nostrum
1585 5198 1707 5240 esse
1728 5184 1982 5244 dubitare

395 5275 546 5321 νριιιι
584 5265 810 5321 Photius
857 5267 978 5321 cod.
1013 5264 1121 5319 242
1178 5279 1232 5334 p.
1268 5262 1432 5328 1050,
1478 5277 1511 5318 e
1553 5278 1662 5334 quo
1716 5278 1984 5337 praeterea

396 5349 662 5406 discimus
688 5349 830 5404 haud
880 5349 1108 5404 multum
1133 5346 1377 5403 abfuisse
1415 5362 1444 5402 a
1500 5344 1772 5406 Maeandro
1794 5349 1978 5408 ﬂuvio.

396 5434 550 5490 Adde
579 5432 842 5503 Stepnan.
880 5431 1051 5501 Νινόη
1082 5441 1136 5487 et
1164 5430 1392 5502 Μεγάλη
1426 5430 1599 5497 πόλις.

474 5515 609 5572 Ibid.
643 5514 1001 5584 Ἡρακλείας
1029 5514 1455 5582 Ἀ.ία6ὀκόνος.
1488 5512 1579 5570 Sic
1601 5530 1704 5570 ms.
1729 5513 1982 5583 Fames"

400 5613 505 5655 nec
534 5599 653 5654 sine
683 5598 815 5653 vitio
863 5607 1094 5665 tamen;
1148 5597 1289 5666 quod
1330 5597 1423 5668 qui
1476 5596 1590 5652 tolli
1639 5597 1856 5664 debeat,
1903 5600 1988 5654 di-

402 5681 774 5739 scordantium
805 5680 1089 5752 Opiniones
1125 5679 1257 5736 satis
1286 5678 1507 5736 dubium
1560 5679 1827 5737 fecerunt.
1857 5680 1983 5736 Hol-

401 5766 625 5832 steiuio,
682 5768 941 5838 quoniam
969 5762 1247 5835 Stephano
1275 5764 1658 5822 Heraclearum
1689 5765 1982 5822 undevice-

406 5852 548 5907 sima
608 5860 694 5909 est
759 5849 967 5924 Καρίας
1022 5849 1057 5921 ἢ
1123 5847 1395 5923 λεγομένη
1428 5848 1754 5949 ,Ἀλμάκξος
1821 5848 2046 5938 9566'...

1261 410 1649 472 COMMEN'I‘.
1694 409 1776 471 IN
1819 408 2235 474 HlEROCLlS
2273 408 2827 473 SYNECDEMUM.

3507 406 3567 472 il
3576 409 3653 473 42

2053 531 2290 588 tanget
2316 520 2384 576 ab
2404 520 2596 576 eodem
2616 517 2919 590 ’Σαλμακὶς
2943 517 3073 575 urbe
3095 518 3270 575 Cariae
3298 527 3640 588 recensetur,

2066 604 2363 677 Ἡρακλεία
2419 604 2704 676 Σαλμακὶς
2753 618 2882 660 vero
2913 603 3138 660 nomine
3187 601 3361 658 fuisse
3407 604 3640 669 videtur,

2057 690 2360 759 praesertim
2406 703 2529 745 cum
2568 687 2637 743 ab
2692 688 2930 743 Arriano
2988 687 3233 758 neglecta
3276 702 3385 742 non
3412 688 3504 746 sit.
3546 687 3645 743 Cui

2056 773 2342 837 accedere,
2375 772 2592 829 etiamsi
2626 770 2923 826 Menander
2974 771 3265 842 episcopus
3295 770 3535 840 opinioni
3564 769 3648 825 fac

2058 870 2187 910 vere
2210 857 2440 922 videtur,
2467 872 2590 912 cum
2615 856 2909 927 Σαλμάκης
2947 855 3279 925 Ἡρακλείας
3310 854 3653 911 Chalcedon.

2058 939 2254 994 concil.
2297 956 2350 1007 p.
2385 940 2490 995 667
2511 939 2731 1005 dicitur,
2757 954 2865 995 non
2892 954 3137 1009 possum.
3172 939 3672 1007 Agnosco-urbem».

2059 1025 2373 1079 Salmacida
2390 1039 2509 1080 esse
2541 1023 2598 1078 in
2634 1023 2936 1094 Stephano,
2969 1023 3064 1079 sed
3119 1022 3438 1079 Heracleam
3475 1022 3646 1078 fuisse

2061 1122 2220 1162 nemo
2254 1107 2412 1164 dixit.
2446 1107 2521 1163 De
2546 1106 2780 1163 Arriano
2810 1106 2915 1162 alia
2948 1120 3035 1163 res
3064 1115 3170 1172 est,
3198 1107 3290 1177 qui
3326 1107 3669 1177 Σαλμακίδα.

2060 1193 2277 1262 quidem
2311 1202 2577 1248 memorat
2611 1189 2818 1260 Exped.
2844 1190 3108 1246 Alexand.
3147 1191 3185 1244 I'
3212 1204 3267 1260 ι).
3297 1190 3388 1256 Ξϐ,
3418 1198 3473 1243 at
3501 1189 3647 1243 Hall.

2061 1275 2305 1330 caruassi
2336 1288 2518 1330 arcem
2549 1290 2565 1340 ;
2621 1274 2767 1331 unde
2815 1273 3135 1329 Heracleam
3170 1273 3313 1328 hanc
3347 1286 3474 1329 esse
3502 1273 3674 1327 haud,

2062 1371 2221 1427 posse
2257 1357 2658 1428 apertissimum
2699 1365 2816 1414 est.
2865 1355 3131 1412 Praeterea
3197 1355 3313 1410 haec
3348 1353 3645 1410 Heracleam

2065 1439 2342 1508 Stephano
2376 1448 2536 1507 teste,
2579 1439 2682 1495 fuit
2727 1439 3127 1496 mediterranea
3167 1454 3185 1505 ;
3223 1437 3552 1510 cujusmodi,
3601 1439 3647 1493 si

2064 1532 2285 1594 propter
2316 1522 2587 1580 Salmacin
2614 1524 2815 1579 fontem
2830 1522 3198 1579 Halicarnassi
3229 1524 3406 1595 posita
3427 1522 3527 1577 fuit
3552 1564 3568 1588 ,
3593 1530 3655 1578 ut

2065 1607 2151 1661 vir
2187 1607 2436 1675 egregius
2475 1606 2794 1670 arbitratur,
2833 1608 3014 1663 minus
3065 1613 3214 1663 recte
3266 1605 3653 1677 appellabitur,

2064 1689 2207 1759 quod
2239 1688 2652 1744 Halicarnassus
2673 1690 2810 1744 mari
2843 1703 2979 1758 pene
3007 1700 3155 1746 esset
3196 1690 3454 1745 incincta.
3485 1688 3656 1759 Ergo-

2068 1787 2137 1827 ne
2173 1789 2297 1828 cum
2343 1772 2590 1828 Berltelio
2621 1773 2677 1827 in
2709 1772 2990 1842 Stephano
3022 1773 3456 1843 amplexabimur
3484 1775 3519 1843 ἡ
3560 1775 3654 1826 λε-

2066 1858 2276 1929 γομένη
2339 1856 2611 1927 ’Δλκμᾶνι
2685 1856 2960 1926 Λάτμοςῖ
3017 1856 3277 1927 Equidem
3338 1856 3656 1913 Heracleam

2066 1943 2321 1999 Latmum
2353 1940 2527 1997 Cariae
2551 1939 2782 1996 urbibus
2811 1941 2988 1996 libens
3017 1939 3377 2006 asseruerim,
3408 1953 3511 1995 nec
3531 1955 3661 2010 pro-

2068 2028 2268 2082 bavero
2317 2033 2497 2079 tamen
2550 2025 2650 2078 viri
2696 2022 3108 2086 conﬁdentiam,
3158 2039 3262 2094 qua
3320 2023 3671 2094 conjectura,

2068 2123 2242 2178 eaque
2297 2108 2681 2171 incertissima,
2733 2106 2997 2177 Stephani
3032 2107 3268 2163 orationi
3320 2106 3659 2175 inculcatur;

2069 2207 2138 2248 ne
2162 2206 2305 2246 nunc
2336 2191 2530 2245 addam
2564 2190 2857 2257 plurimum
2887 2204 2951 2244 ea
2979 2191 3321 2246 correctione
3350 2205 3379 2243 a
3413 2189 3661 2257 vestigiis

2070 2289 2203 2328 mss.
2232 2274 2436 2331 recedi.
2477 2273 2614 2339 Quid
2645 2273 2863 2341 itaque?
2891 2272 3063 2328 dices.
3109 2271 3297 2327 Putem
3324 2273 3358 2343 ἠ
3386 2269 3669 2341 λεγομένην

2082 2356 2369 2418 Ἀλϐἀκιος
2390 2371 2420 2410 a
2444 2357 2711 2426 scriptore
2731 2354 2968 2417 venisse,
2985 2356 3344 2421 eamdemque
3360 2368 3483 2408 esse
3505 2367 3656 2423 pror-

2069 2456 2166 2497 sus
2180 2455 2301 2509 qua:
2331 2439 2627 2495 Ptolemaeo
2643 2440 2697 2494 in
2721 2439 2882 2494 Caria
2917 2438 3218 2510 Ἡράκλεια
3253 2436 3671 2508 πρδςἈλσάνῳ.

2070 2540 2169 2594 pro
2212 2523 2464 2592 Ἀλὸάκῳ
2495 2522 2818 2592 appellatur.
2852 2523 3117 2576 Auetores
3141 2522 3317 2576 habeo
3344 2520 3571 2575 Suidam
3602 2519 3682 2574 in.

2071 2606 2459 2678 Διογενειανός.
2490 2605 2579 2660 ubi
2614 2605 2643 2657 ὁ
2669 2605 2734 2658 ὲκ
2763 2605 2861 2677 τῆς
2894 2604 3163 2673 Ἀλσάκης
3200 2603 3528 2675 Ἡρακλείας
3557 2603 3662 2670 τῆς

2071 2693 2131 2745 ὲν
2157 2691 2341 2762 Καρίᾳ
2381 2688 2610 2760 Ἰατρός,
2646 2697 2701 2745 et
2748 2682 2964 2744 veteres
3020 2686 3281 2755 Νοιίιὶαι,
3333 2702 3456 2758 quae
3487 2687 3660 2757 Ἦρα-

2071 2774 2259 2839 κλείας
2286 2772 2610 2843 Συαλϐἀκης
2639 2781 2695 2827 et
2728 2770 3017 2842 Σαλσάκης
3046 2784 3193 2841 saepe
3246 2771 3609 2825 meminerunt
3639 2786 3660 2833 ;

2072 2859 2206 2912 Acta
2245 2869 2465 2926 quoque
2502 2854 2720 2910 concilii
2754 2853 3252 2918 Chalcedonensis,
3303 2853 3501 2924 quibus
3545 2851 3660 2908 Me-

2075 2943 2284 2998 nander
2357 2938 2684 3011 Ἧρακλείας
2742 2937 3030 3008 Σαλϋκης
3063 2937 3279 3007 Καρίας
3309 2952 3362 3008 p.
3398 2936 3497 2991 581
3540 2936 3664 2992 sub-

2073 3025 2283 3081 scribit.
2316 3023 2433 3078 Non
2458 3021 2725 3078 dillitebor
2751 3035 2875 3077 eum
2906 3021 3203 3092 Σαλμακης
3235 3038 3289 3092 p.
3324 3020 3426 3077 667
3451 3037 3662 3077 nuncu-

2073 3109 2238 3180 pari;
2289 3106 2434 3176 quod
2480 3120 2604 3162 cum
2657 3119 2724 3159 ex
2764 3104 2937 3175 priori
3005 3103 3263 3160 facillime
3303 3105 3451 3160 nasci
3503 3119 3667 3173 posse

2074 3198 2309 3255 constet,
2335 3188 2471 3244 nihil
2501 3186 2750 3254 nocebit;
2789 3195 3049 3256 tantoque
3082 3186 3284 3253 minus,
3316 3186 3443 3256 quia
3473 3184 3666 3241 Salha-

2076 3289 2174 3329 ccn
2210 3282 2367 3328 vetus
2392 3272 2664 3342 interpres
2693 3269 2893 3325 ibidem
2939 3268 3086 3340 legit.
3119 3269 3310 3340 Itaque
3328 3269 3517 3324 eadem
3554 3268 3666 3325 Ile-

2076 3355 2255 3411 raelea
2279 3353 2590 3420 Ἀλϐἀκιος,
2628 3352 2875 3423 ’Δλσάκη
2897 3360 2952 3407 et
2983 3351 3239 3421 Σαλῶίικη
3272 3350 3420 3407 dicta
3451 3351 3667 3407 videtur

2079 3439 2147 3492 ab
2170 3437 2374 3492 Albaco
2400 3434 2675 3491 Ptolemzei
2710 3434 2828 3491 sive
2856 3441 3043 3491 monte
3071 3448 3167 3491 seu
3196 3433 3453 3490 (lumine:
3484 3447 3675 3504 neque

2077 3520 2223 3575 enim
2256 3529 2461 3574 temere
2481 3518 2778 3573 tiniverim.
2824 3516 2939 3573 Nec
2985 3530 3313 3587 quemquam
3357 3516 3665 3578 morabitur

2079 3603 2308 3658 sibilans
2329 3600 2507 3657 littera
2530 3600 2682 3656 urbis
2701 3599 3014 3670 cognomini
3037 3600 3197 3655 modo
3221 3611 3469 3655 connexa
3502 3600 3671 3654 modo.

2081 3685 2423 3750 detruncata,
2466 3684 2511 3740 si
2543 3682 2851 3739 meminerit
2875 3696 2995 3753 qua
3014 3682 3084 3739 ad
3111 3682 3315 3739 Anton.
3343 3679 3699 3751 Itin.p.206.

2081 3780 2135 3827 et
2162 3768 2267 3825 I79
2295 3769 2561 3837 disputata
2593 3764 2834 3823 fuerunt.

2152 3850 2288 3908 Ibid.
2350 3848 2547 3906 Τάσαι.
2587 3846 2682 3904 Sic
2713 3848 2885 3904 codex
2923 3846 3325 3919 Lugdunensis
3347 3855 3403 3903 et
3428 3845 3665 3918 Stepha-

2083 3950 2207 3991 nus.
2244 3932 2475 3989 Basilius
2525 3929 2721 3987 Τασὼν
2746 3940 2831 3986 est
2863 3931 2915 3985 in
2960 3930 3181 3986 Nicaeae
3230 3929 3470 3986 secundo
3506 3943 3559 3998 p.
3595 3930 3702 3985 δερ-

2083 4016 2288 4073 Numos
2324 4013 2589 4087 ταὸηνῶν
2616 4013 2768 4069 dabit
2792 4012 2947 4068 Tim.
2983 4012 3191 4069 Britain.
3216 4020 3350 4067 tom.
3380 4026 3419 4066 ιι
3460 4010 3697 4082 p.150.__

2148 4101 2294 4159 Ibid.
2317 4098 2753 4165 Ἀπολλωνίας.
2772 4097 2951 4154 Credo
2971 4110 3079 4151 non
3096 4096 3259 4152 aliam
3280 4110 3407 4152 esse
3423 4111 3489 4151 ac
3512 4095 3671 4166 Apol-

2085 4183 2284 4240 loniam
2307 4183 2373 4238 ad
2400 4181 2761 4247 Lambanum,
2802 4178 3167 4243 Ἀπολλωνίας
3196 4178 3337 4250 πρὸς
3361 4176 3667 4250 Λαμὸἀνφ,

2085 4282 2185 4338 pro
2219 4280 2325 4335 quo
2357 4264 2607 4336 ’Δλσάκῳ
2633 4263 2815 4321 malim
2847 4281 2862 4319 :
2904 4273 3051 4319 certe
3089 4261 3333 4334 ’Δλϐἀνῳ
3360 4273 3443 4318 est
3474 4261 3529 4317 in
3561 4277 3668 4319 ms.

2083 4347 2437 4412 Coisliuiano,
2484 4347 2537 4402 in
2570 4361 2679 4416 quo
2700 4347 2746 4403 si
2768 4356 2822 4403 et
2855 4344 3228 4409 Ἀπολλωνίας
3268 4347 3489 4411 ἱηθδεθι,
3522 4345 3670 4413 quod

2086 4430 2220 4485 mihi
2280 4429 2626 4486 verissimum
2664 4429 2918 4495 videtur,
2979 4428 3119 4483 bene
3174 4428 3356 4483 omnia
3381 4425 3666 4481 haberent.

2085 4512 2442 4585 Tyucltanius
2471 4511 2680 4577 πόλεως
2713 4509 3142 4575 ’Δπολλωνιάδος
3168 4509 3346 4566 Caria:
3374 4509 3670 4581 provincia:

2086 4606 2170 4653 est
2206 4597 2261 4652 in
2308 4594 2745 4652 Chalcedonensi
2785 4609 2942 4650 conc.
2989 4609 3043 4664 p.
3097 4592 3224 4649 667.
3285 4592 3669 4661 Sebastopoliu

2086 4682 2143 4737 in
2174 4682 2365 4747 Caria,
2404 4680 2509 4736 nisi
2555 4679 2731 4747 fallor,
2765 4678 3122 4750 Theophanes
3141 4676 3445 4749 Chronogr.
3483 4692 3535 4746 p.
3565 4675 3673 4731 505

2088 4766 2171 4819 ad
2194 4779 2347 4822 tuere
2373 4763 2559 4819 habet.

2157 4846 2296 4903 Ibid.
2322 4902 2323 4911 χ
2346 4846 2569 4915 Ἴασος.
2606 4846 2699 4903 Sic
2730 4854 2786 4903 et
2813 4847 3225 4912 Archestratus,
3247 4843 3393 4915 quod
3421 4842 3674 4899 llolstci-

2091 4932 2236 4986 nium
2271 4943 2378 4984 non
2403 4927 2721 4999 fugit,apud
2740 4930 3058 4986 Athenaeum
3092 4927 3459 5000 Deipuosoph.
3482 4923 3669 4992 tn,25:

2092 5016 2195 5068 Ἦν
2223 5011 2281 5072 δέ
2297 5012 2415 5066 ποτ’
2435 5012 2515 5075 εἰς
2532 5011 2715 5066 Ἴασον
2732 5014 2934 5084 Καρῶν
2951 5016 3106 5070 πόλιν
3117 5013 3460 5084 εἰσαφίκηαι.
3476 5010 3672 5065 Caeteri

2092 5099 2308 5151 ’Ἱασσον
2341 5093 2570 5158 malunt,
2609 5109 2773 5165 quam
2824 5097 2877 5150 in
2909 5098 3083 5153 insula
3136 5097 3379 5168 ejusdem
3434 5093 3670 5149 nominis

2089 5182 2320 5254 positam
2374 5176 2611 5233 ostendit
2639 5177 2835 5235 Strabo
2864 5193 2953 5231 xiv
2988 5193 3042 5248 p.
3102 5179 3229 5236 658.
3287 5178 3671 5235 Diodorusxm

2088 5281 2144 5336 p.
2174 5263 2281 5318 225
2331 5261 2503 5316 Θάσον
2535 5261 2636 5332 τῆς
2675 5259 2892 5332 Καρίας
2923 5260 3106 5326 habet,
3154 5278 3317 5332 quam
3369 5259 3673 5317 Palmerius
3704 5307 3707 5309 ι

2093 5349 2311 5402 Ἰασσον
2343 5345 2491 5412 facit,
2522 5343 2788 5414 probabili
2841 5344 3154 5415 conjectura
3187 5360 3204 5399 :
3238 5342 3539 5415 Xequhou
3587 5353 3671 5399 ta-

2091 5446 2216 5488 men
2242 5429 2488 5485 eamdem
2523 5443 2635 5485 rem
2655 5427 2969 5486 describens
2986 5427 3052 5483 II.
3072 5426 3139 5483 G.
3166 5427 3200 5482 2
3221 5442 3276 5498 p.
3304 5428 3408 5483 355
3435 5428 3673 5485 Cedreas

2091 5515 2160 5571 ad
2211 5512 2533 5571 Cerameum
2577 5511 2756 5569 sinum
2804 5526 2835 5567 a
2868 5510 3153 5584 Lysandro
3201 5520 3495 5583 occupatas
3530 5509 3675 5566 amr-

2093 5606 2228 5653 mat.

2165 5679 2299 5737 Ibid.
2352 5676 2612 5751 Ἐρεζος.
2643 5676 2863 5734 Netitiae
2893 5674 3273 5733 ecclesiastica:
3306 5673 3505 5745 Ἕριζα
3546 5690 3672 5745 pro-

2092 5765 2246 5830 bant,
2283 5765 2427 5819 unde
2456 5764 2647 5833 Papias
2709 5761 2939 5833 Ἐρίζων
2990 5762 3042 5816 in
3074 5759 3404 5816 Chalcedon.
3442 5774 3496 5829 p.
3542 5759 3667 5814 599.

2064 5846 2232 5933 .Vidc
2259 5846 2358 5904 Ch.
2396 5846 2591 5906 Cellar.
2643 5845 2710 5903 G.
2752 5847 2819 5904 Α.
2842 5845 2920 5921 ,5,
2944 5845 2977 5899 4
3010 5860 3064 5918 p.
3106 5842 3226 5907 164.
3252 5841 3671 5921 Marcianopolis
