4170 6424
499 403 638 468 1143

498 534 606 591 quo
636 519 764 574 olim
791 532 1006 572 nomine
1031 515 1216 580 fuerit,
1246 528 1370 570 cum
1410 513 1645 567 nondum
1672 512 1801 567 mibi
1823 527 1918 582 pro
1941 524 2080 567 com-

498 612 655 676 perto
687 602 780 670 sit,
812 601 880 657 de
913 602 1018 656 situ
1075 599 1351 670 quidpiam
1389 595 1548 651 linire
1572 595 1760 650 nolim.
1815 593 1959 648 Idem
2015 598 2080 647 de

497 675 922 756 Auastasiopoli,
946 683 1098 752 cujus
1139 683 1339 753 aliqua,
1372 689 1432 735 ut
1459 694 1490 735 e
1532 677 1731 734 Carolo
1759 691 1790 731 a
1817 677 1876 731 S.
1913 675 2084 730 Paulo

496 771 732 837 videbis,
777 770 829 825 in
857 767 1216 824 conciliorum
1256 763 1408 819 Aetia
1455 760 1714 817 memoria
1744 768 1851 825 est,
1877 759 2081 814 dictum

499 865 642 912 esto.

572 981 688 1037 Col.
723 980 847 1036 HQ.
883 977 1042 1048 χώρα
1059 975 1434 1047 πατριμόνια.
1462 971 1640 1028 Credo
1662 969 1932 1041 regionem
1955 967 2090 1021 indi-

505 1069 620 1126 cari
646 1080 764 1136 quae
788 1063 1050 1136 principis
1082 1059 1412 1132 patrimonio
1435 1067 1554 1114 erat
1571 1055 1900 1111 contributa.
1928 1051 2086 1106 Cum-
2113 1109 2118 1114 ς

511 1149 829 1206 modissime
861 1155 1042 1202 autem
1073 1142 1478 1214 Anastasiopoli
1507 1140 1777 1210 jungitur,
1814 1136 2086 1202 siquidem

506 1235 584 1289 rci
601 1229 1119 1302 auctorlperbibetur
1133 1228 1262 1297 imp.
1280 1225 1602 1280 Anastasius
1621 1223 1670 1276 in
1692 1217 1866 1274 Gloss.
1879 1216 2088 1271 Nomia.

512 1301 968 1387 Πατριμονιάλια,
996 1313 1098 1367 ὅσοι
1119 1312 1349 1374 ἕκαστος
1381 1308 1634 1379 βασιλεὺς
1671 1302 1856 1372 ἐαυτῷ
1891 1301 2092 1355 κτᾶται

509 1399 620 1453 ἀπὸ
643 1386 756 1452 ντοῦ
800 1396 1063 1468 βασιλέως
1094 1393 1474 1448 ’Δναστασίου.
1530 1389 1702 1451 Αὐτὸς
1740 1386 1850 1459 γάρ
1873 1386 2018 1438 ἐστιν
2061 1386 2090 1438 ὁ

508 1482 751 1553 ἐξευρὼν
780 1481 876 1536 καὶ
905 1479 1004 1552 τὴν
1030 1478 1402 1549 προσηγορίαν
1435 1474 1642 1544 ταύτην
1671 1473 1766 1526 καὶ
1789 1471 1888 1538 τὴν
1917 1468 2093 1539 ἀρχὴν

509 1566 605 1620 τοῦ
641 1567 881 1636 κόμητος
899 1563 992 1619 τοῦ
1015 1562 1396 1634 πατριμονίου.
1429 1561 1559 1627 Qttae
1583 1570 1762 1612 tamen
1793 1569 1862 1610 an
1897 1554 1950 1608 in
1977 1567 2095 1605 om-

509 1651 672 1706 nibus
699 1651 853 1705 bonte
889 1647 1013 1702 fidei
1046 1647 1174 1707 sint.
1211 1645 1331 1700 sine
1359 1643 1588 1699 crimine
1619 1638 1852 1695 dubitari
1875 1645 2048 1706 potest
2078 1650 2093 1687 :

513 1749 638 1786 nam
675 1746 796 1785 cum
825 1731 1005 1784 coloni
1039 1727 1450 1795 patrimoniales
1473 1726 1562 1780 diu
1603 1731 1726 1777 ante
1747 1717 2094 1774 Anastasium

512 1818 924 1882 imperatorem,
951 1823 1010 1866 ut
1048 1811 1087 1866 l.
1122 1811 1144 1864 l
1197 1819 1252 1865 et
1285 1809 1320 1862 2
1352 1823 1406 1864 c.
1432 1809 1496 1863 de
1527 1805 1756 1874 Fugitiv.
1813 1811 1868 1858 et
1902 1800 2096 1856 Colon.

515 1901 796 1965 docemur,
831 1898 1034 1954 fuerint
1080 1897 1191 1952 noti
1221 1905 1277 1950 et
1321 1910 1350 1949 a
1381 1885 1727 1963 "patrimonio
1776 1903 1970 1944 nomen
2001 1888 2098 1940 ha-

515 1987 715 2048 beant,
754 1983 980 2036 omnino
1034 1994 1121 2035 res
1163 1981 1278 2048 ipsa
1315 1977 1602 2042 Anastasio
1646 1975 1858 2029 videtur
1903 1970 2053 2039 prior
2079 2007 2097 2027 .

515 2070 693 2137 Atque
718 2067 774 2120 in
808 2065 893 2119 his
955 2078 1026 2119 ne
1061 2063 1437 2130 ambigamus,
1477 2057 1850 2130 possessiones
1893 2053 2100 2107 faciunt

517 2148 926 2215 patrimoniales
949 2163 1045 2218 per
1075 2147 1332 2202 Asianam
1360 2155 1416 2200 et
1444 2143 1719 2199 Ponticam
1751 2137 2012 2194 ditecesin
2047 2145 2103 2189 et

519 2234 670 2287 fundi
697 2230 1110 2302 patrimoniales
1140 2245 1236 2300 per
1289 2226 1736 2296 Mesopotamiam
1762 2231 1817 2276 et
1859 2220 2100 2302 Osdroe-

520 2333 647 2374 nam
678 2301 1005 2384 provincias,
1032 2329 1262 2384 quorum
1308 2313 1670 2381 imperatores
1700 2306 1966 2362 Arcadius
1996 2301 2102 2359 Va-

520 2399 854 2454 lentinianus
885 2406 940 2454 et
967 2395 1306 2452 Theodosius
1336 2395 1390 2450 in
1423 2396 1475 2449 1.
1527 2394 1560 2449 6
1597 2400 1652 2448 et
1678 2391 1711 2445 8
1750 2406 1800 2445 c.
1832 2387 1898 2443 de
1926 2385 2102 2440 Fund.

520 2481 822 2537 Patrimon.
852 2481 1242 2545 meminerunt,
1270 2487 1325 2534 et
1373 2476 1599 2534 Sacrum
1632 2470 2019 2546 patrimonium
2050 2470 2103 2524 1.

523 2567 593 2621 13
625 2567 690 2622 de
735 2564 1031 2635 Vectigol.;
1061 2564 1205 2633 quod
1230 2562 1502 2626 ultimum,
1538 2558 1750 2615 tametsi
1781 2555 1882 2610 Th.
1911 2553 2106 2608 Reine-

523 2653 638 2706 sius
661 2648 800 2719 App.
833 2646 1082 2716 Iuscript.
1108 2645 1209 2701 XX
1241 2646 1314 2700 ita
1339 2643 1645 2708 censuerit,
1683 2639 1936 2696 comitem
1967 2635 2104 2692 sacri

525 2732 841 2804 patrimonii
873 2731 1152 2802 requirere
1181 2729 1377 2785 merito
1411 2728 1720 2789 addubites,
1749 2725 2109 2791 eumdemque

525 2819 662 2873 adeo
688 2816 977 2870 Anastasio
1016 2815 1248 2884 priorem
1286 2822 1340 2867 et
1369 2813 1469 2867 sub
1506 2807 1797 2866 Theodosii
1823 2815 1879 2861 et
1913 2805 2110 2860 Valen-

531 2900 723 2953 tiniani
775 2897 1084 2967 principatu
1134 2895 1245 2966 jam
1291 2894 1460 2949 fuisse
1488 2903 1674 2949 notum
1711 2909 1727 2946 :
1767 2890 1914 2945 nulla
1962 2888 2108 2961 enim

529 2984 646 3052 ejus
669 2983 720 3035 in
765 2980 973 3034 Notitia
1010 2981 1138 3049 imp.
1170 2978 1376 3034 Orient.
1407 3015 1424 3042 ,
1463 2978 1607 3046 quod
1635 2974 1828 3040 sciam,
1857 2972 2061 3028 mentio
2093 2987 2108 3036 ;

531 3083 588 3118 ιιι
624 3077 730 3133 qua
766 3063 869 3118 sub
923 3061 1279 3133 dispositione
1311 3061 1527 3116 comitis
1567 3073 1746 3113 rerum
1775 3057 2110 3128 privatarum

529 3146 809 3216 prrepositi
856 3159 1081 3215 gregum
1139 3155 1194 3200 et
1243 3143 1578 3200 stabulorum
1627 3149 2114 3211 procuratoresque

534 3231 771 3285 saltuum
804 3230 997 3286 fundos
1026 3227 1434 3299 patrimoniales
1478 3242 1528 3283 c.
1562 3225 1631 3282 88
1661 3233 1875 3280 curant.
1916 3222 2115 3277 Fateor

533 3313 620 3368 ΡΙ.
657 3294 1379 3384 Ροιοειίιιιιιιίδειιιιιιιίιῖιιι
1427 3309 1799 3365 moderantem
1851 3306 2114 3384 illustrem

533 3399 671 3454 sacri
726 3382 1036 3469 patrimonii
1083 3397 1392 3452 comitivam
1443 3409 1563 3451 esse
1617 3393 1674 3448 in
1707 3382 2115 3461 veteri'lapide.

532 3483 761 3550 Largior
785 3482 950 3536 etiam
971 3481 1222 3536 eumdem
1256 3479 1447 3543 videri,
1487 3477 1578 3547 qui
1620 3490 1806 3532 comes
1833 3483 1890 3529 et
1917 3487 2116 3544 procu-

521 3575 693 3628 .rator
719 3566 771 3621 in
808 3563 851 3620 ι.
887 3580 978 3620 xvi
1002 3580 1056 3620 c.
1091 3563 1196 3618 Th.
1233 3564 1301 3618 de
1325 3561 1462 3617 Bon.
1499 3558 2043 3628 Proscript.Arcadio
2062 3565 2118 3612 et

534 3649 776 3706 llonorio
790 3647 1122 3718 principibus
1135 3645 1348 3703 dicitur.
1363 3645 1512 3711 Atis,
1531 3655 1583 3700 ut
1597 3643 1729 3715 legis
1744 3648 2118 3710 argumentum

535 3735 762 3798 iudicat,
798 3731 1113 3802 patrimonii
1143 3729 1445 3785 Gildoniaci
1477 3743 1686 3792 comes;
1717 3741 1878 3797 quem
1911 3724 2120 3779 Nomia

533 3822 666 3887 imp.
701 3816 886 3873 Occid.
914 3815 1040 3871 ΜΞ
1073 3823 1378 3877 memorat,
1408 3822 1463 3869 et
1493 3821 1814 3883 procurator
1848 3808 1969 3864 fuit.
2001 3808 2119 3865 Jam

536 3903 682 3968 quod
716 3899 890 3956 forma
926 3899 1090 3969 huius
1121 3899 1390 3955 comitiva:
1441 3898 1513 3952 sit
1557 3896 1698 3966 apud
1737 3894 2118 3950 Cassiodorum

537 4001 628 4055 ep.
663 4001 740 4049 vr,
764 3983 818 4048 9,
857 3983 933 4048 id,
964 3993 1025 4037 ut
1059 3997 1244 4038 cernes
1286 3980 1599 4051 patrimonii
1626 3987 1753 4033 ante
1772 3976 2120 4031 Anastasium

539 4067 729 4130 fuerit,
758 4065 978 4122 efﬁcere
1002 4079 1107 4119 non
1134 4064 1360 4135 poterit,
1375 4077 1502 4118 cum
1523 4062 1593 4118 ab
1621 4060 1912 4117 Anastasio
1938 4057 2120 4131 Theo-

542 4151 764 4203 doricus
787 4148 904 4214 ejus
931 4147 1010 4201 rei
1039 4146 1348 4216 exemplum
1379 4159 1596 4200 sumere
1635 4143 1894 4214 potuerit.
1922 4139 2121 4196 Verum

542 4233 647 4289 hoc
703 4231 901 4288 obiter.
947 4231 1076 4286 Mss.
1106 4230 1285 4300 χωρία
1338 4227 1690 4301 πατριμόνια,
1741 4241 1772 4282 e
1826 4225 2027 4297 quibus
2075 4225 2120 4279 si

543 4315 975 4390 πατριμονιάλισι
1022 4314 1392 4380 formaveris,
1450 4313 1648 4368 fundos
1715 4306 2123 4382 patrimoniales

547 4403 799 4458 habebis.

611 4528 747 4584 ibid.
780 4526 1024 4596 Klb’vpa.
1064 4525 1256 4597 Magna
1284 4524 1404 4580 hrec
1431 4532 1516 4580 est
1540 4522 1761 4594 Cibyra,
1786 4537 1816 4577 a
1851 4536 1956 4592 qua
1988 4535 2122 4576 con-

539 4620 736 4667 ventus
767 4609 1108 4682 Cibyraticus
1149 4608 1289 4678 apud
1329 4606 1560 4662 Plinium
1594 4624 1648 4673 v,
1671 4605 1762 4669 29,
1797 4607 1850 4659 in
1877 4603 2125 4675 Phrygiae

545 4695 828 4763 Cariaeque
861 4693 1060 4748 finibus
1095 4693 1292 4761 posita,
1322 4707 1422 4746 nec
1442 4693 1600 4762 longe
1627 4688 1695 4743 ab
1721 4686 2008 4741 Antiochia
2059 4686 2125 4739 ad

545 4775 879 4832 Maeandrum
909 4783 1045 4830 teste
1068 4774 1335 4829 Strabone
1365 4789 1464 4828 xm
1497 4789 1552 4842 p.
1594 4772 1718 4826 650.
1752 4771 1935 4838 Itaque
1963 4768 2127 4824 talsus

545 4872 631 4916 est
664 4859 985 4913 scholiastes
1014 4856 1224 4913 Horatii
1266 4857 1610 4926 Crnquianus
1635 4855 1687 4907 in
1722 4852 1820 4920 Ep.
1861 4851 1912 4917 1,
1949 4851 2003 4918 6,
2057 4851 2127 4905 55

545 4944 791 4999 scribens
814 4941 1040 5014 :ICibyra
1069 4943 1213 4998 vicus
1233 4942 1532 4995 maritimus
1555 4940 1609 4991 in
1641 4935 2006 5008 Paphlagonia
2031 4943 2128 4989 aut

546 5027 738 5097 Lydia.
769 5025 894 5079 Fuit
921 5026 1140 5096 quidem
1175 5025 1342 5080 altera
1373 5023 1561 5078 eodem
1591 5019 1809 5074 nomine
1837 5019 1929 5074 sed
1955 5019 2130 5072 minor

545 5111 602 5163 in
648 5108 961 5179 Pamphylia
999 5109 1139 5177 apud
1170 5107 1421 5163 eumdem
1465 5103 1786 5158 Strabonem
1815 5117 1903 5158 xrv
1934 5100 2128 5172 p.667,

546 5207 708 5262 quam
743 5193 787 5247 si
824 5192 1128 5256 intellexit,
1169 5204 1411 5246 errorem
1450 5202 1716 5243 excusare
1745 5201 1963 5256 quoque
2022 5201 2129 5241 non

545 5278 766 5344 poterit.
807 5277 846 5331 A
887 5277 1097 5331 minore
1150 5276 1254 5328 hac
1290 5272 1490 5342 Cibyra
1522 5271 1726 5326 Thema
1779 5269 2134 5342 Cybyrrhazo-

551 5375 729 5416 tarum
755 5359 1047 5440 appellavit
1071 5358 1462 5440 Constantinus
1494 5353 1537 5409 Ι.
1575 5371 1592 5409 ι
1633 5353 1822 5411 Them.
1855 5354 1955 5418 14;
1990 5355 2132 5424 quod

549 5457 672 5496 eum
733 5435 905 5512 patria
955 5441 1231 5495 Anastasii
1277 5438 1669 5509 Thaumaturgi
1723 5437 1778 5491 in
1835 5435 2133 5507 Synaxario

549 5527 860 5581 Divionensi
882 5527 1108 5591 feratur,
1124 5524 1308 5595 χώρας
1333 5524 1431 5595 μὲν
1451 5518 1519 5595 ἦν
1544 5521 1998 5596 Κιδυρραιωτῶν,
2021 5536 2137 5575 me-

557 5613 666 5667 rito
720 5611 936 5666 mireris
987 5609 1053 5664 D.
1113 5608 1506 5679 Papehrocium
1559 5607 1749 5662 tom.l
1791 5603 1915 5661 Jun.
1952 5621 2003 5676 p.
2030 5606 2135 5661 526

552 5695 878 5749 scribentem
900 5711 913 5746 :
945 5691 1124 5746 Nihilo
1157 5691 1366 5758 facilius
1388 5689 1730 5760 explicuerint
1752 5704 1870 5760 qua:
1889 5688 1948 5744 S.
1969 5689 2135 5742 Atha-

559 5777 709 5828 nasio
738 5777 909 5838 ratria
931 5791 947 5828 :
973 5791 1093 5827 unm
1109 5775 1574 5842 Kibyrrhoitarum
1594 5773 1648 5830 in
1671 5772 1837 5844 elogio
1860 5773 2136 5829 nominata

566 5858 706 5924 Tegio
739 5863 882 5918 nulla
905 5861 1053 5920 nobis
1076 5861 1325 5932 innotuit,

1555 397 1939 460 ADDENDA.
1975 419 2045 430 -·-
2076 394 2141 456 P.
2175 386 2692 452 WESSELINGH

2269 505 2406 560 Ibid.
2456 497 2922 570 Κοκτημαλικαί.
2991 494 3114 549 Alio
3161 493 3255 548 tibi
3305 488 3648 561 coniectore,
3679 483 3776 560 qui

2192 604 2378 645 verum
2402 586 2629 650 divinet,
2664 597 2802 652 opus
2822 591 2904 636 est
2931 598 2946 634 :
2985 593 3086 648 ego
3118 577 3252 630 nihil
3295 574 3425 630 hinc
3454 571 3702 639 expedio.

2264 670 2401 726 Ibid.
2421 668 2680 737 ἐπαρχία
2706 661 3003 729 Ποντικῆς
3029 658 3079 714 a'
3105 704 3116 715 .
3150 659 3241 713 Sic
3261 672 3419 720 mss.;
3451 671 3572 724 quae
3602 654 3777 708 lacera

2193 770 2320 811 esse
2341 761 2582 823 apparet.
2611 748 2787 803 Credo
2801 749 2868 802 ab
2895 744 3165 800 Hieroclis
3187 758 3348 796 manu
3378 741 3591 794 venisse
3609 739 3784 807 ἐπαρ-

2195 838 2288 909 χία
2309 834 2581 903 Ποντικῆς
2606 831 2923 902 διοικήσεως
2945 835 2992 882 α’
3016 827 3262 890 Βιθυνία,
3294 824 3564 893 provincia
3600 819 3784 874 Ponti—

2194 943 2269 980 ca?
2296 925 2572 977 diaeceseos
2606 921 2774 989 prima
2799 917 3067 987 Bithynia.
3090 914 3313 968 Orditur
3338 909 3786 964 hincditm-eseos

2195 1008 2436 1064 Pontica!
2465 988 2793 1077 provincias,
2831 1015 2967 1070 quas
3000 998 3056 1050 11
3097 997 3283 1058 fuisse,
3322 993 3646 1077 Bithyniam,
3673 988 3790 1044 Ho-

2201 1075 2506 1154 noriadem,
2539 1085 2959 1155 Paphlagoniam
2989 1121 3005 1145 ,
3043 1078 3310 1134 Galatiam
3345 1075 3572 1144 primam
3604 1082 3661 1126 et
3693 1087 3788 1125 se-

2197 1175 2456 1237 cumlam,
2477 1169 2844 1240 Capparlocias
2877 1167 3030 1228 duas,
3059 1162 3280 1217 totidem
3302 1159 3608 1222 Armenias,
3626 1156 3794 1211 Hele-

2202 1269 2495 1328 nopontum
2531 1262 2586 1309 et
2607 1262 2830 1321 pontum
2859 1248 3324 1310 Polemoniacum,
3355 1257 3422 1297 ex
3454 1241 3630 1295 Notit.
3655 1241 3786 1306 imp.

2203 1322 2300 1394 Οιῖ.
2332 1355 2382 1396 c.
2403 1340 2457 1404 1,
2480 1352 2598 1405 qua!
2619 1343 2671 1391 et
2702 1331 3008 1403 Bithyniam
3039 1326 3313 1384 consulari
3342 1323 3581 1386 mandat,
3605 1322 3795 1393 explo-

2203 1433 2322 1480 rate
2359 1422 2632 1478 novimus.

2276 1507 2414 1562 lbid.
2471 1501 2825 1571 Χαλκηδών.
2864 1497 2980 1552 Etsi
3005 1495 3183 1567 primo
3238 1493 3359 1547 loco
3412 1492 3556 1545 inter
3600 1487 3796 1558 Bithy-

2205 1589 2310 1644 niae
2341 1588 2506 1642 urbes
2534 1594 2766 1655 ponatur
2795 1591 2849 1637 et
2896 1580 3132 1635 concilio
3174 1575 3594 1641 Constantinop.
3630 1572 3796 1625 tertio

2207 1686 2260 1739 p.
2296 1671 2402 1726 495
2432 1654 2667 1725 Joannes
2691 1668 2790 1737 τῆς
2820 1659 3214 1732 Καλχηὼνέων
3262 1654 3650 1728 μητροπόλεως
3686 1654 3796 1720 τῆς

2206 1757 2450 1812 Βιθυνῶν
2488 1755 2754 1826 ἔπαρχῑας
2801 1747 3131 1813 subscrihat,
3168 1761 3274 1800 non
3321 1753 3507 1799 tamen
3560 1741 3669 1795 nisi
3694 1755 3798 1794 no-

2209 1844 2354 1899 mine
2409 1852 2565 1898 tenus
2599 1837 2921 1907 metropolis
2950 1835 3070 1899 fuit,
3117 1832 3282 1886 salvis
3330 1827 3659 1884 Nicomediae
3689 1841 3795 1882 suo

2206 1927 2329 1996 jure
2376 1933 2433 1981 et
2459 1924 2782 1996 privilegiis,
2819 1931 2876 1975 ut
2931 1919 3263 1981 Marcianus,
3299 1914 3387 1969 cui
3437 1913 3794 1968 honorarium

2210 2015 2356 2068 hunc
2418 2012 2633 2068 titulum
2683 2009 2863 2073 debet,
2898 2008 2950 2061 in
2991 2003 3322 2061 Chalcedon.
3379 2015 3535 2055 conc.
3577 2015 3632 2069 p.
3682 1998 3786 2053 68f

2209 2101 2413 2156 sciscit.
2461 2098 2573 2169 Τὴν
2606 2093 2994 2168 Καλχηδονέων
3041 2091 3216 2157 πόλιν,
3248 2089 3451 2156 inquit,
3499 2089 3559 2140 ἐν
3581 2078 3650 2158 κῇ
3697 2085 3802 2153 τῆς

2210 2190 2370 2258 ἁγίας
2426 2187 2662 2249 πίστεως
2712 2182 2930 2243 σύνοδος
2972 2175 3298 2248 διεκροτήθη
3327 2217 3341 2240 ,
3409 2171 3802 2246 μητροπόλεως

2211 2277 2356 2348 ἔχειν
2383 2272 2659 2346 πρεσϐεῖα
2703 2267 3096 2348 ὲθεσπίσαμεν,
3142 2264 3369 2348 ονοματι
3404 2260 3550 2330 μόνῳ
3570 2258 3801 2348 ξςαύτην

2214 2341 2570 2430 τιμήσαξιτις,
2619 2353 2932 2422 σωζομένου
2971 2347 3173 2430 δηλαδὴ
3207 2349 3274 2430 τῇ
3304 2341 3802 2430 Νικομηδέωνλμη-

2211 2423 2466 2512 τροῖξόλει
2488 2438 2584 2492 τοῦ
2621 2437 2750 2490 ἰδίου
2780 2433 3114 2505 ἀξιώματος.
3142 2429 3245 2512 Qui
3280 2442 3452 2512 cum“
3475 2423 3802 2512 Ιςαλχηδόνο

2213 2506 2402 2582 urbem
2433 2522 2689 2592 appellat,
2731 2518 2873 2574 haud
2907 2515 3132 2570 multum
3181 2511 3334 2566 abest
3356 2526 3384 2562 a
3413 2506 3807 2592 Καλχαεογέων

2215 2609 2398 2665 numis
2427 2624 2442 2661 :
2469 2588 2608 2660 olim
2634 2603 2778 2659 cnim
2813 2596 3118 2669 Καλχηδὼν
3156 2593 3590 2662 nuncupabatur.
3645 2588 3805 2654 Quod

2215 2705 2416 2746 nomen
2449 2698 2614 2757 atque
2671 2679 2978 2756 Καρχηδὼν
3012 2693 3133 2735 cum
3168 2691 3302 2732 sono
3333 2689 3522 2744 parum
3575 2673 3810 2739 distent,

2219 2774 2442 2844 prabita
2473 2784 2614 2840 saepe
2657 2765 2900 2823 librariis
2929 2772 3013 2818 est
3064 2759 3284 2816 occasio
3321 2757 3475 2812 urbis
3521 2757 3808 2821 utriusque

2217 2840 2624 2918 confundenda,
2650 2851 2812 2907 veluti
2839 2863 2961 2902 cum
2986 2845 3222 2915 Apsyrto
3246 2840 3515 2911 Hippiatr.
3535 2855 3586 2894 c.
3608 2853 3815 2903 χχχιιι,

2217 2957 2271 3012 p.
2312 2940 2417 2995 “5
2457 2938 2726 3001 tribuunt,
2761 2932 2856 2986 καὶ
2897 2929 3056 2984 τοῦτο
3099 2927 3191 3012 δὲμ
3217 2927 3280 2978 ἐκ
3329 2923 3441 2977 τῶν
3477 2920 3814 3012 Γεωργικῶν

2219 3003 2488 3092 Μάγωνος
2553 3019 2648 3073 τοῦ
2701 3013 3075 3084 Χαλκηδονὶου
3137 3009 3364 3078 εὕρηται
3399 3049 3414 3070 ,
3467 3016 3522 3061 et
3569 3003 3812 3059 Hierocli

2219 3123 2274 3177 p.
2327 3089 2431 3160 116
2451 3103 2658 3172 Μάγων
2685 3101 2742 3156 δὲ
2773 3095 3178 3166 ὀΧαλκηδόνιος
3223 3093 3279 3177 ἐγ
3299 3092 3407 3153 τοῖς
3451 3089 3808 3177 Γεωργικοῖς.

2222 3170 2412 3258 Neque
2443 3170 2589 3242 enim
2644 3183 2797 3254 Mago
2836 3175 3353 3258 Chalcedonensis,_
3375 3171 3470 3258 sed
3519 3170 3811 3239 Carthagi-

2225 3255 2428 3328 niensis
2473 3270 2592 3334 fuit,
2620 3267 2776 3338 cujus
2809 3265 2876 3320 de
2904 3263 2971 3317 ιι.
3000 3261 3068 3314 ιι.
3101 3258 3292 3338 libros,
3325 3255 3531 3338 Punico
3557 3267 3813 3338 sermone

2225 3355 2483 3424 scriptos,
2523 3335 2746 3408 Cassius
2781 3345 3064 3418 Dionysius
3111 3335 3384 3398 Uticensis
3407 3337 3594 3392 Graeca
3626 3336 3811 3403 lingua

2225 3418 2386 3492 vertit
2417 3435 2557 3507 apud
2593 3431 2891 3488 Varronem
2928 3428 2994 3481 R.
3032 3426 3098 3480 Β.
3139 3442 3182 3492 ι,
3214 3425 3267 3479 1.
3312 3423 3488 3507 Atque
3512 3419 3663 3507 baud
3694 3418 3814 3507 scio

2226 3537 2294 3576 an
2330 3500 2491 3588 hujus
2517 3517 2758 3587 Magonis
2789 3527 2982 3569 nomen
3016 3512 3068 3565 in
3111 3510 3194 3564 his
3218 3505 3478 3588 Stephani
3511 3504 3710 3588 lateat;
3751 3500 3815 3554 Ὀ

2227 3583 2456 3672 πολίτης
2507 3583 2877 3672 Καρχηδόνιος
2909 3613 2925 3628 ·
2943 3590 3315 3666 Καρχηδόνιος
3343 3584 3412 3658 ἦν
3441 3585 3600 3655 σοφὸς
3635 3583 3814 3672 μέγας

2227 3689 2322 3742 καὶ
2341 3668 2757 3755 Κλειτὸμάχοςρ
2783 3680 3096 3749 Διογνήτου.
3124 3674 3460 3755 Siclacerum
3484 3681 3610 3755 ante
3635 3668 3812 3720 locum

2229 3770 2506 3838 Meuagius
2538 3751 2590 3821 in
2617 3751 2906 3838 Ciogeuem
2927 3761 3108 3816 Laert.
3126 3773 3200 3825 Iv,
3222 3757 3291 3810 67
3313 3765 3365 3809 et
3391 3751 3668 3838 Berltelius
3683 3764 3817 3803 con—

2229 3836 2544 3918 stituerunt,
2573 3836 2759 3916 recte,
2814 3849 2856 3902 si
2890 3846 3017 3916 quid
3039 3857 3140 3914 ego
3169 3840 3327 3897 video
3354 3856 3369 3906 ;
3408 3837 3499 3907 qui
3534 3836 3578 3891 si
3610 3845 3812 3918 prtetef

2231 3953 2322 3996 rea
2355 3915 2539 4006 σοφὸς
2562 3915 2772 4003 Μάγων
2801 3931 2822 4004 ί
2849 3915 2972 3984 nam
3003 3927 3232 3981 alterum
3264 3922 3543 3978 tolerabile
3578 3932 3682 4006 non
3706 3915 3814 3981 est)

2231 3999 2618 4082 correxissent,
2645 3999 2822 4071 locum
2841 4028 2926 4067 me
2946 4011 3129 4082 judice
3158 4009 3562 4078 persanassent.
3580 3999 3660 4054 Ne
3685 4014 3816 4052 vero

2230 4120 2260 4160 a
2292 4103 2572 4174 proposito
2595 4099 2805 4168 longius
2832 4097 3172 4156 aberremus,
3207 4090 3348 4144 idem
3386 4085 3518 4152 mihi
3547 4085 3738 4137 vitium
3760 4083 3811 4134 in

2234 4165 2317 4245 his
2354 4165 2641 4241 Strabonis
2670 4165 2885 4236 videtur
2907 4175 3202 4232 admissum
3239 4188 3364 4238 xm,
3399 4186 3454 4241 p.
3484 4167 3611 4234 609,
3641 4165 3730 4220 ubi
3749 4165 3815 4217 de

2229 4271 2538 4328 Metrodoro
2562 4265 2806 4336 Seepsio,
2837 4261 2925 4316 διὰ
2972 4260 3030 4314 δὲ
3073 4257 3173 4330 τὴν
3201 4256 3360 4322 δόξαν
3403 4256 3460 4307 ὲν
3503 4248 3818 4336 Καρχηδόνι.

2231 4355 2412 4425 γάμου
2441 4334 2697 4422 λαμπροῧ
2729 4346 2895 4414 πένης
2918 4343 2994 4397 ὢν
3018 4342 3176 4412 ἔτυχε
3194 4339 3288 4395 καὶ
3300 4335 3639 4425 ἐχρημάτιζε
3659 4334 3821 4401 Καρ-

2233 4417 2624 4510 )ξηὲόνιοςίῡέ
2666 4428 2994 4498 Carthagine
3036 4427 3179 4510 enim
3228 4437 3360 4510 sera
3394 4435 3498 4510 non
3537 4417 3817 4510 videntur,

2233 4497 2498 4590 siquidem
2525 4512 2818 4569 Metrodori
2849 4497 3009 4565 aetate
3044 4508 3188 4562 nulla
3220 4505 3341 4590 fuit,
3383 4503 3589 4590 dudum
3618 4515 3646 4553 a
3690 4497 3818 4554 Sci-

2234 4588 2393 4676 pione
2419 4599 2536 4656 solo
2562 4606 2792 4668 mquata.
2822 4595 3012 4650 Dicere
3037 4605 3224 4663 posses
3253 4588 3614 4644 Metrodorum
3641 4597 3816 4637 sevum

2235 4667 2547 4742 extendisse
2582 4667 2894 4748 vixisseque
2927 4678 3100 4732 donec
3125 4690 3154 4729 a
3193 4673 3410 4728 Caesare
3440 4669 3570 4724 urbs
3607 4667 3820 4721 instau-

2235 4780 2471 4832 raretur,
2513 4747 2849 4833 ex_Plinio,{a
2877 4759 3154 4828 Scaligero
3184 4755 3494 4816 emendato,
3521 4765 3712 4812 xxxvi,
3740 4747 3776 4802 6
3801 4764 3817 4800 :

2238 4853 2342 4910 Hic
2377 4867 2596 4921 namque
2619 4856 2696 4903 est
2729 4845 3010 4902 Mamurra
3039 4840 3239 4898 Catulli
3268 4837 3583 4893 Veronensis
3623 4834 3824 4886 carmi-

2239 4938 2390 4992 nibus
2414 4915 2731 5003 proicissus,
2766 4945 2918 5000 quem
2960 4924 3301 4981 Metrodorus
3333 4920 3581 4986 Scepsius
3616 4915 3822 5003 clarius

2236 5036 2392 5092 quam
2414 4996 2666 5072 'Catullus
2689 4996 2829 5066 dixit
2880 5011 3090 5071 habere,
3123 5001 3679 5092 quidquid-habuisset
3712 4996 3820 5052 Coc

2237 5083 2386 5158 mata
2437 5099 2634 5155 Gallia.
2669 5095 2740 5150 At
2789 5095 2966 5151 obstat
3035 5091 3252 5152 Strabo,
3304 5086 3396 5158 qui
3448 5083 3819 5140 Metrodorum

2239 5185 2475 5242 nondum
2506 5183 2652 5237 victo
2682 5179 2914 5250 Tigrane
2933 5173 3268 5230 Mithridatis
3285 5171 3442 5240 jussu
3477 5175 3822 5238 peremptum

2241 5268 2506 5338 prodidit,
2541 5279 2638 5319 nec
2658 5247 2913 5316 dissentit
2963 5257 3284 5314 Plutarchus
3305 5255 3357 5309 in
3376 5251 3663 5338 Lucullop.
3691 5247 3823 5338 680.

2240 5333 2427 5421 itaque
2449 5365 2569 5405 cum
2602 5347 2672 5402 ls.
2693 5346 2916 5401 Vossius
2937 5345 2987 5396 in
3015 5356 3146 5396 mss.
3171 5339 3432 5394 Plinianis
3461 5338 3527 5390 ad
3549 5333 3822 5390 Catullum

2241 5455 2295 5509 p.
2325 5436 2386 5491 71
2419 5432 2710 5498 invenerit,
2739 5441 2794 5486 et
2833 5437 2944 5498 post
2976 5441 3098 5481 eum
3121 5423 3454 5484 Harduinus,
3477 5436 3629 5491 quem
3659 5427 3707 5473 et
3741 5435 3826 5472 res

2242 5505 2289 5577 et
2348 5523 2535 5574 domus
2564 5517 2730 5586 ipsius
2781 5513 2978 5567 clarius
3021 5525 3179 5578 quam
3214 5507 3482 5570 Catullus,
3517 5505 3571 5560 id
3621 5512 3676 5557 et
3722 5518 3828 5572 ego

2244 5605 2566 5677 probavero,
2605 5615 2685 5665 re,
2733 5606 2791 5651 ut
2834 5610 3000 5664 saepe,
3041 5607 3152 5646 rem
3213 5590 3538 5646 familiarem
3571 5596 3823 5643 notante.

2315 5688 2450 5744 lhid.
2483 5683 2861 5755 Νικομήδεια.
2900 5678 3337 5734 De'nobilissitna
3378 5675 3662 5744 metropoli
3695 5685 3824 5731 tan.

2249 5785 2357 5827 tum
2385 5771 2590 5835 dicam,
2623 5768 2769 5823 amni
2804 5766 2978 5825 fuisse
3020 5763 3345 5833 appositam,
3372 5774 3532 5830 quem
3559 5759 3825 5832 Phrygem

2253 5856 2586 5916 Themistius
2621 5852 2776 5912 Orat.
2809 5865 2958 5920 xxiv,
2990 5863 3043 5923 p.
3073 5847 3179 5907 305
3214 5853 3371 5904 vocat
3402 5861 3415 5898 :
3446 5841 3828 5902 Nicomedien-
