4170 6434
363 401 504 469 1145

354 539 442 579 ses
464 522 610 578 enim
632 528 806 590 rogat,
821 521 1226 576 arhitrenturne
1257 535 1316 576 se
1335 523 1581 594 ποταμοῦ
1610 523 1704 577 τοῦ
1725 523 1939 594 Φρυγὸς

355 611 428 679 τῇ
452 605 836 678 φιλανθρωπίᾳ
862 607 929 661 ad
965 607 1111 675 ipsos
1133 607 1569 675 complectendos
1601 623 1724 664 esse
1749 623 1940 662 accen-

351 691 516 748 sum?
556 705 658 745 nec
715 705 906 745 verum
943 699 1125 743 tamen
1153 690 1205 742 id
1233 689 1356 759 ejus
1383 691 1555 747 fuisse
1592 694 1812 755 nomen,
1845 690 1940 746 sed

349 774 587 830 Gallum.
640 773 693 827 id
737 787 801 827 es
865 771 1124 827 Passtoue
1179 772 1460 841 Cypriani,
1513 789 1678 842 quam
1735 781 1866 827 tom.
1908 774 1942 828 3

353 859 616 914 Thesauri
641 856 900 910 Anecdot.
973 869 1096 924 pag.
1129 853 1268 908 1648
1303 856 1392 910 ed.
1420 856 1666 911 Martene
1694 855 1938 923 comple-

352 957 458 998 xus
485 947 590 1003 est,
625 930 889 993 discimus
920 954 934 991 :
970 937 1126 990 Ducti
1152 946 1330 992 autem
1364 940 1433 991 ad
1463 939 1703 1008 ﬂuvium,
1725 940 1816 1008 qui
1849 955 1939 993 oo-

351 1039 506 1079 catur
542 1019 750 1087 Gallus,
769 1021 825 1074 in
862 1020 1230 1074 Nicomediam
1283 1023 1568 1088 civitatem,
1614 1030 1672 1074 ut
1704 1021 1940 1074 decolla-

353 1120 557 1164 rentur.
594 1107 784 1161 Callus
831 1115 1016 1159 autem
1053 1121 1150 1159 cur
1210 1103 1477 1175 Phrygius
1525 1107 1760 1170 dicatur,
1814 1120 1937 1159 cum

353 1193 523 1249 simili
565 1189 887 1259 cognomine
943 1188 1184 1260 Phryges
1210 1186 1436 1243 ﬂuvium
1483 1188 1794 1255 habuerint,
1828 1205 1936 1244 non

351 1285 473 1346 eget
499 1275 790 1328 verborum
820 1273 1050 1327 ambitu.

421 1359 682 1416 (301.149.
704 1361 1002 1426 Πρίνετος.
1027 1357 1292 1428 Πρὲνετος
1319 1355 1528 1412 Socrati
1556 1356 1628 1411 Η.
1655 1357 1722 1412 Ε.
1748 1373 1824 1425 Vt,
1848 1357 1936 1423 i6,

353 1445 448 1500 ubi
494 1446 797 1515 emporium
825 1459 890 1498 cx
923 1441 1155 1496 adverso
1197 1438 1528 1496 Nicomediae
1551 1441 1716 1496 situm
1748 1443 1938 1511 perbi-

353 1531 554 1592 betur;
613 1538 778 1598 atque
807 1525 882 1580 ibi
921 1525 975 1579 in
1016 1523 1218 1577 Tabula
1247 1523 1567 1595 Peutingera
1617 1523 1688 1578 M.
1713 1523 1774 1579 P.
1807 1524 1876 1580 28
1907 1540 1937 1578 a

353 1609 533 1664 Nicaea
568 1609 930 1679 conspicitur.
969 1605 1100 1660 Vide
1126 1604 1402 1662 Valesium
1435 1608 1489 1661 in
1522 1621 1648 1661 eum
1697 1605 1939 1662 Socratis

354 1695 556 1748 locum.
602 1691 686 1745 Τὰ
732 1691 874 1745 κατὰ
926 1689 1234 1760 Πραίνητον
1283 1691 1383 1760 τῆς
1434 1689 1688 1753 Βιθυνίας
1714 1691 1939 1761 ἀγριδια

354 1775 630 1830 Palladius
691 1773 802 1828 Vit.
877 1773 1255 1844 Chrysostomi
1321 1788 1376 1842 p.
1431 1773 1520 1828 75.
1574 1773 1940 1828 Continuator

356 1856 727 1927 Theophanis,
761 1856 918 1926 cujus
971 1858 1136 1910 verba
1183 1856 1478 1925 exscripsit
1529 1857 1594 1910 A.
1636 1855 1834 1926 Pagius
1883 1857 1937 1911 in

355 1942 550 1998 Critic.
601 1943 703 1996 An.
733 1940 862 2006 960,
888 1939 944 2006 5,
977 1939 1166 1993 urbem
1205 1954 1405 1994 nomen
1453 1940 1502 1992 id
1547 1939 1822 2008 indeptam
1854 1938 1937 1992 ati-

354 2029 538 2083 tirmat
580 2044 611 2082 a
662 2026 912 2083 Praenato
971 2025 1331 2094 Bithynorum
1391 2022 1667 2095 quondam
1719 2023 1935 2078 tutelari

353 2114 481 2168 deo.

429 2195 562 2251 Ibid.
601 2196 1006 2262 Ἐλενόπολις.
1063 2193 1294 2250 Preneto
1343 2193 1576 2248 vicinam
1625 2189 1938 2260 Stephanus

357 2279 413 2334 in
446 2281 754 2353 Πρόνεκτος
783 2282 912 2335 facit
945 2299 960 2335 :
1001 2295 1178 2349 neque
1213 2279 1355 2334 enim
1389 2277 1494 2332 alia
1539 2286 1626 2331 est
1651 2277 1770 2346 ejus
1798 2274 1938 2328 Dre-

357 2381 520 2435 pane,
554 2374 612 2419 ut
643 2381 706 2421 ex
734 2365 961 2420 Socrate
1001 2362 1072 2416 II.
1105 2361 1175 2415 E.
1212 2377 1256 2426 ι,
1287 2362 1356 2416 i8
1385 2367 1624 2416 constat.
1677 2358 1939 2428 Apposita

358 2449 464 2504 fuit
502 2447 676 2514 ﬂuvio,
718 2448 955 2503 Draconi
985 2461 1015 2500 a
1041 2445 1403 2502 Constantino
1435 2444 1504 2498 bl.
1531 2456 1674 2497 novo
1716 2442 1936 2497 nomine

358 2535 614 2588 decorata
644 2533 700 2586 in
741 2532 933 2586 matris
975 2531 1257 2593 honorem,
1285 2544 1405 2596 quae
1449 2527 1525 2582 ibi
1556 2535 1685 2580 nata
1720 2523 1942 2580 fereba-

360 2627 452 2671 tur
488 2619 627 2686 apnd
653 2615 976 2684 P'rocOpium
1013 2611 1182 2666 Fabr.
1211 2613 1418 2667 Justiti.
1454 2626 1510 2674 v,
1532 2609 1587 2664 2.
1621 2607 1836 2662 Helenae
1860 2607 1944 2659 in-

359 2701 754 2758 etaurationem
792 2699 1034 2755 tribuunt
1062 2697 1192 2751 Acta
1224 2697 1282 2750 S.
1311 2695 1535 2749 Luciani
1562 2710 1612 2748 c.
1643 2695 1712 2747 5:
1749 2691 1942 2746 Postea

360 2795 555 2848 autem,
587 2783 860 2852 inquiunt,
903 2797 1020 2850 qua:
1055 2780 1201 2832 nobis
1227 2779 1513 2832 salutarem
1551 2776 1765 2830 Domini
1793 2777 1944 2828 resti-

360 2872 462 2924 tuit
499 2885 705 2923 crucem
745 2878 793 2921 et
825 2883 1074 2936 magnum
1108 2867 1247 2919 inter
1277 2863 1450 2917 claros
1480 2863 1818 2930 imperatores
1850 2877 1944 2930 ge-

361 2955 474 3008 nuit
503 2951 933 3017 Constantinum,
970 2951 1268 3004 veneranda
1285 2950 1508 3010 Helena,
1539 2947 1751 3015 quando
1780 2961 1948 2998 recer-

369 3038 579 3089 tcbatur
600 3033 1003 3102 Hierosolymis,
1028 3034 1200 3085 locum
1229 3033 1498 3082 honoratis
1528 3030 1583 3082 in
1613 3045 1672 3083 eo
1703 3029 1943 3082 condidit

358 3123 642 3182 civitatem,
690 3116 1086 3184 convocatisque
1141 3114 1528 3168 habitatoribus
1581 3128 1646 3166 ea:
1703 3113 1768 3166 iis
1828 3128 1947 3174 qua:

358 3203 704 3257 circumcirca
776 3209 926 3255 erant
979 3199 1298 3268 regionibus,
1345 3205 1395 3250 et
1444 3197 1644 3266 effectis
1707 3196 1947 3266 operibus

362 3287 610 3356 publicis,
670 3283 860 3340 validis
923 3298 1040 3336 eam
1099 3282 1270 3335 cinxit
1303 3280 1560 3334 manibus
1611 3287 1658 3333 et
1699 3277 1947 3347 templum

362 3371 588 3440 martyri
639 3367 984 3435 exa'diﬁcavit
1041 3365 1360 3417 maximum.
1430 3362 1643 3416 Similia
1703 3361 1848 3431 leges
1893 3360 1946 3413 itt

365 3451 720 3522 Philostorgii
751 3448 819 3503 Η.
863 3447 931 3500 Ε.
957 3462 1017 3512 ιι,
1042 3447 1141 3510 15;
1170 3445 1264 3517 qui
1304 3459 1437 3500 sane
1474 3454 1760 3511 propterea
1789 3456 1951 3498 coer-

364 3537 624 3592 citionem
677 3527 1001 3589 Gothofredi
1064 3545 1170 3584 non
1223 3537 1546 3583 meruerat:
1583 3540 1762 3596 neque
1803 3525 1946 3580 enim

364 3623 512 3675 aliud
530 3620 713 3676 dicere
737 3616 909 3672 voluit
937 3629 1098 3686 quam
1128 3612 1329 3668 Helena
1352 3620 1575 3666 auctore
1603 3625 1665 3665 ac
1682 3608 1950 3665 suadente

372 3707 678 3773 Drepanem
715 3715 746 3754 a
777 3697 1141 3754 Constantino
1189 3695 1358 3750 fuisse
1403 3708 1472 3748 ex
1500 3694 1624 3748 vico
1665 3697 1717 3746 in
1758 3692 1947 3746 urbem

365 3793 782 3842 commutatam.
811 3781 1040 3851 Propter
1059 3779 1248 3834 urbem
1271 3788 1428 3832 erant
1445 3778 1746 3833 calidarum
1779 3789 1950 3845 aqua-

367 3887 491 3926 rum
545 3868 759 3935 balnea,
805 3868 870 3921 ad
919 3879 1040 3936 qum
1102 3862 1491 3918 Constantinus
1541 3861 1643 3916 sub
1703 3870 1950 3916 extrema

365 3958 496 4009 vita:
519 3966 842 4025 properasse
871 3949 1069 4004 dicitur
1102 3962 1132 4001 a
1163 3946 1393 4001 Socrate
1429 3945 1503 4002 ΙΙ.
1533 3944 1601 3998 Ε.
1626 3961 1665 4008 ι,
1699 3945 1734 3997 4
1759 3952 1812 3998 et
1847 3941 1951 3998 So-

372 4053 604 4094 zomeno
635 4053 694 4100 ιι,
717 4036 806 4091 54.
843 4033 1133 4089 Eusebium
1157 4029 1310 4099 paria
1325 4031 1652 4085 scribentem
1676 4027 1781 4083 Vit.
1806 4027 1952 4082 Con-

368 4132 542 4179 stant.
581 4137 657 4187 tv,
681 4121 746 4176 61
783 4120 1057 4187 interpres
1089 4114 1238 4169 aliud
1290 4114 1470 4168 dicere
1503 4113 1699 4181 coegit.
1732 4113 1954 4166 Seriore

371 4221 515 4274 aevo,
540 4206 678 4260 utoid
709 4205 923 4262 addam,
952 4198 1295 4268 Helenopolis
1317 4197 1614 4252 miserabili
1636 4195 1954 4251 conditione

375 4293 551 4346 fuisse
584 4289 801 4342 videtur
837 4303 852 4338 :
886 4285 1054 4340 refert
1100 4283 1245 4337 enim
1281 4281 1480 4352 Glycas
1516 4281 1713 4334 Annal.
1743 4295 1797 4334 tv
1829 4294 1950 4350 pag.

372 4375 479 4432 527
498 4372 797 4428 Manuslem
816 4367 1156 4423 Comnenum
1179 4367 1454 4436 appulisse
1480 4365 1580 4418 οὐκ
1605 4363 1662 4418 ἐν
1677 4381 1784 4418 τινι
1805 4365 1955 4433 τόπῳ

371 4459 632 4529 διαφανεῖ
719 4452 1058 4507 Ἐλενοπόλει
1113 4450 1172 4504 δέ
1206 4467 1333 4518 τινι,
1381 4453 1448 4522 ἢν
1489 4450 1539 4502 οἱ
1577 4448 1956 4519 ἀγροικότεροι

381 4540 656 4599 Ἐλεεινοῦ
690 4538 845 4593 πόλιν
895 4534 1174 4597 καλοῦσιν,
1234 4535 1508 4604 appulisse
1577 4533 1954 4603 Helenopolin,

377 4642 544 4699 quam
579 4623 898 4679 rusticiores
926 4617 1331 4687 Eleeinupolin,
1349 4619 1505 4686 quasi
1533 4618 1684 4673 dicas
1701 4617 1956 4688 oppidum

377 4707 712 4771 miserabile,
747 4715 986 4760 vocant:
1015 4709 1165 4757 recte
1208 4701 1353 4755 enim
1408 4701 1770 4757 Leunclavius
1820 4704 1960 4756 hanc

377 4791 609 4848 indicari
636 4787 1042 4852 animadvertit,
1067 4794 1123 4839 et
1147 4782 1404 4838 vocabuli
1431 4783 1813 4852 paronomasia
1837 4783 1958 4852 ejus

377 4876 694 4945 opinionem
732 4871 948 4934 lirmat;
987 4877 1044 4922 ut
1079 4880 1308 4938 prorsus
1342 4866 1464 4923 sine
1495 4865 1706 4943 ratione
1729 4866 1804 4921 illi
1855 4866 1954 4922 Ph.

377 4957 634 5014 Lahbeus
669 4956 742 5012 sit
764 4953 1075 5009 oblocntus.

457 5039 590 5094 Ibid.
624 5040 859 5094 Νίκαια.
883 5033 1154 5106 Bithynia:
1178 5031 1500 5102 metropblin
1521 5045 1646 5088 esse
1681 5031 1758 5088 ait
1808 5030 1963 5087 Stra-

382 5133 455 5185 bo
500 5144 596 5192 sit,
632 5142 682 5195 p.
714 5125 840 5190 565,
884 5121 1296 5190 notissimaeqne
1316 5117 1432 5187 ejus
1447 5131 1501 5174 et
1534 5118 1866 5175 Nicomediae
1897 5121 1965 5176 de

383 5219 620 5284 primatu
663 5219 789 5266 sunt
839 5208 1264 5270 contentiones;
1304 5204 1356 5259 iit
1416 5203 1615 5273 quibus
1676 5205 1776 5258 etsi
1821 5205 1964 5259 victa

385 5296 727 5358 discesserit,
787 5292 1098 5348 Nicomedia
1153 5291 1220 5343 ad
1274 5288 1589 5358 Metropolis
1641 5288 1963 5356 dignitatem

385 5388 552 5452 elata,
587 5393 766 5438 tamen
823 5382 990 5450 impp.
1051 5377 1462 5434 Valentinianus
1495 5388 1548 5431 et
1579 5374 1800 5443 Valens,
1828 5392 1967 5447 quo-

385 5471 536 5525 niam
566 5481 630 5521 ea
672 5468 722 5521 in
751 5465 885 5521 urbe
913 5464 1140 5535 Augusti
1164 5471 1322 5519 erant
1355 5463 1549 5527 creati,
1599 5463 1846 5516 eamdem
1871 5462 1966 5518 sed

388 5551 616 5610 secundi
648 5549 750 5606 loci
781 5547 1102 5616 metrOpolin
1147 5561 1268 5603 esse
1288 5545 1590 5617 jusserunt.
1630 5543 1803 5600 Verba
1835 5545 1968 5617 legis

389 5635 542 5690 Actis
574 5631 787 5690 concilii
819 5629 1152 5685 Chalcedon.
1178 5639 1307 5684 tom.
1354 5628 1447 5693 IX,
1481 5644 1536 5698 p.
1603 5629 1700 5684 101
1763 5629 1967 5684 inserta

391 5729 520 5779 sunt
549 5737 564 5785 ;
601 5717 744 5773 unde
777 5724 958 5771 natam
995 5713 1281 5772 credidero
1317 5714 1612 5769 multorum
1656 5714 1967 5784 persuasio-

393 5819 540 5867 nem,
575 5816 678 5873 qua
704 5798 1168 5863 Chalcedonensis
1191 5799 1410 5855 concilii
1463 5808 1705 5869 tempore
1725 5797 1966 5855 Nicaeam

392 5888 498 5946 hac
515 5885 828 5959 dignatione
856 5893 1070 5946 audam
1098 5883 1345 5942 arbitrati
1377 5892 1524 5942 sunt.
1566 5884 1656 5939 Διὸ
1681 5883 1744 5956 δὴ
1777 5884 1966 5957 ἐπειδὴ

1217 401 1601 464 ΟΟΜΜΕΝΥ.
1639 403 1724 463 ΙΝ
1764 402 2185 468 IIIEROCLIS
2219 410 2763 481 SYNECDEMUM.

3488 425 3626 492 1M6

2053 527 2409 613 pqspdnoltc,
2445 533 2696 604 inquiunt
2727 536 2978 607 Augusti,
3028 537 3193 593 πάλαι
3221 541 3512 613 ὠνομάσοη
3534 545 3631 598 καὶ

2047 607 2211 696 τοῦτο
2236 612 2394 696 νομοι
2451 618 2674 670 παλαιοὶ
2719 619 3061 690 περιέχουσι,
3094 621 3162 674 τὰ
3185 607 3631 696 αὑτᾶἆπερΝι-

2046 695 2346 780 γομηδεῦσι
2376 699 2812 770 νομοθετούντων
2857 703 3019 772 ἡμῶν
3079 703 3344 776 ὑπῆρξεν,
3375 695 3629 780 οὐδεμίαν

2045 778 2378 865 ἀμφιϐολίαν
2408 783 2555 854 ἔχειν
2600 785 2822 840 δύναται
2853 785 2914 838 τὸ
2962 790 3237 843 ἀσάλευτα
3266 791 3361 845 καὶ
3431 778 3630 865 ισχυρά

2046 862 2248 931 μένειν,
2298 866 2394 918 καὶ
2441 869 2523 930 εὶς
2551 872 2612 921 τὸ
2652 869 2847 924 ἔπειτα
2880 871 3320 943 αὐξηθησόμενα,
3391 874 3482 930 Sic
3527 862 3628 942 illi,

2041 948 2332 1041 verborum
2389 953 2582 1009 ordine
2629 955 2766 1010 satis
2823 971 3039 1026 aspero,
3090 973 3251 1028 quem
3289 975 3412 1014 cum
3465 963 3628 1029 paulo

2042 1030 2207 1085 aliter
2233 1043 2388 1088 vetus
2415 1036 2685 1105 interpres
2734 1042 3090 1108 expresserit,
3147 1058 3269 1098 eum
3312 1045 3624 1102 audiamus.

2045 1108 2336 1181 Propterea
2379 1118 2500 1173 licet
2554 1122 2960 1191 metropolitano
2991 1126 3115 1179 olim
3147 1136 3224 1181 est
3273 1139 3546 1182 nominata
3577 1140 3626 1183 et

2040 1195 2138 1282 ltoc
2168 1199 2304 1270 leges
2357 1205 2588 1272 antiqua:
2619 1207 2904 1270 continent,
2934 1220 3108 1263 tamen
3135 1210 3296 1280 legem
3329 1213 3478 1265 nobis
3503 1229 3628 1282 pro-

2042 1281 2324 1349 fcrentibus
2365 1286 2511 1339 nulla
2539 1289 2800 1342 dubitatio
2825 1307 2937 1345 esse
2991 1294 3203 1362 poterit,
3233 1310 3291 1347 eo
3317 1299 3454 1364 quod
3513 1296 3626 1348 hare

2040 1364 2258 1420 immota
2287 1376 2336 1421 et
2361 1369 2517 1435 ﬁrma
2549 1381 2895 1438 permaneant
2936 1385 2984 1428 et
3043 1375 3370 1441 temporibus
3425 1378 3624 1444 futuris

2041 1451 2306 1518 augenda.
2375 1451 2642 1508 Praeteriit
2679 1455 2824 1525 ἅπερ
2865 1457 3238 1527 Νικομηδεῦσι
3272 1459 3535 1530 ὑπῆρξεν,
3569 1470 3628 1514 et

2044 1531 2182 1585 bene
2218 1546 2302 1586 me
2329 1533 2539 1590 arbitro
2565 1554 2577 1589 :
2607 1552 2713 1592 non
2766 1539 2914 1592 enim
2952 1538 3131 1594 Nicaea
3192 1557 3416 1610 prorsus
3466 1542 3630 1597 Nico-

2043 1613 2234 1669 mediae
2261 1617 2364 1670 fuit
2387 1628 2625 1688 atquata,
2656 1621 2749 1676 sed
2779 1622 3003 1676 secundi
3026 1623 3129 1678 loci
3166 1624 3500 1692 metropolis,
3520 1626 3630 1679 sal-

2042 1697 2122 1750 vis
2162 1701 2414 1778 omnibus
2439 1717 2578 1756 verte
2600 1706 2906 1772 metropoli,
2940 1715 3143 1760 creata.
3179 1709 3251 1760 Ἢ
3288 1709 3346 1760 ὲν
3369 1707 3634 1778 ,δευτέρῳ

2039 1779 2192 1856 τόςπῳ
2239 1777 2374 1835 οὖσα
2419 1785 2810 1855 μητροπόλεως
2875 1786 3102 1856 ὀνόματι
3156 1788 3422 1855 καλεῖται,
3466 1790 3630 1844 iidem

2039 1863 2276 1934 Augusti
2320 1867 2472 1921 aiunt
2526 1869 2578 1922 in
2621 1869 2792 1938 Epist.
2825 1871 2892 1926 ad
2927 1870 3368 1928 Nicomedicuses
3413 1889 3463 1942 p.
3505 1873 3628 1928 105.

2041 1946 2333 2001 Adduntur
2376 1949 2430 2002 in
2462 1951 2651 2005 cadent
2683 1953 3093 2018 constitutione,
3136 1969 3242 2024 qua
3283 1953 3464 2009 Nicaea
3515 1959 3632 2010 me-

2043 2029 2268 2096 tmpolis
2305 2029 2385 2094 lit,
2429 2033 2679 2100 quaedam
2717 2035 2784 2088 de
2827 2033 3198 2106 Bithynarcha
3248 2038 3474 2106 ejusque
3534 2052 3628 2091 so-

2043 2111 2206 2166 lemni
2249 2113 2302 2166 in
2333 2117 2617 2185 metropoli
2648 2132 2930 2187 processu,
2975 2119 3208 2190 προόδῳ,
3234 2135 3353 2189 qum
3385 2121 3470 2174 vix
3500 2117 3632 2174 alibi

2043 2198 2302 2265 reperias.

2111 2281 2246 2335 Ibid.
2278 2283 2839 2351 Βασιλεινούπολις.
2872 2286 3068 2342 Gravis
3099 2287 3204 2341 hac
3233 2286 3299 2340 de
3322 2285 3458 2340 urbe
3479 2299 3619 2341 con-

2046 2362 2218 2416 tentio
2247 2363 2389 2416 inter
2413 2362 2736 2419 Eunominm
2772 2365 3248 2423 Nieomediensem
3298 2378 3351 2422 et
3394 2370 3632 2421 Anasta-

2043 2444 2181 2499 sitim
2211 2443 2487 2498 NiCacnum
2520 2447 2572 2499 in
2614 2447 3040 2504 Cltalccdonensi
3081 2450 3182 2503 fuit
3223 2449 3460 2518 Synodo,
3487 2457 3635 2502 utro-

2044 2542 2148 2596 que
2194 2528 2380 2583 urbem
2416 2529 2516 2583 sibi
2561 2542 2861 2586 asserente.
2897 2530 3102 2586 Pra:ter
3140 2533 3241 2585 alia
3302 2531 3634 2585 Anastasius

2047 2620 2179 2663 tom.
2202 2609 2268 2664 IX
2301 2625 2354 2679 p.
2378 2609 2468 2666 98:
2491 2610 2636 2679 Ἐγὼ
2655 2613 2710 2666 δὲ
2735 2613 3007 2684 δείκνυμι,
3033 2615 3224 2682 inquit,
3245 2613 3633 2666 Βασιλινούποο

2043 2693 2126 2748 λιν
2155 2694 2244 2748 ἀεὶ
2292 2695 2398 2748 ὑπὸ
2443 2695 2680 2751 Νίκαιαν
2727 2699 3029 2767 γενομένην
3059 2712 3074 2728 ’
3107 2697 3203 2751 καὶ
3260 2696 3368 2767 γὰρ
3425 2695 3638 2766 ρεγεὼν

2043 2772 2112 2847 ἦν
2154 2776 2344 2846 αὐτῆς.
2390 2778 2577 2832 Ταῦτα
2619 2779 2685 2832 τὰ
2722 2779 3080 2850 βουλευτήρια
3123 2776 3233 2833 οἶδε
3265 2795 3281 2810 ’
3319 2780 3414 2832 καὶ
3461 2779 3630 2844 sinet,

2045 2861 2151 2914 ὑπὸ
2194 2857 2420 2933 τίνανῆν
2465 2861 2928 2928 Βασιλινούπολις,
2966 2864 3013 2915 εἰ
3072 2864 3146 2934 μὴ
3180 2852 3386 2934 ρεγεὼν
3436 2859 3504 2933 ἦν
3530 2861 3634 2916 Νι-

2046 2945 2232 3008 καίας.
2271 2944 2384 3014 Ego
2414 2946 2686 2999 ostendam
2717 2943 3126 3014 Basilinopolim
3162 2950 3255 3000 sub
3282 2945 3470 3000 Nica’a
3501 2960 3636 2998 sem.

2045 3044 2138 3095 per
2164 3029 2328 3096 fuisse
2359 3044 2377 3083 :
2419 3046 2540 3083 nam
2573 3031 2713 3099 regio
2745 3029 2847 3097 fuit
2898 3029 3054 3097 ejus:
3092 3032 3144 3083 id
3186 3031 3335 3082 curia
3382 3029 3542 3092 nouit,
3581 3039 3633 3081 et

2046 3112 2191 3166 dicat
2241 3113 2414 3178 curia,
2440 3113 2537 3167 sub
2565 3131 2667 3183 quo
2698 3115 2799 3180 fuit
2845 3113 3252 3182 Basilinopolis.
3308 3113 3354 3166 si
3394 3129 3498 3167 non
3527 3111 3634 3180 {uit

2049 3196 2190 3265 regio
2215 3193 2437 3252 Nictete.
2491 3197 2582 3252 Sic
2610 3209 2764 3252 vetus
2794 3197 3091 3264 interpres.
3127 3196 3259 3252 Post
3313 3196 3436 3250 dein
3482 3193 3638 3262 plura

2049 3278 2103 3332 in
2134 3279 2276 3333 hanc
2310 3293 2424 3332 rem
2458 3277 2630 3342 addit,
2663 3287 2716 3334 et
2746 3278 3025 3333 Iulianum
3058 3286 3155 3331 aut
3206 3278 3375 3331 alium
3404 3292 3470 3331 eo
3489 3276 3636 3331 anti-

2049 3362 2292 3428 quiorem
2317 3361 2724 3430 Basilinopolim
2752 3363 2903 3416 urbis
2924 3361 3186 3431 dignitate
3209 3375 3432 3414 ornasse
3456 3359 3641 3429 (βασι-

2047 3442 2176 3507 λεύς
2206 3461 2290 3506 τις
2315 3443 2628 3508 Ἰουλιανὸς,
2658 3444 2694 3516 ἢ
2723 3443 2823 3497 οὐκ
2843 3440 2960 3497 οῖδα
2995 3444 3078 3506 τίς
3102 3444 3207 3514 πρὸ
3227 3442 3418 3508 αὐτοῦ,
3447 3441 3638 3514 ἐποίη-

2052 3544 2144 3579 σεν
2171 3527 2341 3598 αὐτὴν
2371 3526 2571 3596 πόλιν),
2606 3542 2842 3596 eumque
2861 3541 2923 3582 ex
2960 3525 3139 3580 Nicrea
3168 3527 3470 3591 sumpsisse
3504 3525 3636 3590 τοὺς

2051 3611 2613 3681 πραγματευομένους
2632 3652 2646 3674 ,
2676 3610 2935 3675 curiales,
2965 3619 3018 3664 et
3049 3609 3392 3676 Basilinopoli
3426 3609 3639 3663 consti-

2052 3694 2246 3762 tuisse,
2280 3694 2624 3763 valuisseque
2654 3694 2912 3762 deinceps
2931 3692 3387 3748 consuetudinem
3422 3701 3477 3744 ut
3500 3705 3636 3760 quo.

2055 3779 2156 3832 ties
2193 3777 2547 3847 Basilinopoli
2594 3776 2836 3832 curiales
2862 3779 3144 3841 deessent,
3166 3774 3344 3828 Nicaea
3385 3789 3635 3829 arcesse-

2054 3874 2263 3919 rentur.
2303 3864 2344 3918 E
2373 3863 2571 3935 quibus
2601 3863 2898 3918 manifesto
2928 3870 3158 3932 apparet
3190 3861 3319 3913 olim
3359 3859 3634 3914 Basilino-

2054 3949 2200 4021 polin
2231 3949 2398 4003 fuisse
2416 3948 2615 4008 vicum,
2652 3955 2814 4016 atque
2837 3947 2990 4001 urbis
3017 3947 3233 4000 demum
3259 3943 3537 4015 privilegia
3566 3943 3636 3998 al)

2053 4032 2268 4089 Juliano
2292 4043 2383 4087 aut
2406 4032 2514 4087 alio
2553 4031 2748 4100 quovis
2778 4031 3102 4100 impetrasse
3129 4045 3146 4083 :
3173 4041 3506 4098 quamquam
3533 4042 3642 4097 ego

2059 4118 2336 4174 Julianum
2373 4115 2542 4172 fuisse
2567 4125 2774 4187 putent,
2821 4115 2913 4184 qui
2945 4113 3106 4168 matri
3138 4112 3390 4167 Basilina:
3416 4111 3641 4178 ejusque

2055 4201 2332 4256 memoriae
2377 4201 2428 4255 id
2484 4199 2717 4255 dederit.
2771 4197 2836 4251 'H
2865 4197 3107 4250 Βιθυνῶν
3138 4195 3370 4249 Βασινου
3401 4193 3558 4256 πόλις
3584 4193 3638 4246 in

2057 4283 2229 4353 Epist.
2263 4282 2473 4352 Synesii
2502 4281 2571 4335 66
2605 4297 2712 4335 non
2745 4280 2848 4334 alia
2880 4289 2984 4342 est,
3019 4287 3079 4332 ut
3104 4279 3234 4331 Abr.
3255 4275 3496 4334 Ortelius
3518 4276 3644 4344 jure

2057 4368 2365 4438 suspicatus
2395 4375 2500 4431 est,
2529 4365 2671 4420 forte
2693 4366 2857 4420 etiam
2890 4378 2956 4418 ex
3010 4360 3406 4415 animadversis
3452 4373 3642 4413 cmen-

2058 4452 2235 4508 danda
2272 4467 2286 4504 :
2325 4448 2737 4517 Basilinopolim
2783 4447 2927 4501 enim
2970 4452 3288 4499 constanter
3344 4441 3638 4512 appellant,

2060 4534 2349 4592 Liberatus
2379 4533 2543 4590 etiam
2582 4531 2850 4586 Diaconus
2883 4528 3126 4583 Breuiar.
3169 4541 3220 4584 c.
3255 4527 3343 4580 i5.

2131 4618 2267 4674 Ibid.
2317 4617 2480 4683 Κίος.
2534 4615 2793 4671 Eamdem
2841 4627 2904 4667 ac
2940 4610 3254 4666 Prusiadem
3307 4621 3430 4664 esse
3481 4621 3643 4661 nemo

2063 4705 2318 4775 ignorat;
2369 4700 2473 4756 etsi
2516 4699 2662 4754 enim
2693 4697 2847 4753 -Cius
2892 4709 3035 4749 novo
3089 4707 3154 4746 eo
3209 4692 3432 4747 nomine
3482 4689 3645 4744 fuerit

2064 4772 2284 4854 donata,
2308 4785 2528 4856 pristini
2549 4799 2682 4839 usus
2708 4789 2973 4852 perpetuo
3000 4775 3221 4844 mansit,
3241 4789 3350 4846 qua
3372 4773 3440 4830 de
3469 4789 3526 4827 re
3540 4772 3644 4828 Ch.

2061 4873 2331 4931 Cellarius
2363 4869 2429 4925 G.
2453 4869 2518 4924 A.
2552 4877 2637 4934 in,
2660 4867 2692 4921 8
2722 4881 2774 4935 p.
2804 4863 2932 4918 285.

2139 4955 2272 5011 Ibid.
2311 4953 2609 5022 Ἀπάμεια.
2641 4949 2781 5006 Olim
2817 4947 3047 5018 Myrlea,
3077 4953 3139 5000 ut
3175 4952 3374 5015 praeter
3419 4948 3649 4996 citaturus

2067 5041 2266 5096 Suidas
2291 5038 2344 5092 in
2380 5033 2785 5106 Ἀσκληπιάδης
2817 5031 2995 5086 docet.
3045 5028 3327 5084 Coloniam
3379 5023 3549 5106 fuisse
3577 5035 3646 5076 ex

2066 5123 2242 5179 Plinio
2277 5121 2376 5189 Ep.
2421 5136 2474 5185 ι,
2641 5127 2697 5172 et
2734 5133 2796 5170 ex
2843 5115 3010 5168 Dione
3039 5113 3429 5183 Cbrysostomo
3490 5104 3644 5189 Orat.

2068 5223 2178 5275 xu,
2205 5223 2258 5277 p.
2298 5185 2397 5260 ξέοι
2441 5217 2712 5272 numaque
2735 5200 2898 5255 Thes.
2932 5197 3136 5252 Britau.
3170 5207 3302 5250 tom.
3338 5189 3402 5254 ll,
3433 5203 3488 5257 p.
3517 5185 3644 5277 264.

2070 5270 2235 5362 atque
2265 5289 2410 5345 haud
2436 5270 2660 5342 multum
2689 5283 2864 5338 Prusa
2894 5283 2960 5336 ad
2990 5281 3303 5362 Olympum,
3327 5288 3444 5362 qna-
3458 5280 3512 5362 ει
3531 5270 3649 5362 ejus

2068 5354 2248 5443 portu,
2267 5373 2312 5427 si
2333 5370 2551 5440 quidem
2583 5368 2728 5423 nullo
2747 5367 2856 5422 alio
2883 5373 3089 5436 posset,
3125 5361 3200 5414 uti
3227 5357 3458 5443 solebat,
3481 5354 3650 5409 fuisse

2069 5440 2397 5525 disjunctam
2443 5468 2509 5508 ex
2541 5451 2778 5520 ejusdem
2817 5445 3198 5520 Chrysostomi
3261 5440 3416 5525 Orat.
3449 5453 3556 5525 ξι,
3589 5452 3644 5504 p.

2068 5522 2180 5598 293
2222 5539 2498 5595 novimus.
2553 5536 2705 5592 Adde
2745 5551 2799 5607 p.
2857 5533 2962 5588 492
3019 5538 3074 5586 et
3130 5541 3253 5598 qum
3301 5523 3375 5579 ibi
3436 5522 3649 5577 Casau-

2069 5628 2266 5683 bonus.

2141 5707 2279 5764 ibid.
2313 5707 2579 5778 Προῦσα.
2623 5701 2832 5758 Plinius
2861 5699 2960 5753 lib.
2998 5695 3036 5752 l.
3068 5712 3124 5762 ν,
3162 5709 3214 5750 c.
3247 5692 3374 5756 ult.,
3420 5690 3648 5745 Prusam

2073 5797 2175 5853 sub
2198 5795 2433 5866 Olympo
2463 5793 2532 5848 ab
2557 5788 2826 5844 Annibale
2853 5783 3129 5840 conditam
3161 5779 3446 5866 professus
3463 5788 3650 5866 repre-

2077 5860 2401 5940 hcnsiohcm
2434 5873 2692 5935 Salmasii
2721 5873 2775 5929 in
2808 5870 3052 5930 Solinum
3081 5881 3138 5940 ι).
3166 5863 3292 5933 616,
3336 5860 3556 5920 Ccllarii
3577 5860 3642 5918 ς.
