4170 6438
535 385 674 450 1117

532 505 598 558 Δ.
630 501 758 566 ιιι,8
779 518 830 570 p.
850 501 955 557 585
990 500 1341 556 commeritus
1371 508 1476 566 est,
1502 501 1640 554 haud
1659 500 1773 555 scio
1795 514 1864 553 an
1900 497 2121 568 injuria;

537 588 636 640 nisi
666 586 810 638 enim
840 585 1018 649 fallor,
1050 574 1155 638 Dio
1187 583 1262 637 illi
1307 583 1744 652 patrocinabitur
1782 581 1934 637 Orat.
1990 597 2120 636 xLIIt

535 689 588 740 p.
624 672 682 726 5|
701 671 748 724 1.
781 667 852 722 Εὖ
880 671 987 740 γὰρ
1016 669 1150 734 ἴστε,
1178 669 1248 721 ait
1281 667 1664 731 Prnsensibus,
1690 668 1773 720 ὅτι
1807 670 1869 722 οὐ
1891 668 2122 739 μεγίστη

535 756 645 806 τῶν
695 754 905 807 πόλεων
964 753 1118 818 οὖσα,
1138 751 1258 803 οὐδὲ
1291 751 1544 803 πλεῖστον
1581 751 1772 822 χρόνον
1800 751 2124 820 οἰκουμένη,

536 837 750 890 πολλῶν
808 836 1205 906 γνωριμωτέρα
1246 835 1384 893 ἐστί.
1449 834 1506 889 Si
1538 837 1684 889 enim
1719 835 1890 888 Prusa
1943 833 2126 888 Dionis

537 931 698 976 actate
763 921 1141 988 longissinmm
1212 930 1426 988 tempus
1475 935 1581 974 non
1639 918 1810 973 fuerit
1857 917 2123 980 habitata,

541 1007 728 1071 utique
761 1004 946 1055 verius
978 1001 1096 1070 ejus
1127 1002 1281 1070 origo
1321 1001 1589 1056 referetur
1625 1003 1690 1054 ad
1723 1001 1969 1055 Prusiam
2017 1000 2128 1053 An-

538 1088 732 1142 nibalis
766 1087 1028 1148 amicum,
1061 1100 1224 1155 quam
1257 1087 1323 1138 ad
1372 1085 1739 1155 antiquiorem
1779 1084 1944 1138 alium
1973 1102 1985 1138 :
2030 1084 2127 1138 Dio

537 1181 685 1223 certe
739 1169 781 1222 si
825 1169 951 1239 Cyri
1004 1177 1165 1222 astate
1229 1177 1564 1223 exstructam
1621 1175 1981 1230 autumasset,
2017 1182 2126 1221 non

536 1253 743 1307 inﬁtias
801 1253 988 1306 ivisset
1047 1250 1300 1304 πλεῖστον
1357 1251 1552 1321 χρόνον
1604 1251 1772 1304 fuisse
1822 1247 2024 1304 cultam
2073 1259 2129 1304 et

535 1337 750 1391 civibus
810 1335 1232 1404 frequentatam.
1275 1335 1402 1388 Abit
1443 1334 1640 1389 Strabo
1700 1347 1800 1396 IIII,
1852 1347 1905 1401 p.
1938 1331 2040 1386 565
2072 1332 2125 1386 in

536 1420 640 1473 alia
679 1418 862 1475 omnia
906 1427 960 1471 et
991 1431 1021 1470 a
1069 1416 1257 1472 Prusia
1286 1457 1302 1484 ,
1344 1417 1430 1471 cui
1480 1416 1685 1471 bellum
1747 1431 1870 1470 cum
1935 1415 2129 1470 Crmso

537 1504 660 1564 fuit,
693 1513 806 1567 aut,
839 1503 914 1555 uti
949 1497 1264 1569 Stephanus
1283 1499 1428 1570 legit,
1456 1515 1579 1554 cum
1612 1499 1777 1569 Cyro,
1831 1497 2126 1553 excitatam

533 1591 765 1644 a‘lirmat
798 1607 811 1641 :
865 1587 1008 1656 quod
1038 1593 1246 1640 tantum
1282 1585 1484 1638 indicio
1514 1594 1598 1638 est
1635 1585 1702 1637 de
1742 1583 1892 1638 urbis
1917 1583 2130 1652 origine

533 1675 802 1727 variatum
843 1671 1010 1724 fuisse
1037 1669 1342 1724 sententiis.
1374 1667 1513 1734 Quin
1559 1667 1601 1719 si
1631 1664 1886 1720 Palmerii
1919 1668 2130 1734 Opinio-

535 1772 658 1810 nem
681 1755 925 1823 sequaris
945 1761 1108 1821 atquc
1136 1751 1188 1804 in
1207 1749 1475 1804 Strabone
1498 1757 1553 1802 et
1575 1749 1852 1817 Stephano
1877 1747 1972 1802 τοῦ
1991 1749 2130 1820 πρὸς

537 1838 740 1908 Κίερον
781 1835 1196 1904 πολεμήσαντος
1236 1831 1402 1901 legas,
1448 1829 1705 1886 Straboni
1736 1840 1790 1886 et
1811 1830 1984 1885 Plinio
2031 1838 2129 1900 δβ-

539 1922 671 1974 time
711 1918 997 1974 conveniet
1028 1934 1044 1976 :
1074 1915 1296 1969 Prusias
1326 1913 1471 1968 enim
1503 1913 1760 1977 Claudus,
1812 1928 1972 1982 quem
2003 1913 2128 1968 Cie-

537 2019 658 2058 rum
693 2013 988 2071 occupasse
1041 2009 1096 2053 et
1146 1997 1464 2068 Prusiadem
1526 1996 1826 2064 appellasse
1877 1995 2126 2051 Memnon

537 2104 590 2142 c.
620 2102 748 2140 xxtx
777 2082 1031 2154 prodidit,
1064 2079 1419 2135 Hannibalem
1447 2079 1682 2149 hospitio
1702 2079 1938 2148 excepit.
1996 2078 2051 2132 Id
2079 2079 2126 2133 si

538 2175 702 2236 nolis,
731 2182 790 2225 ut
811 2183 910 2237 ego
941 2181 1074 2223 sane
1103 2180 1360 2234 sprevero
1392 2183 1406 2220 :
1443 2180 1620 2233 neque
1649 2165 1795 2219 enim
1855 2164 2128 2220 credibile

540 2268 622 2311 est
659 2254 1024 2326 geographum
1056 2250 1304 2304 Prusiam
1342 2249 1560 2318 signare
1583 2257 1638 2302 et
1663 2248 1731 2300 ab
1759 2247 1882 2301 aliis
1910 2247 2124 2303 discer-

540 2357 670 2394 nere
699 2354 766 2392 ex
793 2338 933 2392 bello
970 2349 1091 2389 cum
1129 2331 1350 2402 ignobili
1380 2331 1599 2398 oppido,
1635 2340 1688 2385 et
1713 2332 1858 2400 quod
1897 2331 1950 2385 in
1989 2332 2128 2386 alte-

540 2425 655 2477 rius
681 2423 888 2476 ditione
922 2427 1062 2480 erat,
1106 2415 1373 2483 cujusque
1399 2429 1666 2482 nusquam
1705 2421 1966 2481 praeterea
2009 2429 2130 2470 me-

539 2507 719 2568 minit,
753 2513 922 2574 gesto,
954 2499 1210 2554 voluisse.
1237 2496 1352 2552 IIuc
1373 2496 1508 2551 adde
1531 2512 1562 2551 a
1589 2496 1858 2552 Strabone
1879 2498 2124 2553 Prusiam

537 2591 633 2660 qui
667 2588 804 2644 bello
829 2586 1078 2641 Croesum
1119 2580 1470 2652 oppugnavit,
1496 2580 1836 2651 apertissime
1863 2582 2126 2653 distingui

539 2675 695 2728 abeo
727 2671 917 2725 Prusia
951 2667 1043 2737 qui
1103 2662 1458 2718 Hannibalem
1520 2663 1756 2718 amicitia
1811 2664 2129 2734 complexus

540 2771 624 2816 est
659 2775 674 2824 ;
732 2773 760 2811 a
793 2769 901 2826 quo
937 2754 1186 2808 diversus
1219 2763 1324 2802 non
1357 2748 1484 2810 erit,
1549 2747 1594 2801 si
1631 2747 1732 2801 viri
1770 2748 1911 2802 docti
1942 2738 2129 2818 conje-

541 2854 699 2900 ctnra
735 2840 937 2894 valeat.
966 2839 1036 2890 At
1065 2833 1193 2888 nulli
1222 2847 1376 2902 reges
1409 2829 1680 2901 Bithynia:
1709 2831 1884 2888 Croesi
1911 2833 2130 2890 fuerunt

541 2936 830 2995 tempore:
871 2927 1052 2975 tacent
1117 2917 1264 2972 enim
1335 2914 1640 2968 Ilerodotus
1686 2922 1741 2968 et
1799 2913 2128 2988 Xenophon.

541 3013 784 3078 Quorum
832 3005 1112 3061 silentium
1154 3000 1256 3056 etsi
1295 3013 1554 3068 agnosco,
1591 3012 1785 3054 vereor
1836 3007 2014 3056 tamen
2069 3012 2129 3058 ut

544 3103 695 3148 recte
732 3090 855 3145 inde
881 3096 1104 3158 cogatur
1128 3084 1305 3139 nullos
1333 3082 1581 3152 Bithynis
1607 3081 1774 3137 fuisse
1801 3090 1914 3138 tum
1939 3100 2125 3154 reges:

540 3193 668 3234 nam
699 3190 818 3244 qua:
849 3172 1098 3227 Memnon
1127 3184 1284 3224 c.xxI
1309 3166 1378 3222 de
1410 3164 1643 3237 Dydalso
1663 3165 1914 3222 etBotira
1939 3168 2126 3234 refert,

541 3277 604 3315 ea
649 3250 778 3312 mihi
825 3257 891 3310 ad
945 3250 1325 3322 Xenophontis
1377 3257 1594 3304 (etatem
1648 3250 1944 3305 escendere
1970 3266 2129 3320 posse

546 3342 834 3404 videntur;
880 3349 933 3393 et
990 3351 1114 3390 cum
1171 3333 1378 3403 primos
1432 3333 1609 3402 gentis
1637 3345 1732 3386 eos
1766 3347 1922 3402 rcges
1960 3332 2130 3391 fuisse

543 3442 650 3480 non
678 3430 911 3485 constet,
947 3419 1074 3488 quid
1098 3425 1242 3472 vetat
1262 3417 1400 3470 alios
1429 3416 1535 3470 illis
1559 3415 1769 3484 priores
1800 3415 2131 3474 admittere?

541 3509 723 3578 Atque
776 3505 864 3560 his
919 3501 1196 3559 ﬁrmandis
1223 3500 1530 3568 Appianum
1581 3497 1887 3552 Mithridat.
1922 3515 1976 3570 p.
2023 3501 2130 3557 297

541 3595 890 3656 advocarem,
933 3585 1037 3640 nisi
1077 3583 1398 3651 ampliorem
1433 3584 1503 3649 is,
1539 3582 1608 3636 ab
1641 3581 1828 3636 eodem
1859 3581 2131 3642 Palmerio

540 3674 784 3732 Exercit.
820 3688 876 3743 p.
910 3667 1010 3724 156
1037 3667 1090 3722 in
1113 3665 1277 3720 aliam
1311 3665 1538 3719 formam
1581 3673 1842 3732 mutatus,
1877 3681 2130 3738 campum

541 3757 865 3830 postularet.
900 3753 1084 3829 Itaque
1113 3746 1846 3830 praestiteritidiscrepantes
1870 3748 2026 3805 Plinii
2074 3761 2132 3807 et

541 3829 831 3897 Strabonis
861 3839 927 3893 de
957 3835 1143 3892 Prusae
1191 3831 1348 3889 initio
1373 3829 1660 3900 opiniones
1691 3840 1744 3886 et
1775 3833 1878 3888 sibi
1911 3842 2129 3890 contra-

540 3925 650 3982 rias
675 3924 842 3978 fuisse
874 3920 1139 3991 proﬁteri.

610 4007 731 4063 Col.
759 4005 879 4060 149.
897 4001 1242 4070 Καισάρεια.
1261 4001 1320 4056 III
1342 3995 1463 4052 Vita
1486 3997 1686 4053 Niceta:
1709 3997 2003 4070 Hegumeni
2023 4019 2075 4058 c.
2100 4006 2125 4062 1

539 4090 852 4158 Καισάρεια
886 4086 985 4155 τῆς
1013 4082 1288 4144 Βιθυνίας.
1321 4079 1461 4136 Urbs
1490 4080 1632 4135 haud
1682 4097 1874 4152 magna
1925 4096 2044 4140 erat
2075 4088 2127 4142 in

542 4173 728 4228 Prusae
752 4170 971 4222 vicinia.
995 4167 1090 4220 Dio
1111 4168 1541 4235 Cltrysostomus
1565 4162 1721 4221 Orat.
1750 4182 1897 4223 xLVII
1931 4185 1986 4239 p.
2023 4173 2128 4228 5'26

542 4265 826 4325 postquam
858 4252 925 4307 de
955 4249 1474 4304 Nicomediensibus
1509 4258 1563 4301 et
1595 4247 1828 4304 Nicmnis
1861 4269 1967 4306 non
1988 4258 2128 4309 mul-

544 4349 658 4393 tum
692 4337 858 4392 Prusa
876 4334 1162 4402 disiunctis
1176 4333 1422 4396 dixisset,
1441 4332 1568 4392 τοὺς
1587 4333 1906 4404 Καισαρεῖς,
1931 4337 2126 4408 inquit,

537 4419 762 4484 τούτους
784 4420 1026 4487 εὐγενεῖς
1058 4417 1156 4488 μὲν
1183 4414 1507 4486 ἀνθρώπους
1541 4415 1634 4468 καὶ
1682 4417 1887 4490 σφόδρα
1927 4422 2128 4493 Ἕλλη..

541 4523 662 4571 νας,
690 4503 826 4557 πολὺ
854 4503 909 4556 δὲ
934 4499 1270 4572 μικροτέραν
1299 4499 1582 4561 οἰκοῦντας
1605 4499 1779 4554 πόλιν.

616 4585 752 4640 Ibid.
799 4584 1226 4650 Ἀπολλωνιάς.
1263 4580 1453 4637 Scribe
1484 4583 1840 4640 Ἀπολλωνία.
1875 4583 2130 4656 Intelligi-

542 4684 632 4728 tur
660 4671 818 4740 lmjus
865 4670 1100 4725 nominis
1152 4668 1284 4723 urbs
1309 4672 1372 4722 ad
1399 4665 1780 4738 Rhyndacum,
1805 4685 1924 4738 qua:
1952 4672 2004 4725 in
2050 4675 2128 4726 la.

539 4757 666 4828 pide
697 4755 876 4819 LVIII,
905 4769 1064 4825 quem
1100 4751 1328 4822 Prwfat.
1374 4752 1610 4821 Appcnd.
1645 4751 1986 4819 Inscription.
2014 4755 2128 4810 Gn-

541 4842 690 4896 dian.
715 4839 809 4894 Fr.
843 4837 1120 4894 Hesselius
1152 4837 1412 4907 vulgavit,
1439 4837 1472 4906 ἡ
1515 4835 1961 4892 Ἀπολλωνιατῶν
1992 4841 2130 4912 πρὸς

541 4925 636 4980 τὸν
678 4922 972 4978 Ῥυνδακὸν
1021 4921 1174 4984 πόλις
1226 4920 1444 4976 dicitur.
1505 4918 1653 4973 Adde
1687 4918 2039 4977 Plutarchum
2074 4928 2126 4980 in

540 5008 764 5066 Lucullo
793 5023 846 5076 p.
870 5007 974 5063 498
997 5003 1400 5061 ctTournel‘ort
1433 5000 1609 5073 Epist.
1647 5019 1757 5057 xxn
1781 5021 1829 5071 p.
1863 5004 1987 5060 192.
2020 5006 2121 5062 Est

542 5096 596 5149 in
635 5093 869 5148 concilio
911 5091 1323 5157 Constantinop.
1380 5087 1541 5141 tertio
1571 5101 1624 5153 p.
1661 5084 1768 5140 502
1805 5086 2128 5146 Anastasius

540 5178 830 5247 cpiscopus
881 5172 1252 5229 Θεοτοκιανῶν
1285 5171 1495 5234 πόλεως
1535 5169 1656 5242 ἦτοι
1695 5170 2126 5238 Ἀπολλωνιάδος

538 5265 642 5332 τῆς
669 5262 912 5316 Βιθυνῶν
966 5259 1258 5330 ἐπαρχίας,
1289 5261 1378 5324 qui
1412 5256 1690 5325 vulgatum
1721 5257 1886 5312 etiam
1931 5259 1983 5312 in
2025 5276 2124 5315 usu

541 5347 710 5400 fuisse
745 5352 992 5399 testatur.
1048 5343 1204 5397 Adde
1257 5339 1530 5394 Niczenum
1571 5341 1864 5395 secundum
1909 5357 1962 5411 p.
1996 5343 2125 5400 355.

611 5427 748 5483 Ibid.
803 5426 1170 5482 Δασκύλιον.
1224 5423 1482 5493 Dascylos
1517 5422 1668 5478 Mela:
1699 5441 1738 5491 I,
1783 5422 1870 5489 18,
1915 5427 2128 5483 caeteris

541 5526 665 5567 cum
698 5520 884 5566 nostro
919 5508 1032 5564 fere
1063 5505 1558 5563 consentientibus.
1591 5509 1631 5560 A
1674 5507 1899 5578 Dascyle
1926 5509 2126 5565 dictam

541 5594 729 5651 volunt
758 5594 1021 5664 plerique,
1045 5607 1074 5645 a
1097 5592 1198 5646 loci
1224 5590 1440 5658 ingenio
1470 5591 1542 5644 Is.
1575 5591 1797 5645 Vossius
1813 5593 1880 5644 ad
1905 5591 2122 5656 Melam,

543 5693 704 5747 quem
723 5677 863 5732 vide.
897 5675 1138 5746 Dascylze
1161 5684 1374 5729 servata
1406 5675 1664 5728 memoria
1695 5684 1799 5739 est,
1823 5685 1880 5730 ιιι
1905 5673 2132 5730 Ilolstei-

546 5759 670 5812 nius
711 5758 1012 5822 admonuit,
1068 5758 1121 5813 in
1168 5757 1344 5827 epigr.
1401 5755 1696 5811 Alexandri
1745 5755 1936 5823 IEtoli,
1987 5759 2129 5826 quod

551 5837 719 5894 multo
774 5843 1070 5897 correctius
1125 5855 1285 5912 quam
1314 5840 1454 5911 apud
1493 5837 1840 5895 Plutarchum
1895 5840 2128 5910 legitur,

1598 350 1982 448 ADDENDA.
2029 412 2096 421 —
2133 387 2200 449 P.
2239 386 2755 448 WESSELINGII

3681 387 3822 450 IIIS

2241 495 2540 551 Salmasius
2583 497 2634 550 in
2677 496 2921 550 Solinum
2957 512 3007 564 p.
3046 496 3154 552 580
3203 497 3458 566 vulgavit.
3517 495 3609 551 Sic
3671 502 3822 554 enim

2235 580 2519 635 Alcman.:
2548 581 2656 632 Καὶ
2686 580 2907 642 Μούσας
2943 581 3106 650 ἐδάην
3153 580 3521 645 Ἑλικωνίδας,
3555 582 3616 635 αἶ
3637 601 3705 653 με
3724 603 3828 638 zu-

2239 664 2446 734 ράννων
2485 663 2662 732 θῆκαν
2693 663 2985 717 Δασκύλεω
3040 664 3265 733 μείζονα
3303 667 3396 718 καὶ¹
3441 665 3649 734 Γύγεω.
3706 669 3832 721 Erit

2237 757 2414 802 tamen
2475 747 2717 818 Dascylae
2771 749 2974 802 mentio
3009 748 3096 802 hic
3123 749 3485 814 incommoda,
3529 751 3573 804 si
3635 751 3824 804 valeat

2237 830 2596 885 eruditissimi
2625 830 2852 884 Bentleii
2876 831 3279 887 animadversio
3315 833 3366 885 in
3391 831 3598 886 Horatii
3628 835 3729 886 0d.
3759 850 3828 898 ιι,

2232 912 2304 967 47
2335 929 2349 966 :
2389 926 2564 981 neque
2589 913 2733 968 enim
2761 922 3051 985 tyrannum
3079 914 3367 984 Dascylen,
3402 914 3566 984 Gygis
3585 924 3827 984 patrem,

2235 995 2423 1062 fuisse,
2483 997 2577 1052 sed
2625 998 2922 1066 privatum,
2985 1008 3398 1068 proptereaque,
3455 1001 3556 1053 nisi
3611 1001 3830 1053 auctori

2236 1079 2414 1149 potius
2441 1094 2685 1136 errorem
2707 1096 2869 1150 quam
2893 1081 3134 1135 librariis
3157 1082 3448 1152 impingas,
3489 1081 3833 1134 Κανδαύλεω

2235 1163 2540 1233 scripsisse,
2575 1175 2723 1222 certe
2776 1164 3022 1220 scribere
3055 1163 3330 1219 debuisse.
3365 1167 3432 1217 At
3466 1165 3593 1233 quid
3625 1165 3669 1218 si
3699 1165 3833 1219 Ale-

2237 1249 2446 1302 xander
2473 1265 2577 1304 non
2609 1249 2774 1303 fuerit
2802 1256 3024 1304 secutus
3048 1247 3308 1302 Herodoti
3357 1248 3423 1300 de
3454 1247 3604 1318 Gyge
3630 1263 3833 1300 narra-

2239 1330 2458 1398 tionem,
2512 1332 2604 1388 sed
2666 1331 2939 1386 Plutarchi
2975 1331 3027 1386 in
3066 1329 3447 1402 Ἑλληνικοίςῖ
3475 1346 3596 1399 qua:
3637 1331 3832 1399 utique

2237 1421 2499 1488 majorem
2531 1423 2642 1476 veri
2669 1423 2917 1476 umbram
2950 1437 3062 1490 praa
3099 1436 3161 1476 se
3197 1421 3322 1477 fert.
3373 1421 3514 1487 Quid
3571 1421 3617 1474 si
3649 1421 3824 1474 etiam

2236 1504 2402 1558 alium
2438 1505 2716 1576 Dascylem
2762 1519 2826 1559 ac
2857 1503 3024 1575 Gygis
3056 1514 3264 1574 patrem
3303 1503 3674 1566 spectaverit?
3719 1501 3833 1555 Da-

2237 1588 2424 1659 scylen
2464 1585 2741 1650 Periaudi,
2775 1603 2803 1640 a
2825 1602 2934 1656 quo
2951 1585 3258 1658 Dascylium
3289 1584 3450 1640 fuerit
3473 1585 3831 1654 appellatum,

2239 1681 2500 1725 memorat
2541 1670 2874 1740 Stephanus,
2917 1679 3080 1738 atque
3125 1669 3368 1739 ejusdem
3411 1667 3644 1723 nominis
3677 1666 3832 1720 Tan-

2241 1752 2329 1807 tall
2357 1753 2524 1808 ﬁlium
2545 1755 2866 1809 scholiastes
2895 1753 3160 1822 Apollonii
3199 1769 3260 1817 ιι,
3297 1752 3404 1805 725
3433 1761 3486 1807 et
3514 1752 3642 1805 754.

2307 1835 2444 1892 Ibid.
2495 1836 2947 1906 Νεοκαισὰρεια.
2999 1834 3128 1904 Ejus
3177 1835 3377 1903 praesul
3406 1834 3828 1901 Constantinop.

2240 1919 2400 1973 tertio
2441 1934 2494 1989 p.
2527 1919 2630 1974 668
2663 1918 3088 1990 Νεοκαισαρέων
3127 1919 3227 1988 τῆς
3256 1916 3514 1980 Βιθυνίας
3569 1923 3825 1970 vocatur.

2237 2000 2424 2057 Ariste
2455 2004 2713 2073 deinceps
2747 2004 2894 2059 dicta
2938 2011 3044 2070 est,
3075 2011 3133 2058 ut
3176 2002 3310 2057 Acta
3362 2000 3566 2056 Μοίριιί
3595 2000 3829 2056 secundi

2239 2101 2293 2155 p.
2325 2085 2431 2140 555
2459 2086 2709 2140 innuunt.
3539 2145 3542 2149 _

2307 2167 2442 2224 Ibid.
2485 2167 2803 2237 Ἀδριανοί.
2847 2165 3060 2222 Nummi
3091 2166 3390 2236 ’Δδριανῶν
3428 2166 3568 2236 πρὸς
3601 2165 3831 2234 Ὄλυμ-

2238 2268 2338 2305 πον
2397 2251 2588 2306 urbem
2645 2251 2876 2322 Olympo
2932 2250 3101 2304 monti
3145 2250 3420 2305 assedisse
3482 2251 3826 2313 ostendunt;

2236 2350 2398 2404 quam
2445 2335 2702 2390 Aristidis
2751 2333 2984 2404 patriam
3053 2347 3248 2404 magna
3297 2334 3573 2402 diligentia
3613 2336 3831 2387 exami-

2238 2418 2407 2480 navit,
2463 2429 2707 2472 veterum
2760 2418 3087 2488 scriptorum
3115 2418 3250 2472 locis
3279 2419 3330 2471 in
3370 2419 3659 2474 consilium
3695 2420 3834 2473 mis-

2235 2499 2334 2563 sis,
2363 2497 2448 2553 Jo.
2484 2497 2724 2555 Masson.
2765 2499 2870 2553 Vit.
2907 2498 3161 2554 Aristidis
3195 2516 3278 2565 III,
3301 2502 3459 2556 5etc.
3482 2499 3674 2570 Oppidi
3708 2501 3832 2568 epi-

2235 2599 2435 2652 scopus
2464 2583 2799 2654 Nicephorus
2829 2598 2970 2652 saepe
3007 2584 3056 2637 in
3097 2582 3316 2638 Nil-aeno
3340 2585 3582 2639 secundo
3609 2584 3828 2647 πόλεως

2237 2665 2552 2736 Ἀδρανοῢς,
2591 2676 2648 2718 ιιι
2675 2681 2728 2733 p.
2754 2666 2816 2719 51
2846 2677 2902 2720 et
2949 2666 3077 2733 572,
3132 2667 3350 2730 dicitur,
3414 2670 3613 2723 ι-ιειιυδ
3655 2667 3828 2720 DaVId

2235 2747 2533 2818 Ἀδριανῶν
2564 2747 2819 2802 Chalcetl.
2848 2756 2978 2802 tom.
3018 2747 3110 2813 IX,
3146 2765 3203 2820 p.
3234 2750 3356 2804 176.

2306 2831 2442 2886 Ibid.
2487 2831 2912 2902 Ῥεγετατὰϊος.
2949 2832 3099 2886 lIanc
3117 2844 3171 2886 et
3191 2849 3312 2902 qua:
3333 2837 3586 2904 sequitur
3627 2837 3824 2905 Ῥεγέ-

2236 2915 2402 2986 δωρις
2433 2914 2511 2985 (id
2544 2917 2690 2969 enim
2722 2930 2906 2969 verum
2940 2929 3137 2969 nomen
3168 2918 3384 2986 opiner)
3409 2919 3474 2972 ad
3526 2918 3656 2973 Itin.
3688 2919 3826 2974 His-

2238 3016 2344 3054 ros.
2404 3015 2458 3069 p.
2491 2998 2596 3054 573
2627 3000 2838 3053 abunde
2877 2999 3288 3055 illustravimus.
3343 3000 3536 3056 Restat
3594 3013 3650 3057 ut
3690 3007 3826 3073 quid

2241 3083 2367 3154 ρεγέ
2392 3083 2523 3138 velit
2551 3098 2880 3153 quaeramus.
2919 3081 3162 3152 Utraque
3193 3086 3398 3139 mansio
3427 3086 3480 3140 in
3510 3086 3546 3140 I.
3585 3088 3685 3143 119
3716 3089 3823 3144 Th.

2239 3167 2305 3222 de
2336 3166 2653 3230 Decurion"
2683 3167 2852 3223 altera
2880 3170 3102 3222 mutatio
3150 3170 3425 3224 itinerario
3463 3169 3538 3226 Η.
3572 3171 3772 3227 dicitur
3804 3193 3824 3227 :

2239 3251 2382 3306 unde
2409 3250 2635 3319 colligas
2681 3251 2914 3308 nominis
2947 3252 3466 3324 utriusqueinitinin
3485 3255 3824 3312 mansionem

2237 3336 2486 3392 vicumve
2517 3345 2726 3390 notare.
2792 3335 2947 3403 Quod
2995 3337 3194 3394 clarius
3246 3339 3471 3406 patebit,
3502 3340 3547 3393 si
3594 3355 3714 3396 eam
3757 3357 3823 3395 ex

2241 3420 2452 3492 ῥεγεὼν
2474 3421 2853 3476 detruncatam
2880 3421 3356 3488 animadverteris,
3381 3438 3485 3493 qua
3523 3438 3652 3478 voce
3672 3424 3827 3479 vicos

2237 3515 2293 3561 et
2326 3503 2466 3566 loca,
2486 3518 2609 3573 quae
2639 3503 2772 3559 urbe
2799 3513 2926 3558 sunt
2957 3505 3168 3559 minora
3202 3512 3365 3574 atque
3413 3505 3672 3561 inferiora
3709 3507 3822 3561 No-

2239 3588 2392 3652 titiae,
2425 3595 2483 3641 ut
2505 3587 2593 3641 illa
2623 3584 2741 3642 Jac.
2769 3585 2930 3642 Goari
2967 3602 3020 3657 p.
3051 3587 3180 3654 565,
3204 3589 3418 3655 signare
3442 3589 3638 3645 solent.
3670 3590 3819 3646 Idem

2239 3672 2374 3726 citra
2405 3669 2630 3724 dubium
2677 3668 2834 3724 faciet
2869 3670 3192 3726 Anastasius
3232 3673 3426 3738 praesul
3455 3673 3728 3737 Nicaenus,
3765 3675 3820 3728 in

2239 3753 2565 3809 Chalcedon.
2617 3752 2847 3808 concilio
2881 3761 3013 3807 tom.
3055 3751 3151 3818 IX,
3205 3769 3258 3821 p.
3286 3754 3357 3809 98
3403 3755 3472 3810 de
3511 3755 3726 3810 'I‘attaio
3765 3765 3825 3810 et

2240 3836 2437 3892 Doride
2461 3837 2574 3890 haec
2599 3837 2843 3904 profatus
2864 3855 2880 3890 :
2913 3836 3126 3906 Ὥσπερ
3143 3837 3409 3900 Ταττάῖος
3428 3839 3522 3892 κα)⁸
3539 3838 3716 3910 Δωρὶς
3733 3843 3822 3908 ρε-

2239 3920 2447 3989 γεῶνές
2481 3921 2620 3972 εἰσιν
2651 3918 2755 3972 ὑπὸ
2783 3917 2880 3988 τὴν
2913 3918 3172 3984 Νίκαιαν,
3214 3919 3386 3984 οὕτως
3406 3917 3473 3992 ἦν
3503 3923 3609 3990 πρὸ
3630 3921 3819 3976 τούτου

2239 4005 2335 4058 καὶ
2392 4001 2835 4066 Βασιλινούπολις
2903 4001 3010 4055 ὑπὸ
3063 4001 3162 4073 τὴν
3217 4003 3473 4060 Νίκαιαν.
3524 4003 3822 4073 Utramque

2239 4087 2484 4160 ρεγεῶνα
2516 4088 2630 4142 sive
2656 4087 2833 4141 vicum
2864 4096 3180 4154 nuncupat;
3215 4097 3270 4142 et
3299 4103 3421 4143 cum
3465 4089 3651 4158 paullo
3699 4099 3823 4159 post

2240 4175 2306 4228 de
2338 4169 2682 4238 Basilinopoli
2733 4170 2888 4240 καὶῆ
2929 4169 3202 4241 πρότερον
3269 4171 3409 4225 οὖσα
3444 4171 3676 4244 ρεγεὼν,
3721 4175 3820 4239 ait,

2239 4255 2401 4310 πάλιν
2460 4253 2598 4324 μετὰ
2625 4253 2800 4308 ταῦτα
2829 4253 3049 4321 ἐγένετο
3076 4255 3259 4321 πόλις,
3285 4257 3628 4324 apertissime
3653 4258 3824 4328 signi-

2238 4339 2366 4393 ﬁcat
2391 4354 2455 4391 eo
2481 4353 2542 4393 se
2587 4337 2852 4391 vocabulo
2880 4337 3058 4392 locum
3091 4338 3242 4392 urbis
3269 4340 3624 4408 amplitudine
3649 4351 3706 4396 et
3737 4342 3825 4396 di-

2237 4423 2445 4494 gnitate
2476 4421 2644 4475 multo
2677 4421 2941 4475 minorem
2985 4421 3309 4491 intelligere.
3342 4422 3505 4478 Dictae
3527 4439 3707 4479 autem
3746 4441 3826 4480 rc-

2239 4509 2428 4577 giones
2479 4504 2673 4559 Nicaea:
2716 4504 2987 4570 videntur,
3043 4505 3186 4574 quo'd
3248 4505 3364 4573 ejus
3413 4508 3822 4576 magistratibus

2240 4591 2413 4658 ibijus
2440 4589 2650 4645 dicendi
2677 4599 2730 4644 et
2756 4591 3042 4645 coercendi
3064 4600 3210 4646 esset
3245 4591 3518 4647 facultas:
3558 4591 3822 4660 Regiones

2237 4675 2486 4737 dicimus,
2515 4671 2734 4726 Siculus
2781 4671 3010 4726 Flaccus
3065 4675 3134 4728 de
3185 4676 3317 4743 Agr.
3351 4675 3652 4728 condition.
3692 4691 3743 4744 p.
3791 4677 3815 4728 1

2239 4757 2432 4826 inquit,
2480 4756 2622 4808 intra
2654 4770 2881 4825 quarunt
2923 4754 3057 4821 ﬁnes
3107 4757 3439 4826 singularum
3488 4756 3819 4810 coloniarum

2237 4852 2328 4906 aut
2359 4827 2767 4908 municipiorum
2801 4839 3202 4908 magistratibus
3258 4841 3351 4909 jus
3381 4842 3614 4896 Idiceudi
3671 4858 3823 4897 coer-

2238 4925 2492 4994 cendique
2519 4919 2597 4977 est
2623 4923 2787 4976 libera
2820 4931 3050 4990 potestas

2310 5007 2446 5062 Ibid.
2511 5006 2808 5074 Ἐπαρχια
2847 5005 3228 5073 Ὀνωριάδος.
3287 5004 3451 5062 Facta
3512 5008 3625 5062 haec
3681 5018 3737 5061 ct
3790 5026 3819 5062 a

2237 5089 2488 5161 Bithynia
2514 5088 2753 5142 abscissa
2777 5097 2861 5142 est
2897 5091 3172 5157 provincia
3200 5106 3227 5141 a
3261 5089 3564 5144 Theodosio
3583 5094 3824 5147 secundo

2237 5174 2667 5242 cognomineque
2701 5171 2877 5240 patrui
2917 5171 3035 5240 ejus
3065 5173 3287 5228 donata.
3322 5171 3408 5228 Jo.
3441 5173 3631 5226 Malala
3683 5186 3820 5228 tom.

2236 5255 2300 5319 ll,
2328 5271 2379 5323 υ.
2409 5255 2478 5310 69
2513 5271 2528 5308 :
2576 5253 2835 5322 Ἐποίησε
2878 5253 2936 5305 δὲ
2961 5254 3056 5308 καὶ
3097 5254 3265 5330 ἄλλην
3288 5257 3582 5327 ἐπαρχίαν,
3610 5261 3824 5326 ἀπομε-

2239 5339 2396 5410 ρίσας
2424 5337 2533 5392 ἀπὸ
2553 5338 2650 5408 τῆς
2675 5337 2952 5401 Βιθυνίας,
2978 5337 3172 5408 ἥντινα
3200 5339 3460 5392 ἐκάλεσεν
3497 5341 3821 5412 Ὀνωριάδα,

2237 5424 2317 5484 εἰς
2347 5422 2518 5492 ὄνομα
2567 5422 2660 5475 τοῦ
2703 5420 2869 5474 αὑτοῦ
2924 5420 3072 5473 θείου
3102 5421 3388 5492 ὐνωρίου,
3441 5423 3564 5486 δοὺς
3611 5425 3827 5479 δίκαιον

2241 5505 2631 5576 μητροπόλεως
2680 5503 2774 5558 καὶ
2830 5503 3070 5574 ἄρχοντα
3135 5504 3455 5578 Ἡρακλείᾳ,
3514 5507 3670 5560 πόλει
3719 5512 3824 5578 τῆς

2238 5588 2466 5641 Πόντου.
2511 5585 2612 5654 Qui
2652 5597 2829 5641 tamen
2887 5585 3114 5653 fallitur,
3158 5602 3281 5642 cum
3345 5587 3659 5644 Heracleam
3704 5605 3823 5645 me—

2241 5673 2472 5742 tropolin
2502 5681 2740 5726 creatam
2768 5670 3003 5725 afﬁrmat
3038 5687 3053 5728 ε
3095 5672 3335 5740 ea,enim
3365 5672 3632 5742 dignitate
3652 5673 3823 5728 Clau-

2239 5757 2469 5826 diopolis
2499 5756 2726 5826 insignis
2763 5754 2884 5817 fuit,
2914 5755 2989 5808 uti
3026 5753 3136 5810 Leo
3193 5757 3492 5826 imperator
3536 5759 3588 5812 in
3641 5757 3819 5827 Epist.

2247 5851 2373 5898 tom.
2408 5839 2478 5896 IX
2506 5841 2714 5899 Concil.
2749 5858 2800 5911 p.
2827 5839 2929 5897 9.67
2983 5848 3036 5896 et
3069 5837 3411 5900 Justinianus
3462 5841 3685 5900 Novella
3721 5842 3820 5913 29,
