4170 6424
317 389 456 450 1143

313 520 417 574 qua
447 502 771 558 Honoriadis
815 503 1020 560 abolito
1047 507 1263 563 nomine
1317 509 1602 566 Provincia
1643 511 1758 568 haec
1783 511 1886 568 Pa-

309 589 614 660 phlagonia:
641 590 923 646 actissime
955 595 1320 661 connectitur,
1353 596 1680 652 docuerunt.

378 672 496 730 Col.
528 674 653 729 “9.
700 674 1171 744 Κλαυδιὸπολις.
1197 677 1459 750 Bithynia:
1474 681 1674 750 passim
1696 683 1898 738 contri-

307 757 492 812 buitur
534 773 564 812 a
597 757 889 812 Ptolctnazo
921 758 1126 815 Galeno
1163 770 1329 826 atque
1355 763 1518 828 aliis;
1548 767 1691 833 quod
1725 780 1896 835 quare

306 838 511 894 factum
535 841 629 908 sit,
657 840 814 896 facile
841 843 1189 913 perspicitur.
1221 843 1355 899 Vide
1385 845 1512 900 Ant.
1544 848 1666 902 Itin.
1690 863 1742 918 p.
1765 848 1892 903 200.

306 920 462 978 Haud
500 924 728 979 multum
749 925 817 980 ah
843 926 943 982 hac
967 929 1100 982 urbe
1118 928 1440 984 Mantinium
1468 931 1728 996 distabat;
1750 932 1895 1002 quod

305 1008 565 1076 quoniam
601 1008 782 1078 magni
834 1009 1157 1066 Sanctorum
1199 1013 1380 1079 operis
1409 1013 1724 1069 conditores
1761 1030 1893 1069 nus-

306 1104 472 1159 quam
500 1091 741 1159 reperire
756 1106 814 1148 se
839 1093 1087 1163 potuisse
1109 1094 1341 1164 professi
1373 1106 1523 1159 sunt,
1561 1111 1626 1151 ex
1656 1093 1892 1152 Historia

308 1172 568 1243 martyris
593 1171 824 1231 'I‘itionis
849 1177 987 1245 apud
1014 1176 1364 1234 Lambecium
1397 1178 1651 1234 Bibliotlt.
1689 1179 1888 1235 Cmar.

309 1271 434 1323 vm,
467 1272 522 1326 p.
553 1256 658 1312 212
681 1259 1020 1316 lirmabimus
1048 1279 1063 1317 :
1107 1261 1166 1316 Ὀ
1187 1263 1343 1331 ἅγιος
1371 1262 1580 1334 μάρτυς
1594 1263 1794 1318 Τιτιων
1823 1259 1893 1334 ἦν

307 1341 375 1392 ἐκ
447 1339 543 1393 τοῦ
607 1343 912 1396 Μαντινὶου
987 1344 1081 1398 τοῦ
1149 1345 1256 1399 ὑπὸ
1318 1346 1722 1401 Κλαυδιὸπολιν
1791 1347 1894 1416 τὴν

309 1425 649 1495 μητρόπολιν
725 1427 1029 1493 τελοῦντος.
1107 1429 1261 1488 Adde
1327 1430 1610 1487 Socratem
1679 1430 1754 1488 H.
1821 1431 1887 1488 E.

305 1523 370 1573 Il,
399 1509 492 1564 58.
821 1549 828 1556 .

379 1590 513 1650 Ibid.
545 1593 869 1662 Προυσιάς.
895 1593 1065 1651 Recte
1084 1611 1214 1652 mss.
1240 1606 1324 1654 est
1347 1598 1571 1655 Prusias
1602 1599 1758 1669 juxta
1779 1599 1893 1669 Hy-

282 1678 454 1745 .pium
485 1676 711 1743 ﬁuauten,
744 1677 899 1746 cujus
956 1679 1101 1735 cives
1151 1682 1204 1736 in
1239 1680 1484 1737 Doniana
1538 1683 1893 1752 inscriptione

305 1760 484 1816 Class.
517 1760 583 1824 V,
621 1761 722 1814 177
751 1761 1116 1816 ΠΡΟΥΣΙΕΙΣ
1173 1764 1317 1820 AIIO
1371 1766 1541 1820 ΥΠῙΟ
1613 1767 1887 1821 dicuntur.

308 1843 557 1899 Memnon
585 1859 638 1900 c.
672 1843 742 1898 49
781 1845 906 1901 olim
940 1843 1156 1901 Cierum
1193 1863 1223 1902 a
1271 1848 1672 1917 pratterﬂuentc
1707 1864 1888 1913 amne,

309 1927 483 1983 fuisse
505 1927 832 1998 appellatam
864 1929 1069 1985 indicat
1103 1948 1117 1984 :
1155 1933 1428 1988 assentior
1448 1935 1594 1989 enim
1620 1933 1891 1989 Palmet-io

305 2020 359 2066 et
398 2010 703 2068 IIoIsteinio
732 2012 874 2068 hanc
911 2027 1035 2068 eum
1070 2013 1410 2082 Prusiadem,
1442 2032 1546 2072 non
1589 2017 1738 2073 illam
1769 2032 1891 2087 quae

289 2107 363 2150 .et
401 2094 553 2159 Cius,
599 2095 866 2152 immisse.
913 2097 1078 2151 Πόλιν
1135 2099 1535 2170 Ἡρακλεωτῶν
1593 2099 1799 2171 pariter
1827 2115 1891 2156 ac

306 2175 467 2251 Tium
493 2193 542 2233 c.
572 2177 644 2235 29
667 2190 964 2248 nuncupat,
1005 2190 1188 2251 atque,
1222 2194 1454 2254 utraque
1483 2184 1536 2238 in
1564 2193 1888 2253 potestatem

305 2261 551 2322 redacta.
569 2275 748 2332 regem
762 2261 1016 2319 Prusiam
1029 2266 1094 2320 ὲκ
1108 2266 1381 2336 θαλάττης
1397 2267 1478 2330 εἰς
1496 2266 1775 2322 θάλασσαν
1791 2265 1891 2337 τὴν

313 2343 648 2416 Ἡράκλειαν
670 2346 1032 2417 περιγράψαι,
1058 2347 1378 2404 Heracleam
1396 2349 1636 2418 undique
1654 2349 1722 2404 ad
1741 2364 1891 2406 mare

301 2427 731 2484 circumdedisse
757 2445 773 2495 ;
804 2443 926 2497 qua:
949 2431 1014 2485 de
1043 2430 1305 2488 Prusiade
1345 2432 1414 2487 ad
1440 2432 1620 2486 sinum
1659 2433 1886 2489 Cianum

300 2526 430 2567 vera
469 2526 592 2567 esse
615 2513 754 2567 haud
789 2523 1037 2581 possunt,
1083 2517 1138 2570 in
1168 2516 1309 2571 hanc
1345 2531 1474 2571 vero
1504 2518 1719 2586 egregie
1747 2532 1887 2588 qua-

298 2595 484 2650 draut.
529 2594 643 2649 Sita
675 2597 792 2652 haec
818 2604 937 2651 erat
969 2599 1036 2651 ad
1075 2597 1354 2655 Heracleae
1409 2601 1777 2664 occidentem,
1821 2601 1889 2656 ad

298 2682 570 2736 orientem
608 2680 778 2748 Tius;
836 2682 976 2738 unde
1001 2694 1232 2752 utraque
1256 2684 1458 2753 potitus
1484 2683 1704 2739 Prusias
1742 2698 1892 2753 pror-

299 2784 396 2824 sus
427 2770 692 2825 incinctos
730 2769 950 2825 videbat
995 2769 1407 2828 Heracleenses.
1461 2773 1594 2838 Quae
1621 2773 1722 2827 etsi
1755 2774 1890 2828 bene

299 2854 506 2910 habere
536 2855 848 2920 videantur,
873 2869 982 2910 non
1013 2869 1283 2924 negavero
1336 2866 1515 2911 tamen
1546 2856 1885 2912 Memnonem

300 2945 592 3010 utramque
625 2937 942 2994 Prusiadem
973 2937 1285 2995 confudisse
1321 2957 1336 2994 :
1381 2955 1502 2995 nam
1544 2955 1664 3010 qua:
1688 2940 1757 2994 de
1783 2939 1890 2994 Ar-

299 3024 550 3094 gonautis
569 3036 620 3078 c.
651 3036 784 3077 xutt
808 3021 993 3089 refert,
1027 3024 1136 3077 acsi
1158 3021 1316 3079 illiad
1337 3023 1552 3079 Cierum
1585 3024 1890 3094 appulerint

300 3115 468 3176 atque
525 3107 580 3161 in
639 3106 758 3176 ejus
804 3106 1004 3161 vicinia
1065 3107 1260 3178 Hylam
1322 3108 1628 3172 amiserint,
1676 3124 1738 3162 ea
1797 3108 1889 3162 alii

303 3190 451 3245 circa
483 3189 638 3245 Cium
680 3189 978 3260 contigisse
1041 3191 1316 3246 afﬁrmant
1361 3201 1694 3247 constanter.
1759 3189 1891 3246 Vide

299 3272 649 3343 Apollonium
701 3288 742 3335 ι,
796 3271 980 3340 1178,
1016 3271 1299 3344 Orpheum
1358 3273 1464 3330 635
1497 3282 1552 3330 et
1613 3273 1887 3331 Valerium

299 3353 581 3422 Flaccum,
603 3369 690 3419 ιιι,
715 3353 840 3409 484.

369 3439 509 3495 Ibid.
546 3439 890 3508 Ἡράκλεια.
951 3437 1178 3494 Colonia
1231 3439 1626 3510 Megarensium
1667 3442 1735 3498 ad
1767 3457 1889 3497 am-

298 3537 423 3577 nem
456 3521 770 3577 Soonanten
793 3521 919 3588 fuit,
953 3521 1184 3578 testibus
1207 3524 1415 3579 criticis
1455 3524 1510 3578 in
1547 3524 1797 3594 Apollon.
1819 3541 1882 3592 tt,

299 3606 406 3664 748
431 3623 447 3672 ;
477 3622 598 3677 qua:
628 3622 750 3662 cum
784 3621 1036 3676 magnam
1080 3605 1182 3662 sibi
1218 3608 1524 3678 potentiam
1580 3608 1887 3678 multasque

297 3707 437 3762 opes
473 3691 790 3761 peperisset,
850 3689 1176 3762 gravissima
1246 3689 1557 3747 calamitate
1585 3706 1617 3746 a
1646 3690 1883 3757 Triario,

297 3774 656 3830 Mithridatici
702 3771 826 3830 belli
855 3781 1119 3843 tempore,
1160 3783 1243 3830 est
1269 3788 1530 3851 oppressa
1561 3775 1702 3845 apud
1725 3773 1888 3830 Mem-

296 3873 501 3916 nonem
530 3875 581 3915 c.
606 3860 696 3914 55.

373 3942 510 3998 Ibid.
549 3942 704 4010 Τίος.
736 3943 918 3998 Posita
959 3941 1090 3999 urbs
1124 3949 1246 3998 erat
1269 3941 1336 3998 ad
1364 3942 1564 3998 flumen
1618 3942 1884 4012 Billaeum,

296 4036 362 4083 ut
389 4028 597 4083 scholia
652 4027 948 4095 Apollonii,
982 4027 1050 4082 ab
1099 4025 1404 4082 IIolstcinio
1436 4027 1489 4080 in
1551 4026 1884 4098 Stephanum

299 4119 570 4174 correcta,
602 4127 639 4165 ιι
680 4109 782 4164 791
813 4112 1130 4165 ostendunt.
1177 4109 1332 4166 Adde
1379 4109 1578 4166 Ezech.
1639 4109 1886 4181 Spanhe-

305 4195 480 4251 mium
505 4194 677 4263 Epist.
707 4195 774 4247 ad
800 4192 1127 4250 Morellium.

374 4275 513 4333 Ibid.
543 4277 783 4345 Kparta.
813 4275 885 4330 De
909 4276 1012 4331 hac
1040 4278 1166 4332 Ant.
1201 4277 1332 4332 Itin.
1367 4292 1417 4348 p.
1448 4276 1585 4333 200.
1614 4276 1884 4346 Corrupta

297 4362 520 4418 videtur
549 4364 600 4415 in
651 4361 736 4415 his
772 4359 960 4415 Caleni
995 4363 1123 4431 περὶ
1166 4380 1326 4436 τροφ.
1374 4363 1553 4434 δυναμ
1595 4377 1634 4427 ι,
1669 4377 1723 4432 p.
1758 4363 1883 4428 312,

294 4462 427 4503 cum
489 4446 545 4499 in
599 4443 936 4513 gelidissimo
990 4443 1256 4514 Bithynia:
1314 4456 1487 4502 tractu
1547 4445 1886 4500 collocantur

294 4529 508 4585 Νίκαια
542 4529 635 4581 καὶ
666 4525 886 4597 Προῦσα
918 4527 1013 4578 καὶ
1046 4527 1304 4596 Κράσσου
1338 4531 1434 4583 καὶ
1457 4529 1886 4594 Κλαυδιούπολις

296 4615 400 4668 καὶ
446 4609 858 4674 Ἰουλιούπολις,
892 4609 1028 4662 ἀλλὰ
1073 4609 1169 4662 καὶ
1214 4612 1524 4682 Δορύλαιον,
1560 4615 1594 4683 ἢ
1637 4613 1754 4667 ἐστι
1787 4615 1888 4682 μὲν

297 4697 507 4768 ἐσχάτη
551 4696 652 4764 τῆς
697 4694 954 4764 Ἀσιανῆς
989 4695 1263 4764 Φρυγίαςτ
1296 4711 1420 4750 nam
1462 4697 1741 4766 Κράσσου,
1785 4700 1884 4754 etsi

295 4797 491 4837 vocem
525 4779 682 4833 πόλιν
728 4794 795 4834 ex
840 4779 1196 4847 sequentibus
1236 4780 1424 4839 addas.
1457 4781 1589 4834 nihil
1635 4793 1761 4837 est:
1794 4783 1885 4838 ubi

295 4865 447 4920 enim
471 4861 814 4932 Crassopolis
845 4861 978 4915 lecta
1008 4861 1316 4932 scriptave?
1341 4861 1522 4917 Nihilo
1551 4865 1723 4935 magis
1759 4882 1887 4935 pro-

296 4949 474 5012 ﬁcies,
510 4951 554 5002 si
587 4962 712 5002 cum
745 4946 873 4999 Abr.
902 4944 1108 5000 Ortelio
1143 4947 1364 5015 Κράσου
1397 4947 1543 5015 legas
1572 4957 1628 5002 et
1657 4949 1884 5007 Crasum

294 5032 552 5102 Phrygiae
579 5032 772 5085 urbem
805 5029 1096 5095 intelligas,
1131 5031 1386 5099 quoniam
1417 5041 1569 5085 extra
1602 5031 1885 5102 Bithynia:

297 5115 391 5172 illa
445 5114 600 5169 lines.
646 5112 767 5176 Sin,
806 5120 865 5166 ut
913 5126 1014 5181 ego
1061 5121 1268 5180 putem,
1298 5113 1546 5184 Κράτεια
1589 5117 1884 5184 scribatur,

295 5198 460 5269 plana
488 5210 579 5252 res
599 5195 704 5250 erit
731 5211 746 5250 :
771 5209 834 5249 ea
863 5195 916 5249 in
951 5195 1203 5266 Bithynia
1236 5205 1289 5251 et
1315 5196 1651 5267 Claudiopoli
1687 5199 1884 5265 vicina,

299 5297 403 5336 nec
437 5281 596 5352 longe
633 5282 703 5336 ab
740 5278 1020 5351 Juliopoli,
1047 5290 1103 5337 et
1150 5289 1297 5337 recte
1328 5291 1583 5353 proptera
1617 5283 1727 5340 illis
1760 5283 1888 5356 jun-

294 5374 476 5437 getur.

373 5448 504 5503 Ibid.
552 5447 1054 5515 Ἁδριαιοούπολις.
1078 5448 1324 5504 Meminit
1350 5449 1467 5515 ejus
1493 5449 1624 5521 Imp.
1662 5449 1888 5507 Novella

293 5534 370 5590 29
400 5543 455 5588 et
499 5533 774 5588 Nicaeuum
822 5534 1120 5588 secundum
1169 5551 1222 5605 p.
1262 5535 1354 5590 52.
1392 5533 1550 5591 Unde
1593 5536 1768 5592 locum
1811 5539 1888 5595 illi

298 5619 357 5673 in
387 5615 718 5686 Geographia
748 5615 806 5669 S.
835 5629 955 5670 esse
983 5625 1323 5684 oportuerat.

371 5698 514 5753 Ibid.
579 5698 717 5752 Ὑπὸ
774 5700 1113 5768 κορίκτορα.
1171 5700 1550 5758 Cor-rectorem
1609 5702 1884 5775 intelligit,

298 5783 388 5838 cui
411 5793 464 5836 et
495 5781 706 5836 Notitia
739 5783 862 5851 imp.
904 5781 1112 5836 Orieut.
1143 5801 1190 5838 c.
1224 5786 1244 5838 -I
1279 5784 1698 5855 Paphlagoniam
1735 5803 1889 5842 man-

311 5868 424 5923 dat.
461 5865 596 5924 Erat
633 5865 682 5926 is
711 5865 892 5924 medio
917 5868 1038 5927 loco
1066 5869 1404 5926 consularem
1446 5872 1586 5929 inter
1616 5881 1668 5928 et
1702 5873 1888 5944 przesi-

1169 391 1558 456 COMMENT.
1605 394 1688 457 IN
1725 396 2148 463 HIEBOCLIS
2185 404 2737 476 SYNECDEMUM.

3458 421 3592 485 1150

2003 517 2150 603 dem,
2181 520 2579 603 sidignitatem
2617 536 2780 596 atque
2814 528 3230 600 amplitudinem
3262 547 3497 603 spectes.
3533 547 3592 591 ut

1997 612 2062 653 ex
2097 600 2135 655 Ι.
2174 601 2284 657 VIII
2307 606 2367 660 (Σ.
2401 605 2501 662 Th.
2535 610 2601 661 de
2621 609 2844 667 Cultort.
2874 626 3190 682 cegnosces.
3212 613 3267 668 In
3294 600 3448 672 Italia
3471 636 3594 675 cor-

2001 693 2302 753 rectorum,
2355 689 2421 744 de
2470 691 2670 761 quibus
2725 691 2958 750 Ursatus
3014 697 3083 750 de
3136 697 3313 753 Nam.
3364 699 3589 755 Roman.

1997 780 2052 835 p.
2081 766 2182 824 641
2214 771 2344 825 edit.
2382 771 2577 828 Grtevii
2601 816 2617 840 ,
2641 776 3013 844 antiquissima
3043 783 3246 836 mentio
3277 791 3362 837 est
3389 801 3403 838 :
3440 794 3594 840 extra

1998 864 2117 934 eam
2146 853 2324 909 rarius
2353 868 2672 926 occurrunt,
2699 870 2749 914 et
2775 860 2920 916 binis
2955 871 3164 917 tantum
3195 863 3245 918 in
3271 867 3588 934 provinciis,

1997 933 2370 1016 Paphlagonia
2413 949 2468 995 et
2514 942 2961 1013 Augustamnica,
2995 947 3081 1000 cui
3132 933 3354 1017 utrique
3395 961 3594 1017 praeter

1998 1019 2304 1076 Hieroclem
2339 1021 2472 1077 Not.
2501 1024 2629 1086 imp.
2656 1024 2865 1080 Orient.
2903 1028 3052 1084 hunc
3081 1030 3454 1098 magistratum
3487 1033 3590 1085 im-

1996 1105 2167 1174 ponit.
2206 1104 2467 1176 Synesius
2511 1108 2670 1178 hujus
2701 1113 3001 1179 provincias
3033 1123 3402 1168 correcturum
3447 1114 3593 1167 Mar-

1993 1189 2210 1244 cianum
2238 1191 2614 1262 philosophum
2638 1194 2728 1248 τὸν
2751 1195 2993 1264 ἄρξαντα
3021 1197 3396 1266 Παφλαγόνων
3419 1214 3588 1268 gene—

1996 1274 2095 1328 rali
2133 1276 2400 1330 vocabulo
2435 1278 2671 1348 appellat
2700 1280 2864 1347 epist.
2902 1280 3026 1338 109.
3054 1282 3208 1338 Adde
3237 1279 3586 1337 Pancirolnm

1995 1355 2168 1413 Nult’t.
2203 1359 2334 1428 imp.
2369 1358 2575 1416 Orienl.
2604 1378 2655 1418 c.
2690 1363 2814 1421 156.

1979 1463 1982 1466 ~
2065 1439 2203 1497 Ibid.
2265 1443 2528 1513 Γάγγρα.
2592 1445 2767 1502 I’rohe
2826 1463 2958 1507 mss.
3020 1448 3255 1504 concilio
3314 1448 3590 1518 Ephesino

1993 1539 2048 1593 p.
2081 1525 2186 1581 5'52
2229 1525 2567 1596 BOSphorius
2610 1530 2909 1586 subscribit
2942 1533 3212 1603 Γάγγρων
3249 1535 3346 1602 τῆς
3393 1549 3591 1603 μητρο·

1992 1611 2204 1675 πόλεως
2235 1613 2510 1683 ἐπαρχίας
2537 1614 2889 1684 Παμφυλίας,
2923 1631 3207 1686 perperam
3231 1633 3329 1687 pro
3366 1619 3589 1686 Παφλα-

1992 1694 2199 1762 γονίας,
2242 1705 2301 1750 ιιι
2332 1695 2636 1753 Sozomeno
2672 1698 2745 1751 Η.
2784 1697 2845 1752 Ε.
2877 1713 2961 1764 ιιι,
2997 1700 3062 1753 14
3091 1700 3338 1770 Γάγγραι
3379 1702 3586 1771 μητρόο

1994 1777 2150 1840 πολις
2182 1777 2574 1847 Παφλαγόνων.
2613 1778 2828 1834 Dixisse
2857 1790 3071 1836 veteres
3110 1779 3179 1833 τὰ
3205 1781 3458 1850 Γάγγρα,
3487 1783 3590 1844 τὰς

1993 1861 2252 1932 Γάγγρας
2277 1870 2332 1915 et
2357 1860 2456 1933 τὴν
2485 1861 2744 1932 Γάγγραν
2766 1877 2832 1917 ex
2868 1861 3146 1934 Stephano
3177 1865 3467 1919 notissima
3505 1879 3590 1920 res

1992 1955 2093 2000 est.
2123 1944 2269 1998 Adde
2293 1945 2396 1999 Ch.
2423 1945 2715 2000 Cellarium
2752 1947 2816 2002 G.
2843 1946 2908 1999 A.
2936 1963 3022 2012 ιιι,
3061 1947 3115 2013 8,
3149 1963 3200 2016 p.
3236 1947 3362 2002 518.

2064 2029 2198 2083 Ibid.
2235 2030 2755 2099 Πομπητούπολις.
2815 2030 3048 2086 Condita
3113 2045 3143 2084 a
3197 2030 3458 2098 Pompeio
3505 2040 3590 2085 est

1993 2113 2132 2182 apud
2158 2111 2484 2168 Strabonem
2519 2128 2616 2176 xit,
2641 2128 2694 2182 p.
2728 2111 2855 2168 562.
2880 2111 3044 2168 Ludit
3070 2127 3200 2184 ergo
3224 2113 3276 2167 in
3297 2102 3428 2168 voce
3457 2117 3584 2181 imp.

1991 2194 2382 2252 Constantinus
2412 2195 2450 2251 l.
2501 2211 2539 2261 I,
2573 2194 2768 2252 Tltem.
2816 2195 2870 2260 7,
2911 2211 3034 2252 cum
3083 2198 3279 2267 πομπὴ
3330 2196 3440 2265 γάρ
3481 2198 3587 2247 εἱσι
3678 2232 3684 2236 ι

1992 2282 2067 2335 ait
2125 2280 2238 2334 καὶ.
2281 2280 2484 2343 ὄνειδος
2542 2281 2640 2334 καὶ
2691 2279 3029 2350 ὲξουθένημα
3085 2281 3180 2334 τοῦ
3241 2279 3586 2351 ἀνθρωπείου

1991 2362 2204 2431 γένους,
2233 2361 2393 2418 simul
2419 2361 2664 2417 indicans
2698 2363 2887 2418 urbem
2917 2377 3019 2419 suo
3055 2371 3296 2433 tempore
3324 2361 3587 2417 vilissima

1993 2444 2161 2500 fuisse
2190 2444 2524 2501 conditione.

2063 2528 2196 2582 Ibid.
2231 2528 2408 2597 Σόρα.
2435 2527 2529 2582 Sic
2558 2527 2839 2583 Nicaenum
2873 2529 3172 2585 secundum
3209 2544 3263 2598 p.
3301 2528 3392 2583 52.
3424 2527 3587 2582 Chal-

1990 2614 2294 2670 cedonense
2326 2627 2376 2681 ιι.
2416 2610 2519 2666 665
2549 2609 2753 2682 Σοῦρα,
2801 2611 3198 2668 Constantinus
3241 2612 3435 2682 Σώραν
3469 2611 3505 2664 Ι.
3543 2626 3582 2674 ι,

1993 2697 2185 2752 Them.
2223 2697 2277 2760 '7,
2309 2695 2467 2766 Σωρὰ
2497 2693 2838 2750 Justinianus
2875 2694 3097 2750 Novella
3132 2695 3226 2761 29,
3266 2696 3356 2750 ubi
3389 2709 3583 2748 cumu-

1989 2779 2069 2836 los
2086 2779 2199 2835 sive
2213 2777 2448 2833 tumulos
2467 2777 2607 2830 male
2635 2778 2768 2832 verti
2802 2777 3071 2833 Probabil.
3104 2796 3155 2832 c.
3185 2793 3284 2832 xm
3343 2777 3583 2840 ostendi,

1991 2876 2227 2926 mecum,
2272 2862 2412 2928 quod
2461 2859 2720 2928 deinceps
2766 2861 2992 2916 edoctus
3021 2876 3165 2926 sum,
3212 2860 3588 2914 consentiente

1991 2947 2056 3000 L.
2103 2944 2404 3001 Holsteinio
2436 2944 2488 2998 in
2537 2943 2724 2998 Ortelii
2779 2942 2940 2999 Sora.
2993 2943 3255 3012 Superest
3299 2943 3352 2996 in
3392 2942 3584 2996 iisdem

1992 3029 2233 3085 Novella:
2264 3027 2448 3082 verbis
2493 3027 2640 3081 aliud
2673 3026 2818 3096 quod
2863 3026 3069 3082 morari
3112 3027 3315 3095 possit;
3357 3024 3501 3079 unde
3533 3032 3590 3077 ct

1991 3100 2079 3170 hic
2121 3113 2227 3187 illis
2273 3111 2425 3166 locus
2468 3110 2701 3164 dandus.
2736 3108 2924 3181 Φαμὲν
2973 3109 3029 3163 δὲ
3064 3104 3589 3178 Γερμανικοπόλεώς

1988 3215 2049 3254 τε
2095 3197 2188 3252 καὶ
2239 3197 2348 3249 τῶν
2394 3193 2535 3266 πρὸς
2567 3194 2836 3263 Γάγγραν
2869 3193 2964 3246 καὶ
3015 3192 3307 3263 Πομπηΐου
3354 3189 3589 3244 πολιτῶν

1989 3283 2086 3336 καὶ
2145 3279 2439 3351 Δαδύϐρων
2479 3279 2576 3332 καὶ⁹
2632 3277 2835 3348 Σωρῶν
2909 3276 3274 3347 ’Δμαστρίδος
3329 3277 3427 3328 καὶ
3451 3273 3588 3345 πρὸς

1988 3381 2054 3434 γε
2097 3361 2504 3419 Ίωνοπολιτῶν.
2548 3358 2640 3413 Sic
2691 3359 3002 3414 Holoander
3052 3357 3314 3427 vulgavit,
3364 3356 3588 3426 natique

1987 3448 2118 3503 hinc
2152 3454 2280 3500 sunt
2317 3442 2504 3500 tumuli
2544 3441 2910 3497 Atnastridos.
2947 3439 3311 3509 Hombergius
3345 3438 3396 3492 in
3443 3438 3588 3492 notis

1988 3546 2019 3586 e
2050 3546 2153 3587 ms.
2185 3537 2316 3597 puto
2343 3567 2358 3593 ,
2411 3524 2572 3580 aﬂ‘ert
2617 3525 2796 3594 φαμὲν
2847 3523 2906 3579 δὲ
2957 3519 3484 3593 Γερμανικοπὸλεὼς
3523 3537 3586 3573 τε

1986 3617 2089 3686 τῆς
2118 3613 2260 3686 πρὸς
2286 3613 2565 3681 Γάγγραν,
2595 3608 2886 3680 Πομπηΐου
2921 3608 3150 3671 πόλεως,
3175 3604 3467 3674 Δαδΰϐρων
3490 3607 3588 3661 καὶ

1988 3698 2188 3769 Σωρῶν
2223 3695 2317 3750 καὶ
2368 3694 2730 3766 Ἀμαστρίδος
2767 3693 2863 3748 καὶ⁸
2904 3692 3042 3761 πρός
3084 3707 3147 3759 γε
3201 3687 3584 3751 ἰωνοπόλεως,

1987 3782 2180 3846 multo,
2227 3794 2313 3834 me
2341 3777 2526 3848 judice
2576 3777 2799 3831 rectius.
2857 3773 3080 3830 Diﬂicile
3126 3785 3307 3827 autem
3343 3781 3449 3838 est,
3485 3771 3582 3840 qui

1988 3881 2084 3923 sex
2113 3866 2412 3935 imperator
2442 3859 2827 3932 Paphlagonia:
2857 3859 2955 3914 bas
2992 3857 3156 3912 urbes
3195 3854 3419 3918 dixerit,
3459 3868 3582 3907 cum

1987 3949 2147 4019 plane
2177 3955 2381 4017 septem
2438 3957 2728 4000 recensere
2767 3942 3036 4006 videatur,
3081 3936 3584 4021 Germanicopolin,

1988 4031 2283 4102 Gangram,
2317 4025 2761 4099 Pompeiopolin,
2798 4025 3072 4096 Dadyhra,
3108 4019 3268 4088 Sora,
3303 4019 3582 4075 Amastrin

1987 4125 2045 4172 et
2069 4112 2401 4184 Jonopolin;
2455 4125 2632 4180 neque
2680 4108 2920 4178 suspicio
2971 4107 3041 4162 de
3092 4107 3337 4159 numeris
3377 4104 3586 4158 vitiatis

1991 4200 2238 4257 incidere
2293 4204 2496 4267 potest,
2549 4193 2819 4264 siquidem
2873 4191 3078 4248 diserte
3133 4189 3186 4244 in
3233 4188 3589 4259 sequentibus

1991 4284 2060 4339 I2
2089 4283 2251 4338 urbes
2290 4279 2543 4351 praetoris
2592 4275 2978 4346 Paphlagoniae
3021 4273 3234 4338 ditioni,
3263 4288 3356 4330 sex
3400 4271 3588 4326 Hono-

1991 4365 2161 4421 riadis
2211 4371 2267 4419 et
2301 4360 2525 4418 totidem
2567 4357 2973 4430 Paphlagoniae.
3014 4355 3258 4424 subjicit.
3314 4354 3472 4419 Mihi,
3526 4363 3588 4407 ut

1989 4447 2226 4505 Novella:
2259 4444 2528 4501 sententia
2563 4452 2800 4509 constet,
2842 4439 3311 4511 Germanicopolis
3353 4439 3592 4504 Gaugrze

1990 4533 2206 4588 videtur
2248 4529 2558 4585 contributa
2611 4528 2680 4581 oh
2727 4525 2988 4580 viciniam
3037 4540 3101 4579 ac
3153 4531 3439 4594 propterea
3486 4538 3593 4591 pro

1989 4631 2100 4671 una
2146 4614 2310 4671 sumi.
2364 4610 2677 4680 Metropolis
2723 4609 3018 4679 provinciae
3062 4607 3275 4679 Gangra
3319 4605 3594 4677 praeteriri

1989 4698 2133 4755 haud
2165 4696 2362 4769 potuit,
2398 4695 2597 4763 quippe
2625 4692 2846 4747 caeteris
2880 4689 3146 4762 dignitate
3172 4700 3477 4762 praestans;
3509 4687 3590 4744 illi

1989 4783 2228 4841 vicinam
2289 4777 2772 4846 Germauicopolin
2832 4774 2966 4830 facit
3017 4783 3205 4846 aperte
3264 4774 3588 4842 imperator,

1989 4862 2458 4942 Γτρμανικόπολιν
2485 4860 2585 4932 τὴν
2611 4860 2748 4931 πρὸς
2780 4860 3041 4930 Γάγγραν
3073 4858 3370 4930 appellans.
3406 4858 3589 4942 Atque

1993 4951 2122 5004 hinc
2153 4947 2371 5003 videtur
2396 4946 2583 5014 ,etiam
2615 4943 2999 5004 derivandum,
3034 4959 3132 4998 cur
3159 4941 3594 5009 Germanicopo-

1990 5035 2064 5098 [in
2099 5031 2374 5087 Hierocles
2407 5039 2725 5096 caeteraeque
2758 5027 2985 5082 Notilt'tv
3023 5027 3347 5097 spreverint,
3381 5037 3591 5093 curque

1990 5119 2108 5187 ejus
2139 5116 2193 5171 in
2229 5115 2588 5171 conciliorum
2622 5115 2768 5168 Actis
2801 5113 3009 5168 mentio
3045 5113 3212 5166 nulla.

2061 5203 2197 5258 Ibid.
2245 5200 2626 5271 Ἀμάστριον.
2667 5199 2977 5269 Ἀμαστρις
3005 5196 3246 5252 Luciano
3276 5193 3590 5263 passimque

1989 5285 2112 5341 aliis
2143 5294 2196 5338 et
2229 5283 2464 5340 concilio
2517 5282 2849 5338 Chalcedon.
2897 5297 2951 5353 p.
2981 5279 3071 5336 96.
3098 5279 3318 5335 Nicazno
3347 5273 3586 5330 secundo

2004 5368 2310 5440 ’Apdtcrpat,
2346 5367 2710 5422 Constantino
2745 5365 3084 5436 imperatori,
3114 5363 3354 5430 itemque
3385 5355 3585 5412 Nicetaa

1991 5451 2322 5523 Papltlagoni
2347 5457 2487 5507 orat.
2517 5450 2574 5504 in
2602 5449 2662 5504 S.
2693 5449 3056 5521 Hyacinthum
3084 5447 3226 5502 XVII
3250 5443 3376 5500 Julii
3402 5441 3582 5512 magni

1994 5536 2318 5590 Sanctorum
2349 5529 2681 5604 operis,"qui
2718 5549 2836 5588 cam
2885 5530 3270 5601 Paphlagoniae
3307 5535 3400 5582 aut
3433 5526 3588 5580 orbis

1992 5620 2174 5692 potius
2210 5618 2463 5683 ocellum,
2509 5617 2561 5671 in
2610 5615 2766 5685 cujus
2802 5623 3016 5684 portum
3061 5611 3258 5669 Euxini
3309 5610 3462 5665 Ponti
3491 5623 3587 5662 ac-

1991 5703 2123 5758 cola:
2149 5712 2406 5774 tanquam
2427 5693 2780 5756 communem
2797 5699 3086 5768 quemdam
3113 5705 3409 5751 mercatum
3435 5707 3586 5747 eom-

1992 5796 2206 5851 tneent,
2259 5786 2492 5857 appellat
2533 5804 2546 5840 :
2598 5784 2890 5854 Ἀμάστρα
2938 5783 2968 5834 ὁ
3015 5782 3114 5851 τῆς
3171 5778 3587 5848 Παφλαγονίας,

1997 5871 2197 5944 μᾶλλον
2244 5872 2300 5926 δὲ
2351 5870 2452 5943 τῆς
2501 5867 2824 5939 οἰκουμένης
2876 5864 3057 5936 ὀλίγου
3113 5865 3224 5922 δεῖν
3276 5860 3588 5934 ὀφθαλμὸς,
