4170 6496
569 421 704 487 1151

561 538 640 597 εἰς
672 535 738 605 ἣν
771 536 824 587 οἴ
870 553 924 588 τε
963 536 1022 588 τὸ
1067 537 1276 609 βόρειον
1307 539 1402 591 τοῦ
1454 539 1706 606 Εὐξείνου
1761 539 1930 608 μέρος
2004 553 2157 606 περι-

567 620 848 680 οικοῦντες
881 619 1084 672 Σκύθαι
1118 620 1210 672 καὶ
1249 622 1298 672 οἱ
1341 620 1473 691 πρὸς
1504 622 1654 674 νότον
1687 621 1930 690 κείμενοι
1963 619 2155 687 ὥσπερ

568 701 650 764 εἴς
678 719 729 754 τι
758 702 936 754 κοινὸν
971 703 1356 773 συντρέχοντες
1397 705 1659 774 ἐμπόριον
1687 706 1756 757 τὰ
1787 704 1918 774 παρ’
1947 702 2158 757 ἑαυτῶν

566 803 627 838 τε
683 787 1122 856 συνεισφέρουσι,
1160 789 1253 840 καὶ
1301 787 1370 839 τὰ
1419 789 1551 858 παρ’
1599 787 1772 858 αὐτῆς
1817 787 2154 856 ἀντιλαμϐά-

567 887 742 932 νουσι,
822 870 974 932 πόλις
1009 869 1149 939 ἑῴας
1200 886 1261 922 τε
1306 871 1487 941 πάσης
1527 871 1734 941 λήξεως
1769 873 1866 924 καὶ
1898 870 2156 940 ἑσπερίου

575 952 784 1022 μεταξὺ
811 952 1040 1020 κειμένη
1067 967 1084 982 ·
1115 951 1208 1005 ubi
1245 952 1399 1020 plura
1445 954 1496 1007 in
1527 953 1642 1020 ejus
1675 955 1888 1007 laudem
1922 968 2155 1022 sequun-

569 1047 676 1091 tur.
712 1037 866 1091 Adde
903 1035 1075 1092 schol.
1106 1035 1377 1104 Apollonii
1418 1037 1458 1091 Ι.
1493 1053 1558 1104 ιι,
1591 1036 1719 1103 945,
1750 1037 1838 1092 ubi
1872 1051 2156 1107 perperam

567 1119 872 1189 Δάματρις.
951 1113 955 1125 ⁸

639 1200 754 1255 Col.
781 1200 907 1256 149.
926 1202 1308 1266 ἰουνόπολις.
1330 1201 1421 1258 Sic
1439 1211 1493 1257 et
1510 1201 1938 1258 Chalcedonensi
1962 1198 2159 1256 concil.

570 1299 626 1349 p.
655 1283 724 1337 95
755 1295 808 1338 et
831 1283 1048 1340 Nicazno
1076 1288 1311 1342 secundo
1338 1303 1391 1357 p.
1425 1287 1516 1342 52.
1554 1286 1776 1341 Rectius
1805 1284 2164 1339 Constantino

569 1367 606 1420 l.
645 1383 684 1429 I,
720 1365 912 1422 Tltem.
938 1371 968 1420 7
999 1370 1330 1434 Ἰωνόπολις.
1365 1370 1525 1424 Petiit
1558 1370 1825 1436 itnpostor
1855 1365 2165 1424 AleXandcr

571 1449 724 1518 παρὰ
764 1449 857 1502 τοῦ
886 1451 1291 1526 αὐτοκράτορος
1336 1451 1815 1524 μετονομασθῆναι
1855 1449 1917 1503 τὸ
1988 1446 2165 1500 Ἀϐώ-

571 1547 667 1583 νου
699 1535 876 1602 τεῖχος
907 1536 1004 1588 καὶ
1048 1536 1354 1590 Ἰωνόπολιν
1377 1537 1666 1607 κληθῆναι,
1699 1533 1840 1602 apud
1866 1531 2166 1585 Luciannm

574 1615 626 1666 in
671 1613 1075 1672 Pseudomante
1123 1637 1136 1674 :
1179 1619 1287 1672 voti
1338 1620 1650 1672 datnnatum
1686 1616 1875 1680 fuisse,
1919 1612 2167 1666 Ἰωνοπο-

574 1695 769 1749 λειτῶν
788 1701 1018 1765 ηιιιηιιιῑ,
1041 1703 1108 1756 ab
1130 1701 1410 1757 llarduino
1428 1701 1714 1757 Vaillantio
1729 1697 2168 1768 Spanhemioque

575 1781 846 1847 producti,
873 1783 1223 1837 confirmant.

645 1862 775 1916 lbid.
800 1864 1090 1931 Δαδύϐρα.
1113 1866 1384 1936 Δαδίϐραν
1415 1864 1810 1920 Constantinus
1833 1863 1872 1917 l.
1897 1879 1938 1925 ι,
1965 1860 2162 1917 Tbem.

577 1942 632 2006 7,
665 1945 757 1996 sed
794 1960 1104 2015 perperam,
1135 1949 1404 2018 appellat.
1436 1947 1598 2018 Pejus
1630 1947 1802 2001 multo
1835 1943 2165 2001 Chalcedon.

574 2040 632 2094 p.
663 2025 767 2080 664
815 2029 1208 2099 Polychronius
1241 2030 1498 2102 Δαδύρων
1552 2030 1755 2084 dicitur
1785 2047 1799 2083 :
1841 2029 2041 2082 rectius
2071 2026 2168 2079 Μ-

576 2113 997 2235 ἳῇῖιορρξῖκιιιίο
1028 2127 1081 2182 p.
1112 2114 1183 2169 52
1209 2112 1426 2170 Nicetas
1449 2115 1765 2185 Δαδύϐρων.
1799 2111 1937 2168 Vide
1967 2111 2172 2166 Proba-

654 2261 790 2316 lbid.
823 2264 1150 2331 Γαλατίας.
1187 2266 1350 2322 Deest
1385 2265 1628 2338 πρώτης.
1659 2267 1913 2322 Socrates
1933 2264 1999 2318 Η.
2029 2263 2094 2318 Ε.
2126 2278 2166 2328 1,

585 2343 656 2397 56
681 2353 733 2397 et
756 2359 815 2408 ιι,
848 2346 914 2400 15
943 2348 1147 2418 μικρὰν
1172 2349 1442 2403 Γαλατίαν
1473 2353 1589 2405 sive
1652 2365 1872 2419 parvam
1903 2346 2169 2402 Galatiam

580 2429 816 2495 appellat
854 2437 907 2483 et
941 2441 1095 2486 vetus
1128 2431 1268 2502 lapis
1310 2434 1364 2488 in
1410 2432 1574 2488 Roma
1608 2431 1919 2488 Subterran.
1951 2446 2003 2500 p.
2043 2429 2167 2494 154,

580 2512 721 2577 quod
781 2520 834 2565 et
893 2512 1228 2571 llolsteinius
1283 2516 1453 2582 vidit,
1508 2517 1598 2570 ubi
1655 2516 1912 2585 Δόκιμος,
1966 2511 2169 2584 χωρίου

577 2593 780 2664 Γολόης
817 2597 1020 2665 μικρᾶς
1052 2597 1345 2662 Γαλατίας.
1381 2598 1856 2670 Ἀγκυρογαλατία
1887 2598 2085 2651 dicitur
2117 2595 2170 2649 in

583 2676 928 2732 Sardicensis
979 2681 1172 2750 synodi
1207 2681 1368 2750 epist.
1425 2691 1560 2736 tom.
1611 2681 1679 2734 lll
1732 2680 1940 2734 Concil.
1977 2678 2168 2733 Gener.

583 2771 637 2828 p.
675 2758 764 2820 51,
798 2761 941 2830 quod
980 2765 1191 2834 Ancyra
1227 2763 1387 2832 hujus
1422 2775 1568 2819 esset
1605 2765 1941 2833 metropolis.
1977 2762 2174 2816 Subdi-

585 2852 696 2897 tum
725 2855 902 2899 autem
949 2847 1243 2912 consulari,
1268 2862 1427 2916 quem
1456 2847 1550 2900 τοῦ
1584 2847 1772 2910 ἔθνους
1805 2848 2042 2918 ἄρχοντα
2069 2844 2173 2899 So-

585 2942 845 2981 zomenus
893 2943 946 2994 v,
981 2929 1044 2982 11
1096 2939 1397 3000 nuncupat,
1434 2929 1624 2998 fuisse,
1669 2945 1737 2986 ex
1783 2927 1992 2984 Notitia
2041 2929 2169 2996 imp.

590 3011 794 3063 Orient.
827 3026 877 3065 c.
909 3027 924 3064 ι
954 3022 1189 3066 constat.

658 3093 791 3147 lbid.
831 3095 1108 3163 Ἄγκυρα.
1142 3097 1256 3150 Hoc
1293 3096 1499 3166 justum
1543 3105 1647 3154 est.
1683 3097 1882 3169 Πρώτη
1925 3096 2019 3150 καὶ
2077 3113 2175 3165 με-

478 3250 486 3253 _
587 3175 751 3244 γὶστη
787 3175 1046 3230 Γαλατῶν
1070 3178 1224 3242 πόλις
1248 3177 1478 3235 Libanio
1500 3179 1773 3250 Apotoget.
1796 3189 1940 3235 orat.
1965 3195 2016 3250 p.
2045 3177 2172 3242 599,

589 3258 904 3327 metropolis
932 3257 1156 3314 Galatiae
1197 3262 1252 3314 in
1292 3260 1567 3318 Theodori
1606 3263 1843 3333 Syciota:
1876 3263 1994 3317 Vita
2033 3259 2174 3315 XXII

587 3339 770 3406 April.
815 3341 1115 3407 saepissime
1145 3343 1364 3400 dicitur.
1395 3344 1524 3401 Vide
1558 3348 1682 3401 Ant.
1713 3345 1844 3402 Itin.
1878 3363 1933 3416 p.
1964 3346 2087 3400 “3.

660 3422 797 3477 lbid.
830 3425 1026 3478 Ταϐία.
1061 3424 1189 3480 Erat
1217 3427 1269 3481 in
1303 3425 1572 3497 Trocmis,
1606 3431 1749 3485 unde
1791 3445 2040 3484 nummus
2063 3429 2170 3484 ΟΕ.

589 3507 744 3561 ΤΡΟ.
779 3507 1202 3576 ΤΑΟΥΙΑΝΩΝ,
1234 3511 1653 3567 Severianorum
1686 3512 2043 3569 Trocmorum
2069 3511 2174 3567 Ta-

593 3591 898 3658 vianorum,
927 3592 980 3647 in
1029 3593 1185 3649 Thes.
1219 3594 1432 3650 Britan.
1465 3607 1595 3650 tom.
1639 3611 1704 3661 tt,
1749 3613 1802 3664 p.
1837 3597 1963 3652 255.
2017 3595 2173 3650 Plura

591 3675 787 3728 Anton.
828 3675 957 3730 Itin.
993 3692 1048 3747 p.
1076 3677 1206 3742 202,
1235 3688 1289 3732 et
1319 3677 1385 3733 de
1417 3680 1628 3749 Aspona
1659 3695 1711 3750 p.
1746 3680 1866 3734 145.

666 3758 801 3813 lbid.
847 3761 1056 3814 Κίννα.
1113 3761 1293 3834 Habet
1351 3763 1490 3817 hanc
1541 3763 1726 3820 urbem
1786 3761 2007 3818 Galatia:
2051 3761 2175 3816 Vita

591 3837 862 3896 Theodori
894 3841 1129 3914 Syc-iota:
1154 3861 1202 3902 c.
1231 3847 1286 3912 8,
1312 3855 1364 3900 et
1390 3844 1665 3901 Nicaanum
1691 3846 1984 3904 secnndum
2014 3863 2065 3912 p.
2084 3846 2173 3910 50,

594 3926 879 3996 Κιννηνῶν
910 3928 1066 3991 πόλις
1098 3929 1292 3984 concil.
1321 3929 1734 4002 Constantinop.
1773 3932 1932 3986 tertio
1962 3947 2014 4000 p.
2046 3930 2171 3985 50f.

593 4005 890 4065 Ptolemaeo
916 4026 1201 4082 perperam
1255 4013 1412 4085 vulgo
1440 4015 1662 4078 Κίαινα,
1707 4015 1849 4085 quod
1889 4014 2015 4070 hinc
2055 4029 2177 4070 cor-

594 4092 697 4157 rigi
725 4093 922 4148 debere
954 4094 1158 4150 codicis
1186 4097 1503 4152 Coisliniani
1540 4099 1712 4153 Κίννα
1741 4098 1995 4152 affirmat.

669 4174 803 4228 Ibid.
879 4177 1327 4248 Ῥεγαναγίιλία.
1395 4181 1786 4251 Ῥεγελαγανία
1840 4189 2178 4251 oportuerat,

598 4257 795 4324 quippe
829 4257 1064 4328 Lagania
1095 4261 1314 4318 Tabula:
1350 4275 1402 4320 et
1449 4265 1579 4319 Itin.
1623 4267 1750 4322 Ant.
1788 4281 1839 4335 p.
1892 4265 2011 4320 Mi.
2050 4263 2178 4336 Ejus

597 4342 798 4408 prae~ul
847 4342 1182 4412 Euphrasius
1226 4349 1504 4414 Λασανίας
1552 4351 1749 4405 dicitur
1794 4367 1845 4420 p.
1875 4350 1944 4405 95
1982 4352 2173 4407 caucil.

598 4421 952 4490 Chalcedon.,
982 4431 1162 4484 verius
1201 4433 1476 4502 Λαγανίας
1505 4451 1556 4504 p.
1587 4433 1710 4488 662.
1745 4433 1893 4486 Dicta
1924 4434 2178 4497 deinceps

595 4509 1027 4580 Anastasiupolis
1059 4515 1290 4581 videtur,
1314 4519 1566 4586 quoniam
1607 4519 1658 4570 in
1692 4515 1805 4570 Jac.
1849 4514 2007 4570 Goari
2061 4514 2177 4569 No-

601 4593 734 4644 titiis
792 4594 880 4646 illa
935 4601 1294 4663 memoratur“,
1349 4615 1613 4668 nusquam
1688 4599 1958 4667 Lagania;
2014 4615 2176 4670 Quam

602 4675 969 4739 conjecturam
1007 4681 1143 4735 situs
1175 4682 1510 4751 plausibilem
1543 4682 1692 4737 facit.
1738 4681 1970 4750 Lagania
2001 4684 2071 4737 21
2103 4680 2173 4736 Μ.

602 4757 663 4810 Ρ.
698 4758 950 4830 Juliopoli
987 4764 1240 4826 distabat,
1273 4766 1430 4833 Spalii
1474 4767 1708 4821 medium
1741 4777 1963 4823 secante
2001 4767 2176 4823 Siberi

601 4840 787 4922 ﬂuvio,
817 4846 900 4898 cui
933 4845 1143 4918 Syceon
1172 4848 1427 4919 oppidum
1457 4851 1696 4907 vicinum
1737 4862 1877 4918 erat,
1918 4853 2180 4922 Procopio

602 4921 780 4991 Ᾱιιίίῑ.
831 4927 973 4982 Just.
1012 4947 1065 4994 v,
1119 4931 1153 4984 4
1203 4941 1466 4989 auctore:
1512 4933 1718 5006 Syceon
1767 4951 1896 4990 vero
1943 4952 2063 4990 cmn
2096 4921 2181 4991 712

604 5007 682 5061 Μ.
716 5007 775 5062 Ρ.
809 5010 1204 5083 Anastasiopoli
1241 5015 1476 5076 aﬂ‘uerit.
1522 5033 1630 5071 non
1663 5018 1764 5072 alia
1811 5020 1998 5088 utique
2024 5033 2086 5073 ea
2117 5035 2181 5074 ac

604 5090 840 5159 Lagania
873 5094 1097 5151 dicenda
1130 5108 1230 5153 est.
1272 5098 1396 5155 Vita
1432 5100 1698 5157 Theodori
1732 5101 1976 5174 Syceotae
2019 5116 2069 5158 c.
2099 5103 2132 5156 2
2164 5120 2177 5156 :

603 5174 669 5228 In
701 5174 1014 5232 Galatarum
1048 5183 1252 5251 regione
1277 5195 1350 5238 est
1376 5186 1643 5254 oppidum,
1683 5187 1820 5254 quod
1852 5185 2051 5256 Syceon
2091 5203 2184 5255 ap—

602 5258 852 5325 pellatur,
888 5262 1179 5332 subjectum
1229 5267 1624 5333 Anastasiopoli
1673 5270 1829 5336 primi
1875 5272 2183 5340 Ancyrano-

604 5357 718 5394 rum
738 5345 1062 5411 principatus
1083 5363 1101 5402 :
1122 5349 1285 5403 distat
1299 5360 1472 5406 autem
1491 5353 1888 5423 Anastasiopoli
1915 5353 1980 5407 12
2000 5353 2069 5407 Μ.
2090 5356 2178 5422 Ρ.;

606 5424 695 5477 ubi
733 5425 791 5479 Ρ.
830 5425 1158 5484 Francisrus
1197 5431 1385 5498 Zinus,
1428 5435 1513 5490 cui
1559 5434 1809 5490 Latinam
1846 5451 1965 5490 eam
2014 5439 2175 5490 vitam

603 5506 886 5574 debemus,
918 5511 1060 5566 haud
1101 5515 1264 5571 dubie
1317 5516 1542 5572 offendit
1587 5520 1651 5573 ad
1695 5518 1922 5589 πρώτην
1979 5520 2182 5588 Ἀγκυ-

607 5590 786 5659 ρανῶν
836 5596 1126 5668 ἐπαρχίαν,
1163 5609 1222 5655 ιιι
1249 5614 1313 5655 ex
1351 5601 1526 5672 primo
1544 5600 1956 5673 Aucyranorum
1979 5602 2184 5673 princi-

605 5683 735 5742 patu
773 5683 1118 5746 perspicitur.

636 5764 650 5773 ·
680 5753 813 5838 lbid.
862 5759 1266 5832 'Peyéjwnfoc.
1311 5766 1514 5832 Μνίζος
1548 5773 1664 5830 est,
1698 5767 1858 5837 cujus
1894 5767 2182 5838 episcopus

609 5834 854 5894 Andreas
885 5843 1087 5911 πόλεως
1119 5849 1322 5914 Μνὲζου
1353 5851 1449 5922 τῆς
1476 5851 1694 5923 πρώτης
1726 5834 1983 5909 Γαλατῶν
2007 5834 2180 5924 ἐπαρ-

1636 423 2019 485 ADDENDA.
2060 447 2127 461 -
2164 422 2228 482 Ρ.
2263 417 2778 481 \VESSELINGII

2205 5946 2273 5963 δν.

3692 407 3830 469 1152

2266 534 2392 604 χίας
2424 531 2659 588 concilio
2685 525 3100 592 Coustantinop.
3137 523 3298 579 tertio
3327 537 3381 590 ρ.
3411 520 3508 576 501
3537 519 3864 576 subscribit.

2264 617 2464 671 Niczeni
2498 616 2716 669 secundi
2755 611 2968 666 concilii
3011 609 3164 663 aﬂ'nit
3191 606 3346 662 Actis
3372 605 3609 672 ejusdem
3641 604 3863 671 episco-

2262 715 2363 767 pus
2392 698 2519 760 Lco,
2551 697 2645 753 sed
2673 695 2763 762 qui
2792 693 3140 748 vitiosissime
3158 706 3210 758 p.
3246 690 3308 744 5i
3346 689 3555 749 πόλεως
3595 686 3868 754 Ἀμίνσου

2263 790 2317 836 et
2345 796 2396 850 p.
2427 781 2523 835 591
2565 777 2810 846 Μιζούης
2841 777 3064 840 dicitur,
3090 773 3285 827 melius
3314 785 3367 839 ι).
3403 768 3528 824 551.
3566 769 3736 837 Digna
3765 768 3874 819 ita-

2263 880 2369 932 que
2398 863 2574 918 fuerat
2601 877 2721 930 quae
2757 861 2808 914 in
2844 857 3181 928 Geographia
3227 855 3290 910 ὃ.
3325 854 3508 907 locum
3536 858 3865 918 occuparet.

2265 946 2401 1001 Vide
2429 947 2554 1000 Ant.
2600 945 2731 998 Itin.
2765 959 2819 1014 p.
2865 940 2970 996 142
3003 958 3016 993 :
3055 956 3176 994 nam
3212 937 3343 1008 ρεγὲ
3375 946 3434 991 ut
3474 938 3650 990 denuo
3691 933 3872 1000 expli-

2266 1046 2476 1095 cemus,
2517 1029 2653 1083 nihil
2691 1027 2854 1081 fuerit
2878 1037 3123 1080 necesse.

2336 1113 2471 1168 lbid.
2520 1110 2928 1174 Ἡλιούπολις.
2969 1104 3271 1175 Heliopolin
3295 1102 3521 1159 Galatiae
3540 1100 3660 1154 Vita
3686 1097 3873 1152 Theo-

2267 1198 2384 1252 dori
2424 1197 2669 1267 Syceotte
2699 1208 2749 1247 c.
2779 1192 2813 1246 5
2847 1200 2903 1246 et
2927 1190 2961 1244 9
2994 1197 3263 1245 memorat
3290 1206 3306 1254 ;
3336 1197 3594 1267 praeterea
3626 1183 3869 1267 Melipb:

2271 1260 2507 1345 thongus
2543 1269 2968 1325 Ἦλιουπολιτῶν
3013 1267 3348 1322 Chalcedon.
3389 1263 3624 1319 concilio
3659 1278 3717 1332 p.
3761 1260 3871 1314 195

2268 1358 2550 1412 interest:
2581 1355 2721 1408 unde
2762 1366 2954 1407 sanum
3004 1351 3108 1405 hoc
3147 1361 3272 1403 esse
3317 1347 3547 1412 diceres,
3589 1345 3866 1413 siquidem

2269 1447 2323 1494 et
2353 1450 2562 1493 caetera:
2586 1434 2805 1489 Notitiaa
2831 1432 3164 1503 conspirent.
3190 1430 3519 1498 Corruptum
3552 1438 3730 1478 tamen
3759 1435 3872 1485 est,

2269 1523 2405 1576 etin
2449 1518 2826 1579 Ἰουλιούπολις
2879 1515 3224 1579 mutandum,
3273 1523 3384 1566 tum
3437 1511 3578 1579 quod
3632 1507 3872 1575 Mcliph-

2273 1605 2507 1673 thongus
2542 1610 2855 1658 constanter
2893 1601 3042 1666 alibi,
3075 1610 3134 1652 ut
3165 1599 3342 1669 p.245
3379 1607 3433 1652 et
3461 1595 3566 1650 662
3603 1592 3874 1647 ἰουλιου-

2271 1688 2480 1751 πόλεως
2531 1687 2828 1752 scribatur,
2864 1694 2917 1739 et
2949 1683 3182 1738 concilio
3236 1681 3654 1746 Constantinop’.
3705 1676 3876 1730 tertio

2272 1786 2325 1840 p.
2370 1772 2468 1826 501
2514 1771 2805 1841 Martyrius
2834 1768 2938 1838 τῆς
2989 1763 3449 1820 Ἰουλιουπολιτῶν
3489 1764 3719 1824 πόλεως,
3767 1761 3875 1829 τῆς

2274 1854 2499 1926 πρώτης
2551 1854 2661 1906 τῶν
2714 1851 2974 1908 Γαλατῶν
3028 1849 3300 1920 ἐπαρχίας
3350 1847 3687 1917 appelletur;
3750 1854 3872 1926 tum

2274 1938 2516 1991 maxime
2545 1936 2688 2005 quod
2723 1935 2866 1989 nulla
2917 1935 2970 1988 in
3002 1933 3215 1989 Galatia
3245 1930 3406 1986 fuerit
3441 1928 3756 1997 Heliopolis.
3793 1925 3878 1980 De

2272 2018 2524 2088 Juliopoli
2555 2019 2682 2072 Ant.
2715 2016 2909 2072 Itiner.
2943 2034 2998 2085 p.
3029 2016 3155 2070 142.
3229 2036 3233 2038 ·

2347 2103 2483 2158 lbid.
2529 2102 2834 2167 Γαλατίας
2879 2099 3312 2167 Σαλουταρίας.
3355 2094 3623 2151 Calatiam
3673 2107 3878 2147 secun-

2274 2186 2400 2241 dam
2454 2185 2684 2256 appellat
2741 2184 3041 2239 concilium‘
3087 2181 3510 2247 Constantinop.
3546 2181 3771 2231 tertium
3817 2185 3875 2228 et

2274 2270 2473 2337 passim
2509 2269 2623 2323 alii.
2658 2268 2874 2324 Zosimo
2907 2279 2990 2322 est
3017 2267 3049 2337 ἡ
3085 2265 3228 2319 κατὰ
3253 2263 3498 2333 Φρυγίαν
3521 2260 3761 2314 Γαλατία
3790 2273 3876 2324 Iv,

2276 2351 2328 2418 7,
2357 2354 2495 2420 quod
2528 2351 2780 2422 Phrygiae
2807 2360 2954 2404 esset
2983 2349 3235 2402 finitima.
3273 2345 3499 2400 Notitiaz
3522 2342 3876 2409 imp.0rient.

2274 2448 2324 2489 c.
2360 2435 2416 2496 1,
2449 2435 2522 2487 uti
2555 2445 2764 2496 nostro,
2799 2431 3009 2487 Galatia
3050 2431 3326 2491 salutaris,
3358 2429 3573 2496 prmsidi
3599 2426 3875 2491 subjecta.

2345 2517 2482 2574 lbid.
2515 2516 2579 2572 D.
2617 2513 2928 2580 Πισινοῦς.
2974 2514 3164 2569 Verius
3194 2512 3513 2574 Πεσσινοῦς,
3560 2510 3642 2563 vel
3694 2509 3870 2560 Πεσι-

2276 2599 2422 2664 νοῦς,
2453 2601 2518 2654 de
2543 2614 2646 2669 qua
2679 2599 2748 2652 A.
2787 2597 2914 2654 Itin.
2965 2615 3017 2668 p.
3049 2596 3177 2651 201.
3219 2596 3535 2665 Metropolis
3572 2591 3875 2657 provincia:

2275 2690 2439 2747 erat;
2473 2684 2616 2736 unde
2653 2682 2703 2734 in
2747 2681 2979 2735 concilio
3021 2677 3438 2746 Constantinop.
3479 2676 3640 2730 tertio
3682 2688 3736 2742 p.
3767 2672 3880 2726 665

2276 2765 2668 2820 Constantinus
2694 2764 3122 2818 Πεσσινουντὶων
3144 2764 3242 2834 τῆς
3263 2763 3526 2833 δευτέρας
3543 2760 3650 2813 τῶν
3683 2758 3866 2811 Γαλαο

2276 2847 2385 2899 τῶν
2419 2846 2688 2918 ἐπαρχίας
2737 2849 2881 2901 iuter
2929 2845 3378 2915 metrOpolitanos
3421 2852 3876 2898 conntnueratur.

2278 2929 2416 2985 Viue
2442 2931 2712 2986 Theodori
2743 2931 2989 3002 Syceota
3022 2946 3072 2984 c.
3113 2929 3174 2996 U
3210 2929 3618 2985 Pessinuntiam
3666 2936 3878 2980 metro-

2275 3015 2436 3083 polis,
2470 3014 2612 3068 haud
2645 3015 2805 3069 dubie
2835 3015 3051 3084 quodin
3081 3011 3268 3068 Graeco
3304 3011 3513 3066 ineSsel
3534 3011 3876 3063 Haaotvow-

2275 3097 2407 3149 τίων
2433 3097 2788 3167 μητρόπολις.

2350 3180 2486 3236 lbid.
2506 3179 3017 3250 Ῥεγεμαυρέκιον.
3033 3177 3124 3234 Sic
3147 3193 3274 3234 mss.
3289 3217 3303 3242 ,
3320 3176 3464 3233 unde
3489 3177 3662 3231 vicum
3682 3175 3878 3240 luisse,

2279 3278 2440 3332 quem
2468 3263 2646 3334 legere
2679 3280 2783 3319 non
2822 3263 3068 3325 memini,
3097 3271 3338 3330 apparet.

2350 3347 2487 3402 lbid.
2524 3348 2890 3416 Πητινησός.
2917 3345 3033 3400 Νοιι
3059 3347 3166 3400 alia
3197 3355 3282 3400 est
3309 3359 3374 3398 ac
3397 3343 3674 3399 Ptolemaei
3704 3344 3880 3397 Πετε-

2278 3433 2446 3494 νισός,
2497 3431 2634 3499 sive,
2668 3439 2724 3483 ut
2763 3431 2934 3485 Palat.
2971 3441 3025 3487 et
3061 3429 3290 3485 Coislin.
3323 3443 3479 3494 mss.,
3506 3428 3879 3500 Πετενησσός.

2278 3513 2453 3569 Habet
2481 3524 2532 3568 et
2563 3513 2762 3569 Notitia
2797 3512 2914 3569 Jac.
2942 3513 3130 3576 Goari.
3873 3529 3878 3533 ν

2351 3597 2487 3654 lbid.
2510 3596 2775 3666 Διώριον.
2809 3597 3099 3663 Putabam,
3136 3610 3258 3652 cum
3291 3595 3528 3667 primum
3572 3595 3675 3650 hoc
3714 3594 3880 3665 Oppi-

2278 3681 2405 3736 dum
2435 3682 2865 3744 considerarem,
2886 3683 3060 3737 lucem
3095 3682 3224 3737 hinc
3249 3690 3416 3750 atque
3441 3680 3698 3735 atixilium
3729 3681 3886 3735 acci-

2281 3778 2410 3835 pere
2451 3763 2844 3821 Pbilostratum
2898 3765 3010 3821 Vit.
3051 3764 3288 3834 Sep/tiu.
3340 3780 3402 3831 ιι,
3455 3764 3514 3818 ll
3572 3779 3730 3834 posse
3774 3763 3879 3817 καὶ

2293 3847 2527 3911 Ἀκύλας
2558 3848 2586 3900 ὁ
2628 3849 2694 3902 ἐκ
2734 3849 2834 3919 τῆς
2877 3847 3044 3903 ὲώλου
3087 3847 3355 3911 Γαλατίας
3395 3866 3408 3902 :
3443 3849 3611 3902 latere
3640 3847 3784 3900 enim
3815 3847 3875 3899 in

2280 3946 2414 3987 voce
2460 3931 2625 3986 ὲώλου
2667 3931 2893 3988 Galatia:
2929 3933 3217 4000 quamdam
3253 3930 3446 3986 urbem
3488 3930 3690 3984 dudum
3736 3929 3872 3983 mihi

2281 4031 2695 4092 persuaseram,
2732 4016 3081 4086 mirabarque
3127 4016 3504 4071 doctissimum
3551 4012 3826 4067 Olearinm
3855 4052 3870 4076 ,

2283 4111 2467 4170 spreta
2509 4100 2763 4156 Salmasii
2805 4099 3200 4164 admonitione,
3231 4097 3552 4154 orientalem
3598 4097 3868 4152 Galatiam

2281 4183 2530 4249 vertisse,
2565 4193 2622 4238 et
2661 4184 2808 4238 serio
2854 4183 3162 4239 defendisse
3197 4181 3364 4235 ἕωλον
3397 4179 3670 4234 Γαλατίαν
3701 4191 3874 4243 recte,

2283 4267 2328 4321 si
2360 4275 2668 4337 opponatur
2694 4265 2880 4321 Gallia:
2914 4266 3211 4334 Europaeis,
3242 4263 3372 4326 dici,
3410 4264 3708 4332 praesertim
3744 4277 3874 4315 cum

2284 4365 2442 4404 nemo
2471 4349 2782 4404 Crzecorum
2811 4351 2956 4416 (nam
2984 4347 3237 4417 llesychii
3274 4349 3435 4402 verba
3461 4346 3717 4400 aliorsum
3743 4361 3877 4413 spe-

2283 4433 2450 4500 ctant)
2487 4444 2582 4486 aut
2622 4433 2884 4487 Galatiam
2916 4443 3007 4485 aut
3033 4434 3194 4486 aliam
3225 4431 3474 4500 quamvis
3505 4430 3571 4482 ad
3596 4431 3874 4482 orientem

2284 4520 2513 4584 positam
2543 4517 2817 4586 regionem
2847 4516 2939 4570 tali
2972 4515 3128 4570 titulo
3147 4515 3378 4569 omarit.
3411 4512 3704 4581 Postquam
3735 4527 3874 4566 vero

2282 4598 2515 4670 Αίώριον
2551 4613 2777 4668 pravum
2817 4614 2939 4654 esse
2971 4598 3354 4662 animadverti,
3389 4595 3627 4664 suspicio
3655 4596 3876 4661 incidit,

2285 4682 2550 4739 fuissetne
2598 4682 2725 4738 olim
2778 4683 2843 4736 ὲκ
2891 4682 2992 4752 τῆς
3049 4681 3261 4735 Ὠλένου
3294 4679 3564 4742 Γαλατίας
3592 4679 3645 4732 in
3687 4676 3876 4732 Philo-

2283 4777 2484 4834 strato;
2516 4781 2674 4835 quam
2699 4765 3068 4833 conjecturam
3095 4764 3368 4819 Ptolemaei
3393 4763 3716 4818 auctoritate
3738 4777 3879 4815 con-

2285 4852 2602 4915 stabilitam,
2629 4852 2801 4906 donec
2833 4863 2965 4904 mss.
2998 4849 3144 4904 aliud
3174 4848 3464 4917 iusserint,
3496 4857 3876 4916 autsperneu-

2284 4935 2410 4990 dam
2437 4936 2689 4990 arbitrer.
2715 4937 2772 4987 ‘A
2784 4933 2990 5006 μώριόν
3014 4933 3156 4988 idem
3181 4941 3348 4988 est—ac
3369 4929 3623 5002 Αίώριον,
3644 4932 3877 4998 ejuSque

2283 5019 2463 5074 vitiosi
2493 5019 2670 5075 locum
2697 5037 2969 5091 occupare
2999 5020 3160 5076 debet
3190 5035 3206 5072 :
3232 5017 3333 5072 etsi
3359 5019 3506 5073 enim
3535 5017 3588 5070 id
3613 5016 3873 5084 oppidum

2285 5118 2316 5156 a
2353 5104 2535 5158 multis
2563 5102 3126 5173 Phrygiae/tribuitur,
3161 5100 3337 5156 serior
3380 5109 3565 5155 tanien
3593 5111 3724 5153 anas
3753 5096 3872 5151 Ca-

2285 5186 2428 5240 latiae
2475 5185 2726 5240 secundae
2781 5187 3091 5248 accensuit,
3146 5194 3208 5239 ut
3262 5183 3679 5252 Constantinop.
3736 5189 3873 5237 tert.

2286 5286 2339 5337 p.
2376 5269 2502 5334 67-2,
2533 5269 2621 5324 cui
2654 5267 2972 5324 Theodorus
3016 5269 3286 5339 Ἀμωρίου
3329 5267 3431 5337 τῆς
3471 5266 3726 5337 δευτέρας
3757 5263 3874 5319 τῶν

2286 5353 2544 5408 Γαλατῶν
2573 5353 2843 5423 ἐπαρχίας
2874 5353 3160 5408 scribendo
3185 5350 3360 5405 aﬂ'uit.

2359 5436 2491 5494 lbid.
2547 5434 2842 5503 Κλάνεος.
2898 5435 2989 5490 Sic
3019 5448 3174 5498 mss.,
3205 5447 3437 5503 quorum
3487 5431 3874 5488 auctoritatem

2285 5537 2391 5575 non
2413 5535 2532 5574 esse
2557 5522 2916 5588 spernendam
2943 5517 3196 5573 Salomon
3224 5517 3468 5572 Κλανέου
3491 5516 3588 5584 τῆς
3609 5515 3876 5584 δευτέρας

2282 5603 2394 5658 τῶν
2438 5602 2693 5658 Γαλατῶν
2724 5601 2996 5673 ἐπαρχίας
3037 5600 3452 5670 Constantinop.
3487 5609 3614 5654 tert.
3660 5615 3713 5668 p.
3766 5599 3876 5655 50‘

2284 5697 2340 5744 et
2366 5687 2471 5742 672
2509 5698 2561 5742 et
2603 5687 2938 5757 Nieepborus
2967 5685 3210 5739 Κλανὲου
3254 5681 3462 5740 Nician.
3500 5699 3612 5738 sec.
3659 5699 3713 5752 p.
3765 5681 3874 5738 555

2286 5773 2596 5828 ostendunt.
2631 5770 2771 5824 Maie
2801 5771 2917 5825 haec
2949 5770 3078 5824 urbs
3104 5784 3168 5824 ex
3199 5765 3534 5837 Geograpltia
3565 5766 3624 5821 S.
3658 5766 3866 5820 exulat.

2365 5855 2500 5912 lbid.
2543 5852 2993 5925 Ἵέγετνακάδη.
3025 5851 3098 5909 Ita
3117 5868 3143 5907 υ
3168 5867 3302 5909 mss.
3329 5851 3599 5922 profertur
3627 5867 3641 5906 :
3685 5857 3872 5906 tamen
