  <div class='ocr_page' id='page_1' title='image "/cluster/home/n/w/nwhite01/storage/ocr_20150623/113:no.2/coo.31924054870179/588.png"; bbox 0 0 4170 6422; ppageno 0'>
   <div class='ocr_carea' id='block_1_1' title="bbox 334 287 475 355">
    <p class='ocr_par' dir='ltr' id='par_1_1' title="bbox 334 287 475 355">
     <span class='ocr_line' id='line_1_1' title="bbox 334 287 475 355; baseline -0.014 0"><span class='ocrx_word' id='word_1_1' title='bbox 334 287 475 355; x_wconf 79' lang='grc'><strong>1153</strong></span> 
     </span>
    </p>
   </div>
   <div class='ocr_carea' id='block_1_2' title="bbox 1178 294 2736 366">
    <p class='ocr_par' dir='ltr' id='par_1_2' title="bbox 1178 294 2736 366">
     <span class='ocr_line' id='line_1_2' title="bbox 1178 294 2736 366; baseline 0.008 -11"><span class='ocrx_word' id='word_1_2' title='bbox 1178 294 1576 358; x_wconf 85' lang='lat' dir='ltr'><strong>COMMENT.</strong></span> <span class='ocrx_word' id='word_1_3' title='bbox 1621 294 1702 355; x_wconf 85' lang='lat' dir='ltr'><strong>IN</strong></span> <span class='ocrx_word' id='word_1_4' title='bbox 1746 294 2162 358; x_wconf 82' lang='lat' dir='ltr'><strong>HIEROCLIS</strong></span> <span class='ocrx_word' id='word_1_5' title='bbox 2197 299 2736 366; x_wconf 85' lang='lat' dir='ltr'><strong>SYNECDEMUM.</strong></span> 
     </span>
    </p>
   </div>
   <div class='ocr_carea' id='block_1_3' title="bbox 3460 311 3604 377">
    <p class='ocr_par' dir='ltr' id='par_1_3' title="bbox 3460 311 3604 377">
     <span class='ocr_line' id='line_1_3' title="bbox 3460 311 3604 377; baseline 0.014 -2"><span class='ocrx_word' id='word_1_6' title='bbox 3460 311 3604 377; x_wconf 76' lang='grc'><strong>1151</strong></span> 
     </span>
    </p>
   </div>
   <div class='ocr_carea' id='block_1_4' title="bbox 334 405 3618 493">
    <p class='ocr_par' dir='ltr' id='par_1_4' title="bbox 334 405 3618 493">
     <span class='ocr_line' id='line_1_4' title="bbox 334 405 3618 493; baseline 0.008 -31"><span class='ocrx_word' id='word_1_7' title='bbox 334 405 670 493; x_wconf 70' lang='lat' dir='ltr'><strong>Ilolsteinius</strong></span> <span class='ocrx_word' id='word_1_8' title='bbox 701 406 765 493; x_wconf 80' lang='lat' dir='ltr'><strong>in</strong></span> <span class='ocrx_word' id='word_1_9' title='bbox 813 405 1106 493; x_wconf 64' lang='lat' dir='ltr'><strong>Geograpli.</strong></span> <span class='ocrx_word' id='word_1_10' title='bbox 1147 407 1206 462; x_wconf 87' lang='lat' dir='ltr'><strong>S.</strong></span> <span class='ocrx_word' id='word_1_11' title='bbox 1242 424 1404 493; x_wconf 83' lang='lat' dir='ltr'><strong>manu</strong></span> <span class='ocrx_word' id='word_1_12' title='bbox 1440 415 1722 493; x_wconf 82' lang='lat' dir='ltr'><strong>exaratum</strong></span> <span class='ocrx_word' id='word_1_13' title='bbox 1768 409 1923 462; x_wconf 77' lang='lat' dir='ltr'><strong>codi-</strong></span> <span class='ocrx_word' id='word_1_14' title='bbox 2034 420 2275 466; x_wconf 81' lang='lat' dir='ltr'><strong>veterem</strong></span> <span class='ocrx_word' id='word_1_15' title='bbox 2325 414 2690 482; x_wconf 70' lang='lat' dir='ltr'><strong>dignationem</strong></span> <span class='ocrx_word' id='word_1_16' title='bbox 2746 418 3006 476; x_wconf 63' lang='grc' dir='ltr'>θέσεσι-θαι</span> <span class='ocrx_word' id='word_1_17' title='bbox 3048 423 3341 482; x_wconf 86' lang='lat' dir='ltr'><strong>stabilitatn</strong></span> <span class='ocrx_word' id='word_1_18' title='bbox 3396 428 3618 493; x_wconf 76' lang='lat' dir='ltr'><strong>Firmus</strong></span> 
     </span>
    </p>
   </div>
   <div class='ocr_carea' id='block_1_5' title="bbox 327 488 1916 562">
    <p class='ocr_par' dir='ltr' id='par_1_5' title="bbox 327 488 1916 562">
     <span class='ocr_line' id='line_1_5' title="bbox 327 488 1916 562; baseline -0.001 -16"><span class='ocrx_word' id='word_1_19' title='bbox 327 505 447 546; x_wconf 86' lang='lat' dir='ltr'><strong>cem</strong></span> <span class='ocrx_word' id='word_1_20' title='bbox 466 488 748 544; x_wconf 83' lang='lat' dir='ltr'><strong>Trocnada</strong></span> <span class='ocrx_word' id='word_1_21' title='bbox 776 493 890 545; x_wconf 88' lang='lat' dir='ltr'><strong>sive</strong></span> <span class='ocrx_word' id='word_1_22' title='bbox 930 490 1357 562; x_wconf 84' lang='grc' dir='ltr'>Ῥεγετρόκναδα</span> <span class='ocrx_word' id='word_1_23' title='bbox 1407 491 1667 560; x_wconf 65' lang='lat' dir='ltr'><strong>praeferre</strong></span> <span class='ocrx_word' id='word_1_24' title='bbox 1715 501 1916 556; x_wconf 91' lang='lat' dir='ltr'><strong>monet,</strong></span> 
     </span>
    </p>
   </div>
   <div class='ocr_carea' id='block_1_6' title="bbox 327 573 1920 644">
    <p class='ocr_par' dir='ltr' id='par_1_6' title="bbox 327 573 1920 644">
     <span class='ocr_line' id='line_1_6' title="bbox 327 573 1920 644; baseline -0.001 -16"><span class='ocrx_word' id='word_1_25' title='bbox 327 573 476 642; x_wconf 79' lang='lat' dir='ltr'><strong>quod</strong></span> <span class='ocrx_word' id='word_1_26' title='bbox 503 573 620 627; x_wconf 86' lang='lat' dir='ltr'><strong>sine</strong></span> <span class='ocrx_word' id='word_1_27' title='bbox 646 573 811 628; x_wconf 91' lang='lat' dir='ltr'><strong>dubio</strong></span> <span class='ocrx_word' id='word_1_28' title='bbox 837 574 1042 629; x_wconf 89' lang='lat' dir='ltr'><strong>rectius</strong></span> <span class='ocrx_word' id='word_1_29' title='bbox 1068 583 1154 628; x_wconf 91' lang='lat' dir='ltr'><strong>est</strong></span> <span class='ocrx_word' id='word_1_30' title='bbox 1185 592 1200 629; x_wconf 89' lang='lat'><strong>:</strong></span> <span class='ocrx_word' id='word_1_31' title='bbox 1228 589 1351 627; x_wconf 90' lang='lat' dir='ltr'><strong>nam</strong></span> <span class='ocrx_word' id='word_1_32' title='bbox 1383 583 1441 628; x_wconf 90' lang='lat' dir='ltr'><strong>et</strong></span> <span class='ocrx_word' id='word_1_33' title='bbox 1463 574 1727 644; x_wconf 88' lang='lat' dir='ltr'><strong>Cyriacus</strong></span> <span class='ocrx_word' id='word_1_34' title='bbox 1781 573 1920 644; x_wconf 84' lang='grc' dir='ltr'>Τρο-</span> 
     </span>
    </p>
   </div>
   <div class='ocr_carea' id='block_1_7' title="bbox 326 655 1918 728">
    <p class='ocr_par' dir='ltr' id='par_1_7' title="bbox 326 655 1918 728">
     <span class='ocr_line' id='line_1_7' title="bbox 326 655 1918 728; baseline 0.003 -22"><span class='ocrx_word' id='word_1_35' title='bbox 326 657 540 712; x_wconf 81' lang='grc' dir='ltr'>κνάδων</span> <span class='ocrx_word' id='word_1_36' title='bbox 573 655 975 724; x_wconf 83' lang='lat' dir='ltr'><strong>Chalcedon.p.</strong></span> <span class='ocrx_word' id='word_1_37' title='bbox 1006 657 1133 717; x_wconf 78' lang='lat'><strong>665,</strong></span> <span class='ocrx_word' id='word_1_38' title='bbox 1153 666 1206 712; x_wconf 92' lang='lat' dir='ltr'><strong>et</strong></span> <span class='ocrx_word' id='word_1_39' title='bbox 1236 657 1557 712; x_wconf 87' lang='lat' dir='ltr'><strong>Theodorus</strong></span> <span class='ocrx_word' id='word_1_40' title='bbox 1593 656 1918 728; x_wconf 83' lang='grc' dir='ltr'>Τροκνάδων</span> 
     </span>
    </p>
   </div>
   <div class='ocr_carea' id='block_1_8' title="bbox 325 737 1918 811">
    <p class='ocr_par' dir='ltr' id='par_1_8' title="bbox 325 737 1918 811">
     <span class='ocr_line' id='line_1_8' title="bbox 325 737 1918 811; baseline -0.001 -17"><span class='ocrx_word' id='word_1_41' title='bbox 325 743 428 811; x_wconf 82' lang='grc' dir='ltr'>τῆς</span> <span class='ocrx_word' id='word_1_42' title='bbox 450 737 712 810; x_wconf 77' lang='grc' dir='ltr'><strong>δευτέρας</strong></span> <span class='ocrx_word' id='word_1_43' title='bbox 741 737 999 792; x_wconf 81' lang='grc' dir='ltr'><strong>Γαλατῶν</strong></span> <span class='ocrx_word' id='word_1_44' title='bbox 1023 741 1295 811; x_wconf 71' lang='grc' dir='ltr'>ἐπαρχίας</span> <span class='ocrx_word' id='word_1_45' title='bbox 1313 740 1734 808; x_wconf 84' lang='lat' dir='ltr'><strong>Constantinop.</strong></span> <span class='ocrx_word' id='word_1_46' title='bbox 1759 741 1918 793; x_wconf 87' lang='lat' dir='ltr'><strong>tertio</strong></span> 
     </span>
    </p>
   </div>
   <div class='ocr_carea' id='block_1_9' title="bbox 329 820 1919 893">
    <p class='ocr_par' dir='ltr' id='par_1_9' title="bbox 329 820 1919 893">
     <span class='ocr_line' id='line_1_9' title="bbox 329 820 1919 893; baseline 0 -16"><span class='ocrx_word' id='word_1_47' title='bbox 329 838 384 893; x_wconf 91' lang='lat' dir='ltr'><strong>p.</strong></span> <span class='ocrx_word' id='word_1_48' title='bbox 418 820 546 885; x_wconf 89' lang='grc'>672,</span> <span class='ocrx_word' id='word_1_49' title='bbox 575 830 629 876; x_wconf 93' lang='lat' dir='ltr'><strong>et</strong></span> <span class='ocrx_word' id='word_1_50' title='bbox 661 820 829 876; x_wconf 87' lang='lat' dir='ltr'><strong>Leon.</strong></span> <span class='ocrx_word' id='word_1_51' title='bbox 866 821 1190 893; x_wconf 78' lang='grc' dir='ltr'>Τροκνάδων</span> <span class='ocrx_word' id='word_1_52' title='bbox 1226 823 1443 877; x_wconf 44' lang='lat' dir='ltr'><strong>Niceno</strong></span> <span class='ocrx_word' id='word_1_53' title='bbox 1475 823 1716 877; x_wconf 89' lang='lat' dir='ltr'><strong>secundo</strong></span> <span class='ocrx_word' id='word_1_54' title='bbox 1729 837 1781 891; x_wconf 93' lang='lat' dir='ltr'><strong>p.</strong></span> <span class='ocrx_word' id='word_1_55' title='bbox 1813 821 1919 877; x_wconf 75' lang='lat'><strong>555</strong></span> 
     </span>
    </p>
   </div>
   <div class='ocr_carea' id='block_1_10' title="bbox 327 902 1914 974">
    <p class='ocr_par' dir='ltr' id='par_1_10' title="bbox 327 902 1914 974">
     <span class='ocr_line' id='line_1_10' title="bbox 327 902 1914 974; baseline -0.001 -17"><span class='ocrx_word' id='word_1_56' title='bbox 327 903 646 960; x_wconf 82' lang='lat' dir='ltr'><strong>subscribit.</strong></span> <span class='ocrx_word' id='word_1_57' title='bbox 680 903 946 970; x_wconf 83' lang='lat' dir='ltr'><strong>Quoniam</strong></span> <span class='ocrx_word' id='word_1_58' title='bbox 992 918 1122 959; x_wconf 87' lang='lat' dir='ltr'><strong>vero</strong></span> <span class='ocrx_word' id='word_1_59' title='bbox 1154 902 1439 974; x_wconf 83' lang='lat' dir='ltr'><strong>Cyriacus,</strong></span> <span class='ocrx_word' id='word_1_60' title='bbox 1483 903 1639 974; x_wconf 84' lang='lat' dir='ltr'><strong>cujus</strong></span> <span class='ocrx_word' id='word_1_61' title='bbox 1671 903 1914 968; x_wconf 90' lang='lat' dir='ltr'><strong>memini,</strong></span> 
     </span>
    </p>
   </div>
   <div class='ocr_carea' id='block_1_11' title="bbox 327 986 1916 1057">
    <p class='ocr_par' dir='ltr' id='par_1_11' title="bbox 327 986 1916 1057">
     <span class='ocr_line' id='line_1_11' title="bbox 327 986 1916 1057; baseline 0.003 -19"><span class='ocrx_word' id='word_1_62' title='bbox 327 986 667 1056; x_wconf 86' lang='grc' dir='ltr'>Τροκμάδων</span> <span class='ocrx_word' id='word_1_63' title='bbox 704 987 756 1041; x_wconf 92' lang='lat' dir='ltr'><strong>in</strong></span> <span class='ocrx_word' id='word_1_64' title='bbox 787 987 1044 1042; x_wconf 84' lang='lat' dir='ltr'><strong>Chalced.</strong></span> <span class='ocrx_word' id='word_1_65' title='bbox 1079 1003 1134 1057; x_wconf 89' lang='lat' dir='ltr'><strong>p.</strong></span> <span class='ocrx_word' id='word_1_66' title='bbox 1169 987 1272 1042; x_wconf 80' lang='grc'><strong>125</strong></span> <span class='ocrx_word' id='word_1_67' title='bbox 1302 997 1358 1042; x_wconf 89' lang='lat' dir='ltr'><strong>et</strong></span> <span class='ocrx_word' id='word_1_68' title='bbox 1385 987 1490 1042; x_wconf 77' lang='lat'><strong>509</strong></span> <span class='ocrx_word' id='word_1_69' title='bbox 1517 986 1738 1052; x_wconf 86' lang='lat' dir='ltr'><strong>dicitur,</strong></span> <span class='ocrx_word' id='word_1_70' title='bbox 1779 987 1916 1042; x_wconf 79' lang='lat' dir='ltr'><strong>forte</strong></span> 
     </span>
    </p>
   </div>
   <div class='ocr_carea' id='block_1_12' title="bbox 327 1070 1914 1143">
    <p class='ocr_par' dir='ltr' id='par_1_12' title="bbox 327 1070 1914 1143">
     <span class='ocr_line' id='line_1_12' title="bbox 327 1070 1914 1143; baseline 0.002 -21"><span class='ocrx_word' id='word_1_71' title='bbox 327 1070 626 1143; x_wconf 84' lang='grc' dir='ltr'>Τρὸκμαδα</span> <span class='ocrx_word' id='word_1_72' title='bbox 655 1071 1008 1140; x_wconf 83' lang='lat' dir='ltr'><strong>pra-stiterint</strong></span> <span class='ocrx_word' id='word_1_73' title='bbox 1027 1081 1087 1126; x_wconf 92' lang='lat' dir='ltr'><strong>ut</strong></span> <span class='ocrx_word' id='word_1_74' title='bbox 1115 1088 1143 1126; x_wconf 90' lang='lat' dir='ltr'><strong>a</strong></span> <span class='ocrx_word' id='word_1_75' title='bbox 1171 1070 1438 1135; x_wconf 87' lang='lat' dir='ltr'><strong>Troctnis,</strong></span> <span class='ocrx_word' id='word_1_76' title='bbox 1464 1080 1620 1142; x_wconf 84' lang='lat' dir='ltr'><strong>gente</strong></span> <span class='ocrx_word' id='word_1_77' title='bbox 1648 1070 1914 1137; x_wconf 84' lang='lat' dir='ltr'><strong>Galatica,</strong></span> 
     </span>
    </p>
   </div>
   <div class='ocr_carea' id='block_1_13' title="bbox 328 1154 871 1210">
    <p class='ocr_par' dir='ltr' id='par_1_13' title="bbox 328 1154 871 1210">
     <span class='ocr_line' id='line_1_13' title="bbox 328 1154 871 1210; baseline 0.006 -3"><span class='ocrx_word' id='word_1_78' title='bbox 328 1170 526 1208; x_wconf 83' lang='lat' dir='ltr'><strong>nomen</strong></span> <span class='ocrx_word' id='word_1_79' title='bbox 559 1154 871 1210; x_wconf 77' lang='lat' dir='ltr'><strong>descendat.</strong></span> 
     </span>
    </p>
   </div>
   <div class='ocr_carea' id='block_1_14' title="bbox 399 1236 1916 1304">
    <p class='ocr_par' dir='ltr' id='par_1_14' title="bbox 399 1236 1916 1304">
     <span class='ocr_line' id='line_1_14' title="bbox 399 1236 1916 1304; baseline 0.002 -13"><span class='ocrx_word' id='word_1_80' title='bbox 399 1237 515 1294; x_wconf 90' lang='lat' dir='ltr'><strong>Col.</strong></span> <span class='ocrx_word' id='word_1_81' title='bbox 538 1237 658 1292; x_wconf 68' lang='lat'><strong>“9.</strong></span> <span class='ocrx_word' id='word_1_82' title='bbox 679 1236 1156 1304; x_wconf 64' lang='lat' dir='ltr'><strong>EddoEtchIaud</strong></span> <span class='ocrx_word' id='word_1_83' title='bbox 1176 1236 1734 1303; x_wconf 78' lang='lat' dir='ltr'><strong>mnltumdisjunctam</strong></span> <span class='ocrx_word' id='word_1_84' title='bbox 1751 1239 1916 1294; x_wconf 83' lang='lat' dir='ltr'><strong>fuisse</strong></span> 
     </span>
    </p>
   </div>
   <div class='ocr_carea' id='block_1_15' title="bbox 323 1321 1914 1392">
    <p class='ocr_par' dir='ltr' id='par_1_15' title="bbox 323 1321 1914 1392">
     <span class='ocr_line' id='line_1_15' title="bbox 323 1321 1914 1392; baseline 0.001 -16"><span class='ocrx_word' id='word_1_85' title='bbox 323 1337 354 1376; x_wconf 72' lang='grc' dir='ltr'><strong><em>ι</em></strong></span> <span class='ocrx_word' id='word_1_86' title='bbox 388 1322 730 1376; x_wconf 85' lang='lat' dir='ltr'><strong>Germiorum</strong></span> <span class='ocrx_word' id='word_1_87' title='bbox 763 1323 1002 1388; x_wconf 79' lang='lat' dir='ltr'><strong>civitate,</strong></span> <span class='ocrx_word' id='word_1_88' title='bbox 1052 1337 1119 1378; x_wconf 89' lang='lat' dir='ltr'><strong>cx</strong></span> <span class='ocrx_word' id='word_1_89' title='bbox 1173 1321 1289 1376; x_wconf 82' lang='lat' dir='ltr'><strong>Vita</strong></span> <span class='ocrx_word' id='word_1_90' title='bbox 1338 1322 1606 1377; x_wconf 88' lang='lat' dir='ltr'><strong>Theodori</strong></span> <span class='ocrx_word' id='word_1_91' title='bbox 1669 1322 1914 1392; x_wconf 73' lang='lat' dir='ltr'><strong>Syceotte</strong></span> 
     </span>
    </p>
   </div>
   <div class='ocr_carea' id='block_1_16' title="bbox 323 1403 1914 1476">
    <p class='ocr_par' dir='ltr' id='par_1_16' title="bbox 323 1403 1914 1476">
     <span class='ocr_line' id='line_1_16' title="bbox 323 1403 1914 1476; baseline -0.001 -17"><span class='ocrx_word' id='word_1_92' title='bbox 323 1420 378 1462; x_wconf 90' lang='lat' dir='ltr'><strong>c.</strong></span> <span class='ocrx_word' id='word_1_93' title='bbox 395 1420 485 1459; x_wconf 89' lang='lat' dir='ltr'><strong>vtu</strong></span> <span class='ocrx_word' id='word_1_94' title='bbox 515 1415 758 1473; x_wconf 83' lang='lat' dir='ltr'><strong>apparet.</strong></span> <span class='ocrx_word' id='word_1_95' title='bbox 777 1403 911 1474; x_wconf 84' lang='lat' dir='ltr'><strong>Ejus</strong></span> <span class='ocrx_word' id='word_1_96' title='bbox 935 1405 1223 1476; x_wconf 87' lang='lat' dir='ltr'><strong>episcopus</strong></span> <span class='ocrx_word' id='word_1_97' title='bbox 1251 1405 1476 1474; x_wconf 80' lang='lat' dir='ltr'><strong>Aquilas</strong></span> <span class='ocrx_word' id='word_1_98' title='bbox 1496 1414 1580 1458; x_wconf 88' lang='lat' dir='ltr'><strong>est</strong></span> <span class='ocrx_word' id='word_1_99' title='bbox 1607 1405 1660 1458; x_wconf 92' lang='lat' dir='ltr'><strong>in</strong></span> <span class='ocrx_word' id='word_1_100' title='bbox 1683 1403 1914 1460; x_wconf 78' lang='lat' dir='ltr'><strong>Chalce-</strong></span> 
     </span>
    </p>
   </div>
   <div class='ocr_carea' id='block_1_17' title="bbox 323 1487 1910 1558">
    <p class='ocr_par' dir='ltr' id='par_1_17' title="bbox 323 1487 1910 1558">
     <span class='ocr_line' id='line_1_17' title="bbox 323 1487 1910 1558; baseline 0.001 -18"><span class='ocrx_word' id='word_1_101' title='bbox 323 1490 454 1541; x_wconf 89' lang='lat' dir='ltr'><strong>don.</strong></span> <span class='ocrx_word' id='word_1_102' title='bbox 505 1503 559 1557; x_wconf 92' lang='lat' dir='ltr'><strong>p.</strong></span> <span class='ocrx_word' id='word_1_103' title='bbox 607 1488 734 1552; x_wconf 74' lang='grc'><strong>665,</strong></span> <span class='ocrx_word' id='word_1_104' title='bbox 787 1498 845 1542; x_wconf 85' lang='grc' dir='ltr'><strong>ιιι</strong></span> <span class='ocrx_word' id='word_1_105' title='bbox 888 1503 1174 1558; x_wconf 81' lang='lat' dir='ltr'><strong>perperam</strong></span> <span class='ocrx_word' id='word_1_106' title='bbox 1226 1489 1371 1543; x_wconf 85' lang='lat' dir='ltr'><strong>nulla</strong></span> <span class='ocrx_word' id='word_1_107' title='bbox 1421 1487 1538 1556; x_wconf 84' lang='lat' dir='ltr'><strong>ejus</strong></span> <span class='ocrx_word' id='word_1_108' title='bbox 1584 1487 1655 1541; x_wconf 88' lang='lat' dir='ltr'><strong>sit</strong></span> <span class='ocrx_word' id='word_1_109' title='bbox 1683 1489 1824 1542; x_wconf 87' lang='lat' dir='ltr'><strong>ratio</strong></span> <span class='ocrx_word' id='word_1_110' title='bbox 1855 1488 1910 1542; x_wconf 93' lang='lat' dir='ltr'><strong>in</strong></span> 
     </span>
    </p>
   </div>
   <div class='ocr_carea' id='block_1_18' title="bbox 323 1568 996 1639">
    <p class='ocr_par' dir='ltr' id='par_1_18' title="bbox 323 1568 996 1639">
     <span class='ocr_line' id='line_1_18' title="bbox 323 1568 996 1639; baseline 0.001 -14"><span class='ocrx_word' id='word_1_111' title='bbox 323 1568 658 1639; x_wconf 76' lang='lat' dir='ltr'><strong>Geograpltia</strong></span> <span class='ocrx_word' id='word_1_112' title='bbox 693 1569 753 1625; x_wconf 92' lang='lat' dir='ltr'><strong>S.</strong></span> <span class='ocrx_word' id='word_1_113' title='bbox 789 1571 996 1626; x_wconf 86' lang='lat' dir='ltr'><strong>habita.</strong></span> 
     </span>
    </p>
   </div>
   <div class='ocr_carea' id='block_1_19' title="bbox 394 1653 1909 1724">
    <p class='ocr_par' dir='ltr' id='par_1_19' title="bbox 394 1653 1909 1724">
     <span class='ocr_line' id='line_1_19' title="bbox 394 1653 1909 1724; baseline 0.001 -16"><span class='ocrx_word' id='word_1_114' title='bbox 394 1653 531 1708; x_wconf 86' lang='lat' dir='ltr'><strong>Ibid.</strong></span> <span class='ocrx_word' id='word_1_115' title='bbox 568 1653 894 1723; x_wconf 84' lang='grc' dir='ltr'>Μυρικιῶν.</span> <span class='ocrx_word' id='word_1_116' title='bbox 948 1653 1061 1710; x_wconf 84' lang='lat' dir='ltr'><strong>Hoc</strong></span> <span class='ocrx_word' id='word_1_117' title='bbox 1101 1669 1235 1709; x_wconf 89' lang='lat' dir='ltr'><strong>mss.</strong></span> <span class='ocrx_word' id='word_1_118' title='bbox 1281 1653 1445 1722; x_wconf 89' lang='lat' dir='ltr'><strong>dant;</strong></span> <span class='ocrx_word' id='word_1_119' title='bbox 1487 1667 1586 1708; x_wconf 85' lang='lat' dir='ltr'><strong>nec</strong></span> <span class='ocrx_word' id='word_1_120' title='bbox 1617 1654 1909 1724; x_wconf 84' lang='lat' dir='ltr'><strong>quidquam</strong></span> 
     </span>
    </p>
   </div>
   <div class='ocr_carea' id='block_1_20' title="bbox 321 1735 1910 1807">
    <p class='ocr_par' dir='ltr' id='par_1_20' title="bbox 321 1735 1910 1807">
     <span class='ocr_line' id='line_1_20' title="bbox 321 1735 1910 1807; baseline -0.001 -15"><span class='ocrx_word' id='word_1_121' title='bbox 321 1737 458 1792; x_wconf 87' lang='lat' dir='ltr'><strong>mihi</strong></span> <span class='ocrx_word' id='word_1_122' title='bbox 495 1737 561 1792; x_wconf 92' lang='lat' dir='ltr'><strong>de</strong></span> <span class='ocrx_word' id='word_1_123' title='bbox 608 1739 742 1794; x_wconf 86' lang='lat' dir='ltr'><strong>urbe</strong></span> <span class='ocrx_word' id='word_1_124' title='bbox 787 1739 1047 1802; x_wconf 83' lang='lat' dir='ltr'><strong>innotuit,</strong></span> <span class='ocrx_word' id='word_1_125' title='bbox 1082 1753 1246 1807; x_wconf 89' lang='lat' dir='ltr'><strong>quam</strong></span> <span class='ocrx_word' id='word_1_126' title='bbox 1286 1735 1403 1793; x_wconf 87' lang='lat' dir='ltr'><strong>Jac.</strong></span> <span class='ocrx_word' id='word_1_127' title='bbox 1434 1735 1598 1792; x_wconf 86' lang='lat' dir='ltr'><strong>Goari</strong></span> <span class='ocrx_word' id='word_1_128' title='bbox 1645 1735 1910 1792; x_wconf 74' lang='lat' dir='ltr'><strong>Noti-iam</strong></span> 
     </span>
    </p>
   </div>
   <div class='ocr_carea' id='block_1_21' title="bbox 319 1820 1129 1890">
    <p class='ocr_par' dir='ltr' id='par_1_21' title="bbox 319 1820 1129 1890">
     <span class='ocr_line' id='line_1_21' title="bbox 319 1820 1129 1890; baseline 0.001 -16"><span class='ocrx_word' id='word_1_129' title='bbox 319 1833 431 1876; x_wconf 84' lang='lat' dir='ltr'><strong>non</strong></span> <span class='ocrx_word' id='word_1_130' title='bbox 463 1834 686 1890; x_wconf 82' lang='lat' dir='ltr'><strong>prorsus</strong></span> <span class='ocrx_word' id='word_1_131' title='bbox 705 1834 825 1875; x_wconf 90' lang='lat' dir='ltr'><strong>eam</strong></span> <span class='ocrx_word' id='word_1_132' title='bbox 849 1820 1129 1876; x_wconf 82' lang='lat' dir='ltr'><strong>damnare.</strong></span> 
     </span>
    </p>
   </div>
   <div class='ocr_carea' id='block_1_22' title="bbox 393 1902 1908 1975">
    <p class='ocr_par' dir='ltr' id='par_1_22' title="bbox 393 1902 1908 1975">
     <span class='ocr_line' id='line_1_22' title="bbox 393 1902 1908 1975; baseline 0 -17"><span class='ocrx_word' id='word_1_133' title='bbox 393 1903 530 1959; x_wconf 88' lang='lat' dir='ltr'><strong>Ibid.</strong></span> <span class='ocrx_word' id='word_1_134' title='bbox 587 1905 831 1974; x_wconf 80' lang='grc' dir='ltr'>Γερμία.</span> <span class='ocrx_word' id='word_1_135' title='bbox 889 1903 1338 1975; x_wconf 85' lang='grc' dir='ltr'>Γερμοκολώνεια</span> <span class='ocrx_word' id='word_1_136' title='bbox 1395 1903 1614 1960; x_wconf 73' lang='grc' dir='ltr'><strong>Νοιίιίω</strong></span> <span class='ocrx_word' id='word_1_137' title='bbox 1653 1902 1706 1958; x_wconf 82' lang='lat' dir='ltr'><strong>J.</strong></span> <span class='ocrx_word' id='word_1_138' title='bbox 1744 1903 1908 1960; x_wconf 88' lang='lat' dir='ltr'><strong>Goari</strong></span> 
     </span>
    </p>
   </div>
   <div class='ocr_carea' id='block_1_23' title="bbox 317 1987 1907 2057">
    <p class='ocr_par' dir='ltr' id='par_1_23' title="bbox 317 1987 1907 2057">
     <span class='ocr_line' id='line_1_23' title="bbox 317 1987 1907 2057; baseline 0.001 -15"><span class='ocrx_word' id='word_1_139' title='bbox 317 2002 380 2057; x_wconf 90' lang='lat' dir='ltr'><strong>p.</strong></span> <span class='ocrx_word' id='word_1_140' title='bbox 412 1987 542 2055; x_wconf 70' lang='grc'><strong>544,</strong></span> <span class='ocrx_word' id='word_1_141' title='bbox 577 2003 681 2044; x_wconf 89' lang='lat' dir='ltr'><strong>nec</strong></span> <span class='ocrx_word' id='word_1_142' title='bbox 721 1988 882 2056; x_wconf 86' lang='lat' dir='ltr'><strong>male,</strong></span> <span class='ocrx_word' id='word_1_143' title='bbox 919 1997 978 2042; x_wconf 90' lang='lat' dir='ltr'><strong>ut</strong></span> <span class='ocrx_word' id='word_1_144' title='bbox 1020 1989 1086 2042; x_wconf 89' lang='lat' dir='ltr'><strong>ad</strong></span> <span class='ocrx_word' id='word_1_145' title='bbox 1119 1987 1252 2042; x_wconf 82' lang='lat' dir='ltr'><strong>Itin.</strong></span> <span class='ocrx_word' id='word_1_146' title='bbox 1287 1990 1416 2044; x_wconf 81' lang='lat' dir='ltr'><strong>Ant.</strong></span> <span class='ocrx_word' id='word_1_147' title='bbox 1462 2002 1516 2056; x_wconf 90' lang='lat' dir='ltr'><strong>p.</strong></span> <span class='ocrx_word' id='word_1_148' title='bbox 1551 1987 1652 2042; x_wconf 83' lang='grc'>201</span> <span class='ocrx_word' id='word_1_149' title='bbox 1678 1988 1907 2043; x_wconf 83' lang='lat' dir='ltr'><strong>videbis.</strong></span> 
     </span>
    </p>
   </div>
   <div class='ocr_carea' id='block_1_24' title="bbox 317 2070 1908 2142">
    <p class='ocr_par' dir='ltr' id='par_1_24' title="bbox 317 2070 1908 2142">
     <span class='ocr_line' id='line_1_24' title="bbox 317 2070 1908 2142; baseline -0.001 -14"><span class='ocrx_word' id='word_1_150' title='bbox 317 2070 510 2128; x_wconf 63' lang='lat' dir='ltr'><strong>Etate</strong></span> <span class='ocrx_word' id='word_1_151' title='bbox 537 2073 745 2128; x_wconf 88' lang='lat' dir='ltr'><strong>scriore</strong></span> <span class='ocrx_word' id='word_1_152' title='bbox 769 2071 1230 2142; x_wconf 78' lang='lat' dir='ltr'><strong>Myriangelorum</strong></span> <span class='ocrx_word' id='word_1_153' title='bbox 1273 2073 1494 2128; x_wconf 86' lang='lat' dir='ltr'><strong>nomine</strong></span> <span class='ocrx_word' id='word_1_154' title='bbox 1541 2073 1656 2129; x_wconf 67' lang='lat' dir='ltr'><strong>haec</strong></span> <span class='ocrx_word' id='word_1_155' title='bbox 1693 2072 1908 2128; x_wconf 91' lang='lat' dir='ltr'><strong>colonia</strong></span> 
     </span>
    </p>
   </div>
   <div class='ocr_carea' id='block_1_25' title="bbox 317 2156 1907 2233">
    <p class='ocr_par' dir='ltr' id='par_1_25' title="bbox 317 2156 1907 2233">
     <span class='ocr_line' id='line_1_25' title="bbox 317 2156 1907 2233; baseline 0.003 -23"><span class='ocrx_word' id='word_1_156' title='bbox 317 2157 554 2212; x_wconf 72' lang='lat' dir='ltr'><strong>celebris</strong></span> <span class='ocrx_word' id='word_1_157' title='bbox 583 2156 705 2211; x_wconf 80' lang='lat' dir='ltr'><strong>fuit.</strong></span> <span class='ocrx_word' id='word_1_158' title='bbox 753 2157 1112 2228; x_wconf 84' lang='lat' dir='ltr'><strong>Theophanes</strong></span> <span class='ocrx_word' id='word_1_159' title='bbox 1133 2173 1188 2228; x_wconf 89' lang='lat' dir='ltr'><strong>p.</strong></span> <span class='ocrx_word' id='word_1_160' title='bbox 1213 2159 1320 2216; x_wconf 77' lang='grc'>203</span> <span class='ocrx_word' id='word_1_161' title='bbox 1351 2165 1368 2214; x_wconf 85' lang='lat'><strong>:‘</strong></span> <span class='ocrx_word' id='word_1_162' title='bbox 1403 2160 1672 2232; x_wconf 79' lang='grc' dir='ltr'><strong>Ἀπῆλθεν</strong></span> <span class='ocrx_word' id='word_1_163' title='bbox 1700 2164 1728 2216; x_wconf 85' lang='grc' dir='ltr'>ό</span> <span class='ocrx_word' id='word_1_164' title='bbox 1757 2162 1907 2233; x_wconf 77' lang='grc' dir='ltr'>βασι-</span> 
     </span>
    </p>
   </div>
   <div class='ocr_carea' id='block_1_26' title="bbox 314 2242 1906 2315">
    <p class='ocr_par' dir='ltr' id='par_1_26' title="bbox 314 2242 1906 2315">
     <span class='ocr_line' id='line_1_26' title="bbox 314 2242 1906 2315; baseline 0.003 -20"><span class='ocrx_word' id='word_1_165' title='bbox 314 2243 448 2307; x_wconf 79' lang='grc' dir='ltr'>λεὺς</span> <span class='ocrx_word' id='word_1_166' title='bbox 489 2242 868 2306; x_wconf 79' lang='grc' dir='ltr'>Ἰουστινιανὺς</span> <span class='ocrx_word' id='word_1_167' title='bbox 900 2243 1060 2312; x_wconf 83' lang='grc' dir='ltr'>χάριν</span> <span class='ocrx_word' id='word_1_168' title='bbox 1090 2243 1256 2314; x_wconf 82' lang='grc' dir='ltr'><strong>εὐχῆς</strong></span> <span class='ocrx_word' id='word_1_169' title='bbox 1284 2246 1342 2299; x_wconf 82' lang='grc' dir='ltr'>ὲν</span> <span class='ocrx_word' id='word_1_170' title='bbox 1367 2247 1478 2306; x_wconf 79' lang='grc' dir='ltr'>τοῖς</span> <span class='ocrx_word' id='word_1_171' title='bbox 1503 2247 1906 2315; x_wconf 82' lang='grc' dir='ltr'>Μυριαγγέλοις</span> 
     </span>
    </p>
   </div>
   <div class='ocr_carea' id='block_1_27' title="bbox 317 2327 1904 2399">
    <p class='ocr_par' dir='ltr' id='par_1_27' title="bbox 317 2327 1904 2399">
     <span class='ocr_line' id='line_1_27' title="bbox 317 2327 1904 2399; baseline 0.003 -18"><span class='ocrx_word' id='word_1_172' title='bbox 317 2331 491 2399; x_wconf 69' lang='grc' dir='ltr'>ἤγουν</span> <span class='ocrx_word' id='word_1_173' title='bbox 534 2330 590 2381; x_wconf 83' lang='grc' dir='ltr'>ὲν</span> <span class='ocrx_word' id='word_1_174' title='bbox 629 2327 906 2398; x_wconf 86' lang='grc' dir='ltr'>Γερμίοις,</span> <span class='ocrx_word' id='word_1_175' title='bbox 939 2327 1094 2381; x_wconf 82' lang='grc' dir='ltr'>πόλει</span> <span class='ocrx_word' id='word_1_176' title='bbox 1123 2327 1222 2398; x_wconf 80' lang='grc' dir='ltr'>τῆς</span> <span class='ocrx_word' id='word_1_177' title='bbox 1254 2328 1542 2394; x_wconf 83' lang='grc' dir='ltr'>Γαλατίας.</span> <span class='ocrx_word' id='word_1_178' title='bbox 1575 2329 1730 2384; x_wconf 80' lang='lat' dir='ltr'><strong>Fallit</strong></span> <span class='ocrx_word' id='word_1_179' title='bbox 1759 2332 1904 2385; x_wconf 89' lang='lat' dir='ltr'><strong>enim</strong></span> 
     </span>
    </p>
   </div>
   <div class='ocr_carea' id='block_1_28' title="bbox 318 2409 1906 2484">
    <p class='ocr_par' dir='ltr' id='par_1_28' title="bbox 318 2409 1906 2484">
     <span class='ocr_line' id='line_1_28' title="bbox 318 2409 1906 2484; baseline 0.003 -18"><span class='ocrx_word' id='word_1_180' title='bbox 318 2411 376 2466; x_wconf 84' lang='lat' dir='ltr'><strong>J.</strong></span> <span class='ocrx_word' id='word_1_181' title='bbox 406 2413 570 2478; x_wconf 86' lang='lat' dir='ltr'><strong>Guar,</strong></span> <span class='ocrx_word' id='word_1_182' title='bbox 599 2427 722 2465; x_wconf 89' lang='lat' dir='ltr'><strong>cum</strong></span> <span class='ocrx_word' id='word_1_183' title='bbox 751 2409 958 2481; x_wconf 77' lang='lat' dir='ltr'><strong>Pythia:</strong></span> <span class='ocrx_word' id='word_1_184' title='bbox 990 2413 1252 2477; x_wconf 85' lang='lat' dir='ltr'><strong>thermas,</strong></span> <span class='ocrx_word' id='word_1_185' title='bbox 1279 2412 1344 2467; x_wconf 92' lang='lat' dir='ltr'><strong>de</strong></span> <span class='ocrx_word' id='word_1_186' title='bbox 1379 2414 1577 2483; x_wconf 88' lang='lat' dir='ltr'><strong>quibus</strong></span> <span class='ocrx_word' id='word_1_187' title='bbox 1608 2412 1906 2484; x_wconf 86' lang='lat' dir='ltr'><strong>Proc0pius</strong></span> 
     </span>
    </p>
   </div>
   <div class='ocr_carea' id='block_1_29' title="bbox 317 2494 1906 2564">
    <p class='ocr_par' dir='ltr' id='par_1_29' title="bbox 317 2494 1906 2564">
     <span class='ocr_line' id='line_1_29' title="bbox 317 2494 1906 2564; baseline 0.002 -15"><span class='ocrx_word' id='word_1_188' title='bbox 317 2495 487 2550; x_wconf 83' lang='lat' dir='ltr'><strong>Fabr.</strong></span> <span class='ocrx_word' id='word_1_189' title='bbox 516 2494 713 2549; x_wconf 80' lang='lat' dir='ltr'><strong>Justin.</strong></span> <span class='ocrx_word' id='word_1_190' title='bbox 742 2511 793 2556; x_wconf 87' lang='lat' dir='ltr'><strong>v.</strong></span> <span class='ocrx_word' id='word_1_191' title='bbox 830 2495 884 2556; x_wconf 78' lang='lat'><strong>5.</strong></span> <span class='ocrx_word' id='word_1_192' title='bbox 911 2494 1294 2564; x_wconf 60' lang='lat' dir='ltr'><strong>intelligendas</strong></span> <span class='ocrx_word' id='word_1_193' title='bbox 1325 2505 1514 2550; x_wconf 87' lang='lat' dir='ltr'><strong>censet</strong></span> <span class='ocrx_word' id='word_1_194' title='bbox 1545 2513 1560 2550; x_wconf 91' lang='lat'><strong>:</strong></span> <span class='ocrx_word' id='word_1_195' title='bbox 1591 2496 1694 2552; x_wconf 80' lang='lat' dir='ltr'><strong>illa:</strong></span> <span class='ocrx_word' id='word_1_196' title='bbox 1734 2497 1789 2552; x_wconf 92' lang='lat' dir='ltr'><strong>in</strong></span> <span class='ocrx_word' id='word_1_197' title='bbox 1813 2497 1906 2552; x_wconf 87' lang='lat' dir='ltr'><strong>Bi-</strong></span> 
     </span>
    </p>
   </div>
   <div class='ocr_carea' id='block_1_30' title="bbox 319 2576 1729 2650">
    <p class='ocr_par' dir='ltr' id='par_1_30' title="bbox 319 2576 1729 2650">
     <span class='ocr_line' id='line_1_30' title="bbox 319 2576 1729 2650; baseline 0 -16"><span class='ocrx_word' id='word_1_198' title='bbox 319 2579 508 2650; x_wconf 84' lang='lat' dir='ltr'><strong>thynia</strong></span> <span class='ocrx_word' id='word_1_199' title='bbox 534 2577 775 2644; x_wconf 82' lang='lat' dir='ltr'><strong>fuerunt,</strong></span> <span class='ocrx_word' id='word_1_200' title='bbox 809 2576 1024 2632; x_wconf 86' lang='lat' dir='ltr'><strong>Germia</strong></span> <span class='ocrx_word' id='word_1_201' title='bbox 1057 2577 1122 2632; x_wconf 87' lang='lat' dir='ltr'><strong>I6</strong></span> <span class='ocrx_word' id='word_1_202' title='bbox 1143 2577 1210 2632; x_wconf 86' lang='lat' dir='ltr'><strong>M.</strong></span> <span class='ocrx_word' id='word_1_203' title='bbox 1247 2578 1354 2632; x_wconf 85' lang='lat' dir='ltr'><strong>P.a</strong></span> <span class='ocrx_word' id='word_1_204' title='bbox 1388 2578 1729 2634; x_wconf 84' lang='lat' dir='ltr'><strong>Pessinunte.</strong></span> 
     </span>
    </p>
   </div>
   <div class='ocr_carea' id='block_1_31' title="bbox 396 2661 1907 2734">
    <p class='ocr_par' dir='ltr' id='par_1_31' title="bbox 396 2661 1907 2734">
     <span class='ocr_line' id='line_1_31' title="bbox 396 2661 1907 2734; baseline 0.003 -19"><span class='ocrx_word' id='word_1_205' title='bbox 396 2661 529 2718; x_wconf 89' lang='lat' dir='ltr'><strong>Ibid.</strong></span> <span class='ocrx_word' id='word_1_206' title='bbox 592 2663 714 2715; x_wconf 84' lang='grc' dir='ltr'><strong>Υπὸ</strong></span> <span class='ocrx_word' id='word_1_207' title='bbox 748 2661 1208 2732; x_wconf 71' lang='grc' dir='ltr'>κονσσυλάριον.</span> <span class='ocrx_word' id='word_1_208' title='bbox 1237 2662 1605 2733; x_wconf 83' lang='lat' dir='ltr'><strong>Vespasianus</strong></span> <span class='ocrx_word' id='word_1_209' title='bbox 1625 2664 1907 2734; x_wconf 76' lang='lat' dir='ltr'><strong>Cappado-</strong></span> 
     </span>
    </p>
   </div>
   <div class='ocr_carea' id='block_1_32' title="bbox 319 2745 1906 2817">
    <p class='ocr_par' dir='ltr' id='par_1_32' title="bbox 319 2745 1906 2817">
     <span class='ocr_line' id='line_1_32' title="bbox 319 2745 1906 2817; baseline 0.001 -15"><span class='ocrx_word' id='word_1_210' title='bbox 319 2747 424 2802; x_wconf 74' lang='lat' dir='ltr'><strong>cia:</strong></span> <span class='ocrx_word' id='word_1_211' title='bbox 453 2756 674 2817; x_wconf 89' lang='lat' dir='ltr'><strong>propter</strong></span> <span class='ocrx_word' id='word_1_212' title='bbox 691 2745 944 2801; x_wconf 89' lang='lat' dir='ltr'><strong>assiduos</strong></span> <span class='ocrx_word' id='word_1_213' title='bbox 979 2747 1337 2802; x_wconf 89' lang='lat' dir='ltr'><strong>barbarorum</strong></span> <span class='ocrx_word' id='word_1_214' title='bbox 1371 2748 1624 2804; x_wconf 90' lang='lat' dir='ltr'><strong>incursus</strong></span> <span class='ocrx_word' id='word_1_215' title='bbox 1666 2747 1906 2814; x_wconf 79' lang='lat' dir='ltr'><strong>legiones</strong></span> 
     </span>
    </p>
   </div>
   <div class='ocr_carea' id='block_1_33' title="bbox 318 2827 1906 2900">
    <p class='ocr_par' dir='ltr' id='par_1_33' title="bbox 318 2827 1906 2900">
     <span class='ocr_line' id='line_1_33' title="bbox 318 2827 1906 2900; baseline 0.001 -16"><span class='ocrx_word' id='word_1_216' title='bbox 318 2829 564 2895; x_wconf 81' lang='lat' dir='ltr'><strong>addidit,</strong></span> <span class='ocrx_word' id='word_1_217' title='bbox 634 2827 1093 2900; x_wconf 85' lang='lat' dir='ltr'><strong>consularemque</strong></span> <span class='ocrx_word' id='word_1_218' title='bbox 1157 2843 1424 2886; x_wconf 90' lang='lat' dir='ltr'><strong>rectorem</strong></span> <span class='ocrx_word' id='word_1_219' title='bbox 1490 2832 1750 2900; x_wconf 81' lang='lat' dir='ltr'><strong>imposuit</strong></span> <span class='ocrx_word' id='word_1_220' title='bbox 1809 2846 1906 2900; x_wconf 87' lang='lat' dir='ltr'><strong>pro</strong></span> 
     </span>
    </p>
   </div>
   <div class='ocr_carea' id='block_1_34' title="bbox 274 2912 1908 2983">
    <p class='ocr_par' dir='ltr' id='par_1_34' title="bbox 274 2912 1908 2983">
     <span class='ocr_line' id='line_1_34' title="bbox 274 2912 1908 2983; baseline 0.001 -16"><span class='ocrx_word' id='word_1_221' title='bbox 274 2914 506 2983; x_wconf 76' lang='lat' dir='ltr'><strong>‘equite</strong></span> <span class='ocrx_word' id='word_1_222' title='bbox 540 2913 808 2976; x_wconf 78' lang='lat' dir='ltr'><strong>Romano,</strong></span> <span class='ocrx_word' id='word_1_223' title='bbox 840 2914 980 2981; x_wconf 90' lang='lat' dir='ltr'><strong>apud</strong></span> <span class='ocrx_word' id='word_1_224' title='bbox 1008 2912 1231 2968; x_wconf 88' lang='lat' dir='ltr'><strong>Sueton.</strong></span> <span class='ocrx_word' id='word_1_225' title='bbox 1259 2927 1310 2971; x_wconf 91' lang='lat' dir='ltr'><strong>c.</strong></span> <span class='ocrx_word' id='word_1_226' title='bbox 1346 2927 1463 2968; x_wconf 86' lang='lat' dir='ltr'><strong>vm.</strong></span> <span class='ocrx_word' id='word_1_227' title='bbox 1498 2912 1610 2969; x_wconf 89' lang='lat' dir='ltr'><strong>Sub</strong></span> <span class='ocrx_word' id='word_1_228' title='bbox 1639 2913 1908 2968; x_wconf 82' lang='lat' dir='ltr'><strong>Constan-</strong></span> 
     </span>
    </p>
   </div>
   <div class='ocr_carea' id='block_1_35' title="bbox 319 2994 1902 3064">
    <p class='ocr_par' dir='ltr' id='par_1_35' title="bbox 319 2994 1902 3064">
     <span class='ocr_line' id='line_1_35' title="bbox 319 2994 1902 3064; baseline 0 -14"><span class='ocrx_word' id='word_1_229' title='bbox 319 2998 438 3050; x_wconf 89' lang='lat' dir='ltr'><strong>tino</strong></span> <span class='ocrx_word' id='word_1_230' title='bbox 492 2994 730 3064; x_wconf 66' lang='lat' dir='ltr'><strong>praesidi,</strong></span> <span class='ocrx_word' id='word_1_231' title='bbox 787 2994 944 3064; x_wconf 89' lang='lat' dir='ltr'><strong>cujus</strong></span> <span class='ocrx_word' id='word_1_232' title='bbox 991 2996 1042 3050; x_wconf 90' lang='lat' dir='ltr'><strong>in</strong></span> <span class='ocrx_word' id='word_1_233' title='bbox 1098 2994 1135 3051; x_wconf 93' lang='lat' dir='ltr'><strong>l.</strong></span> <span class='ocrx_word' id='word_1_234' title='bbox 1175 2995 1278 3063; x_wconf 76' lang='grc'><strong>41,</strong></span> <span class='ocrx_word' id='word_1_235' title='bbox 1317 3011 1367 3051; x_wconf 90' lang='lat' dir='ltr'><strong>c.</strong></span> <span class='ocrx_word' id='word_1_236' title='bbox 1406 2997 1472 3051; x_wconf 90' lang='lat' dir='ltr'><strong>de</strong></span> <span class='ocrx_word' id='word_1_237' title='bbox 1523 2995 1700 3051; x_wconf 90' lang='lat' dir='ltr'><strong>libral.</strong></span> <span class='ocrx_word' id='word_1_238' title='bbox 1753 3012 1902 3052; x_wconf 89' lang='lat' dir='ltr'><strong>caus.</strong></span> 
     </span>
    </p>
   </div>
   <div class='ocr_carea' id='block_1_36' title="bbox 320 3081 1908 3151">
    <p class='ocr_par' dir='ltr' id='par_1_36' title="bbox 320 3081 1908 3151">
     <span class='ocr_line' id='line_1_36' title="bbox 320 3081 1908 3151; baseline -0.001 -13"><span class='ocrx_word' id='word_1_239' title='bbox 320 3081 530 3138; x_wconf 84' lang='lat' dir='ltr'><strong>mentio</strong></span> <span class='ocrx_word' id='word_1_240' title='bbox 557 3090 662 3145; x_wconf 91' lang='lat' dir='ltr'><strong>est,</strong></span> <span class='ocrx_word' id='word_1_241' title='bbox 692 3081 904 3150; x_wconf 79' lang='lat' dir='ltr'><strong>paruit;</strong></span> <span class='ocrx_word' id='word_1_242' title='bbox 931 3097 1104 3149; x_wconf 91' lang='lat' dir='ltr'><strong>neque</strong></span> <span class='ocrx_word' id='word_1_243' title='bbox 1124 3081 1288 3137; x_wconf 91' lang='lat' dir='ltr'><strong>alium</strong></span> <span class='ocrx_word' id='word_1_244' title='bbox 1315 3083 1497 3137; x_wconf 87' lang='lat' dir='ltr'><strong>Basilii</strong></span> <span class='ocrx_word' id='word_1_245' title='bbox 1525 3082 1597 3138; x_wconf 84' lang='lat' dir='ltr'><strong>M.</strong></span> <span class='ocrx_word' id='word_1_246' title='bbox 1618 3093 1708 3137; x_wconf 85' lang='lat' dir='ltr'><strong>aut</strong></span> <span class='ocrx_word' id='word_1_247' title='bbox 1733 3082 1908 3151; x_wconf 81' lang='lat' dir='ltr'><strong>Chry-</strong></span> 
     </span>
    </p>
   </div>
   <div class='ocr_carea' id='block_1_37' title="bbox 319 3163 1909 3234">
    <p class='ocr_par' dir='ltr' id='par_1_37' title="bbox 319 3163 1909 3234">
     <span class='ocr_line' id='line_1_37' title="bbox 319 3163 1909 3234; baseline -0.001 -14"><span class='ocrx_word' id='word_1_248' title='bbox 319 3163 546 3220; x_wconf 79' lang='lat' dir='ltr'><strong>sostomi</strong></span> <span class='ocrx_word' id='word_1_249' title='bbox 569 3173 818 3233; x_wconf 90' lang='lat' dir='ltr'><strong>tempore</strong></span> <span class='ocrx_word' id='word_1_250' title='bbox 850 3166 1224 3234; x_wconf 79' lang='lat' dir='ltr'><strong>magistratum</strong></span> <span class='ocrx_word' id='word_1_251' title='bbox 1257 3167 1516 3221; x_wconf 88' lang='lat' dir='ltr'><strong>habuisse</strong></span> <span class='ocrx_word' id='word_1_252' title='bbox 1544 3166 1778 3221; x_wconf 90' lang='lat' dir='ltr'><strong>videtur.</strong></span> <span class='ocrx_word' id='word_1_253' title='bbox 1815 3165 1909 3219; x_wconf 92' lang='lat' dir='ltr'><strong>Ille</strong></span> 
     </span>
    </p>
   </div>
   <div class='ocr_carea' id='block_1_38' title="bbox 321 3245 1909 3321">
    <p class='ocr_par' dir='ltr' id='par_1_38' title="bbox 321 3245 1909 3321">
     <span class='ocr_line' id='line_1_38' title="bbox 321 3245 1909 3321; baseline 0.001 -20"><span class='ocrx_word' id='word_1_254' title='bbox 321 3247 486 3317; x_wconf 83' lang='lat' dir='ltr'><strong>epist.</strong></span> <span class='ocrx_word' id='word_1_255' title='bbox 520 3245 589 3299; x_wconf 79' lang='lat'><strong>78</strong></span> <span class='ocrx_word' id='word_1_256' title='bbox 621 3256 676 3299; x_wconf 91' lang='lat' dir='ltr'><strong>et</strong></span> <span class='ocrx_word' id='word_1_257' title='bbox 716 3245 784 3303; x_wconf 76' lang='grc'><strong>94</strong></span> <span class='ocrx_word' id='word_1_258' title='bbox 825 3246 1064 3318; x_wconf 77' lang='grc' dir='ltr'>ἄρχοντα</span> <span class='ocrx_word' id='word_1_259' title='bbox 1091 3249 1190 3318; x_wconf 83' lang='grc' dir='ltr'>τῆς</span> <span class='ocrx_word' id='word_1_260' title='bbox 1235 3249 1504 3321; x_wconf 77' lang='grc' dir='ltr'><strong>ἐπαρχίας</strong></span> <span class='ocrx_word' id='word_1_261' title='bbox 1536 3259 1591 3304; x_wconf 92' lang='lat' dir='ltr'><strong>et</strong></span> <span class='ocrx_word' id='word_1_262' title='bbox 1637 3249 1798 3320; x_wconf 84' lang='lat' dir='ltr'><strong>epist.</strong></span> <span class='ocrx_word' id='word_1_263' title='bbox 1839 3249 1909 3303; x_wconf 86' lang='lat'><strong>86</strong></span> 
     </span>
    </p>
   </div>
   <div class='ocr_carea' id='block_1_39' title="bbox 318 3329 1904 3402">
    <p class='ocr_par' dir='ltr' id='par_1_39' title="bbox 318 3329 1904 3402">
     <span class='ocr_line' id='line_1_39' title="bbox 318 3329 1904 3402; baseline 0.001 -19"><span class='ocrx_word' id='word_1_264' title='bbox 318 3329 592 3402; x_wconf 62' lang='grc' dir='ltr'><strong>⁴ἡγεμόνα,</strong></span> <span class='ocrx_word' id='word_1_265' title='bbox 633 3329 722 3385; x_wconf 87' lang='lat' dir='ltr'><strong>hic</strong></span> <span class='ocrx_word' id='word_1_266' title='bbox 760 3331 1006 3400; x_wconf 80' lang='grc' dir='ltr'><strong>ἡγεμόνα</strong></span> <span class='ocrx_word' id='word_1_267' title='bbox 1052 3332 1218 3400; x_wconf 86' lang='lat' dir='ltr'><strong>epist.</strong></span> <span class='ocrx_word' id='word_1_268' title='bbox 1248 3347 1343 3386; x_wconf 83' lang='lat' dir='ltr'><strong>xiv</strong></span> <span class='ocrx_word' id='word_1_269' title='bbox 1379 3348 1433 3402; x_wconf 90' lang='lat' dir='ltr'><strong>p.</strong></span> <span class='ocrx_word' id='word_1_270' title='bbox 1471 3332 1574 3388; x_wconf 83' lang='lat'><strong>596</strong></span> <span class='ocrx_word' id='word_1_271' title='bbox 1611 3347 1735 3388; x_wconf 89' lang='lat' dir='ltr'><strong>nov.</strong></span> <span class='ocrx_word' id='word_1_272' title='bbox 1772 3333 1904 3386; x_wconf 86' lang='lat' dir='ltr'><strong>edit.</strong></span> 
     </span>
    </p>
   </div>
   <div class='ocr_carea' id='block_1_40' title="bbox 319 3413 1908 3483">
    <p class='ocr_par' dir='ltr' id='par_1_40' title="bbox 319 3413 1908 3483">
     <span class='ocr_line' id='line_1_40' title="bbox 319 3413 1908 3483; baseline -0.001 -15"><span class='ocrx_word' id='word_1_273' title='bbox 319 3421 624 3483; x_wconf 82' lang='lat' dir='ltr'><strong>nuncupat.</strong></span> <span class='ocrx_word' id='word_1_274' title='bbox 650 3413 834 3468; x_wconf 92' lang='lat' dir='ltr'><strong>Denuo</strong></span> <span class='ocrx_word' id='word_1_275' title='bbox 867 3414 1141 3468; x_wconf 83' lang='lat' dir='ltr'><strong>consulari</strong></span> <span class='ocrx_word' id='word_1_276' title='bbox 1173 3417 1425 3469; x_wconf 86' lang='lat' dir='ltr'><strong>mandata</strong></span> <span class='ocrx_word' id='word_1_277' title='bbox 1445 3425 1530 3470; x_wconf 90' lang='lat' dir='ltr'><strong>est</strong></span> <span class='ocrx_word' id='word_1_278' title='bbox 1549 3429 1578 3468; x_wconf 90' lang='lat' dir='ltr'><strong>a</strong></span> <span class='ocrx_word' id='word_1_279' title='bbox 1603 3415 1908 3470; x_wconf 89' lang='lat' dir='ltr'><strong>Theodosio</strong></span> 
     </span>
    </p>
   </div>
   <div class='ocr_carea' id='block_1_41' title="bbox 318 3497 1906 3567">
    <p class='ocr_par' dir='ltr' id='par_1_41' title="bbox 318 3497 1906 3567">
     <span class='ocr_line' id='line_1_41' title="bbox 318 3497 1906 3567; baseline -0.003 -14"><span class='ocrx_word' id='word_1_280' title='bbox 318 3499 586 3562; x_wconf 77' lang='lat' dir='ltr'><strong>secundo,</strong></span> <span class='ocrx_word' id='word_1_281' title='bbox 625 3499 783 3567; x_wconf 89' lang='lat' dir='ltr'><strong>cujus</strong></span> <span class='ocrx_word' id='word_1_282' title='bbox 819 3497 951 3552; x_wconf 91' lang='lat' dir='ltr'><strong>mihi</strong></span> <span class='ocrx_word' id='word_1_283' title='bbox 1002 3499 1078 3553; x_wconf 90' lang='lat' dir='ltr'><strong>rei</strong></span> <span class='ocrx_word' id='word_1_284' title='bbox 1115 3508 1306 3553; x_wconf 90' lang='lat' dir='ltr'><strong>auctor</strong></span> <span class='ocrx_word' id='word_1_285' title='bbox 1344 3509 1427 3554; x_wconf 88' lang='lat' dir='ltr'><strong>est</strong></span> <span class='ocrx_word' id='word_1_286' title='bbox 1465 3498 1682 3553; x_wconf 82' lang='lat' dir='ltr'><strong>Firmus</strong></span> <span class='ocrx_word' id='word_1_287' title='bbox 1719 3500 1906 3552; x_wconf 81' lang='lat' dir='ltr'><strong>Caesa-</strong></span> 
     </span>
    </p>
   </div>
   <div class='ocr_carea' id='block_1_42' title="bbox 321 3579 1908 3651">
    <p class='ocr_par' dir='ltr' id='par_1_42' title="bbox 321 3579 1908 3651">
     <span class='ocr_line' id='line_1_42' title="bbox 321 3579 1908 3651; baseline -0.001 -16"><span class='ocrx_word' id='word_1_288' title='bbox 321 3581 523 3635; x_wconf 82' lang='lat' dir='ltr'><strong>riensis</strong></span> <span class='ocrx_word' id='word_1_289' title='bbox 559 3581 867 3647; x_wconf 79' lang='lat' dir='ltr'><strong>episcopus,</strong></span> <span class='ocrx_word' id='word_1_290' title='bbox 899 3579 952 3634; x_wconf 91' lang='lat' dir='ltr'><strong>in</strong></span> <span class='ocrx_word' id='word_1_291' title='bbox 983 3580 1228 3650; x_wconf 88' lang='lat' dir='ltr'><strong>epistolis</strong></span> <span class='ocrx_word' id='word_1_292' title='bbox 1261 3620 1277 3644; x_wconf 92' lang='lat'><strong>,</strong></span> <span class='ocrx_word' id='word_1_293' title='bbox 1318 3596 1452 3651; x_wconf 86' lang='lat' dir='ltr'><strong>quas</strong></span> <span class='ocrx_word' id='word_1_294' title='bbox 1483 3581 1548 3635; x_wconf 87' lang='lat' dir='ltr'><strong>A.</strong></span> <span class='ocrx_word' id='word_1_295' title='bbox 1585 3581 1908 3636; x_wconf 84' lang='lat' dir='ltr'><strong>Muratorius</strong></span> 
     </span>
    </p>
   </div>
   <div class='ocr_carea' id='block_1_43' title="bbox 321 3664 1907 3737">
    <p class='ocr_par' dir='ltr' id='par_1_43' title="bbox 321 3664 1907 3737">
     <span class='ocr_line' id='line_1_43' title="bbox 321 3664 1907 3737; baseline 0.001 -19"><span class='ocrx_word' id='word_1_296' title='bbox 321 3665 378 3718; x_wconf 86' lang='lat' dir='ltr'><strong>in</strong></span> <span class='ocrx_word' id='word_1_297' title='bbox 410 3664 660 3722; x_wconf 82' lang='lat' dir='ltr'><strong>Anecdot.</strong></span> <span class='ocrx_word' id='word_1_298' title='bbox 711 3667 882 3719; x_wconf 60' lang='grc' dir='ltr'><strong>στανδ.</strong></span> <span class='ocrx_word' id='word_1_299' title='bbox 916 3664 1174 3733; x_wconf 75' lang='lat' dir='ltr'><strong>vulgavit.</strong></span> <span class='ocrx_word' id='word_1_300' title='bbox 1217 3664 1309 3720; x_wconf 73' lang='lat' dir='ltr'><strong>Sic</strong></span> <span class='ocrx_word' id='word_1_301' title='bbox 1335 3667 1477 3720; x_wconf 91' lang='lat' dir='ltr'><strong>enim</strong></span> <span class='ocrx_word' id='word_1_302' title='bbox 1509 3665 1669 3737; x_wconf 88' lang='lat' dir='ltr'><strong>epist.</strong></span> <span class='ocrx_word' id='word_1_303' title='bbox 1693 3681 1800 3720; x_wconf 88' lang='lat' dir='ltr'><strong>xvu</strong></span> <span class='ocrx_word' id='word_1_304' title='bbox 1841 3666 1907 3720; x_wconf 90' lang='lat' dir='ltr'><strong>ad</strong></span> 
     </span>
    </p>
   </div>
   <div class='ocr_carea' id='block_1_44' title="bbox 321 3747 1908 3819">
    <p class='ocr_par' dir='ltr' id='par_1_44' title="bbox 321 3747 1908 3819">
     <span class='ocr_line' id='line_1_44' title="bbox 321 3747 1908 3819; baseline -0.001 -17"><span class='ocrx_word' id='word_1_305' title='bbox 321 3748 720 3803; x_wconf 82' lang='lat' dir='ltr'><strong>Suterichum:</strong></span> <span class='ocrx_word' id='word_1_306' title='bbox 771 3750 1044 3818; x_wconf 73' lang='grc' dir='ltr'><strong>Ποιήσατε</strong></span> <span class='ocrx_word' id='word_1_307' title='bbox 1089 3747 1148 3802; x_wconf 75' lang='grc' dir='ltr'><strong>δὲ</strong></span> <span class='ocrx_word' id='word_1_308' title='bbox 1203 3749 1336 3819; x_wconf 80' lang='grc' dir='ltr'>ἡμῖν</span> <span class='ocrx_word' id='word_1_309' title='bbox 1385 3750 1480 3803; x_wconf 74' lang='grc' dir='ltr'>καὶ</span> <span class='ocrx_word' id='word_1_310' title='bbox 1535 3749 1628 3802; x_wconf 83' lang='grc' dir='ltr'>τὸν</span> <span class='ocrx_word' id='word_1_311' title='bbox 1673 3749 1908 3819; x_wconf 81' lang='grc' dir='ltr'>ἄρχοντα</span> 
     </span>
    </p>
   </div>
   <div class='ocr_carea' id='block_1_45' title="bbox 324 3830 1904 3904">
    <p class='ocr_par' dir='ltr' id='par_1_45' title="bbox 324 3830 1904 3904">
     <span class='ocr_line' id='line_1_45' title="bbox 324 3830 1904 3904; baseline 0.002 -20"><span class='ocrx_word' id='word_1_312' title='bbox 324 3831 550 3902; x_wconf 75' lang='grc' dir='ltr'>μείζονα</span> <span class='ocrx_word' id='word_1_313' title='bbox 585 3831 659 3902; x_wconf 77' lang='grc' dir='ltr'>μὴ</span> <span class='ocrx_word' id='word_1_314' title='bbox 689 3830 766 3902; x_wconf 83' lang='grc' dir='ltr'>τῷ</span> <span class='ocrx_word' id='word_1_315' title='bbox 795 3833 1020 3902; x_wconf 86' lang='grc' dir='ltr'>ὀνόματι</span> <span class='ocrx_word' id='word_1_316' title='bbox 1051 3830 1233 3902; x_wconf 83' lang='grc' dir='ltr'>μόνον,</span> <span class='ocrx_word' id='word_1_317' title='bbox 1256 3831 1392 3884; x_wconf 81' lang='grc' dir='ltr'><strong>ἀλλὰ</strong></span> <span class='ocrx_word' id='word_1_318' title='bbox 1422 3833 1516 3886; x_wconf 79' lang='grc' dir='ltr'>καὶ</span> <span class='ocrx_word' id='word_1_319' title='bbox 1549 3834 1614 3904; x_wconf 78' lang='grc' dir='ltr'>τῇ</span> <span class='ocrx_word' id='word_1_320' title='bbox 1641 3831 1866 3902; x_wconf 82' lang='grc' dir='ltr'><strong>δυνάμει</strong></span> <span class='ocrx_word' id='word_1_321' title='bbox 1891 3850 1904 3887; x_wconf 91' lang='lat'>:</span> 
     </span>
    </p>
   </div>
   <div class='ocr_carea' id='block_1_46' title="bbox 320 3914 1908 3984">
    <p class='ocr_par' dir='ltr' id='par_1_46' title="bbox 320 3914 1908 3984">
     <span class='ocr_line' id='line_1_46' title="bbox 320 3914 1908 3984; baseline -0.001 -14"><span class='ocrx_word' id='word_1_322' title='bbox 320 3931 450 3970; x_wconf 85' lang='lat' dir='ltr'><strong>nam</strong></span> <span class='ocrx_word' id='word_1_323' title='bbox 483 3915 526 3969; x_wconf 89' lang='lat' dir='ltr'><strong>si</strong></span> <span class='ocrx_word' id='word_1_324' title='bbox 558 3916 851 3983; x_wconf 69' lang='lat' dir='ltr'><strong>provincia:</strong></span> <span class='ocrx_word' id='word_1_325' title='bbox 882 3914 1225 3984; x_wconf 68' lang='lat' dir='ltr'><strong>praepositus,</strong></span> <span class='ocrx_word' id='word_1_326' title='bbox 1261 3929 1421 3983; x_wconf 86' lang='lat' dir='ltr'><strong>quem</strong></span> <span class='ocrx_word' id='word_1_327' title='bbox 1449 3917 1735 3983; x_wconf 69' lang='lat' dir='ltr'><strong>praesidem</strong></span> <span class='ocrx_word' id='word_1_328' title='bbox 1768 3914 1908 3969; x_wconf 85' lang='lat' dir='ltr'><strong>vidi-</strong></span> 
     </span>
    </p>
   </div>
   <div class='ocr_carea' id='block_1_47' title="bbox 319 3999 1908 4070">
    <p class='ocr_par' dir='ltr' id='par_1_47' title="bbox 319 3999 1908 4070">
     <span class='ocr_line' id='line_1_47' title="bbox 319 3999 1908 4070; baseline -0.001 -15"><span class='ocrx_word' id='word_1_329' title='bbox 319 4015 470 4064; x_wconf 83' lang='lat' dir='ltr'><strong>mus,</strong></span> <span class='ocrx_word' id='word_1_330' title='bbox 510 4000 666 4054; x_wconf 91' lang='lat' dir='ltr'><strong>titulo</strong></span> <span class='ocrx_word' id='word_1_331' title='bbox 703 3999 1088 4054; x_wconf 84' lang='lat' dir='ltr'><strong>excellentiore</strong></span> <span class='ocrx_word' id='word_1_332' title='bbox 1131 3999 1294 4055; x_wconf 83' lang='lat' dir='ltr'><strong>fuerit</strong></span> <span class='ocrx_word' id='word_1_333' title='bbox 1325 4000 1576 4064; x_wconf 87' lang='lat' dir='ltr'><strong>donatus,</strong></span> <span class='ocrx_word' id='word_1_334' title='bbox 1624 4001 1810 4070; x_wconf 88' lang='lat' dir='ltr'><strong>utique</strong></span> <span class='ocrx_word' id='word_1_335' title='bbox 1841 4000 1908 4054; x_wconf 86' lang='lat' dir='ltr'><strong>ad</strong></span> 
     </span>
    </p>
   </div>
   <div class='ocr_carea' id='block_1_48' title="bbox 320 4082 1910 4152">
    <p class='ocr_par' dir='ltr' id='par_1_48' title="bbox 320 4082 1910 4152">
     <span class='ocr_line' id='line_1_48' title="bbox 320 4082 1910 4152; baseline -0.001 -15"><span class='ocrx_word' id='word_1_336' title='bbox 320 4082 636 4137; x_wconf 86' lang='lat' dir='ltr'><strong>consularis</strong></span> <span class='ocrx_word' id='word_1_337' title='bbox 663 4083 979 4152; x_wconf 82' lang='lat' dir='ltr'><strong>dignitatem</strong></span> <span class='ocrx_word' id='word_1_338' title='bbox 1005 4093 1228 4138; x_wconf 87' lang='lat' dir='ltr'><strong>evectus</strong></span> <span class='ocrx_word' id='word_1_339' title='bbox 1251 4083 1355 4136; x_wconf 88' lang='lat' dir='ltr'><strong>erit</strong></span> <span class='ocrx_word' id='word_1_340' title='bbox 1378 4085 1704 4137; x_wconf 82' lang='lat' dir='ltr'><strong>censendus.</strong></span> <span class='ocrx_word' id='word_1_341' title='bbox 1735 4086 1910 4150; x_wconf 85' lang='lat' dir='ltr'><strong>Atque</strong></span> 
     </span>
    </p>
   </div>
   <div class='ocr_carea' id='block_1_49' title="bbox 323 4165 1911 4233">
    <p class='ocr_par' dir='ltr' id='par_1_49' title="bbox 323 4165 1911 4233">
     <span class='ocr_line' id='line_1_49' title="bbox 323 4165 1911 4233; baseline -0.001 -13"><span class='ocrx_word' id='word_1_342' title='bbox 323 4168 429 4221; x_wconf 81' lang='lat' dir='ltr'><strong>hoc</strong></span> <span class='ocrx_word' id='word_1_343' title='bbox 477 4166 638 4233; x_wconf 84' lang='lat' dir='ltr'><strong>epist.</strong></span> <span class='ocrx_word' id='word_1_344' title='bbox 678 4180 764 4219; x_wconf 81' lang='lat' dir='ltr'><strong>xvr</strong></span> <span class='ocrx_word' id='word_1_345' title='bbox 809 4165 873 4218; x_wconf 91' lang='lat' dir='ltr'><strong>ad</strong></span> <span class='ocrx_word' id='word_1_346' title='bbox 912 4165 1254 4221; x_wconf 86' lang='lat' dir='ltr'><strong>Thalassium</strong></span> <span class='ocrx_word' id='word_1_347' title='bbox 1286 4166 1488 4223; x_wconf 89' lang='lat' dir='ltr'><strong>clarius</strong></span> <span class='ocrx_word' id='word_1_348' title='bbox 1537 4168 1709 4221; x_wconf 88' lang='lat' dir='ltr'><strong>innuit</strong></span> <span class='ocrx_word' id='word_1_349' title='bbox 1752 4185 1766 4222; x_wconf 90' lang='lat'><strong>:</strong></span> <span class='ocrx_word' id='word_1_350' title='bbox 1799 4167 1911 4222; x_wconf 77' lang='grc' dir='ltr'><strong>Καὶ</strong></span> 
     </span>
    </p>
   </div>
   <div class='ocr_carea' id='block_1_50' title="bbox 317 4249 1907 4324">
    <p class='ocr_par' dir='ltr' id='par_1_50' title="bbox 317 4249 1907 4324">
     <span class='ocr_line' id='line_1_50' title="bbox 317 4249 1907 4324; baseline 0.002 -22"><span class='ocrx_word' id='word_1_351' title='bbox 317 4251 416 4303; x_wconf 78' lang='grc' dir='ltr'>τὸν</span> <span class='ocrx_word' id='word_1_352' title='bbox 445 4249 703 4319; x_wconf 80' lang='grc' dir='ltr'>ἄρχοντα,</span> <span class='ocrx_word' id='word_1_353' title='bbox 733 4249 791 4302; x_wconf 83' lang='grc' dir='ltr'>ὃν</span> <span class='ocrx_word' id='word_1_354' title='bbox 838 4249 1264 4321; x_wconf 73' lang='grc' dir='ltr'>ἐπιφανέστερον</span> <span class='ocrx_word' id='word_1_355' title='bbox 1301 4251 1433 4322; x_wconf 76' lang='grc' dir='ltr'>ἡμῖν</span> <span class='ocrx_word' id='word_1_356' title='bbox 1477 4253 1785 4324; x_wconf 78' lang='grc' dir='ltr'>πεποίηκας</span> <span class='ocrx_word' id='word_1_357' title='bbox 1842 4255 1907 4323; x_wconf 83' lang='grc' dir='ltr'>σῇ</span> 
     </span>
    </p>
   </div>
   <div class='ocr_carea' id='block_1_51' title="bbox 325 4332 1910 4406">
    <p class='ocr_par' dir='ltr' id='par_1_51' title="bbox 325 4332 1910 4406">
     <span class='ocr_line' id='line_1_51' title="bbox 325 4332 1910 4406; baseline 0.002 -20"><span class='ocrx_word' id='word_1_358' title='bbox 325 4332 557 4403; x_wconf 85' lang='grc' dir='ltr'><strong>σπουδῇ,</strong></span> <span class='ocrx_word' id='word_1_359' title='bbox 589 4333 833 4402; x_wconf 79' lang='grc' dir='ltr'>’χάρισαι</span> <span class='ocrx_word' id='word_1_360' title='bbox 885 4335 996 4397; x_wconf 76' lang='grc' dir='ltr'>τοῖς</span> <span class='ocrx_word' id='word_1_361' title='bbox 1038 4335 1382 4404; x_wconf 79' lang='grc' dir='ltr'><strong>πράγμασιν,</strong></span> <span class='ocrx_word' id='word_1_362' title='bbox 1432 4334 1505 4399; x_wconf 86' lang='grc' dir='ltr'>ὡς</span> <span class='ocrx_word' id='word_1_363' title='bbox 1565 4337 1910 4406; x_wconf 86' lang='grc' dir='ltr'>προσήκοντά</span> 
     </span>
    </p>
   </div>
   <div class='ocr_carea' id='block_1_52' title="bbox 323 4415 1911 4490">
    <p class='ocr_par' dir='ltr' id='par_1_52' title="bbox 323 4415 1911 4490">
     <span class='ocr_line' id='line_1_52' title="bbox 323 4415 1911 4490; baseline 0.003 -20"><span class='ocrx_word' id='word_1_364' title='bbox 323 4433 436 4484; x_wconf 86' lang='grc' dir='ltr'>σοι,</span> <span class='ocrx_word' id='word_1_365' title='bbox 480 4415 866 4484; x_wconf 79' lang='grc' dir='ltr'>γνωρίζεσθαι.</span> <span class='ocrx_word' id='word_1_366' title='bbox 911 4417 1152 4472; x_wconf 83' lang='lat' dir='ltr'><strong>Postulat</strong></span> <span class='ocrx_word' id='word_1_367' title='bbox 1199 4417 1414 4474; x_wconf 86' lang='lat' dir='ltr'><strong>Firmus</strong></span> <span class='ocrx_word' id='word_1_368' title='bbox 1457 4429 1517 4474; x_wconf 90' lang='lat' dir='ltr'><strong>ut</strong></span> <span class='ocrx_word' id='word_1_369' title='bbox 1560 4421 1911 4490; x_wconf 73' lang='lat' dir='ltr'><strong>Cappadocia:</strong></span> 
     </span>
    </p>
   </div>
   <div class='ocr_carea' id='block_1_53' title="bbox 322 4499 1911 4573">
    <p class='ocr_par' dir='ltr' id='par_1_53' title="bbox 322 4499 1911 4573">
     <span class='ocr_line' id='line_1_53' title="bbox 322 4499 1911 4573; baseline 0.004 -19"><span class='ocrx_word' id='word_1_370' title='bbox 322 4501 516 4571; x_wconf 78' lang='lat' dir='ltr'><strong>prima:</strong></span> <span class='ocrx_word' id='word_1_371' title='bbox 557 4500 859 4555; x_wconf 88' lang='lat' dir='ltr'><strong>consularis</strong></span> <span class='ocrx_word' id='word_1_372' title='bbox 902 4499 1150 4554; x_wconf 88' lang='lat' dir='ltr'><strong>latiorem</strong></span> <span class='ocrx_word' id='word_1_373' title='bbox 1182 4515 1455 4573; x_wconf 84' lang='lat' dir='ltr'><strong>campum,</strong></span> <span class='ocrx_word' id='word_1_374' title='bbox 1488 4502 1578 4558; x_wconf 87' lang='lat' dir='ltr'><strong>ubi</strong></span> <span class='ocrx_word' id='word_1_375' title='bbox 1620 4518 1911 4561; x_wconf 77' lang='lat' dir='ltr'><strong>excurrere</strong></span> 
     </span>
    </p>
   </div>
   <div class='ocr_carea' id='block_1_54' title="bbox 323 4582 1911 4656">
    <p class='ocr_par' dir='ltr' id='par_1_54' title="bbox 323 4582 1911 4656">
     <span class='ocr_line' id='line_1_54' title="bbox 323 4582 1911 4656; baseline 0.003 -18"><span class='ocrx_word' id='word_1_376' title='bbox 323 4583 448 4652; x_wconf 78' lang='lat' dir='ltr'><strong>ejus</strong></span> <span class='ocrx_word' id='word_1_377' title='bbox 487 4583 661 4638; x_wconf 87' lang='lat' dir='ltr'><strong>virtus</strong></span> <span class='ocrx_word' id='word_1_378' title='bbox 699 4592 755 4638; x_wconf 90' lang='lat' dir='ltr'><strong>et</strong></span> <span class='ocrx_word' id='word_1_379' title='bbox 804 4582 1088 4652; x_wconf 88' lang='lat' dir='ltr'><strong>prudentia</strong></span> <span class='ocrx_word' id='word_1_380' title='bbox 1123 4584 1324 4650; x_wconf 89' lang='lat' dir='ltr'><strong>possit,</strong></span> <span class='ocrx_word' id='word_1_381' title='bbox 1353 4585 1608 4656; x_wconf 85' lang='lat' dir='ltr'><strong>accipiat,</strong></span> <span class='ocrx_word' id='word_1_382' title='bbox 1644 4596 1806 4656; x_wconf 89' lang='lat' dir='ltr'><strong>atque</strong></span> <span class='ocrx_word' id='word_1_383' title='bbox 1846 4587 1911 4642; x_wconf 88' lang='lat' dir='ltr'><strong>ad</strong></span> 
     </span>
    </p>
   </div>
   <div class='ocr_carea' id='block_1_55' title="bbox 327 4662 1913 4735">
    <p class='ocr_par' dir='ltr' id='par_1_55' title="bbox 327 4662 1913 4735">
     <span class='ocr_line' id='line_1_55' title="bbox 327 4662 1913 4735; baseline 0.003 -15"><span class='ocrx_word' id='word_1_384' title='bbox 327 4681 450 4720; x_wconf 90' lang='lat' dir='ltr'><strong>eum</strong></span> <span class='ocrx_word' id='word_1_385' title='bbox 476 4666 698 4720; x_wconf 89' lang='lat' dir='ltr'><strong>redeant</strong></span> <span class='ocrx_word' id='word_1_386' title='bbox 722 4667 883 4720; x_wconf 86' lang='lat' dir='ltr'><strong>urbes</strong></span> <span class='ocrx_word' id='word_1_387' title='bbox 903 4681 1023 4734; x_wconf 72' lang='lat' dir='ltr'><strong>qua:</strong></span> <span class='ocrx_word' id='word_1_388' title='bbox 1046 4680 1075 4720; x_wconf 90' lang='lat' dir='ltr'><strong>a</strong></span> <span class='ocrx_word' id='word_1_389' title='bbox 1100 4662 1329 4721; x_wconf 79' lang='lat' dir='ltr'><strong>Valente</strong></span> <span class='ocrx_word' id='word_1_390' title='bbox 1349 4665 1673 4735; x_wconf 87' lang='lat' dir='ltr'><strong>imperatore</strong></span> <span class='ocrx_word' id='word_1_391' title='bbox 1697 4669 1913 4725; x_wconf 79' lang='lat' dir='ltr'><strong>fuerant</strong></span> 
     </span>
    </p>
   </div>
   <div class='ocr_carea' id='block_1_56' title="bbox 326 4748 1909 4820">
    <p class='ocr_par' dir='ltr' id='par_1_56' title="bbox 326 4748 1909 4820">
     <span class='ocr_line' id='line_1_56' title="bbox 326 4748 1909 4820; baseline 0.002 -16"><span class='ocrx_word' id='word_1_392' title='bbox 326 4749 604 4810; x_wconf 70' lang='lat' dir='ltr'><strong>distracta:</strong></span> <span class='ocrx_word' id='word_1_393' title='bbox 637 4759 691 4803; x_wconf 90' lang='lat' dir='ltr'><strong>et</strong></span> <span class='ocrx_word' id='word_1_394' title='bbox 721 4749 935 4819; x_wconf 56' lang='lat' dir='ltr'><strong>praesidi</strong></span> <span class='ocrx_word' id='word_1_395' title='bbox 979 4748 1332 4818; x_wconf 71' lang='lat' dir='ltr'><strong>Cappadociae</strong></span> <span class='ocrx_word' id='word_1_396' title='bbox 1357 4752 1606 4804; x_wconf 71' lang='lat' dir='ltr'><strong>secundae</strong></span> <span class='ocrx_word' id='word_1_397' title='bbox 1633 4751 1909 4820; x_wconf 72' lang='lat' dir='ltr'><strong>subjectae.</strong></span> 
     </span>
    </p>
   </div>
   <div class='ocr_carea' id='block_1_57' title="bbox 327 4833 1914 4903">
    <p class='ocr_par' dir='ltr' id='par_1_57' title="bbox 327 4833 1914 4903">
     <span class='ocr_line' id='line_1_57' title="bbox 327 4833 1914 4903; baseline 0.001 -13"><span class='ocrx_word' id='word_1_398' title='bbox 327 4835 403 4890; x_wconf 82' lang='lat' dir='ltr'><strong>Ea</strong></span> <span class='ocrx_word' id='word_1_399' title='bbox 434 4844 518 4889; x_wconf 90' lang='lat' dir='ltr'><strong>est</strong></span> <span class='ocrx_word' id='word_1_400' title='bbox 548 4833 817 4889; x_wconf 89' lang='lat' dir='ltr'><strong>sententia</strong></span> <span class='ocrx_word' id='word_1_401' title='bbox 869 4834 1180 4898; x_wconf 87' lang='lat' dir='ltr'><strong>verborum,</strong></span> <span class='ocrx_word' id='word_1_402' title='bbox 1214 4834 1280 4888; x_wconf 89' lang='lat' dir='ltr'><strong>ad</strong></span> <span class='ocrx_word' id='word_1_403' title='bbox 1307 4847 1426 4903; x_wconf 61' lang='lat' dir='ltr'><strong>qua</strong></span> <span class='ocrx_word' id='word_1_404' title='bbox 1461 4833 1539 4888; x_wconf 81' lang='lat' dir='ltr'><strong>vir</strong></span> <span class='ocrx_word' id='word_1_405' title='bbox 1570 4836 1914 4892; x_wconf 86' lang='lat' dir='ltr'><strong>doctissimus</strong></span> 
     </span>
    </p>
   </div>
   <div class='ocr_carea' id='block_1_58' title="bbox 325 4916 1912 4990">
    <p class='ocr_par' dir='ltr' id='par_1_58' title="bbox 325 4916 1912 4990">
     <span class='ocr_line' id='line_1_58' title="bbox 325 4916 1912 4990; baseline -0.001 -16"><span class='ocrx_word' id='word_1_406' title='bbox 325 4917 626 4974; x_wconf 73' lang='lat' dir='ltr'><strong>oﬂeudisse</strong></span> <span class='ocrx_word' id='word_1_407' title='bbox 653 4917 869 4972; x_wconf 90' lang='lat' dir='ltr'><strong>videtur</strong></span> <span class='ocrx_word' id='word_1_408' title='bbox 893 4933 906 4971; x_wconf 91' lang='lat'><strong>:</strong></span> <span class='ocrx_word' id='word_1_409' title='bbox 932 4916 1032 4980; x_wconf 83' lang='grc' dir='ltr'><strong>Δὸς</strong></span> <span class='ocrx_word' id='word_1_410' title='bbox 1060 4916 1115 4970; x_wconf 85' lang='grc' dir='ltr'><strong>δὲ</strong></span> <span class='ocrx_word' id='word_1_411' title='bbox 1140 4919 1234 4971; x_wconf 71' lang='grc' dir='ltr'>καὶ</span> <span class='ocrx_word' id='word_1_412' title='bbox 1265 4917 1474 4971; x_wconf 85' lang='grc' dir='ltr'>πόλεων</span> <span class='ocrx_word' id='word_1_413' title='bbox 1503 4918 1790 4990; x_wconf 83' lang='grc' dir='ltr'>προσθήκῃ</span> <span class='ocrx_word' id='word_1_414' title='bbox 1814 4921 1912 4989; x_wconf 70' lang='grc' dir='ltr'>τὴν</span> 
     </span>
    </p>
   </div>
   <div class='ocr_carea' id='block_1_59' title="bbox 324 4996 1914 5074">
    <p class='ocr_par' dir='ltr' id='par_1_59' title="bbox 324 4996 1914 5074">
     <span class='ocr_line' id='line_1_59' title="bbox 324 4996 1914 5074; baseline 0.003 -21"><span class='ocrx_word' id='word_1_415' title='bbox 324 5002 506 5074; x_wconf 77' lang='grc' dir='ltr'>ἀρχὴν</span> <span class='ocrx_word' id='word_1_416' title='bbox 538 4999 906 5071; x_wconf 76' lang='grc' dir='ltr'>εὐθηνεῖσθαι,</span> <span class='ocrx_word' id='word_1_417' title='bbox 959 5000 1046 5053; x_wconf 81' lang='grc' dir='ltr'>ἵνα</span> <span class='ocrx_word' id='word_1_418' title='bbox 1073 5018 1157 5054; x_wconf 88' lang='grc' dir='ltr'><strong>σοι</strong></span> <span class='ocrx_word' id='word_1_419' title='bbox 1189 5000 1551 5072; x_wconf 79' lang='grc' dir='ltr'>περίϐλεπτος</span> <span class='ocrx_word' id='word_1_420' title='bbox 1577 4996 1666 5057; x_wconf 77' lang='grc' dir='ltr'><strong>διὰ</strong></span> <span class='ocrx_word' id='word_1_421' title='bbox 1696 5002 1914 5058; x_wconf 83' lang='grc' dir='ltr'>πάντων</span> 
     </span>
    </p>
   </div>
   <div class='ocr_carea' id='block_1_60' title="bbox 327 5082 1914 5158">
    <p class='ocr_par' dir='ltr' id='par_1_60' title="bbox 327 5082 1914 5158">
     <span class='ocr_line' id='line_1_60' title="bbox 327 5082 1914 5158; baseline 0.004 -22"><span class='ocrx_word' id='word_1_422' title='bbox 327 5088 364 5158; x_wconf 80' lang='grc' dir='ltr'><strong>ὴ</strong></span> <span class='ocrx_word' id='word_1_423' title='bbox 396 5083 596 5154; x_wconf 75' lang='grc' dir='ltr'>πατρὶς</span> <span class='ocrx_word' id='word_1_424' title='bbox 621 5084 870 5155; x_wconf 78' lang='grc' dir='ltr'>γένηται.</span> <span class='ocrx_word' id='word_1_425' title='bbox 901 5082 1072 5139; x_wconf 79' lang='lat' dir='ltr'><strong>Recte</strong></span> <span class='ocrx_word' id='word_1_426' title='bbox 1099 5099 1229 5155; x_wconf 87' lang='lat' dir='ltr'><strong>ergo</strong></span> <span class='ocrx_word' id='word_1_427' title='bbox 1266 5085 1605 5142; x_wconf 86' lang='lat' dir='ltr'><strong>consularem</strong></span> <span class='ocrx_word' id='word_1_428' title='bbox 1638 5084 1914 5142; x_wconf 85' lang='lat' dir='ltr'><strong>Hierocles</strong></span> 
     </span>
    </p>
   </div>
   <div class='ocr_carea' id='block_1_61' title="bbox 329 5167 1917 5238">
    <p class='ocr_par' dir='ltr' id='par_1_61' title="bbox 329 5167 1917 5238">
     <span class='ocr_line' id='line_1_61' title="bbox 329 5167 1917 5238; baseline -0.001 -13"><span class='ocrx_word' id='word_1_429' title='bbox 329 5169 462 5225; x_wconf 87' lang='lat' dir='ltr'><strong>huic</strong></span> <span class='ocrx_word' id='word_1_430' title='bbox 492 5167 846 5236; x_wconf 71' lang='lat' dir='ltr'><strong>Cappadocia:</strong></span> <span class='ocrx_word' id='word_1_431' title='bbox 890 5167 1075 5234; x_wconf 88' lang='lat' dir='ltr'><strong>dedit;</strong></span> <span class='ocrx_word' id='word_1_432' title='bbox 1131 5183 1231 5223; x_wconf 90' lang='lat' dir='ltr'><strong>nec</strong></span> <span class='ocrx_word' id='word_1_433' title='bbox 1269 5169 1564 5238; x_wconf 86' lang='lat' dir='ltr'><strong>quidquam</strong></span> <span class='ocrx_word' id='word_1_434' title='bbox 1599 5169 1674 5224; x_wconf 91' lang='lat' dir='ltr'><strong>illi</strong></span> <span class='ocrx_word' id='word_1_435' title='bbox 1719 5169 1917 5226; x_wconf 85' lang='lat' dir='ltr'><strong>olliciet</strong></span> 
     </span>
    </p>
   </div>
   <div class='ocr_carea' id='block_1_62' title="bbox 332 5248 1911 5322">
    <p class='ocr_par' dir='ltr' id='par_1_62' title="bbox 332 5248 1911 5322">
     <span class='ocr_line' id='line_1_62' title="bbox 332 5248 1911 5322; baseline 0.001 -16"><span class='ocrx_word' id='word_1_436' title='bbox 332 5251 514 5306; x_wconf 85' lang='lat' dir='ltr'><strong>Notit.</strong></span> <span class='ocrx_word' id='word_1_437' title='bbox 547 5252 676 5318; x_wconf 88' lang='lat' dir='ltr'><strong>imp.</strong></span> <span class='ocrx_word' id='word_1_438' title='bbox 716 5248 923 5306; x_wconf 84' lang='lat' dir='ltr'><strong>Orient.</strong></span> <span class='ocrx_word' id='word_1_439' title='bbox 955 5265 1009 5306; x_wconf 90' lang='lat' dir='ltr'><strong>c.</strong></span> <span class='ocrx_word' id='word_1_440' title='bbox 1056 5252 1108 5318; x_wconf 88' lang='grc'>1,</span> <span class='ocrx_word' id='word_1_441' title='bbox 1141 5253 1228 5306; x_wconf 87' lang='lat' dir='ltr'><strong>ubi</strong></span> <span class='ocrx_word' id='word_1_442' title='bbox 1273 5253 1485 5322; x_wconf 77' lang='lat' dir='ltr'><strong>praesidi</strong></span> <span class='ocrx_word' id='word_1_443' title='bbox 1532 5255 1911 5322; x_wconf 89' lang='lat' dir='ltr'><strong>committitur,</strong></span> 
     </span>
    </p>
   </div>
   <div class='ocr_carea' id='block_1_63' title="bbox 331 5329 1915 5408">
    <p class='ocr_par' dir='ltr' id='par_1_63' title="bbox 331 5329 1915 5408">
     <span class='ocr_line' id='line_1_63' title="bbox 331 5329 1915 5408; baseline 0.003 -19"><span class='ocrx_word' id='word_1_444' title='bbox 331 5337 496 5390; x_wconf 88' lang='lat' dir='ltr'><strong>modo</strong></span> <span class='ocrx_word' id='word_1_445' title='bbox 530 5347 648 5388; x_wconf 89' lang='lat' dir='ltr'><strong>eam</strong></span> <span class='ocrx_word' id='word_1_446' title='bbox 704 5329 1010 5389; x_wconf 89' lang='lat' dir='ltr'><strong>Theodosio</strong></span> <span class='ocrx_word' id='word_1_447' title='bbox 1049 5335 1288 5390; x_wconf 86' lang='lat' dir='ltr'><strong>secundo</strong></span> <span class='ocrx_word' id='word_1_448' title='bbox 1333 5345 1386 5390; x_wconf 91' lang='lat' dir='ltr'><strong>et</strong></span> <span class='ocrx_word' id='word_1_449' title='bbox 1429 5333 1617 5392; x_wconf 85' lang='lat' dir='ltr'><strong>Firmo</strong></span> <span class='ocrx_word' id='word_1_450' title='bbox 1659 5340 1915 5408; x_wconf 85' lang='lat' dir='ltr'><strong>episcopo</strong></span> 
     </span>
    </p>
   </div>
   <div class='ocr_carea' id='block_1_64' title="bbox 331 5419 1091 5487">
    <p class='ocr_par' dir='ltr' id='par_1_64' title="bbox 331 5419 1091 5487">
     <span class='ocr_line' id='line_1_64' title="bbox 331 5419 1091 5487; baseline -0.003 -11"><span class='ocrx_word' id='word_1_451' title='bbox 331 5433 456 5476; x_wconf 68' lang='lat' dir='ltr'><strong>esse</strong></span> <span class='ocrx_word' id='word_1_452' title='bbox 485 5419 720 5487; x_wconf 87' lang='lat' dir='ltr'><strong>priorem</strong></span> <span class='ocrx_word' id='word_1_453' title='bbox 753 5419 1091 5475; x_wconf 89' lang='lat' dir='ltr'><strong>memineris.</strong></span> 
     </span>
    </p>
   </div>
   <div class='ocr_carea' id='block_1_65' title="bbox 407 5498 1918 5573">
    <p class='ocr_par' dir='ltr' id='par_1_65' title="bbox 407 5498 1918 5573">
     <span class='ocr_line' id='line_1_65' title="bbox 407 5498 1918 5573; baseline 0.003 -17"><span class='ocrx_word' id='word_1_454' title='bbox 407 5501 540 5556; x_wconf 88' lang='lat' dir='ltr'><strong>Ibid.</strong></span> <span class='ocrx_word' id='word_1_455' title='bbox 571 5498 914 5569; x_wconf 80' lang='grc' dir='ltr'>Καισάρεια.</span> <span class='ocrx_word' id='word_1_456' title='bbox 947 5499 1088 5556; x_wconf 86' lang='lat' dir='ltr'><strong>Olim</strong></span> <span class='ocrx_word' id='word_1_457' title='bbox 1115 5505 1279 5559; x_wconf 83' lang='lat' dir='ltr'><strong>totius</strong></span> <span class='ocrx_word' id='word_1_458' title='bbox 1307 5502 1656 5573; x_wconf 68' lang='lat' dir='ltr'><strong>Cappadociae</strong></span> <span class='ocrx_word' id='word_1_459' title='bbox 1683 5503 1783 5558; x_wconf 79' lang='lat' dir='ltr'><strong>fuit</strong></span> <span class='ocrx_word' id='word_1_460' title='bbox 1807 5519 1918 5560; x_wconf 86' lang='lat' dir='ltr'><strong>tne-</strong></span> 
     </span>
    </p>
   </div>
   <div class='ocr_carea' id='block_1_66' title="bbox 335 5584 1916 5660">
    <p class='ocr_par' dir='ltr' id='par_1_66' title="bbox 335 5584 1916 5660">
     <span class='ocr_line' id='line_1_66' title="bbox 335 5584 1916 5660; baseline 0.003 -19"><span class='ocrx_word' id='word_1_461' title='bbox 335 5585 584 5657; x_wconf 89' lang='lat' dir='ltr'><strong>tropolis,</strong></span> <span class='ocrx_word' id='word_1_462' title='bbox 608 5588 702 5642; x_wconf 88' lang='lat' dir='ltr'><strong>sed</strong></span> <span class='ocrx_word' id='word_1_463' title='bbox 729 5584 1006 5655; x_wconf 86' lang='lat' dir='ltr'><strong>provincia</strong></span> <span class='ocrx_word' id='word_1_464' title='bbox 1037 5588 1248 5645; x_wconf 87' lang='lat' dir='ltr'><strong>induas</strong></span> <span class='ocrx_word' id='word_1_465' title='bbox 1273 5605 1302 5644; x_wconf 87' lang='lat' dir='ltr'><strong>a</strong></span> <span class='ocrx_word' id='word_1_466' title='bbox 1333 5587 1560 5646; x_wconf 81' lang='lat' dir='ltr'><strong>Valente</strong></span> <span class='ocrx_word' id='word_1_467' title='bbox 1589 5591 1916 5660; x_wconf 85' lang='lat' dir='ltr'><strong>imperatore</strong></span> 
     </span>
    </p>
   </div>
   <div class='ocr_carea' id='block_1_67' title="bbox 334 5669 1913 5744">
    <p class='ocr_par' dir='ltr' id='par_1_67' title="bbox 334 5669 1913 5744">
     <span class='ocr_line' id='line_1_67' title="bbox 334 5669 1913 5744; baseline 0.003 -18"><span class='ocrx_word' id='word_1_468' title='bbox 334 5681 486 5726; x_wconf 86' lang='lat' dir='ltr'><strong>secta</strong></span> <span class='ocrx_word' id='word_1_469' title='bbox 519 5670 657 5726; x_wconf 87' lang='lat' dir='ltr'><strong>hanc</strong></span> <span class='ocrx_word' id='word_1_470' title='bbox 679 5669 752 5726; x_wconf 90' lang='lat' dir='ltr'><strong>illi</strong></span> <span class='ocrx_word' id='word_1_471' title='bbox 779 5669 1098 5738; x_wconf 86' lang='lat' dir='ltr'><strong>dignitatem</strong></span> <span class='ocrx_word' id='word_1_472' title='bbox 1129 5673 1388 5728; x_wconf 88' lang='lat' dir='ltr'><strong>invidisse</strong></span> <span class='ocrx_word' id='word_1_473' title='bbox 1421 5673 1606 5744; x_wconf 87' lang='lat' dir='ltr'><strong>Tyana</strong></span> <span class='ocrx_word' id='word_1_474' title='bbox 1642 5675 1913 5730; x_wconf 89' lang='lat' dir='ltr'><strong>videntur.</strong></span> 
     </span>
    </p>
   </div>
   <div class='ocr_carea' id='block_1_68' title="bbox 338 5752 1917 5832">
    <p class='ocr_par' dir='ltr' id='par_1_68' title="bbox 338 5752 1917 5832">
     <span class='ocr_line' id='line_1_68' title="bbox 338 5752 1917 5832; baseline 0.004 -23"><span class='ocrx_word' id='word_1_475' title='bbox 338 5752 512 5810; x_wconf 86' lang='lat' dir='ltr'><strong>Litem</strong></span> <span class='ocrx_word' id='word_1_476' title='bbox 563 5753 664 5813; x_wconf 86' lang='lat' dir='ltr'><strong>sub</strong></span> <span class='ocrx_word' id='word_1_477' title='bbox 724 5752 1034 5813; x_wconf 86' lang='lat' dir='ltr'><strong>Theodosio</strong></span> <span class='ocrx_word' id='word_1_478' title='bbox 1087 5757 1607 5832; x_wconf 57' lang='lat' dir='ltr'><strong>secundowpitam</strong></span> <span class='ocrx_word' id='word_1_479' title='bbox 1664 5758 1829 5819; x_wconf 77' lang='lat' dir='ltr'><strong>fuisse</strong></span> <span class='ocrx_word' id='word_1_480' title='bbox 1861 5769 1917 5819; x_wconf 85' lang='lat' dir='ltr'><strong>et</strong></span> 
     </span>
    </p>
   </div>
   <div class='ocr_carea' id='block_1_69' title="bbox 2026 493 3611 574">
    <p class='ocr_par' dir='ltr' id='par_1_69' title="bbox 2026 493 3611 574">
     <span class='ocr_line' id='line_1_69' title="bbox 2026 493 3611 574; baseline 0.015 -28"><span class='ocrx_word' id='word_1_481' title='bbox 2026 493 2184 563; x_wconf 89' lang='lat' dir='ltr'><strong>epist.</strong></span> <span class='ocrx_word' id='word_1_482' title='bbox 2227 495 2294 548; x_wconf 82' lang='lat' dir='ltr'><strong>I7</strong></span> <span class='ocrx_word' id='word_1_483' title='bbox 2334 498 2556 554; x_wconf 76' lang='lat' dir='ltr'><strong>ind;cat.</strong></span> <span class='ocrx_word' id='word_1_484' title='bbox 2592 499 2763 556; x_wconf 63' lang='lat' dir='ltr'><strong>Stant</strong></span> <span class='ocrx_word' id='word_1_485' title='bbox 2805 502 2974 560; x_wconf 81' lang='lat' dir='ltr'><strong>fuisse</strong></span> <span class='ocrx_word' id='word_1_486' title='bbox 2996 506 3064 560; x_wconf 88' lang='lat' dir='ltr'><strong>ad</strong></span> <span class='ocrx_word' id='word_1_487' title='bbox 3093 507 3342 574; x_wconf 70' lang='lat' dir='ltr'><strong>Argaeum</strong></span> <span class='ocrx_word' id='word_1_488' title='bbox 3375 523 3611 569; x_wconf 72' lang='lat' dir='ltr'><strong>montem</strong></span> 
     </span>
    </p>
   </div>
   <div class='ocr_carea' id='block_1_70' title="bbox 2027 587 3617 659">
    <p class='ocr_par' dir='ltr' id='par_1_70' title="bbox 2027 587 3617 659">
     <span class='ocr_line' id='line_1_70' title="bbox 2027 587 3617 659; baseline 0.011 -27"><span class='ocrx_word' id='word_1_489' title='bbox 2027 588 2227 635; x_wconf 88' lang='lat' dir='ltr'><strong>norunt</strong></span> <span class='ocrx_word' id='word_1_490' title='bbox 2263 595 2476 648; x_wconf 83' lang='lat' dir='ltr'><strong>omnes,</strong></span> <span class='ocrx_word' id='word_1_491' title='bbox 2510 599 2616 638; x_wconf 92' lang='lat' dir='ltr'><strong>non</strong></span> <span class='ocrx_word' id='word_1_492' title='bbox 2666 587 2794 640; x_wconf 89' lang='lat' dir='ltr'><strong>item</strong></span> <span class='ocrx_word' id='word_1_493' title='bbox 2840 599 3061 657; x_wconf 89' lang='lat' dir='ltr'><strong>propter</strong></span> <span class='ocrx_word' id='word_1_494' title='bbox 3107 591 3500 659; x_wconf 74' lang='lat' dir='ltr'><strong>amplissimum</strong></span> <span class='ocrx_word' id='word_1_495' title='bbox 3536 598 3617 649; x_wconf 86' lang='lat' dir='ltr'><strong>la-</strong></span> 
     </span>
    </p>
   </div>
   <div class='ocr_carea' id='block_1_71' title="bbox 2026 662 3611 744">
    <p class='ocr_par' dir='ltr' id='par_1_71' title="bbox 2026 662 3611 744">
     <span class='ocr_line' id='line_1_71' title="bbox 2026 662 3611 744; baseline 0.013 -32"><span class='ocrx_word' id='word_1_496' title='bbox 2026 673 2174 744; x_wconf 76' lang='lat' dir='ltr'><strong>cum,</strong></span> <span class='ocrx_word' id='word_1_497' title='bbox 2205 662 2298 732; x_wconf 92' lang='lat' dir='ltr'><strong>qui</strong></span> <span class='ocrx_word' id='word_1_498' title='bbox 2335 665 2385 718; x_wconf 92' lang='lat' dir='ltr'><strong>in</strong></span> <span class='ocrx_word' id='word_1_499' title='bbox 2420 665 2587 736; x_wconf 83' lang='lat' dir='ltr'><strong>Halyn</strong></span> <span class='ocrx_word' id='word_1_500' title='bbox 2623 667 2917 734; x_wconf 87' lang='lat' dir='ltr'><strong>inﬂuebat;</strong></span> <span class='ocrx_word' id='word_1_501' title='bbox 2951 684 3133 738; x_wconf 63' lang='lat' dir='ltr'><strong>Operae</strong></span> <span class='ocrx_word' id='word_1_502' title='bbox 3167 671 3348 743; x_wconf 86' lang='lat' dir='ltr'><strong>itaque</strong></span> <span class='ocrx_word' id='word_1_503' title='bbox 3381 678 3611 744; x_wconf 89' lang='lat' dir='ltr'><strong>pretium</strong></span> 
     </span>
    </p>
   </div>
   <div class='ocr_carea' id='block_1_72' title="bbox 2027 739 3616 829">
    <p class='ocr_par' dir='ltr' id='par_1_72' title="bbox 2027 739 3616 829">
     <span class='ocr_line' id='line_1_72' title="bbox 2027 739 3616 829; baseline 0.013 -37"><span class='ocrx_word' id='word_1_504' title='bbox 2027 739 2189 829; x_wconf 73' lang='lat' dir='ltr'><strong>fuerit</strong></span> <span class='ocrx_word' id='word_1_505' title='bbox 2239 747 2461 829; x_wconf 83' lang='lat' dir='ltr'><strong>paulum</strong></span> <span class='ocrx_word' id='word_1_506' title='bbox 2494 749 2618 804; x_wconf 86' lang='lat' dir='ltr'><strong>huic</strong></span> <span class='ocrx_word' id='word_1_507' title='bbox 2643 751 2717 804; x_wconf 88' lang='lat' dir='ltr'><strong>rei</strong></span> <span class='ocrx_word' id='word_1_508' title='bbox 2745 751 3044 819; x_wconf 88' lang='lat' dir='ltr'><strong>immorari,</strong></span> <span class='ocrx_word' id='word_1_509' title='bbox 3069 763 3124 808; x_wconf 84' lang='lat' dir='ltr'><strong>et</strong></span> <span class='ocrx_word' id='word_1_510' title='bbox 3150 739 3271 823; x_wconf 64' lang='lat' dir='ltr'><strong>quin</strong></span> <span class='ocrx_word' id='word_1_511' title='bbox 3307 739 3421 810; x_wconf 71' lang='lat' dir='ltr'><strong>loca</strong></span> <span class='ocrx_word' id='word_1_512' title='bbox 3452 759 3616 829; x_wconf 88' lang='lat' dir='ltr'><strong>Ilalys</strong></span> 
     </span>
    </p>
   </div>
   <div class='ocr_carea' id='block_1_73' title="bbox 2023 823 3614 910">
    <p class='ocr_par' dir='ltr' id='par_1_73' title="bbox 2023 823 3614 910">
     <span class='ocr_line' id='line_1_73' title="bbox 2023 823 3614 910; baseline 0.013 -35"><span class='ocrx_word' id='word_1_513' title='bbox 2023 823 2269 910; x_wconf 67' lang='lat' dir='ltr'><strong>praﬂuat</strong></span> <span class='ocrx_word' id='word_1_514' title='bbox 2322 828 2622 901; x_wconf 87' lang='lat' dir='ltr'><strong>inquirere.</strong></span> <span class='ocrx_word' id='word_1_515' title='bbox 2675 833 2849 892; x_wconf 86' lang='lat' dir='ltr'><strong>Lacus</strong></span> <span class='ocrx_word' id='word_1_516' title='bbox 2901 836 3162 893; x_wconf 89' lang='lat' dir='ltr'><strong>distincta</strong></span> <span class='ocrx_word' id='word_1_517' title='bbox 3217 841 3426 896; x_wconf 87' lang='lat' dir='ltr'><strong>mentio</strong></span> <span class='ocrx_word' id='word_1_518' title='bbox 3472 823 3614 910; x_wconf 79' lang='lat' dir='ltr'><strong>apud</strong></span> 
     </span>
    </p>
   </div>
   <div class='ocr_carea' id='block_1_74' title="bbox 2024 906 3612 987">
    <p class='ocr_par' dir='ltr' id='par_1_74' title="bbox 2024 906 3612 987">
     <span class='ocr_line' id='line_1_74' title="bbox 2024 906 3612 987; baseline 0.013 -28"><span class='ocrx_word' id='word_1_519' title='bbox 2024 906 2344 966; x_wconf 79' lang='lat' dir='ltr'><strong>Strabonem</strong></span> <span class='ocrx_word' id='word_1_520' title='bbox 2391 931 2492 979; x_wconf 90' lang='lat' dir='ltr'><strong>xu,</strong></span> <span class='ocrx_word' id='word_1_521' title='bbox 2539 931 2593 986; x_wconf 90' lang='lat' dir='ltr'><strong>p.</strong></span> <span class='ocrx_word' id='word_1_522' title='bbox 2630 918 2734 987; x_wconf 72' lang='lat'><strong>558</strong></span> <span class='ocrx_word' id='word_1_523' title='bbox 2777 929 2878 984; x_wconf 90' lang='lat' dir='ltr'><strong>est,</strong></span> <span class='ocrx_word' id='word_1_524' title='bbox 2935 929 2989 975; x_wconf 92' lang='lat' dir='ltr'><strong>et</strong></span> <span class='ocrx_word' id='word_1_525' title='bbox 3019 921 3285 977; x_wconf 89' lang='lat' dir='ltr'><strong>incertum</strong></span> <span class='ocrx_word' id='word_1_526' title='bbox 3333 906 3612 981; x_wconf 81' lang='lat' dir='ltr'><strong>auctorem</strong></span> 
     </span>
    </p>
   </div>
   <div class='ocr_carea' id='block_1_75' title="bbox 2022 992 3614 1065">
    <p class='ocr_par' dir='ltr' id='par_1_75' title="bbox 2022 992 3614 1065">
     <span class='ocr_line' id='line_1_75' title="bbox 2022 992 3614 1065; baseline 0.011 -21"><span class='ocrx_word' id='word_1_527' title='bbox 2022 992 2268 1056; x_wconf 63' lang='lat' dir='ltr'><strong>epistolae</strong></span> <span class='ocrx_word' id='word_1_528' title='bbox 2319 1011 2442 1065; x_wconf 62' lang='lat' dir='ltr'><strong>qua</strong></span> <span class='ocrx_word' id='word_1_529' title='bbox 2483 999 2628 1054; x_wconf 78' lang='lat' dir='ltr'><strong>inter</strong></span> <span class='ocrx_word' id='word_1_530' title='bbox 2673 999 2975 1057; x_wconf 82' lang='lat' dir='ltr'><strong>Basiliauas</strong></span> <span class='ocrx_word' id='word_1_531' title='bbox 3019 1006 3330 1060; x_wconf 75' lang='lat' dir='ltr'><strong>novissima:</strong></span> <span class='ocrx_word' id='word_1_532' title='bbox 3361 1010 3614 1064; x_wconf 81' lang='lat' dir='ltr'><strong>editionis</strong></span> 
     </span>
    </p>
   </div>
   <div class='ocr_carea' id='block_1_76' title="bbox 2023 1075 3610 1160">
    <p class='ocr_par' dir='ltr' id='par_1_76' title="bbox 2023 1075 3610 1160">
     <span class='ocr_line' id='line_1_76' title="bbox 2023 1075 3610 1160; baseline 0.011 -30"><span class='ocrx_word' id='word_1_533' title='bbox 2023 1075 2150 1160; x_wconf 61' lang='grc'><strong>565.</strong></span> <span class='ocrx_word' id='word_1_534' title='bbox 2209 1077 2255 1133; x_wconf 89' lang='lat' dir='ltr'><strong>ls</strong></span> <span class='ocrx_word' id='word_1_535' title='bbox 2303 1095 2425 1134; x_wconf 91' lang='lat' dir='ltr'><strong>cum</strong></span> <span class='ocrx_word' id='word_1_536' title='bbox 2490 1083 2782 1139; x_wconf 78' lang='lat' dir='ltr'><strong>immanem</strong></span> <span class='ocrx_word' id='word_1_537' title='bbox 2842 1087 2984 1142; x_wconf 77' lang='lat' dir='ltr'><strong>nivis</strong></span> <span class='ocrx_word' id='word_1_538' title='bbox 3057 1098 3112 1140; x_wconf 89' lang='lat' dir='ltr'><strong>et</strong></span> <span class='ocrx_word' id='word_1_539' title='bbox 3161 1088 3358 1158; x_wconf 65' lang='lat' dir='ltr'><strong>pluviae</strong></span> <span class='ocrx_word' id='word_1_540' title='bbox 3399 1093 3610 1160; x_wconf 82' lang='lat' dir='ltr'><strong>copiam</strong></span> 
     </span>
    </p>
   </div>
   <div class='ocr_carea' id='block_1_77' title="bbox 2023 1158 3606 1244">
    <p class='ocr_par' dir='ltr' id='par_1_77' title="bbox 2023 1158 3606 1244">
     <span class='ocr_line' id='line_1_77' title="bbox 2023 1158 3606 1244; baseline 0.011 -33"><span class='ocrx_word' id='word_1_541' title='bbox 2023 1158 2077 1244; x_wconf 87' lang='lat' dir='ltr'><strong>in</strong></span> <span class='ocrx_word' id='word_1_542' title='bbox 2104 1175 2227 1213; x_wconf 90' lang='lat' dir='ltr'><strong>eum</strong></span> <span class='ocrx_word' id='word_1_543' title='bbox 2265 1164 2538 1231; x_wconf 85' lang='lat' dir='ltr'><strong>depluisse</strong></span> <span class='ocrx_word' id='word_1_544' title='bbox 2573 1180 2872 1234; x_wconf 86' lang='lat' dir='ltr'><strong>narrasset,</strong></span> <span class='ocrx_word' id='word_1_545' title='bbox 2917 1170 3122 1240; x_wconf 80' lang='grc' dir='ltr'>ἀθρόας</span> <span class='ocrx_word' id='word_1_546' title='bbox 3163 1167 3256 1226; x_wconf 79' lang='grc' dir='ltr'>οὖν</span> <span class='ocrx_word' id='word_1_547' title='bbox 3286 1158 3606 1244; x_wconf 63' lang='grc' dir='ltr'>γενομένης,</span> 
     </span>
    </p>
   </div>
   <div class='ocr_carea' id='block_1_78' title="bbox 2023 1243 3610 1329">
    <p class='ocr_par' dir='ltr' id='par_1_78' title="bbox 2023 1243 3610 1329">
     <span class='ocr_line' id='line_1_78' title="bbox 2023 1243 3610 1329; baseline 0.009 -33"><span class='ocrx_word' id='word_1_548' title='bbox 2023 1243 2322 1316; x_wconf 78' lang='grc' dir='ltr'>ἰιιιμιίι,τῆς</span> <span class='ocrx_word' id='word_1_549' title='bbox 2343 1248 2552 1319; x_wconf 79' lang='grc' dir='ltr'>τήξεως</span> <span class='ocrx_word' id='word_1_550' title='bbox 2568 1251 2862 1306; x_wconf 85' lang='grc' dir='ltr'>ἀνείκαστα</span> <span class='ocrx_word' id='word_1_551' title='bbox 2879 1255 3099 1325; x_wconf 77' lang='grc' dir='ltr'><strong>ἐκινήθη</strong></span> <span class='ocrx_word' id='word_1_552' title='bbox 3118 1258 3384 1326; x_wconf 82' lang='grc' dir='ltr'>ῥεύματα,</span> <span class='ocrx_word' id='word_1_553' title='bbox 3400 1243 3610 1329; x_wconf 80' lang='grc' dir='ltr'>ἀεννᾶῳ</span> 
     </span>
    </p>
   </div>
   <div class='ocr_carea' id='block_1_79' title="bbox 2021 1331 3605 1410">
    <p class='ocr_par' dir='ltr' id='par_1_79' title="bbox 2021 1331 3605 1410">
     <span class='ocr_line' id='line_1_79' title="bbox 2021 1331 3605 1410; baseline 0.009 -30"><span class='ocrx_word' id='word_1_554' title='bbox 2021 1331 2255 1402; x_wconf 84' lang='grc' dir='ltr'>ποταμῷ</span> <span class='ocrx_word' id='word_1_555' title='bbox 2292 1335 2800 1406; x_wconf 85' lang='grc' dir='ltr'>συνεπιμιγνύμενα</span> <span class='ocrx_word' id='word_1_556' title='bbox 2824 1337 2901 1408; x_wconf 84' lang='grc' dir='ltr'><strong>τῷ</strong></span> <span class='ocrx_word' id='word_1_557' title='bbox 2931 1338 3095 1392; x_wconf 57' lang='lat' dir='ltr'><strong>“Aloi</strong></span> <span class='ocrx_word' id='word_1_558' title='bbox 3119 1341 3327 1410; x_wconf 78' lang='grc' dir='ltr'>ὲναύλῳ</span> <span class='ocrx_word' id='word_1_559' title='bbox 3356 1359 3416 1394; x_wconf 85' lang='grc' dir='ltr'><strong>τε</strong></span> <span class='ocrx_word' id='word_1_560' title='bbox 3442 1341 3554 1394; x_wconf 71' lang='grc' dir='ltr'>ὄντι</span> <span class='ocrx_word' id='word_1_561' title='bbox 3592 1361 3605 1395; x_wconf 91' lang='lat'><strong>:</strong></span> 
     </span>
    </p>
   </div>
   <div class='ocr_carea' id='block_1_80' title="bbox 2019 1415 3609 1494">
    <p class='ocr_par' dir='ltr' id='par_1_80' title="bbox 2019 1415 3609 1494">
     <span class='ocr_line' id='line_1_80' title="bbox 2019 1415 3609 1494; baseline 0.008 -29"><span class='ocrx_word' id='word_1_562' title='bbox 2019 1429 2123 1480; x_wconf 85' lang='lat' dir='ltr'><strong>qua</strong></span> <span class='ocrx_word' id='word_1_563' title='bbox 2150 1415 2260 1468; x_wconf 77' lang='lat' dir='ltr'><strong>uiue</strong></span> <span class='ocrx_word' id='word_1_564' title='bbox 2291 1416 2462 1470; x_wconf 80' lang='lat' dir='ltr'><strong>subito</strong></span> <span class='ocrx_word' id='word_1_565' title='bbox 2496 1417 2830 1488; x_wconf 67' lang='lat' dir='ltr'><strong>liqueat-cute,</strong></span> <span class='ocrx_word' id='word_1_566' title='bbox 2869 1422 3062 1490; x_wconf 79' lang='lat' dir='ltr'><strong>ﬂuctus</strong></span> <span class='ocrx_word' id='word_1_567' title='bbox 3102 1423 3457 1486; x_wconf 78' lang='lat' dir='ltr'><strong>incredibiles,</strong></span> <span class='ocrx_word' id='word_1_568' title='bbox 3491 1424 3609 1494; x_wconf 80' lang='lat' dir='ltr'><strong>jugi</strong></span> 
     </span>
    </p>
   </div>
   <div class='ocr_carea' id='block_1_81' title="bbox 2017 1497 3608 1574">
    <p class='ocr_par' dir='ltr' id='par_1_81' title="bbox 2017 1497 3608 1574">
     <span class='ocr_line' id='line_1_81' title="bbox 2017 1497 3608 1574; baseline 0.009 -28"><span class='ocrx_word' id='word_1_569' title='bbox 2017 1497 2178 1566; x_wconf 82' lang='lat' dir='ltr'><strong>ﬂuvio</strong></span> <span class='ocrx_word' id='word_1_570' title='bbox 2212 1509 2367 1567; x_wconf 84' lang='lat' dir='ltr'><strong>atque</strong></span> <span class='ocrx_word' id='word_1_571' title='bbox 2401 1512 2519 1554; x_wconf 87' lang='lat' dir='ltr'><strong>arto</strong></span> <span class='ocrx_word' id='word_1_572' title='bbox 2559 1503 2704 1557; x_wconf 83' lang='lat' dir='ltr'><strong>alveo</strong></span> <span class='ocrx_word' id='word_1_573' title='bbox 2741 1506 2911 1556; x_wconf 83' lang='lat' dir='ltr'><strong>ruenti</strong></span> <span class='ocrx_word' id='word_1_574' title='bbox 2964 1503 3124 1574; x_wconf 82' lang='lat' dir='ltr'><strong>IIaIyi</strong></span> <span class='ocrx_word' id='word_1_575' title='bbox 3166 1507 3456 1571; x_wconf 81' lang='lat' dir='ltr'><strong>commixti,</strong></span> <span class='ocrx_word' id='word_1_576' title='bbox 3489 1522 3608 1560; x_wconf 74' lang='lat' dir='ltr'><strong>sur-</strong></span> 
     </span>
    </p>
   </div>
   <div class='ocr_carea' id='block_1_82' title="bbox 2019 1585 3605 1651">
    <p class='ocr_par' dir='ltr' id='par_1_82' title="bbox 2019 1585 3605 1651">
     <span class='ocr_line' id='line_1_82' title="bbox 2019 1585 3605 1651; baseline 0.009 -19"><span class='ocrx_word' id='word_1_577' title='bbox 2019 1593 2285 1636; x_wconf 71' lang='lat' dir='ltr'><strong>rexerunt.</strong></span> <span class='ocrx_word' id='word_1_578' title='bbox 2313 1585 2444 1650; x_wconf 66' lang='lat' dir='ltr'><strong>Qua:</strong></span> <span class='ocrx_word' id='word_1_579' title='bbox 2479 1586 2694 1651; x_wconf 82' lang='lat' dir='ltr'><strong>Halym,</strong></span> <span class='ocrx_word' id='word_1_580' title='bbox 2736 1587 2861 1643; x_wconf 86' lang='lat' dir='ltr'><strong>licet</strong></span> <span class='ocrx_word' id='word_1_581' title='bbox 2903 1588 3206 1644; x_wconf 90' lang='lat' dir='ltr'><strong>Cotelerius</strong></span> <span class='ocrx_word' id='word_1_582' title='bbox 3239 1598 3372 1646; x_wconf 89' lang='lat' dir='ltr'><strong>tom.</strong></span> <span class='ocrx_word' id='word_1_583' title='bbox 3425 1608 3462 1645; x_wconf 87' lang='grc' dir='ltr'><strong>ιι</strong></span> <span class='ocrx_word' id='word_1_584' title='bbox 3494 1590 3605 1646; x_wconf 85' lang='grc' dir='ltr'><strong>Μο-</strong></span> 
     </span>
    </p>
   </div>
   <div class='ocr_carea' id='block_1_83' title="bbox 2019 1664 3605 1741">
    <p class='ocr_par' dir='ltr' id='par_1_83' title="bbox 2019 1664 3605 1741">
     <span class='ocr_line' id='line_1_83' title="bbox 2019 1664 3605 1741; baseline 0.008 -23"><span class='ocrx_word' id='word_1_585' title='bbox 2019 1679 2170 1718; x_wconf 90' lang='lat' dir='ltr'><strong>num.</strong></span> <span class='ocrx_word' id='word_1_586' title='bbox 2205 1664 2380 1722; x_wconf 67' lang='lat' dir='ltr'><strong>Graec.</strong></span> <span class='ocrx_word' id='word_1_587' title='bbox 2428 1685 2481 1738; x_wconf 95' lang='lat' dir='ltr'><strong>p.</strong></span> <span class='ocrx_word' id='word_1_588' title='bbox 2517 1671 2584 1725; x_wconf 82' lang='lat'><strong>97</strong></span> <span class='ocrx_word' id='word_1_589' title='bbox 2627 1682 2683 1726; x_wconf 91' lang='lat' dir='ltr'><strong>et</strong></span> <span class='ocrx_word' id='word_1_590' title='bbox 2736 1686 2974 1741; x_wconf 89' lang='lat' dir='ltr'><strong>nuperus</strong></span> <span class='ocrx_word' id='word_1_591' title='bbox 3015 1673 3195 1727; x_wconf 90' lang='lat' dir='ltr'><strong>editor</strong></span> <span class='ocrx_word' id='word_1_592' title='bbox 3244 1689 3368 1728; x_wconf 91' lang='lat' dir='ltr'><strong>eum</strong></span> <span class='ocrx_word' id='word_1_593' title='bbox 3419 1674 3605 1730; x_wconf 88' lang='lat' dir='ltr'><strong>videre</strong></span> 
     </span>
    </p>
   </div>
   <div class='ocr_carea' id='block_1_84' title="bbox 2017 1745 3605 1813">
    <p class='ocr_par' dir='ltr' id='par_1_84' title="bbox 2017 1745 3605 1813">
     <span class='ocr_line' id='line_1_84' title="bbox 2017 1745 3605 1813; baseline 0.01 -16"><span class='ocrx_word' id='word_1_594' title='bbox 2017 1745 2313 1811; x_wconf 87' lang='lat' dir='ltr'><strong>noluerint,</strong></span> <span class='ocrx_word' id='word_1_595' title='bbox 2366 1753 2507 1806; x_wconf 88' lang='lat' dir='ltr'><strong>haud</strong></span> <span class='ocrx_word' id='word_1_596' title='bbox 2561 1753 2789 1808; x_wconf 87' lang='lat' dir='ltr'><strong>nmltmn</strong></span> <span class='ocrx_word' id='word_1_597' title='bbox 2839 1754 3086 1810; x_wconf 74' lang='lat' dir='ltr'><strong>Czesarea</strong></span> <span class='ocrx_word' id='word_1_598' title='bbox 3140 1767 3442 1811; x_wconf 76' lang='lat' dir='ltr'><strong>removent.</strong></span> <span class='ocrx_word' id='word_1_599' title='bbox 3497 1757 3605 1813; x_wconf 82' lang='lat' dir='ltr'><strong>Nec</strong></span> 
     </span>
    </p>
   </div>
   <div class='ocr_carea' id='block_1_85' title="bbox 2015 1827 3604 1911">
    <p class='ocr_par' dir='ltr' id='par_1_85' title="bbox 2015 1827 3604 1911">
     <span class='ocr_line' id='line_1_85' title="bbox 2015 1827 3604 1911; baseline 0.009 -31"><span class='ocrx_word' id='word_1_600' title='bbox 2015 1827 2180 1892; x_wconf 86' lang='lat' dir='ltr'><strong>alius.</strong></span> <span class='ocrx_word' id='word_1_601' title='bbox 2233 1841 2382 1911; x_wconf 74' lang='lat' dir='ltr'><strong>puto,</strong></span> <span class='ocrx_word' id='word_1_602' title='bbox 2447 1843 2531 1889; x_wconf 93' lang='lat' dir='ltr'><strong>est</strong></span> <span class='ocrx_word' id='word_1_603' title='bbox 2588 1837 2786 1904; x_wconf 78' lang='grc' dir='ltr'>γείτων</span> <span class='ocrx_word' id='word_1_604' title='bbox 2855 1839 3122 1908; x_wconf 80' lang='grc' dir='ltr'>ποταμός,</span> <span class='ocrx_word' id='word_1_605' title='bbox 3175 1838 3329 1907; x_wconf 84' lang='lat' dir='ltr'><strong>cujus</strong></span> <span class='ocrx_word' id='word_1_606' title='bbox 3388 1839 3604 1894; x_wconf 84' lang='lat' dir='ltr'><strong>Firmus</strong></span> 
     </span>
    </p>
   </div>
   <div class='ocr_carea' id='block_1_86' title="bbox 2015 1913 3604 1988">
    <p class='ocr_par' dir='ltr' id='par_1_86' title="bbox 2015 1913 3604 1988">
     <span class='ocr_line' id='line_1_86' title="bbox 2015 1913 3604 1988; baseline 0.007 -22"><span class='ocrx_word' id='word_1_607' title='bbox 2015 1913 2177 1980; x_wconf 87' lang='lat' dir='ltr'><strong>epist.</strong></span> <span class='ocrx_word' id='word_1_608' title='bbox 2229 1914 2319 1970; x_wconf 81' lang='lat'><strong>55.</strong></span> <span class='ocrx_word' id='word_1_609' title='bbox 2371 1919 2662 1985; x_wconf 85' lang='lat' dir='ltr'><strong>meminit;</strong></span> <span class='ocrx_word' id='word_1_610' title='bbox 2701 1921 2803 1976; x_wconf 92' lang='lat' dir='ltr'><strong>nisi</strong></span> <span class='ocrx_word' id='word_1_611' title='bbox 2856 1930 2912 1975; x_wconf 89' lang='lat' dir='ltr'><strong>tu</strong></span> <span class='ocrx_word' id='word_1_612' title='bbox 2947 1921 3206 1976; x_wconf 83' lang='lat' dir='ltr'><strong>Melanem</strong></span> <span class='ocrx_word' id='word_1_613' title='bbox 3256 1936 3378 1976; x_wconf 79' lang='lat' dir='ltr'><strong>esse</strong></span> <span class='ocrx_word' id='word_1_614' title='bbox 3425 1923 3604 1988; x_wconf 79' lang='lat' dir='ltr'><strong>malis,</strong></span> 
     </span>
    </p>
   </div>
   <div class='ocr_carea' id='block_1_87' title="bbox 2016 1996 3605 2074">
    <p class='ocr_par' dir='ltr' id='par_1_87' title="bbox 2016 1996 3605 2074">
     <span class='ocr_line' id='line_1_87' title="bbox 2016 1996 3605 2074; baseline 0.008 -25"><span class='ocrx_word' id='word_1_615' title='bbox 2016 2011 2177 2064; x_wconf 84' lang='lat' dir='ltr'><strong>quem</strong></span> <span class='ocrx_word' id='word_1_616' title='bbox 2201 1996 2398 2055; x_wconf 87' lang='lat' dir='ltr'><strong>Strabo</strong></span> <span class='ocrx_word' id='word_1_617' title='bbox 2429 2017 2530 2069; x_wconf 90' lang='lat' dir='ltr'><strong>xu,</strong></span> <span class='ocrx_word' id='word_1_618' title='bbox 2554 2019 2606 2074; x_wconf 92' lang='lat' dir='ltr'><strong>p.</strong></span> <span class='ocrx_word' id='word_1_619' title='bbox 2633 2003 2738 2060; x_wconf 74' lang='lat'><strong>558</strong></span> <span class='ocrx_word' id='word_1_620' title='bbox 2763 2006 2956 2060; x_wconf 86' lang='lat' dir='ltr'><strong>stadiis</strong></span> <span class='ocrx_word' id='word_1_621' title='bbox 2985 2006 3054 2060; x_wconf 78' lang='grc'><strong>40</strong></span> <span class='ocrx_word' id='word_1_622' title='bbox 3084 2007 3153 2061; x_wconf 80' lang='lat' dir='ltr'><strong>ab</strong></span> <span class='ocrx_word' id='word_1_623' title='bbox 3181 2008 3311 2060; x_wconf 88' lang='lat' dir='ltr'><strong>urbe</strong></span> <span class='ocrx_word' id='word_1_624' title='bbox 3334 2008 3605 2062; x_wconf 85' lang='lat' dir='ltr'><strong>scaturire</strong></span> 
     </span>
    </p>
   </div>
   <div class='ocr_carea' id='block_1_88' title="bbox 2015 2081 3602 2163">
    <p class='ocr_par' dir='ltr' id='par_1_88' title="bbox 2015 2081 3602 2163">
     <span class='ocr_line' id='line_1_88' title="bbox 2015 2081 3602 2163; baseline 0.007 -29"><span class='ocrx_word' id='word_1_625' title='bbox 2015 2081 2274 2151; x_wconf 90' lang='lat' dir='ltr'><strong>prodidit.</strong></span> <span class='ocrx_word' id='word_1_626' title='bbox 2305 2083 2458 2151; x_wconf 86' lang='lat' dir='ltr'><strong>Quod</strong></span> <span class='ocrx_word' id='word_1_627' title='bbox 2492 2099 2771 2159; x_wconf 89' lang='lat' dir='ltr'><strong>utcunque</strong></span> <span class='ocrx_word' id='word_1_628' title='bbox 2799 2090 3075 2158; x_wconf 88' lang='lat' dir='ltr'><strong>ceciderit,</strong></span> <span class='ocrx_word' id='word_1_629' title='bbox 3108 2091 3292 2163; x_wconf 81' lang='lat' dir='ltr'><strong>Halym</strong></span> <span class='ocrx_word' id='word_1_630' title='bbox 3327 2107 3457 2159; x_wconf 88' lang='lat' dir='ltr'><strong>agro</strong></span> <span class='ocrx_word' id='word_1_631' title='bbox 3482 2107 3602 2156; x_wconf 84' lang='lat' dir='ltr'><strong>sun,</strong></span> 
     </span>
    </p>
   </div>
   <div class='ocr_carea' id='block_1_89' title="bbox 2012 2165 3601 2242">
    <p class='ocr_par' dir='ltr' id='par_1_89' title="bbox 2012 2165 3601 2242">
     <span class='ocr_line' id='line_1_89' title="bbox 2012 2165 3601 2242; baseline 0.006 -23"><span class='ocrx_word' id='word_1_632' title='bbox 2012 2165 2116 2220; x_wconf 88' lang='lat' dir='ltr'><strong>etsi</strong></span> <span class='ocrx_word' id='word_1_633' title='bbox 2157 2181 2302 2236; x_wconf 70' lang='lat' dir='ltr'><strong>saepe</strong></span> <span class='ocrx_word' id='word_1_634' title='bbox 2336 2172 2868 2238; x_wconf 88' lang='lat' dir='ltr'><strong>perincommodum,</strong></span> <span class='ocrx_word' id='word_1_635' title='bbox 2915 2173 3279 2229; x_wconf 74' lang='lat' dir='ltr'><strong>Czesarieuses</strong></span> <span class='ocrx_word' id='word_1_636' title='bbox 3319 2175 3452 2242; x_wconf 88' lang='lat' dir='ltr'><strong>eripi</strong></span> <span class='ocrx_word' id='word_1_637' title='bbox 3495 2189 3601 2228; x_wconf 90' lang='lat' dir='ltr'><strong>non</strong></span> 
     </span>
    </p>
   </div>
   <div class='ocr_carea' id='block_1_90' title="bbox 2014 2248 3601 2322">
    <p class='ocr_par' dir='ltr' id='par_1_90' title="bbox 2014 2248 3601 2322">
     <span class='ocr_line' id='line_1_90' title="bbox 2014 2248 3601 2322; baseline 0.007 -21"><span class='ocrx_word' id='word_1_638' title='bbox 2014 2248 2309 2316; x_wconf 89' lang='lat' dir='ltr'><strong>patientur.</strong></span> <span class='ocrx_word' id='word_1_639' title='bbox 2333 2251 2450 2310; x_wconf 84' lang='lat' dir='ltr'><strong>Huc</strong></span> <span class='ocrx_word' id='word_1_640' title='bbox 2482 2269 2514 2309; x_wconf 85' lang='lat' dir='ltr'><strong>a</strong></span> <span class='ocrx_word' id='word_1_641' title='bbox 2541 2253 2790 2311; x_wconf 86' lang='lat' dir='ltr'><strong>Sebastia</strong></span> <span class='ocrx_word' id='word_1_642' title='bbox 2815 2256 3105 2322; x_wconf 88' lang='lat' dir='ltr'><strong>deﬂuebat,</strong></span> <span class='ocrx_word' id='word_1_643' title='bbox 3135 2258 3189 2312; x_wconf 90' lang='lat' dir='ltr'><strong>in</strong></span> <span class='ocrx_word' id='word_1_644' title='bbox 3220 2258 3601 2312; x_wconf 88' lang='lat' dir='ltr'><strong>Armeniorqu</strong></span> 
     </span>
    </p>
   </div>
   <div class='ocr_carea' id='block_1_91' title="bbox 2014 2331 3604 2408">
    <p class='ocr_par' dir='ltr' id='par_1_91' title="bbox 2014 2331 3604 2408">
     <span class='ocr_line' id='line_1_91' title="bbox 2014 2331 3604 2408; baseline 0.008 -24"><span class='ocrx_word' id='word_1_645' title='bbox 2014 2331 2220 2387; x_wconf 88' lang='lat' dir='ltr'><strong>ditioue</strong></span> <span class='ocrx_word' id='word_1_646' title='bbox 2241 2345 2394 2392; x_wconf 84' lang='lat' dir='ltr'><strong>ortus</strong></span> <span class='ocrx_word' id='word_1_647' title='bbox 2423 2355 2438 2392; x_wconf 88' lang='lat'><strong>:</strong></span> <span class='ocrx_word' id='word_1_648' title='bbox 2470 2331 2624 2402; x_wconf 78' lang='grc' dir='ltr'>οὗτος</span> <span class='ocrx_word' id='word_1_649' title='bbox 2646 2341 2674 2392; x_wconf 92' lang='grc' dir='ltr'>ὁ</span> <span class='ocrx_word' id='word_1_650' title='bbox 2711 2338 2882 2408; x_wconf 81' lang='grc' dir='ltr'>λοχῶν</span> <span class='ocrx_word' id='word_1_651' title='bbox 2912 2341 3012 2408; x_wconf 88' lang='lat' dir='ltr'><strong>(sic</strong></span> <span class='ocrx_word' id='word_1_652' title='bbox 3041 2355 3161 2394; x_wconf 89' lang='lat' dir='ltr'><strong>cum</strong></span> <span class='ocrx_word' id='word_1_653' title='bbox 3195 2339 3604 2396; x_wconf 85' lang='lat' dir='ltr'><strong>Hemsterhusio</strong></span> 
     </span>
    </p>
   </div>
   <div class='ocr_carea' id='block_1_92' title="bbox 2012 2417 3597 2491">
    <p class='ocr_par' dir='ltr' id='par_1_92' title="bbox 2012 2417 3597 2491">
     <span class='ocr_line' id='line_1_92' title="bbox 2012 2417 3597 2491; baseline 0.004 -24"><span class='ocrx_word' id='word_1_654' title='bbox 2012 2423 2203 2471; x_wconf 90' lang='lat' dir='ltr'><strong>nostro</strong></span> <span class='ocrx_word' id='word_1_655' title='bbox 2241 2417 2358 2488; x_wconf 85' lang='lat' dir='ltr'><strong>lege</strong></span> <span class='ocrx_word' id='word_1_656' title='bbox 2395 2435 2411 2474; x_wconf 91' lang='lat'><strong>:</strong></span> <span class='ocrx_word' id='word_1_657' title='bbox 2455 2435 2581 2475; x_wconf 88' lang='lat' dir='ltr'><strong>nam</strong></span> <span class='ocrx_word' id='word_1_658' title='bbox 2619 2421 2800 2491; x_wconf 83' lang='grc' dir='ltr'>λαχὼν</span> <span class='ocrx_word' id='word_1_659' title='bbox 2832 2421 3000 2476; x_wconf 92' lang='lat' dir='ltr'><strong>multo</strong></span> <span class='ocrx_word' id='word_1_660' title='bbox 3046 2422 3442 2489; x_wconf 87' lang='lat' dir='ltr'><strong>ineptissimum</strong></span> <span class='ocrx_word' id='word_1_661' title='bbox 3469 2423 3597 2489; x_wconf 83' lang='lat' dir='ltr'><strong>est),</strong></span> 
     </span>
    </p>
   </div>
   <div class='ocr_carea' id='block_1_93' title="bbox 2013 2491 3602 2572">
    <p class='ocr_par' dir='ltr' id='par_1_93' title="bbox 2013 2491 3602 2572">
     <span class='ocr_line' id='line_1_93' title="bbox 2013 2491 3602 2572; baseline 0.003 -21"><span class='ocrx_word' id='word_1_662' title='bbox 2013 2491 2168 2559; x_wconf 78' lang='grc' dir='ltr'>οὗτος</span> <span class='ocrx_word' id='word_1_663' title='bbox 2198 2500 2226 2552; x_wconf 83' lang='grc' dir='ltr'><strong>ὁ</strong></span> <span class='ocrx_word' id='word_1_664' title='bbox 2253 2500 2427 2571; x_wconf 85' lang='grc' dir='ltr'>λοχῶν</span> <span class='ocrx_word' id='word_1_665' title='bbox 2464 2505 2620 2572; x_wconf 81' lang='grc' dir='ltr'>ημῖν,</span> <span class='ocrx_word' id='word_1_666' title='bbox 2655 2504 3088 2572; x_wconf 69' lang='lat' dir='ltr'><strong>inquitepistolaa</strong></span> <span class='ocrx_word' id='word_1_667' title='bbox 3123 2504 3375 2570; x_wconf 82' lang='lat' dir='ltr'><strong>scriptor.</strong></span> <span class='ocrx_word' id='word_1_668' title='bbox 3405 2504 3602 2572; x_wconf 82' lang='grc' dir='ltr'>γείτων</span> 
     </span>
    </p>
   </div>
   <div class='ocr_carea' id='block_1_94' title="bbox 2014 2582 3604 2657">
    <p class='ocr_par' dir='ltr' id='par_1_94' title="bbox 2014 2582 3604 2657">
     <span class='ocr_line' id='line_1_94' title="bbox 2014 2582 3604 2657; baseline 0.004 -25"><span class='ocrx_word' id='word_1_669' title='bbox 2014 2582 2283 2652; x_wconf 80' lang='grc' dir='ltr'>ποταμὸς,</span> <span class='ocrx_word' id='word_1_670' title='bbox 2298 2583 2577 2649; x_wconf 74' lang='grc' dir='ltr'><strong>ἐκϐλύζων</strong></span> <span class='ocrx_word' id='word_1_671' title='bbox 2599 2587 2696 2657; x_wconf 80' lang='grc' dir='ltr'>μὲν</span> <span class='ocrx_word' id='word_1_672' title='bbox 2720 2589 2784 2640; x_wconf 78' lang='grc' dir='ltr'>ἐκ</span> <span class='ocrx_word' id='word_1_673' title='bbox 2800 2588 2898 2657; x_wconf 82' lang='grc' dir='ltr'>τῆς</span> <span class='ocrx_word' id='word_1_674' title='bbox 2913 2586 3020 2640; x_wconf 83' lang='grc' dir='ltr'>τῶν</span> <span class='ocrx_word' id='word_1_675' title='bbox 3037 2584 3362 2656; x_wconf 84' lang='grc' dir='ltr'>Ἀρμενίων,</span> <span class='ocrx_word' id='word_1_676' title='bbox 3383 2585 3604 2655; x_wconf 75' lang='grc' dir='ltr'>ἐμϐιϐα-</span> 
     </span>
    </p>
   </div>
   <div class='ocr_carea' id='block_1_95' title="bbox 2012 2662 3599 2743">
    <p class='ocr_par' dir='ltr' id='par_1_95' title="bbox 2012 2662 3599 2743">
     <span class='ocr_line' id='line_1_95' title="bbox 2012 2662 3599 2743; baseline 0.003 -27"><span class='ocrx_word' id='word_1_677' title='bbox 2012 2662 2241 2732; x_wconf 79' lang='grc' dir='ltr'>ζόμενος</span> <span class='ocrx_word' id='word_1_678' title='bbox 2262 2667 2318 2720; x_wconf 80' lang='grc' dir='ltr'><strong>δὲ</strong></span> <span class='ocrx_word' id='word_1_679' title='bbox 2339 2667 2398 2721; x_wconf 83' lang='grc' dir='ltr'>ὲν</span> <span class='ocrx_word' id='word_1_680' title='bbox 2415 2671 2482 2740; x_wconf 79' lang='grc' dir='ltr'><strong>τῇ</strong></span> <span class='ocrx_word' id='word_1_681' title='bbox 2503 2669 2776 2742; x_wconf 72' lang='grc' dir='ltr'>ἱερωτάτῃ</span> <span class='ocrx_word' id='word_1_682' title='bbox 2793 2670 2959 2743; x_wconf 79' lang='grc' dir='ltr'>λίμνῃ</span> <span class='ocrx_word' id='word_1_683' title='bbox 2974 2671 3080 2724; x_wconf 82' lang='grc' dir='ltr'><strong>τῶν</strong></span> <span class='ocrx_word' id='word_1_684' title='bbox 3105 2668 3457 2739; x_wconf 79' lang='grc' dir='ltr'>Σεϐαστηνῶν</span> <span class='ocrx_word' id='word_1_685' title='bbox 3474 2687 3528 2722; x_wconf 85' lang='grc' dir='ltr'>κ.</span> <span class='ocrx_word' id='word_1_686' title='bbox 3547 2669 3599 2726; x_wconf 78' lang='grc' dir='ltr'><strong>λ.</strong></span> 
     </span>
    </p>
   </div>
   <div class='ocr_carea' id='block_1_96' title="bbox 2011 2746 3603 2822">
    <p class='ocr_par' dir='ltr' id='par_1_96' title="bbox 2011 2746 3603 2822">
     <span class='ocr_line' id='line_1_96' title="bbox 2011 2746 3603 2822; baseline 0.005 -23"><span class='ocrx_word' id='word_1_687' title='bbox 2011 2746 2186 2817; x_wconf 84' lang='lat' dir='ltr'><strong>Atque</strong></span> <span class='ocrx_word' id='word_1_688' title='bbox 2211 2752 2314 2806; x_wconf 90' lang='lat' dir='ltr'><strong>hoc</strong></span> <span class='ocrx_word' id='word_1_689' title='bbox 2347 2767 2469 2807; x_wconf 87' lang='lat' dir='ltr'><strong>cum</strong></span> <span class='ocrx_word' id='word_1_690' title='bbox 2501 2752 2771 2809; x_wconf 83' lang='lat' dir='ltr'><strong>Strabone</strong></span> <span class='ocrx_word' id='word_1_691' title='bbox 2800 2770 2898 2821; x_wconf 84' lang='lat' dir='ltr'><strong>xu,</strong></span> <span class='ocrx_word' id='word_1_692' title='bbox 2933 2753 3103 2822; x_wconf 63' lang='lat' dir='ltr'><strong>p.546</strong></span> <span class='ocrx_word' id='word_1_693' title='bbox 3140 2754 3274 2807; x_wconf 87' lang='lat' dir='ltr'><strong>bene</strong></span> <span class='ocrx_word' id='word_1_694' title='bbox 3305 2753 3438 2806; x_wconf 87' lang='lat' dir='ltr'><strong>satis</strong></span> <span class='ocrx_word' id='word_1_695' title='bbox 3467 2766 3603 2806; x_wconf 89' lang='lat' dir='ltr'><strong>con-</strong></span> 
     </span>
    </p>
   </div>
   <div class='ocr_carea' id='block_1_97' title="bbox 2016 2831 3602 2907">
    <p class='ocr_par' dir='ltr' id='par_1_97' title="bbox 2016 2831 3602 2907">
     <span class='ocr_line' id='line_1_97' title="bbox 2016 2831 3602 2907; baseline 0.003 -23"><span class='ocrx_word' id='word_1_696' title='bbox 2016 2832 2168 2886; x_wconf 86' lang='lat' dir='ltr'><strong>venit</strong></span> <span class='ocrx_word' id='word_1_697' title='bbox 2213 2849 2228 2888; x_wconf 88' lang='lat'><strong>:</strong></span> <span class='ocrx_word' id='word_1_698' title='bbox 2267 2831 2458 2906; x_wconf 88' lang='lat' dir='ltr'><strong>Halym</strong></span> <span class='ocrx_word' id='word_1_699' title='bbox 2507 2839 2653 2892; x_wconf 90' lang='lat' dir='ltr'><strong>enim</strong></span> <span class='ocrx_word' id='word_1_700' title='bbox 2701 2852 2768 2892; x_wconf 84' lang='lat' dir='ltr'><strong>ex</strong></span> <span class='ocrx_word' id='word_1_701' title='bbox 2821 2852 3016 2907; x_wconf 86' lang='lat' dir='ltr'><strong>magna</strong></span> <span class='ocrx_word' id='word_1_702' title='bbox 3066 2836 3405 2906; x_wconf 85' lang='lat' dir='ltr'><strong>Cappadocia</strong></span> <span class='ocrx_word' id='word_1_703' title='bbox 3455 2836 3602 2890; x_wconf 86' lang='lat' dir='ltr'><strong>circa</strong></span> 
     </span>
    </p>
   </div>
   <div class='ocr_carea' id='block_1_98' title="bbox 2014 2913 3603 2987">
    <p class='ocr_par' dir='ltr' id='par_1_98' title="bbox 2014 2913 3603 2987">
     <span class='ocr_line' id='line_1_98' title="bbox 2014 2913 3603 2987; baseline 0.003 -18"><span class='ocrx_word' id='word_1_704' title='bbox 2014 2913 2428 2987; x_wconf 88' lang='lat' dir='ltr'><strong>Cambysenem,</strong></span> <span class='ocrx_word' id='word_1_705' title='bbox 2463 2919 2735 2974; x_wconf 75' lang='lat' dir='ltr'><strong>Armeniae</strong></span> <span class='ocrx_word' id='word_1_706' title='bbox 2775 2921 3141 2974; x_wconf 88' lang='lat' dir='ltr'><strong>contributam</strong></span> <span class='ocrx_word' id='word_1_707' title='bbox 3165 2958 3180 2984; x_wconf 91' lang='lat'><strong>,</strong></span> <span class='ocrx_word' id='word_1_708' title='bbox 3222 2919 3451 2973; x_wconf 85' lang='lat' dir='ltr'><strong>derivat.</strong></span> <span class='ocrx_word' id='word_1_709' title='bbox 3493 2918 3603 2973; x_wconf 78' lang='lat' dir='ltr'><strong>Nec</strong></span> 
     </span>
    </p>
   </div>
   <div class='ocr_carea' id='block_1_99' title="bbox 2014 2997 3605 3072">
    <p class='ocr_par' dir='ltr' id='par_1_99' title="bbox 2014 2997 3605 3072">
     <span class='ocr_line' id='line_1_99' title="bbox 2014 2997 3605 3072; baseline 0.002 -21"><span class='ocrx_word' id='word_1_710' title='bbox 2014 2997 2174 3069; x_wconf 83' lang='lat' dir='ltr'><strong>longe</strong></span> <span class='ocrx_word' id='word_1_711' title='bbox 2200 3000 2376 3054; x_wconf 89' lang='lat' dir='ltr'><strong>aberit</strong></span> <span class='ocrx_word' id='word_1_712' title='bbox 2411 2999 2719 3058; x_wconf 85' lang='lat' dir='ltr'><strong>Herodotus</strong></span> <span class='ocrx_word' id='word_1_713' title='bbox 2751 3019 2789 3068; x_wconf 78' lang='grc' dir='ltr'><strong>ι,</strong></span> <span class='ocrx_word' id='word_1_714' title='bbox 2823 3002 2914 3066; x_wconf 77' lang='lat'><strong>72,</strong></span> <span class='ocrx_word' id='word_1_715' title='bbox 2951 3002 2996 3057; x_wconf 92' lang='lat' dir='ltr'><strong>si</strong></span> <span class='ocrx_word' id='word_1_716' title='bbox 3031 3017 3126 3070; x_wconf 90' lang='lat' dir='ltr'><strong>per</strong></span> <span class='ocrx_word' id='word_1_717' title='bbox 3157 3000 3444 3072; x_wconf 80' lang='grc' dir='ltr'>Ἀρμένιον</span> <span class='ocrx_word' id='word_1_718' title='bbox 3477 3000 3605 3070; x_wconf 75' lang='grc' dir='ltr'>ὅρος</span> 
     </span>
    </p>
   </div>
   <div class='ocr_carea' id='block_1_100' title="bbox 2014 3085 3602 3161">
    <p class='ocr_par' dir='ltr' id='par_1_100' title="bbox 2014 3085 3602 3161">
     <span class='ocr_line' id='line_1_100' title="bbox 2014 3085 3602 3161; baseline 0.003 -27"><span class='ocrx_word' id='word_1_719' title='bbox 2014 3092 2253 3138; x_wconf 84' lang='lat' dir='ltr'><strong>montem</strong></span> <span class='ocrx_word' id='word_1_720' title='bbox 2300 3085 2574 3161; x_wconf 68' lang='lat' dir='ltr'><strong>Armeniae</strong></span> <span class='ocrx_word' id='word_1_721' title='bbox 2628 3086 2983 3141; x_wconf 78' lang='lat' dir='ltr'><strong>intellexerit.</strong></span> <span class='ocrx_word' id='word_1_722' title='bbox 3039 3085 3254 3154; x_wconf 86' lang='lat' dir='ltr'><strong>Optime</strong></span> <span class='ocrx_word' id='word_1_723' title='bbox 3305 3099 3434 3140; x_wconf 91' lang='lat' dir='ltr'><strong>vero</strong></span> <span class='ocrx_word' id='word_1_724' title='bbox 3479 3100 3602 3140; x_wconf 91' lang='lat' dir='ltr'><strong>cum</strong></span> 
     </span>
    </p>
   </div>
   <div class='ocr_carea' id='block_1_101' title="bbox 2014 3163 3606 3238">
    <p class='ocr_par' dir='ltr' id='par_1_101' title="bbox 2014 3163 3606 3238">
     <span class='ocr_line' id='line_1_101' title="bbox 2014 3163 3606 3238; baseline 0.001 -18"><span class='ocrx_word' id='word_1_725' title='bbox 2014 3163 2280 3237; x_wconf 78' lang='lat' dir='ltr'><strong>Gregorio</strong></span> <span class='ocrx_word' id='word_1_726' title='bbox 2335 3166 2586 3238; x_wconf 86' lang='lat' dir='ltr'><strong>Nysseno</strong></span> <span class='ocrx_word' id='word_1_727' title='bbox 2641 3169 2888 3238; x_wconf 65' lang='lat' dir='ltr'><strong>epistolae</strong></span> <span class='ocrx_word' id='word_1_728' title='bbox 2937 3179 3126 3224; x_wconf 90' lang='lat' dir='ltr'><strong>auctor</strong></span> <span class='ocrx_word' id='word_1_729' title='bbox 3167 3167 3460 3235; x_wconf 79' lang='lat' dir='ltr'><strong>consentit,</strong></span> <span class='ocrx_word' id='word_1_730' title='bbox 3511 3171 3606 3238; x_wconf 91' lang='lat' dir='ltr'><strong>qui</strong></span> 
     </span>
    </p>
   </div>
   <div class='ocr_carea' id='block_1_102' title="bbox 2014 3249 3604 3322">
    <p class='ocr_par' dir='ltr' id='par_1_102' title="bbox 2014 3249 3604 3322">
     <span class='ocr_line' id='line_1_102' title="bbox 2014 3249 3604 3322; baseline 0.002 -21"><span class='ocrx_word' id='word_1_731' title='bbox 2014 3257 2157 3304; x_wconf 80' lang='lat' dir='ltr'><strong>orat.</strong></span> <span class='ocrx_word' id='word_1_732' title='bbox 2201 3250 2225 3303; x_wconf 84' lang='lat' dir='ltr'><strong>I</strong></span> <span class='ocrx_word' id='word_1_733' title='bbox 2283 3251 2335 3304; x_wconf 93' lang='lat' dir='ltr'><strong>in</strong></span> <span class='ocrx_word' id='word_1_734' title='bbox 2365 3250 2438 3304; x_wconf 73' lang='grc'><strong>40</strong></span> <span class='ocrx_word' id='word_1_735' title='bbox 2474 3251 2697 3322; x_wconf 85' lang='lat' dir='ltr'><strong>Martyr.</strong></span> <span class='ocrx_word' id='word_1_736' title='bbox 2748 3252 3080 3307; x_wconf 85' lang='lat' dir='ltr'><strong>Sebastenos</strong></span> <span class='ocrx_word' id='word_1_737' title='bbox 3109 3267 3162 3320; x_wconf 91' lang='lat' dir='ltr'><strong>p.</strong></span> <span class='ocrx_word' id='word_1_738' title='bbox 3207 3251 3305 3306; x_wconf 82' lang='grc'><strong>501</strong></span> <span class='ocrx_word' id='word_1_739' title='bbox 3351 3269 3364 3304; x_wconf 93' lang='lat'><strong>:</strong></span> <span class='ocrx_word' id='word_1_740' title='bbox 3403 3249 3604 3305; x_wconf 83' lang='grc' dir='ltr'>Τοῦτον</span> 
     </span>
    </p>
   </div>
   <div class='ocr_carea' id='block_1_103' title="bbox 2014 3329 3606 3402">
    <p class='ocr_par' dir='ltr' id='par_1_103' title="bbox 2014 3329 3606 3402">
     <span class='ocr_line' id='line_1_103' title="bbox 2014 3329 3606 3402; baseline 0.002 -19"><span class='ocrx_word' id='word_1_741' title='bbox 2014 3329 2160 3398; x_wconf 83' lang='grc' dir='ltr'>λέγω</span> <span class='ocrx_word' id='word_1_742' title='bbox 2207 3332 2298 3384; x_wconf 65' lang='grc' dir='ltr'><strong>τὸν</strong></span> <span class='ocrx_word' id='word_1_743' title='bbox 2332 3333 2551 3400; x_wconf 77' lang='grc' dir='ltr'>γείτονα</span> <span class='ocrx_word' id='word_1_744' title='bbox 2583 3333 2847 3402; x_wconf 78' lang='grc' dir='ltr'>ποταμὸν,</span> <span class='ocrx_word' id='word_1_745' title='bbox 2889 3333 2947 3397; x_wconf 81' lang='grc' dir='ltr'>ὃς</span> <span class='ocrx_word' id='word_1_746' title='bbox 3002 3333 3090 3386; x_wconf 82' lang='grc' dir='ltr'><strong>διὰ</strong></span> <span class='ocrx_word' id='word_1_747' title='bbox 3132 3334 3194 3387; x_wconf 79' lang='grc' dir='ltr'>τὸ</span> <span class='ocrx_word' id='word_1_748' title='bbox 3229 3333 3462 3402; x_wconf 75' lang='grc' dir='ltr'>μέγεθος</span> <span class='ocrx_word' id='word_1_749' title='bbox 3490 3335 3606 3396; x_wconf 81' lang='grc' dir='ltr'>τοῖς</span> 
     </span>
    </p>
   </div>
   <div class='ocr_carea' id='block_1_104' title="bbox 2012 3413 3605 3488">
    <p class='ocr_par' dir='ltr' id='par_1_104' title="bbox 2012 3413 3605 3488">
     <span class='ocr_line' id='line_1_104' title="bbox 2012 3413 3605 3488; baseline 0.003 -23"><span class='ocrx_word' id='word_1_750' title='bbox 2012 3413 2335 3482; x_wconf 83' lang='grc' dir='ltr'>ὀνομαστοῖς</span> <span class='ocrx_word' id='word_1_751' title='bbox 2361 3416 2474 3470; x_wconf 84' lang='grc' dir='ltr'><strong>τῶν</strong></span> <span class='ocrx_word' id='word_1_752' title='bbox 2502 3416 2646 3470; x_wconf 81' lang='grc' dir='ltr'>κατὰ</span> <span class='ocrx_word' id='word_1_753' title='bbox 2677 3417 2774 3487; x_wconf 84' lang='grc' dir='ltr'>τὴν</span> <span class='ocrx_word' id='word_1_754' title='bbox 2808 3417 3136 3488; x_wconf 81' lang='grc' dir='ltr'>οίκουμένην</span> <span class='ocrx_word' id='word_1_755' title='bbox 3195 3416 3464 3487; x_wconf 85' lang='grc' dir='ltr'>παταμῶν</span> <span class='ocrx_word' id='word_1_756' title='bbox 3503 3418 3605 3469; x_wconf 74' lang='grc' dir='ltr'><strong>ὲν-</strong></span> 
     </span>
    </p>
   </div>
   <div class='ocr_carea' id='block_1_105' title="bbox 2018 3499 3606 3572">
    <p class='ocr_par' dir='ltr' id='par_1_105' title="bbox 2018 3499 3606 3572">
     <span class='ocr_line' id='line_1_105' title="bbox 2018 3499 3606 3572; baseline 0.001 -20"><span class='ocrx_word' id='word_1_757' title='bbox 2018 3499 2276 3568; x_wconf 87' lang='grc' dir='ltr'>αρίΘμιος</span> <span class='ocrx_word' id='word_1_758' title='bbox 2307 3500 2405 3561; x_wconf 84' lang='grc' dir='ltr'><strong>ὢν.</strong></span> <span class='ocrx_word' id='word_1_759' title='bbox 2439 3501 2550 3554; x_wconf 84' lang='grc' dir='ltr'><strong>ἀπὸ</strong></span> <span class='ocrx_word' id='word_1_760' title='bbox 2575 3501 2675 3571; x_wconf 80' lang='grc' dir='ltr'>τῆς</span> <span class='ocrx_word' id='word_1_761' title='bbox 2712 3502 2989 3571; x_wconf 81' lang='grc' dir='ltr'>ἡμετέρας</span> <span class='ocrx_word' id='word_1_762' title='bbox 3026 3500 3328 3572; x_wconf 82' lang='grc' dir='ltr'>ἀρχόμενος</span> <span class='ocrx_word' id='word_1_763' title='bbox 3348 3502 3405 3554; x_wconf 81' lang='grc' dir='ltr'>ὲν</span> <span class='ocrx_word' id='word_1_764' title='bbox 3426 3501 3606 3570; x_wconf 78' lang='grc' dir='ltr'>χρόνῳ</span> 
     </span>
    </p>
   </div>
   <div class='ocr_carea' id='block_1_106' title="bbox 2015 3582 3602 3654">
    <p class='ocr_par' dir='ltr' id='par_1_106' title="bbox 2015 3582 3602 3654">
     <span class='ocr_line' id='line_1_106' title="bbox 2015 3582 3602 3654; baseline 0.003 -22"><span class='ocrx_word' id='word_1_765' title='bbox 2015 3582 2352 3651; x_wconf 75' lang='grc' dir='ltr'>παραμείὸει</span> <span class='ocrx_word' id='word_1_766' title='bbox 2393 3585 2493 3654; x_wconf 80' lang='grc' dir='ltr'>τὴν</span> <span class='ocrx_word' id='word_1_767' title='bbox 2543 3583 2718 3637; x_wconf 80' lang='grc' dir='ltr'>πόλιν.</span> <span class='ocrx_word' id='word_1_768' title='bbox 2751 3583 2870 3638; x_wconf 85' lang='lat' dir='ltr'><strong>Non</strong></span> <span class='ocrx_word' id='word_1_769' title='bbox 2907 3584 2992 3638; x_wconf 90' lang='lat' dir='ltr'><strong>ille</strong></span> <span class='ocrx_word' id='word_1_770' title='bbox 3022 3585 3240 3653; x_wconf 84' lang='lat' dir='ltr'><strong>quidem</strong></span> <span class='ocrx_word' id='word_1_771' title='bbox 3279 3583 3468 3653; x_wconf 84' lang='lat' dir='ltr'><strong>Halym</strong></span> <span class='ocrx_word' id='word_1_772' title='bbox 3506 3599 3602 3636; x_wconf 88' lang='lat' dir='ltr'><strong>uo-</strong></span> 
     </span>
    </p>
   </div>
   <div class='ocr_carea' id='block_1_107' title="bbox 2017 3667 3601 3738">
    <p class='ocr_par' dir='ltr' id='par_1_107' title="bbox 2017 3667 3601 3738">
     <span class='ocr_line' id='line_1_107' title="bbox 2017 3667 3601 3738; baseline -0.001 -17"><span class='ocrx_word' id='word_1_773' title='bbox 2017 3667 2227 3732; x_wconf 87' lang='lat' dir='ltr'><strong>minat;</strong></span> <span class='ocrx_word' id='word_1_774' title='bbox 2261 3671 2355 3722; x_wconf 89' lang='lat' dir='ltr'><strong>sed</strong></span> <span class='ocrx_word' id='word_1_775' title='bbox 2392 3683 2493 3723; x_wconf 86' lang='lat' dir='ltr'><strong>nec</strong></span> <span class='ocrx_word' id='word_1_776' title='bbox 2523 3669 2572 3722; x_wconf 90' lang='lat' dir='ltr'><strong>in</strong></span> <span class='ocrx_word' id='word_1_777' title='bbox 2602 3667 2710 3724; x_wconf 89' lang='lat' dir='ltr'><strong>Irin</strong></span> <span class='ocrx_word' id='word_1_778' title='bbox 2751 3684 2927 3738; x_wconf 86' lang='lat' dir='ltr'><strong>neque</strong></span> <span class='ocrx_word' id='word_1_779' title='bbox 2957 3670 3156 3738; x_wconf 88' lang='lat' dir='ltr'><strong>Lycum</strong></span> <span class='ocrx_word' id='word_1_780' title='bbox 3187 3667 3456 3736; x_wconf 85' lang='lat' dir='ltr'><strong>quadrant</strong></span> <span class='ocrx_word' id='word_1_781' title='bbox 3480 3682 3601 3734; x_wconf 67' lang='lat' dir='ltr'><strong>qum</strong></span> 
     </span>
    </p>
   </div>
   <div class='ocr_carea' id='block_1_108' title="bbox 2016 3748 3604 3820">
    <p class='ocr_par' dir='ltr' id='par_1_108' title="bbox 2016 3748 3604 3820">
     <span class='ocr_line' id='line_1_108' title="bbox 2016 3748 3604 3820; baseline 0.001 -18"><span class='ocrx_word' id='word_1_782' title='bbox 2016 3751 2082 3804; x_wconf 87' lang='lat' dir='ltr'><strong>de</strong></span> <span class='ocrx_word' id='word_1_783' title='bbox 2107 3748 2271 3805; x_wconf 89' lang='lat' dir='ltr'><strong>ﬂuvio</strong></span> <span class='ocrx_word' id='word_1_784' title='bbox 2294 3751 2554 3820; x_wconf 67' lang='lat' dir='ltr'><strong>praedicat</strong></span> <span class='ocrx_word' id='word_1_785' title='bbox 2585 3769 2599 3806; x_wconf 91' lang='lat'><strong>:</strong></span> <span class='ocrx_word' id='word_1_786' title='bbox 2635 3761 2827 3807; x_wconf 85' lang='lat' dir='ltr'><strong>neuter</strong></span> <span class='ocrx_word' id='word_1_787' title='bbox 2847 3752 2990 3806; x_wconf 89' lang='lat' dir='ltr'><strong>enim</strong></span> <span class='ocrx_word' id='word_1_788' title='bbox 3029 3761 3138 3805; x_wconf 88' lang='lat' dir='ltr'><strong>tam</strong></span> <span class='ocrx_word' id='word_1_789' title='bbox 3168 3751 3313 3820; x_wconf 86' lang='lat' dir='ltr'><strong>large</strong></span> <span class='ocrx_word' id='word_1_790' title='bbox 3346 3759 3400 3805; x_wconf 90' lang='lat' dir='ltr'><strong>et</strong></span> <span class='ocrx_word' id='word_1_791' title='bbox 3425 3751 3604 3817; x_wconf 85' lang='lat' dir='ltr'><strong>ample</strong></span> 
     </span>
    </p>
   </div>
   <div class='ocr_carea' id='block_1_109' title="bbox 2014 3832 3604 3890">
    <p class='ocr_par' dir='ltr' id='par_1_109' title="bbox 2014 3832 3604 3890">
     <span class='ocr_line' id='line_1_109' title="bbox 2014 3832 3604 3890; baseline -0.001 -3"><span class='ocrx_word' id='word_1_792' title='bbox 2014 3832 2172 3887; x_wconf 87' lang='lat' dir='ltr'><strong>ﬂuxit</strong></span> <span class='ocrx_word' id='word_1_793' title='bbox 2221 3845 2280 3887; x_wconf 91' lang='lat' dir='ltr'><strong>ut</strong></span> <span class='ocrx_word' id='word_1_794' title='bbox 2330 3849 2452 3888; x_wconf 90' lang='lat' dir='ltr'><strong>cum</strong></span> <span class='ocrx_word' id='word_1_795' title='bbox 2495 3834 2847 3890; x_wconf 86' lang='lat' dir='ltr'><strong>nobilissimis</strong></span> <span class='ocrx_word' id='word_1_796' title='bbox 2904 3834 3053 3889; x_wconf 90' lang='lat' dir='ltr'><strong>orbis</strong></span> <span class='ocrx_word' id='word_1_797' title='bbox 3100 3844 3364 3889; x_wconf 88' lang='lat' dir='ltr'><strong>terrarum</strong></span> <span class='ocrx_word' id='word_1_798' title='bbox 3426 3834 3604 3886; x_wconf 82' lang='lat' dir='ltr'><strong>ﬂuviis</strong></span> 
     </span>
    </p>
   </div>
   <div class='ocr_carea' id='block_1_110' title="bbox 2016 3917 3600 3989">
    <p class='ocr_par' dir='ltr' id='par_1_110' title="bbox 2016 3917 3600 3989">
     <span class='ocr_line' id='line_1_110' title="bbox 2016 3917 3600 3989; baseline -0.001 -18"><span class='ocrx_word' id='word_1_799' title='bbox 2016 3918 2266 3972; x_wconf 88' lang='lat' dir='ltr'><strong>contendi</strong></span> <span class='ocrx_word' id='word_1_800' title='bbox 2297 3918 2488 3988; x_wconf 88' lang='lat' dir='ltr'><strong>possit.</strong></span> <span class='ocrx_word' id='word_1_801' title='bbox 2530 3917 2586 3973; x_wconf 92' lang='lat' dir='ltr'><strong>lu</strong></span> <span class='ocrx_word' id='word_1_802' title='bbox 2620 3917 2811 3989; x_wconf 90' lang='lat' dir='ltr'><strong>IIalym</strong></span> <span class='ocrx_word' id='word_1_803' title='bbox 2851 3918 3146 3974; x_wconf 89' lang='lat' dir='ltr'><strong>convenire</strong></span> <span class='ocrx_word' id='word_1_804' title='bbox 3174 3933 3336 3972; x_wconf 89' lang='lat' dir='ltr'><strong>nemo</strong></span> <span class='ocrx_word' id='word_1_805' title='bbox 3369 3931 3600 3987; x_wconf 84' lang='lat' dir='ltr'><strong>negave-</strong></span> 
     </span>
    </p>
   </div>
   <div class='ocr_carea' id='block_1_111' title="bbox 2016 4000 3600 4071">
    <p class='ocr_par' dir='ltr' id='par_1_111' title="bbox 2016 4000 3600 4071">
     <span class='ocr_line' id='line_1_111' title="bbox 2016 4000 3600 4071; baseline -0.002 -17"><span class='ocrx_word' id='word_1_806' title='bbox 2016 4002 2109 4056; x_wconf 85' lang='lat' dir='ltr'><strong>rit.</strong></span> <span class='ocrx_word' id='word_1_807' title='bbox 2140 4000 2222 4056; x_wconf 92' lang='lat' dir='ltr'><strong>Ne</strong></span> <span class='ocrx_word' id='word_1_808' title='bbox 2251 4002 2428 4056; x_wconf 78' lang='lat' dir='ltr'><strong>dicant</strong></span> <span class='ocrx_word' id='word_1_809' title='bbox 2465 4003 2672 4057; x_wconf 90' lang='lat' dir='ltr'><strong>nullius</strong></span> <span class='ocrx_word' id='word_1_810' title='bbox 2711 4004 3035 4058; x_wconf 86' lang='lat' dir='ltr'><strong>auctoritate</strong></span> <span class='ocrx_word' id='word_1_811' title='bbox 3065 4003 3274 4071; x_wconf 85' lang='lat' dir='ltr'><strong>liquere</strong></span> <span class='ocrx_word' id='word_1_812' title='bbox 3299 4001 3600 4056; x_wconf 79' lang='lat' dir='ltr'><strong>Sebastiani</strong></span> 
     </span>
    </p>
   </div>
   <div class='ocr_carea' id='block_1_112' title="bbox 2017 4087 3606 4160">
    <p class='ocr_par' dir='ltr' id='par_1_112' title="bbox 2017 4087 3606 4160">
     <span class='ocr_line' id='line_1_112' title="bbox 2017 4087 3606 4160; baseline -0.003 -16"><span class='ocrx_word' id='word_1_813' title='bbox 2017 4088 2164 4160; x_wconf 86' lang='lat' dir='ltr'><strong>Lyco</strong></span> <span class='ocrx_word' id='word_1_814' title='bbox 2215 4089 2386 4143; x_wconf 81' lang='lat' dir='ltr'><strong>fuisse</strong></span> <span class='ocrx_word' id='word_1_815' title='bbox 2441 4089 2779 4159; x_wconf 87' lang='lat' dir='ltr'><strong>appositam;</strong></span> <span class='ocrx_word' id='word_1_816' title='bbox 2833 4091 2989 4159; x_wconf 88' lang='lat' dir='ltr'><strong>cujus</strong></span> <span class='ocrx_word' id='word_1_817' title='bbox 3039 4087 3282 4143; x_wconf 79' lang='lat' dir='ltr'><strong>fontibus</strong></span> <span class='ocrx_word' id='word_1_818' title='bbox 3332 4088 3606 4142; x_wconf 86' lang='lat' dir='ltr'><strong>assidebat</strong></span> 
     </span>
    </p>
   </div>
   <div class='ocr_carea' id='block_1_113' title="bbox 2006 4171 3607 4241">
    <p class='ocr_par' dir='ltr' id='par_1_113' title="bbox 2006 4171 3607 4241">
     <span class='ocr_line' id='line_1_113' title="bbox 2006 4171 3607 4241; baseline -0.005 -11"><span class='ocrx_word' id='word_1_819' title='bbox 2006 4171 2410 4240; x_wconf 86' lang='lat' dir='ltr'><strong>.Sebastopolis,</strong></span> <span class='ocrx_word' id='word_1_820' title='bbox 2457 4174 2512 4226; x_wconf 94' lang='lat' dir='ltr'><strong>ni</strong></span> <span class='ocrx_word' id='word_1_821' title='bbox 2549 4172 2701 4228; x_wconf 81' lang='lat' dir='ltr'><strong>fallat</strong></span> <span class='ocrx_word' id='word_1_822' title='bbox 2739 4172 3082 4238; x_wconf 68' lang='lat' dir='ltr'><strong>Ptolemaeus,</strong></span> <span class='ocrx_word' id='word_1_823' title='bbox 3116 4187 3147 4226; x_wconf 89' lang='lat' dir='ltr'><strong>a</strong></span> <span class='ocrx_word' id='word_1_824' title='bbox 3175 4188 3280 4241; x_wconf 88' lang='lat' dir='ltr'><strong>qua</strong></span> <span class='ocrx_word' id='word_1_825' title='bbox 3310 4186 3501 4226; x_wconf 73' lang='lat' dir='ltr'><strong>vet-Sus</strong></span> <span class='ocrx_word' id='word_1_826' title='bbox 3525 4171 3607 4224; x_wconf 89' lang='lat' dir='ltr'><strong>in-</strong></span> 
     </span>
    </p>
   </div>
   <div class='ocr_carea' id='block_1_114' title="bbox 2019 4246 3608 4324">
    <p class='ocr_par' dir='ltr' id='par_1_114' title="bbox 2019 4246 3608 4324">
     <span class='ocr_line' id='line_1_114' title="bbox 2019 4246 3608 4324; baseline -0.002 -16"><span class='ocrx_word' id='word_1_827' title='bbox 2019 4256 2276 4310; x_wconf 84' lang='lat' dir='ltr'><strong>teriorem</strong></span> <span class='ocrx_word' id='word_1_828' title='bbox 2319 4246 2795 4324; x_wconf 74' lang='lat' dir='ltr'><strong>Armeniam‘plus</strong></span> <span class='ocrx_word' id='word_1_829' title='bbox 2833 4257 2904 4309; x_wconf 72' lang='grc'><strong>40</strong></span> <span class='ocrx_word' id='word_1_830' title='bbox 2948 4254 3016 4310; x_wconf 82' lang='grc' dir='ltr'><strong>Μ.</strong></span> <span class='ocrx_word' id='word_1_831' title='bbox 3054 4255 3115 4310; x_wconf 86' lang='grc' dir='ltr'><strong>Ρ.</strong></span> <span class='ocrx_word' id='word_1_832' title='bbox 3147 4255 3394 4308; x_wconf 87' lang='lat' dir='ltr'><strong>Sebastia</strong></span> <span class='ocrx_word' id='word_1_833' title='bbox 3437 4253 3608 4306; x_wconf 78' lang='lat' dir='ltr'><strong>dista-</strong></span> 
     </span>
    </p>
   </div>
   <div class='ocr_carea' id='block_1_115' title="bbox 2016 4334 3606 4406">
    <p class='ocr_par' dir='ltr' id='par_1_115' title="bbox 2016 4334 3606 4406">
     <span class='ocr_line' id='line_1_115' title="bbox 2016 4334 3606 4406; baseline -0.002 -13"><span class='ocrx_word' id='word_1_834' title='bbox 2016 4338 2131 4393; x_wconf 81' lang='lat' dir='ltr'><strong>bat.</strong></span> <span class='ocrx_word' id='word_1_835' title='bbox 2168 4334 2359 4406; x_wconf 86' lang='lat' dir='ltr'><strong>Itaque</strong></span> <span class='ocrx_word' id='word_1_836' title='bbox 2412 4337 2456 4390; x_wconf 92' lang='lat' dir='ltr'><strong>si</strong></span> <span class='ocrx_word' id='word_1_837' title='bbox 2501 4346 2648 4392; x_wconf 88' lang='lat' dir='ltr'><strong>recte</strong></span> <span class='ocrx_word' id='word_1_838' title='bbox 2699 4339 2813 4392; x_wconf 84' lang='lat' dir='ltr'><strong>haec</strong></span> <span class='ocrx_word' id='word_1_839' title='bbox 2842 4337 3256 4406; x_wconf 80' lang='lat' dir='ltr'><strong>disputavimus,</strong></span> <span class='ocrx_word' id='word_1_840' title='bbox 3306 4350 3416 4390; x_wconf 88' lang='lat' dir='ltr'><strong>non</strong></span> <span class='ocrx_word' id='word_1_841' title='bbox 3449 4335 3606 4390; x_wconf 78' lang='lat' dir='ltr'><strong>video</strong></span> 
     </span>
    </p>
   </div>
   <div class='ocr_carea' id='block_1_116' title="bbox 2017 4417 3605 4490">
    <p class='ocr_par' dir='ltr' id='par_1_116' title="bbox 2017 4417 3605 4490">
     <span class='ocr_line' id='line_1_116' title="bbox 2017 4417 3605 4490; baseline -0.002 -16"><span class='ocrx_word' id='word_1_842' title='bbox 2017 4423 2109 4490; x_wconf 91' lang='lat' dir='ltr'><strong>qui</strong></span> <span class='ocrx_word' id='word_1_843' title='bbox 2141 4419 2391 4475; x_wconf 84' lang='lat' dir='ltr'><strong>excusari</strong></span> <span class='ocrx_word' id='word_1_844' title='bbox 2424 4418 2634 4474; x_wconf 85' lang='lat' dir='ltr'><strong>Plinius</strong></span> <span class='ocrx_word' id='word_1_845' title='bbox 2666 4423 2836 4488; x_wconf 88' lang='lat' dir='ltr'><strong>possit</strong></span> <span class='ocrx_word' id='word_1_846' title='bbox 2872 4435 2942 4482; x_wconf 88' lang='lat' dir='ltr'><strong>vt,</strong></span> <span class='ocrx_word' id='word_1_847' title='bbox 2975 4419 3011 4472; x_wconf 87' lang='grc'><strong>2</strong></span> <span class='ocrx_word' id='word_1_848' title='bbox 3040 4435 3252 4474; x_wconf 86' lang='lat' dir='ltr'><strong>amnem</strong></span> <span class='ocrx_word' id='word_1_849' title='bbox 3282 4417 3472 4488; x_wconf 86' lang='lat' dir='ltr'><strong>Ilalym</strong></span> <span class='ocrx_word' id='word_1_850' title='bbox 3509 4433 3605 4487; x_wconf 87' lang='lat' dir='ltr'><strong>per</strong></span> 
     </span>
    </p>
   </div>
   <div class='ocr_carea' id='block_1_117' title="bbox 2019 4500 3608 4570">
    <p class='ocr_par' dir='ltr' id='par_1_117' title="bbox 2019 4500 3608 4570">
     <span class='ocr_line' id='line_1_117' title="bbox 2019 4500 3608 4570; baseline -0.004 -12"><span class='ocrx_word' id='word_1_851' title='bbox 2019 4502 2334 4558; x_wconf 85' lang='lat' dir='ltr'><strong>Cataoniam</strong></span> <span class='ocrx_word' id='word_1_852' title='bbox 2391 4502 2445 4555; x_wconf 91' lang='lat' dir='ltr'><strong>in</strong></span> <span class='ocrx_word' id='word_1_853' title='bbox 2475 4501 2885 4570; x_wconf 80' lang='lat' dir='ltr'><strong>Cappadociam</strong></span> <span class='ocrx_word' id='word_1_854' title='bbox 2932 4502 3232 4556; x_wconf 89' lang='lat' dir='ltr'><strong>immittens</strong></span> <span class='ocrx_word' id='word_1_855' title='bbox 3277 4500 3608 4555; x_wconf 87' lang='lat' dir='ltr'><strong>:deﬂuxerit</strong></span> 
     </span>
    </p>
   </div>
   <div class='ocr_carea' id='block_1_118' title="bbox 2018 4583 3604 4656">
    <p class='ocr_par' dir='ltr' id='par_1_118' title="bbox 2018 4583 3604 4656">
     <span class='ocr_line' id='line_1_118' title="bbox 2018 4583 3604 4656; baseline -0.002 -15"><span class='ocrx_word' id='word_1_856' title='bbox 2018 4587 2165 4642; x_wconf 89' lang='lat' dir='ltr'><strong>enim</strong></span> <span class='ocrx_word' id='word_1_857' title='bbox 2196 4594 2408 4656; x_wconf 90' lang='lat' dir='ltr'><strong>oportet</strong></span> <span class='ocrx_word' id='word_1_858' title='bbox 2441 4599 2506 4638; x_wconf 85' lang='lat' dir='ltr'><strong>ex</strong></span> <span class='ocrx_word' id='word_1_859' title='bbox 2543 4585 2854 4653; x_wconf 76' lang='lat' dir='ltr'><strong>regionibus</strong></span> <span class='ocrx_word' id='word_1_860' title='bbox 2880 4584 3037 4655; x_wconf 85' lang='lat' dir='ltr'><strong>longe</strong></span> <span class='ocrx_word' id='word_1_861' title='bbox 3068 4584 3208 4638; x_wconf 89' lang='lat' dir='ltr'><strong>ultra</strong></span> <span class='ocrx_word' id='word_1_862' title='bbox 3229 4583 3467 4638; x_wconf 87' lang='lat' dir='ltr'><strong>Taurum</strong></span> <span class='ocrx_word' id='word_1_863' title='bbox 3502 4599 3604 4652; x_wconf 92' lang='lat' dir='ltr'><strong>po-</strong></span> 
     </span>
    </p>
   </div>
   <div class='ocr_carea' id='block_1_119' title="bbox 2019 4667 3605 4740">
    <p class='ocr_par' dir='ltr' id='par_1_119' title="bbox 2019 4667 3605 4740">
     <span class='ocr_line' id='line_1_119' title="bbox 2019 4667 3605 4740; baseline -0.004 -12"><span class='ocrx_word' id='word_1_864' title='bbox 2019 4671 2159 4734; x_wconf 91' lang='lat' dir='ltr'><strong>sitis,</strong></span> <span class='ocrx_word' id='word_1_865' title='bbox 2185 4670 2452 4740; x_wconf 83' lang='lat' dir='ltr'><strong>siquidem</strong></span> <span class='ocrx_word' id='word_1_866' title='bbox 2480 4668 2742 4724; x_wconf 87' lang='lat' dir='ltr'><strong>Cataouia</strong></span> <span class='ocrx_word' id='word_1_867' title='bbox 2771 4667 3151 4736; x_wconf 71' lang='lat' dir='ltr'><strong>Commagena:</strong></span> <span class='ocrx_word' id='word_1_868' title='bbox 3179 4667 3279 4723; x_wconf 79' lang='lat' dir='ltr'><strong>fuit</strong></span> <span class='ocrx_word' id='word_1_869' title='bbox 3320 4680 3605 4740; x_wconf 83' lang='lat' dir='ltr'><strong>praetenta.</strong></span> 
     </span>
    </p>
   </div>
   <div class='ocr_carea' id='block_1_120' title="bbox 2022 4751 3602 4822">
    <p class='ocr_par' dir='ltr' id='par_1_120' title="bbox 2022 4751 3602 4822">
     <span class='ocr_line' id='line_1_120' title="bbox 2022 4751 3602 4822; baseline -0.003 -13"><span class='ocrx_word' id='word_1_870' title='bbox 2022 4755 2189 4809; x_wconf 75' lang='lat' dir='ltr'><strong>Ilulto</strong></span> <span class='ocrx_word' id='word_1_871' title='bbox 2222 4755 2404 4806; x_wconf 89' lang='lat' dir='ltr'><strong>minus</strong></span> <span class='ocrx_word' id='word_1_872' title='bbox 2436 4766 2558 4807; x_wconf 85' lang='lat' dir='ltr'><strong>sese</strong></span> <span class='ocrx_word' id='word_1_873' title='bbox 2598 4752 2895 4806; x_wconf 91' lang='lat' dir='ltr'><strong>tuebuntur</strong></span> <span class='ocrx_word' id='word_1_874' title='bbox 2923 4751 3256 4807; x_wconf 89' lang='lat' dir='ltr'><strong>recentiores</strong></span> <span class='ocrx_word' id='word_1_875' title='bbox 3287 4753 3602 4822; x_wconf 78' lang='lat' dir='ltr'><strong>geographi,</strong></span> 
     </span>
    </p>
   </div>
   <div class='ocr_carea' id='block_1_121' title="bbox 2021 4835 3608 4908">
    <p class='ocr_par' dir='ltr' id='par_1_121' title="bbox 2021 4835 3608 4908">
     <span class='ocr_line' id='line_1_121' title="bbox 2021 4835 3608 4908; baseline -0.003 -16"><span class='ocrx_word' id='word_1_876' title='bbox 2021 4839 2222 4908; x_wconf 86' lang='lat' dir='ltr'><strong>passim</strong></span> <span class='ocrx_word' id='word_1_877' title='bbox 2271 4837 2374 4891; x_wconf 89' lang='lat' dir='ltr'><strong>hoc</strong></span> <span class='ocrx_word' id='word_1_878' title='bbox 2415 4835 2616 4890; x_wconf 90' lang='lat' dir='ltr'><strong>ﬂumen</strong></span> <span class='ocrx_word' id='word_1_879' title='bbox 2651 4850 2716 4889; x_wconf 86' lang='lat' dir='ltr'><strong>ex</strong></span> <span class='ocrx_word' id='word_1_880' title='bbox 2746 4835 2933 4889; x_wconf 82' lang='lat' dir='ltr'><strong>intima</strong></span> <span class='ocrx_word' id='word_1_881' title='bbox 2981 4835 3132 4900; x_wconf 86' lang='lat' dir='ltr'><strong>Asia,</strong></span> <span class='ocrx_word' id='word_1_882' title='bbox 3170 4835 3448 4890; x_wconf 89' lang='lat' dir='ltr'><strong>meridiem</strong></span> <span class='ocrx_word' id='word_1_883' title='bbox 3479 4849 3608 4902; x_wconf 90' lang='lat' dir='ltr'><strong>spe-</strong></span> 
     </span>
    </p>
   </div>
   <div class='ocr_carea' id='block_1_122' title="bbox 2022 4917 3606 4988">
    <p class='ocr_par' dir='ltr' id='par_1_122' title="bbox 2022 4917 3606 4988">
     <span class='ocr_line' id='line_1_122' title="bbox 2022 4917 3606 4988; baseline -0.002 -12"><span class='ocrx_word' id='word_1_884' title='bbox 2022 4932 2229 4988; x_wconf 89' lang='lat' dir='ltr'><strong>ctante,</strong></span> <span class='ocrx_word' id='word_1_885' title='bbox 2261 4921 2571 4976; x_wconf 89' lang='lat' dir='ltr'><strong>emittentes</strong></span> <span class='ocrx_word' id='word_1_886' title='bbox 2592 4929 2781 4974; x_wconf 91' lang='lat' dir='ltr'><strong>contra</strong></span> <span class='ocrx_word' id='word_1_887' title='bbox 2817 4919 3035 4973; x_wconf 83' lang='lat' dir='ltr'><strong>Arriani</strong></span> <span class='ocrx_word' id='word_1_888' title='bbox 3074 4921 3278 4974; x_wconf 87' lang='lat' dir='ltr'><strong>monita</strong></span> <span class='ocrx_word' id='word_1_889' title='bbox 3313 4920 3366 4976; x_wconf 91' lang='lat' dir='ltr'><strong>in</strong></span> <span class='ocrx_word' id='word_1_890' title='bbox 3403 4917 3606 4985; x_wconf 80' lang='lat' dir='ltr'><strong>Peripl.</strong></span> 
     </span>
    </p>
   </div>
   <div class='ocr_carea' id='block_1_123' title="bbox 2021 5002 3608 5074">
    <p class='ocr_par' dir='ltr' id='par_1_123' title="bbox 2021 5002 3608 5074">
     <span class='ocr_line' id='line_1_123' title="bbox 2021 5002 3608 5074; baseline -0.002 -14"><span class='ocrx_word' id='word_1_891' title='bbox 2021 5004 2184 5061; x_wconf 84' lang='lat' dir='ltr'><strong>Pont.</strong></span> <span class='ocrx_word' id='word_1_892' title='bbox 2226 5005 2420 5060; x_wconf 71' lang='lat' dir='ltr'><strong>Euxin.</strong></span> <span class='ocrx_word' id='word_1_893' title='bbox 2457 5020 2512 5074; x_wconf 90' lang='lat' dir='ltr'><strong>p.</strong></span> <span class='ocrx_word' id='word_1_894' title='bbox 2555 5002 2623 5058; x_wconf 90' lang='grc'><strong>16</strong></span> <span class='ocrx_word' id='word_1_895' title='bbox 2656 5003 2742 5059; x_wconf 90' lang='lat' dir='ltr'><strong>ed.</strong></span> <span class='ocrx_word' id='word_1_896' title='bbox 2773 5002 2974 5068; x_wconf 87' lang='lat' dir='ltr'><strong>Oxon.,</strong></span> <span class='ocrx_word' id='word_1_897' title='bbox 3021 5018 3198 5072; x_wconf 89' lang='lat' dir='ltr'><strong>neque</strong></span> <span class='ocrx_word' id='word_1_898' title='bbox 3240 5005 3422 5066; x_wconf 89' lang='lat' dir='ltr'><strong>urbes,</strong></span> <span class='ocrx_word' id='word_1_899' title='bbox 3473 5017 3608 5072; x_wconf 89' lang='lat' dir='ltr'><strong>quas</strong></span> 
     </span>
    </p>
   </div>
   <div class='ocr_carea' id='block_1_124' title="bbox 2023 5087 3601 5158">
    <p class='ocr_par' dir='ltr' id='par_1_124' title="bbox 2023 5087 3601 5158">
     <span class='ocr_line' id='line_1_124' title="bbox 2023 5087 3601 5158; baseline -0.004 -12"><span class='ocrx_word' id='word_1_900' title='bbox 2023 5091 2155 5155; x_wconf 89' lang='lat' dir='ltr'><strong>dixi,</strong></span> <span class='ocrx_word' id='word_1_901' title='bbox 2196 5090 2268 5144; x_wconf 90' lang='lat' dir='ltr'><strong>illi</strong></span> <span class='ocrx_word' id='word_1_902' title='bbox 2302 5091 2668 5146; x_wconf 84' lang='lat' dir='ltr'><strong>adstruentes.</strong></span> <span class='ocrx_word' id='word_1_903' title='bbox 2693 5087 2986 5154; x_wconf 71' lang='lat' dir='ltr'><strong>Cancrum,</strong></span> <span class='ocrx_word' id='word_1_904' title='bbox 3023 5089 3164 5158; x_wconf 88' lang='lat' dir='ltr'><strong>quod</strong></span> <span class='ocrx_word' id='word_1_905' title='bbox 3209 5087 3601 5158; x_wconf 88' lang='lat' dir='ltr'><strong>propemodum</strong></span> 
     </span>
    </p>
   </div>
   <div class='ocr_carea' id='block_1_125' title="bbox 2023 5170 3605 5244">
    <p class='ocr_par' dir='ltr' id='par_1_125' title="bbox 2023 5170 3605 5244">
     <span class='ocr_line' id='line_1_125' title="bbox 2023 5170 3605 5244; baseline -0.005 -15"><span class='ocrx_word' id='word_1_906' title='bbox 2023 5173 2387 5242; x_wconf 84' lang='lat' dir='ltr'><strong>neglexeram,</strong></span> <span class='ocrx_word' id='word_1_907' title='bbox 2414 5174 2464 5226; x_wconf 93' lang='lat' dir='ltr'><strong>in</strong></span> <span class='ocrx_word' id='word_1_908' title='bbox 2483 5170 2732 5242; x_wconf 74' lang='lat' dir='ltr'><strong>Gregorii</strong></span> <span class='ocrx_word' id='word_1_909' title='bbox 2755 5171 2980 5244; x_wconf 85' lang='lat' dir='ltr'><strong>Nysseui</strong></span> <span class='ocrx_word' id='word_1_910' title='bbox 3007 5172 3188 5228; x_wconf 89' lang='lat' dir='ltr'><strong>verbis</strong></span> <span class='ocrx_word' id='word_1_911' title='bbox 3208 5187 3314 5226; x_wconf 92' lang='lat' dir='ltr'><strong>non</strong></span> <span class='ocrx_word' id='word_1_912' title='bbox 3344 5173 3400 5223; x_wconf 84' lang='grc' dir='ltr'>ὲν</span> <span class='ocrx_word' id='word_1_913' title='bbox 3426 5172 3605 5241; x_wconf 70' lang='grc' dir='ltr'>χρίνῳ</span> 
     </span>
    </p>
   </div>
   <div class='ocr_carea' id='block_1_126' title="bbox 2022 5254 3609 5327">
    <p class='ocr_par' dir='ltr' id='par_1_126' title="bbox 2022 5254 3609 5327">
     <span class='ocr_line' id='line_1_126' title="bbox 2022 5254 3609 5327; baseline -0.004 -13"><span class='ocrx_word' id='word_1_914' title='bbox 2022 5261 2117 5314; x_wconf 87' lang='lat' dir='ltr'><strong>sed</strong></span> <span class='ocrx_word' id='word_1_915' title='bbox 2148 5258 2207 5311; x_wconf 81' lang='grc' dir='ltr'>ὲν</span> <span class='ocrx_word' id='word_1_916' title='bbox 2235 5255 2350 5327; x_wconf 85' lang='grc' dir='ltr'><strong>χρῷ</strong></span> <span class='ocrx_word' id='word_1_917' title='bbox 2380 5254 2714 5327; x_wconf 79' lang='grc' dir='ltr'>παραμείόει</span> <span class='ocrx_word' id='word_1_918' title='bbox 2741 5255 2905 5311; x_wconf 87' lang='lat' dir='ltr'><strong>scribi</strong></span> <span class='ocrx_word' id='word_1_919' title='bbox 2933 5257 3114 5321; x_wconf 87' lang='lat' dir='ltr'><strong>debet,</strong></span> <span class='ocrx_word' id='word_1_920' title='bbox 3141 5263 3197 5309; x_wconf 90' lang='lat' dir='ltr'><strong>ut</strong></span> <span class='ocrx_word' id='word_1_921' title='bbox 3223 5254 3444 5323; x_wconf 85' lang='lat' dir='ltr'><strong>pulchre</strong></span> <span class='ocrx_word' id='word_1_922' title='bbox 3475 5254 3609 5308; x_wconf 86' lang='lat' dir='ltr'><strong>ami-</strong></span> 
     </span>
    </p>
   </div>
   <div class='ocr_carea' id='block_1_127' title="bbox 2023 5349 2348 5396">
    <p class='ocr_par' dir='ltr' id='par_1_127' title="bbox 2023 5349 2348 5396">
     <span class='ocr_line' id='line_1_127' title="bbox 2023 5349 2348 5396; baseline -0.003 0"><span class='ocrx_word' id='word_1_923' title='bbox 2023 5357 2117 5396; x_wconf 78' lang='lat' dir='ltr'><strong>CIIS</strong></span> <span class='ocrx_word' id='word_1_924' title='bbox 2144 5349 2348 5395; x_wconf 90' lang='lat' dir='ltr'><strong>noster.</strong></span> 
     </span>
    </p>
   </div>
   <div class='ocr_carea' id='block_1_128' title="bbox 2093 5420 3603 5494">
    <p class='ocr_par' dir='ltr' id='par_1_128' title="bbox 2093 5420 3603 5494">
     <span class='ocr_line' id='line_1_128' title="bbox 2093 5420 3603 5494; baseline -0.003 -14"><span class='ocrx_word' id='word_1_925' title='bbox 2093 5425 2226 5480; x_wconf 87' lang='lat' dir='ltr'><strong>Ibid.</strong></span> <span class='ocrx_word' id='word_1_926' title='bbox 2261 5426 2502 5480; x_wconf 77' lang='grc' dir='ltr'>Νύσσα.</span> <span class='ocrx_word' id='word_1_927' title='bbox 2539 5423 2694 5480; x_wconf 83' lang='lat' dir='ltr'><strong>Hanc</strong></span> <span class='ocrx_word' id='word_1_928' title='bbox 2724 5425 3070 5494; x_wconf 81' lang='lat' dir='ltr'><strong>metmpolin,</strong></span> <span class='ocrx_word' id='word_1_929' title='bbox 3102 5421 3195 5477; x_wconf 90' lang='lat' dir='ltr'><strong>sed</strong></span> <span class='ocrx_word' id='word_1_930' title='bbox 3230 5420 3386 5478; x_wconf 92' lang='lat' dir='ltr'><strong>titulo</strong></span> <span class='ocrx_word' id='word_1_931' title='bbox 3442 5431 3603 5476; x_wconf 81' lang='lat' dir='ltr'><strong>tenus</strong></span> 
     </span>
    </p>
   </div>
   <div class='ocr_carea' id='block_1_129' title="bbox 2025 5505 3602 5591">
    <p class='ocr_par' dir='ltr' id='par_1_129' title="bbox 2025 5505 3602 5591">
     <span class='ocr_line' id='line_1_129' title="bbox 2025 5505 3602 5591; baseline -0.003 -26"><span class='ocrx_word' id='word_1_932' title='bbox 2025 5511 2145 5566; x_wconf 88' lang='lat' dir='ltr'><strong>sine</strong></span> <span class='ocrx_word' id='word_1_933' title='bbox 2181 5526 2263 5591; x_wconf 49' lang='lat' dir='ltr'><strong>re‘</strong></span> <span class='ocrx_word' id='word_1_934' title='bbox 2279 5508 2349 5566; x_wconf 90' lang='lat' dir='ltr'><strong>Is.</strong></span> <span class='ocrx_word' id='word_1_935' title='bbox 2385 5509 2740 5566; x_wconf 80' lang='lat' dir='ltr'><strong>Casaubonns</strong></span> <span class='ocrx_word' id='word_1_936' title='bbox 2786 5510 2841 5564; x_wconf 90' lang='lat' dir='ltr'><strong>in</strong></span> <span class='ocrx_word' id='word_1_937' title='bbox 2868 5510 3030 5580; x_wconf 88' lang='lat' dir='ltr'><strong>epist.</strong></span> <span class='ocrx_word' id='word_1_938' title='bbox 3081 5506 3328 5575; x_wconf 74' lang='lat' dir='ltr'><strong>Gregorii</strong></span> <span class='ocrx_word' id='word_1_939' title='bbox 3371 5505 3602 5578; x_wconf 82' lang='lat' dir='ltr'><strong>Nysseni</strong></span> 
     </span>
    </p>
   </div>
   <div class='ocr_carea' id='block_1_130' title="bbox 2025 5591 3605 5664">
    <p class='ocr_par' dir='ltr' id='par_1_130' title="bbox 2025 5591 3605 5664">
     <span class='ocr_line' id='line_1_130' title="bbox 2025 5591 3605 5664; baseline -0.003 -14"><span class='ocrx_word' id='word_1_940' title='bbox 2025 5596 2092 5650; x_wconf 90' lang='lat' dir='ltr'><strong>ad</strong></span> <span class='ocrx_word' id='word_1_941' title='bbox 2131 5593 2468 5649; x_wconf 82' lang='lat' dir='ltr'><strong>Eustathiatn</strong></span> <span class='ocrx_word' id='word_1_942' title='bbox 2498 5610 2552 5664; x_wconf 89' lang='lat' dir='ltr'><strong>p.</strong></span> <span class='ocrx_word' id='word_1_943' title='bbox 2583 5595 2708 5649; x_wconf 87' lang='lat' dir='ltr'><strong>Il6.</strong></span> <span class='ocrx_word' id='word_1_944' title='bbox 2732 5593 2906 5648; x_wconf 82' lang='lat' dir='ltr'><strong>fuisse</strong></span> <span class='ocrx_word' id='word_1_945' title='bbox 2925 5592 3268 5656; x_wconf 83' lang='lat' dir='ltr'><strong>autumabat,</strong></span> <span class='ocrx_word' id='word_1_946' title='bbox 3299 5593 3442 5661; x_wconf 88' lang='lat' dir='ltr'><strong>quod</strong></span> <span class='ocrx_word' id='word_1_947' title='bbox 3463 5591 3605 5646; x_wconf 84' lang='lat' dir='ltr'><strong>haud</strong></span> 
     </span>
    </p>
   </div>
   <div class='ocr_carea' id='block_1_131' title="bbox 2028 5673 3606 5749">
    <p class='ocr_par' dir='ltr' id='par_1_131' title="bbox 2028 5673 3606 5749">
     <span class='ocr_line' id='line_1_131' title="bbox 2028 5673 3606 5749; baseline -0.002 -14"><span class='ocrx_word' id='word_1_948' title='bbox 2028 5677 2223 5749; x_wconf 75' lang='lat' dir='ltr'><strong>injuria</strong></span> <span class='ocrx_word' id='word_1_949' title='bbox 2261 5679 2478 5747; x_wconf 84' lang='lat' dir='ltr'><strong>negavit</strong></span> <span class='ocrx_word' id='word_1_950' title='bbox 2518 5678 2885 5749; x_wconf 87' lang='lat' dir='ltr'><strong>Spanhemius</strong></span> <span class='ocrx_word' id='word_1_951' title='bbox 2946 5676 3174 5730; x_wconf 90' lang='lat' dir='ltr'><strong>Dissert.</strong></span> <span class='ocrx_word' id='word_1_952' title='bbox 3210 5680 3243 5732; x_wconf 85' lang='lat'><strong>9</strong></span> <span class='ocrx_word' id='word_1_953' title='bbox 3290 5676 3358 5731; x_wconf 89' lang='lat' dir='ltr'><strong>de</strong></span> <span class='ocrx_word' id='word_1_954' title='bbox 3409 5673 3517 5730; x_wconf 89' lang='lat' dir='ltr'><strong>Usu</strong></span> <span class='ocrx_word' id='word_1_955' title='bbox 3546 5687 3606 5733; x_wconf 91' lang='lat' dir='ltr'><strong>et</strong></span> 
     </span>
    </p>
   </div>
   <div class='ocr_carea' id='block_1_132' title="bbox 2026 5759 3607 5837">
    <p class='ocr_par' dir='ltr' id='par_1_132' title="bbox 2026 5759 3607 5837">
     <span class='ocr_line' id='line_1_132' title="bbox 2026 5759 3607 5837; baseline -0.001 -19"><span class='ocrx_word' id='word_1_956' title='bbox 2026 5762 2220 5819; x_wconf 66' lang='lat' dir='ltr'><strong>Prwst.</strong></span> <span class='ocrx_word' id='word_1_957' title='bbox 2255 5759 2415 5820; x_wconf 81' lang='lat' dir='ltr'><strong>Num.</strong></span> <span class='ocrx_word' id='word_1_958' title='bbox 2449 5777 2503 5834; x_wconf 87' lang='lat' dir='ltr'><strong>p.</strong></span> <span class='ocrx_word' id='word_1_959' title='bbox 2532 5761 2658 5833; x_wconf 82' lang='lat'><strong>599,</strong></span> <span class='ocrx_word' id='word_1_960' title='bbox 2676 5759 2893 5818; x_wconf 83' lang='lat' dir='ltr'><strong>tametsi</strong></span> <span class='ocrx_word' id='word_1_961' title='bbox 2933 5768 3079 5818; x_wconf 85' lang='lat' dir='ltr'><strong>erret</strong></span> <span class='ocrx_word' id='word_1_962' title='bbox 3105 5759 3607 5837; x_wconf 29' lang='lat' dir='ltr'><strong>vir‘nobilissituus,</strong></span> 
     </span>
    </p>
   </div>
  </div>
