4170 6422
561 301 704 368 1155

549 437 680 478 cum
719 418 1100 473 Casaubouum
1161 411 1236 467 ibi
1289 410 1502 482 fugisse
1545 409 1801 479 opinatur
1850 405 2144 460 Mocissum

555 497 1117 569 tertiae-Cappadociae
1142 494 1309 550 fuisse
1333 493 1660 560 metropolin
1699 511 1715 546 :
1753 491 1963 545 diserta
1989 488 2143 543 enim

559 586 678 654 ejus
707 583 836 638 inibi
874 581 1082 635 mentio
1113 587 1228 644 est;
1265 591 1366 654 nec
1403 590 1642 646 unquam
1681 575 1735 628 in
1769 574 1962 628 iisdem
1997 570 2143 625 notis

557 650 738 725 a-viro
765 679 984 735 magno,
1024 664 1149 717 licet
1181 677 1210 716 a
1238 650 1571 731 spauhemio
1603 658 1926 724 allirmetur,
1955 654 2141 710 tertiae

561 749 918 820 Cappadocia:
975 747 1299 814 tnetropolin
1363 742 1596 814 Nyssam
1657 740 1829 796 fuisse
1882 739 2146 805 scriptum

559 835 786 890 memini
826 850 840 887 :
886 839 1097 886 tantum
1132 829 1426 884 honorario
1478 825 1844 896 metropoleos
1892 821 2050 878 titulo
2097 820 2149 874 in

557 935 721 974 conc.
753 916 1172 982 Constantinop.
1198 913 1445 968 secundo
1479 913 1901 967 condecoratam
1937 905 2154 960 censuit

556 1013 635 1065 ob
688 1009 972 1064 Socratem
1015 1004 1082 1058 Η.
1121 1001 1187 1058 E.
1226 1019 1282 1068 v,
1332 1003 1364 1058 8
1390 1045 1406 1070 ,
1439 1002 1528 1058 ubi
1555 1011 1733 1055 tamen
1786 995 2151 1069 πατριαρχίαι

558 1108 664 1146 nec
719 1089 1052 1158 metropoles
1110 1102 1211 1141 nec
1259 1086 1684 1156 patriarchatus,
1737 1097 1876 1151 quos
1932 1087 2151 1144 vocant,

559 1174 657 1228 sed
687 1174 926 1242 regimen
963 1186 1027 1226 ac
1061 1171 1542 1242 gubernationem,
1576 1178 1634 1223 ut
1674 1168 1812 1222 bene
1843 1165 2008 1219 Henr.
2048 1163 2156 1217 Va-

556 1256 756 1320 lesius,
795 1263 1006 1309 notant.

633 1340 752 1395 Col.
783 1339 907 1393 ita.
943 1337 1156 1405 Θέρμα.
1196 1334 1352 1403 Vide,
1384 1333 1512 1388 Ant.
1547 1332 1669 1388 Itin.
1699 1348 1752 1403 ι).
1782 1331 1909 1387 eos.

633 1422 770 1478 Ibid.
814 1419 1310 1492 Ῥεγεποδανδός.
1354 1418 1471 1472 Vita
1521 1418 1773 1488 Eutychii
1823 1415 2154 1486 patriarchae

559 1504 834 1576 Cpolitani
875 1520 924 1559 c.
967 1520 1025 1558 vi
1060 1517 1075 1556 :
1108 1501 1338 1574 Ἕτερὸς
1373 1518 1457 1563 τις
1513 1501 1802 1569 ἄνθρωπος
1832 1496 1965 1570 ἦλθε
2018 1499 2157 1569 πρὸς

563 1591 656 1643 τὸν
684 1590 850 1654 ὅσιον,
870 1586 1049 1656 λέγων
1067 1584 1259 1639 ἑαυτὸν
1286 1583 1396 1638 ἀπὸ
1421 1583 1696 1654 Κομανῶν
1713 1577 1853 1635 εἶναι
1869 1581 1961 1634 τοῦ
1989 1583 2155 1634 πολυ-

566 1671 753 1727 ανδοῦ.
784 1672 877 1726 Sic
910 1671 972 1725 D.
1006 1669 1415 1738 Papehrochius
1449 1666 1714 1729 correxit,
1772 1680 1894 1719 cum
1930 1665 1984 1718 in
2019 1678 2152 1720 mss.

563 1757 915 1826 πολυάνδροσ
943 1755 1238 1822 legeretur,
1279 1751 1542 1819 deceptus
1585 1759 1840 1815 corrupta
1875 1747 2157 1803 Ptolemazi

565 1842 861 1909 scriptura.
896 1836 1028 1891 Mihi
1074 1835 1301 1891 omnino
1339 1833 1449 1888 ἀπὸ
1486 1832 1681 1903 κώμης
1726 1831 2035 1901 Ποδανδροῦ
2061 1831 2158 1888 de-

567 1923 713 1977 disse
739 1922 1065 1990 scriptorem
1095 1918 1378 1989 probabile
1420 1917 1517 1971 ﬁt:
1548 1931 1724 1983 neque
1742 1917 1886 1970 enim
1912 1917 2157 1970 Comaua

563 2003 832 2060 Podando
864 2005 1018 2058 luere
1039 2002 1252 2071 juncta.
1295 2001 1456 2055 Plura
1509 2000 1564 2055 in
1607 1997 1824 2055 Hieros.
1857 2008 1913 2055 et
1954 2001 2156 2056 Anton.

564 2088 754 2142 itiner.
791 2103 844 2158 p.
882 2087 986 2142 142
1013 2096 1068 2140 et
1091 2085 1220 2140 578.

639 2169 777 2225 Ibid.
801 2167 1242 2233 Καππαδοκίας
1272 2165 1355 2232 β’.
1387 2166 1638 2222 Secunda
1669 2167 1787 2223 haec
1807 2165 2159 2237 Cappadocia

568 2253 840 2323 originem
871 2267 1024 2307 suam
1057 2249 1219 2306 debet
1246 2249 1458 2306 Valenti
1500 2251 1840 2320 imperatori,
1878 2252 1969 2320 qui
2005 2252 2150 2306 circa

567 2350 772 2391 annum
813 2334 914 2388 571
975 2348 1120 2399 eam,
1157 2334 1354 2405 prima:
1391 2334 1716 2389 distractam
1741 2374 1757 2398 ,
1801 2333 2006 2404 Tyanis
2040 2343 2162 2390 tan-

565 2434 730 2487 quam
767 2418 1053 2488 metropoli
1087 2417 1318 2474 addixit.
1340 2418 1574 2473 Basilius
1597 2433 1717 2472 eam
1750 2417 2036 2488 :rgerrime
2071 2427 2160 2472 tu-

570 2502 634 2556 lit
671 2501 1022 2567 divisionem,
1057 2507 1117 2553 ut
1152 2500 1268 2570 ejus
1330 2500 1491 2569 epist.
1527 2499 1595 2555 74
1645 2509 1701 2554 et
1754 2501 1824 2554 75
1855 2509 2158 2572 testantur;

568 2596 833 2654 tantoque
865 2585 1038 2653 magis
1061 2583 1205 2652 quod
1241 2583 1535 2640 Autliimns
1563 2582 1894 2654 Tyanensis,
1917 2585 2062 2639 civili
2095 2601 2162 2640 ea

567 2667 838 2722 divisione
873 2667 1147 2732 instituta,
1207 2666 1374 2720 multa
1405 2666 1509 2721 sibi
1551 2673 1832 2737 arrogaret
1869 2675 1924 2721 et
1955 2669 2164 2724 reditus

565 2752 818 2806 ecclesia:
847 2749 1207 2806 Caesariensis
1258 2750 1620 2805 iutervertere
1672 2759 1990 2815 conaretur,
2055 2766 2162 2820 qua

569 2836 636 2890 de
656 2851 713 2890 re
742 2835 1035 2906 Gregorius
1055 2833 1438 2888 Nazianzenus
1462 2843 1605 2888 orat.
1634 2834 1707 2889 20
1738 2850 1791 2905 p.
1817 2834 1925 2890 555
1980 2836 2166 2891 rectis-

573 2921 711 2973 sime
746 2933 875 2973 vero
907 2933 1009 2972 ms.
1044 2918 1185 2971 hanc
1231 2917 1633 2988 Cappadociam
1680 2919 1920 2990 praesidi,
1956 2920 2164 2991 pariter

572 3012 633 3056 ut
663 3001 839 3055 Notit.
871 3001 1000 3069 imp.
1035 2999 1246 3054 Orient.
1285 3015 1336 3054 c.
1373 3003 1424 3064 l,
1457 3002 1699 3055 mandat.

646 3084 788 3138 Ibid.
848 3084 1065 3138 Τύανα.
1119 3085 1419 3154 Gregorius
1466 3083 1845 3141 Nazianzenus
1900 3087 2061 3157 epist.
2095 3088 2166 3144 3'5

573 3169 702 3223 νέαν
754 3168 1136 3238 μητρόπολιν,
1196 3168 1503 3238 cujusmodi
1558 3169 1674 3237 ejus
1729 3180 1892 3226 actate
1935 3186 1992 3226 re
2039 3186 2165 3227 vera

575 3262 716 3316 erat,
753 3251 1010 3320 appellat.
1067 3250 1219 3306 Adde
1251 3259 1392 3307 orat.
1425 3251 1517 3317 20,
1552 3267 1606 3322 p.
1655 3252 1762 3307 555
1799 3262 1855 3308 et
1908 3254 2041 3309 Itin.
2091 3259 2164 3310 H.

575 3351 631 3406 ιι.
665 3334 790 3400 577,
825 3343 878 3388 ct
915 3335 980 3387 de
1020 3333 1391 3404 Faustinopoli
1424 3335 1553 3390 Ant.
1588 3336 1708 3390 Itin.
1745 3353 1799 3406 p.
1839 3337 1964 3395 H5.

646 3416 780 3473 Ibid.
811 3419 1132 3486 Κύϐιστρα.
1160 3411 1335 3473 Situm
1367 3419 1559 3475 Cicero
1588 3419 1691 3490 Ep.
1726 3437 1816 3486 xv,
1852 3423 1882 3476 ι
1915 3421 1984 3477 ad
2005 3422 2166 3478 Cato-

576 3517 700 3558 nem
752 3502 984 3574 signat:
1029 3501 1223 3572 Itaque
1278 3505 1333 3556 in
1399 3502 1739 3574 Cappadocia
1777 3515 2014 3560 extrema
2065 3524 2168 3563 non

573 3588 728 3657 longe
775 3603 807 3640 a
871 3585 1050 3640 Tauro
1089 3587 1231 3656 apud
1265 3588 1513 3657 oppidum
1568 3587 1816 3660 Cybistra
1839 3602 2015 3644 castra
2043 3591 2164 3660 feci,

574 3679 633 3724 ut
651 3683 696 3724 et
716 3670 960 3724 Ciliciam
984 3680 1162 3725 tuerer
1185 3683 1231 3724 et
1265 3669 1662 3740 Cappadociam
1692 3683 1873 3728 tenens
1895 3690 2024 3728 nova
2049 3674 2170 3744 ﬁni-

569 3757 824 3811 timorum
851 3757 1074 3812 consilia
1110 3758 1444 3828 impedirem.

643 3839 782 3895 Ibid.
817 3839 1159 3907 Ναᾰανζός.
1193 3841 1494 3912 Gregorius
1523 3841 1790 3897 Nazianz.
1822 3842 1982 3912 epist.
2014 3843 2168 3900 50ab

572 3926 824 3995 Olympio
861 3925 1195 3981 Nazianzum
1227 3928 1418 3995 prima:
1447 3927 1809 3998 Cappadocia:
1850 3930 2166 3985 attributam

574 4012 765 4074 fuisse,
805 4010 900 4063 sed
928 4024 1050 4062 mox
1077 4009 1130 4063 in
1162 4011 1415 4064 secunda:
1441 4012 1701 4065 ditionem
1738 4011 1966 4067 rediisse
1996 4013 2169 4082 signi-

578 4093 726 4155 ﬁcat;
759 4091 814 4144 in
855 4106 958 4159 qua
987 4092 1059 4143 ad
1100 4090 1395 4146 Justiniani
1422 4102 1664 4160 tempora
1696 4094 1918 4161 mansit,
1949 4103 2168 4163 quando

577 4172 838 4237 Mucisso,
881 4175 1055 4227 tertias
1085 4175 1442 4245 Cappadocia:
1477 4185 1589 4229 tum
1624 4178 1935 4232 constitutae
1968 4188 2168 4237 metro-

575 4255 704 4324 poli,
739 4256 955 4310 subdita
987 4267 1068 4311 est
1096 4273 1111 4323 ;
1143 4258 1287 4312 unde
1329 4256 1670 4314 Theodosius
1700 4258 1923 4316 Mucissi
1958 4263 2169 4333 episco-

575 4354 676 4410 pus
700 4337 916 4410 (Collat.
946 4339 982 4393 5
1002 4339 1196 4411 synodi
1220 4340 1696 4413 Constantinopol.
1732 4347 1983 4401 secundae
1999 4361 2050 4415 p.
2075 4346 2166 4417 97)

573 4424 670 4477 sub
695 4439 807 4476 mea
838 4423 1239 4493 gubernatione,
1277 4425 1498 4493 inquit,
1561 4427 1716 4480 modo
1756 4436 1832 4481 est
1866 4428 2092 4484 Dahara
2118 4441 2167 4486 et

582 4505 910 4571 Nazianzos,
941 4508 1036 4560 sub
1065 4525 1168 4576 qua
1222 4507 1497 4563 Nazianzo
1524 4520 1572 4564 et
1601 4510 1865 4566 Arianzos
1908 4516 2166 4583 pra’dium

579 4593 924 4644 constitutum
947 4600 1045 4644 est.
1087 4591 1143 4643 Id
1173 4593 1242 4646 ab
1271 4593 1522 4648 instituto
1564 4603 1751 4650 nostro
1781 4596 2015 4651 alienmn
2056 4613 2164 4652 non

585 4671 713 4737 erit,
740 4673 783 4726 si
807 4673 1150 4741 inquiramus
1193 4689 1260 4727 an
1294 4673 1603 4732 Nazianzus
1636 4679 1828 4732 eadem
1854 4695 1919 4733 ac
1953 4680 2167 4735 Diocm-

582 4767 762 4821 sarca,
792 4756 948 4826 cujus
983 4756 1035 4808 in
1082 4756 1420 4826 Cappadocia
1471 4759 1802 4816 Ptolemaeus
1846 4773 1904 4817 et
1956 4763 2164 4820 Plinius

583 4839 965 4904 meminerunt,
992 4838 1176 4894 fuerit.
1211 4839 1479 4897 Baronius
1517 4843 1889 4900 cardinalisin
1913 4846 2162 4914 Gregorii

584 4921 734 4987 Vita,
767 4938 886 4991 quae
911 4939 938 4977 a
965 4922 1031 4976 ι).
1078 4921 1455 4995 Papebrochio
1479 4925 1551 4980 IX
1586 4927 1711 4982 Maii
1765 4940 1850 4984 est
1887 4931 2055 4996 edita,
2088 4931 2164 4987 ita

579 5010 826 5073 censuit;
861 5018 915 5062 et
954 5008 1139 5064 favere
1164 5011 1411 5080 opinioni
1449 5010 1746 5080 Gregorius
1775 5015 2010 5079 videtur,
2041 5031 2164 5071 cum

578 5091 647 5144 tle
687 5107 745 5146 se
776 5108 948 5148 carm.
981 5108 1034 5158 ν,
1061 5093 1133 5148 25
1167 5093 1499 5166 εΓρηγορίου
1540 5099 1825 5166 μνήσαιτο,
1853 5100 1944 5152 τὸν
1969 5099 2165 5172 ἔτρεφε

580 5176 1044 5230 Καππαδὸκεεσιν
1095 5180 1128 5246 ἡ
1177 5178 1586 5250 Διοκαισαρέων
1637 5180 1795 5252 ὀλίγη
1854 5183 2031 5247 πόλις.
2096 5185 2166 5240 Se

576 5261 720 5313 enim
757 5259 1111 5316 Dioctrsareae
1152 5262 1415 5315 nutritum
1443 5265 1616 5328 canit,
1648 5281 1810 5334 quem
1841 5278 2050 5323 certum
2080 5279 2168 5326 est

577 5343 835 5398 Nazianzi
874 5347 1141 5414 praecipue
1172 5345 1340 5402 fuisse
1379 5348 1670 5404 educatum
1706 5362 1869 5421 atque
1888 5357 2162 5412 edoctum.

509 5469 514 5472 .
577 5427 696 5482 Huc
729 5431 867 5484 adde
903 5431 1256 5486 Diocwsarcm
1287 5433 1492 5485 nullam
1534 5434 1586 5487 in
1627 5438 1985 5492 conciliorum
2014 5440 2162 5496 Actis

577 5525 631 5568 et
661 5512 886 5569 Noritiis
937 5529 1059 5569 esse
1101 5517 1453 5583 mentionem,
1484 5517 1820 5587 frequentem
1864 5521 2158 5593 Nazianzi;

576 5601 721 5667 quod
769 5601 958 5669 utique
994 5603 1301 5656 mirandum
1351 5601 1514 5668 foret,
1556 5605 1600 5658 si
1631 5603 1861 5660 diversa:
1907 5607 2159 5664 fuissent.

581 5681 819 5737 Necdum
852 5694 1030 5740 tamen
1065 5687 1150 5741 his
1184 5703 1405 5742 moveor
1430 5697 1486 5741 ut
1529 5703 1653 5743 cum
1693 5691 1970 5746 cardinale
2013 5682 2165 5763 paria

583 5767 776 5821 taciain
806 5784 818 5822 :
848 5768 1034 5824 ultima
1065 5771 1210 5827 enim
1241 5771 1381 5831 ratio
1406 5772 1538 5831 levis
1558 5781 1655 5831 est.
1687 5772 1953 5845 siquidem
1979 5778 2165 5849 plures

1621 289 2003 354 ADDENDA.
2043 307 2116 325 *-
2152 285 2220 346 Ρ.
2260 283 2774 345 WESSELINGII

3711 276 3852 342 1156

2267 401 2450 465 urbes,
2480 401 2692 456 nobiles
2713 399 2868 465 olim,
2923 399 2976 452 in
3017 395 3238 452 Notitiis
3263 403 3318 451 et
3368 393 3614 450 conciliis
3643 395 3857 450 nullum

2260 486 2363 541 sibi
2399 487 2713 556 episcopum
2749 486 2974 548 habent,
3015 496 3194 551 neque
3222 480 3358 535 adeo
3397 481 3466 534 de
3518 481 3858 536 Diocesarea

2260 571 2607 634 mirabimur,
2639 583 2762 640 qnie
2819 581 2986 637 parva
3041 565 3335 620 admodum
3376 574 3518 628 erat,
3584 564 3861 634 Gregorio

2260 670 2432 708 carm.
2464 667 2658 718 sunt,
2698 653 2750 706 in
2782 651 3050 706 Anecdot.
3089 647 3267 704 Gra'c.
3307 647 3613 712 Muralorii,
3659 655 3801 702 teste
3835 666 3850 703 :

2261 737 2470 792 Τυτθδν
2536 737 2637 806 μὲν
2672 735 3017 805 πτολίεθρον,
3051 733 3196 803 ἀτὰρ
3251 731 3424 785 πολὺν
3466 733 3638 802 ἀνέρα
3691 732 3854 785 δῶκα

2263 821 2506 892 βήμασιν
2539 820 2781 890 ἱθυδίκης
2807 821 2842 891 ἡ
2886 817 3325 888 Διοκαισαρέων,
3363 816 3729 887 ’Λμφῐλοχονο
3763 818 3864 870 ΑΙ-

2265 916 2378 962 tera
2416 905 2722 976 speciosior
2773 913 2861 959 est
2904 903 3044 958 :sed
3085 917 3210 956 cum
3266 901 3488 954 Arianzi
3549 900 3863 970 Gregorius

2264 990 2430 1044 fuerit
2485 999 2670 1052 natus,
2712 988 2877 1058 idque
2933 987 3203 1057 praadium
3262 999 3420 1055 aque
3455 981 3738 1038 Nazianzo
3795 1000 3867 1039 ac

2265 1074 2622 1129 Diocaasareae
2657 1071 2826 1126 fuerit
2854 1071 3096 1134 vicinum
3121 1111 3136 1136 ,
3182 1069 3298 1122 lieri
3350 1068 3540 1135 utique
3594 1067 3773 1135 potuit
3804 1077 3869 1119 ut

2264 1158 2658 1221 Diocaesareie,
2707 1166 3006 1224 antequam
3051 1163 3211 1224 pater
3263 1151 3538 1205 Nazianzo
3570 1151 3868 1219 episcOpns

2264 1245 2513 1306 daretur,
2550 1241 2875 1295 nutriretur.
2919 1239 3109 1293 Vicina
3146 1247 3326 1291 autem
3359 1236 3559 1306 Oppida
3595 1235 3763 1291 fuisse
3791 1250 3863 1289 ex

2265 1325 2557 1381 Ptolemaeo
2579 1338 2631 1390 v,
2649 1323 2682 1379 6
2705 1323 3002 1392 colligitur,
3034 1321 3124 1376 ubi
3145 1320 3451 1376 arctissime
3467 1319 3866 1374 Diocazsaream

2263 1418 2321 1464 et
2362 1407 2701 1463 Neanessutn
2753 1409 2889 1472 sive,
2927 1416 2988 1461 ut
3040 1419 3144 1460 ms.
3178 1401 3508 1468 Nanessum,
3551 1418 3711 1470 quam
3745 1400 3870 1454 Na-

2267 1495 2518 1548 zianzum
2558 1506 2680 1548 esse
2727 1491 2926 1548 debere
2981 1490 3114 1545 mihi
3170 1489 3498 1560 persuadeo,
3543 1487 3744 1556 jungit.
3779 1486 3869 1539 Ad

2268 1578 2392 1642 hoc,
2428 1578 2561 1633 nihil
2592 1575 2890 1647 Gregorius
2924 1591 3012 1646 ep.
3043 1575 3137 1642 49,
3174 1590 3280 1644 qua
3325 1590 3424 1644 pro
3467 1572 3870 1629 Diocmsarien-

2268 1661 2804 1731 sibus-deprecatur,
2835 1659 2902 1716 de
2954 1667 3109 1728 patre
3142 1672 3241 1713 suo
3273 1667 3555 1722 matreve;
3591 1659 3737 1726 quod
3767 1669 3869 1708 ar—

2268 1754 2584 1815 gumentum
2623 1742 2973 1813 aptissimum
3002 1741 3262 1797 lueratad
3296 1740 3436 1796 iram
3457 1738 3690 1810 Olympii
3718 1739 3867 1793 mol-

2268 1827 2525 1880 liendam.
2547 1826 2640 1880 Ait
2669 1835 2934 1896 praeterea
2960 1839 3021 1880 se
3054 1825 3403 1880 Diocwsarea:
3440 1823 3570 1891 ~Deo
3597 1827 3866 1894 templum

2267 1899 2581 1975 excitasse;
2632 1910 2775 1978 quod
2830 1909 2875 1964 si
2925 1909 3115 1964 eadem
3175 1921 3239 1962 ac
3275 1905 3582 1961 Nazianzus
3637 1906 3799 1977 foret,
3831 1924 3868 1965 ι

2269 2007 2402 2048 vero
2439 1994 2749 2049 discederet
2781 2005 2796 2050 :
2836 1992 3120 2048 basilicam
3145 1991 3350 2063 quippe
3382 1991 3504 2045 miri
3537 1992 3721 2062 operis
3767 2009 3870 2061 pa-

2270 2083 2356 2131 ter
2379 2075 2499 2147 ejus
2530 2076 2787 2131 Nazianzi
2818 2076 3093 2132 exstruxit
3136 2085 3196 2129 ut
3239 2082 3384 2129 orat.
3417 2072 3504 2154 i_9,
3539 2088 3592 2144 p.
3629 2075 3738 2130 515
3767 2078 3874 2132 do-

2269 2176 2486 2218 cemur.
2523 2161 2602 2217 De
2633 2161 2867 2218 Sasimis
2908 2161 3044 2217 Itin.
3076 2162 3276 2216 Anton.
3319 2175 3373 2229 p.
3409 2159 3536 2214 144.

2342 2260 2478 2315 Ibid.
2508 2261 2850 2330 Παρνασός.
2887 2260 3100 2317 Gentile
3150 2259 3318 2330 hujus
3351 2257 3747 2330 Παρνασσηνός
3780 2269 3872 2316 est

2273 2344 2327 2401 in
2360 2345 2544 2400 Basilii
2568 2347 2730 2415 epist.
2765 2345 2901 2401 2:59.
2931 2344 3066 2399 Vide
3093 2343 3220 2398 Itin.
3252 2342 3319 2396 ιι.
3352 2359 3406 2413 p.
3436 2341 3561 2398 576.

2343 2441 2478 2498 Ibid.
2510 2441 2890 2514 Ῥεγεδόαρα.
2925 2440 3091 2497 Vicus
3119 2439 3249 2495 olim
3281 2450 3424 2508 erat,
3459 2441 3602 2498 unde
3633 2441 3875 2500 Basilius

2273 2529 2434 2598 epist.
2460 2527 2569 2582 239
2608 2529 2667 2580 ὲν
2690 2527 2916 2599 Δοὰροις
2946 2528 3014 2597 τῇ
3047 2523 3234 2596 κώμῃ.
3263 2524 3410 2579 Idem
3443 2525 3758 2594 episcopum
3789 2525 3874 2581 illi

2273 2610 2582 2681 imposuit,
2628 2625 2732 2680 qua
2790 2608 3090 2663 occasione
3139 2604 3437 2677 Gregorius
3487 2605 3874 2664 Nazianzenus

2271 2699 2576 2751 orationem
2619 2695 2688 2750 50
2721 2693 2996 2757 recitavit,
3034 2693 3113 2746 uti
3149 2691 3214 2744 ad
3242 2706 3359 2744 eam
3393 2691 3542 2746 Elias
3581 2692 3869 2748 Cretensis

2273 2777 2683 2834 animadvertit.
2718 2775 2829 2830 Nec
2855 2777 3079 2831 vincere
3121 2784 3299 2828 tamen
3332 2773 3569 2828 Basilius
3599 2773 3784 2843 potuit
3807 2785 3871 2829 ut

2276 2862 2465 2931 prima:
2506 2859 2866 2930 Cappadociae
2928 2857 3166 2926 ascripta
3207 2866 3489 2922 maneret,
3553 2857 3597 2912 si
3643 2857 3870 2927 quidem

2276 2946 2555 3018 Tyunensi
2590 2945 2848 3014 deinceps
2907 2941 3122 2998 subdita
3157 2940 3282 3007 fuit,
3324 2949 3383 2994 ut
3414 2956 3538 2995 mox
3573 2941 3869 2994 videbitur.

2347 3041 2485 3096 Ibid.
2505 3038 3036 3108 Ῥεγεκουκουσός.
3067 3037 3300 3093 Omnino
3329 3037 3732 3108 Ῥεγεμωκισὸς
3751 3038 3875 3093 sive

2294 3125 2724 3194 Ῥεγεμουκισός
2773 3123 2874 3191 legi
2915 3132 3134 3192 oportet
3180 3138 3194 3175 :
3235 3136 3357 3196 nam
3387 3132 3441 3174 et
3476 3121 3872 3176 Constantinus

2281 3209 2580 3277 imperator
2615 3207 2651 3263 Ι.
2690 3208 2746 3270 l,
2804 3203 3002 3261 Thcm.
3053 3204 3089 3258 2
3119 3203 3382 3258 Μωκισόν
3429 3204 3555 3258 hinc
3591 3205 3776 3266 habet,
3813 3213 3876 3256 et

2275 3292 2525 3348 Cucusus
2554 3289 2828 3344 Armenia:
2879 3287 3135 3342 secunda:
3188 3285 3312 3341 fuit.
3351 3285 3653 3356 Procopius
3697 3285 3873 3342 Fabr.

2276 3374 2414 3431 Just.
2453 3391 2507 3438 v,
2544 3375 2579 3428 4
2608 3371 2888 3429 castellum
2916 3371 3294 3441 Cappadocia‘,
3341 3371 3500 3440 plano
3531 3371 3645 3425 solo
3675 3373 3870 3434 situm,

2275 3461 2375 3527 ait,
2407 3470 2568 3528 atque
2595 3459 2661 3514 ab
2688 3457 2997 3513 Iustiniano
3035 3461 3437 3510 instauratum:
3473 3450 3580 3508 Ἦν
3609 3456 3666 3509 δέ
3709 3475 3763 3510 τι
3807 3459 3873 3509 ἐν

2276 3545 2683 3608 Καππαδόκαις
2717 3542 3000 3615 φρούριον,
3041 3539 3318 3610 Μωκησὸς
3346 3539 3536 3610 ὄνομα,
3565 3542 3623 3593 ὲν
3657 3541 3760 3610 μὲν
3789 3541 3874 3610 τῷ

2278 3629 2474 3701 ὁμαλεῖ
2520 3630 2797 3699 κείμενον.
2858 3624 2970 3681 Nec
3012 3624 3250 3680 restituit
3287 3632 3494 3678 tantum
3537 3624 3865 3693 imperator,

2278 3714 2375 3771 sed
2409 3728 2508 3769 suo
2545 3712 2763 3767 nomine
2790 3709 3004 3774 urbem,
3048 3707 3221 3763 tertia:
3251 3705 3607 3777 Cappadociae
3655 3717 3868 3762 metio-

2279 3798 2429 3868 polin
2473 3795 2811 3865 impositam,
2861 3794 3126 3848 illustrem
3179 3805 3300 3846 esse
3331 3789 3521 3861 jussit.
3558 3788 3692 3844 Ilinc
3735 3793 3868 3846 Col-

2278 3883 2376 3938 lal.
2405 3882 2440 3936 5
2476 3879 2675 3936 concil.
2699 3877 3119 3946 Constantinop.
3163 3891 3276 3940 sec,
3309 3891 3364 3945 p.
3393 3875 3462 3930 96
3495 3889 3510 3932 :
3549 3875 3615 3928 In
3645 3875 3739 3929 illo
3766 3894 3871 3931 au-

2279 3974 2385 4020 tem
2417 3975 2645 4033 tempore
2671 3962 2766 4016 sub
2832 3960 3096 4032 Tyanensi
3144 3959 3361 4012 civitate
3409 3968 3521 4013 erat
3558 3967 3608 4011 et
3648 3959 3870 4014 Dohara

2278 4060 2326 4103 et
2358 4046 2674 4102 Nazianzus
2711 4060 2871 4114 usque
2919 4042 2989 4096 ad
3027 4052 3263 4111 tempora
3303 4040 3463 4111 hujus
3508 4043 3584 4110 pii
3628 4042 3863 4111 imperii.

2282 4133 2572 4188 Piissintus
2601 4143 2776 4184 autent
2807 4129 3096 4196 imperator
3129 4141 3248 4180 cum
3285 4127 3696 4193 metropolitana
3736 4127 3869 4194 jura

2277 4217 2507 4271 dedisset
2569 4214 2812 4279 civitati,
2845 4225 2961 4281 qua:
3007 4209 3272 4280 quondam
3324 4210 3533 4279 quidem
3579 4207 3869 4276 Mucissos,

2277 4318 2419 4355 nunc
2450 4315 2569 4353 vero
2595 4296 3046 4364 Justiniatwpolis
3082 4306 3443 4362 nuncupatur,
3481 4309 3597 4346 cum
3629 4295 3757 4348 aliis
3789 4296 3875 4348 ci-

2279 4387 2528 4440 vitatibus
2567 4393 2617 4437 et
2655 4383 2870 4435 Doltara
2904 4389 2951 4434 et
2982 4378 3320 4433 Nasianzum
3355 4379 3574 4449 subjecit
3604 4379 3674 4434 ei.

2348 4498 2466 4554 Col.
2523 4495 2648 4550 152.
2689 4491 3148 4547 Ἑλενοπόντου.
3207 4490 3300 4545 Sic
3347 4501 3561 4561 oportet
3599 4506 3662 4546 es
3722 4490 3875 4546 Con-

2277 4583 2522 4638 stantino
2554 4579 2589 4635 l.
2625 4579 2679 4644 1,
2708 4577 2907 4632 Them.
2947 4576 3003 4639 ‘2,
3032 4575 3176 4642 quod
3205 4574 3279 4628 illi
3312 4590 3511 4630 nomen
3556 4575 3624 4629 ab
3660 4573 3870 4630 Helena

2278 4665 2628 4736 imperatoris
2659 4660 3004 4717 Constantini
3031 4659 3103 4714 M;
3136 4669 3332 4724 matre,
3356 4660 3573 4714 venisse
3599 4658 3869 4715 .lustinia-

2279 4765 2382 4804 nus
2417 4748 2552 4804 Nov.
2580 4746 2651 4801 28
2682 4760 2734 4800 c.
2772 4745 2798 4799 1
2842 4743 3102 4800 afﬁrmat.
3133 4743 3346 4798 Notitia
3369 4743 3500 4812 imp.
3525 4742 3730 4798 Orient.
3755 4759 3806 4798 c.
3840 4745 3866 4796 1

2277 4834 2497 4906 ιπωείόί
2538 4832 2984 4900 ,Ηθιθηοροιιιυηι
3038 4828 3351 4892 committit,
3403 4842 3566 4895 quem
3604 4825 3871 4882 Justinia-

2280 4937 2403 4985 nus,
2443 4920 2530 4973 abt
2549 4919 2646 4972 lito
2678 4915 2838 4969 Ponti
2870 4913 3237 4968 Polemoniaci
3269 4910 3426 4966 titulo
3457 4910 3686 4980 ejusque
3718 4909 3873 4965 urbi-

2279 5006 2382 5058 bus
2457 5001 2584 5056 huic
2640 4997 2938 5070 provincia:
2998 4995 3325 5052 contributis
3367 5033 3384 5060 ,
3459 4994 3870 5050 moderatorem

2279 5089 2509 5143 creavit.

2350 5183 2485 5239 lbid.
2529 5179 2805 5253 ’ᾼμασία.
2875 5177 3192 5246 Metropolis
3245 5173 3605 5245 Helenoponti
3662 5173 3871 5230 dicitur

2276 5267 2538 5338 Gregorio
2567 5264 2814 5336 Nysseno
2837 5271 2981 5316 orat.
3015 5262 3080 5315 de
3103 5261 3392 5316 Theodoro
3419 5273 3472 5328 p.
3511 5257 3636 5323 582,
3678 5254 3869 5312 Norel.

2275 5355 2368 5420 ‘28,
2399 5367 2450 5409 c.
2483 5353 2539 5418 9.,
2565 5360 2621 5405 et
2651 5351 2703 5403 in
2739 5346 2862 5403 Vita
2887 5346 3138 5417 Eutychii
3168 5360 3216 5399 c.
3267 5344 3322 5400 6.
3363 5343 3497 5398 Acta
3551 5339 3609 5395 S.
3662 5339 3870 5397 Basilei

2278 5457 2328 5495 c.
2359 5440 2394 5494 5
2421 5438 2556 5495 satis
2585 5435 2839 5506 ambigue
2876 5430 3216 5503 μητρόπολιν
3243 5431 3343 5500 τῆς
3373 5426 3646 5496 Ποντικῆς
3684 5427 3874 5496 ἐπαρ-

2277 5524 2402 5596 χίας
2431 5519 2702 5591 appellant
2732 5537 2745 5572 :
2777 5517 2997 5571 dubites
3021 5517 3164 5569 enim
3189 5512 3542 5569 dioecesimne
3558 5509 3869 5596 Ponticam,

2277 5595 2431 5678 cujus
2454 5601 2770 5672 metropolis
2791 5601 3063 5664 Cmsarea,
3090 5615 3157 5654 an
3192 5599 3620 5668 llelenopontum
3655 5595 3871 5649 intelli-

2277 5677 2424 5766 gant.
2453 5688 2804 5760 Μητρόπολις
2828 5684 3021 5756 πρώτη
3056 5683 3253 5737 πόντου
3274 5681 3518 5753 pluribus
3540 5677 3870 5766 iulium-mis

2277 5759 2418 5851 apud
2448 5759 2802 5852 .lIardttinum
2849 5778 2903 5827 et
2949 5767 3014 5826 Ν.
3069 5767 3356 5840 lluymium
3411 5775 3546 5822 tom.
3597 5762 3642 5820 il
3703 5759 3868 5820 Thes.
