4170 6460
377 296 515 362 I157

379 410 591 465 Britan.
617 422 671 478 p.
691 405 816 461 252.
843 405 1019 462 Situm
1044 405 1194 461 urbis
1211 409 1622 464 accuratissime
1639 408 1840 465 Strabo
1859 426 1960 473 xu,

372 512 427 565 p.
465 491 562 546 651
610 489 926 557 descripsit.

442 574 562 629 Col.
606 572 733 628 I332.
774 573 993 639 Ἵϐυρα.
1040 569 1268 626 Rectum
1304 571 1529 645 Ἰϐωρα,
1556 584 1609 628 et
1640 590 1704 628 ex
1750 583 1892 629 orat.
1928 577 1965 631 5

371 657 617 730 Gregorii
643 657 869 730 Nysseni
899 658 952 710 in
990 657 1060 711 40
1084 657 1309 729 Marlyt‘.
1350 676 1403 730 p.
1438 659 1567 722 2I2,
1594 659 1681 714 ubi
1706 660 1966 733 πολίχνην

370 750 555 805 vorat,
620 738 1029 811 apertissimum
1071 750 1176 807 est,
1226 749 1392 811 atque
1445 757 1512 795 ex
1563 742 1815 813 Eutychii
1855 744 1957 798 Vit.

373 843 426 880 c.
460 826 546 890 II,
566 834 619 879 et
647 823 782 878 Nov.
811 821 904 876 28.
939 824 1260 892 Appositum
1295 823 1554 893 Oppidum
1583 835 1704 878 erat
1745 824 1964 880 Euxino

372 917 541 979 ponto
566 906 705 974 apud
732 903 1095 980 Sozomenum
1135 903 1206 956 11.
1246 903 1315 962 Ε.
1352 920 1429 970 vt,
1457 904 1549 970 50.
1585 906 1687 960 etsi
1722 908 1862 961 male
1894 909 1964 963 ibi

371 1000 534 1058 atque
587 988 729 1056 apud
782 986 1081 1043 Palladium
1130 986 1363 1058 Ἰϐήρων
1412 987 1602 1052 πόλιςι
1645 989 1773 1043 hinc
1816 990 1962 1044 enim

371 1073 545 1127 fuisse
572 1071 888 1141 Evagrium,
923 1085 1031 1139 quo
1059 1070 1125 1124 de
1161 1070 1429 1124 duumviri
1468 1071 1569 1135 illi,
1598 1071 1965 1144 Hieronymus

371 1156 536 1225 epist.
596 1155 663 1208 ad
718 1152 1127 1221 Ctesiphontem
1182 1152 1473 1222 signiﬁcat.
1522 1151 1694 1223 Vulgo
1742 1154 1962 1224 quidem

373 1236 735 1310 Iiyperborita
779 1235 851 1290 ibi
884 1237 1053 1302 audit,
1083 1236 1229 1308 quod
1256 1234 1382 1304 jure
1413 1235 1661 1291 Valesius
1696 1237 1749 1290 in
1789 1236 1963 1290 δοιο-

372 1336 593 1378 menum
653 1329 707 1376 et
773 1318 1094 1374 Resweidus
1153 1320 1207 1372 in
1279 1317 1583 1373 Palladium
1646 1329 1961 1384 mutarunt,

372 1406 593 1472 quando
626 1411 681 1458 et
721 1417 824 1456 ms.
866 1398 1533 1457 Corbeiensislliberitam
1585 1417 1683 1470 pro
1717 1399 1961 1456 Hiborita

371 1495 632 1543 ostentat.
649 1484 876 1540 Photius
900 1484 1110 1548 πόλεως
1131 1483 1491 1555 Ἰδώρωνδτῆς
1529 1483 1965 1554 Ἑλλησποντίων

373 1568 643 1640 ἐπαρχίας
682 1566 913 1623 concilio
956 1566 1376 1638 Constantiuop.
1422 1565 1581 1621 tertio
1614 1581 1670 1636 p.
1722 1565 1827 1621 670
1866 1581 1964 1638 ι)εο

384 1650 837 1707 Ἐλενοποντίων.
872 1648 1097 1706 dicitur.
1334 1650 1347 1659 ’

443 1736 581 1793 Ibid.
611 1735 806 1805 Ζῆλα.
857 1734 1013 1789 Haud
1049 1732 1282 1788 multum
1331 1733 1522 1789 aberat
1567 1733 1805 1789 Amasia.
1840 1734 1964 1791 Vita

376 1819 622 1893 Eutychii
652 1833 702 1874 e.
733 1818 767 1873 6
801 1835 816 1872 :
841 1816 1078 1887 Πολίχνη
1097 1816 1183 1882 τίς
1214 1817 1358 1885 ἔστι,
1387 1816 1536 1889 Ζῆλα
1557 1835 1966 1890 προσαγορευο-

377 1905 540 1977 μένη,
581 1899 883 1973 γειτνιάζει
943 1900 1000 1955 δι
1029 1903 1096 1973 τῇ
1142 1902 1482 1974 μητροπόλει
1509 1901 1799 1974 ’Δμασείφ
1832 1902 1964 1959 Plu-

375 1987 595 2043 tarchus
628 1985 831 2040 ϐίοτον.
864 1998 917 2054 p.
957 1982 1053 2040 75i
1101 1983 1259 2038 πόλιν
1306 1983 1485 2055 Ζήλαν
1516 1997 1701 2050 vocat,
1730 2000 1965 2057 eumque

374 2081 602 2127 vetusta:
640 2068 796 2124 Hirtii
830 2072 896 2124 de
929 2068 1073 2125 bello
1098 2068 1394 2125 Alexandr.
1431 2084 1481 2126 c.
1516 2069 1585 2123 72
1613 2069 1882 2127 editiones
1908 2078 1965 2126 et

375 2143 485 2211 m's.
516 2151 736 2208 Norvic.
768 2151 953 2206 Zelam
987 2151 1302 2219 exhibeant,
1325 2152 1379 2206 id
1409 2166 1438 2206 a
1472 2151 1689 2207 Davisio
1719 2150 1961 2219 defendi,

379 2257 554 2311 neque.
584 2239 757 2312 Ζίηλα
776 2239 1071 2296 Plutarcho
1096 2249 1152 2295 et
1188 2238 1343 2296 Dioni
1374 2238 1640 2295 iuculcari
1673 2239 1964 2299 debuerat.

375 2324 655 2393 Stephano
683 2321 923 2391 Ποντικὴ
956 2323 1128 2393 Ζῆλα.

445 2407 578 2463 Ibid.
612 2404 851 2461 Σάλτον
873 2407 1171 2476 Ζαλίχην.
1200 2406 1291 2462 Sic
1323 2422 1453 2462 mss.
1485 2415 1540 2463 et
1586 2416 1758 2475 recte,
1801 2406 1963 2463 modo

380 2492 584 2555 Σάλτος
629 2490 871 2561 Ζαλίχης
926 2490 1247 2562 reﬁugatur.
1283 2491 1475 2544 Putem
1511 2491 1699 2546 urbem
1739 2489 1966 2546 saltibus

374 2573 548 2629 luisse
580 2572 899 2638 incinctam,
941 2579 997 2626 ct
1028 2582 1314 2644 propterea
1354 2572 1556 2627 Σάλτον
1585 2573 1850 2643 praeponi.
1884 2571 1968 2626 Ni-

375 2671 531 2714 creno
576 2656 810 2712 concilio
861 2656 1103 2711 secundo
1142 2656 1489 2711 Andronicus
1527 2655 1815 2727 presbyter
1867 2670 1967 2710 no-

376 2741 525 2795 mine
551 2737 776 2793 Joannis
822 2737 1064 2809 episcopi
1117 2737 1364 2809 Ζαλίχων
1413 2754 1468 2809 p.
1510 2737 1618 2792 555
1643 2737 1965 2803 subscribi',

377 2822 473 2892 qui
507 2837 627 2875 cum
653 2835 709 2890 p.
759 2819 866 2876 I65
903 2822 1187 2892 presbyter
1243 2820 1664 2885 Λεοντοπόλεως
1713 2820 1836 2892 ἦτοι
1865 2821 1968 2874 Ζα-

376 2905 531 2975 λίχου
590 2905 826 2969 dicatur,
859 2913 1047 2960 certus
1098 2903 1255 2960 nobis
1308 2904 1469 2959 index
1533 2912 1620 2960 est
1663 2918 1770 2958 non
1801 2903 1966 2957 aliam

379 2999 545 3056 atque
586 2987 728 3042 hanc
753 2985 1115 3057 LeontOpolin
1143 3001 1289 3054 esse,
1329 2986 1487 3057 cujus
1519 2986 1817 3055 imperator
1849 2983 1968 3040 No-

377 3071 518 3126 vella
565 3069 636 3125 28
675 3070 1066 3127 commeminit.
1115 3069 1446 3141 Corruptum
1497 3084 1641 3139 saepe
1678 3069 1731 3124 id
1766 3083 1968 3124 nomen

377 3159 464 3209 est
526 3152 578 3206 in
628 3149 743 3204 Vita
793 3150 1041 3221 Eutychii
1077 3165 1126 3205 c.
1165 3166 1203 3206 II
1228 3190 1245 3218 ,
1282 3151 1372 3207 ubi
1410 3150 1691 3205 Amazeno
1717 3149 1969 3205 subditus

377 3235 665 3304 episcopus
686 3232 789 3304 τῆς
819 3234 930 3288 τῶν
977 3232 1304 3305 Λαζιχηνῶν
1331 3233 1545 3298 πόλεως
1605 3242 1662 3288 et
1713 3232 1968 3303 Λαςίχων

378 3318 643 3390 προεδρία
677 3323 732 3372 et
779 3317 874 3371 τοῦ
918 3317 1157 3389 Λαςιχου
1202 3318 1504 3387 ὲπισκοπή.
1564 3316 1727 3386 Forte
1760 3326 1814 3372 et
1866 3316 1973 3370 huc

380 3399 671 3457 referenda
710 3408 795 3456 est
830 3401 1008 3455 oratio
1039 3415 1161 3470 quae
1189 3399 1491 3457 Basilio'M.
1529 3409 1662 3455 tom.
1688 3398 1755 3463 Il,
1782 3415 1833 3470 p.
1865 3399 1972 3454 587

381 3484 662 3549 tribuitur,
691 3484 754 3536 ἐν
782 3482 1077 3546 Λακιζοις·
1125 3486 1272 3552 quod
1303 3491 1424 3538 utut
1457 3482 1580 3549 fuit,
1616 3482 1811 3554 negligi
1842 3482 1971 3537 urbs

380 3566 437 3623 in
466 3566 806 3638 Geographie
837 3563 896 3620 S.
935 3580 1040 3620 non
1072 3575 1415 3635 oportuerat.

454 3650 594 3706 Ibid.
636 3648 966 3718 Ἀνδραπα.
1002 3647 1173 3719 Hujus
1218 3650 1507 3720 episcOpus
1536 3647 1788 3705 Paralius
1847 3648 1973 3704 Ἀν-

382 3734 611 3807 δρὰπων
657 3736 759 3804 τῆς
798 3733 1199 3805 Ἑλλησπόντου
1227 3734 1347 3803 (pro
1383 3732 1796 3799 'Eisvondvrou,
1828 3732 1972 3801 quod

384 3837 486 3876 nec
536 3820 594 3873 L.
636 3817 994 3873 lIolsteinium
1047 3817 1117 3872 ad
1165 3814 1355 3887 Ceogr.
1410 3817 1475 3873 S.
1529 3814 1698 3888 fugit)
1732 3817 1968 3891 concilio

382 3905 660 3972 Ephesiuo
697 3917 750 3972 p.
782 3901 891 3957 458
919 3901 1140 3956 dicitur.
1178 3901 1330 3956 Adde
1359 3901 1425 3955 de
1453 3902 1589 3955 urbe
1628 3899 1762 3953 Actu
1790 3898 1964 3971 Ilesy-

382 3986 493 4041 cbii
543 3982 936 4055 Thaumaturgi
1001 3998 1066 4038 ex
1118 3982 1425 4055 Synaxario
1480 3982 1671 4039 Grteco
1702 3981 1766 4036 Vl
1811 3980 1969 4037 Mart.

381 4069 577 4140 Operis
610 4069 964 4135 Sanctorum,
1002 4067 1091 4121 ubi
1127 4069 1305 4137 plura.

456 4151 593 4208 Ibid.
613 4152 866 4221 Ἀμισός.
887 4149 1249 4206 Constantino
1273 4149 1308 4205 Ι.
1332 4148 1384 4216 I,
1407 4147 1601 4204 Them.
1624 4149 1660 4204 2
1692 4148 1970 4220 ’Λμῑνσος,

383 4245 442 4292 et
474 4236 678 4298 Suida',
729 4235 871 4288 haud
903 4248 1037 4288 sane
1083 4235 1243 4287 bene.
1281 4233 1486 4286 Aberat
1526 4231 1748 4286 Amisus
1782 4232 1976 4286 stadiis

384 4318 493 4377 900
521 4317 759 4390 Synope,
792 4325 852 4372 ut
880 4331 911 4372 e
942 4315 1199 4373 Straboni
1231 4332 1330 4373 xu.
1357 4331 1417 4387 p.
1444 4315 1549 4371 547
1588 4316 1825 4387 prodidit
1850 4314 1974 4370 Ste-

427 4404 622 4457 hanus.

384 4420 889 4552 pni'bi‘df.£trdxn.
927 4482 1174 4553 Σινώπη,
1201 4491 1260 4539 ιιι
1290 4498 1374 4539 ms
1395 4480 1700 4538 Leidensis.
1732 4481 1973 4537 Nobilem

386 4574 534 4629 hanc
577 4571 789 4636 urbem,
827 4567 1130 4640 peninsulae
1186 4569 1521 4639 impositam,
1555 4568 1753 4624 Strabo
1788 4583 1887 4633 an,
1918 4584 1974 4639 p.

390 4655 500 4713 545
533 4654 820 4721 όοειι-ἰϋὶι,
878 4663 936 4707 et
984 4651 1281 4708 Turnefort
1311 4652 1474 4721 epist.
1535 4667 1649 4705 xvu
1694 4668 1749 4723 p.
1782 4652 1871 4708 9i.
1902 4654 1978 4708 De

390 4735 766 4796 conditoribus
806 4735 1135 4791 scholiastes
1167 4734 1437 4805 Apollonii
1469 4747 1532 4800 II,
1565 4733 1691 4789 948.

463 4822 605 4880 Ibid.
631 4823 864 4877 Πόντου
895 4818 1380 4891 Πολεμωνιακοῦ.
1413 4818 1458 4872 A
1489 4818 1798 4881 Polemone,
1819 4814 1979 4872 Ponti

393 4907 557 4979 hujus
595 4919 745 4974 rege.
797 4918 994 4960 nomen
1034 4904 1097 4960 ‘ei
1126 4904 1344 4959 venisse
1385 4900 1724 4957 Justinianus
1757 4899 1980 4954 Noretla

391 4990 468 5046 28
493 5004 544 5045 c.
590 4989 616 5043 I
660 4988 889 5043 indicat.
924 4986 1230 5043 Provinciis
1265 4985 1614 5040 annumerari
1655 4996 1866 5054 emptus
1899 4994 1982 5038 cst

394 5075 503 5132 sub
553 5071 790 5137 Nerone,
823 5070 913 5141 qui
952 5070 1114 5125 Ponti
1156 5083 1405 5140 regnum,
1460 5066 1793 5123 concedente
1822 5065 1980 5122 Pole-

397 5171 587 5222 mone,
621 5156 674 5210 in
719 5153 1018 5225 provinciae
1050 5153 1284 5209 formam
1320 5150 1530 5220 redegit
1561 5150 1704 5221 apud
1753 5149 1978 5205 Sueten.

396 5259 451 5301 c.
484 5241 574 5298 I8.
611 5237 838 5296 Praesidi
877 5239 1064 5297 itidem
1095 5235 1386 5294 mandatur
1415 5234 1468 5290 in
1507 5234 1682 5290 Notit.
1725 5235 1853 5305 imp.
1883 5233 1979 5290 0r.

396 5343 452 5385 0.
488 5340 531 5381 I.

473 5410 608 5465 Ibid.
622 5405 1075 5475 Νεοκαισάρεια.
1102 5405 1370 5460 KOINON
1378 5446 1391 5459 .
1412 5405 1599 5460 NEOK
1607 5404 1673 5458 AI
1686 5446 1699 5460 .
1714 5404 1980 5463 ΜΗΤΡΟ.

397 5496 537 5551 vidit
568 5494 620 5549 in
651 5507 876 5548 nummo
902 5491 1143 5548 Medicco
1186 5490 1519 5547 llolsteinius
1539 5530 1555 5555 ,
1584 5490 1670 5545 cui
1709 5491 1981 5560 geminum

401 5578 569 5635 habet
602 5575 758 5631 Thes.
791 5573 1006 5630 Britan.
1034 5583 1165 5629 tom.
1204 5574 1275 5642 II,
1300 5590 1354 5646 p.
1383 5571 1508 5628 256.
1531 5572 1825 5643 Gregorius
1852 5571 1988 5643 Nys-

400 5677 570 5720 seuus
602 5660 679 5730 (in
702 5659 1046 5732 cognominis
1068 5660 1168 5716 sibi
1193 5658 1588 5729 Thoumaturgi
1618 5656 1733 5713 Vita
1777 5673 1829 5727 p.
1861 5657 1986 5730 557)

400 5747 679 5805 communi
743 5745 922 5820 gentis
988 5760 1258 5804 consensu
1329 5744 1578 5819 κορυφὴν
1638 5742 1822 5816 πάσης
1881 5743 1979 5817 τῆς

1224 294 1611 360 cannam.
1657 295 1739 359 IN
1784 276 2199 363 mandens
2238 300 2785 368 srnscnanun.

3507 311 3650 382 1158

2078 414 2411 484 ereptorum
2435 416 2644 481 haberi,
2682 432 2747 473 ac
2779 432 2809 472 a
2847 418 3220 476 Romanorum
3257 423 3497 493 Caesare,
3550 430 3658 487 loci
3729 411 3735 414 7

2073 498 2390 553 ammoitate
2425 509 2625 567 capto,
2661 516 2801 557 novo
2839 503 3060 561 nomine
3111 520 3235 562 esse
3267 508 3525 566 donatam
3561 529 3649 569 re-

2070 580 2197 635 fert.
2234 582 2442 638 Plinius
2467 582 2674 654 Lycum
2714 586 2913 642 littrnen
2945 587 3133 643 urbem
3184 591 3469 658 praebuere
3496 611 3571 660 vr,
3614 596 3652 652 5

2072 665 2341 733 aliirmat;
2393 667 2537 735 quod
2587 677 2768 722 utrum
2794 683 2984 724 verum
3026 672 3255 728 omnino
3295 676 3370 731 sit
3419 676 3656 747 dubites,

2070 750 2371 816 prEBSCI'lInI
2420 750 2464 805 si
2493 765 2616 803 cum
2667 751 2864 805 radere
2907 750 3323 811 Neocaesaream
3378 759 3655 830 inteligas.

2068 830 2203 884 Nam
2255 846 2451 900 agrum
2508 832 2665 889 urbis
2715 834 2927 890 siluere
2984 837 3279 895 manifesto
3327 854 3396 896 ex
3456 846 3648 898 eadem

2071 909 2457 983 Tltattmatnrgi
2489 912 2607 969 Vita
2638 931 2687 984 p.
2722 915 2828 971 557
2853 906 3149 986 colligitur.
3180 918 3471 978 Dubitandi
3521 940 3659 981 cau-

2068 1008 2143 1050 sa:
2176 1006 2323 1059 sunt,
2351 995 2496 1065 quod
2530 996 2809 1066 Nyssenus
2838 998 3153 1070 Gregorius,
3190 1003 3381 1057 urbem
3430 1007 3658 1076 ejusque
3686 1024 3705 1035 '

2067 1078 2231 1133 situm
2277 1078 2623 1146 describens,
2660 1082 2794 1138 nihil
2824 1083 2895 1139 de
2929 1083 3080 1154 Lyco
3113 1097 3397 1143 memoret.
3423 1088 3659 1147 Praater-

2068 1176 2130 1215 ea
2169 1161 2416 1235 Gregorii
2464 1163 2632 1220 frater
2667 1164 2900 1222 Basilius
2931 1168 3095 1238 epist.
3130 1168 3237 1223 2I0
3255 1174 3396 1241 apud
3430 1170 3657 1229 Neocae-

2066 1247 2343 1302 sarienses
2362 1248 2417 1301 in
2438 1249 2574 1302 aviae
2605 1248 2811 1306 aedibus
2831 1259 2888 1304 et
2918 1251 3045 1306 dein
3069 1254 3121 1306 in
3148 1256 3484 1311 monasterio
3508 1254 3657 1310 mul-

2068 1339 2183 1384 tum
2231 1344 2290 1386 se
2338 1330 2601 1402 temporis
2639 1332 2965 1389 contrivisse
3003 1343 3238 1391 testatur
3272 1349 3287 1395 :
3329 1338 3477 1406 atqui
3517 1339 3651 1393 illud

2066 1413 2456 1469 monasterium
2506 1425 2731 1485 propter
2760 1414 2966 1471 lridem
3015 1416 3216 1474 ﬂumen
3261 1428 3402 1483 erat,
3455 1421 3651 1476 eodem

2064 1495 2225 1563 epist.
2260 1495 2369 1550 223
2399 1506 2453 1551 et
2493 1497 2760 1568 Gregorio
2803 1498 2858 1552 in
2892 1499 3015 1554 Vita
3050 1499 3305 1556 Macrina:
3331 1518 3382 1571 p.
3411 1501 3513 1556 I82
3544 1518 3650 1558 au-

2062 1585 2236 1633 ctore.
2271 1576 2368 1635 His
2395 1581 2531 1635 adde
2557 1579 2977 1636 Neocaesaream
3004 1590 3060 1636 et
3101 1583 3343 1638 Comana
3387 1584 3649 1651 Amasiae,

2064 1673 2187 1727 qua:
2213 1659 2344 1715 [ridi
2374 1662 2671 1729 assidebat,
2707 1662 2887 1717 vicina
2910 1663 3185 1733 perhiberi
3209 1666 3262 1720 in
3300 1665 3447 1719 Actis
3480 1666 3654 1738 Euty-

2064 1741 2174 1796 cbii
2214 1757 2264 1797 c.
2302 1741 2354 1797 7.
2407 1741 2667 1800 Fortasse
2704 1743 2893 1810 itaque
2936 1745 3141 1801 rectius
3183 1746 3383 1802 Iridcm
3418 1749 3562 1804 inter
3598 1761 3658 1806 et

2064 1823 2267 1896 Lycum
2302 1825 2687 1882 collocabitur.

2135 1906 2272 1962 Ibid.
2300 1910 2566 1979 Κόμανα.
2608 1907 2722 1965 Sita
2755 1921 2917 1967 erant
2946 1912 3015 1967 ad
3047 1927 3263 1969 amnem
3288 1911 3486 1973 Iridem
3514 1919 3658 1988 apud

2066 1988 2395 2046 Strabonem
2432 2008 2536 2059 xu,
2567 2006 2621 2061 p.
2666 1992 2793 2060 547,
2844 2009 2945 2050 nec
2991 1994 3151 2066 longe
3196 2011 3226 2051 ιι
3266 1996 3656 2067 Neocaesarea;
3734 1990 3742 1995 ’

2066 2074 2208 2128 unde
2261 2073 2421 2129 πόλιν
2481 2074 2850 2145 ἀστυγείτονα
2904 2075 3203 2148 Gregorius
3257 2078 3542 2152 Nyssenus
3596 2086 3657 2139 in

2065 2154 2458 2227 Thaumaturgi
2510 2156 2636 2217 Vita
2659 2175 2714 2230 p.
2752 2160 2854 2217 561
2875 2169 2931 2217 et
2955 2160 3057 2232 τὴν
3088 2163 3417 2233 Κομαναίων
3450 2166 3661 2238 ταύτην

2064 2239 2424 2307 ἀστυγείτονα
2470 2241 2626 2296 πόλιν
2659 2252 2802 2299 erat.
2838 2245 2906 2309 de
2942 2242 3223 2313 Baptismo
3252 2262 3306 2315 ι).
3344 2248 3450 2302 220
3472 2251 3659 2319 appel-

2064 2319 2161 2377 lat.
2194 2321 2348 2391 Quod
2375 2335 2555 2380 autem
2604 2324 2708 2380 Ch.
2739 2325 3009 2383 Cellarius
3041 2324 3108 2382 G.
3146 2328 3212 2381 A.
3259 2342 3345 2393 In,
3370 2329 3403 2385 8
3449 2346 3502 2401 p.
3549 2332 3657 2388 527

2063 2405 2303 2463 Cumana
2335 2409 2405 2465 ab
2445 2408 2606 2464 Iridis
2636 2407 2880 2466 fontibus
2919 2425 3110 2480 parum
3150 2414 3357 2468 distare
3398 2428 3466 2469 ex
3496 2414 3656 2469 Stra-

2065 2487 2208 2545 bone
2230 2489 2457 2562 colligit,
2492 2490 2550 2546 id
2579 2491 2759 2547 amnis
2787 2507 2853 2546 ex
2899 2492 3090 2547 intima
3122 2492 3384 2550 Armenia
3420 2506 3575 2551 ortus
3599 2504 3658 2550 et

2063 2587 2163 2643 per
2199 2572 2429 2627 Pontum
2467 2574 2612 2630 hune
2641 2576 2940 2632 decurrens
2981 2576 3123 2644 apud
3159 2578 3416 2633 eumdem
3449 2577 3657 2650 Grego.

2066 2656 2205 2710 rium
2239 2657 2289 2709 in
2317 2654 2575 2711 Macrino:
2617 2656 2820 2727 I'ita'p.
2857 2658 2962 2713 182
2994 2674 3100 2713 non
3135 2659 3295 2715 feret.

2137 2737 2274 2795 Ibid.
2312 2737 2702 2810 Τολεμόνιον.
2726 2741 2958 2798 Rectum
2986 2754 3069 2797 est
3110 2742 3480 2814 Πολεμώνιον,
3507 2746 3657 2814 quod

2066 2822 2321 2891 oppidum
2354 2823 2497 2878 inter
2521 2822 2981 2880 Thermodontem
3021 2838 3071 2881 et
3109 2825 3343 2894 Cotyora
3375 2827 3540 2881 situm
3557 2821 3659 2882 ob-

2070 2905 2277 2960 tinehat
2309 2907 2452 2976 apud
2486 2907 2782 2962 Arrianntn
2832 2909 2887 2962 in
2928 2906 3145 2976 Periplo
3193 2925 3246 2977 p.
3279 2910 3343 2962 I7
3375 2908 3450 2964 De
3489 2911 3659 2964 Cera-

2068 2997 2250 3053 sunte,
2290 2988 2564 3043 maritimo
2590 2990 2812 3061 oppido,
2842 2987 3168 3060 Xenophon.
3204 2990 3415 3061 Emped.
3442 2990 3571 3062 Cyr.
3597 3006 3655 3058 v,

2067 3084 2122 3140 p.
2154 3069 2260 3125 275
2293 3080 2349 3126 et
2383 3069 2712 3126 Tournet’ort
2753 3075 2907 3140 epist.
2938 3089 3068 3128 xvn.
3108 3090 3161 3142 p.
3205 3073 3297 3130 98.

2142 3152 2279 3208 Ibid.
2337 3153 2693 3223 Τραπεζοῦς.
2720 3154 2878 3211 Circa
2926 3155 3133 3211 Nicaeui
3170 3154 3396 3211 secundi
3431 3156 3656 3214 concilii

2071 3248 2316 3307 tempora
2358 3237 2554 3293 Phasis
2593 3250 2647 3292 et
2675 3239 2954 3310 Trapezus
2987 3241 3076 3293 nui
3116 3240 3375 3309 episcopo
3400 3241 3651 3309 paruisse

2070 3324 2357 3384 videntur;
2410 3323 2553 3375 unde
2612 3320 3041 3391 Christopborus
3089 3321 3186 3376 τοῦ
3237 3322 3473 3387 Φάσιδος
3534 3324 3659 3393 ἦτοι

2069 3401 2487 3476 Τραπεζοῦντος
2549 3420 2602 3473 p.
2648 3402 2756 3458 545
2812 3404 3125 3460 subscribit.
3172 3402 3301 3460 Vide
3350 3404 3480 3460 Ant.
3521 3404 3656 3460 Itin.

2142 3569 2278 3625 Ibid.
2334 3566 2476 3622 Ὑπὸ
2530 3569 2818 3639 ἡγεμόνα.
2881 3569 2973 3624 Sic
3006 3585 3164 3636 mss.,
3212 3570 3410 3641 quibus
3457 3583 3660 3643 prater

2075 3652 2209 3708 Not.
2238 3654 2366 3722 imp.
2414 3651 2619 3705 Orient.
2657 3667 2707 3704 c.
2749 3651 2795 3714 I,
2830 3666 2950 3722 qua:
2987 3653 3348 3723 prtnsidinlem
3379 3655 3520 3708 hanc
3567 3654 3649 3708 fa-

2072 3740 2167 3803 cit,
2196 3734 2500 3791 assentitur
2535 3734 2767 3790 Basilius
2796 3737 2873 3807 Μ,³
2906 3739 3067 3806 epist.
3100 3736 3223 3793 112.
3256 3736 3390 3791 Nam
3435 3737 3656 3792 Andro.

2072 3822 2257 3876 nicum
2308 3817 2590 3889 ἡγεμόνα,
2635 3818 2703 3873 ad
2737 3835 2900 3891 quem
2928 3819 3034 3883 illa:
3084 3821 3284 3876 littera:
3333 3821 3656 3887 mittuntur,

2074 3901 2343 3957 Armenia
2374 3903 2560 3971 prima:
2587 3900 2872 3971 praefuisse
2888 3919 2955 3957 ex
2987 3902 3249 3958 Sebastia:
3278 3904 3332 3958 in
3367 3903 3474 3958 illis
3498 3918 3658 3957 men-

2076 3987 2224 4042 tione
2261 3986 2407 4040 baud
2458 3984 2697 4039 obscure
2743 3986 3037 4057 colligitur.
3091 3986 3360 4041 Caeterum
3419 3985 3654 4057 primaut

2077 4071 2217 4125 hanc
2271 4069 2587 4122 Armeniam
2628 4067 2772 4123 idem
2820 4068 3050 4125 Basilius
3104 4070 3267 4141 epist.
3310 4068 3414 4124 I95
3446 4078 3501 4125 et
3550 4067 3658 4123 263

2075 4151 2284 4223 μικρὰν
2324 4151 2621 4220 Ἀρμενίαν
2654 4159 2831 4205 vorat.
3628 4216 3643 4230 δ

2147 4233 2283 4288 Ibid.
2344 4232 2695 4286 Σεϐάστεια.
2743 4231 3049 4288 Provinciae
3093 4233 3413 4307 metrppolis
3459 4240 3542 4288 est
3603 4234 3658 4286 in

2075 4316 2402 4372 Theodoreti
2424 4312 2488 4368 ΙΙ.
2510 4315 2572 4369 Ε.
2600 4331 2663 4381 ιι,
2689 4314 2761 4368 25
2786 4323 2841 4369 et
2878 4313 3099 4369 Novella
3131 4316 3223 4374 5i.
3253 4315 3366 4370 Sita
3406 4323 3524 4370 erat
3543 4316 3661 4368 loco

2075 4412 2312 4464 amomo,
2328 4406 2648 4468 praeterque
2672 4395 2886 4466 Halym,
2906 4398 2996 4465 qui
3020 4397 3170 4451 urbis
3189 4399 3385 4451 tutenia
3412 4396 3659 4460 radebat,

2079 4482 2313 4538 mediam
2348 4480 2572 4536 secabat
2617 4477 2756 4534 alius
2805 4481 3005 4546 amnis,
3039 4480 3127 4547 qui
3161 4494 3285 4534 mox
3312 4479 3368 4534 in
3416 4481 3659 4533 vicinum

2077 4567 2254 4622 lacum
2287 4564 2589 4620 abdebatur
2614 4562 2876 4634 Gregorio
2925 4563 3171 4634 Nysseuo
3219 4572 3362 4619 orat.
3419 4563 3443 4617 I
3498 4564 3552 4618 in
3582 4563 3654 4617 40
3712 4608 3727 4625 ,

2050 4648 2053 4651 λ
2079 4650 2303 4721 Martyr.
2324 4663 2378 4719 p.
2407 4646 2505 4703 50l
2540 4655 2597 4702 et
2622 4656 2771 4702 orat.
2795 4647 2832 4700 2
2865 4660 2920 4716 p.
2948 4645 3054 4702 5I0
3087 4658 3333 4702 auctore.
3371 4643 3503 4702 Vide
3530 4646 3661 4704 Itin.

2079 4736 2208 4790 Ant.
2235 4750 2288 4804 p.
2323 4731 2447 4787 I77.
2835 4772 2840 4777 .

2150 4817 2285 4875 Ibid.
2321 4817 2670 4884 Νικόπολις.
2714 4813 2833 4871 Νοη
2885 4816 3041 4886 longe
3095 4813 3326 4870 Colonia
3367 4814 3663 4873 dissociata

2081 4911 2224 4968 erat,
2265 4902 2483 4972 quicum
2516 4911 2571 4954 et
2595 4901 2762 4955 Sacra
2797 4899 3111 4956 Christiana
3136 4901 3661 4968 communicaverat;

2084 4989 2194 5045 und
2236 4982 2336 5058 τῆν
2366 4984 2580 5057 μητέρα
2611 4982 2763 5055 ὑμῶν
2785 4984 2885 5056 τὴν
2916 4985 2974 5037 ὲν
3015 4982 3312 5038 Νικοπόλει
3367 4983 3664 5055 ἐκκλησίαν

2083 5070 2318 5126 Basilius
2355 5068 2516 5140 epist.
2549 5067 2678 5134 227,
2709 5066 3127 5124 Coloniensibus
3158 5066 3442 5137 inscripta,
3475 5067 3663 5136 appel-

2085 5158 2194 5224 lat;
2226 5169 2326 5210 nee
2363 5152 2654 5208 dissimilia
2696 5153 2874 5207 tribus
2902 5152 3258 5222 sequentibus
3290 5150 3537 5221 epistolis
3586 5166 3665 5203 re-

2084 5241 2285 5310 peries.
2329 5236 2508 5309 Lycus
2556 5234 2753 5291 ﬂuvius
2787 5236 2841 5290 in
2894 5237 3073 5305 spatio
3116 5234 3153 5289 6
3199 5233 3272 5288 Μ.
3329 5233 3389 5289 P.
3423 5234 3490 5286 ab
3531 5235 3666 5287 urbe

2084 5321 2425 5388 volvebantur,
2470 5321 2515 5374 si
2547 5319 2697 5373 Actis
2748 5318 2820 5374 40
2869 5318 3030 5374 Mart.
3064 5327 3198 5374 tom.
3228 5330 3289 5370 ιιι
3344 5311 3451 5369 Jul.
3486 5330 3540 5386 p.
3593 5314 3666 5369 46

2085 5406 2221 5461 ﬁdes
2250 5415 2355 5460 est.
2398 5403 2558 5458 Plura
2585 5403 2787 5458 Anton.
2819 5402 2945 5457 Itin.
2988 5417 3043 5472 p.
3075 5401 3200 5456 I82.

2159 5490 2296 5548 Ibid.
2321 5488 2604 5544 Κολονία.
2637 5485 2889 5541 Κολωνία
2921 5487 3034 5542 sive
3055 5482 3354 5539 Κολὼνεια.
3377 5480 3666 5539 Liberatus

2086 5574 2329 5632 Breviar.
2359 5588 2408 5628 c.
2441 5570 2474 5625 6
2505 5570 2860 5642 Cappadociae.
2890 5568 3167 5633 secundm,
3195 5565 3328 5643 nihil
3368 5565 3666 5624 dissitlcnte

2088 5659 2323 5715 concilio
2346 5655 2675 5712 Chalcedon.
2706 5670 2762 5723 p.
2797 5653 2922 5718 557,
2955 5647 3271 5706 transcribit
3302 5668 3316 5705 :
3353 5659 3408 5703 at
3430 5648 3664 5705 Basilius

2093 5742 2253 5817 epist.
2277 5757 2514 5801 ccxxvin
2537 5742 2596 5799 ὲν
2623 5743 2689 5813 τῇ
2721 5737 2944 5810 ἐσχατιᾷ
2961 5735 3064 5807 τῆς
3093 5734 3410 5810 ’Λρμενιας,
3432 5735 3665 5806 etepist.
