4170 6434
531 301 668 367 1159

521 433 659 478 nev
697 413 914 486 μακρὰν
949 407 1266 480 ἀπῳκίσθαι
1299 405 1409 459 τῶν
1433 402 1768 486 ὁδευομένων
1809 402 1992 486 τόπων
2018 401 2118 471 τὴν

527 484 840 555 Κολώνειαν
899 493 1154 548 aﬂirmat.
1248 490 1387 558 Ergo
1440 487 1587 540 circa
1652 484 2122 539 Chalcedonensis

525 581 753 637 concilii
776 591 1020 648 tempera
1045 573 1268 628 Colonia
1284 569 1643 640 Cappadocia:
1665 567 1764 621 fuit
1789 567 2122 631 contributa;

525 665 758 719 rediisse
798 661 924 717 dein
957 659 1024 713 ad
1059 655 1376 711 Armeniam
1409 652 1644 722 primam
1677 659 1807 705 ante
1827 648 2126 704 Iustiniani

523 754 748 802 aetatem
783 742 1004 799 Novella
1035 741 1096 795 51
1138 741 1418 792 docemur.

609 829 725 883 Col.
770 827 891 881 152.
924 822 1186 878 Σάταλα.
1227 820 1484 874 Basilium
1532 817 1654 873 vide
1710 817 1872 888 epist.
1907 831 2033 870 XCIX
2072 822 2129 868 et

531 914 730 966 Anton.
763 910 888 963 Itin.
910 923 962 976 p.
984 905 1109 970 I85;
1131 903 1325 958 fundos
1341 901 1611 956 Satalena:
1627 899 2127 969 civitaticontiguos

533 991 884 1048 Theodosius
908 989 1181 1043 secundus
1217 986 1272 1040 in
1303 983 1528 1038 Novella
1553 985 1588 1036 5
1614 982 1700 1036 tit.
1734 982 1801 1035 12
1835 989 2122 1036 memorat.

603 1074 737 1130 Ibid.
778 1071 1289 1134 Σεϐαστούπολις.
1339 1066 1565 1120 Novella
1602 1068 1663 1121 51
1710 1065 1984 1120 Armenia:
2009 1064 2126 1134 pri-

525 1174 632 1212 Διιιιιι
661 1158 848 1211 itidem
882 1155 1091 1210 tribuit.
1123 1154 1272 1207 Adde
1298 1149 1428 1206 Itin.
1464 1154 1528 1206 Α.
1563 1168 1616 1221 p.
1638 1150 1767 1207 205.

604 1240 742 1296 Ibid.
819 1238 957 1292 Ὑπὸ
1012 1239 1300 1307 ἡγεμόνα.
1367 1235 1679 1290 Assentitur
1750 1233 1924 1288 Notit.
1992 1233 2124 1300 imp.

527 1322 740 1378 ()rient.
805 1339 856 1378 c.
910 1323 963 1376 1.
1015 1319 1254 1376 Joannes
1309 1319 1736 1389 Chrysostomus
1777 1319 1937 1386 epist.
1999 1330 2127 1368 LXIV

526 1406 771 1478 ἄρχοντα
830 1407 933 1477 τῆς
988 1404 1286 1475 Ἀρμενίας
1345 1404 1497 1472 (nam
1545 1401 1804 1457 secundae
1850 1399 2124 1455 Armenia:

529 1492 814 1559 pra-sidem
870 1491 1176 1558 intelligere
1226 1487 1472 1559 epistolae
1528 1495 1910 1557 argumentum
1969 1492 2124 1553 pate-

524 1569 685 1639 facit)
719 1573 978 1642 appellat.

595 1655 736 1711 ibid.
797 1653 1136 1722 Μελετηνή.
1186 1652 1468 1723 Μελιτηνή
1506 1666 1670 1722 quam
1704 1648 1987 1719 περιφανῆ
2017 1647 2124 1701 τῶν

527 1735 834 1809 Ἀρμενίων
871 1739 1232 1809 μητρόπολιν,
1283 1738 1549 1791 illustrem
1585 1735 1969 1788 Ari‘neuiorum
2008 1746 2122 1785 tne-

525 1823 788 1890 tr0polin,
821 1823 1058 1892 Cyrillus
1103 1822 1158 1874 in
1193 1819 1312 1873 Vita
1347 1818 1621 1888 Etttltymii
1645 1826 1822 1880 vocat,
1846 1824 1904 1870 ut
1929 1815 2124 1870 Anton.

528 1901 660 1958 Itin.
697 1920 751 1974 p.
781 1904 887 1960 209
917 1907 1276 1976 ascripsimus
1303 1904 1369 1957 de
1404 1901 1546 1955 Arca
1579 1915 1632 1969 p.
1669 1899 1797 1953 211.

605 1986 742 2042 Ibid.
776 1988 1104 2057 Ἀράόνσος.
1137 1986 1318 2042 Patria
1344 1983 1584 2038 Mauritii
1605 1981 1951 2051 imperatoris
1981 1980 2078 2036 fuit
2105 1999 2121 2049 ;

525 2084 789 2139 quorsum
849 2074 1148 2141 restiit-iunt
1192 2086 1315 2141 quae
1363 2070 1416 2123 in
1477 2067 1601 2122 Vita
1653 2065 1928 2136 Eutyrhii,
1965 2079 2015 2120 c.
2049 2081 2124 2120 vu

527 2155 842 2208 referuntur
888 2174 903 2210 :
944 2156 1166 2217 Ὁσάκις
1203 2154 1430 2224 μνήμην
1457 2152 1694 2204 ἐποιεῖτο
1726 2149 2124 2228 τῆςιᾌρασισ-

527 2237 710 2303 σηνῶν
742 2238 982 2304 πόλεως,
1019 2239 1195 2301 οὕτως
1221 2238 1410 2306 ἔλεγεν
1454 2233 1774 2305 χαριέντως,
1809 2226 2120 2286 ἀκουόντων

526 2321 749 2374 πάντων
793 2324 952 2393 ἡμῶν
999 2323 1094 2376 καὶ
1143 2321 1254 2374 τῶν
1297 2319 1509 2374 ἐκεῖθεν
1550 2316 1896 2388 ὁρμωμένων
1924 2317 2121 2387 ἀρχόν-

524 2418 636 2456 των
661 2419 678 2434 ο
712 2422 732 2455 ι
760 2406 990 2476 Μεγάλη
1019 2406 1168 2459 ἐστὶν
1195 2407 1228 2474 ἡ
1255 2403 1407 2466 πόλις
1437 2402 1612 2472 ὑμῶν.
1646 2401 1744 2453 Διέι
1773 2399 1933 2454 τοῦτο
1966 2401 2121 2472 εἴρη-

525 2500 617 2539 ται
636 2487 765 2558 περὶ
789 2489 980 2559 αὐτῆς,
1000 2489 1095 2542 Ἐκ
1111 2487 1368 2557 Ναζαρὲτ
1386 2485 1608 2539 δύναταί
1624 2500 1676 2537 τι
1699 2482 1903 2552 ἀγαθὸν
1925 2479 2085 2542 εἷναιε
2101 2503 2120 2536 ι

525 2565 686 2624 Plura
730 2573 798 2625 ad
851 2573 982 2627 Ant.
1046 2571 1182 2627 Itin.
1238 2587 1290 2642 p.
1349 2570 1474 2636 181,
1533 2570 1727 2640 quibus
1791 2566 2015 2622 Suidam
2070 2568 2125 2622 in

526 2651 778 2719 Εύδόξιος
811 2654 1001 2725 junge.

601 2736 734 2792 Ibid.
765 2739 1138 2806 Κουκουσός.
1161 2737 1234 2790 De
1261 2753 1325 2792 eo
1341 2737 1769 2807 Chrysostomus
1794 2734 1955 2804 epist.
1981 2751 2122 2790 xxx:

525 2818 800 2889 Οἰκοῦμεν
834 2821 943 2892 γὰρ
995 2823 1194 2892 χωρῖον
1252 2821 1591 2892 ἐρημότατον
1645 2818 1741 2871 καὶ
1794 2817 1978 2890 πάσης
2022 2817 2122 2888 τῆς

523 2901 651 2953 καθ’
698 2905 846 2972 ἡμᾶς
885 2905 1216 2975 οἰκουμένης
1266 2903 1623 2974 ἐρημότερον.
1651 2900 1815 2968 ,Quaa
1865 2901 2044 2963 nobis,
2079 2901 2122 2955 si

524 2988 796 3040 atdantur
820 2989 886 3042 ad
925 2989 1123 3043 Anton.
1169 2988 1301 3041 Itin.
1352 3002 1406 3058 p.
1459 2986 1561 3042 179
1595 3001 1662 3042 ex
1696 2985 1892 3040 eodem
1937 2986 2126 3040 obser-

524 3081 673 3136 Vata,
726 3070 916 3126 urbem
953 3070 1123 3126 fuisse
1162 3069 1593 3125 desertissimam
1627 3069 1939 3124 ostendunt.
1972 3068 2126 3134 Quod

525 3166 656 3207 vero
696 3154 856 3222 epist.
908 3153 1010 3208 125
1041 3151 1352 3216 Κουκουσὸς
1389 3151 1489 3222 τῆς
1516 3151 1794 3216 Κιλικίας,
1845 3150 1896 3204 id
1946 3151 2124 3205 Mont-

527 3234 816 3292 fauconius
841 3253 970 3291 mss.
1003 3236 1322 3290 auctoribus
1349 3247 1500 3292 recte
1528 3234 1757 3290 mutavit
1793 3252 1807 3288 :
1846 3250 2121 3306 nunquam

503 3321 671 3402 venint
702 3321 906 3376 Cilicia:
932 3320 1182 3376 Cucusus
1216 3320 1340 3375 fuit.

599 3404 736 3459 Ibid.
776 3406 1036 3474 Κόμονα.
1069 3403 1324 3472 Κόμανα,
1371 3403 1437 3458 tle
1466 3415 1574 3471 qua
1600 3411 1656 3456 et
1681 3400 1994 3456 Ariarathia
2034 3401 2122 3473 (eo

531 3485 679 3540 enim
714 3489 932 3542 nomine
962 3487 1239 3553 utebatur)
1266 3488 1483 3540 abunde
1522 3483 1652 3538 Lin.
1687 3484 1814 3538 Ant.
1844 3500 1898 3555 p.
1934 3483 2058 3540 181.

597 3569 735 3624 Ibid.
787 3569 1066 3635 Κιλικίας
1120 3575 1196 3624 α’.
1242 3569 1467 3624 Orditur
1522 3566 1801 3622 Ilierocles
1871 3566 2115 3623 Orientis

525 3654 842 3724 provincias
868 3653 956 3719 I5,
990 3667 1224 3723 quarum
1253 3654 1424 3722 prima
1460 3654 1574 3707 haec
1600 3650 1815 3720 Cilicia,
1843 3662 2118 3721 postrema

521 3738 746 3802 Arabia,
799 3752 992 3792 omnes
1037 3738 1138 3792 sub
1185 3737 1544 3808 dispositione
1591 3735 1809 3790 comitis
1855 3735 2119 3801 Orientis,

521 3837 632 3888 quo
658 3823 724 3877 de
768 3820 936 3876 IIenr.
982 3820 1236 3876 Valesius
1271 3821 1325 3874 in
1361 3819 1636 3874 Ammiani
1685 3819 1722 3872 l.
1771 3834 1885 3884 xw,
1922 3833 1972 3873 c.
2003 3819 2029 3872 1
2066 3830 2121 3874 et

522 3907 628 3962 Th.
661 3905 955 3962 Reinesius
1012 3904 1191 3962 Class.
1231 3904 1324 3960 V'I.
1377 3903 1635 3974 Inscript.
1666 3903 1758 3957 47.
1791 3902 1957 3958 Recta
1993 3919 2124 3960 vero

522 3991 760 4058 primam
830 3989 1150 4045 Cilit-iarum
1209 3989 1488 4043 consulari
1568 3987 1859 4056 regendam
1932 3987 2119 4054 tradit,

522 4089 746 4142 prorsus
795 4082 856 4127 ut
892 4069 1066 4126 Notit.
1102 4072 1231 4142 imp.
1280 4087 1330 4126 c.
1373 4071 1397 4124 1
1433 4079 1486 4126 et
1520 4069 1556 4122 I.
1604 4085 1640 4135 ι,
1679 4085 1731 4123 c.
1769 4070 1836 4123 de
1873 4067 2118 4126 General.

522 4155 820 4210 Abolition.

594 4255 732 4313 Ibid.
775 4255 1043 4325 poaoci
1078 4254 1395 4327 Metropolis
1431 4255 1760 4326 dignitatem
1801 4255 1912 4310 Leo
1951 4257 2124 4327 impe-

521 4350 672 4394 rator
702 4340 757 4394 in
796 4341 957 4409 epist.
1010 4349 1143 4394 tom.
1175 4339 1247 4394 IX
1270 4339 1484 4396 Coneil.
1524 4341 1722 4395 Labbei
1757 4348 1811 4395 et
1845 4339 2122 4396 Concilio-

521 4441 644 4478 rutn
677 4425 810 4478 Acta
843 4423 916 4480 illi
961 4423 1263 4480 afﬁrmant.
1317 4425 1434 4480 Sita
1496 4435 1616 4479 erat
1675 4425 2118 4479 commodissime

520 4508 662 4575 loco,
728 4507 870 4562 ὥστε
928 4508 1209 4580 Ίσαύρους
1253 4509 1346 4562 καὶ
1383 4509 1611 4572 Κίλικας
1653 4508 2029 4571 Καππαδόκας
2056 4525 2116 4562 τε

457 4589 472 4605 ⁸
523 4592 621 4644 καὶ
667 4591 873 4662 Σύρους
919 4591 988 4645 δι’
1028 4594 1228 4664 ἑαυτῆς
1280 4593 1612 4653 συνάπτειν,
1656 4600 1880 4645 auctore
1915 4590 2118 4644 Basilio

525 4671 597 4726 Μ.
634 4675 794 4744 epist.
831 4673 922 4730 54.
964 4675 1109 4730 Idem
1143 4675 1429 4744 profitetur
1472 4675 1609 4729 alter
1639 4673 1892 4738 Βιδίιίυε,
1924 4673 2115 4728 Seleu-

523 4761 623 4813 ciae
674 4760 992 4829 cpiscopus,
1045 4758 1305 4822 Miracnl.
1359 4759 1566 4816 Thecla:
1615 4774 1675 4823 ιι,
1731 4758 1823 4822 13,
1867 4771 1990 4812 cum
2048 4757 2116 4811 de

525 4842 734 4896 Tharso
793 4843 918 4896 Ἐπί
976 4859 1038 4896 τε
1097 4842 1286 4898 κάλλει
1343 4844 1440 4897 καὶ⁵
1482 4841 1730 4913 μεγέθει,
1772 4840 1867 4893 καὶ
1915 4835 1998 4902 οἷς
2048 4839 2115 4894 ἂν

523 4924 710 4987 ἁπλῶς
763 4925 920 4989 πόλις
970 4925 1202 4996 λαμπρὰ
1257 4925 1350 4979 καὶ
1407 4925 1682 4996 εὐδαίμων
1734 4923 2064 4994 γνωρισθείη
2094 4964 2110 4991 ,

525 5014 691 5064 πᾶσιν
741 5011 1187 5084 ἐπιγαυρουμένη
1209 5054 1224 5076 ,
1264 5014 1362 5066 καὶ
1396 5010 1456 5064 τὸ
1483 5007 1707 5080 πρώτην
1742 5008 1976 5078 μάλιστα
2012 5007 2115 5078 τῆς

523 5093 663 5163 ἑῴας
697 5094 960 5163 ἀνίσχειν,
999 5098 1093 5149 καὶ
1126 5096 1353 5166 πρώτην
1387 5095 1552 5148 πάλιν
1599 5090 1965 5163 προσϐάλλειν
1997 5093 2111 5157 τοῖς

523 5177 583 5241 ἐξ
648 5177 942 5232 ὁποιασοῦν
1003 5179 1107 5250 γῆς
1173 5179 1522 5251 ὁρμωμένοις
1581 5178 1715 5248 πρὸς
1775 5175 1874 5244 τὴν
1932 5175 2109 5247 ἑῴαν·

519 5261 719 5329 Aperte
760 5261 905 5314 enim
959 5263 1164 5318 indicat
1205 5264 1297 5316 tali
1347 5262 1580 5331 positam
1623 5276 1748 5315 esse
1789 5260 1907 5314 loco
1938 5270 2019 5324 ut,
2061 5260 2109 5314 si

520 5343 643 5412 quis
669 5357 733 5397 ex
767 5345 964 5400 vicinis
999 5345 1296 5416 provinciis
1328 5344 1381 5399 in
1413 5341 1656 5399 Orientis
1687 5343 1949 5398 dimcesin
1983 5357 2110 5413 per-

521 5439 650 5496 gere
708 5434 801 5480 aut
849 5442 915 5482 ex
966 5442 1031 5483 ea
1097 5427 1151 5483 iu
1203 5427 1485 5482 Ponticam
1543 5429 1658 5483 sive
1719 5427 1884 5481 etiam
1947 5425 2110 5481 Asia-

522 5510 667 5563 niam
697 5510 931 5565 transire
977 5511 1129 5578 velit,
1169 5511 1420 5567 adeunda
1469 5525 1534 5566 ea
1566 5511 1800 5582 pr’l"utii
1837 5513 1929 5567 sit.
1977 5511 2110 5566 Vide

521 5591 654 5646 1.5...
688 5589 760 5646 II.
796 5608 850 5661 p.
889 5594 1014 5649 579.

599 5672 732 5728 Ibid.
774 5677 1288 5746 Πομπηῑούπολις.
1319 5676 1449 5732 Mari
1478 5676 1775 5743 assidebat,
1803 5690 1869 5730 eo
1891 5679 2112 5731 nomine

519 5773 552 5813 a
594 5749 850 5827 Pompeio
883 5761 1240 5839 donatacum
1273 5760 1526 5820 Solorum
1563 5768 1692 5821 ante
1737 5759 1952 5838 luisset
1977 5774 2098 5818 usa.

1599 286 1985 350 ADDENDA.
2022 310 2092 322 -
2131 286 2200 346 Ρ.
2243 283 2757 346 WESSELINGII

3677 287 3825 353 IIGO

2238 399 2448 453 Auctor
2507 400 2640 453 Vita:
2685 399 2840 453 Arati
2887 399 2940 452 in
3003 396 3334 468 Uranologio
3360 397 3568 456 Petavii
3615 421 3630 457 :
3668 406 3734 458 Οί
3765 407 3830 460 δὲ

2233 483 2387 535 Σόλοι
2419 483 2574 546 πόλις
2599 482 3008 553 ἐπιφανεστάτη
3039 482 3138 552 τῆς
3172 483 3450 546 Κιλικίας,
3478 485 3572 555 ἀφ’
3595 481 3664 556 ἧς
3697 489 3835 542 πολ-

2226 565 2308 619 λοὶ
2336 567 2573 634 κάγαθοί⁵
2605 568 2894 635 γεγόνασιν
2925 567 3118 638 ἄνδρες
3141 582 3155 596 ⁸
3185 565 3430 620 καλεῖται
3459 569 3515 621 δὲ
3549 570 3644 646 νῦν
3672 571 3835 642 [Iop-

2228 651 2575 720 πηῖούπολις.
2607 652 2729 705 Είσὶ
2760 651 2818 704 δὲ
2852 652 2948 706 καὶ
3009 652 3189 724 ἕτεροι
3249 651 3401 706 Σόλοι
3433 655 3534 718 τῆς
3568 652 3826 725 Κύπρου’

2225 733 2342 786 ἀλλ’
2373 736 2422 788 oi
2451 734 2552 805 μὲν
2576 736 2816 806 Κύπριοι
2859 735 3033 788 Σόλιοι
3073 733 3391 798 καλοῦνται,
3417 737 3466 788 οἱ
3499 737 3556 790 δὲ
3579 739 3831 794 Κιλίκιοι

2228 815 2434 880 Σολεῖς.
2468 815 2569 872 Cui
2600 818 2805 887 gentile
2849 833 3048 872 nomen
3103 817 3461 889 distinguenti
3509 822 3836 889 astipulatur

2229 895 2499 970 Diogenes
2547 899 2801 956 Laertius
2855 916 2892 966 ι,
2938 900 3030 966 51,
3077 901 3168 954 ubi
3201 900 3432 972 Me’nagii
3484 903 3831 974 diligentiam

2227 983 2392 1036 verba
2427 999 2494 1038 ex
2529 985 2681 1038 Arati
2711 983 2832 1039 Vita
2863 1000 2968 1038 non
2997 983 3324 1054 eﬂogerunt.

2299 1066 2436 1122 Ibid.
2483 1067 2777 1136 Σεϐαστή.
2829 1068 2970 1122 Olim
3033 1067 3268 1124 Elaaussa
3321 1077 3513 1124 contra
3555 1071 3829 1143 Corycum

2227 1147 2498 1204 ininsula
2553 1166 2652 1206 nec
2710 1152 2868 1222 longe
2925 1165 2952 1202 a
3007 1149 3201 1216 Tarso,
3257 1153 3618 1219 quamobrem
3662 1171 3828 1210 conc.

2226 1229 2572 1287 Charcedon.
2607 1249 2660 1303 p.
2705 1233 2831 1288 126.
2879 1233 3125 1304 Σεϐάστη
3177 1236 3210 1304 ἡ
3262 1233 3502 1304 Τάρσου.
3547 1236 3640 1290 Est
3671 1239 3834 1292 'inter

2224 1314 2387 1369 Gazae
2412 1314 2701 1372 Wildiame
2725 1333 2998 1384 nummos,
3029 1319 3122 1388 qui
3154 1318 3333 1373 antica
3371 1330 3527 1388 parte
3567 1309 3832 1376 CABINA

2225 1398 2622 1456 ΤΡΛΝΚΥΛΛ.
2650 1442 2666 1456 .
2691 1441 2707 1456 .
2733 1441 2748 1456 .
2774 1443 2788 1456 .
2844 1410 2898 1456 et
2923 1405 3128 1472 postica
3150 1401 3491 1456 CEBACTH.
3528 1403 3660 1458 IEP.
3709 1407 3826 1462 AC.

2224 1483 2387 1538 ΑΥΤ.
2422 1485 2800 1542 ΝΑΥΑΡΧΙΟ.
2846 1487 3211 1540 ΕΛΕΥΘΕΡΑ
3235 1501 3356 1541 cum
3387 1488 3586 1541 turrito
3617 1491 3832 1543 velato-

2226 1581 2331 1634 que
2358 1569 2539 1638 capite
2568 1569 2806 1639 praefert,
2853 1579 3114 1639 certoque
3155 1570 3310 1625 nobis
3337 1580 3422 1625 est
3479 1582 3825 1641 argumento,

2223 1649 2485 1706 Gordiani
2530 1662 2687 1709 adate
2728 1654 2922 1709 urbem
2955 1655 3090 1709 satis
3124 1653 3394 1708 illustrem
3439 1653 3611 1709 fuisse
3652 1664 3709 1710 et
3765 1671 3830 1709 re

2225 1736 2442 1789 nautica
2498 1738 2763 1792 valuisse.
2814 1736 2967 1792 Adde
3019 1736 3086 1791 II.
3129 1735 3403 1792 Norisium
3456 1737 3726 1792 diesert.9.
3758 1742 3829 1796 de

2225 1815 2455 1886 Epocltis
2488 1817 2872 1890 Syro-Maced.
2907 1835 2960 1889 p.
3001 1819 3124 1874 156.

2297 1902 2430 1958 Ibid.
2473 1906 2766 1973 Κόρυκος.
2819 1903 3120 1976 Κώρυκος,
3157 1914 3216 1960 ιιι
3256 1904 3506 1974 Lugdun.
3542 1905 3825 1975 Oppianus

2221 1984 2458 2042 IIalieut.
2496 2004 2578 2051 IlI,
2616 1989 2722 2044 208
2753 2009 2768 2047 :
2813 1989 3006 2043 Ὅσσοι
3039 1989 3086 2043 θ’
3121 1990 3387 2061 Ἑρμείαο
3413 1990 3594 2055 πόλιν,
3632 1993 3826 2044 vatici-

2223 2069 2418 2124 κλυτόν
2451 2070 2588 2125 ἄστυ
2636 2071 2928 2145 Κωρύκιον
2974 2072 3222 2126 ναίουσι·
3277 2074 3380 2140 Qui
3420 2089 3609 2128 versus
3657 2072 3827 2127 Vale-

2227 2155 2363 2208 riani
2401 2171 2710 2224 nummum,
2746 2157 3218 2210 ΚΩΡΥΚΙΩΤΩΝ.
3267 2157 3427 2211 ACT.
3462 2155 3824 2212 NAYAPXIC

2225 2237 2553 2307 insculptum
2587 2241 2888 2310 explicant.
2923 2240 3163 2296 Joannes
3209 2241 3419 2306 πόλεως
3468 2243 3824 2312 Κουρουκου-

2223 2321 2323 2392 τῆς
2359 2323 2466 2375 τῶν
2498 2323 2741 2378 Κιλίκων
2766 2315 3040 2396 ἐπαρχίας
3073 2325 3365 2380 subscribit
3395 2324 3821 2395 (IonstantinOp.

2229 2407 2407 2460 tertiae
2433 2409 2642 2478 synodo
2673 2425 2724 2479 p.
2755 2409 2882 2475 670,
2923 2427 3020 2481 pro
3052 2409 3324 2481 Κωρύκου
3355 2410 3453 2478 τῆς
3476 2410 3742 2466 Κιλίκων.

2299 2487 2429 2543 Ibid.
2503 2489 2754 2546 'A6ara.
2819 2491 2875 2546 In
2934 2494 3079 2548 Actis
3127 2493 3440 2562 TbeOphili,
3500 2493 3564 2546 de
3619 2493 3824 2562 quibus

2225 2570 2550 2630 Lambecius
2602 2577 2725 2630 Bib.
2776 2575 2998 2630 Vindob.
3049 2592 3179 2641 vnt,
3217 2593 3272 2647 p.
3323 2576 3426 2642 75,
3463 2577 3665 2631 Ἀδανα
3714 2578 3823 2645 τῆς

2223 2657 2333 2709 τῶν
2363 2657 2605 2713 Κιλίκων
2651 2659 2910 2732 δευτέρας
2933 2661 3245 2733 ιέπαρχίας,
3274 2671 3327 2715 et
3357 2663 3498 2730 apud
3523 2662 3821 2732 Eutycbia-

2226 2755 2353 2792 num
2401 2741 2453 2794 in
2513 2743 2759 2813 ejusdem
2803 2743 2926 2798 Vita
2972 2759 3022 2798 c.
3058 2745 3084 2799 1
3117 2744 3206 2799 die
3236 2742 3300 2797 IV
3342 2743 3504 2800 Febr.
3537 2745 3697 2813 Oper.
3733 2741 3820 2810 S.,

2225 2823 2318 2876 sed
2376 2839 2660 2894 perperam
2706 2844 2720 2881 :
2765 2827 2956 2894 primm
2995 2827 3138 2882 enim
3191 2826 3393 2882 Cilicia:
3444 2827 3498 2882 in
3553 2825 3819 2882 Chalced.

2224 2906 2420 2962 coneil.
2455 2923 2506 2975 p.
2544 2909 2650 2964 660
2674 2918 2837 2979 atque
2866 2911 2989 2982 aliis
3024 2919 3358 2968 accensctur.

2298 2987 2430 3044 Ibid.
2469 2991 2775 3062 Ἀγουσία.
2806 2993 3132 3062 Λύγούστα,
3163 3003 3220 3048 ιη
3256 2996 3394 3049 bene
3422 2994 3524 3050 Cb.
3554 2993 3821 3054 Cellarius

2225 3069 2290 3126 G.
2320 3074 2384 3127 A.
2419 3089 2501 3139 ιιι,
2543 3075 2598 3140 6,
2640 3091 2693 3145 p.
2727 3075 2825 3130 211
2863 3077 3137 3143 correxit;
3190 3093 3352 3147 quam
3390 3077 3575 3132 urbem
3619 3076 3820 3131 Latino

2226 3156 2443 3212 nomine
2473 3158 2783 3214 decoratam
2814 3161 3073 3216 credibile
3115 3169 3214 3222 est,
3251 3171 3362 3215 uta
3398 3161 3620 3216 Sebaste
3655 3161 3820 3229 hujus

2223 3241 2514 3308 provincia:
2535 3243 2772 3298 discerni
2795 3253 2997 3314 posset.
3019 3242 3340 3300 Theodorus
3368 3244 3573 3306 πόλεως
3605 3243 3822 3311 Αὐγού-

2226 3340 2359 3393 στης
2399 3335 2482 3379 est
2511 3326 2564 3380 in
2591 3325 2921 3383 Chalcedon.
2949 3343 3000 3397 p.
3039 3326 3163 3394 660,
3194 3335 3248 3382 et
3280 3329 3484 3384 ntunmi
3514 3327 3819 3381 ATI‘OTC-

2224 3407 2458 3461 ΤΛΝΩΝ
2497 3409 2548 3462 in
2584 3408 2852 3464 Thesauro
2881 3410 3094 3465 Britan.
3130 3418 3262 3465 tom.
3300 3409 3363 3476 Il,
3396 3428 3448 3481 p.
3483 3411 3610 3466 252.

2295 3490 2429 3546 Ibid.
2471 3491 2742 3560 Μάλχος.
2802 3493 2997 3548 Verum
3043 3493 3260 3558 Μάλλος
3311 3497 3435 3556 erit=
3479 3496 3619 3563 quod
3663 3498 3820 3563 oppi-

2225 3573 2355 3629 dum
2388 3575 2508 3630 loco
2552 3577 2702 3632 edito
2746 3592 2854 3632 non
2885 3579 3042 3649 longe
3076 3594 3106 3632 a
3141 3577 3377 3649 Pyramo
3405 3580 3635 3650 positum
3669 3590 3813 3641 erat,

2224 3674 2399 3728 neque
2423 3661 2650 3716 multum
2687 3660 2945 3730 a-Tarso,
2977 3677 3100 3716 cum
3137 3662 3291 3731 cujus
3315 3665 3478 3718 etiam
3513 3665 3725 3717 civibus
3747 3665 3815 3717 de

2223 3743 2602 3800 vicinolittore
2632 3755 2685 3800 et
2715 3747 2860 3815 agris
2892 3748 3035 3800 circa
3066 3746 3238 3801 lacum
3269 3748 3642 3816 disceptabant
3671 3748 3816 3816 apud

2225 3825 2449 3882 Dionem
2487 3829 2938 3900 Cbrysostomum
2979 3828 3207 3884 Tarsica
3234 3831 3290 3895 2,
3325 3847 3379 3900 p.
3412 3830 3538 3884 426.
3569 3831 3816 3885 Reddere

2223 3915 2412 3967 urbem
2439 3911 2507 3968 Is.
2541 3911 2894 3968 Casaubonns
2925 3915 3100 3968 eidem
3125 3913 3516 3985 Chrysostomo
3545 3928 3686 3970 orat.
3720 3916 3813 3978 «15,

2222 4013 2276 4067 p.
2311 3999 2416 4052 516
2449 3999 2636 4054 voluit.
2673 3998 2738 4052 Τί
2768 3997 2861 4052 οὖν
2888 3998 2980 4052 ἐπὶ
3008 3999 3101 4051 δύο
3126 4001 3342 4070 ἡμέρας
3373 4001 3405 4072 ἢ
3431 4004 3608 4072 τρεῖς,
3642 4002 3818 4070 inquit

2220 4093 2428 4149 orator,
2455 4082 2756 4154 γενομένης
2795 4083 3182 4154 χειροπονίας;
3219 4083 3478 4154 ἐξῆλθον,
3517 4085 3638 4138 οῦδὲ
3675 4088 3816 4156 μᾶλ-

2219 4169 2311 4221 λον
2349 4167 2681 4238 παρατυχὼν
2710 4170 2824 4231 τοῖς
2850 4167 3152 4237 γεγονόσιν.
3183 4169 3316 4223 Cum
3345 4169 3490 4224 enim
3524 4170 3584 4223 τὸ
3611 4171 3817 4239 μᾶλλον

2221 4249 2349 4320 quid
2382 4249 2436 4305 in
2467 4249 2679 4319 vulgata
2708 4250 3148 4321 veltetglectione,
3182 4267 3290 4306 non
3321 4262 3627 4322 appareret,
3653 4253 3816 4321 ἐξῆλ-

2221 4333 2312 4386 θον
2365 4335 2446 4396 είς
2493 4333 2732 4398 Μᾶλλον,
2796 4335 2856 4385 ού
2912 4333 3246 4404 παρατυχὼν
3293 4337 3405 4398 τοῖς
3447 4352 3504 4404 γ.
3575 4337 3813 4400 reﬁnxit,

2223 4415 2515 4484 plausibili,
2546 4417 2652 4471 nisi
2705 4415 2896 4470 Mallos
2932 4418 3221 4486 plurimum
3273 4432 3302 4470 a
3346 4417 3513 4472 Prusa
3563 4420 3812 4483 distaret,

2221 4492 2578 4566 conjecturaa
2612 4498 2787 4554 Aliter
2845 4499 3113 4555 Seldenus
3171 4501 3224 4555 in
3286 4501 3542 4555 Anecdot.
3604 4501 3812 4568 Woliii,

2223 4597 2355 4638 tom.
2389 4582 2432 4647 I,
2471 4599 2525 4654 p.
2551 4583 2658 4638 275
2690 4585 2945 4640 instituit.
2979 4585 3108 4640 Mihi
3160 4601 3329 4655 parvo
3361 4587 3658 4649 molimine,
3684 4588 3814 4640 οὐδὲ

2224 4667 2439 4737 μέλλων
2475 4670 2818 4738 παρατυχεῖν
2848 4670 2961 4732 τοῖς
3011 4684 3066 4737 γ.
3109 4667 3243 4722 Cum
3275 4669 3616 4724 decrevissent
3649 4669 3812 4740 factis

2219 4769 2321 4808 non
2354 4751 2555 4816 adesse,
2586 4753 2832 4807 succurri
2867 4767 3024 4822 posse
3056 4751 3211 4807 Dioni
3245 4755 3480 4810 videtur.

2289 4834 2428 4889 Ibid.
2484 4835 2802 4903 Ζεφύριον.
2855 4834 2909 4888 In
2970 4835 3189 4891 Menaeis
3228 4834 3293 4890 νι
3340 4837 3466 4891 Jun.
3509 4839 3574 4891 de
3628 4836 3808 4892 Dula:

2217 4914 2385 4983 Οὗτος
2417 4915 2485 4990 ἦν
2513 4921 2584 4998 ὲκ·
2609 4921 2879 4991 Ζεφυρίου
2917 4920 3351 4990 ιῐραιτωριάδος,
3398 4921 3671 4992 ἐπαρχίας
3705 4921 3811 4989 τῆς

2217 5003 2496 5067 Κιλικίας.
2521 5001 2678 5058 Unde
2705 5001 3097 5058 Prmtoriadetn
3129 5003 3333 5059 diCtatu
3369 5004 3534 5059 fuisse
3560 5016 3683 5073 puta
3696 5021 3807 5058 re-.

2216 5092 2287 5143 At
2333 5104 2438 5144 non
2468 5087 2582 5157 ipsa
2615 5087 2770 5154 urbs,
2821 5086 2914 5142 sed
2965 5088 3116 5142 vicus
3164 5088 3235 5141 illi
3272 5089 3482 5142 vicinus
3507 5103 3572 5142 eo
3603 5103 3810 5158 cogno-

2220 5173 2363 5227 mine
2392 5170 2493 5226 I'uit
2520 5188 2550 5236 ,ι
2597 5186 2722 5225 nam
2760 5169 2922 5225 Dulas
2959 5171 3072 5239 ipse
3108 5161 3178 5224 in'
3217 5172 3398 5234 Actis,
3438 5182 3568 5224 tom.
3604 5169 3648 5224 II
3675 5169 3806 5224 Jun.

2215 5273 2269 5326 p.
2302 5256 2462 5322 1004,
2500 5255 2684 5318 ἔθνους
2738 5255 2839 5326 μὲν
2883 5256 3020 5326 εἰμί,
3066 5256 3262 5324 inquit,
3298 5257 3560 5320 Κιλίκων,
3606 5255 3810 5328 κώμης

2211 5342 2270 5396 δὲ
2299 5340 2729 5411 Πραιτωριάδος.
2757 5339 2960 5394 Aberat
2984 5337 3315 5409 Zephyrium
3341 5339 3411 5394 M.
3434 5340 3492 5394 P.
3511 5339 3581 5394 54
3604 5339 3806 5403 Tarso.

2213 5426 2257 5480 si
2289 5424 2477 5478 iisdem
2506 5423 2648 5475 Actis
2683 5421 2850 5476 ﬁdere
2875 5422 2955 5477 fas
2981 5433 3084 5478 est.
3113 5422 3244 5492 Ejus
3278 5425 3566 5494 θρίω-θυαε
3609 5422 3809 5479 Petrus

2213 5506 2424 5569 πόλεως
2452 5503 2547 5558 τοῦ
2575 5505 2840 5576 Ζεφυρίου
2866 5505 2962 5575 τῆς
2994 5506 3219 5577 πρώτης
3239 5508 3347 5560 τῶν
3373 5507 3613 5560 Κιλίκων
3629 5509 3813 5579 ἐπαρ-

2215 5593 2338 5663 χίας
2369 5591 2421 5646 in
2449 5590 2866 5660 Conslanlinop.
2905 5592 3087 5664 tertio,
3112 5607 3166 5660 p.
3193 5591 3299 5646 670
3329 5594 3547 5647 dicitur.

2285 5675 2422 5730 Ibid.
2474 5673 2746 5740 Κιλικίας
2769 5671 2852 5738 β’.
2900 5671 3060 5728 Ilanc
3093 5677 3452 5744 provinciam,
3485 5675 3653 5745 priori
3703 5676 3803 5730 ab-

2213 5763 2515 5830 stractam,
2568 5767 2624 5820 et
2659 5759 3029 5823 EAnazarbum
3079 5761 3406 5834 metmpolin
3462 5759 3808 5819 Theodosius
