4170 6424
426 311 559 380 1161

422 424 697 483 secundus
751 423 900 491 fecit,
957 424 1171 489 Malala,
1226 435 1360 481 tom.
1407 424 1474 491 II,
1508 440 1562 494 p.
1617 424 1686 481 69
1726 430 2000 479 auctore:

423 509 536 565 Καὶ
561 507 816 562 Κιλικίαν
844 508 1105 579 δευτέραν
1134 509 1476 579 ἀπομερίσας
1506 509 1615 562 ἀπὸ
1644 509 1744 579 τῆς
1772 506 2001 578 πρώτης

421 591 682 663 ἐποίησεν
704 592 992 662 ἐπαρχίαν,
1025 592 1149 655 δοὺς
1178 593 1387 646 δίκαιον
1429 591 1817 664 μητροπόλεως
1846 591 2004 644 Ἀνα-

430 674 621 747 ζάρόῳ
648 677 716 746 τῇ
746 676 920 729 πόλει.
951 676 1048 730 Cui
1082 688 1260 731 tamen
1301 685 1483 731 utrum
1527 686 1642 731 tuto
1683 674 2005 731 assentiaris

418 759 637 815 dubites
673 777 687 813 :
722 775 844 815 nam
872 759 928 815 in
967 759 1175 815 Notitia
1204 760 1335 829 imp.
1366 760 1570 816 Orient.
1603 768 1833 829 utraque
1870 757 2004 813 Cili—

421 843 507 899 cia
543 851 919 910 memoratur;
949 852 1006 900 ct
1052 857 1254 913 praeses
1292 843 1523 908 Ciliciae,
1556 842 1858 913 cuiusmodi
1892 856 2007 895 ma-

419 926 681 998 gistratus
722 926 848 981 huic
899 926 1002 981 luit
1048 926 1360 996 impositus,
1394 936 1477 981 est
1523 926 1577 980 in
1612 926 1757 980 Actis
1789 924 2003 981 Claudii

419 1008 521 1064 sub
552 1008 888 1064 Diocletiano
916 1009 1059 1078 apud
1097 1009 1354 1063 Ruinart.
1391 1024 1445 1079 p.
1476 1008 1610 1069 266.
1640 1017 1695 1063 et
1730 1007 1832 1063 sub
1861 1006 2007 1064 Con-

418 1090 623 1146 stantio
658 1092 711 1145 in
745 1090 781 1145 I.
826 1107 977 1158 xxiv,
1018 1107 1069 1147 c.
1112 1090 1321 1149 Theod.
1351 1091 1418 1147 de
1446 1091 1708 1160 Appellat.
1750 1089 1997 1160 atquein

417 1174 694 1231 Ammian.
731 1190 887 1240 χχιιι,
921 1191 973 1231 c.
996 1175 1055 1229 2.

491 1258 608 1313 Col.
634 1257 753 1312 159.
778 1257 1140 1327 Ἀνάζαρόος.
1168 1256 1319 1312 Hanc
1338 1256 1659 1327 metropolin
1680 1262 1876 1326 praeter
1894 1255 2006 1311 Ma-

420 1341 581 1398 Ialam
640 1344 879 1414 synodus
936 1341 1312 1411 Mopsuesteua
1348 1340 1667 1410 frequenter
1714 1350 2001 1398 memorat.

426 1424 558 1481 Vide
585 1426 785 1487 concil.
805 1425 1218 1495 Constantinop.
1250 1426 1547 1481 secundum
1574 1439 1629 1496 p.
1664 1424 1767 1482 II9
1791 1433 1846 1482 et
1877 1425 2005 1480 Ant.

421 1507 559 1562 Itin.
588 1523 643 1579 p.
673 1508 799 1563 215.

494 1591 630 1647 Ibid.
671 1592 1082 1659 Μοψουεστια.
1120 1592 1453 1662 Mopsuestia
1489 1592 1703 1650 colonia
1739 1591 2007 1649 Christia-

421 1675 647 1731 nissima
677 1676 728 1730 in
757 1676 902 1730 Actis
930 1674 1337 1745 Constantinop.
1379 1676 1603 1733 secumli
1643 1691 1698 1747 p.
1731 1675 1857 1739 II8,
1899 1690 2008 1745 quo

422 1759 579 1813 tittth
618 1759 836 1828 quando
866 1760 1051 1814 ornari
1085 1759 1253 1813 fuerit
1295 1768 1471 1830 empta
1508 1759 1756 1830 equidem
1788 1758 2004 1829 ignoro.

435 1841 580 1913 Ἰιρέι
606 1840 703 1895 καὶ
724 1841 988 1911 ἐλευθέρα
1018 1842 1110 1895 καὶ
1138 1841 1337 1906 ἄσυλος
1361 1842 1414 1896 in
1452 1839 1608 1897 Tim.
1638 1857 1693 1912 p.
1714 1840 1869 1909 CLV,
1896 1842 1929 1896 ι
1952 1850 2010 1897 et

421 1924 653 1980 liberum
684 1925 939 1994 oppidum
970 1923 1167 1979 Plinio.
1206 1922 1341 1980 Vide
1369 1923 1503 1978 Itin.
1530 1928 1603 1980 Il.
1634 1941 1687 1996 p.
1715 1924 1841 1981 580.

491 2005 629 2063 Ibid.
677 2008 901 2076 Αιτεαι.
945 2007 1148 2062 Civitas
1181 2005 1352 2077 Egea
1396 2008 1448 2061 in
1491 2008 1635 2063 Actis
1673 2006 1734 2063 S.
1765 2007 2005 2075 Claudii,

420 2105 469 2146 c.
505 2091 558 2153 1,
592 2099 647 2145 et
686 2089 873 2161 Algaea
902 2090 956 2144 in
1004 2088 1222 2161 Synodu
1252 2090 1635 2158 Mopsuestana
1684 2091 1829 2147 inter
1870 2105 2004 2147 con-

420 2174 510 2230 ciI.
547 2173 970 2244 Constantinop.
1030 2187 1141 2228 sec.
1196 2171 1437 2236 decreta,
1502 2188 1555 2241 p.
1604 2172 1730 2227 II8.
1780 2174 2003 2241 Δίγαία.

419 2256 781 2313 Constantino
823 2256 1161 2325 imperaturi,
1196 2255 1233 2316 Ι,
1277 2271 1316 2319 ι,
1364 2257 1531 2311 them.
1571 2255 1659 2320 13,
1698 2254 1901 2311 Basilio
1930 2255 2004 2309 Μ.

418 2341 586 2410 epist.
642 2339 751 2395 2H
805 2338 1150 2410 PatrOphilus
1193 2339 1481 2411 episcopus
1526 2339 1627 2409 τῆς
1674 2340 1732 2391 ὲν
1778 2339 2006 2408 Λίγέαις

419 2423 759 2496 ἐκκλησίας,
809 2439 1034 2495 prorsus
1101 2423 1164 2476 ad
1228 2421 1497 2479 IIieroclis
1549 2432 1808 2477 mentem.
1871 2422 2007 2479 Vide

423 2509 624 2566 Anton.
655 2510 780 2565 Itin.
826 2525 881 2579 p.
918 2508 1040 2563 M6.
1094 2507 1269 2563 Situm
1290 2508 1469 2579 oppidi
1518 2508 1650 2561 Acta
1678 2506 1736 2561 S.
1779 2507 2006 2563 Zeuobii

421 2596 474 2650 in
505 2593 781 2651 Lambecii
821 2594 956 2649 Bibl.
1007 2592 1212 2649 Cwsar.
1244 2608 1366 2657 vm,
1402 2609 1454 2663 p.
1486 2592 1593 2648 256
1628 2602 1885 2649 accurate
1932 2595 2005 2650 ita

418 2677 734 2733 deam-ibunt
765 2694 780 2732 :
823 2679 986 2745 Αἰγαὶ
1008 2677 1164 2741 πόλις
1188 2676 1337 2730 ἐστὶν
1362 2676 1457 2730 ἐπὶ
1484 2676 1668 2744 κόλπῳ
1708 2680 1806 2747 μὲν
1832 2676 2006 2749 Ἰονίῳ

419 2762 649 2835 κειμένη
674 2802 690 2827 ,
741 2761 846 2816 ὑπὸ
878 2761 1117 2816 Κιλίκων
1152 2762 1210 2814 δὲ
1269 2762 1590 2833 οἰκουμένη.
1645 2757 1756 2825 Ἧς
1800 2762 1862 2815 τὸ
1904 2762 2006 2832 μὲν

420 2846 557 2919 πρὸς
615 2847 846 2917 ἤπειρον
902 2845 964 2899 οὗ
1008 2843 1165 2899 πολύ.
1217 2844 1488 2912 Πλατεῖαν
1533 2845 1628 2898 καὶ
1688 2844 1893 2908 ἱκανῶς
1926 2846 2006 2909 είς

422 2931 597 3001 μῆκος
629 2930 926 3000 διήκουσαν
968 2929 997 2982 ὁ
1037 2929 1138 2999 τῆς
1193 2930 1437 2996 γείτονος
1506 2928 1786 2998 θαλάσσης
1835 2929 2006 3000 ὅρμος

419 3014 718 3087 ὶκδὲχεται.
748 3013 886 3069 Male
912 3022 1089 3068 tamen
1120 3012 1309 3084 κόλπῳ
1353 3014 1525 3084 Ἰονίῳ
1561 3012 1848 3081 astruitur,
1880 3026 2004 3083 quzc

418 3097 638 3170 Ἰσσικῷ
672 3098 850 3153 vit-ina
878 3097 1001 3151 fuit.

490 3182 624 3238 Ibid.
693 3181 1034 3251 ’Emsaarla.
1087 3178 1445 3251 Epiphaniam
1491 3179 2001 3253 Ciliciaa'oppidum

419 3266 739 3321 Ammianus
772 3281 910 3330 χιιι,
942 3264 1306 3335 Il,appellat.
1334 3264 1571 3320 Basilius
1609 3264 1821 3331 πόλεως
1855 3264 2005 3319 Ἐπι-

420 3349 647 3419 φάνειας
674 3349 772 3419 τῆς
802 3347 1064 3418 δευτέρας
1105 3347 1216 3401 τῶν
1254 3346 1498 3401 Κιλίκων
1528 3348 1818 3420 ἐπαρχίας.
1862 3347 2006 3404 Cou-

421 3435 716 3501 stantinop.
752 3433 913 3488 tertio
954 3447 1007 3501 p.
1043 3431 1149 3486 670
1192 3440 1247 3485 et
1293 3429 1515 3485 Nicetas
1566 3431 2001 3501 Epiphaneorum

420 3519 660 3574 civitatis
706 3516 1127 3586 Constantinop.
1162 3515 1404 3571 secundo
1434 3528 1489 3583 p.
1521 3514 1625 3569 152
1654 3514 2000 3585 subscripsit.

427 3599 503 3655 De
529 3600 857 3657 Alexandria
890 3599 1077 3655 Itiner.
1107 3596 1179 3655 Η.
1219 3612 1275 3668 p.
1305 3595 1432 3651 580.

494 3682 631 3739 Ibid.
680 3680 926 3749 Ῥῶσος.
983 3680 1278 3736 Assidebat
1328 3678 1496 3734 Issico
1522 3679 1638 3734 sive
1676 3677 1901 3744 Rhosio,
1942 3688 2005 3735 ut

420 3768 674 3841 Polyaeno
703 3766 927 3831 dicitur,
958 3765 1128 3821 sinui.
1166 3763 1540 3819 'I'heodoretus
1570 3760 1807 3818 Philoth.
1837 3779 1887 3819 c.
1927 3780 1958 3818 x
1986 3779 2001 3817 :

432 3852 637 3916 Ῥῶσος
662 3851 780 3905 ἐστὶ
820 3850 1056 3904 Κίλισσα
1097 3849 1277 3913 πόλις,
1312 3850 1371 3902 ιν
1399 3846 1557 3920 δεξιᾷ
1578 3846 1885 3903 εἰσπλέοντι
1912 3848 2006 3903 τὸν

420 3936 670 3990 Κιλίκιον
698 3933 919 3989 κόλπον.
961 3932 1212 3988 Proxime
1236 3930 1426 3987 urbem
1458 3945 1650 3987 saxum
1675 3938 1795 3987 erat
1820 3931 2006 3986 excel-

422 4035 566 4087 sum,
596 4018 740 4090 quod
771 4015 1102 4073 Ptolemaeus
1142 4025 1198 4071 et
1231 4014 1542 4085 Stephanus
1580 4013 1845 4068 Ῥωσικὸν
1876 4014 2005 4068 σκό-

422 4104 587 4158 πελον
615 4111 831 4159 vocant.
866 4101 1126 4172 Ejusdem
1174 4099 1426 4156 meminit
1450 4098 1738 4171 Polyaenus
1780 4100 1835 4165 1,
1866 4100 1921 4165 6,
1949 4099 2005 4166 9,

421 4189 524 4245 etsi
559 4201 702 4242 nunc
732 4186 863 4240 vitio
888 4184 1200 4242 deformati.
1233 4182 1291 4237 Ὀ
1319 4182 1418 4254 μὲν
1448 4183 1781 4253 Σωσιγένης,
1806 4183 2007 4255 inquit,

423 4273 519 4326 ἐπὶ
550 4268 951 4342 Ὀρθιουμάγου
979 4267 1271 4339 διέτριϐεν,
1295 4264 1626 4321 ἀποσκοπῶν
1652 4267 1754 4337 τὴν
1776 4265 1873 4322 τοῦ
1905 4284 2008 4320 πε.

421 4356 624 4425 λάγους
676 4356 916 4424 κίνησιν.
964 4350 1107 4406 Nihil
1129 4351 1272 4406 enim
1319 4350 1408 4404 hic
1448 4360 1534 4405 est
1580 4347 2006 4421 Ὀρθιουμάγου,

420 4439 684 4495 Celticum
716 4438 843 4507 quid
876 4434 1110 4503 spirans,
1141 4432 1485 4489 vocabulum.
1517 4432 1646 4490 Abr.
1680 4432 1922 4488 Ortelius
1942 4434 2009 4489 de

422 4522 771 4584 Orthosiade,
807 4518 1096 4575 Phteniees
1126 4518 1345 4587 Oppido,
1375 4516 1662 4587 cogitavit;
1702 4519 1848 4589 quod
1882 4531 2006 4573 cum

425 4605 638 4677 longius
667 4619 697 4659 a
731 4604 920 4660 Rhoso
944 4611 1000 4658 et
1029 4599 1281 4655 vocabuli
1314 4600 1568 4655 ductibus
1600 4601 1785 4665 distet,
1821 4598 2007 4672 ὀρθίου

424 4691 604 4759 πάγου
633 4687 839 4751 malim,
885 4699 995 4756 quo
1044 4683 1204 4738 modo
1263 4681 1483 4753 ὀρθίους
1510 4683 1718 4754 πέτρας
1756 4684 1813 4749 4,
1852 4686 1907 4750 5,
1938 4683 2010 4741 23

424 4775 586 4829 dixit.
632 4772 831 4828 Posses
861 4771 1028 4825 etiam
1062 4765 1373 4838 δρθοπάγου
1414 4765 1593 4835 legere
1623 4767 1695 4821 ob
1724 4767 1839 4822 haec
1883 4767 2011 4823 Plu-

428 4857 599 4913 tarchi
653 4857 704 4910 in
756 4854 900 4926 Sylla
959 4868 1015 4920 p.
1060 4850 1166 4904 465
1201 4867 1216 4905 :
1259 4849 1416 4901 Ἐστι
1447 4848 1502 4901 δὲ
1543 4849 1757 4921 κορυφὴ
1782 4854 2011 4923 τραχεῖα

424 4941 519 4994 καὶ
548 4938 903 5010 στροϐιλῶδες
930 4936 1077 5005 ὅρος,
1109 4934 1138 4987 δ
1158 4930 1432 4998 καλοῦμεν
1460 4930 1791 5002 ὀρθόπαγον.

497 5024 634 5079 Ibid.
670 5021 1127 5090 Είρηνούπολις.
1188 5018 1387 5075 Paulus
1422 5016 1875 5087 Εἰρηνουπόλεως
1907 5019 2013 5090 τῆς

424 5108 690 5179 δευτέρας
736 5106 846 5160 τῶν
884 5103 1126 5159 Κιλίκων
1167 5098 1442 5170 ἐπαρχίας
1476 5109 1563 5153 est
1611 5100 1664 5154 in
1695 5099 2011 5159 Constanti-

424 5206 557 5261 uop.
591 5193 754 5246 tertio
797 5207 851 5259 p.
896 5189 1023 5254 670,
1059 5196 1115 5242 et
1145 5186 1197 5240 in
1235 5184 1426 5238 Ililarii
1454 5181 1672 5253 Fragm.
1702 5182 1898 5255 Operis
1932 5187 2016 5241 hi-

427 5286 562 5331 stor.
596 5274 881 5329 Narcissus
930 5269 1252 5341 Irenopolis.
1279 5269 1372 5337 qui
1408 5282 1528 5321 cum
1557 5267 1870 5338 Νάρκισσος
1903 5272 2015 5325 ἀπὸ

426 5357 774 5429 Νερωνιάδος
820 5356 1119 5411 Athanasio
1163 5350 1392 5422 Apolog.
1441 5350 1631 5407 Ariau.
1678 5366 1732 5419 p.
1764 5351 1871 5407 I55
1921 5355 2013 5420 sit,

430 5452 760 5497 monuerunt
807 5440 1139 5495 Beuedictini
1191 5434 1476 5505 Neronulis
1526 5436 1578 5489 in
1636 5434 1844 5491 IIilario
1881 5438 2009 5493 olim

433 5524 620 5589 fuisse,
654 5539 842 5595 parum
875 5537 1005 5578 sane
1037 5521 1399 5585 considerate,
1438 5517 1705 5587 siquidem
1750 5518 2016 5576 Neronias

429 5619 484 5661 et
524 5606 815 5676 lrenopolis
848 5607 1042 5660 eadem
1098 5604 1226 5658 urbs
1267 5612 1371 5663 est.
1406 5609 1463 5655 et
1510 5598 1798 5655 Narcissus
1845 5602 2015 5659 Sozo-

432 5705 593 5745 meno
637 5688 708 5743 H.
740 5691 807 5742 Ε.
850 5703 933 5749 ιιι,
962 5687 1027 5742 10
1061 5686 1256 5757 praesul
1290 5682 1704 5755 Είρηνοπόλεως
1732 5685 1831 5755 τῆς
1858 5687 2015 5740 Κιλι-

435 5777 559 5838 κίας
582 5776 795 5831 dicitur.
850 5772 1079 5828 Videtur
1127 5770 1450 5825 Neroniadis
1487 5771 1709 5823 nomine
1756 5772 1951 5825 donata
1983 5788 2011 5827 a

762 5874 1033 5933 Parum.
1073 5870 1191 5929 Gtt.
1242 5867 1465 5929 CXIII.

1243 311 1630 376 COMMENT.
1678 310 1757 371 IN
1802 305 2221 371 menaeus
2258 284 2814 373 SYNECDEMUM.‘

3561 313 3697 381 1162

2110 420 2361 490 Claudio,
2391 424 2536 494 quod
2562 423 2667 480 sub
2698 421 3005 479 Domitiano
3035 422 3365 495 imperatore
3383 425 3496 497 jam
3528 428 3697 499 depo-

2110 516 2296 563 suerat
2333 524 2347 560 :
2401 509 2662 565 discimus
2702 508 2807 564 hoc
2856 522 2922 563 ex
2966 509 3184 579 egregio
3215 509 3375 566 Gazae
3408 510 3696 571 Wildiante

2107 604 2353 655 nummo,
2373 591 2466 661 qui
2492 607 2594 646 una
2613 601 2765 662 parte
2785 592 3042 662 AYIOK.
3063 593 3338 647 ΚΛΙΣΑΡ.
3364 597 3692 653 ΔΟΜΙΤΙΔ..

2109 680 2164 727 οι
2200 648 2373 729 altera
2389 648 3022 730 ἰιιΡιιικὶοιιοΛειῖὀΝ
3068 675 3179 730 ET.
3219 677 3337 731 BM.
3371 648 3491 734 cum
3523 648 3691 750 ita};

2112 757 2353 813 turribus
2375 766 2583 814 ornata:
2616 758 2877 823 mulieris,
2909 759 3138 829 rupibus
3169 759 3480 829 insidentis,
3507 777 3540 819 e
3561 780 3699 836 quo-

2110 854 2229 895 rum
2266 840 2403 912 pede
2431 840 2610 897 amnis
2636 841 2889 913 emergit.
2919 840 3050 897 Era
3083 838 3155 897 in'
3181 843 3394 899 Claudii
3423 846 3699 917 principao

2111 930 2251 989 tum,
2284 923 2331 981 si
2362 923 2715 980 conterantur
2736 924 2946 981 nummi
2977 939 3116 996 quos
3152 923 3468 986 Vaillautius
3508 931 3697 1001 habet,

2114 1006 2343 1064 incidet.

2184 1090 2320 1146 Ibid.
2362 1091 2647 1160 Φλαϐιάς.
2675 1092 3032 1158 Φλαυῖόπολις
3057 1091 3350 1151 ΡιοΙεηιιιιο
3377 1103 3434 1151 et
3458 1098 3697 1155 nummis

2111 1171 2614 1228 Φλαουιοπολειτῶν
2652 1175 2706 1232 ἰιι
2740 1176 2892 1232 Thes.
2919 1172 3127 1232 Britan.
3157 1187 3290 1234 tom.
3318 1177 3386 1247 II,
3418 1194 3473 1250 p.
3498 1179 3608 1235 250
3640 1189 3697 1237 et

2115 1253 2427 1322 Vaillantio,
2454 1273 2510 1328 p.
2540 1257 2667 1325 378,
2706 1274 2738 1314 e
2766 1274 2994 1329 quorum
3018 1259 3227 1331 signata
3255 1262 3460 1333 epocba
3493 1279 3523 1318 a
3556 1262 3694 1319 Ves-

2110 1341 2335 1411 pasiano
2402 1342 2733 1412 imperatore
2800 1344 3160 1402 instauratam
3219 1348 3402 1404 dicere
3456 1358 3691 1419 oportet.

2110 1422 2293 1479 Flavia
2354 1424 2485 1480 Itin.
2533 1428 2731 1483 Anton.
2783 1442 2837 1497 p.
2888 1428 2996 1482 212
3025 1438 3077 1483 et
3115 1429 3449 1489 Chalcedon.
3487 1432 3691 1487 concil.

2110 1521 2165 1576 p.
2188 1507 2313 1574 660,
2342 1508 2435 1565 ubi
2465 1507 2705 1565 Joannes
2739 1511 3041 1575 ἐπίσκοπος
3068 1512 3389 1579 Φλαὸιάδος.

2180 1589 2318 1645 Ibid.
2368 1591 2794 1651 Καστὰϐαλλιι.
2848 1594 3203 1651 Καστάΰαλα.
3256 1596 3536 1667 Appianus
3588 1597 3692 1654 Mi—

2112 1672 2334 1728 th’ridat.
2369 1690 2425 1744 p.
2456 1675 2584 1730 403.
2625 1677 2723 1746 τῆς
2755 1676 3011 1741 Κιλικίας
3042 1677 3196 1731 πόλιν
3225 1679 3481 1744 Κάϐαλα,
3525 1695 3691 1750 quam

2109 1769 2211 1826 ego
2258 1756 2593 1811 Καστάὄαλα
2642 1759 2829 1822 credo,
2882 1770 3168 1835 mcmprat.
3223 1760 3406 1817 Adfuit
3461 1763 3698 1818 concilio

2109 1838 2532 1911 Constantinop.
2564 1839 2726 1897 tertio
2764 1856 2817 1910 p.
2862 1839 2968 1895 670
2997 1839 3319 1897 Theodorus
3348 1843 3561 1907 πόλεως
3583 1845 3695 1897 τῶν

2108 1921 2484 1987 Κασταυλῶν,
2541 1938 2641 1993 pro
2712 1922 3109 1978 Κασταῦάλων.
3173 1923 3310 1981 Vide
3369 1924 3559 1981 ltiner.
3623 1931 3691 1983 A.

2179 2085 2315 2143 Ibid.
2364 2089 2513 2143 Ὑπὸ
2548 2090 3014 2161 κονσουλάριον.
3058 2091 3170 2149 Sub
3195 2096 3439 2163 Augusto
3469 2092 3721 2163 provin-'

2108 2172 2191 2227 cia
2231 2182 2348 2228 erat
2375 2174 2717 2245 στρατηγική
2749 2175 2865 2231 sive
2900 2176 3175 2244 praetoria,
3220 2185 3358 2232 teste
3399 2174 3723 2241 Strabone.‘

2109 2254 2146 2310 I.
2181 2269 2294 2319 xiv,
2329 2269 2382 2325 p.
2412 2255 2518 2311 681
2545 2265 2601 2312 et
2631 2256 2739 2311 liae
2773 2271 2907 2323 xvii,
2935 2258 3037 2313 etsi
3070 2268 3261 2330 postea
3294 2260 3361 2314 ad
3386 2249 3478 2330 jus
3509 2260 3695 2330 populi

2110 2336 2362 2403 redierit,
2402 2340 2522 2408 ipso
2568 2338 2905 2395 concedente
2945 2341 3211 2412 Augusto,
3262 2352 3318 2397 et
3377 2343 3694 2411 proconsuli

2109 2421 2372 2489 paruerit,
2406 2430 2465 2476 ut
2508 2436 2577 2476 ex
2626 2420 2800 2477 Dione
2842 2437 2953 2487 uv,
2997 2438 3052 2493 p.
3094 2422 3199 2479 589
3242 2422 3327 2478 .Io.
3384 2424 3594 2481 Alberti
3636 2427 3692 2480 in

2107 2502 2229 2558 Act.
2265 2505 2444 2573 Apost.
2474 2518 2598 2571 xm,
2631 2504 2890 2561 ostendit.
2930 2506 3097 2562 Recte
3125 2521 3256 2578 ergo
3289 2506 3515 2578 Sergius
3548 2507 3693 2564 Pau-

2107 2586 2193 2642 lus
2217 2586 2292 2642 ibi
2316 2587 2631 2651 ἁνθύπαθος
2658 2587 2884 2654 dicitur,
2934 2591 3236 2660 praesertim
3268 2605 3396 2647 cum
3429 2598 3485 2647 et
3509 2592 3695 2648 Comi-

2109 2668 2231 2724 nius
2246 2668 2471 2727 Proclus
2487 2671 2544 2727 in
2566 2670 2893 2743 Cypriorum
2916 2672 3058 2741 apud
3084 2671 3430 2730 Vaillantium
3459 2690 3688 2731 nummo

2106 2751 2435 2818 ἀνθύπατος,
2464 2763 2521 2809 et
2546 2742 2711 2810 Caius
2741 2754 2960 2810 Anitius
2996 2754 3308 2822 Quadratus
3339 2758 3567 2828 Κρήτης
3595 2742 3719 2812 καὶ³

2108 2835 2338 2907 Κύπρου
2370 2836 2701 2902 ἀνθύπατος,
2738 2838 2795 2892 in
2826 2838 3005 2907 lapide
3054 2837 3246 2909 Sponii
3274 2849 3409 2896 tom.
3441 2839 3461 2893 I
3500 2838 3719 2898 Itiner.’

2107 2932 2163 2986 p.
2190 2918 2295 2975 415
2325 2919 2645 2990 appelletur.
2681 2919 2813 2976 Post
2859 2920 2987 2977 dein
3028 2922 3304 2978 consulari
3332 2923 3549 2979 subdita
3581 2934 3693 2991 est,

2107 3001 2264 3070 cujus
2288 3011 2345 3058 et
2376 3001 2589 3058 Notitia
2614 3004 2739 3073 imp.
2777 3002 2876 3059 0r.
2913 3019 2966 3059 c.
2996 3019 3011 3059 ι
3047 3006 3315 3061 meminit.

2179 3084 2313 3141 Ibid.
2354 3087 2596 3155 ﬂaua“;
2640 3094 2725 3142 ιε’.
2757 3086 2822 3142 L.
2856 3087 3192 3146 Holsteinius
3227 3090 3280 3145 in
3307 3105 3445 3147 mss.
3482 3088 3720 3148 Farne-'

2105 3168 2285 3235 siano,
2340 3169 2427 3226 cui
2457 3179 2515 3226 et
2558 3171 2680 3227 dua:
2724 3170 2929 3227 ultima:
2974 3172 3137 3228 urbes
3189 3188 3351 3228 manu
3388 3175 3692 3231 recentiore

2104 3261 2264 3306 erant
2294 3250 2523 3319 additae,
2574 3252 2763 3316 πόλεις
2815 3251 2883 3321 ιγ’
2918 3254 3144 3323 reperit.
3178 3254 3326 3310 Idem
3358 3255 3413 3309 in
3443 3256 3692 3326 pristinis

2103 3332 2445 3388 Constantini
2490 3334 2528 3389 I.
2561 3350 2602 3401 I,
2635 3338 2803 3390 them.
2876 3335 2945 3390 I5
2990 3336 3322 3391 editionibus
3354 3335 3556 3405 inerat,
3592 3340 3690 3395 scd

2102 3426 2161 3471 et
2203 3416 2327 3472 aliis
2361 3417 2486 3473 dein
2516 3434 2580 3474 ex
2616 3433 2751 3474 is.
2794 3418 2865 3473 I5
2889 3420 3051 3476 urbes
3079 3419 3133 3475 in
3165 3420 3524 3477 Constantino
3564 3435 3694 3480 sunt

2104 3500 2367 3571 expleta;
2404 3517 2638 3574 cumque
2682 3503 2883 3559 ultima:
2912 3503 3075 3559 urbes
3103 3512 3229 3559 ante
3273 3503 3539 3563 Hieroclis
3558 3520 3690 3563 teta-

2106 3593 2272 3639 tatem
2287 3585 2493 3642 fuerint
2516 3587 2651 3659 satis
2671 3585 2935 3653 celebres,
2958 3586 3096 3640 nihil
3120 3600 3298 3643 causa:
3317 3588 3475 3644 video
3495 3605 3691 3661 quam-

2103 3668 2292 3724 obrem
2323 3670 2449 3739 quid
2477 3677 2737 3725 mutetur.

2177 3754 2313 3809 Ibid.
2376 3753 2787 3809 Κωνσταντία.
2856 3750 3088 3809 Salamis
3138 3760 3243 3817 est,
3294 3770 3457 3826 quam
3496 3756 3692 3813 insulae

2107 3839 2432 3909 metropolin
2464 3836 2738 3907 Ephesina
2785 3839 3030 3909 synodus
3070 3853 3124 3908 p.
3164 3838 3272 3894 779
3320 3847 3376 3895 et
3410 3841 3543 3910 imp.
3578 3840 3692 3896 Leo

2108 3923 2163 3979 in
2192 3922 2352 3993 epist.
2399 3931 2530 3976 tom.
2570 3914 2661 3986 IX,
2708 3919 2907 3977 concil.
2949 3920 3119 3977 Labb.
3151 3936 3205 3992 p.
3238 3920 3343 3977 267
3380 3923 3689 3993 imponunt.

2112 4008 2184 4064 De
2222 4022 2285 4063 ea
2315 4005 2531 4061 abunde
2556 4001 2642 4059 lo.
2673 4002 2970 4069 Meursius,
3001 4004 3041 4059 1.
3072 4021 3086 4060 ι
3120 4005 3308 4076 Cypri,
3348 4022 3401 4063 c.
3432 4007 3525 4062 20.

2185 4093 2322 4149 Ibid.
2366 4088 2709 4160 Ταμασσός.
2736 4087 2827 4144 Sic
2860 4098 3058 4159 praeter
3089 4088 3439 4144 Ptolemaeum
3474 4090 3691 4147 Strabo.

2110 4176 2473 4235 Constantino
2504 4172 2820 4241 imperatori
2852 4172 3135 4244 Ταμασός,
3178 4172 3267 4229 cui
3297 4172 3520 4230 Nonnus
3555 4175 3696 4245 ονο-

2111 4276 2231 4333 nys.
2276 4272 2403 4321 τιτι,
2452 4256 2559 4311 445
2598 4266 2654 4311 et
2703 4256 3111 4327 Epaphroditus
3169 4257 3378 4320 πόλεως
3430 4259 3693 4328 Tamen-3

2112 4342 2309 4400 concil.
2338 4339 2675 4396 Chalcedon.
2707 4356 2763 4410 p.
2801 4340 2909 4395 676
2966 4339 3356 4410 astipulantur.
3393 4339 3527 4395 Cum
3564 4357 3695 4396 vero

2112 4422 2492 4498 Ταμασιωτῶν
2569 4421 2641 4477 sit
2693 4424 2835 4493 apud
2862 4421 3130 4477 Goltzium
3166 4437 3420 4477 nummus
3468 4424 3695 4478 dubium

2113 4523 2197 4568 cst
2234 4510 2367 4580 quin
2423 4507 2477 4563 id
2522 4513 2771 4578 praestet.
2814 4506 2968 4562 Adde
3021 4504 3275 4562 Ovidium
3340 4505 3721 4586 Μειαιιιονριι.ς

2113 4612 2168 4657 x.
2198 4594 2325 4650 6H.

2187 4676 2323 4731 Ibid.
2361 4674 2585 4731 Κίτιον.
2630 4673 2833 4728 Aberat
2879 4673 3072 4729 stadiis
3099 4671 3205 4727 200
3246 4672 3521 4729 Salamine
3552 4677 3695 4742 apud

2118 4763 2408 4819 Diodorum
2442 4774 2535 4824 xx,
2568 4773 2622 4828 p.
2668 4757 2792 4813 785.
2842 4755 2915 4811 De
2942 4771 3008 4811 eo
3035 4767 3231 4826 praeter
3256 4756 3549 4812 Meursium
3582 4760 3616 4811 Ι.
3654 4775 3718 4828 t,_

2114 4863 2166 4904 c.
2190 4846 2257 4901 I0
2287 4845 2591 4898 Bochartus
2634 4840 2849 4910 leleg.
2874 4856 2956 4907 ιιι,
2988 4842 3041 4895 5.

2189 4928 2321 4985 Ibid.
2377 4926 2683 4997 Ἆμαθούς.
2742 4922 2856 4978 Iloc
2885 4923 3068 4978 malim
3096 4937 3163 4979 ex
3194 4939 3328 4980 mss.
3359 4921 3609 4994 Lugdun.
3643 4926 3717 4979 et

2114 5011 2478 5071 Constantino
2528 5028 2543 5065 :
2595 5024 2721 5062 nam
2764 5006 3101 5078 Ἀμαθουσία
3135 5009 3340 5078 gentile
3385 5018 3491 5071 est,
3523 5008 3613 5063 cui
3647 5011 3692 5063 si

2114 5100 2273 5163 πόλις
2324 5096 2577 5161 addatur,
2638 5091 2769 5147 Ierri
2828 5092 3048 5161 poterit.
3120 5091 3442 5147 Heliodorus
3488 5092 3695 5155 πόλεως

2126 5179 2525 5252 Ἀμανθοῦντος
2551 5184 2637 5231 est
2664 5175 2717 5228 in
2741 5174 3066 5229 Chalcedon.
3104 5190 3157 5244 p.
3190 5175 3317 5231 670.

2188 5266 2325 5322 Ibid.
2356 5263 2632 5330 Κούριον.
2686 5257 2750 5312 Ει
2799 5258 2902 5315 hoc
2931 5273 2998 5312 ex
3044 5257 3408 5314 Constantino
3441 5257 3719 5320 ιιι-πείθων

2115 5352 2271 5421 cuius
2301 5350 2591 5420 episcopus
2638 5343 2923 5399 Curiensis
2948 5343 3011 5397 in
3047 5342 3319 5413 Ephesino
3356 5356 3409 5411 p.
3454 5340 3559 5395 779
3597 5357 3699 5412 ap-

2115 5435 2369 5507 pellatur.
2412 5431 2514 5486 Ch.
2549 5427 2818 5484 Cellarius
2850 5425 2915 5481 G.
2947 5427 3011 5478 A.
3047 5440 3130 5488 ιιι,
3182 5425 3233 5491 7,
3275 5440 3329 5494 p.
3379 5422 3486 5477 273
3524 5421 3719 5507 nostri:

2118 5500 2305 5588 Κόρην
2365 5529 2509 5597 οιιιιι
2552 5511 2710 5566 I’liuii
2759 5509 2997 5597 Corineo
3030 5500 3720 5597 aliquid-commune‘ha-z

2117 5603 2248 5658 bere
2276 5596 2681 5667 suspicabatur,
2715 5594 2860 5663 quod
2898 5604 3019 5659 ego,
3056 5603 3181 5643 cum
3221 5589 3401 5644 dubiae
3434 5590 3507 5643 sit
3547 5588 3719 5653 lidei,‘

2118 5694 2173 5740 et
2219 5682 2614 5737 Constantinus
2662 5676 2898 5747 Κούριον
2950 5674 3077 5726 hinc
3130 5671 3550 5742 dcprompserit,
3597 5671 3703 5726 huc

2122 5780 2403 5824 arcessere
2439 5765 2625 5819 nolim.

3313 5850 3384 5914 37
