4170 6424
456 303 600 369 1163

517 416 636 473 Col.
659 414 782 470 l52.
808 413 1034 483 Πάρος.
1061 413 1299 484 Cyprum
1315 410 1547 467 insulam
1562 408 1689 465 huic
1702 407 1819 462 urbi
1835 420 2041 474 cogno-

449 503 672 557 minem
706 499 904 554 fecisse
939 496 1190 552 Servium
1244 496 1513 551 Isidorqu
1544 501 1706 561 atque
1738 490 1894 552 alios,
1937 488 2043 543 An-

451 599 562 642 ton.
597 583 791 638 Itiner.
821 597 874 650 p.
910 582 1038 636 256.
1069 581 1447 650 ascripsimus.
1476 576 1731 632 Ovidium
1765 574 1906 628 addo
1931 572 2039 628 Me-

452 668 713 735 tomorph.
747 681 800 730 ιι,
830 665 936 720 297
972 682 985 717 :
1020 663 1125 717 Illa
1164 663 1386 731 Paphon
1438 659 1642 731 genuit,
1669 658 1736 714 de
1765 672 1868 728 quo
1904 664 2041 711 tenet

450 750 626 805 insula
662 764 867 804 nomen.

526 837 661 891 Ibid.
704 835 997 903 Ἀρσινόη.
1032 834 1122 887 Sic
1148 841 1294 886 recte
1319 827 1738 885 Constantinus.
1758 824 1898 880 Olim
1927 825 2043 881 haec

452 920 583 977 urbs
615 919 843 973 Marium
879 926 1018 980 erat,
1061 918 1340 987 Stephano
1365 921 1536 978 teste;
1574 921 1766 980 estque
1798 911 1916 979 ejus
1945 924 2041 964 rex

453 1003 594 1073 apud
626 1002 918 1056 Diodorum
956 1001 1043 1066 19,
1081 1016 1133 1070 p.
1168 1001 1262 1055 70l
1308 1017 1321 1054 :
1365 997 1427 1049 Ὀ
1453 997 1510 1050 δὲ
1554 994 1781 1058 Κιτιεὺς
1809 993 1906 1048 καὶ
1934 993 2042 1045 Λα-

453 1087 658 1151 πὶθιος,
684 1086 765 1138 ἔτι
789 1084 846 1137 δὲ
868 1083 1083 1154 Μάριος
1118 1084 1211 1137 καὶ
1242 1081 1545 1152 Κερυνίτης
1576 1079 1678 1149 τὴν
1710 1076 1844 1148 πρὸς
1876 1075 2039 1129 αὐτὸν

450 1172 633 1241 φιλίαν
667 1168 1062 1223 συντέθεινται.
1102 1167 1204 1223 Ubi
1259 1177 1444 1221 tamen
1494 1164 1744 1234 Μαριεὺς
1787 1170 2041 1231 oportue-

454 1265 532 1309 rat
585 1271 599 1307 :
653 1254 703 1307 id
752 1254 900 1306 enim
938 1253 1091 1308 urbis
1142 1251 1368 1323 gentile.
1413 1249 1678 1304 Eumdem
1721 1245 2039 1300 Στασίοικον

450 1342 542 1395 τὸν
577 1338 802 1410 βασιλέα
830 1337 940 1391 τῶν
975 1336 1229 1400 Μανέων,
1266 1351 1318 1405 p.
1352 1333 1458 1388 704
1484 1341 1541 1388 et
1593 1331 1914 1386 Στασίοικον
1945 1328 2041 1382 τὸν

450 1425 544 1477 τοῦ
566 1422 843 1485 Μαλιέως,
891 1436 944 1490 p.
981 1421 1086 1475 719
1133 1420 1293 1488 vulgo
1332 1417 1456 1473 libri
1503 1416 1798 1487 appellant,
1836 1413 2042 1469 rectius

454 1508 741 1576 utrobique
770 1505 879 1559 τῶν
902 1506 1163 1579 Μαριέων
1197 1503 1600 1574 nuncupaturi.
1629 1499 1758 1556 Scio
1784 1498 1888 1554 Ch.
1918 1496 2041 1554 Cel-

453 1592 646 1647 larium
679 1591 744 1645 G.
773 1607 803 1645 a
841 1591 895 1654 5,
930 1593 985 1653 7,
1014 1604 1068 1659 p.
1094 1589 1202 1644 273
1231 1586 1592 1659 posteriorem
1628 1584 1951 1648 advocasse,
1980 1588 2042 1635 ut

450 1675 637 1731 Μάλον
670 1676 911 1746 ejusdem
946 1673 1169 1729 Diodori
1218 1688 1315 1735 xu,
1357 1686 1412 1739 p.
1443 1670 1516 1723 75
1578 1676 1861 1733 tueretur;
1894 1664 2038 1733 quod

452 1776 577 1816 cum
611 1773 875 1828 nusquam
919 1757 1043 1810 alibi
1077 1757 1150 1811 sit
1188 1756 1389 1810 lectum
1436 1761 1493 1808 et
1534 1751 1836 1808 Stasimcus
1866 1746 2040 1802 Mario

455 1834 828 1910 imperaverit,
858 1848 1040 1909 putem
1073 1841 1138 1893 ad
1181 1839 1429 1893 eamdem
1461 1836 1692 1892 Iormam
1720 1846 1839 1890 esse
1873 1831 2039 1888 reﬁn-

453 1927 708 1996 geudum.
735 1924 868 1979 Nam
900 1923 1188 1987 Arrianus,
1220 1925 1305 1976 cui
1341 1921 1712 1977 testimonium
1744 1916 1830 1973 Jo.
1862 1915 2040 1971 Meur-

452 2013 566 2066 sius
594 2024 635 2074 l,
690 2010 758 2064 15
801 2007 1143 2063 denuntiavit
1186 2006 1306 2059 Mali
1354 2019 1540 2070 causa,
1597 2000 1730 2057 nihil
1766 1999 2035 2070 prodest:

452 2094 702 2149 meminit
747 2108 877 2147 sane
912 2094 978 2145 de
1013 2089 1217 2158 Emped.
1269 2088 1534 2143 Alexand.
1574 2103 1638 2152 ιι,
1675 2084 1747 2140 20
1783 2083 2035 2140 Solorum

452 2186 507 2229 et
546 2175 712 2239 Malli,
751 2190 872 2242 qua:
904 2173 1109 2228 Cicilizr
1142 2172 1337 2241 oppida
1384 2171 1553 2226 luisse
1599 2182 1758 2223 nemo
1800 2168 2035 2236 ignorat.

452 2259 602 2314 Adde
628 2257 744 2312 Jac.
774 2257 1128 2320 Gronovittm,
1161 2255 1293 2310 mihi
1327 2254 1785 2316 consentientem,
1816 2250 1871 2305 in
1898 2250 2035 2320 Scy-

451 2342 644 2404 lacem,
675 2357 727 2411 p.
764 2341 855 2396 98.
918 2346 928 2362 ‘
1302 2358 1309 2366 ·

522 2426 656 2481 Ibid.
697 2427 896 2479 Σόλοι.
931 2423 1065 2478 Acta
1113 2419 1327 2476 Auxibii
1364 2433 1416 2475 c.
1471 2418 1497 2473 1
1552 2432 1750 2490 pagum
1806 2415 2035 2471 Limnen

451 2509 524 2565 Μ.
551 2507 613 2566 P.
651 2509 685 2563 1
712 2509 780 2564 ab
822 2507 957 2563 urbe
990 2514 1271 2561 scmovent
1306 2514 1363 2558 et
1404 2502 1610 2557 Σολίων
1645 2498 1804 2555 πόλιν
1839 2498 2037 2570 appel—

452 2595 605 2657 lant,
637 2603 688 2647 et
728 2592 853 2663 jure
887 2607 903 2645 :
945 2604 1069 2643 nam
1104 2587 1282 2641 Σόλιοι
1322 2588 1390 2641 ab
1441 2588 1544 2641 hac
1575 2586 1734 2650 urbe,
1777 2581 1941 2639 sicuti
1969 2580 2039 2636 ab

452 2676 695 2745 ejusdem
733 2674 971 2728 nominis
1039 2674 1095 2727 in
1126 2670 1319 2726 Cicilia
1347 2669 1553 2735 Σολεῖς,
1603 2666 2036 2738 appellabantur,

452 2774 561 2828 qua
590 2760 659 2815 de
688 2774 745 2813 re
772 2772 934 2827 supra
968 2771 1037 2811 ex
1069 2756 1216 2810 Arati
1255 2753 1397 2808 Vita.
1447 2751 1685 2808 Calenus
1716 2750 1849 2805 ἀπλ.
1879 2764 2037 2820 φαρ-

447 2861 592 2912 τμακ.
620 2840 654 2897 9
683 2858 735 2909 p.
780 2841 920 2905 I25,
982 2838 1092 2892 τῶν
1127 2839 1184 2891 ἐν
1217 2836 1433 2909 Κύπρῳ
1477 2835 1656 2890 Σόλων
1702 2833 1949 2889 meminit
1984 2837 2041 2886 et

455 2925 815 2980 metallorum.
846 2938 967 2993 quae
997 2922 1192 2977 stadiis
1219 2921 1290 2975 50
1323 2922 1389 2974 ab
1421 2920 1621 2989 oppido
1653 2920 1901 2972 aberant.

526 3008 663 3064 Ibid.
716 3006 1004 3072 Λάπιθος.
1055 3004 1174 3059 Νοιι
1234 3005 1394 3059 aliter
1442 3003 1573 3058 Acta
1625 3003 1843 3057 Auxibii
1888 3015 1941 3058 c.
1983 3002 2036 3067 I,

448 3095 804 3154 Ptolemaeus,
856 3090 1115 3161 Didymus
1165 3087 1375 3148 πόλεως
1419 3087 1665 3140 Λαπίθου
1713 3087 1766 3139 in
1819 3086 2043 3142 Chalce-

453 3183 585 3233 don.
641 3174 837 3232 concil.
889 3188 947 3244 p.
999 3171 1124 3235 670,
1166 3181 1220 3227 et
1264 3170 1519 3239 βασιλεὺς
1565 3169 1845 3232 Λαπιθίας
1899 3170 2041 3239 apud

444 3260 750 3316 Diodorum
801 3257 888 3321 I9,
928 3272 982 3323 p.
1030 3253 1133 3308 7l9
1160 3263 1215 3308 et
1266 3255 1538 3319 Λαπίθιος
1584 3270 1639 3321 p.
1675 3252 1798 3308 701.
1832 3252 2038 3309 Tamen

455 3358 577 3397 «tum
607 3337 984 3394 ΛΑΠΗΘΕΩΝ
1005 3350 1259 3391 nummus
1281 3338 1355 3392 sit
1387 3336 1526 3408 apud
1549 3336 1840 3403 Goltzium,
1861 3344 1918 3392 et
1947 3350 2041 3390 ve-

455 3438 631 3482 terum
663 3425 872 3494 plures.
903 3436 935 3476 a
965 3418 1202 3475 Meursio
1248 3420 1301 3487 1,
1346 3417 1416 3473 I2
1439 3419 1719 3485 conducti,
1778 3418 2040 3490 Λάπηοον

453 3516 670 3573 vocent,
701 3507 754 3560 id
779 3504 982 3560 malim.

479 3619 485 3623 -
525 3591 660 3645 Ibid.
700 3589 764 3644 C.
797 3586 1053 3657 Κιρὸοῖα.
1083 3584 1440 3641 Constantino
1471 3584 1505 3639 Ι.
1534 3600 1577 3651 t,
1603 3583 1773 3653 them.
1801 3584 1870 3640 15
1899 3586 2041 3656 Κερ-

452 3675 576 3746 μία,
617 3688 778 3744 quam
809 3670 893 3727 Jo.
927 3670 1198 3725 Meursius
1230 3670 1284 3735 1,
1315 3671 1348 3727 9
1384 3684 1413 3724 a
1448 3670 1680 3726 Ccrnnia
1709 3670 1824 3726 sive
1856 3667 2033 3727 Ceru-

455 3759 562 3822 nia,
597 3757 739 3813 haud
798 3754 1017 3811 diﬂ'erre
1067 3761 1334 3808 autumat.
1384 3752 1456 3807 At
1502 3766 1623 3807 eam
1672 3762 1798 3822 post
1842 3753 2038 3809 deinde

446 3839 729 3895 Hierocles
759 3848 814 3895 et
846 3837 1241 3893 Constantinus
1269 3844 1592 3901 recensent;
1641 3849 1831 3904 quare,
1863 3836 2040 3891 donec

449 3925 661 3980 felicior
689 3937 883 3978 manus
922 3921 1114 3976 vitium
1148 3920 1461 3988 deterserit,
1513 3918 1861 3977 Cremascam
1891 3920 2038 3976 arbi-

453 4008 660 4074 trabor,
695 4022 803 4078 qua
826 4006 892 4062 de
918 4004 1141 4058 Nonnus
1168 4003 1253 4067 15,
1284 4003 1425 4059 455ε

452 4143 524 4199 01
567 4140 621 4199 τ’
643 4138 813 4210 εἴχον
843 4138 1237 4209 Κρεμάσειαν,
1278 4130 1605 4210 ἀλιστεφὲς
1638 4134 1827 4207 οὖδας
1852 4139 2033 4283 dpolti-

1783 4228 1900 4280 ρης
1907 4250 1921 4265 ο

1783 4228 1921 4280 ρης.

521 4334 660 4390 Ibid.
710 4333 946 4403 Κύθροι.
998 4331 1253 4402 Κυθηρία
1284 4332 1513 4389 Carolus
1545 4347 1574 4387 a
1604 4330 1663 4388 S.
1688 4333 1855 4389 Paulo
1885 4349 2032 4390 mar-

447 4418 559 4490 gini
585 4417 839 4474 editionis
867 4430 979 4471 suae
1015 4414 1563 4486 ascripsit,ll‘avetque
1593 4415 2030 4484 Constantinus;

450 4516 571 4569 qua:
600 4510 779 4556 tamen
810 4498 1148 4567 conjectura,
1182 4500 1434 4569 quoniam
1455 4499 1557 4555 hoc
1589 4498 1810 4554 nomine
1841 4500 2032 4554 urbem

436 4585 662 4655 Cyprus
708 4583 997 4653 ignoravit,
1045 4591 1104 4636 ut
1158 4582 1296 4636 bene
1354 4591 1549 4636 contra
1588 4580 1883 4636 Meursittm
1929 4581 2028 4637 Ch.

452 4665 715 4722 Cellarius
743 4664 809 4721 G.
841 4666 905 4720 A'.
935 4667 991 4729 5,
1028 4665 1084 4728 7,
1127 4681 1181 4735 p.
1229 4665 1327 4721 28-I
1374 4665 1629 4729 asseruit,
1659 4664 1884 4735 rejicula
1912 4680 2035 4720 esse

452 4750 633 4806 debet.
680 4748 1006 4819 Intelligitur
1042 4751 1442 4805 mediterranea
1485 4747 1680 4803 insula:
1715 4750 1864 4816 urbs,
1915 4764 2035 4818 qua:

449 4834 658 4906 Χύθροι
710 4834 834 4889 aliis
857 4843 911 4888 et
959 4834 1192 4889 concilio
1233 4824 1572 4888 Chalcedon.
1609 4832 1737 4888 67I.
1772 4833 1905 4889 Cum
1937 4849 2036 4888 no-

450 4928 567 4972 stro
598 4917 728 4972 facit
750 4916 1018 4986 Spyridon
1052 4912 1244 4984 praesul
1285 4914 1530 4979 Παλαίας
1560 4916 1681 4987 ἦτοι
1716 4915 1951 4987 Κύθρων
1976 4918 2031 4972 in

446 4999 666 5057 Nicacno
694 5000 956 5057 secundo.

525 5083 658 5138 Ibid.
706 5081 1077 5152 Καρπάσιον.
1136 5079 1214 5137 Ex
1273 5082 1631 5137 Constantino
1686 5083 2029 5152 recepimus,

445 5167 771 5222 sententiam
808 5165 870 5221 L.
913 5163 1198 5219 Ilolsteinii
1246 5166 1299 5219 iu
1345 5166 1680 5234 Stephanum
1733 5168 1905 5222 secuti
1963 5168 2032 5221 ob

444 5246 604 5304 Plinii
633 5248 668 5304 5
697 5248 761 5303 51
797 5249 1142 5317 Carpasiunt.
1167 5248 1361 5303 theri
1393 5248 1731 5319 Καρπασίαν
1774 5254 2028 5319 probant.

512 5333 646 5387 Ibid.
674 5330 963 5400 Κυρήνια.
1015 5332 1297 5403 Κυρήνεια
1323 5332 1705 5391 Constantino.
1752 5332 2033 5401 Stephano

428 5413 496 5467 ‘in
534 5413 694 5485 Πηγὴ
728 5414 929 5469 dicitur
973 5415 1247 5485 Κυρήνια,
1293 5429 1452 5485 quam
1496 5414 1779 5471 Bet-kelius
1826 5416 2033 5485 impruo

442 5502 636 5554 denter
682 5498 967 5555 Κυδωνίαν
1007 5516 1128 5555 esse
1169 5500 1355 5569 jussit.
1407 5498 1623 5554 Cretam
1680 5516 1800 5553 cum
1852 5498 2032 5571 Cypro

442 5582 806 5638 confundens.
838 5583 948 5639 Nec
987 5585 1236 5639 dissentit
1272 5582 1631 5651 Menologinm
1680 5582 2028 5638 Carisiauum

446 5660 512 5714 Vl
548 5663 693 5720 Maii.
734 5666 926 5723 Verior
957 5678 1160 5731 tamen,
1186 5668 1291 5721 nisi
1325 5666 1559 5719 diversa:
1600 5664 1804 5718 fuerint
1845 5666 2027 5729 urbes,

444 5747 839 5816 οι-ιιΚερυνία,
878 5752 1035 5820 cujus
1081 5766 1174 5804 rex
1222 5750 1526 5820 Κερυνίτης
1566 5748 1797 5803 Diodoro
1831 5747 2031 5804 dicitur
2078 5824 2085 5825 γ

1529 297 1907 358 ADDENDA.
1954 318 2022 328 -
2057 294 2121 354 Ρ.
2160 294 2681 360 WESSELINGII

3602 302 3751 370 1164

2155 406 2223 461 19
2274 420 2328 474 p.
2387 404 2515 469 7OI‘,
2547 408 2649 463 etsi
2687 408 2827 463 male
2875 422 2929 478 p.
2983 408 3078 465 70I
3130 409 3402 481 Κερυννία
3455 420 3599 483 etp.
3641 414 3753 469 719

2153 488 2414 561 Κερανία.
2448 490 2703 545 Putarem
2735 507 2840 547 non
2871 493 3034 546 aliam
3074 494 3242 548 etiam
3283 507 3403 575 esse
3441 493 3513 547 20
3551 512 3603 564 p.
3644 498 3752 552 785

2151 574 2449 646 Οὐρανίαν,
2483 576 2585 631 nisi
2637 575 2782 631 illius
2812 577 3173 646 patrocinium
3207 574 3434 633 Nonnus
3462 580 3751 647 proﬁtere-

2156 668 2261 715 tur.
2297 660 2367 714 15
2392 659 2500 715 452
2541 662 2698 718 :Kal.
2728 661 3005 732 Οὐρανίης
3055 662 3219 717 πέδον
3260 662 3446 733 ἕδρης,
3491 663 3751 736 αίοηρίου

2152 744 2416 809 κενεῶνος
2466 744 2776 816 ἐπώνυμον.
2834 745 2941 800 Ubi
2992 761 3119 801 cum
3168 746 3453 802 aetherium
3497 756 3753 806 ventrem

2150 838 2392 893 vertunt,
2426 843 2533 882 non
2567 830 2704 884 bene
2748 829 2814 884 ad
2846 828 3022 885 Nonni
3062 830 3509 886 consuetudinem
3550 832 3751 887 dictio-

2152 923 2384 979 nemque
2447 912 2689 965 animum
2763 913 3073 968 adrertisse
3141 913 3412 969 videntur.
3484 914 3752 985 Αίθήριον

2150 994 2388 1047 κενεῶνα
2433 994 2611 1063 ipsum
2656 995 2897 1063 appellat
2937 995 3159 1060 caelum,
3208 1006 3266 1049 ιιι
3314 1013 3393 1061 Ix,
3426 992 3497 1051 82
3527 996 3752 1068 χθόνιον

2150 1078 2389 1132 κενεῶνα
2437 1088 2662 1142 terram,
2695 1087 2752 1134 et
2797 1080 2857 1133 41
2911 1080 2947 1134 5
3001 1078 3132 1150 ὅλης
3182 1079 3455 1144 κενεῶνας
3499 1082 3753 1152 ἀρούρης

2150 1177 2334 1231 agros,
2368 1178 2723 1233 quamquam,
2759 1173 2816 1217 ut
2843 1178 2969 1218 vere
2996 1164 3197 1228 dicam,
3221 1165 3353 1217 satis
3384 1165 3705 1220 insolenter.

2222 1246 2355 1302 Ibid.
2404 1246 2854 1316 Τριμιθούντων.
2887 1247 2987 1303 CII.
3030 1246 3303 1304 Cellarius
3333 1247 3400 1307 (ἶ.
3436 1249 3500 1302 Α.
3535 1248 3568 1303 5
3610 1250 3644 1303 7
3683 1265 3744 1320 p.

2148 1327 2255 1382 276
2298 1328 2696 1400 Τριμιθοῢντον
2738 1330 2842 1400 legi
2887 1344 3050 1401 posse
3092 1330 3417 1395 arbitratur,
3467 1333 3629 1387 sicuti
3673 1350 3747 1388 es

2152 1411 2366 1483 Hydrus
2395 1414 2454 1468 Iit
2488 1401 2685 1469 Latine
2710 1413 3078 1485 Hydruntum,
3103 1429 3171 1468 ex
3200 1413 3366 1482 Sipus
3408 1413 3747 1484 Sipuntum;

2149 1497 2259 1563 cui,
2287 1497 2332 1552 si
2365 1512 2594 1567 usquam
2624 1495 3061 1552 Trimithuntum
3092 1496 3388 1564 legeretur,
3430 1498 3570 1552 haud
3603 1498 3749 1553 ditii-

2149 1579 2321 1634 culter
2375 1580 2726 1650 astipularer.
2759 1579 3025 1635 Videntur
3046 1580 3253 1635 librarii
3281 1581 3311 1632 ὀ
3332 1580 3750 1651 Τριμιθούντων

2149 1662 2385 1729 dedisse,
2419 1673 2479 1717 ιιι
2517 1662 2636 1730 ejus
2676 1663 2987 1733 episcopus,
3024 1663 3183 1718 sicuti
3235 1665 3289 1718 in
3342 1665 3464 1719 aliis
3519 1663 3750 1720 Notitiis

2150 1746 2376 1808 assolet,
2425 1747 2843 1818 intelligeretur,
2892 1748 3035 1803 male
3070 1755 3270 1813 tamen,
3316 1748 3584 1819 siquidem
3628 1752 3749 1806 haec

2150 1828 2220 1884 ab
2247 1829 2621 1886 ecclesiastica
2656 1830 2846 1886 distat.

2223 1912 2359 1969 Ibid.
2408 1914 2773 1969 Λευκουσία.
2842 1914 3084 1970 Diversis
3130 1914 3248 1970 haec
3281 1916 3593 1970 nominibus
3639 1916 3749 1971 fuit

2148 2009 2266 2049 usa.
2320 1993 2689 2066 Hieronymus
2763 1996 2944 2051 Catal.
3026 1998 3210 2066 script.
3277 1997 3479 2053 Eccles.
3526 2014 3576 2054 c.
3627 1998 3744 2053 92:

2151 2075 2496 2148 Triphyllius,
2533 2075 2696 2149 Cypri
2735 2076 3013 2135 Ledremis
3048 2081 3155 2136 sive
3187 2082 3501 2143 Δευτεῶνος
3539 2084 3747 2149 episco-

2147 2175 2269 2229 pus,
2320 2161 2787 2232 eloquentissimus
2839 2179 2953 2217 suae
2993 2166 3167 2219 (etatis
3214 2173 3266 2219 et
3298 2166 3394 2218 sub
3434 2181 3554 2235 rege
3604 2165 3747 2221 Con-

2146 2244 2348 2299 stantio
2401 2245 2767 2300 celeberrimus
2815 2246 2942 2315 fuit.
2992 2246 3300 2303 Sozomeno
3355 2248 3420 2303 Il.
3484 2249 3547 2303 E.
3596 2250 3621 2302 1
3676 2253 3749 2306 I0

2147 2325 2483 2398 Triphyllius
2506 2328 2638 2382 ’τῶν
2671 2328 2891 2399 Λεδρῶν
2932 2330 3169 2396 dicitur;
3216 2347 3376 2401 quem
3413 2332 3539 2387 hinc
3572 2331 3751 2388 fuisse

2146 2423 2215 2465 ex
2243 2410 2397 2465 Actis
2418 2410 2537 2481 ejus
2567 2425 2619 2465 c.
2656 2412 2678 2464 1
2707 2412 2927 2482 colligo,
2962 2413 3050 2467 ubi
3083 2413 3412 2485 Τριφύλλιος
3442 2414 3749 2479 ἐπίσκοπος

2146 2492 2484 2558 Λευκωσίας,
2514 2492 2617 2564 τῆς
2643 2494 2739 2548 νῦν
2768 2494 3160 2566 μητροπόλεως
3202 2496 3453 2569 Κύπρου,
3483 2508 3536 2553 et
3575 2513 3625 2553 c.
3659 2499 3696 2553 5
3728 2518 3744 2553 :

2146 2576 2331 2647 Ψήφῳ
2379 2575 2500 2646 θείᾳ
2540 2576 2645 2647 τῆς
2691 2575 3139 2649 Καλλινικήσεων
3191 2578 3293 2650 μὲν
3338 2581 3489 2651 πρὶν,
3536 2581 3630 2635 νῦν
3686 2581 3750 2634 δὲ

2147 2658 2465 2722 Λευκωσίας
2479 2659 2908 2731 προχειρίζεται.
2921 2659 3039 2717 Νοιι
3061 2662 3291 2717 diﬁiteor
3306 2660 3750 2733 Papcbrnchinm

2150 2749 2282 2796 tom.
2307 2741 2343 2795 2
2363 2740 2473 2799 Jul.
2504 2758 2559 2812 p.
2583 2742 2690 2797 682
2717 2745 2853 2799 duos
2887 2744 3045 2800 nobis
3090 2744 3403 2817 Triphylios
3428 2762 3549 2804 esse
3588 2764 3748 2803 eom-

2147 2834 2415 2891 mentum,
2462 2836 2695 2893 quorum
2738 2827 2876 2883 alter
2899 2826 3227 2894 Ledrorum,
3283 2829 3421 2885 alter
3464 2829 3749 2888 Leucosiae

2150 2904 2312 2961 fuerit
2341 2906 2569 2977 praesul;
2599 2908 2690 2977 qui
2721 2909 2769 2965 si
2803 2910 2870 2965 ad
2896 2924 2960 2965 ea
2995 2912 3315 2968 attendisset
3344 2929 3465 2984 qua:
3494 2929 3561 2969 ex
3590 2917 3746 2969 Actis

2150 2990 2209 3044 S.
2244 2989 2567 3062 Spyridonis
2606 2989 2937 3048 Lambecius
2988 2991 3131 3049 Bibl.
3180 2994 3385 3051 Ctesar.
3437 2998 3471 3052 8
3526 3012 3580 3065 p.
3636 2998 3741 3053 511

2149 3073 2442 3141 excerpsit,
2472 3087 2593 3127 eam
2625 3073 2769 3128 haud
2796 3074 2964 3130 dubie
2992 3076 3369 3147 conjecturam
3393 3079 3743 3135 damnasset:

2150 3153 2284 3208 inibi
2313 3156 2457 3210 enim
2481 3155 2809 3227 Τριφύλλιος
2847 3158 3149 3223 ἐπίσκοπος
3171 3159 3273 3230 τῆς
3299 3161 3746 3233 Καλλινικήσεων

2151 3237 2358 3302 πόλεως
2402 3238 2522 3309 ἤτοι
2550 3239 2778 3295 Λευκῶν
2814 3240 2953 3297 θεῶν
2980 3242 3145 3312 ἁγίας
3184 3243 3282 3298 τοῦ
3316 3244 3452 3298 Θεοῦ
3510 3247 3742 3317 Ἐκκλη-

2151 3322 2294 3389 σίας,
2328 3337 2448 3392 quae
2491 3323 2781 3392 perspicue
2809 3325 3010 3381 docent
3050 3326 3104 3381 iu
3151 3324 3515 3401 Triphyllium
3546 3329 3745 3401 Spyri-

2148 3406 2310 3462 donis
2330 3407 2593 3476 aequalem
2633 3421 2697 3462 ea
2726 3409 2909 3465 omnia
2938 3413 3256 3476 convenire,
3290 3423 3455 3483 atque
3493 3417 3744 3471 eamdem

2148 3504 2374 3560 prorsus
2403 3504 2527 3546 esse
2557 3490 2859 3548 Ledrorum
2887 3493 3336 3551 Callinicensium
3375 3507 3432 3552 et
3460 3496 3747 3554 Leucosia:

2150 3575 2362 3640 urbem,
2397 3574 2509 3629 imo
2536 3588 2667 3630 vero
2702 3575 2756 3629 in
2804 3575 3121 3650 Hieronymi
3157 3579 3403 3651 catalogo
3446 3597 3550 3637 non
3600 3585 3748 3637 Asu-

2146 3656 2346 3722 τεῶνος
2374 3658 2470 3713 sed
2497 3658 2724 3714 Λευκῶν
2756 3658 2897 3713 θεῶν
2926 3671 3138 3718 rectum
3166 3677 3311 3719 esse.
3480 3678 3493 3687 ‘

2218 3738 2356 3795 Ibid.
2399 3740 2548 3795 Ὑπὸ
2594 3742 2883 3811 ἡγεμόνα.
2936 3742 3231 3819 Praesident
3264 3746 3603 3805 Diocletiano
3634 3750 3742 3805 im-

2145 3832 2399 3893 peratore
2449 3823 2713 3879 Isauriam
2758 3825 3018 3882 habuisse
3071 3825 3397 3887 Theodorus
3443 3831 3746 3889 Icouieusis

2146 3907 2200 3962 in
2230 3907 2481 3977 epistola,
2513 3922 2635 3976 quae
2664 3910 2863 3965 ιοιιι.’5
2884 3909 2994 3966 Jul.
3023 3912 3091 3968 ab
3126 3913 3633 3984 Antwerpiensibus
3656 3927 3747 3972 est

2145 3989 2363 4060 Vulgata
2410 4005 2464 4060 p.
2496 3990 2590 4056 26,
2633 3993 2896 4048 ostendit.
2931 3992 3144 4048 Nomia
3194 3997 3325 4065 imp.
3361 3996 3570 4052 Orient.
3613 4013 3743 4054 eum

2144 4090 2251 4130 non
2278 4073 2464 4140 habet,
2491 4076 2588 4132 sed
2613 4079 2869 4133 comitem
2902 4080 2981 4134 rei
3015 4078 3272 4136 militaris
3310 4080 3557 4147 Isaurire,
3582 4083 3745 4152 cujus

2143 4159 2305 4213 etiam
2349 4156 2674 4215 Ammianus
2704 4175 2820 4229 XIV,
2863 4159 2899 4215 2
2945 4169 3001 4217 et
3048 4177 3176 4230 xu,
3226 4164 3295 4218 15
3343 4166 3739 4221 commeminit.

2143 4239 2281 4297 Puto
2313 4252 2367 4296 et
2396 4243 2683 4311 praesidem
2708 4255 2763 4300 et
2785 4245 3042 4301 comitem
3080 4246 3362 4316 habuisse,
3387 4263 3619 4319 quorum
3652 4251 3744 4306 hic

2146 4324 2220 4378 rei
2254 4323 2508 4380 militaris
2554 4341 2739 4382 curam
2768 4338 2986 4399 gereret
3015 4338 3070 4385 et
3102 4329 3416 4388 Isaurorum
3448 4332 3740 4388 latrocinia

2144 4418 2536 4477 compesceret,
2570 4408 2660 4464 ille
2694 4425 2827 4464 vero
2870 4426 2984 4467 rem
3030 4413 3246 4470 civilem
3291 4426 3539 4472 curaret.
3570 4414 3743 4471 Justi-

2143 4495 2340 4547 nianus
2365 4494 2488 4547 dein
2520 4490 2742 4548 Novella
2773 4495 2843 4550 28
2871 4504 3161 4568 utramque
3194 4499 3740 4557 administrationem

2142 4576 2431 4645 conjunxit
2456 4588 2509 4631 et
2537 4577 2625 4631 uni
2662 4581 2848 4635 comiti
2882 4582 3180 4639 mandavit.

2215 4661 2349 4715 Ibid.
2396 4661 2740 4733 Σελεύριεια.
2789 4662 3091 4722 Provinciae
3129 4669 3452 4738 metropolin
3489 4668 3741 4725 Theodo-

2144 4755 2293 4799 retus
2325 4744 2398 4799 Η.
2431 4744 2498 4800 E.
2534 4762 2595 4809 ιι,
2626 4746 2699 4801 26
2731 4746 2883 4814 lacit,
2920 4759 2973 4804 et
3023 4752 3257 4808 maxime
3282 4753 3512 4808 Basilius
3544 4754 3738 4809 Seleu-

2143 4827 2342 4882 ciensis
2373 4840 2621 4883 extremo
2671 4831 2706 4885 I.
2753 4831 2775 4885 1
2817 4832 2884 4888 de
2929 4831 3052 4887 Vita
3093 4833 3154 4889 S.
3193 4833 3400 4889 Thecla:
3427 4851 3446 4889 :
3474 4837 3636 4898 Πόλις
3675 4837 3738 4889 δέ

2142 4913 2290 4965 ἐστιν
2306 4912 2445 4983 αὕτη
2471 4912 2579 4967 τῶν
2601 4915 2701 4985 τῆς
2728 4914 2901 4984 Ἐῴας
2920 4916 3086 4986 ὁρίων
3105 4918 3165 4971 ἐν
3188 4919 3460 4990 προοιμίῳ
3481 4921 3735 4989 κειμένη,

2145 4993 2547 5066 προεδρεύουσα
2592 4997 2649 5049 δὲ
2692 4999 2785 5050 καὶ
2835 5000 3288 5072 προκαθεζομένη
3334 5003 3517 5073 πάσης
3559 5004 3737 5055 Ἰσαυ-

2144 5077 2289 5148 ρίόος
2333 5078 2564 5146 πόλεως,
2597 5079 2889 5152 πρὸσοικος
2933 5082 3193 5155 θαλάττῃ,
3227 5086 3476 5154 ποταμοῦ
3516 5087 3738 5154 γείτων.

2142 5162 2416 5226 Κάλυδνος
2458 5164 2632 5234 ὄνομα
2667 5163 2742 5235 τῷ
2783 5166 3037 5237 ποταμῷ,
3073 5170 3359 5239 ἐρχομένῳ
3391 5170 3489 5240 μὲν
3528 5170 3741 5224 ἄνωθεν

2141 5245 2250 5299 ἀπὸ
2278 5244 2387 5299 τῶν
2430 5248 2530 5317 τῆς
2565 5248 2802 5318 Κήτιδος
2834 5249 3185 5320 μυχαιτάτων
3219 5254 3457 5325 χωρίων
3499 5253 3634 5318 Quae
3680 5264 3742 5308 et

2142 5330 2469 5398 metropolin
2504 5331 2673 5387 fuisse
2701 5343 2756 5389 et
2774 5335 3108 5389 maritimam
3133 5349 3196 5390 ac
3215 5334 3740 5407 Calycadno,quem

2142 5414 2444 5485 Calydnum
2496 5415 2752 5485 appellat,
2799 5418 2851 5472 id
2897 5419 3042 5488 quod
3093 5420 3406 5490 Stephanus
3461 5421 3516 5473 in
3573 5420 3741 5491 Ὑρία

2143 5499 2329 5569 prodit
2365 5499 2611 5567 ﬁrmans,
2647 5501 2906 5557 vicinam.
2931 5502 3094 5558 Addit
3114 5505 3237 5559 dein
3270 5512 3420 5560 tanto
3443 5505 3741 5577 splendore

2143 5592 2307 5653 atque
2340 5585 2659 5640 ammuitate
2700 5600 2822 5640 esse
2861 5596 2920 5639 nt
2963 5587 3167 5644 multas
3205 5600 3497 5658 exsuperet
3529 5599 3580 5644 et
3613 5591 3743 5658 qui-

2141 5666 2369 5742 busdam
2397 5678 2734 5736 exazquetur,
2763 5684 2885 5723 cunt
2911 5669 3081 5726 'I‘arso
3106 5686 3307 5736 autem,
3332 5672 3739 5742 elegantissima

2148 5749 2326 5814 urbe,
2376 5754 2685 5817 montibus,
2739 5754 2886 5819 situ,
2938 5757 3081 5810 aeris
3133 5758 3412 5825 temperie,
3459 5754 3743 5810 fructuum
