4170 6424
464 298 601 364 1165

449 413 604 484 copia
661 423 715 469 et
767 428 946 468 rerum
991 413 1263 469 venalium
1311 411 1646 466 abundantia
1681 410 1917 478 aliisque
1959 407 2027 462 ad

449 498 774 568 elegantiam
829 508 882 552 et
935 497 1224 552 utilitatem
1271 496 1437 550 rebus
1485 496 1553 547 dc
1593 494 1770 562 palma
1818 500 2026 555 certet;

447 579 714 636 celebrari
759 581 810 633 in
854 581 986 635 urbe
1015 579 1307 649 quotannis
1345 577 1493 631 varia
1530 577 1777 628 ludorum
1811 589 2030 644 genera,
2102 605 2114 614 -

451 677 570 729 quac
622 661 867 732 Olympia
912 663 1203 730 appellent,
1247 669 1302 715 et
1345 662 1395 712 in
1446 674 1568 728 qua:
1609 674 1713 711 non
1762 656 2032 718 immerito

451 742 602 798 Orat.
646 744 736 808 27,
784 759 838 813 p.
888 743 988 798 148
1021 743 1318 798 invehitur.
1376 741 1627 796 Zosimus
1668 740 1694 791 1
1741 739 1809 792 2¹ί
1848 737 2034 792 Σελεύ-

451 844 606 881 κειαν
631 825 730 896 τὴν
765 827 905 896 μετὰ
933 826 1188 880 Κιλικίαν
1218 834 1419 888 vocat.,
1453 833 1504 877 et
1537 821 1802 890 Apollinis
1837 819 2033 896 Sarpe-

449 911 622 976 donii,
652 894 702 964 lu
735 894 842 980 quo
879 910 1096 964 oracula
1131 909 1506 970 redderentur,
1537 905 1738 975 templo
1769 894 2034 973 insignem

452 993 644 1057 fuisse,
681 993 836 1061 cujus
864 1002 918 1046 et
963 990 1195 1046 Basilius
1233 989 1367 1044 Vita;
1400 988 1622 1052 Theclw,
1663 1004 1702 1052 ι,
1744 1002 1800 1056 p.
1832 987 1941 1040 275
1982 997 2038 1041 et

455 1076 522 1130 de
556 1075 750 1130 Mirac.
791 1074 968 1130 Thecl.
997 1090 1059 1140 tt,
1088 1074 1125 1128 2
1159 1081 1214 1127 ct
1240 1072 1312 1126 26
1356 1072 1685 1127 mentionem
1728 1069 1878 1125 fecit.
1908 1068 2040 1124 Per-

459 1172 643 1227 peram
705 1157 997 1211 Σελεύκεια
1063 1159 1098 1226 ὴ
1151 1155 1211 1209 ὲν
1264 1153 1576 1225 Καισαρείᾳ
1637 1153 1689 1207 in
1752 1151 2040 1224 Symeonis

454 1241 670 1312 Stylitae
697 1244 846 1295 Actis
892 1257 942 1296 (ι.
968 1242 1059 1306 25,
1108 1251 1237 1295 tom.
1291 1239 1326 1294 5
1374 1237 1499 1292 Maii
1549 1253 1602 1307 p.
1651 1235 1776 1292 584.
1816 1235 2038 1290 [tectius

453 1324 707 1381 (Seleucia
741 1324 985 1396 Τραχεῖα
1017 1324 1159 1388 aliis,
1210 1321 1352 1393 quod
1409 1322 1461 1375 in
1515 1317 1725 1374 isauria
1769 1317 2034 1389 Τραχεία,

459 1414 525 1466 de
557 1425 664 1481 qua
704 1410 979 1464 Candidus
1009 1409 1148 1476 apud
1179 1407 1430 1461 Photium
1460 1404 1584 1459 cod.
1617 1402 1705 1470 79,
1729 1411 1893 1458 esset.

527 1494 643 1548 Col.
672 1493 795 1547 152.
814 1489 1174 1558 Κελεσθέρη.
1210 1487 1532 1559 Κελένδερις
1564 1494 1668 1552 est,
1688 1501 1808 1557 qua:
1844 1483 2038 1541 Celen-

455 1577 642 1643 blelae,
694 1590 1021 1645 quamquam
1069 1571 1380 1628 Citandaris
1426 1585 1530 1626 ms.
1583 1567 1908 1625 D‘Orviliani
1970 1569 2039 1624 ad

449 1658 776 1715 Celenderin
807 1658 1025 1728 propior
1066 1666 1170 1711 est.
1201 1654 1428 1710 Condita
1460 1660 1542 1708 est
1571 1669 1600 1706 a
1637 1651 1886 1708 Sandoeo
1925 1651 2042 1708 sive

454 1742 732 1808 Sandaco,
786 1742 831 1795 si
883 1740 1244 1809 Apollodorus
1292 1736 1434 1790 Bibl.
1485 1752 1570 1799 tu,
1630 1750 1684 1806 p.
1729 1735 1832 1794 195
1877 1735 2039 1791 iidem

456 1835 714 1888 meretur,
750 1833 904 1894 patre
938 1811 1174 1892 Cinyrae,
1208 1835 1370 1892 quem
1411 1833 1477 1874 ex
1516 1819 1831 1887 Pharnace,
1876 1832 2040 1890 quam

457 1909 814 1980 Apollodorus
841 1907 1094 1977 Θανάκην
1116 1915 1296 1972 vocat,
1320 1903 1524 1974 genuit.
1553 1900 1686 1958 Vide
1717 1903 2040 1974 Hesychium

457 1979 517 2044 in
546 1987 786 2057 Κινύρας
810 1997 864 2041 et
887 1986 1107 2040 Suidam
1138 1985 1189 2040 in
1216 1979 1671 2051 Καταγηγάσαις,
1704 1983 1793 2038 ubi
1826 1981 2041 2037 mallem

456 2068 593 2130 nihil
631 2083 660 2121 a
694 2065 929 2121 Kustero
960 2074 1249 2120 mutatum.

528 2166 667 2222 ibid.
697 2164 1098 2234 Ἀνεμούριον.
1153 2163 1268 2219 Sita
1295 2163 1492 2220 eratin
1529 2161 1776 2234 ejusdem
1808 2159 2044 2216 nominis

455 2245 852 2317 promontorio,
885 2243 1012 2300 olim
1062 2243 1264 2298 Ciliciae
1311 2244 1638 2300 contributa.
1681 2239 2046 2296 Meminerunt

462 2330 613 2385 urbis
658 2329 790 2382 Actu
829 2327 888 2382 S.
922 2327 1206 2395 Barnabas,
1241 2343 1360 2397 quae
1398 2327 1655 2394 Joannes,
1689 2326 1808 2395 ejus
1838 2338 2044 2390 comes,

462 2412 630 2468 videri
675 2411 792 2466 vult
825 2410 1142 2480 digessisse,
1186 2421 1316 2467 tom.
1367 2429 1406 2468 ιι
1433 2411 1560 2468 Jun.
1593 2426 1648 2481 p.
1678 2409 1785 2464 452
1825 2425 1840 2463 :
1881 2407 2048 2462 refert

463 2509 522 2550 se
552 2511 675 2549 cum
716 2493 964 2548 Barnaba
1004 2493 1286 2550 Laodicea:
1321 2495 1374 2550 in
1417 2494 1575 2565 Syria
1614 2493 1816 2558 navim,
1845 2500 1905 2546 ut
1937 2490 2044 2562 Cy-

465 2595 620 2650 pruni
655 2584 926 2647 peterent,
956 2577 1366 2643 conscendisse,
1404 2578 1736 2644 adversoque
1767 2574 2046 2630 conﬂicta-

466 2675 550 2716 tos
579 2660 750 2716 fuisse
795 2669 976 2715 vento.
1029 2659 1134 2714 Sed
1173 2661 1348 2731 ipsum
1379 2660 1506 2730 quid
1557 2659 1702 2714 dicat
1743 2659 1933 2713 audire
1962 2666 2048 2712 est
2113 2659 2116 2662 ’

463 2759 642 2812 Opera:
670 2743 900 2813 pretium
927 2761 939 2798 :
977 2743 1250 2814 Ἧλθομεν
1280 2745 1339 2796 ὲν
1377 2743 1456 2814 τῷ
1492 2743 1771 2813 Κορασὶῳ.
1803 2740 2047 2794 Ἐκεῖθεν

459 2827 523 2882 δὲ
557 2827 788 2899 ήλθομεν
813 2828 892 2890 είς
932 2827 1174 2890 Παλαίας
1212 2826 1314 2897 τῆς
1343 2826 1640 2896 ’1σαυρίας,
1671 2824 1926 2880 κάκεῖθεν
1963 2824 2048 2877 sx-

465 2913 652 2975 Θόντες
681 2914 740 2966 ὲν
771 2912 920 2984 νήσῳ
967 2911 1073 2965 τινὶ
1114 2911 1389 2983 Πιτυούσῃ
1434 2911 1783 2982 καλουμένῃ’
1836 2909 2049 2962 ἐκεῖθεν

464 2998 523 3050 δὲ
557 2995 1018 3068 παρεπλεύσαμεν
1049 2997 1148 3056 τὰς
1181 2995 1538 3065 Ἀκονησίας,
1578 2994 1672 3048 καὶ
1712 2993 1949 3065 ἡλθομεν
1992 2995 2050 3046 ὲν

469 3081 622 3136 πόλει
676 3081 1034 3153 Ἀνεμουρίῳ.
1099 3080 1204 3136 Ubi
1258 3081 1539 3135 observari
1608 3078 1770 3132 velim
1843 3077 2050 3132 insulas

467 3166 768 3237 Pittyusam
795 3175 850 3221 et
873 3164 1188 3229 Acenesias,
1227 3164 1313 3220 vix
1348 3164 1475 3219 alibi
1511 3163 1730 3226 obvias;
1789 3172 2049 3233 praeterea

467 3249 749 3303 Corasium
779 3249 920 3304 idem
942 3263 1008 3305 ac
1035 3247 1519 3304 Pseudocorasium
1557 3261 1680 3302 esse
1709 3245 1970 3316 Stephani
1998 3255 2053 3299 et

469 3331 714 3394 Βαλαίας
764 3329 971 3386 Palaeas
1017 3331 1087 3386 ab
1131 3329 1420 3385 Ammiano
1468 3329 1606 3384 bene
1651 3328 1905 3395 describi,
1951 3328 2050 3383 etsi

469 3417 614 3470 male
651 3413 770 3482 ejus
797 3413 918 3468 libri
950 3412 1138 3468 Paleas
1169 3421 1384 3477 vocent,
1419 3413 1486 3467 14
1513 3412 1569 3467 2.

541 3509 677 3567 ibid.
719 3510 1117 3576 Τιτιούπολις.
1146 3507 1320 3563 Habet
1349 3508 1536 3562 urbem
1587 3506 1982 3563 Constantinus
2012 3506 2052 3560 1.

475 3613 491 3652 ι
555 3599 722 3650 them.
779 3595 868 3661 15,
901 3609 1062 3665 quam
1112 3594 1376 3648 Domitius
1403 3592 1603 3662 praesul
1657 3590 2053 3652 Τιτιουπόλεως

473 3681 573 3751 τῆς
601 3679 862 3753 Ἰσαύρων
893 3676 1164 3749 ἐπαρχίας
1194 3676 1428 3732 concilio
1456 3675 1875 3745 ConstantinOp.
1900 3674 2055 3730 tertio

475 3780 528 3833 p.
559 3764 657 3819 671
690 3764 893 3818 ﬁrmat.

549 3860 683 3914 ibid.
719 3860 944 3930 Λάμος.
975 3856 1152 3913 Situm
1177 3856 1245 3911 ad
1284 3855 1528 3926 ejusdem
1565 3853 1802 3909 nominis
1841 3868 2055 3908 amnem

479 3943 735 4008 habebat,
782 3942 927 3996 unde
957 3950 1014 3996 et
1045 3939 1218 3996 vicina
1257 3939 1404 4010 regio
1445 3937 1702 4008 Λαμωτὶς
1751 3937 1890 4006 apud
1935 3937 2059 3992 Ste-

476 4029 716 4094 phanum
745 4027 796 4080 in
837 4023 1157 4096 Ἀντιόχεια.
1189 4021 1324 4078 Vide
1352 4022 1626 4079 Nicaenum
1659 4023 1954 4078 secundum
2001 4037 2056 4090 p.

478 4111 603 4168 599.

551 4209 683 4262 ibid.
722 4206 1066 4276 Ἀντιόχεια.
1095 4203 1277 4261 Posita
1313 4204 1368 4260 in
1407 4202 1692 4259 Lamotide
1735 4210 1875 4267 erat,
1924 4216 2062 4271 qua-

483 4293 721 4347 mohrctn
753 4291 1056 4361 Ἀντιόχεια
1084 4289 1184 4360 τῆς
1211 4287 1528 4359 Λαμωτίδος
1558 4286 1612 4341 in
1647 4286 1880 4341 concilio
1901 4285 2062 4340 Chai-

482 4376 672 4431 cedou.
708 4390 760 4443 p.
788 4374 895 4429 528
914 4374 1206 4438 dicitur,et
1229 4372 1445 4442 quidem
1479 4371 1532 4424 in
1557 4369 1692 4425 colle
1723 4371 1868 4423 circa
1889 4383 2060 4433 mare,

485 4470 542 4514 ut
573 4459 931 4527 Theophanes
957 4456 1360 4527 Chronograph.
1403 4472 1455 4525 p.
1508 4455 1612 4511 119
1639 4455 1792 4509 docet
1829 4471 1844 4507 :
1875 4452 2063 4523 Τούτῳ

484 4542 562 4612 τῷ
590 4543 721 4605 ἔτει,
750 4541 942 4612 inquit,
980 4541 1242 4608 Λογγῖνός
1279 4555 1364 4602 τις
1403 4541 1431 4592 ὁ
1460 4539 1752 4609 λεγόμενος
1782 4537 2064 4590 Σελινούν-

485 4627 736 4696 τιος,τὴν
764 4625 1102 4696 Ἀντιόχειαν
1129 4624 1228 4693 τῆς
1264 4623 1540 4690 Ἰσαυρίας
1571 4623 1758 4687 οἰκῶν,
1788 4622 1879 4675 ἐπὶ
1921 4638 2065 4685 τινος

483 4710 644 4779 ὅρους
674 4709 934 4778 κειμένην
978 4705 1184 4778 ὑψηλοῦ
1224 4705 1365 4759 κατὰ
1406 4705 1505 4774 τὴν
1555 4705 1927 4775 μεσημερινὴν
1967 4703 2066 4774 τῆς

487 4794 670 4866 χώρας
698 4792 990 4856 θάλασσαν,
1014 4792 1237 4860 εἰσῆγεν
1266 4791 1378 4851 τοῖς
1405 4787 1673 4856 Ἰσαύροις
1703 4786 1772 4840 τὰ
1803 4787 2064 4858 τρόφιμα.

488 4880 658 4944 Mons,
691 4877 774 4931 cui
818 4875 1071 4944 imposita
1101 4882 1243 4938 erat,
1273 4871 1483 4940 Cragus
1505 4871 1806 4935 dicebatur,
1839 4880 1898 4924 ut
1937 4869 2067 4924 Pto-

492 4963 711 5017 letntcus
741 4964 917 5015 docet.

563 5059 699 5112 ibid.
741 5051 1296 5120 Ἰουλιουσεσαστή.
1335 5050 1503 5119 Hujus
1534 5050 1821 5118 episcopus
1863 5048 1915 5102 in
1964 5047 2070 5120 Sy-

491 5145 680 5198 nndica
713 5137 1121 5208 provincialium
1156 5135 1380 5205 epistola
1415 5145 1544 5188 tom.
1582 5147 1633 5186 ιι
1664 5131 1869 5188 Concil.
1899 5130 2069 5190 Labb.

491 5243 543 5294 p.
589 5224 691 5278 519
735 5223 1090 5277 Sebastianus
1141 5217 1404 5272 Sebastire
1443 5219 1642 5271 dicitur
1695 5233 1708 5268 :
1747 5230 1869 5268 nant
1924 5216 2072 5284 quod

488 5310 716 5365 Carolus
747 5324 775 5361 a
813 5307 873 5362 S.
905 5305 1074 5361 Paulo
1105 5304 1292 5359 vitium
1325 5301 1395 5356 ibi
1446 5302 1776 5369 suapicatur,
1801 5308 1964 5367 atque
2002 5313 2071 5352 ex

492 5393 674 5447 Czticia
725 5393 896 5460 prima
935 5405 1053 5445 eam
1101 5390 1242 5444 inter
1297 5386 1510 5443 isauros
1542 5386 1825 5454 migrasse,
1885 5384 1937 5438 id
1973 5384 2074 5438 hac

496 5477 702 5532 Notitia
737 5475 855 5529 l‘alsi
889 5475 1154 5544 arguitur.

564 5573 699 5628 ibid.
733 5562 1003 5640 Κέστροι.
1041 5569 1372 5640 Epiphanius
1397 5568 1602 5631 πόλεως
1627 5567 1890 5637 Κέστρων
1917 5575 1998 5621 est
2021 5567 2074 5621 in

495 5656 822 5720 Chalcedon.
853 5671 903 5724 p.
938 5653 1064 5717 659,
1093 5653 1183 5723 qui
1215 5653 1450 5724 pessime
1481 5667 1533 5720 p.
1557 5651 1662 5705 575
1688 5651 1948 5720 Κέστρων
1978 5650 2077 5718 τῆς

502 5738 725 5810 Συρίας,
761 5754 859 5808 pro
905 5735 1204 5808 Ἰσαυρίας,
1259 5736 1540 5792 scribitur.
1589 5733 1880 5789 Ptolemazo
1927 5733 2073 5788 1(λῦ-

1276 301 1670 364 COMMENT.
1707 300 1787 360 ΙΝ
1823 296 2239 361 HIEROCLIS
2279 293 2826 358 SYNECDEMUM.

3573 301 3711 369 1166

2138 422 2320 476 στρος,
2337 413 2392 460 et
2413 405 2466 460 in
2485 404 2732 462 Palatino
2755 413 2812 460 et
2832 403 3056 462 Coislin.
3076 421 3206 465 mss.
3240 410 3545 482 Καΰστρος,
3576 419 3718 472 unde

2137 487 2380 558 Κέστρος
2409 486 2630 543 formari
2655 496 2888 557 Oportet.

2207 568 2340 626 ibid.
2377 570 2684 636 Σελινοῦς.
2717 569 3123 640 Trajanopolin,
3164 579 3306 646 quod
3338 577 3603 648 Traianus
3639 586 3717 641 ibi

2140 657 2263 710 vitae
2307 656 2468 709 tinem
2520 655 2844 720 habuisset,
2893 657 3096 712 dictam
3146 658 3314 716 fuisse
3357 677 3424 716 cx
3487 665 3718 734 Ulpiano

2138 737 2521 807 Xiphilinoque
2550 738 3038 806 compertissimum
3073 741 3356 800 habemus.
3383 745 3564 803 Rediit
3592 750 3718 806 dein

2140 819 2425 890 pristinum
2451 820 2574 875 urbi
2609 835 2826 887 nomen,
2853 821 3008 891 cujus
3034 825 3198 879 situm
3226 828 3442 899 egregie
3461 830 3724 889 describit

2139 904 2370 959 Basilius
2425 902 2793 960 Seleuciensis
2841 904 3035 961 Mirac.
3090 909 3154 964 S.
3214 909 3438 980 Theclw,
3497 930 3556 979 ιι,
3611 917 3720 974 ii:

2141 986 2390 1050 Σελινοῦς
2421 990 2536 1041 ἐστι
2563 987 2718 1051 πόλις
2752 989 2926 1060 μικρὰ
2964 990 3062 1060 μὲν
3097 993 3190 1045 καὶ
3223 995 3445 1061 ὲφάλιος
3487 999 3724 1070 μεγίστη

2141 1071 2272 1124 ποτὲ
2290 1070 2385 1125 καὶ
2405 1070 2800 1141 εὐδαιμονοῦσα
2826 1072 2888 1124 τὸ
2908 1074 3038 1143 πρὶν
3059 1075 3146 1127 ἐπ’
3169 1076 3414 1147 εἰρήνης,
3431 1081 3726 1151 ἐπίφθονος

2141 1152 2199 1206 δὲ
2229 1154 2322 1207 καὶ
2352 1154 2476 1206 τότε
2503 1156 2595 1207 καὶ
2616 1153 2712 1208 νῦν
2739 1153 2873 1208 οὖσα
2893 1157 3005 1220 τοῖς
3036 1156 3340 1227 πολεμίοις.
3371 1161 3598 1218 Parvam
3623 1179 3726 1219 suo

2144 1243 2389 1306 tempore
2421 1236 2498 1290 ait
2548 1237 2736 1292 urbem
2768 1251 2889 1293 esse
2937 1247 2992 1294 et
3025 1241 3376 1308 maritimam,
3422 1245 3551 1300 olim
3597 1261 3724 1303 cum

2142 1334 2244 1390 pax
2269 1329 2435 1386 esset,
2467 1335 2716 1390 magnam
2749 1329 2804 1374 et
2839 1321 3048 1377 felicem
3082 1333 3137 1378 et
3169 1336 3449 1395 propterea
3483 1329 3727 1386 hostium

2142 1403 2361 1459 invidia:
2407 1405 2736 1474 expOsitam.
2771 1405 3014 1478 Ταύτην,
3057 1411 3264 1479 pergit,
3298 1413 3589 1484 τοιγαροῦν
3627 1419 3726 1471 καὶ

2143 1486 2380 1571 θάλαττα
2412 1487 2511 1558 μὲν
2536 1487 2907 1553 ὑποζώννυσιν
2943 1487 3132 1561 ὥσπερ
3159 1510 3243 1557 τις
3280 1496 3725 1571 περιεληλαμένη

2142 1568 2348 1639 τάφρος
2406 1571 2840 1642 ἀχειροποίητος,
2875 1573 2970 1627 καὶ
3026 1575 3272 1645 κρημνὸς
3316 1577 3374 1632 δὲ
3423 1568 3729 1651 ὑπερανειῇ¹

2142 1651 2346 1722 τηκὼς,
2377 1653 2628 1724 καθάπερ
2643 1669 2696 1704 τι
2730 1655 2929 1724 κράνος
2959 1656 3218 1727 κεφαλὴν,
3251 1659 3514 1730 φυλάττει
3537 1680 3597 1716 τε
3629 1673 3729 1729 καὶ

2143 1735 2204 1788 ού
2249 1738 2395 1790 ποιεί
2439 1736 2722 1807 πολεμίοις
2776 1737 3095 1810 ἐπίδρομον.
3152 1741 3336 1811 itaque
3381 1759 3503 1800 cum
3563 1749 3726 1811 mari,

2145 1827 2404 1888 tanquam
2457 1835 2490 1874 a
2536 1829 2731 1875 natura
2767 1821 2908 1876 facta
2948 1823 3120 1891 fossa,
3155 1824 3318 1880 fuerit
3350 1829 3587 1884 incincta
3610 1873 3626 1897 ,
3673 1843 3730 1887 et

2144 1912 2418 1972 praerupta
2459 1917 2624 1972 rupes
2671 1917 2814 1969 eam,
2847 1915 2910 1960 ut
2958 1914 3121 1976 caput
3169 1907 3344 1976 galea,
3399 1909 3728 1979 defenderit,

2147 1993 2372 2054 apparet
2401 1987 2772 2043 munitissimo
2827 1986 2998 2044 fuisse
3047 1989 3186 2046 loco.
3243 1990 3378 2048 Vide
3406 1992 3570 2049 Corn.
3625 2011 3728 2052 van

2145 2065 2502 2124 Binkershmk
2528 2067 2884 2124 Obseerur.
2915 2085 2966 2137 v,
2997 2071 3088 2126 21.

2217 2151 2473 2219 Ἰοτάπη.
2529 2151 2607 2207 ita
2657 2168 2790 2210 mss.
2842 2153 3136 2210 Ptolemaeo
3181 2157 3416 2228 Ἰωτάπη
3474 2168 3534 2215 οι
3564 2161 3730 2217 Chai-

2146 2233 2341 2287 cedon.
2394 2234 2589 2289 concil.
2640 2251 2693 2305 p.
2731 2235 2856 2291 659.
2891 2234 3024 2291 Vide
3073 2238 3136 2292 ii.
3189 2235 3462 2296 Norisium
3501 2242 3730 2303 Dissert.

2149 2329 2189 2369 ll
2229 2317 2293 2370 de
2328 2314 2578 2384 Epocltia,
2610 2335 2662 2388 p.
2695 2319 2818 2372 155.

2216 2399 2353 2456 ibid.
2387 2403 2821 2471 Διοκαισάρεια.
2858 2403 2990 2473 Ejus
3021 2407 3305 2477 episcopus
3350 2407 3588 2467 Joannes
3630 2416 3732 2469 πό-

2148 2482 2285 2546 λεως
2325 2485 2744 2556 Διοκαισαρείας
2789 2487 2839 2539 in
2884 2485 3215 2544 Chalcedon.
3268 2505 3322 2560 p.
3371 2491 3476 2549 659
3507 2496 3730 2554 dicitur.

2152 2563 2284 2619 Vide
2307 2563 2602 2631 Norisinm,
2640 2567 2862 2622 Dissert.
2894 2585 2926 2623 v
2951 2571 3015 2623 de
3043 2569 3240 2640 Epoclt.
3266 2587 3320 2642 p.
3353 2573 3480 2630 562.

2218 2647 2363 2730 ibid.
2391 2649 2600 2715 "0.1611.
2635 2649 2749 2705 Non
2789 2652 3016 2706 multum
3054 2672 3081 2706 a
3138 2653 3387 2712 Seleucia
3423 2669 3735 2730 separatam

2151 2731 2320 2786 fuisse
2341 2729 2577 2788 Basilius
2605 2733 2730 2789 Μὶν.
2759 2734 2819 2790 S.
2856 2731 3060 2790 Thecla:
3089 2753 3148 2802 ιι,
3180 2738 3214 2793 8
3241 2741 3531 2812 significat.
3562 2745 3733 2800 ἂστυ·

2151 2815 2372 2882 γείτονα
2418 2816 2596 2880 πόλιν,
2739 2817 2912 2888 ὄνομά
2965 2821 3118 2875 ἐστιν
3170 2821 3380 2892 ὀλὸα,
3430 2827 3735 2895 appellans.

2153 2897 2470 2982 Theodorus
2503 2900 2712 2964 πόλεως
2749 2901 2954 2970 Ὀλϐης
3007 2904 3106 2974 τῆς
3153 2904 3416 2974 Ἰσαύρων
3462 2910 3736 2982 ἐπαρχίας

2154 2979 2570 3053 Constantinop.
2621 2986 2784 3039 tertio
2818 2986 3167 3056 subscripsit.
3208 2987 3367 3044 Plura
3424 2991 3478 3046 in
3535 2979 3756 3057 Ant—ann

2154 3064 2284 3122 Itin.
2322 3081 2374 3134 p.
2409 3067 2536 3124 212.
3191 3135 3198 3144 Δ

2226 3149 2362 3204 ibid.
2423 3151 2928 3220 Κλαυδιοὺπολις.
2985 3153 3212 3210 Colonia
3267 3167 3387 3212 erat
3437 3173 3467 3214 ιι
3513 3161 3740 3229 Claudio

2157 3235 2409 3300 deducta,
2445 3236 2734 3290 Ammiano
2785 3245 2924 3291 teste
2964 3253 3079 3302 xw,
3120 3237 3182 3304 8,
3228 3241 3391 3307 olim,
3432 3243 3480 3300 si
3525 3244 3736 3303 Theod.

2158 3318 2455 3373 Buinartus
2474 3320 2541 3372 ad
2561 3320 2720 3387 epist.
2754 3317 3024 3373 Theodori
3058 3319 3488 3379 iconiensisAcl.
3523 3327 3740 3386 Sincer.

2159 3415 2211 3468 p.
2262 3399 2367 3456 478
2408 3413 2513 3453 non
2551 3397 2710 3463 fallit,
2742 3399 2948 3455 lsaura.
2995 3400 3213 3456 Fa'sum
3257 3414 3438 3460 tamen
3487 3420 3639 3477 puto,
3687 3422 3742 3467 et

2158 3481 2429 3536 Ammiani
2467 3483 2646 3536 verbis
2681 3496 2786 3535 non
2842 3490 2902 3536 ut
2950 3492 3270 3551 oportuerat
3320 3486 3611 3547 intellectis
3645 3487 3761 3547 de-"

2159 3574 2418 3633 ceptum:
2457 3578 2582 3617 nam
2637 3573 2692 3618 et
2745 3562 3064 3619 Ptolemaus
3109 3577 3163 3620 et
3200 3564 3479 3626 Hierocles
3529 3582 3583 3628 et
3625 3575 3745 3644 ipse

2160 3648 2481 3702 Ammianus
2499 3657 2782 3716 utramque
2806 3647 3060 3702 distincte
3086 3662 3408 3707 memorant.
3427 3653 3563 3711 Vide
3577 3648 3762 3727 quem,

2162 3731 2371 3799 signavi
2407 3730 2581 3784 locum
2616 3745 2739 3785 cum
2777 3729 2974 3786 Valesii
3011 3741 3158 3787 nota.
3207 3731 3325 3788 Sita
3367 3736 3742 3808 Claudiopolis

2161 3825 2282 3872 erat
2320 3816 2372 3869 in
2419 3814 2644 3869 Isauria:
2677 3815 3094 3870 mediterraneis
3141 3816 3302 3886 inque
3343 3819 3567 3887 planitie
3600 3824 3746 3879 inter

2165 3899 2270 3953 duo
2299 3895 2464 3951 Tauri
2504 3895 2656 3966 jnga,
2691 3896 2896 3964 μεταξὺ
2926 3895 3034 3950 τῶν
3083 3898 3178 3952 δύο
3206 3900 3434 3972 Ταύρων
3475 3904 3533 3957 ὲν
3575 3904 3746 3977 πεδίῳ

2157 3980 2419 4051 κειμένη,
2463 3980 2636 4048 inquit
2662 3977 3022 4048 Theophanes
3055 3981 3456 4054 Chronograph.
3487 4001 3543 4056 p.
3580 3989 3707 4047 H9.
3757 3979 3768 4050 ξ

2237 4065 2374 4120 ibid.
2419 4063 2772 4131 Ἰεράπολις.
2812 4063 2974 4119 Fovit
3006 4066 3145 4122 hanc
3174 4067 3396 4123 isaurite
3432 4068 3748 4140 l'iierapolin

2167 4147 2500 4203 Chalcedon.
2533 4147 2729 4202 concii.
2761 4162 2815 4216 p.
2845 4147 2971 4202 674.
3000 4148 3260 4205 Fortasse
3295 4163 3348 4206 et
3379 4153 3486 4208 huc
3511 4155 3749 4220 pertinet

2167 4231 2484 4286 rarissimus
2551 4229 2929 4301 Ἰεροπολιτῶν
2983 4232 3094 4285 τῶν
3163 4235 3301 4303 πρὸς
3351 4235 3432 4306 τῷ
3499 4236 3750 4307 Πυράμῳ

2169 4328 2427 4368 nummus
2472 4311 2624 4367 Thes.
2661 4311 2872 4366 Britan.
2931 4321 3061 4369 tom.
3093 4315 3162 4378 ll,
3199 4331 3252 4384 p.
3282 4317 3384 4370 lH
3413 4335 3428 4370 :
3463 4320 3564 4371 etsi
3597 4319 3767 4373 enim

2165 4398 2432 4470 Pyramus
2471 4396 2677 4451 Ciliciae
2714 4397 2783 4451 sit
2825 4395 3043 4461 ﬂumen,
3103 4399 3236 4452 nihil
3288 4399 3541 4468 impediet
3585 4401 3631 4456 si
3680 4401 3752 4455 ad

2168 4481 2284 4551 ejus
2302 4479 2500 4543 fontes,
2525 4479 2668 4533 unde
2684 4477 2965 4546 etjuvenis
2987 4479 3167 4548 specie
3185 4480 3235 4533 in
3257 4495 3478 4534 nummo
3499 4482 3751 4551 emergit,

2171 4566 2312 4619 hanc
2346 4562 2538 4617 urbem
2572 4575 2882 4629 quaeramus
2919 4571 3081 4630 atque
3113 4570 3263 4615 extra
3291 4563 3408 4632 ejus
3455 4563 3753 4633 provincia:

2170 4647 2457 4710 terminos,
2505 4643 2804 4713 praesertim
2844 4658 2966 4698 cum
2998 4644 3149 4713 plura
3184 4644 3386 4699 veteris
3415 4645 3618 4700 Ciliciae
3647 4647 3772 4716 op-I

2172 4729 2292 4800 pida
2324 4726 2545 4782 isauria:
2577 4727 2830 4794 deinecps
2857 4726 2968 4781 sint
3003 4726 3356 4794 transcripta.
3775 4717 3778 4720 l

2243 4812 2380 4867 ibid.
2416 4808 2814 4876 Διιλισανδός.
2856 4810 3118 4878 Apposita
3168 4819 3289 4864 erat
3335 4821 3503 4866 monti
3538 4812 3762 4867 excelso

2171 4898 2268 4952 sed
2300 4909 2520 4950 amoeno
2549 4902 2602 4948 et
2633 4895 2826 4963 irrigo,
2861 4895 2930 4948 ad
2976 4894 3134 4948 vilem
3178 4904 3233 4948 et
3275 4895 3528 4949 miseram
3565 4895 3773 4964 condi-p

2176 4981 2376 5034 tionem
2423 4977 2645 5032 redacta
2694 4977 2878 5032 Basilii
2943 4987 3206 5048 tempore.
3269 4978 3596 5039 Δαλισανδός
3637 4979 3758 5032 ἐστι

2177 5061 2356 5126 πόλις,
2385 5060 2558 5130 inquit
2588 5058 2780 5113 Mirac.
2808 5058 2870 5114 S.
2907 5058 3114 5115 Thech
3143 5077 3205 5123 tt,
3237 5061 3326 5126 i0,
3358 5062 3390 5132 ἢ
3439 5059 3648 5122 πόλεως
3675 5059 3757 5110 εἵ-

2174 5145 2364 5209 δωλον,
2409 5146 2468 5198 ὲν
2487 5147 2600 5206 τοῖς
2635 5141 2865 5210 ἀφανέσι
2899 5143 2998 5212 μὲν
3021 5144 3117 5197 καὶ
3145 5143 3449 5212 ἀνωνύμοις
3477 5143 3775 5210 ἀπερριμ-ξ

2179 5227 2338 5298 μένη.
2388 5225 2724 5282 Credebatur
2765 5240 2797 5280 a
2837 5224 3015 5281 Samia
3052 5225 3299 5280 Herculis
3331 5225 3362 5278 li
3387 5225 3436 5278 io
3465 5234 3518 5276 et
3560 5215 3775 5274 Dama--

2177 5311 2287 5366 iide
2322 5325 2448 5365 esse
2481 5309 2646 5363 dicta.
2673 5305 2819 5364 idem
2851 5309 3084 5365 Basilius
3109 5307 3235 5362 Mir.
3266 5307 3323 5362 S.
3363 5305 3538 5360 Thecl.
3579 5321 3640 5368 ιι,
3668 5305 3776 5368 i5,‘

2180 5397 2246 5450 de
2276 5394 2506 5448 Eusebia
2533 5399 2592 5447 et
2615 5391 2957 5463 ilypercchio
2986 5412 2998 5446 :
3028 5393 3134 5445 Καὶ
3161 5392 3270 5461 γὰρ
3300 5391 3364 5444 ὲκ
3395 5391 3523 5459 μιᾶς
3553 5388 3762 5450 πόλεως

2179 5477 2439 5550 ὥρμηντο
2459 5477 2560 5546 τῆς
2579 5478 2882 5548 Δαμαλίδος
2906 5494 2964 5530 τε
2987 5477 3082 5530 καὶ
3111 5475 3286 5529 Σάνδα
3303 5471 3394 5527 τοῦ
3427 5473 3760 5544 Ἡρακλέους

2180 5563 2274 5616 τοῦ
2306 5562 2736 5634 Ἀμφιτρύωνος.
2772 5562 2852 5617 Ad
2893 5563 3032 5615 hanc
3067 5561 3212 5615 enim
3244 5562 3432 5614 urbem
3478 5574 3541 5612 ea
3589 5553 3764 5624 perti-

2181 5663 2312 5707 ncrc
2341 5663 2465 5702 eum
2507 5646 2588 5700 Ti.
2636 5643 3050 5701 Hemsterhusio
3085 5644 3360 5706 existimo,
3390 5658 3493 5696 non
3523 5642 3586 5693 ad
3620 5637 3760 5692 Tar-

2187 5750 2330 5801 sum,
2363 5746 2485 5802 qua:
2516 5729 2684 5786 ilenr.
2714 5727 2910 5784 Valesii
2948 5727 3000 5781 in
3033 5728 3305 5781 Ammiun.
3339 5727 3404 5781 1-1
3437 5728 3467 5782 8
3493 5734 3604 5781 erat
3640 5711 3778 5778 scn—'
