4170 6452
362 319 501 384 Il67

364 433 527 489 tentia
559 447 572 484 :
599 426 700 486 etsi
738 425 883 482 enim
924 418 1200 478 Ammiuni
1230 418 1452 475 Sandan
1492 418 1592 472 viri
1634 412 1935 483 doctissimi

356 514 595 585 opinioni
646 506 1043 580 quodammodo
1082 503 1482 574 patrocinetur,
1537 501 1722 552 Oihlal
1761 509 1939 548 tamen

1386 302 1770 364 ADDENDA.
1813 322 1882 332 ’-
1910 296 1977 357 Ρ.
2018 288 2535 354 WESSELINGII

3480 281 3625 348 1168

2121 405 2261 462 Ibid.
2297 402 2620 468 Δαύζὶιόος.
2665 400 2740 455 Ita
2791 395 3185 454 Constantinus
3233 394 3322 450 lib.
3362 413 3400 459 I,
3451 398 3627 453 them.

2045 490 2140 553 I3,
2183 489 2271 542 ubi
2295 502 2416 543 eam
2449 488 2504 541 in
2548 485 2767 540 Isauriae
2811 478 3229 537 mediterraneis
3281 480 3446 535 luisse
3472 482 3624 534 allir-

358 581 618 660 Damalis,
650 609 771 663 qute
802 606 926 646 cum
976 588 1157 643 Sanda
1206 586 1494 655 conjuncta
1536 581 1941 652 Δαμαλισανδὸν
2044 582 2177 663 mat.

359 692 415 735 et
443 687 721 735 contracto
749 666 1075 728 Δαλισανδδν
1106 670 1303 725 format
1333 685 1345 720 :
1374 680 1441 720 ne
1469 665 1646 720 dicam
1684 664 1941 718 Basilium

363 763 517 818 Tarsi
555 776 677 815 cum
706 756 951 814 meminit
996 767 1211 822 semper
1243 750 1469 805 honoris
1503 747 1688 802 titulos
1721 747 1943 809 addere,

365 856 425 901 nt
451 843 559 899 Vit.
591 841 851 897 Theclazl
885 854 939 908 p.
965 836 1075 891 275
1099 834 1311 904 Τάρσος
1351 834 1386 903 ἡ
1419 831 1580 898 καλὴ,
1619 831 1653 883 Ξ
1689 830 1756 884 10
1781 830 1814 898 ἡ
1847 844 1944 897 με·

363 928 529 999 γάλη,
553 933 608 983 et
636 925 701 978 I5
726 925 760 993 ἠ
789 920 973 976 κάλλει
1002 920 1099 973 καὶ
1130 914 1352 999 μεγέθει
1381 913 1613 999 λαμπρᾷι
1642 909 1946 999 καὶ-εὐδαί-

369 991 617 1082 ίιωνίνΛὸ
653 991 777 1070 hoc,
809 1003 959 1058 urbis
987 1001 1130 1071 apud
1166 997 1426 1082 Basiliam
1456 996 1709 1050 conditor
1735 991 1946 1082 Sandas

366 1075 613 1150 Ilcrculis
636 1091 785 1145 mins
805 1088 925 1151 fuit,
947 1101 1070 1140 eum
1097 1081 1366 1138 Ammiani
1391 1080 1613 1134 Sandan
1642 1093 1707 1133 ex
1727 1075 1947 1130 Λῑιιιίο-

362 1179 450 1249 pia
474 1178 544 1232 sit
575 1174 872 1244 profectus,
901 1170 982 1223 vir
1006 1168 1297 1238 opulentus
1318 1172 1372 1218 et
1401 1162 1617 1225 nobilis,
1643 1172 1699 1215 et
1724 1161 1947 1249 dive'rsze

365 1236 648 1330 propterea
706 1253 936 1326 originis
991 1236 1258 1306 videatur.
1316 1249 1468 1315 Quod
1524 1253 1704 1301 tamen
1755 1236 1948 1312 urgere

366 1328 555 1405 nolim,
585 1354 707 1395 cum
734 1340 789 1392 in
822 1337 1047 1390 heroum
1077 1348 1276 1403 genere
1318 1346 1501 1386 secum
1531 1328 1764 1382 invicem
1809 1340 1950 1392 saepe

368 1424 691 1481 dissentiant
732 1431 973 1480 veteres;
1031 1425 1177 1471 certe
1220 1431 1325 1469 non
1376 1414 1666 1468 laudavere
1703 1423 1802 1464 nec
1846 1406 1951 1461 Va-

366 1506 510 1570 lesii,
550 1506 639 1573 qui
685 1518 786 1572 pre
819 1517 883 1556 ex
921 1499 1224 1565 Aitltiopia,
1259 1496 1513 1566 quoniam
1565 1507 1698 1548 mss.
1731 1490 1951 1561 quidam

326 1576 432 1643 λετ
467 1584 661 1642 {Er/tio
703 1587 973 1647 scribunt,
1013 1599 1077 1637 ex
1124 1581 1258 1635 Chio
1305 1582 1576 1650 profectus
1620 1573 1949 1637 emendavit,

368 1681 645 1735 conatum,
694 1682 793 1724 nec
821 1666 1078 1723 Crenevii
1120 1680 1185 1718 ex
1226 1663 1487 1717 .lletarhio
1524 1660 1608 1712 vel
1657 1656 1954 1711 Melachoio

369 1753 721 1823 corrigentis.
751 1750 962 1804 Sandes
1000 1748 1144 1803 enim
1175 1747 1292 1823 sive
1334 1743 1594 1798 Hercules
1622 1754 1716 1794 seu
1752 1738 1956 1793 Hercu-

371 1837 439 1893 lis
466 1818 610 1891 Iilius
639 1833 956 1905 peregrinus
983 1832 1106 1895 fuit,
1139 1836 1199 1884 et
1224 1818 1300 1883 ex
1342 1827 1549 1880 ultimis
1598 1824 1762 1879 India;
1798 1822 1956 1887 locis,

371 1933 535 1982 quam
564 1933 685 1973 cum
721 1914 994 1983 Aﬁthiepia
1027 1928 1170 1982 saepe
1202 1909 1521 1982 permisceri
1551 1918 1739 1962 notum
1765 1915 1875 1971 est,
1903 1907 1956 1959 in

371 2002 615 2057 Ciliciam
648 1999 863 2054 invasit.
896 1998 1165 2052 Docemnr
1195 1997 1294 2049 hec
1318 2008 1350 2046 a
1376 1992 1565 2047 Nonne
1588 1992 1658 2045 51
1684 1989 1807 2055 196,
1834 2004 1956 2045 cum

374 2085 711 2148 Merrheum,
772 2080 1024 2136 Indorum
1077 2079 1220 2148 regis
1277 2091 1534 2147 generum
1583 2083 1638 2130 et
1681 2075 1957 2145 copiarum

375 2172 590 2233 ducem,
626 2165 869 2220 (Siciliam
899 2164 1177 2218 domuisse
1207 2177 1268 2215 ac
1309 2161 1545 2214 Sauriam
1594 2158 1724 2213 inibi
1776 2157 1960 2227 appel-

377 2252 476 2305 lari
532 2251 782 2320 perhibet
830 2266 841 2300 :
886 2245 1049 2302 Ὅθεν
1112 2245 1358 2298 Κιλίκων
1411 2243 1490 2296 ἐνὶ
1557 2240 1691 2314 γαίῃ
1752 2240 1960 2311 Σάνδης

387 2334 696 2405 Ἡρακλέης
746 2331 1098 2400 κικλήσκεται
1135 2327 1300 2380 είσέτι
1350 2326 1624 2405 Μόῤῥευς,
1668 2323 1795 2390 ubi,
1828 2332 1887 2377 ut
1930 2335 1960 2376 a

377 2402 691 2475 doctissime
715 2413 919 2468 Cunteo
947 2411 1076 2481 quid
1111 2417 1438 2473 mutaretur,
1465 2402 1603 2462 nihil
1636 2405 1812 2461 fuerat
1858 2418 1960 2460 ne-

376 2513 551 2560 cesse,
604 2496 678 2551 uti
719 2510 819 2550 nec
858 2495 928 2550 ah
965 2493 1247 2547 Harduiue
1296 2492 1350 2546 in
1386 2490 1546 2545 Plinii
1578 2489 1611 2543 6
1649 2488 1763 2544 20:
1799 2484 1962 2543 Indus

378 2581 523 2636 enim
549 2579 764 2647 ﬂuvius,
789 2575 981 2633 incolis
1006 2573 1220 2630 Sandus
1246 2573 1567 2643 appellatus,
1589 2570 1805 2626 Ilerculi
1838 2570 1963 2624 huic

377 2664 565 2719 Iudice
593 2661 805 2717 videtur
831 2661 1028 2715 merito
1058 2658 1419 2727 cognominis.
1443 2654 1554 2711 Nec
1585 2654 1731 2710 Indis
1753 2662 1960 2710 tantum

379 2749 586 2802 Sandes
617 2745 672 2800 in
708 2744 914 2799 honore
946 2750 1086 2807 erat,
1121 2756 1307 2796 verum
1338 2749 1392 2795 et
1432 2738 1637 2803 Persis,
1666 2751 1803 2808 quos
1828 2738 1967 2805 Aga-

379 2833 545 2896 thias,
560 2829 716 2900 cujus
731 2828 862 2883 mihi
880 2826 1137 2882 indicium
1153 2822 1281 2879 fecit
1296 2822 1736 2878 Ilemsterhusius
1751 2830 1964 2885 noster,

377 2915 434 2981 2,
464 2928 516 2983 p.
542 2913 611 2967 6‘2
641 2910 926 2966 Ilerculem
986 2908 1205 2963 Sanden
1261 2919 1573 2972 nuncupare
1615 2902 1962 2958 testiﬁcatur.

380 2996 567 3063 Itaque
598 2993 701 3048 sia
738 2990 1018 3045 Damalide
1073 2997 1129 3043 et
1163 2986 1345 3041 Sanda
1386 2985 1712 3040 Dalisandus
1749 2984 1842 3051 sit,
1874 2984 1962 3038 vix

384 3078 515 3132 mihi
551 3073 863 3145 persuaderi
899 3072 1077 3142 patior
1101 3069 1414 3123 Δαλίσανδα
1438 3067 1624 3131 urbem
1658 3066 1849 3131 fuisse,
1877 3076 1961 3122 ta-

385 3158 544 3216 metsi
577 3167 769 3213 testem
802 3156 933 3211 citet
972 3153 1278 3222 Stephanus
1304 3152 1643 3222 Capitonem.
1675 3152 1713 3204 1.
1746 3166 1762 3203 ι
1781 3150 1966 3288 ouum

385 3247 659 3288 rimrnm-
706 3252 946 3288 unouam
1008 3237 1233 3288 dictam.
1294 3232 1431 3288 Novi
1477 3233 1605 3288 quid
1657 3231 1779 3287 Vict
1869 3249 1966 3288 nus

384 3247 660 3308 ricerum,
706 3252 947 3309 unquam
1008 3237 1233 3291 dictam.
1294 3232 1431 3289 Novi
1477 3233 1605 3303 quid
1657 3231 1968 3289 VictoHnus

383 3325 687 3380 Crammat.
718 3336 773 3390 p.
819 3320 986 3385 2570,
1019 3319 1149 3388 quid
1181 3317 1270 3371 alii
1315 3320 1381 3372 de
1421 3318 1465 3370 A
1509 3327 1564 3371 et
1593 3319 1632 3369 A
1676 3318 1818 3371 inter
1848 3330 1970 3372 sese

385 3405 733 3463 commutatis
754 3402 1074 3472 scripserint
1100 3419 1113 3455 :
1136 3400 1230 3454 sed
1255 3398 1359 3453 alia
1385 3398 1473 3453 hic
1489 3407 1545 3453 et
1568 3398 1736 3452 nutlte
1757 3399 1966 3454 diversa

383 3501 468 3547 est
502 3488 678 3545 ratio:
711 3501 887 3557 neque
914 3487 1059 3540 enim
1098 3484 1356 3538 Damalim
1384 3490 1438 3536 et
1472 3481 1735 3535 Lamalim
1766 3481 1970 3537 dixisse

385 3572 642 3629 credibile
671 3580 776 3628 est.
809 3569 996 3624 Potius
1032 3566 1276 3621 arbitrer
1312 3565 1366 3620 in
1409 3563 1686 3633 Capitonis
1720 3562 1969 3619 Isauricis

386 3656 819 3712 conformatione
857 3652 1163 3706 litterarum
1214 3650 1254 3700 Δ
1299 3655 1354 3703 et
1378 3648 1425 3700 Λ
1455 3661 1666 3703 errasse
1694 3646 1968 3712 librarios,

386 3756 559 3813 eaque
611 3739 823 3794 ratione
845 3733 1150 3789 Δαλίσανδα
1175 3746 1297 3788 esse
1321 3739 1470 3813 nata.

461 3812 580 3881 Col.
618 3823 741 3879 152.
786 3817 1319 3889 Γερμανικόπολις.
1350 3812 1497 3869 Inter
1534 3814 1759 3870 Isauria:
1803 3815 1971 3870 medi-

389 3915 673 3963 terraueas
697 3902 1087 3960 Constantinus
1122 3899 1158 3954 I.
1185 3914 1225 3965 ι,
1251 3900 1394 3953 them
1420 3897 1487 3951 15
1518 3897 1676 3952 locat.
1709 3896 1971 3968 Γερμανιο

390 3990 652 4052 κυέπολις
697 3989 796 4058 τῆς
827 3984 1102 4056 Ἰσαυρίας
1154 3981 1351 4036 cencil.
1384 3979 1715 4034 Chalcedon.
1749 3995 1803 4049 p.
1844 3979 1970 4036 659.

438 4072 592 4127 -lbid.
629 4069 1050 4137 Ειρηνόπολις.
1076 4061 1463 4132 Distinguenda
1490 4063 1604 4116 haec
1633 4070 1719 4116 est
1738 4063 1808 4115 ab
1827 4060 1970 4130 ejus-

388 4155 512 4211 dem
560 4152 795 4208 neminis
828 4150 885 4204 in
913 4147 1102 4203 Cilicia
1137 4144 1374 4200 secunda
1412 4144 1575 4209 urbe,
1631 4151 1690 4196 ut
1724 4143 1970 4198 studiose

389 4238 453 4292 tit
476 4237 528 4291 in
556 4231 974 4299 Constantinop.
1004 4228 1244 4284 secundo
1272 4243 1328 4297 p.
1362 4225 1467 4281 670
1508 4234 1562 4279 et
1587 4226 1684 4281 671
1713 4242 1727 4278 :
1763 4241 1886 4280 nam
1914 4237 1972 4281 et

388 4319 590 4376 Paulus
620 4314 1065 4388 Είρῃνουπόλεως
1118 4314 1219 4381 τῆς
1263 4310 1521 4382 δευτέρας
1578 4309 1687 4363 τῶν
1731 4309 1972 4365 Κιλίκων

388 4400 660 4473 ἐπαρχίας
705 4408 760 4454 et
797 4395 1062 4466 Georgius
1099 4392 1544 4463 Είρηνουπόλεως
1576 4393 1678 4473 τῆς
1708 4390 1972 4464 Ἰσαύρων

386 4472 657 4555 ἐπαρχίας
687 4480 1056 4536 subscribunt.
1112 4474 1344 4532 Basilius
1380 4474 1572 4529 Mirac.
1617 4472 1676 4528 S.
1727 4473 1905 4528 Thecl.
1936 4474 1972 4527 2

387 4567 458 4623 18
494 4566 593 4639 τὴν
631 4564 757 4618 κα3’
787 4563 935 4636 ἡμᾶς
964 4557 1379 4633 Εἱρηνοὺπολιν,
1434 4566 1492 4613 ut
1523 4572 1555 4612 α
1586 4555 1793 4613 Cilicia:
1834 4558 1969 4613 urbe

387 4650 708 4721 distinguat,
732 4656 1034 4715 nuncupat.

460 4732 596 4789 Ibid.
647 4729 1066 4798 Φιλαδέλφεια.
1125 4726 1220 4782 Est
1253 4726 1306 4781 in
1331 4723 1622 4779 Ptolemaee
1650 4730 1706 4777 et
1741 4721 1972 4778 concilio

388 4812 720 4871 Chalcedon.
755 4827 811 4882 p.
841 4810 980 4877 659;
1024 4817 1340 4879 sequentem
1376 4807 1557 4878 legere
1588 4822 1692 4861 non
1727 4807 1970 4863 memini.
2042 4847 2046 4850 ‹

388 4897 564 4952 Habet
598 4895 909 4966 Stephanus
937 4892 1156 4948 Isaurize
1192 4893 1381 4946 urbem
1410 4888 1664 4953 Μονόϐας
1701 4904 1767 4944 ex
1795 4887 1972 4959 Capi-

390 4990 695 5051 toneqnam
719 4987 959 5033 nostram
978 4990 1101 5031 esse
1131 4988 1238 5030 non
1263 4973 1509 5028 liuivere.

442 5061 593 5117 :Ibid.
625 5060 917 5128 Δαρασός.
948 5056 1083 5113 Ρυῑο
1105 5054 1360 5111 Carolum
1384 5070 1413 5108 a
1436 5053 1496 5110 S.
1514 5052 1683 5108 Paulo
1707 5051 1971 5124 Ἀδρασὸν

388 5155 539 5198 recte
589 5143 916 5199 correxisse.
972 5139 1285 5208 Stephanus
1337 5136 1547 5200 πόλεως
1575 5134 1842 5207 Ἀδρασοῦ
1871 5136 1971 5205 τῆς

389 5225 653 5296 τισαύρων
722 5223 1015 5297 ἐπαρχίας.
1076 5235 1195 5274 eam
1262 5219 1493 5283 urbem,
1534 5219 1673 5273 male
1734 5219 1787 5273 in
1838 5216 1970 5273 Geo'

390 5310 612 5379 graphio
630 5307 692 5362 S.
725 5309 1050 5378 neglectam,
1073 5302 1299 5373 requirit
1320 5300 1534 5358 Cencil.
1552 5300 1967 5371 Constantinop.

392 5400 515 5446 ωτι.
544 5405 598 5462 p.
628 5390 755 5445 671.

462 5473 599 5528 Ibid.
625 5469 1019 5540 Ζεέδη.’Σ6ίδη
1061 5467 1182 5524 aliis
1202 5466 1446 5537 Notitt'r's,
1475 5467 1603 5539 Βίδη
1640 5467 1966 5522 Chalcedon.

394 5554 689 5626 Synodep.
723 5555 850 5609 674.

467 5640 599 5694 Ibid.
648 5639 969 5704 Νεάπολις.
1022 5637 1099 5693 De
1145 5638 1249 5692 hac
1276 5633 1411 5690 nihil
1454 5633 1667 5698 dixere,
1702 5633 1804 5688 nisi
1844 5632 1971 5689 Sui-

395 5722 514 5781 dam
542 5720 659 5788 ejus
691 5722 848 5777 nobis
878 5721 1193 5777 memoriam
1223 5732 1472 5776 servasse
1504 5718 1556 5772 in
1592 5716 1857 5779 Ἰνδακος.

2118 655 2249 709 Ibid.
2321 653 2459 705 ’Υπύ
2532 647 2999 715 κονσουλὰριον.
3069 644 3338 714 Ιιιδςνίῃιει
3410 656 3490 700 est
3541 647 3627 701 Jo.

2044 735 2423 808 Cltrysestomi
2456 735 2617 805 epist.
2649 733 2751 788 159
2791 729 3078 785 Theodoro
3117 727 3222 799 τῆς
3267 728 3468 799 Συρίας
3501 746 3633 782 κονο

2049 818 2344 889 σουλαρίῳ.
2391 815 2522 871 Vide
2553 827 2608 873 et
2628 814 2751 871 Jac.
2778 811 3171 869 Gethol‘redum
3204 812 3257 865 in
3290 811 3328 865 I.
3363 812 3418 865 It
3448 830 3497 866 c.
3522 811 3628 866 Th.

2049 903 2114 957 de
2151 899 2429 957 Cehertal.

2122 984 2252 1039 Ibid.
2294 983 2636 1051 Ἀντιόχεια.
2683 979 2861 1036 Cteles
2913 978 3084 1050 Syriae
3107 977 3428 1046 metropoliu
3460 992 3633 1047 agno-

2051 1076 2207 1123 scunt
2233 1081 2443 1121 omnes.
2505 1065 2636 1119 Vide
2683 1062 3070 1132 Spanhemium
3125 1058 3350 1114 Dissert.
3382 1060 3416 1115 9
3441 1062 3506 1114 de
3532 1076 3635 1115 usu

2051 1160 2101 1205 et
2134 1158 2316 1219 prwst.
2351 1149 2516 1202 Num.
2554 1162 2607 1217 p.
2634 1147 2757 1203 586.
2782 1145 2921 1200 Ilinc
2945 1143 3190 1215 Eunapio
3225 1145 3279 1198 in
3330 1143 3560 1200 Libanie
3599 1146 3640 1213 ἡ

2051 1233 2151 1303 τῆς
2181 1231 2365 1302 κοίλης
2383 1230 2729 1301 καλουμένης
2749 1229 2950 1299 Συρίας
2979 1226 3170 1299 πρώτη
3197 1225 3426 1285 πόλεων.
3458 1226 3636 1292 Quam

2054 1315 2129 1387 illi
2170 1316 2487 1387 dignitatem
2516 1312 2858 1368 Theodosius
2891 1311 3101 1380 primus
3129 1311 3199 1363 ob
3248 1318 3447 1363 motam
3487 1309 3637 1362 sedi-

2055 1385 2278 1464 tionem,
2317 1411 2541 1469 prorsus
2573 1395 2772 1450 utelim
2797 1394 3031 1448 Severus
3054 1393 3375 1461 imperator,
3413 1391 3641 1446 abstulit
3674 1402 3687 1411 '

2056 1491 2106 1534 et
2135 1479 2420 1535 Laodicea:
2447 1478 2812 1546 trauscripsit.
2851 1485 2987 1537 Iesu:
3011 1472 3358 1529 Theodoreto
3398 1471 3468 1526 Il.
3504 1471 3571 1527 E.
3608 1474 3644 1525 5

1994 1578 1997 1581 ‘
2053 1565 2251 1631 20,cui
2292 1563 2564 1634 egregiam
2604 1563 2691 1618 ιο.
2739 1560 3161 1631 Chrysestomus
3212 1558 3449 1612 Ilomilr'a
3478 1558 3542 1610 17
3572 1560 3647 1612 ad

2056 1647 2381 1701 Antiochea.
2422 1662 2474 1716 p.
2516 1645 2622 1699 175
2650 1644 2781 1700 edit.
2817 1657 2942 1697 nov.
2975 1642 3148 1695 lucem
3187 1640 3348 1695 feret.

2128 1730 2263 1785 Ibid.
2291 1730 2630 1784 Σελεύκεια.
2664 1726 2884 1783 Auctofi
2920 1725 3014 1779 lib.
3055 1724 3073 1777 I
3106 1723 3346 1777 Macrob.
3395 1738 3445 1777 c.
3484 1724 3539 1777 II
3601 1724 3639 1776 8

2059 1815 2351 1868 Σελεύκεια
2404 1811 2841 1883 παραθαλασσία,
2909 1807 3064 1876 cujus
3122 1809 3286 1863 situm
3342 1812 3643 1863 accuratis-

2059 1900 2198 1954 sime
2229 1898 2517 1969 descripsit
2547 1896 2804 1966 Pelybius
2832 1894 2867 1949 5
2897 1892 2986 1948 59.
3021 1891 3283 1946 Libauius
3310 1892 3408 1961 τὴν
3448 1892 3641 1945 Σελεύ-

2058 2000 2158 2036 κου
2189 1981 2446 2051 appellat,
2492 1981 2643 2049 quod
2673 1994 2798 2034 cum
2831 1992 2939 2031 non
2987 1976 3446 2029 animadverteret
3476 1975 3647 2031 inter-

2059 2080 2204 2132 pres,
2232 2066 2463 2134 turpiter
2480 2063 2665 2133 lapsus
2689 2068 2776 2115 est
2799 2061 2851 2114 in
2880 2058 3190 2112 Antiochico
3232 2074 3288 2127 p.
3322 2056 3556 2123 561’),th
3576 2062 3645 2112 ὲκ

2059 2150 2158 2218 τῆς
2190 2146 2454 2201 Σελεύκου
2476 2146 2742 2218 τύραννον
2792 2142 2894 2213 (sic
2921 2140 3067 2197 enim
3112 2141 3331 2210 scripsit
3354 2140 3644 2210 Libanitts)

2063 2240 2347 2301 tyrannum
2381 2247 2414 2283 α
2446 2228 2663 2284 Seleuco
2700 2236 2942 2282 vertens.
2979 2223 3251 2293 Eugenius
3295 2224 3645 2293 intelligitur,

2060 2315 2152 2385 qui
2182 2313 2475 2379 Seleuciae,
2503 2327 2623 2366 cum
2679 2309 2907 2379 imperio
2947 2307 3311 2363 Diocletianus
3359 2319 3645 2376 prmesset,

2065 2397 2401 2468 tyrannidem
2458 2396 2768 2459 invaserat;
2801 2406 2913 2464 quo
2963 2393 3030 2445 de
3083 2391 3321 2461 egregie,
3368 2400 3427 2444 ut
3483 2391 3645 2453 solet,

2064 2481 2228 2536 Henr.
2256 2479 2501 2536 Valesius
2547 2479 2601 2533 in
2631 2475 2846 2532 Eusebii
2882 2474 2956 2529 Η.
2994 2473 3061 2528 Ε.
3100 2476 3133 2528 8
3178 2472 3232 2527 6.
3255 2474 3321 2528 Ει
3349 2474 3645 2529 Seleucen-

2062 2565 2200 2620 sium
2221 2563 2427 2618 nummi
2458 2569 2719 2632 superant
2743 2561 2946 2629 plures,
2967 2572 2999 2613 e
3016 2559 3213 2621 quibus
3243 2558 3329 2612 hic
3344 2557 3647 2613 Gaszil—

2063 2648 2240 2702 dianae
2268 2646 2537 2701 notandus
2565 2653 2685 2700 est:
2718 2643 3003 2696 ΑΥΤΟΚΡ
3030 2680 3044 2695 .
3074 2678 3090 2695 .
3118 2680 3155 2696 ..
3195 2642 3353 2695 NEP.
3408 2642 3647 2695 'I‘PAIA-

2064 2732 2221 2788 NOC.
2253 2730 2479 2786 APICT.
2514 2729 2668 2786 CEB.
2712 2727 2922 2781 ΓΕΡΜ.
2984 2728 3148 2781 ΔΑΚ.
3200 2735 3255 2781 et
3281 2736 3435 2797 parte
3476 2726 3646 2782 altera

2065 2813 2504 2870 ΣΕΛΕΥΚΕΩΝ.
2553 2810 2899 2866 IIEIEPIAC.
2929 2809 2993 2863 Β.
3030 2824 3153 2863 cum
3188 2810 3386 2878 temple
3411 2819 3651 2877 quatuor

2065 2897 2334 2952 columnis
2362 2893 2609 2961 sutiulto,
2637 2895 2692 2948 in
2715 2893 2878 2962 cujus
2900 2890 3080 2946 medie
3107 2905 3281 2953 mens,
3315 2890 3454 2944 infra
3479 2906 3646 2959 quem

2066 2978 2242 3033 ZEYC
2273 2975 2546 3054 KAEIOC.
2567 2977 2703 3032 Huic
2724 2973 2960 3031 similem
2989 2977 3043 3028 in
3073 2972 3224 3028 Thes.
3252 2970 3464 3027 Frider.
3492 2989 3542 3028 c.
3576 2971 3647 3026 IX

2068 3063 2130 3117 11
2160 3077 2281 3117 cum
2311 3064 2349 3114 Δ
2376 3071 2436 3117 et
2467 3061 2521 3116 in
2547 3060 2713 3114 Num.
2756 3057 2932 3129 Impp.
2970 3054 3139 3111 Gneo.
3179 3055 3449 3111 Vaillantii
3483 3073 3535 3127 p.
3578 3058 3655 3112 51)

2068 3159 2191 3200 cum
2228 3151 2354 3198 nota
2384 3143 2588 3198 senarii
2614 3141 2895 3210 reperies;
2932 3154 3055 3210 qua:
3078 3138 3272 3195 littera:
3292 3155 3394 3196 nec
3424 3138 3651 3209 Trajani

2070 3241 2240 3281 annos
2266 3225 2522 3298 (obstant
2548 3225 2750 3295 quippe
2790 3223 2973 3279 Dacici
3019 3231 3183 3292 atque
3215 3220 3416 3292 Optimi
3464 3224 3652 3292 tituli)

2070 3325 2171 3365 nec
2196 3325 2390 3364 novam
2424 3309 2720 3380 designant
2746 3322 2937 3374 atram,
2965 3306 3123 3378 cujus
3161 3307 3371 3362 initium
3404 3317 3657 3381 repeten-

2071 3397 2197 3451 dum
2241 3393 2379 3450 foret
2400 3409 2431 3448 a
2455 3391 2678 3463 Trajani
2704 3392 2930 3463 pietate,
2985 3405 3148 3460 quam
3177 3389 3295 3445 Jovi
3318 3390 3479 3446 Casio
3508 3393 3560 3445 in
3585 3392 3657 3447 iis

2072 3475 2316 3542 partibus
2345 3466 2810 3544 probaverit,'qu:e
2837 3474 2908 3529 cl.
2936 3473 3103 3529 Liebe
3122 3473 3389 3529 sententia
3418 3488 3432 3525 :
3466 3484 3652 3528 vetant

2072 3558 2449 3614 Berteensium
2474 3557 2705 3637 nummi,
2733 3555 2924 3612 iisdem
2946 3554 3165 3627 Trajani
3185 3556 3355 3610 titulis
3382 3557 3652 3628 inscripti,

2074 3643 2216 3697 inter
2275 3634 2590 3705 Wildianes,
2636 3654 2880 3716 quorum
2941 3654 3085 3696 unus
3145 3640 3531 3697 BEPOIAIQN.
3586 3642 3653 3702 Β,

2073 3725 2210 3779 alter
2232 3722 2294 3787 Γ,
2332 3723 2544 3788 tertius,
2587 3728 2751 3793 quem
2782 3723 2865 3792 vir
2915 3723 3169 3793 egregius
3210 3722 3409 3778 Select.
3439 3722 3654 3779 Numis.

2074 3808 2185 3862 tab.
2224 3803 2366 3860 XVII
2423 3804 2686 3875 vulgavit,
2730 3807 2786 3859 H
2824 3804 3063 3875 praefert,
3115 3813 3172 3861 et
3212 3804 3652 3863 Chalcidensium

2074 3888 2213 3958 apud
2250 3886 2594 3943 Vaillantium
2636 3902 2758 3941 cum
2814 3886 2985 3958 signis
3013 3889 3058 3940 A
3096 3896 3149 3943 ct
3172 3891 3234 3940 Δ.
3289 3887 3472 3958 Neque
3502 3892 3649 3944 enim

2075 3980 2228 4040 pulo,
2259 3970 2349 4025 vir
2372 3972 2568 4025 doctus
2593 3968 2950 4025 arbitrabitur
2973 3969 3039 4023 ad
3073 3984 3263 4026 omnes
3293 3972 3466 4043 Syriae
3491 3974 3657 4027 urbes

2072 4071 2192 4109 eam
2244 4068 2409 4108 atram
2465 4054 2790 4122 pervasisse,
2824 4054 3118 4124 etpassim
3176 4054 3342 4126 Syros
3394 4072 3458 4111 ex
3504 4061 3654 4112 cultu

2074 4136 2218 4192 Casii
2267 4138 2407 4206 apud
2459 4135 2838 4192 Seleucienses
2887 4135 3038 4192 Jovis
3059 4153 3234 4193 annos
3282 4139 3388 4194 sub
3416 4138 3652 4210 Trojano

2074 4235 2413 4277 numerasse.
2463 4220 2627 4277 Ferte
2655 4222 2840 4278 verius
2885 4224 3308 4279 menetariertnn
3362 4236 3503 4280 neue
3532 4242 3652 4280 ere-

2073 4304 2295 4441 dlentur,
2353 4305 2513 4360 nobis
2563 4306 2956 4377 nuncignette.
3013 4305 3089 4361 De
3131 4305 3402 4363 Laodicea
3443 4309 3653 4364 dictum

2073 4403 2103 4441 a
2129 4403 2209 4441 ias
2236 4398 2342 4441 est.

2073 4398 2209 4443 alias
2236 4398 2342 4444 est.

2144 4472 2279 4526 Ibid.
2301 4471 2569 4527 Γάϐαλα.
2603 4470 2765 4535 Πόλις
2794 4470 2898 4540 τῆς
2939 4471 3168 4544 πρώτης
3195 4474 3393 4544 Συρίας
3415 4472 3502 4529 Jo.
3534 4476 3651 4529 Ma-

2073 4553 2191 4608 Ialte
2213 4562 2345 4608 tom.
2379 4552 2443 4615 ll,
2471 4568 2527 4622 p.
2552 4550 2644 4607 88.
2677 4550 3018 4608 Theodoreto
3077 4554 3235 4616 πόλις
3287 4559 3496 4628 σμικρά
3556 4562 3655 4613 καὶ

2072 4636 2407 4773 privigne-cr;
2437 4635 2643 4692 Hister.
2676 4637 2937 4709 Religies.
2967 4653 3016 4695 ο.
3050 4637 3142 4695 28.
3175 4638 3306 4695 Vide
3351 4641 3477 4699 Am.
3513 4643 3649 4697 Itin.

2072 4735 2125 4773 ο.
2196 4758 2199 4761 ρ
2266 4757 2278 4773 .

2144 4802 2280 4857 Ibid.
2312 4792 2574 4867 Πᾶλτος.
2608 4802 2829 4859 Aberat.
2878 4802 2950 4857 20
2993 4803 3064 4858 Μ.
3106 4804 3166 4859 Ρ.
3197 4804 3484 4862 Laodicea.
3516 4806 3655 4862 Vale

2073 4886 2198 4940 Ant.
2225 4884 2356 4940 Itin.
2384 4901 2437 4956 p.
2468 4884 2593 4942 117.
2612 4886 3112 4943 Justinianushanc
3148 4899 3205 4943 et
3233 4888 3554 4945 Laodiceam
3596 4904 3655 4946 et

2073 4968 2303 5032 Gabala,
2369 4968 2674 5024 Antiochizc
2734 4970 3132 5039 quodammodo
3161 4973 3459 5041 ademptas,
3494 4990 3655 5031 nevae

2072 5049 2385 5120 provinciae,
2414 5051 2498 5106 cui
2532 5048 2930 5107 'I‘heederiadis
2960 5067 3157 5108 nomen
3197 5052 3421 5122 fecerat,
3454 5067 3653 5126 praste-

2074 5147 2275 5202 rcaque
2298 5148 2363 5189 ex
2391 5131 2548 5205 Syria
2586 5134 2823 5189 secunda
2871 5134 3134 5192 Balaneas
3179 5137 3480 5193 contribuit
3509 5141 3653 5209 apud

2071 5215 2158 5271 Jo.
2189 5215 2440 5272 Malalam
2468 5226 2598 5272 tom.
2620 5215 2688 5285 Il,
2715 5232 2769 5287 p.
2804 5218 2933 5274 I85.

2140 5299 2275 5356 Ibid.
2311 5299 2542 5369 Βέροια.
2575 5299 2649 5355 De
2682 5303 2784 5357 hac
2809 5312 2865 5357 et
2887 5302 3144 5358 Chalcide
3169 5302 3556 5372 disputavimus
3578 5307 3649 5363 ad

2071 5382 2212 5437 idem
2242 5381 2428 5438 ltiner.
2463 5399 2516 5453 p.
2551 5383 2674 5438 I93.
2709 5385 2897 5440 Obiter
2938 5386 3029 5440 hic
3050 5385 3262 5441 Socrati
3289 5388 3547 5442 auxilium
3574 5386 3656 5443 fe-

2072 5481 2255 5521 remus
2284 5465 2315 5517 7
2345 5464 2432 5520 16.
2462 5467 2553 5521 Ἐν
2581 5466 2902 5539 Ἰνμεστὰρ,
2934 5468 3127 5536 inquit,
3147 5468 3294 5523 οὕτω
3329 5470 3654 5542 καλουμένῳ

2070 5549 2241 5620 τόπῳ,
2272 5547 2332 5615 ὃς
2364 5551 2542 5602 κεῖται
2574 5550 2780 5620 μεταξὺ
2840 5549 3107 5614 Χαλκίδος
3170 5553 3267 5606 καὶ
3314 5552 3654 5623 Ἀντιοχείας

2071 5633 2168 5702 τῆς
2199 5634 2256 5686 ἐν
2296 5632 2499 5705 Συρίᾳ,
2544 5633 2789 5688 Ἰουδαῖοι
2852 5633 3096 5704 συνήθως
3149 5637 3361 5700 ἑαυτοῖς
3422 5637 3652 5706 παίγνια

2075 5716 2364 5771 ἐπετέλουν
2400 5718 2542 5773 τινά.
2575 5717 2865 5786 Flagitiose
2896 5720 3039 5773 enim
3077 5731 3390 5791 corruptum
3437 5733 3521 5778 est
3548 5722 3655 5777 vici
