4170 6424
463 399 600 465 1160

459 527 680 581 nomen,
712 514 768 569 in
806 530 914 585 quo
936 516 1114 573 scelus
1146 519 1290 586 quod
1320 517 1576 575 Socrates
1608 526 1827 573 enarrat
1858 517 2027 575 Judaei

460 605 766 663 patrarunt.
802 597 950 667 Lege
981 599 1040 652 ὲν
1074 602 1302 670 Ἰμμαις
1334 601 1549 674 γάρ,ἐι
1578 591 1757 657 vicum
1793 603 2038 667 habebis,

456 679 531 733 20
564 678 634 733 Μ.
664 678 724 734 Ρ.
756 696 787 735 a
808 680 1064 737 Chalcide
1091 683 1428 753 disiunctum
1461 686 1605 755 apud
1639 684 2037 741 Theodoretum

459 761 603 816 Hist.
653 761 824 834 Relig.
850 781 902 821 c.
952 765 984 818 7
1026 767 1273 836 atquein
1309 767 1513 823 Tabula
1563 768 2034 838 Peutingerorum.

458 842 669 899 Firmat
694 847 1084 916 conjecturam,
1108 850 1212 904 etsi
1247 850 1300 904 in
1327 851 1574 907 vocabuli
1610 866 1838 907 numero
1866 860 2034 921 etge-

459 942 590 982 nere
612 927 967 997 dissentiens,
1003 930 1365 1001 Theophanes
1395 932 1802 1004 Cbronograph.
1830 950 1885 1004 p.
1919 935 1981 989 71
2021 952 2037 990 :

457 1008 646 1080 Τούτῳ
674 1010 753 1081 τῷ
781 1010 891 1065 ἔτει
918 1013 1161 1068 Ἰουδαῖοι
1189 1016 1270 1078 εἰς
1298 1015 1360 1068 τὸ
1392 1016 1591 1086 Ἰμμον
1624 1016 1837 1071 παιδίον
1870 1018 2040 1089 Χρισ-

456 1093 640 1147 τιανὸν
698 1094 1077 1160 συλλαϐόντες.
1128 1097 1196 1151 Ει
1244 1097 1549 1166 Cedrenus,
1592 1115 1903 1170 quanquam
1943 1115 2042 1170 per

459 1175 673 1229 παιδίον
706 1175 1056 1246 Theophanis
1100 1179 1156 1234 in
1206 1194 1449 1236 errorem
1485 1182 1774 1250 impulsus,
1798 1197 1852 1252 p.
1882 1182 1989 1238 276
2019 1199 2033 1234 :

459 1256 701 1313 Ἰουδαῖοι
730 1261 811 1322 εἰς
838 1260 931 1315 τὸν
979 1262 1179 1334 Ἴμμον
1241 1263 1428 1316 πεδίον
1478 1265 1810 1336 Χριστιανὸν
1872 1267 2037 1322 παῖδα

459 1342 834 1408 συλλαϐόντες.
855 1343 1006 1400 Fecit
1036 1360 1102 1402 ex
1125 1346 1321 1401 vicinia
1343 1347 1463 1402 soni
1489 1346 1585 1400 τοῦ
1617 1348 1835 1402 παιδίου
1854 1358 1912 1406 et
1941 1367 2037 1404 πε-

455 1426 593 1490 δίου,
629 1424 855 1482 Immum
881 1442 1156 1498 campum,
1194 1444 1380 1500 quem,
1412 1430 1457 1484 si
1482 1430 1550 1485 ad
1574 1430 1692 1487 haec
1718 1434 2040 1492 attendisset

455 1508 587 1564 Abr.
623 1509 883 1576 Ortelius,
908 1511 1052 1568 circa
1080 1512 1398 1583 Byzantium
1428 1529 1538 1569 non
1566 1516 1929 1583 quaesivisset.

525 1591 644 1647 Col.
674 1591 798 1648 I52.
844 1592 980 1648 Ὑπὸ
1022 1595 1309 1665 ἡγεμόνα.
1359 1595 1624 1651 Distracta
1658 1596 1770 1651 hate
1800 1609 1889 1652 est
1914 1613 2039 1668 pro-

455 1675 631 1731 vincia
656 1691 686 1730 a
707 1676 859 1733 lee
879 1677 1059 1749 Syria,
1082 1687 1141 1733 ιιι
1164 1678 1424 1750 Evagrius
1442 1680 1512 1740 Η.
1545 1678 1610 1736 E.
1635 1682 1670 1736 '5
1697 1681 1768 1736 32
1790 1681 1951 1737 docet
1983 1692 2039 1738 et

452 1760 696 1829 quidem,
716 1760 761 1815 si
784 1776 903 1830 qna‘
924 1761 1131 1818 Malalze
1156 1771 1285 1820 tom.
1311 1762 1378 1830 II,
1396 1779 1450 1833 p.
1472 1763 1542 1821 69
1558 1764 1713 1829 ﬁdes,
1738 1780 1770 1819 a
1792 1765 2041 1822 Theodo-

457 1846 541 1901 sio
559 1845 819 1911 secundo,
845 1861 1005 1916 quem
1025 1856 1078 1903 et
1090 1848 1329 1916 Apamia:
1335 1848 1427 1918 jus
1445 1851 1805 1917 metropoleos
1820 1849 2040 1906 dedisse

457 1928 716 1983 allirmat.
749 1928 976 1984 Praesidi
1007 1932 1253 1999 paruisse
1282 1931 1498 1986 Notitia
1526 1933 1651 2001 imp.
1680 1931 1887 1988 Orient.
1924 1950 1975 1989 c.
2009 1937 2034 1990 1

460 2026 686 2095 tacuere
714 2013 859 2095 haud
878 2014 1152 2095 neglexit.
1754 2076 1765 2095 J

524 2093 661 2150 Ibid.
739 2094 1044 2165 Ἀπάμεια.
1116 2095 1420 2154 Provinciae
1491 2108 1611 2154 erat
1700 2100 2038 2170 metropolis,

454 2179 810 2247 quamobrem
837 2179 964 2243 τοὺς
994 2180 1100 2234 ὑπὸ
1156 2180 1466 2250 Ἀπάμειαν
1513 2182 1714 2254 ἱερέας,
1751 2186 2037 2253 episcopos

457 2260 619 2326 lmjus
650 2261 801 2316 urbis
836 2263 1259 2333 metropolitano
1286 2265 1556 2330 subditos,
1589 2266 1855 2336 Evagrius
1880 2266 2032 2323 ΗΕ.

452 2342 489 2397 5
529 2344 598 2398 54
631 2344 880 2413 appellat.
927 2344 1058 2400 Erat
1114 2349 1261 2401 circa
1311 2349 1501 2404 urbem
1556 2349 1747 2413 vicus,
1797 2351 2034 2421 χωρίον,

451 2426 538 2480 cui
570 2427 829 2498 Μάρατος
863 2429 1142 2501 Ζαόδάλης
1168 2439 1289 2485 erat
1316 2446 1535 2499 nomen,
1561 2441 1693 2488 tom.
1720 2432 1791 2489 XI
1821 2434 2031 2490 Concil.

450 2510 623 2565 Labb.
665 2526 717 2579 p.
754 2513 859 2569 405
900 2522 956 2568 et
985 2512 1092 2567 408
1152 2524 1522 2572 memoratus:
1553 2514 1764 2573 vicinos
1812 2517 1905 2573 ille
1935 2517 2033 2583 ha-

451 2594 639 2649 buisse
663 2595 876 2650 videtur
896 2596 1427 2666 ,Maratocnprenos,
1459 2598 1526 2653 de
1566 2598 1765 2667 quibus
1813 2599 1866 2654 in
1895 2600 2031 2656 Am-

453 2678 620 2730 mian.
655 2676 727 2731 28
756 2678 811 2743 2,
838 2678 1178 2747 aliirmatque
1207 2679 1437 2748 primam
1478 2680 1619 2735 tituli
1659 2692 2029 2750 grassatorum

452 2761 692 2823 illorum,
724 2763 790 2817 de
831 2776 936 2831 qua
963 2763 1271 2818 dubitatum
1300 2762 1481 2826 video,
1514 2772 1749 2832 partem.
1781 2764 2029 2836 Sequen-

451 2852 535 2899 tes
566 2845 840 2912 tetigimus
879 2846 934 2898 in
966 2844 1167 2899 Anton.
1200 2843 1385 2902 Itiner.
1421 2863 1474 2916 p.
1503 2847 1627 2902 I87.

523 2925 654 2981 Ibid.
684 2927 975 2996 Μαριάμη.
1004 2926 1096 2982 Sic
1125 2936 1178 2981 et
1203 2927 1544 2984 Ptolemaeus.
1575 2929 1843 2985 Arrianus
1892 2931 2028 2997 Ezp.

449 3012 604 3064 Alex.
641 3026 700 3071 ιι,
731 3011 795 3064 IS
826 3012 1196 3082 Μαριάμμην,
1245 3011 1453 3068 Concil.
1496 3012 1628 3066 Acta
1685 3013 2024 3086 Μαριάμνην

448 3106 648 3146 vocare
694 3106 1067 3149 assueverunt.
1142 3092 1276 3149 Vide
1336 3094 1541 3165 Synod.
1607 3096 2027 3168 Constantinop.

448 3175 551 3230 sub
574 3173 763 3229 Menna
796 3184 930 3230 tom.
963 3175 1031 3229 XI
1089 3177 1259 3231 Cone.
1323 3192 1377 3247 p.
1435 3178 1542 3232 402
1588 3187 1644 3233 et
1695 3178 2029 3236 Chalcedon.

448 3275 504 3329 p.
533 3257 660 3314 659.
698 3258 760 3313 L.
788 3259 1122 3316 Holsteinius
1149 3270 1205 3315 ct
1249 3261 1354 3317 Ch.
1398 3262 1664 3318 Cellarius
1690 3277 1756 3317 ex
1789 3264 2027 3320 Alexan-

448 3341 607 3396 drino
636 3341 843 3396 Chron.
878 3342 1089 3413 Κώμην
1110 3344 1482 3414 Μαριάμμην,
1515 3344 1570 3413 in_
1610 3360 1715 3413 qua
1740 3344 2031 3400 Celasinus

450 3436 658 3496 martyr
681 3424 847 3479 fuerit
879 3426 1306 3492 contumulatus,
1356 3443 1479 3481 cum
1515 3428 1614 3481 hac
1643 3427 1780 3482 urbe
1808 3442 2029 3497 compo-

449 3519 615 3576 nunt;
636 3508 779 3579 quod
807 3516 865 3562 ut
899 3516 1043 3562 recte
1069 3506 1320 3573 fecerint,
1352 3524 1565 3564 vereor.
1598 3509 1765 3564 Planc
1783 3513 2031 3579 proxime

448 3588 749 3663 Heliopolin
796 3590 870 3646 ibi
921 3589 1248 3655 collocatur,
1284 3607 1312 3643 a
1348 3607 1453 3660 qua
1508 3591 1834 3647 Ptolemaeus
1888 3592 2030 3647 hanc

448 3674 660 3745 longius
712 3682 973 3728 removet.
1025 3672 1328 3728 Provinciae
1375 3688 1595 3742 quoque
1654 3674 1885 3730 diversae
1927 3675 2030 3731 sibi

446 3759 748 3816 vindicant.
780 3756 919 3810 hanc
942 3755 1100 3826 Syria
1135 3755 1396 3833 secunda,
1446 3756 1596 3810 illam
1650 3755 1911 3813 thnice
1959 3759 2028 3814 ad

448 3840 732 3894 Libanum.
768 3838 843 3894 De
864 3848 1124 3908 sequente
1162 3839 1290 3892 Ant.
1322 3837 1450 3894 Itin.
1477 3854 1531 3908 p.
1566 3838 1689 3894 118.

518 3924 656 3978 Ibid.
691 3921 1035 3991 Ῥαφανιιῖε.
1072 3920 1367 3989 Ῥαφανέαι
1401 3921 1688 3978 Ptolemch
1717 3931 1771 3978 et
1798 3924 2031 3993 Stepha-

447 4024 540 4072 no,
569 4006 658 4075 qui
696 4007 847 4061 urbis
879 4006 1082 4077 gentile
1120 4005 1505 4076 Ῥαφανεὼτης
1534 4021 1657 4061 esse
1681 4008 1850 4063 addit.
1872 4008 2029 4063 Lam-

447 4093 638 4163 padius
671 4090 1012 4159 Ῥαφαναίων
1042 4090 1252 4153 πόλεως
1282 4099 1368 4144 est
1394 4090 1445 4144 in
1464 4090 1795 4152 Chalcedon.
1826 4109 1880 4163 p.
1901 4093 2027 4161 660,

445 4187 498 4229 et
524 4175 704 4228 Zoilus
760 4175 1057 4244 Ῥεεφάνης
1116 4175 1173 4229 in
1227 4172 1638 4245 Constantinop.
1694 4177 1796 4231 sub
1831 4176 2027 4233 Menna

447 4273 500 4326 p.
532 4257 658 4322 102,
689 4257 824 4310 satis
849 4257 1063 4313 vitiose.

516 4340 1142 4409 1010.Σελευκόὸηλος.
1186 4340 1431 4397 Seleucia
1464 4352 1549 4396 est
1593 4342 1661 4396 ad
1694 4341 1879 4396 Belum
1915 4342 2030 4398 sive

446 4439 659 4479 amnem
677 4438 770 4478 seu
791 4431 1028 4478 montem
1053 4442 1065 4475 :
1088 4426 1419 4494 nequeenim
1439 4426 1756 4500 alterutrum
1776 4440 1872 4492 pro
1886 4440 2030 4480 como

447 4506 861 4576 perto;est.Vidc
886 4507 986 4562 Ch.
1013 4507 1328 4564 Cellarium.
1359 4509 1424 4563 C.
1443 4509 1506 4564 A.
1527 4508 1561 4563 5
1594 4508 1659 4564 12
1680 4525 1731 4579 p.
1758 4508 1880 4563 420.
1911 4509 2026 4563 Sita

445 4606 564 4649 erat
590 4595 642 4647 in
674 4593 1322 4662 IinibusApamiensium.
1345 4594 1705 4665 Theophanes
1729 4592 2037 4666 Chronogn

445 4679 678 4748 p.289:
721 4680 783 4731 Ol
835 4678 891 4730 δὲ
944 4674 1226 4730 Σκλαΰίνοι
1267 4676 1443 4747 τούτῳ
1501 4679 1871 4749 προσρυέντες
1926 4679 2026 4731 σὺν

445 4764 593 4833 αὐτῷ
628 4764 687 4815 ὲν
721 4762 891 4832 Συρίᾳ
925 4760 1214 4832 κατῆλθον,
1257 4760 1495 4831 χιλιάδες
1532 4762 1713 4826 πέντε,
1750 4763 1842 4816 καὶ
1878 4761 2027 4833 ᾠκη-

446 4862 547 4910 qav
576 4846 654 4908 εἰς
684 4843 781 4914 τὴν
816 4845 1122 4913 Ἀπάμειαν
1156 4842 1338 4914 χώραν
1359 4844 1417 4895 ὲν
1444 4842 1606 4915 κώμῃ
1622 4845 2028 4913 Σκευοκοὸόλῳ.

447 4926 623 4982 Vertit
646 4926 901 4981 Miscellw
943 4925 1087 4980 Hist.
1115 4927 1157 4982 I.
1194 4941 1288 4981 χιιι
1318 4936 1509 4981 auctor
1542 4943 1557 4979 :
1585 4925 1757 4981 Porro
1791 4924 2027 4981 Sclavini

445 5011 513 5063 ad
539 5010 677 5065 hunc
711 5011 1029 5079 conﬂuentes
1068 5025 1187 5062 cum
1250 5010 1393 5075 ipso‘
1421 5010 1800 5064 descenderunt
1842 5012 1895 5063 in
1925 5009 2028 5081 Sy-

446 5094 604 5159 riam,
644 5110 859 5147 numero
884 5093 1108 5163 quinque
1134 5092 1327 5157 millia,
1355 5103 1401 5144 et
1457 5093 1766 5147 habitabant
1804 5096 1861 5147 in
1886 5095 2027 5162 Apa-

447 5178 729 5233 miemium
762 5181 968 5248 regione
996 5179 1050 5231 in
1089 5175 1310 5231 castella
1343 5175 1702 5231 Seleucobari.
1737 5178 1893 5233 Unde
1941 5178 2024 5233 vi-

446 5264 542 5319 des
570 5264 764 5330 legisse
786 5278 907 5317 enm
934 5262 1015 5325 εἰς
1043 5261 1144 5331 τὴν
1174 5259 1470 5329 Ἀπαμέων
1496 5260 1704 5331 χώραν,
1734 5271 1787 5317 et
1834 5264 1972 5318 bene
2010 5278 2024 5315 :

445 5348 570 5403 dein
589 5346 972 5417 Σελευκοϐόρῳ
992 5387 1006 5413 ,
1036 5345 1177 5413 quod
1207 5361 1275 5400 ex
1301 5344 1684 5416 Σελευκοϐήλῳ
1709 5354 1890 5400 natum
1920 5354 2023 5400 est.

447 5431 758 5501 Stephanus
816 5430 1215 5501 Xelsuxbﬁqkov
1255 5438 1312 5484 et
1366 5429 1652 5495 Σέλευκον,
1689 5431 1817 5500 περὶ
1871 5432 2029 5502 meo

447 5516 617 5589 Συρίᾳ
662 5514 938 5586 ’Δπαμείᾳ
970 5513 1272 5587 ἀρσενικῶς
1297 5513 1598 5584 λεγομένην
1626 5513 1802 5577 πόλιν,
1830 5514 2026 5569 distin-

446 5602 581 5670 guit,
619 5615 893 5668 perverse,
920 5600 964 5653 si
1001 5599 1130 5668 quid
1163 5598 1216 5652 in
1248 5599 1335 5654 his
1381 5598 1537 5654 video
1573 5617 1588 5653 :
1639 5598 1829 5654 eadem
1879 5600 2024 5655 enim

425 5692 549 5759 est,
573 5695 626 5738 et
650 5682 1045 5752 Σελευκόϐηλος
1089 5690 1143 5737 et
1192 5681 1456 5747 Σέλευκος
1489 5684 1626 5755 πρὸς
1654 5684 1731 5753 τῷ
1750 5683 1906 5755 Βήλῳ
1933 5701 2027 5755 ap-

449 5767 668 5838 pellata,
693 5784 776 5834 ac,
803 5768 880 5823 υιί
903 5767 1155 5830 vidimus,
1194 5765 1450 5836 Apamim,
1489 5773 1627 5827 unde
1676 5770 1886 5841 longius
1926 5770 2025 5828 Sc-

448 5851 622 5909 leucia
646 5853 834 5909 Pieria:
866 5853 1121 5918 distabat,
1157 5850 1350 5908 vicina.

1310 403 1693 465 COMMENT.
1737 405 1819 465 IN
1860 406 2276 468 HIEROCLIS
2315 403 2854 471 SYNECDEMUM.

3569 410 3705 478 1170

2208 519 2344 575 Ibid.
2380 524 2823 591 Εὑφρατησὶας.
2857 522 2996 579 Olim
3034 523 3341 588 Comagene
3398 537 3533 581 erat.
3582 526 3715 582 Pro-

2140 605 2328 674 copius
2351 604 2413 661 Β.
2441 606 2592 662 Pers.
2628 608 2651 661 1
2686 607 2755 662 17
2785 625 2799 662 :
2831 608 2999 679 Χώρα
3028 608 3193 677 γοῦν,
3234 610 3268 679 ἢ
3291 610 3356 662 ὲκ
3386 611 3716 681 Σαμοσάτων

2138 688 2297 752 ἐκτὸς
2330 690 2615 760 Εὐφράτου
2647 691 2892 762 ποταμοῦ
2909 694 3046 757 ἐστι,
3082 693 3251 748 πάλαι
3284 694 3385 763 μὲν
3413 696 3717 768 Κομαγηνὴ

2135 769 2367 841 ἐκλήθη,
2392 772 2461 825 τὰ
2489 773 2584 826 νῦν
2612 774 2671 827 δὲ
2703 774 2937 845 ποταμῷ
2955 777 3106 829 ἐστιν
3134 776 3443 846 ἐπώνυμος.
3472 776 3541 831 Ει
3563 778 3599 831 9
3622 779 3713 832 20:

2149 854 2304 907 Ἐπεὶ
2330 855 2386 908 δὲ
2420 856 2502 920 εἰς
2530 858 2629 927 τὴν
2660 857 3008 929 Κομαγηνῶν
3037 858 3222 929 χώραν
3251 862 3281 913 ὁ
3305 861 3555 933 Χοσρόης
3597 861 3717 929 ἀφίο

2137 954 2283 1004 κετο,
2322 940 2390 1009 ἢν
2428 941 2684 996 καλοῦσιν
2735 941 3146 1013 Εὐφρατησιαν.
3198 943 3718 1015 Augusto-Euphra-

2142 1021 2275 1075 tesia
2308 1023 2364 1076 in
2394 1022 2727 1079 Chalcedon.
2764 1040 2818 1095 p.
2848 1026 2957 1080 565
2989 1024 3210 1091 dicitur,
3250 1034 3305 1080 et
3357 1025 3521 1082 Leoni
3553 1027 3721 1096 impc-

2144 1105 2310 1158 ratori
2337 1104 2373 1158 Ι.
2418 1106 2485 1162 10
2518 1123 2569 1162 c.
2604 1108 2670 1162 de
2703 1107 2901 1162 Diuers.
2929 1106 3086 1175 Ofﬁc.
3140 1108 3414 1178 provincia
3449 1109 3590 1165 facta
3636 1123 3721 1167 est

2137 1193 2195 1237 et
2232 1200 2261 1238 a
2286 1185 2443 1256 Syria
2466 1198 2522 1243 et
2555 1188 2833 1244 Osdroeua
2855 1190 3145 1246 dissociata
3185 1191 3340 1260 jussu
3376 1191 3718 1249 Constantini

2138 1268 2234 1334 M.,
2269 1280 2405 1326 teste
2438 1272 2625 1328 Malala
2660 1283 2793 1329 tom.
2831 1273 2899 1340 II,
2940 1288 2993 1344 p.
3023 1274 3076 1329 5.
3109 1273 3320 1331 Praeses
3361 1275 3479 1345 ejus
3526 1288 3612 1332 est
3666 1279 3719 1332 in

2139 1348 2343 1407 Notitia
2400 1355 2528 1424 imp.
2587 1352 2803 1410 Orient.
2838 1371 2889 1411 c.
2935 1357 2958 1410 1
3007 1364 3063 1410 et
3127 1357 3437 1426 prmaidiale
3488 1357 3719 1415 oﬂiciunt

2137 1434 2514 1501 Euphratensc
2537 1437 2573 1492 I.
2599 1436 2701 1490 2c.
2732 1435 2836 1491 Tb.
2866 1438 2934 1493 de
2966 1438 3153 1493 Venat.
3193 1439 3316 1496 Fer.

2212 1517 2344 1572 Ibid.
2391 1519 2735 1587 Ἰεράπολις.
2773 1520 3232 1590 Metropolinlmic
3250 1522 3722 1592 provinciazl‘uisse

2139 1609 2336 1666 praeter
2370 1602 2498 1670 imp.
2524 1601 2757 1657 Leonem
2788 1613 2952 1672 atque
2972 1604 3107 1659 alios
3138 1606 3292 1660 testis
3337 1614 3422 1660 cst
3457 1605 3722 1676 Evagrius

2140 1681 2208 1736 Il.
2247 1680 2307 1759 Ε.
2344 1683 2378 1736 6
2427 1684 2516 1739 19.
2549 1684 2666 1749 Quo
2703 1686 2923 1741 nomine
2980 1688 3252 1742 Arabibus
3301 1698 3356 1743 et
3409 1688 3562 1759 Syris
3627 1689 3718 1754 sit,

2139 1765 2272 1833 imp.
2321 1766 2712 1821 Constantinus
2765 1767 3107 1838 Porphyrog.
3161 1778 3304 1823 orat.
3357 1770 3424 1825 de
3488 1771 3723 1840 imagine

2141 1850 2329 1904 Edess.
2371 1865 2425 1919 p.
2456 1850 2519 1903 5|
2541 1850 2674 1904 edit.
2702 1849 3014 1905 Combeﬁsii
3049 1851 3204 1905 docet
3233 1867 3245 1901 :
3283 1852 3376 1913 Εἰς
3401 1852 3463 1904 τὸ
3486 1852 3723 1922 κάστρον

2148 1932 2503 2003 Ἰεραπόλεως
2549 1931 2810 2001 ἔφθασεν,
2864 1933 2894 1986 ὃ
2938 1934 3004 2003 τῇ
3050 1934 3150 2003 μὲν
3196 1934 3532 2006 Σαρακηνῶν
3569 1938 3722 2005 φωνῇ

2137 2015 2372 2086 Μεμμὶχ
2425 2008 2667 2084 λέγεται,
2720 2019 2787 2087 τῇ
2829 2016 2886 2069 δὲ
2920 2016 3028 2069 τῶν
3072 2015 3261 2089 Σύρων
3286 2017 3535 2073 Μασούκ.
3569 2018 3725 2074 Unde

2135 2100 2354 2169 egregia
2383 2098 2539 2171 Hydii
2567 2100 2620 2153 in
2646 2098 2770 2154 Itin.
2796 2099 2996 2155 Peritz.
3032 2117 3083 2170 p.
3118 2102 3189 2157 45
3220 2101 3536 2170 conjectura
3585 2119 3721 2158 con-

2135 2183 2430 2246 stabilitur,
2464 2197 2571 2251 qua
2626 2183 2678 2236 in
2738 2181 2911 2237 Plinio
2946 2182 3391 2253 523anmbyce,
3443 2202 3561 2253 qua:
3611 2185 3722 2239 alio

2138 2266 2348 2319 nomine
2378 2265 2682 2334 Hierapoli:
2736 2274 2978 2329 vocatur,
3034 2264 3186 2335 Syris
3231 2284 3348 2321 vero
3387 2266 3599 2339 Habog,
3630 2284 3723 2324 ex—

2135 2346 2292 2414 pulso
2315 2357 2481 2417 atque
2503 2350 2570 2402 ad
2601 2349 2857 2402 tenebras
2879 2349 3142 2402 damnato
3177 2353 3394 2418 Magog,
3444 2352 3719 2405 emendat.

2137 2427 2269 2484 Vide
2294 2430 2419 2485 Alb.
2446 2430 2758 2486 Schultens.
2794 2429 3026 2490 indicem
3083 2428 3366 2487 Bohadiuo
3425 2446 3717 2496 annexum,

2139 2514 2191 2567 in
2226 2510 2584 2568 Manbesium.

2203 2595 2337 2650 Ibid.
2400 2597 2612 2665 Κύρος.
2649 2597 2945 2667 Cyrestana
2997 2598 3191 2653 civitas
3237 2597 3366 2668 imp.
3426 2597 3718 2654 Iustiniani

2133 2679 2604 2749 epistolchollat.
2662 2671 2709 2733 7~
2764 2680 2958 2735 concil.
3019 2681 3436 2748 Constantinop.
3495 2693 3634 2742 sect.
3662 2698 3715 2749 p.

2133 2761 2261 2819 2I9.
2323 2762 2487 2817 Cives
2552 2763 2611 2816 D.
2670 2763 3074 2832 Papebrochius
3135 2764 3574 2834 Cyropolitanos,
3622 2765 3718 2832 qui

2132 2845 2276 2898 Actis
2310 2843 2515 2898 Iuliani
2567 2847 2617 2898 οἱ
2665 2845 2765 2915 τῆς
2820 2845 3030 2909 πόλεως
3094 2847 3307 2915 Κύρου,
3352 2856 3485 2901 tom.
3522 2845 3562 2900 II
3589 2845 3694 2908 .Iun

2131 2943 2184 2997 p.
2218 2929 2315 2982 178
2341 2928 2766 2995 appell.it,ltaud
2793 2938 2957 2982 recte.
2995 2927 3125 2981 Vide
3165 2931 3287 2982 Ant.
3325 2929 3455 2981 Itin.
3488 2943 3540 2995 p.
3580 2928 3686 2983 189

2206 3011 2337 3064 lbiil.
2373 3013 2619 3080 Δολίχῃ.
2656 3012 2893 3082 Πολίχνη
2929 3012 3141 3082 σμικρά
3180 3012 3526 3067 Thcodorcto
3552 3015 3620 3065 II.
3647 3009 3715 3064 Ε.

2131 3095 2166 3150 5
2194 3095 2247 3158 4,
2284 3095 2539 3149 Δουλικία
2590 3095 2908 3166 Theophani
2943 3095 3235 3164 Chronogr.
3288 3095 3423 3162 554;
3462 3094 3527 3149 ad
3556 3109 3719 3163 quem
3783 3121 3786 3123 λ

2132 3180 2353 3235 modum
2406 3178 3020 3235 Pbiloxenus-Dulichii
3083 3179 3372 3249 episcopus
3421 3179 3473 3232 in
3514 3177 3714 3232 Collat.

2129 3264 2270 3317 inter
2300 3263 2606 3317 Catholicos
2654 3274 2707 3314 et
2771 3261 3100 3317 Severianos
3161 3271 3296 3317 tom.
3377 3259 3448 3315 XI
3507 3261 3714 3315 Concil.

2134 3346 2302 3401 Labb.
2328 3363 2379 3413 p.
2417 3346 2537 3399 157.
2565 3344 2727 3399 Plura
2756 3360 2919 3414 supra
2962 3361 3017 3415 p.
3052 3344 3173 3409 184,
3204 3345 3293 3399 ubi
3328 3346 3393 3398 de
3423 3343 3718 3414 Zeugmate

2132 3431 2295 3483 etiam
2332 3439 2385 3481 et
2412 3428 2777 3482 Ger-uanicia.

2203 3510 2337 3565 Ibid.
2368 3510 2585 3579 Περῤή.
2619 3510 2904 3565 Liberatus
2950 3510 3220 3564 Diacnnus
3265 3509 3504 3564 Breviar.
3541 3524 3592 3563 c.
3647 3509 3713 3563 13

2127 3594 2370 3648 ecclesia:
2411 3593 2733 3649 Parensimn
2774 3594 3129 3648 Sabinianum
3160 3594 3328 3647 fuisse
3371 3593 3447 3644 ait
3490 3594 3700 3660 episco-

2130 3692 2276 3745 pum,
2313 3692 2473 3745 quem
2512 3677 2896 3731 Perrliensium
2934 3676 3103 3730 fuisse
3137 3676 3265 3728 Acta
3295 3674 3514 3729 corieilii
3546 3674 3711 3728 Chal-

2128 3759 2318 3815 cedon.
2352 3768 2480 3813 tom.
2516 3758 2589 3813 IX
2611 3757 2776 3814 Coac.
2821 3759 2988 3816 Labb.
3019 3776 3070 3830 p.
3100 3760 3199 3814 I06
3223 3760 3473 3813 clamant.
3499 3757 3558 3812 V.
3583 3756 3711 3813 Ant.

2205 3925 2340 3979 Ibid.
2368 3928 2716 3992 Νικόπολις.
2750 3926 2866 4009 μου
2900 3927 3061 3980 aliam
3092 3941 3212 3982 esse
3240 3935 3370 3992 puto
3402 3934 3563 3994 atqjte
3592 3939 3712 3978 eam

2130 4024 2294 4078 quant
2325 4006 2489 4062 Josua
2540 4006 2774 4078 Stylites'
2822 4010 2873 4063 in
2929 4008 3131 4065 Chron.
3190 4009 3415 4079 Syriaco
3445 4010 3544 4063 sub
3579 4009 3707 4073 imp.

2128 4094 2416 4147 Anastasio
2445 4094 2743 4149 vehementi
2776 4103 2935 4149 terra:
2974 4107 3214 4149 tremore
3251 4094 3522 4146 corruisse
3547 4090 3713 4146 refert

2130 4174 2475 4235 tom.lBibl.
2538 4177 2750 4232 Orient.
2801 4177 3170 4246 Assemaui..p.
3198 4176 3328 4244 271,
3375 4189 3479 4230 nec
3498 4175 3712 4230 diversa

2126 4258 2359 4314 fortasse
2377 4269 2462 4313 est
2489 4258 2619 4313 Itin.
2655 4259 2780 4314 Ant.
2815 4277 2867 4330 p.
2916 4259 3039 4315 190.

2201 4340 2330 4396 Ibid.
2361 4342 2755 4411 Σκεναρχαῑα,
2812 4344 2994 4413 Σκηνὴ
3024 4339 3249 4411 ἀρχαία.
3291 4340 3536 4394 Viderint
3567 4341 3713 4408 peri-

2130 4431 2298 4485 tiores
2331 4443 2397 4481 an
2429 4428 2551 4483 loco
2583 4442 2782 4481 nomen
2840 4427 3051 4481 venerit
3079 4442 3108 4479 a
3140 4426 3499 4479 tentoriorum
3527 4424 3708 4492 copia,

2128 4524 2180 4569 ct
2206 4513 2334 4583 quid
2363 4511 2886 4583 Σαλγενορατίξενον
2919 4510 3022 4564 sibi
3060 4508 3205 4563 velit.

2200 4598 2334 4652 Ibid.
2372 4596 2619 4664 Σύριμα.
2654 4593 2882 4648 Putares
2913 4591 3063 4662 Συρά
3091 4591 3204 4645 sive
3228 4588 3451 4660 Σοῦρον,
3488 4598 3548 4644 ιιι
3578 4588 3712 4645 Eva-

2129 4682 2276 4753 grius
2305 4680 2370 4734 ll.
2403 4676 2468 4732 E.
2501 4695 2576 4743 iv,
2605 4678 2697 4742 25,
2748 4679 2934 4734 urbem
2980 4675 3035 4728 in
3077 4674 3370 4743 Euphratis
3407 4673 3519 4742 ripa
3563 4674 3713 4743 posi-

2131 4774 2239 4818 tam
2277 4762 2422 4834 (Vita
2445 4762 2732 4833 Sytneonis
2761 4759 2970 4831 Stylita:
2998 4774 3047 4813 c.
3078 4756 3148 4810 26
3182 4776 3196 4812 :
3235 4753 3345 4809 Ἦν
3370 4773 3453 4818 τις
3499 4757 3556 4808 ὲν
3604 4756 3710 4810 Συ-

2131 4849 2246 4919 ροίς
2274 4845 2634 4917 στρατιώτης,
2653 4843 2930 4912 πολίχνιον
2956 4840 3013 4894 δέ
3043 4858 3094 4892 τι
3122 4839 3402 4893 τοῦτοτῶν
3428 4840 3711 4911 ἐπευφρα-

2127 4930 2354 4999 τιδίων),
2393 4930 2497 4984 nisi
2525 4930 2750 4998 propius
2791 4927 3052 4981 abessent
3104 4922 3344 4995 Οὖριμα,
3382 4938 3479 4993 pro
3509 4923 3708 4991 quibus

2128 5013 2361 5086 υΰρημα
2390 5014 2567 5069 editus
2595 5011 2942 5073 Ptolemaeus,
2996 5010 3091 5064 sed
3143 5009 3270 5063 hinc
3295 5015 3349 5062 et
3380 5020 3446 5061 ex
3480 5004 3705 5059 Colslin.

2135 5114 2235 5152 Itts.
2272 5097 2607 5166 adjuvandus
2641 5095 2851 5165 Ὀριμα
2880 5102 2936 5146 et
2970 5092 3181 5162 Ὠριμα
3218 5089 3548 5145 Chalcedon.
3577 5101 3709 5143 con-

2130 5180 2219 5233 ril.
2257 5196 2306 5248 p.
2343 5178 2465 5235 676.
2501 5177 2630 5233 Erat
2658 5175 2918 5246 Euphrati
2973 5174 3170 5239 adsita,
3237 5173 3381 5227 unde
3427 5168 3706 5227 castellum

2132 5265 2317 5318 Urlma
2354 5262 2618 5333 Euphrati
2640 5260 2903 5316 accubans
2950 5260 3001 5313 in
3058 5257 3226 5315 veteri
3257 5255 3444 5311 codice
3482 5252 3709 5324 Syriaco

2132 5361 2238 5403 lotn
2270 5347 2309 5401 I.
2346 5345 2593 5405 Biblioth.
2628 5345 2832 5398 Orient.
2868 5358 2921 5412 μ.
2958 5341 3061 5395 I79.
3079 5338 3387 5397 Assemani.

2204 5433 2337 5486 Ibid.
2368 5430 2673 5498 Εὑρωπός.
2708 5426 2871 5482 Josua
2900 5425 3125 5495 Stylitcs
3156 5431 3392 5478 castrum
3436 5433 3513 5473 ait
3534 5416 3709 5472 Euro-

2130 5533 2251 5585 pus,
2283 5516 2420 5585 quod
2447 5516 2499 5567 in
2525 5512 2791 5581 prouincia
2813 5507 3140 5577 Mabugcnsi,
3161 5506 3274 5560 sive
3301 5504 3707 5573 Hierapolitana

2128 5604 2195 5656 ad
2227 5601 2548 5655 occidentem
2598 5594 2884 5665 Euphratis
2915 5603 2990 5647 est
3023 5593 3252 5660 positum
3308 5589 3444 5644 Bibl.
3495 5585 3704 5642 Orient.

2133 5697 2262 5741 tum.
2290 5685 2332 5749 1,
2367 5702 2422 5753 p.
2449 5683 2586 5748 $89.;
2620 5684 2706 5736 cui
2747 5678 3044 5745 Procopius
3078 5676 3237 5731 Fabr.
3282 5674 3572 5730 Justinian.
3617 5672 3652 5724 ἓ
3675 5673 3718 5727 9

2131 5780 2182 5823 et
2210 5769 2266 5822 Β.
2310 5767 2367 5821 Ρ.
2401 5769 2437 5821 2
2470 5766 2542 5819 20
2574 5762 2895 5819 asscntitur.
2933 5758 3124 5814 Merito
3161 5775 3289 5829 ergo
3319 5757 3590 5811 Lusitanus
3624 5756 3709 5809 in-

2128 5852 2331 5908 sulsum
2392 5850 2718 5918 scriptorem
2788 5844 3140 5901 historiarum
3217 5843 3437 5910 taxwit,
3495 5838 3587 5911 qui
3643 5837 3711 5897 de
