4170 6430
472 393 606 461 1171

463 515 597 567 urbe
621 511 720 564 bac
743 526 756 562 :
776 505 842 560 Ἦ
857 505 914 560 δὲ
936 506 1005 558 Εὐ
1017 505 1194 575 pomo;
1223 508 1397 557 κεῖται
1427 506 1525 572 μὲν
1552 505 1609 556 ἐν
1635 505 1701 574 τῇ
1730 502 2052 556 Μεσοποτα-

465 596 564 666 μίᾳ
593 592 865 662 σταθμοὺς
886 589 980 643 δύο
1006 590 1097 643 τοῦ
1128 590 1410 660 Εὐφράτου
1432 587 1731 656 ἀπέχουσα,
1757 586 2046 656 ἀπῴκισαν

462 683 520 736 δὲ
551 679 722 750 αὐτὴν
763 677 1079 731 Ἐδεσσαῖοι.
1110 674 1355 744 Europus
1388 675 1496 728 sita
1519 673 1726 741 quidem
1758 676 1909 724 estin
1944 670 2049 725 Me-

468 768 786 836 sopotamia,
821 762 1180 818 mansionibus
1216 758 1580 826 ab,Enphrate
1599 757 1805 809 duabus
1840 754 2050 823 disjun-

471 861 556 903 cta
588 861 636 904 et
670 849 733 902 ab
757 847 1037 902 Edessenis
1072 844 1306 897 condita.
1340 841 1547 895 Nomen
1603 849 1688 894 est
1719 856 1748 892 a
1803 836 2052 890 Macedo-

471 935 660 997 nibus,
691 933 779 1001 qui
815 929 1030 984 urbium
1067 927 1256 994 patriae
1283 941 1394 978 suae
1436 923 1657 978 nomina
1706 921 1918 990 oppidis
1945 921 2048 990 Sy-

472 1019 565 1071 ria:
621 1016 950 1070 indiderunt.
1013 1010 1144 1064 Vide
1220 1009 1521 1078 Appianum
1576 1006 1790 1076 Syr-iac.
1847 1019 1898 1074 p.
1945 1004 2045 1059 20l

468 1113 524 1157 et
556 1103 688 1156 Ahr.
719 1099 1023 1154 Berkelium
1049 1097 1104 1150 in
1136 1097 1400 1164 Stephan.
1437 1093 1724 1164 Εὐρωπός,
1759 1092 1849 1146 ubi
1898 1105 2052 1146 com-

470 1184 628 1238 mista
659 1183 864 1237 videbis
885 1197 1005 1251 qua:
1031 1182 1191 1250 longe
1215 1189 1482 1233 terrarum
1509 1179 1617 1232 situ
1638 1173 2052 1230 distinctissima

468 1265 644 1320 fuere.

543 1351 662 1406 Col.
706 1352 815 1406 155
871 1349 1243 1419 Ὀσρωήνης.
1301 1347 1619 1417 Ὀσροήνης.
1679 1343 1888 1398 Nomen
1936 1356 2055 1410 pro-

469 1437 704 1492 vinciam
736 1435 804 1488 ab
836 1434 1008 1489 Osroe
1061 1432 1359 1501 Procopius
1391 1429 1460 1484 B.
1493 1429 1558 1482 Ρ.
1599 1430 1618 1482 l
1658 1428 1727 1481 I7
1777 1425 2054 1495 accepisse

471 1529 758 1580 memorat.
785 1536 883 1574 nec
909 1519 1159 1583 mullum,
1186 1527 1243 1570 ut
1273 1516 1409 1570 alias
1440 1514 1871 1580 observavimus,
1897 1512 1966 1564 ab
1988 1525 2054 1565 eo

472 1605 701 1662 dissidet
729 1604 1021 1674 Dionysius
1071 1601 1410 1656 Patriarcba.
1437 1599 1743 1665 Provincia:
1765 1605 1888 1668 post
1912 1595 2057 1652 Con-

476 1690 776 1747 stantinum
809 1702 838 1740 a
871 1685 1260 1754 Mesopotamia
1325 1684 1535 1738 videtur
1586 1681 1815 1748 divulsa,
1846 1694 1948 1749 qua
1990 1679 2058 1735 de

473 1790 534 1830 re
555 1773 802 1830 Norisius
821 1772 950 1823 diss.
974 1785 1010 1822 ιι
1031 1770 1096 1823 de
1129 1766 1324 1835 Epoch.
1354 1783 1407 1836 p.
1441 1767 1565 1821 HO.
1595 1765 1806 1820 Prmses
1823 1763 2058 1819 Osdroe-

477 1874 574 1910 ues
603 1865 686 1910 est
732 1856 786 1908 in
839 1855 876 1906 I.
923 1852 1024 1906 105
1074 1865 1126 1905 c.
1175 1849 1279 1904 Th.
1341 1853 1408 1904 de
1473 1848 1668 1904 Decur.
1735 1856 1789 1901 et
1845 1846 2058 1900 Notitia

475 1941 607 1995 1.0.
631 1955 682 1994 c.
711 1940 762 1992 l.
1064 1993 1069 2000 ,

550 2024 684 2078 Ibid.
719 2022 1010 2076 Ἔδεσσα.
1048 2017 1350 2074 Provinciae
1402 2017 1719 2087 metropolis
1751 2016 1874 2084 luit,
1903 2033 2058 2087 περι-

475 2108 671 2177 ϐόητος
700 2105 800 2176 τῆς
844 2104 1143 2174 Ὀσροήνης
1179 2103 1445 2172 ἑπαρχεας
1501 2101 1836 2172 μητρόπολις
1881 2100 2059 2153 Theo-

478 2191 642 2260 phani
673 2187 1070 2257 Clironograpli.
1098 2203 1151 2257 p.
1210 2185 1330 2242 “6.
1357 2187 1487 2240 Acta
1517 2184 1574 2239 S.
1604 2184 1859 2238 Thaddazi
1917 2185 2059 2252 apud

479 2273 838 2328 Lambecium
875 2271 1015 2325 Bibl.
1045 2268 1247 2326 Ca’sar.
1272 2285 1447 2344 vlup.
1487 2267 1596 2322 202
1625 2288 1637 2321 ε
1673 2263 1784 2320 Ἦν
1817 2267 1917 2338 μὲν
1952 2267 2061 2320 ἀπὸ

490 2359 748 2428 Ἐδέσσης
782 2358 879 2427 τῆς
909 2356 1147 2421 πόλεως,
1177 2353 1516 2426 μητρόπολις
1546 2353 1603 2406 δὲ
1633 2353 1870 2423 ὑπάρχει
1897 2350 2060 2419 αὕτη.

490 2444 758 2512 ὀσροήνη
825 2440 1136 2511 καλουμένη
1171 2478 1188 2506 ,
1250 2436 1668 2510 Ἀρμενοσύρων
1740 2438 2061 2508 μεσόγειος.

479 2528 613 2594 Qua:
638 2542 761 2582 cum
794 2525 984 2581 urbem
1023 2523 1322 2579 Osroenem
1345 2521 1605 2584 vocitant,
1641 2521 1810 2576 videri
1840 2530 2060 2591 possent

479 2612 701 2675 vitiosa,
736 2608 841 2664 nisi
876 2616 932 2663 et
963 2605 1086 2678 Syri
1110 2605 1381 2662 Orrhoam
1423 2612 1478 2658 et
1529 2603 1795 2658 Osrboam
1825 2604 2061 2674 appella-

480 2705 624 2751 rent.
660 2694 795 2750 Vide
823 2696 1021 2747 Anton.
1061 2691 1260 2763 Itin.p.
1294 2690 1417 2744 185.

553 2777 690 2832 Ibid.
749 2779 1161 2835 Κωνσταντία.
1233 2780 1622 2849 Κωνσταντὶνη
1678 2779 1822 2840 aliis,
1883 2775 2064 2830 Suidae

480 2861 894 2926 Κωνστάντεια,
927 2874 1084 2929 cujus
1131 2861 1421 2931 episcopus
1475 2861 1815 2932 Sopln'onius
1873 2867 1956 2911 est
2008 2857 2062 2910 in

482 2945 635 2999 Actis
661 2942 852 3014 synodi
884 2943 1264 3009 Antiochenze,
1317 2943 1543 2999 intextis
1576 2942 1792 2996 Actioni
1847 2942 1912 2994 14
1941 2957 2066 2993 con-

482 3027 595 3081 cilii
628 3025 964 3080 Chalcedon.
993 3033 1127 3079 tom.
1161 3025 1229 3080 IX
1260 3027 1468 3082 Concil.
1503 3042 1557 3097 p.
1590 3027 1715 3080 120.
1742 3026 1882 3080 Olim
1911 3025 2068 3078 Nice-

485 3111 738 3182 phorium
765 3109 1067 3174 dicebatur,
1119 3107 1397 3178 Stephano
1462 3121 1620 3174 teste,
1679 3110 1832 3182 Syris
1881 3117 2064 3182 autem

485 3191 616 3248 Tela
641 3181 756 3258 alyn
784 3191 928 3261 quod
956 3199 1249 3260 utrumque
1269 3207 1467 3247 nomen
1499 3181 1733 3248 mutavit
1764 3193 2067 3248 Constantii

483 3275 834 3346 imperatoris
859 3273 1041 3342 jussu,
1086 3273 1545 3339 quemadmodum
1599 3275 1808 3334 Chron.
1843 3275 2070 3331 Edesse-

484 3373 621 3415 num
647 3367 778 3413 tom.
811 3356 831 3412 I
859 3357 998 3413 Bibl.
1035 3355 1241 3414 Orient.
1287 3374 1345 3431 p.
1395 3359 1502 3415 595
1534 3359 1721 3416 refert.
1761 3359 1915 3428 Quod
1937 3375 2068 3417 vero

472 3435 515 3497 'a
543 3443 801 3500 Chronici
831 3451 1055 3499 auctore
1078 3442 1321 3510 additur,
1354 3459 1471 3514 quia
1493 3444 1617 3497 olim
1648 3444 1907 3514 Antipolis
1921 3444 2068 3500 dice-

487 3529 666 3594 batur,
697 3542 803 3584 non
846 3527 976 3582 mihi
1020 3527 1159 3584 satis
1211 3536 1418 3582 rectum
1483 3527 1721 3584 videtur.
1784 3528 2071 3584 Succurrit

484 3612 805 3666 Ammianus
834 3610 900 3666 I8
932 3612 988 3677 9,
1019 3613 1108 3668 ubl
1149 3611 1460 3666 Ammidam
1510 3621 1565 3666 et
1615 3611 2068 3681 Autoninupolin,

485 3708 715 3762 prorsus
763 3705 824 3749 ut
872 3695 1110 3764 scriptor
1157 3695 1493 3760 Edessenus,
1523 3695 1713 3750 eodem
1766 3703 2068 3765 tempores

486 3776 812 3833 Constantio
841 3778 1172 3833 lnstauratas
1203 3776 1375 3833 fuisse
1407 3787 1692 3834 memorat.
1717 3777 1857 3834 Male
1888 3778 2072 3847 itaque

488 3861 824 3918 Assemanus
853 3859 1076 3916 dissert.
1115 3859 1190 3916 De
1230 3859 1625 3930 Menophysitis
1687 3870 1818 3916 tom.
1852 3860 1892 3915 ll
1927 3860 2068 3916 Bibl.

490 3944 704 4001 Orient.
765 3959 829 3998 ex
890 3943 1126 4013 Antipoli
1177 3943 1306 3997 facit
1362 3944 1845 4000 Anthemusiadem
1897 3942 2071 3998 Taciti

487 4029 607 4084 sive
639 4027 1055 4082 Autbemusiam
1108 4024 1364 4092 aliorum,
1443 4014 1900 4094 reprehenditque
1967 4027 2073 4083 Ch.

490 4108 808 4174 Ccllarium,
843 4110 935 4177 qui
972 4107 1309 4178 Stephanum
1359 4109 1692 4180 Suidamque
1734 4118 1954 4166 secutus
1975 4109 2075 4164 Ni-

488 4193 808 4263 cephorium
837 4207 868 4246 a
897 4193 1260 4249 Constantina
1299 4193 1432 4248 nihil
1476 4192 1697 4249 differre
1731 4203 1878 4250 recte
1927 4194 2072 4250 amr-

489 4283 752 4332 maverat.
772 4277 975 4332 Aberat
991 4275 1059 4331 ad
1076 4291 1331 4332 occasum
1358 4275 1559 4332 Nisibis
1575 4284 1630 4331 et
1645 4277 2072 4348 septentrionem

479 4347 699 4416 Amidae
737 4360 933 4416 stadiis
963 4360 1054 4426 56,
1085 4361 1132 4416 si
1189 4375 1312 4430 quae
1372 4359 1507 4416 fides
1543 4347 1862 4432 Theophani
1903 4362 2076 4418 Chro-

490 4461 643 4517 nogr.
668 4461 724 4517 p.
751 4446 893 4511 124;
924 4460 1045 4515 qua:
1077 4459 1231 4510 sane,
1276 4445 1376 4499 nisi
1399 4445 1558 4515 culpa
1593 4445 1801 4501 recidat
1832 4445 1887 4501 in
1908 4445 2074 4501 libra-

491 4531 626 4595 rios,
662 4530 854 4600 exigua
892 4543 1015 4585 esse
1045 4529 1204 4585 debet
1235 4546 1250 4582 :
1281 4528 1499 4598 longius
1542 4529 1689 4584 enim
1723 4530 2072 4587 intervallum

490 4613 549 4668 in
573 4625 666 4666 eas
695 4615 858 4668 urbes
905 4611 1250 4682 interiectum
1291 4613 1463 4668 fuisse
1493 4611 1945 4680 Peutingerorum
1969 4614 2074 4669 Ta-

490 4695 619 4749 bula
641 4702 788 4750 vetat
823 4694 1098 4763 dubitare,
1137 4696 1258 4750 vide
1314 4695 1480 4751 etiam
1515 4695 1836 4765 Procopium
1887 4696 2068 4767 .Edif.

491 4778 694 4832 Justin.
731 4794 788 4840 ll,
813 4779 866 4832 5.

563 4860 700 4915 Ibid.
752 4861 1274 4927 θεοδοσιούπολις.
1337 4861 1519 4918 Posita
1578 4872 1698 4918 erat
1747 4865 1815 4918 ad
1872 4862 2070 4919 llumen

491 4944 828 4999 Chaborram
861 4945 983 4998 loco
1000 4947 1228 5000 muttito.
1259 4946 1553 5016 Procopius
1581 4945 1748 5000 Fabr.
1781 4945 1984 5002 Justin.
2009 4966 2071 5015 tt,

493 5031 528 5085 5
564 5044 579 5080 :
631 5029 1072 5091 Θεοδοσιούπολις
1099 5031 1132 5099 ὴ
1164 5031 1314 5100 παρὰ
1371 5029 1621 5100 ποταμὸν
1655 5030 1920 5102 Ἀϐόρῤαν
1967 5032 2073 5101 γῆς

489 5113 602 5165 τῶν
667 5111 957 5181 Ῥωμαίων
999 5111 1444 5182 προϐεϐλημένη.
1503 5113 1889 5184 Distinguenda
1937 5130 2071 5186 ergo

491 5197 560 5251 ab
591 5195 760 5250 altera
791 5193 1036 5264 ejusdem
1095 5200 1182 5250 est
1229 5195 1468 5252 nominis
1522 5198 1657 5252 urbe
1702 5199 1754 5251 iu
1792 5198 2069 5264 Armenia,

489 5295 598 5334 oua
624 5281 690 5335 de
730 5277 898 5334 Fabr.
929 5277 1070 5332 Just.
1114 5295 1198 5346 ιιι,
1232 5280 1286 5336 5.

562 5364 698 5419 Ibid.
730 5363 973 5432 Κάρῤαι.
1003 5362 1169 5418 Recte
1227 5365 1298 5416 ita
1325 5363 1493 5418 codex
1529 5362 1933 5433 Lugdunensis.
1969 5365 2073 5421 Ur-

490 5450 612 5502 bem
632 5447 950 5511 Christiani,
981 5449 1125 5516 quod
1153 5449 1302 5502 cives
1334 5449 1507 5503 sacris
1551 5462 1887 5518 paganorum
1919 5449 2074 5503 dedi-

494 5532 692 5585 tissimi
723 5543 928 5595 essent,
973 5531 1245 5603 Ἑλλήνων
1312 5533 1464 5583 πόλιν
1516 5543 1798 5588 vocarunt.
1835 5532 2074 5587 Libellus

495 5615 770 5670 Samuelis
794 5625 848 5670 et
870 5615 1206 5687 reliquorum
1238 5619 1678 5688 presbyterorum
1713 5627 1903 5672 contra
1927 5616 2070 5672 Ibam

495 5708 628 5753 tom.
670 5696 741 5751 IX
769 5697 973 5753 Concil.
1017 5699 1190 5754 Labb.
1222 5715 1276 5770 p.
1333 5700 1400 5754 57
1451 5717 1464 5754 :
1514 5701 1637 5753 Ὀτι
1693 5701 2070 5771 ἐχειροτόνησε

499 5781 760 5847 Δανιῆλον
789 5784 880 5836 τὸν
905 5785 1066 5836 αὑτοῦ
1095 5787 1410 5854 ἀδελφιδοῦν
1437 5787 1734 5839 ἐπίσκοπον
1766 5787 2073 5858 τῆςἚλλή-

497 5877 604 5914 νων
633 5864 858 5929 πόλεως.
911 5868 1009 5924 Ubi
1035 5885 1128 5927 eos
1152 5870 1350 5928 Carras
1382 5873 1684 5940 intelligere
1725 5872 1892 5930 libelli
1931 5876 2074 5944 prin-

1505 393 1886 454 ADDENDA.
1915 415 1986 429 -
2025 392 2090 452 Ρ.
2129 392 2650 454 WESSELINGII

2157 501 2358 570 cipium
2417 501 2694 558 ostendit:
2726 501 3039 572 Συνήλασεν
3091 500 3257 570 ἡμᾶς,
3319 499 3586 568 inquiunt,
3636 501 3733 554 ἐπὶ

2150 585 2312 651 τήνδε
2369 584 2469 656 τὴν
2523 587 2863 656 κατηγορίαν
2921 583 3096 638 ἐλθεῖν
3152 581 3320 637 αὑτοῦ
3377 598 3438 634 τε
3485 584 3577 636 καὶ
3635 583 3734 636 τοῦ

2151 667 2384 736 ἀδελφοῦ
2415 668 2582 722 αὐτοῦ
2613 669 2899 741 Δανιήλου,
2927 669 3021 722 καὶ
3052 667 3219 720 αὐτοῦ
3254 666 3557 721 ἐπισκόπου
3585 667 3738 738 Καρο

2153 752 2336 822 ῥήνων
2356 753 2585 817 πόλεως,
2622 752 2835 809 tametsi
2870 751 3009 807 male
3039 749 3268 818 ἀδελφὸς
3302 749 3404 804 Iba:
3430 749 3600 804 frater
3626 751 3738 805 Da-

2151 834 2259 889 niel
2293 845 2536 902 vocetur,
2573 836 2666 906 qui
2694 831 3014 904 ἀδελφιδοῦς
3065 834 3182 888 sive
3221 833 3407 888 fratris
3457 833 3564 888 Iliae
3590 833 3738 889 filius

2153 917 2272 974 fuit.
2306 919 2470 990 Pejus
2511 935 2640 976 vero
2692 919 3173 976 commonitorium
3205 917 3490 974 Damascio
3514 921 3738 974 tribuno

2153 1004 2383 1059 thiasum
2419 1019 2474 1074 p.
2527 1003 2599 1060 26
2639 1004 2902 1075 Δανιῆλον
2951 1003 3046 1057 τὸν
3095 1002 3495 1056 εὐλαϐέστατον
3541 1003 3741 1057 Θεοδο-

2154 1086 2485 1152 σιουπόλεως
2533 1088 2834 1141 ἐπίσκοπον
2879 1094 3160 1155 nuncupat
3195 1104 3210 1138 :
3248 1099 3424 1152 neque
3457 1084 3601 1140 enim
3647 1085 3747 1141 ille

2152 1168 2740 1242 Theodosiopolitanus
2766 1169 2868 1224 fuit
2895 1169 3114 1240 pricsul.
3149 1167 3246 1225 sed
3273 1167 3512 1223 Joannes
3531 1184 3546 1234 ;
3568 1182 3743 1238 quare

2153 1253 2338 1310 verius
2370 1262 2582 1311 vetusta
2632 1255 2932 1310 versio.....
2965 1261 3013 1308 et
3045 1250 3314 1306 Danieiem
3344 1249 3740 1305 Carrlienorum

2153 1337 2381 1391 civitatis
2439 1339 2740 1408 episcopum
2789 1349 2839 1392 et
2907 1335 3172 1390 Joannem
3254 1335 3743 1389 reverendissimum

2158 1416 2746 1489 TlieodosiOpolitanum
2777 1421 3075 1488 episcopum
3102 1416 3339 1487 praefert.
3372 1417 3656 1472 Consentit
3683 1418 3741 1472 in

2157 1501 2450 1558 Carraruin
2487 1503 2578 1560 illo
2604 1503 2763 1557 titulo
2785 1503 3020 1572 scriptor
3055 1499 3227 1570 Syrus
3248 1498 3380 1555 Vita:
3423 1500 3479 1554 S.
3516 1497 3745 1569 Ephraz-

2157 1586 2256 1652 mi,
2282 1587 2373 1656 qui
2401 1595 2534 1643 tom.
2572 1585 2754 1641 lBibl.
2791 1587 3002 1642 Orient.
3033 1601 3087 1654 p.
3129 1585 3192 1638 5|
3259 1580 3328 1640 de
3374 1583 3590 1638 Iuliano
3625 1599 3640 1634 :
3675 1583 3743 1637 Et

2158 1671 2368 1724 diuertit
2430 1669 2656 1736 Carras,
2738 1677 2920 1724 urbem
2986 1685 3318 1740 paganorum
3390 1668 3747 1738 refertamque

2155 1754 2477 1811 simulacris.
2502 1754 2636 1811 Vide
2669 1757 2852 1826 itaque
2885 1754 3114 1809 buccine
3133 1753 3322 1810 referri
3354 1762 3601 1822 oporteat
3629 1753 3664 1807 l.
3685 1755 3746 1808 8.

2156 1853 2209 1894 c.
2242 1838 2433 1895 Th.de
2475 1838 2704 1910 Pagan.,
2730 1854 2837 1909 qua
2889 1837 3236 1893 Theodosius
3276 1836 3400 1891 duci
3451 1833 3747 1893 Osdroeua:

2157 1924 2352 1980 scribit
2384 1941 2397 1977 :
2426 1922 2621 1978 Edent
2661 1923 2784 1977 olim
2843 1922 3150 1992 frequentia:
3203 1921 3526 1986 dedicatam,
3587 1921 3746 1973 τεειαὶ

2158 2009 2323 2062 etiam
2346 2009 2540 2077 populo
2565 2025 2770 2079 quoque
2795 2021 3146 2072 communem,
3189 2005 3244 2058 in
3296 2021 3401 2074 qua
3452 2004 3748 2057 simulacra

2159 2092 2403 2162 feruntur
2426 2093 2623 2163 posita,
2651 2092 2782 2145 artis
2813 2092 2979 2159 pretio
2999 2107 3159 2160 quam
3185 2089 3462 2143 divinitate
3482 2088 3748 2141 metienda

2151 2175 2359 2244 jugiter
2391 2184 2568 2240 patere
2604 2174 2799 2243 publici
2825 2173 3035 2227 concilii
3060 2174 3378 2226 auctoritate
3393 2172 3746 2227 decernimus.

2159 2260 2288 2315 Mihi
2319 2275 2476 2326 sane,
2503 2261 2714 2315 tametsi
2745 2275 2844 2330 pro
2877 2259 3074 2315 Edessa
3100 2256 3468 2314 Gothofredus
3495 2257 3746 2328 disputa-

2159 2346 2320 2408 verit,
2353 2347 2498 2402 aedes
2532 2345 2626 2399 illa
2680 2343 2870 2400 Carris
2933 2343 3104 2401 fuisse
3151 2344 3386 2408 videtur,
3447 2341 3748 2411 praesertim

2160 2430 2304 2502 quod
2345 2429 2629 2497 Edesseni,
2664 2439 2721 2484 ut
2749 2447 2812 2484 ex
2837 2446 3024 2486 eorum
3049 2430 3307 2485 cbronico
3327 2428 3554 2500 Syriaco
3578 2437 3750 2497 patet,

2161 2515 2468 2571 Theodosio
2550 2516 2878 2584 imperatore
2951 2528 3233 2569 sacrorum
3311 2511 3750 2567 Christianorum

2161 2610 2343 2657 essent
2417 2599 2804 2656 studiosissimi
2877 2607 3041 2668 atque
3103 2614 3132 2650 a
3205 2595 3516 2652 simulacris
3575 2609 3749 2647 aver-

2163 2684 2390 2739 sissimi.
2457 2682 2616 2738 Plura
2676 2683 2800 2736 Ant.
2857 2681 2990 2735 Itin.
3069 2698 3122 2751 μ.
3177 2679 3282 2736 195
3331 2690 3386 2733 ct
3445 2681 3509 2734 de
3562 2677 3754 2733 Balnis

2164 2781 2286 2836 pag.
2318 2765 2440 2820 I90.

2238 2851 2370 2904 Ibid.
2425 2850 2548 2904 Νέα
2600 2852 2919 2904 Beata-cla.
2974 2849 3276 2919 Nusquam,
3328 2847 3473 2918 quod
3530 2849 3754 2915 quidem

2167 2935 2442 2995 recordor,
2473 2934 2612 2989 hanc
2659 2933 2967 2988 Valentiam
3025 2931 3263 3002 reperire
3323 2931 3495 3001 potui.
3530 2930 3755 2986 Videtur

2165 3032 2198 3072 e
2225 3018 2464 3074 castellis
2503 3018 2816 3088 fuissequae
2841 3017 3102 3086 Euphrati
3134 3017 3469 3072 assidebam.

2239 3103 2374 3156 Ibid.
2406 3103 2830 3168 Λεοντόπολις.
2863 3101 3250 3171 Prmstiterati]
3275 3100 3371 3154 καὶ
3398 3099 3749 3164 Καλλίνικος,

2168 3187 2442 3258 quomodo
2496 3186 2778 3252 Libanius,
2815 3186 3217 3250 Tbeodoretus,
3243 3183 3540 3255 Procopius
3589 3194 3755 3255 atque

2169 3274 2284 3336 alii,
2311 3271 2421 3340 jam
2453 3282 2579 3326 ante
2611 3272 2677 3326 ad
2702 3273 2824 3325 Ant.
2853 3269 2985 3324 Itin.
3018 3287 3070 3340 p.
3106 3270 3204 3326 191
3237 3268 3513 3340 appellati.
3551 3266 3754 3323 Urbem

2170 3355 2500 3411 instauravit
2535 3354 2664 3424 imp.
2695 3353 2805 3410 Leo
2848 3355 2994 3410 circa
3023 3370 3074 3408 a.
3107 3353 3233 3417 466,
3293 3366 3503 3422 suoque
3537 3352 3757 3405 nomine

2170 3441 2434 3507 insignem
2462 3452 2585 3493 esse
2625 3439 2815 3501 voluit,
2869 3439 2944 3492 uti
3005 3437 3209 3493 Chron.
3262 3437 3542 3491 Edessena
3571 3435 3751 3489 ιοιιι.1

2168 3522 2312 3579 Bibl.
2352 3523 2589 3590 0rient.,
2623 3539 2676 3593 p.
2725 3523 2831 3578 405
2876 3524 3258 3596 perscriptum.
3290 3522 3758 3578 AddeAssemaue

2172 3617 2356 3663 notata
2382 3610 2512 3664 tomi
2539 3609 2657 3676 ejus
2681 3625 2734 3677 p.
2763 3609 2892 3664 258.

2245 3693 2607 3761 lbid.Bi'p0a.
2659 3692 2805 3746 Virta
2833 3693 3215 3746 munimentum
3263 3691 3414 3746 valde
3473 3701 3757 3752 vetustum,

2171 3780 2227 3832 in
2259 3787 2491 3831 extremo
2555 3775 2950 3846 Mesopotamia:
3015 3778 3177 3830 situm
3231 3776 3551 3830 Ammianus
3607 3773 3678 3826 ΞΟ
3725 3774 3760 3826 7

2174 3870 2462 3925 memorat,
2489 3861 2633 3929 quod
2676 3874 2800 3915 cum
2857 3858 3044 3914 Birtha
3067 3860 3315 3914 videatur
3364 3855 3638 3914 Ptolemaei
3691 3860 3759 3909 ad

2174 3943 2402 4014 Tigrim,
2431 3954 2613 4000 nostra
2644 3958 2764 3998 esse
2781 3943 2990 4013 nequit.
3013 3943 3177 3998 Forte
3198 3946 3312 3998 tunc
3341 3943 3468 3996 latet
3490 3943 3543 3996 in
3577 3942 3756 4000 Biltla,

2175 4029 2260 4082 cui
2295 4027 2348 4080 in
2389 4026 2669 4083 Osdroeua
2701 4027 2877 4082 locum
2907 4027 3056 4082 dedit
3101 4026 3311 4080 Notitia
3362 4023 3498 4095 Imp.
3552 4024 3764 4079 Orient.

2176 4125 2225 4166 c.
2266 4109 2389 4165 I69.

2249 4194 2384 4250 Ibid.
2430 4195 2724 4264 Ἐπαρχία
2752 4194 3239 4264 Μεσοποταμίας.
3292 4193 3514 4249 I’raesidi
3547 4209 3764 4263 quoque

2179 4279 2402 4350 paretiu
2438 4277 2648 4332 Notitia
2673 4277 2816 4346 Imp.
2869 4278 3077 4333 Orient.
3106 4293 3158 4332 c.
3194 4278 3246 4335 ‘l.
3278 4277 3430 4343 Quod
3475 4293 3607 4332 vero
3653 4293 3764 4332 una

2177 4363 2253 4419 illi
2287 4362 2417 4418 urbs
2474 4362 2666 4417 Amida
2708 4363 2892 4426 datur,
2950 4361 3001 4416 id
3048 4377 3118 4418 ne
3179 4362 3415 4416 librariis
3475 4372 3762 4431 acceptum

2175 4445 2369 4504 referri
2431 4455 2682 4517 oporteat
2739 4461 2974 4501 vereor:
3025 4456 3183 4501 erant
3238 4447 3437 4518 quippe
3493 4449 3764 4503 Hieroclis

2175 4538 2335 4585 aetate
2365 4529 2548 4598 plures
2579 4529 2635 4583 in
2670 4543 2732 4583 ea
2769 4528 3049 4598 provincia
3092 4532 3254 4584 urbes
3289 4541 3342 4584 et
3373 4531 3617 4586 castella.
3659 4531 3763 4585 Da-

2175 4628 2266 4668 ras
2307 4612 2469 4682 paulo
2509 4621 2637 4668 ante
2682 4612 2988 4667 muniverat
3051 4612 3181 4682 imp.
3241 4613 3567 4668 Anastasius
3619 4616 3757 4681 apud

2176 4696 2465 4768 Evagrium
2504 4693 2575 4749 11.
2616 4693 2682 4752 Ε.
2714 4696 2748 4749 5
2776 4696 2865 4760 57,
2894 4711 2960 4750 ne
3003 4697 3070 4752 de
3120 4698 3340 4752 arcibus
3392 4698 3591 4761 dicam,
3626 4715 3762 4766 quas

2175 4779 2480 4850 Procopius
2505 4779 2571 4834 de
2590 4774 2754 4833 Fabr.
2787 4778 2989 4833 .Iustin.
3019 4797 3074 4846 ιι,
3104 4781 3137 4832 4
3165 4781 3446 4835 describit.

2222 4863 2381 4919 ~lbid.
2412 4863 2640 4931 Ἄμιδα.
2682 4863 2843 4916 Πόλιν
2878 4863 3084 4933 ὀχυρὰν
3119 4863 3218 4933 τῆς
3256 4866 3425 4934 μέσης
3458 4865 3567 4919 τῶν
3603 4885 3767 4920 ποτα-

2179 4947 2296 5018 μῶν
2331 4946 2594 5016 Evagrius
2630 4944 2702 5000 fl.
2746 4943 2809 5000 Ε.
2867 4947 2900 5001 5
2933 4946 3001 5000 57
3047 4948 3301 5016 appellat.
3363 4948 3538 5003 Situm
3588 4951 3766 5017 signat

2175 5031 2496 5087 Ammianus
2534 5029 2596 5084 18
2628 5030 2684 5095 9,
2716 5031 3015 5099 Procopius
3055 5041 3217 5100 atque
3276 5034 3390 5096 alii,
3427 5050 3564 5102 quos
3619 5050 3768 5088 nunc

2178 5125 2460 5187 prmtereo.
2492 5112 2546 5168 Id
2578 5129 2840 5182 quaeram,
2877 5117 3094 5170 tametsi
3124 5119 3192 5170 ab
3226 5117 3476 5171 instituto
3520 5120 3764 5183 recedat,

2179 5214 2438 5255 verumne
2466 5199 2536 5252 sit
2559 5197 2793 5261 Nisibin,
2817 5199 3087 5252 celebrem
3116 5201 3244 5254 olim
3277 5200 3435 5267 hujus
3471 5201 3770 5267 provincia:

2178 5285 2390 5346 urbem,
2423 5281 2720 5334 Σιϐάπολιν
2747 5280 2914 5336 fuisse
2933 5291 3328 5350 nuncupatam.
3358 5285 3503 5338 Abiit
3535 5286 3586 5338 iu
3625 5287 3770 5338 hanc

2177 5369 2490 5436 opinionem
2525 5367 2586 5421 D.
2623 5365 3022 5435 Papebrocbius
3063 5377 3196 5422 tom.
3235 5368 3272 5422 V
3310 5369 3460 5430 .Iun..
3496 5386 3550 5438 p.
3603 5368 3668 5422 15
3695 5368 3767 5422 ad

2181 5453 2357 5505 Vitam
2395 5451 2452 5506 S.
2481 5449 2783 5513 Febronim,
2817 5451 2869 5503 in
2913 5450 3070 5516 cujus
3111 5454 3262 5507 Aetis
3300 5468 3348 5507 c.
3393 5453 3412 5505 I
3448 5451 3763 5517 Σιῦάπολις,

2177 5537 2299 5607 ἧτις
2323 5536 2557 5588 διέκειτο
2587 5537 2643 5587 ἐν
2666 5536 2833 5605 ὁρίοις
2890 5537 3002 5597 τοῖς
3049 5536 3182 5606 πρὸς
3232 5538 3357 5599 τοὺς
3420 5536 3766 5606 Ἀσσυρίους.

2179 5620 2376 5676 Censet
2401 5621 2486 5674 vir
2507 5621 2704 5675 doctus
2731 5621 2993 5690 Syrorum
3021 5635 3276 5676 sermone
3307 5621 3519 5675 Nisibin
3571 5632 3623 5675 et
3671 5621 3763 5674 Si-

2180 5704 2393 5775 bapolin
2423 5717 2534 5757 rem
2566 5704 2812 5758 eamdem
2835 5703 3181 5771 significare;
3234 5705 3402 5774 quod,
3431 5715 3584 5774 puto,
3623 5722 3767 5756 mm-

2179 5805 2341 5858 quam
2371 5787 2717 5856 probabitur.
2754 5787 2895 5840 Nihil
2929 5803 3146 5858 quoque
3176 5790 3227 5842 in
3261 5789 3436 5854 Actis,
3472 5791 3612 5843 unde
3667 5788 3765 5841 Ni-

2179 5871 2753 5940 sibinintelligendam
2815 5887 2934 5931 csse
2984 5875 3228 5942 colligas.
3291 5875 3403 5945 Ego
3461 5875 3560 5944 τὴν
3596 5873 3766 5928 Σιϐά-
