4170 6430
405 377 545 445 11⁵13

401 493 557 545 πολιν
590 506 694 544 non
726 490 885 543 aliam
911 502 1034 545 esse
1065 496 1290 544 autumo
1317 498 1482 559 atque
1521 503 1643 544 eam
1674 502 1797 558 quin
1817 487 1972 557 Syris

402 575 761 636 Sibabarech,
787 574 1054 644 cujusque
1081 573 1225 627 haud
1255 572 1489 628 obscura
1509 570 1715 628 mentio
1742 573 1798 627 in
1834 571 1977 626 Bibl.

403 661 611 715 Orient.
655 666 786 714 tom.
820 657 885 722 Il,
920 673 973 727 p.
1004 658 1140 722 36l;
1178 656 1431 710 Actorum
1468 666 1650 712 autem
1702 655 1983 711 Febrooia:

401 744 760 814 interpretem
822 740 1155 797 Sibacarecb
1205 741 1399 811 legisse
1422 751 1470 795 et
1498 750 1788 811 propterea
1822 741 1983 795 Σιόά-

403 827 558 881 πολιν
616 826 846 880 vertisse
877 844 891 879 :
919 825 1073 896 Syris
1118 825 1264 879 enim
1289 835 1394 882 ττι
1418 839 1513 879 seu
1544 837 1697 884 nrt:
1724 826 1982 893 Oppidum

401 911 695 979 signiﬁcat,
731 918 786 963 et
810 910 1057 978 proxime
1079 924 1110 962 a
1144 908 1506 977 productione
1535 909 1690 963 urbis
1751 907 1984 962 Sibaba-

402 996 556 1058 rech,
599 994 739 1048 unde
786 992 963 1046 facilis
1004 991 1177 1046 errori
1221 991 1328 1053 via,
1382 991 1571 1045 distat.
1639 989 1820 1045 Posita
1855 993 1985 1046 urbs

402 1087 523 1131 erat
571 1078 711 1130 intra
743 1074 1219 1142 Mesopotamiam,
1265 1085 1325 1128 ut
1360 1087 1425 1128 ea
1473 1075 1603 1128 Acta
1657 1073 1984 1139 ostendunt;

403 1176 526 1232 qua:
578 1175 665 1215 res
720 1164 1024 1215 Assemano
1074 1160 1127 1213 in
1187 1159 1409 1213 dissert.
1467 1159 1532 1211 de
1591 1156 1988 1226 MonOpbysitis

403 1255 537 1300 tum.
567 1242 610 1297 ll
634 1242 779 1297 Bibl.
811 1243 1016 1299 Orient.
1053 1242 1214 1298 dubia
1263 1237 1670 1311 atque'incerta
1720 1238 1836 1295 visa
1880 1251 1985 1296 ρει.

407 1328 521 1384 iloe
545 1328 723 1384 obiter
751 1344 764 1378 :
791 1341 935 1382 nunc
963 1327 1015 1380 in
1046 1325 1191 1380 viam
1223 1325 1532 1380 redeamus.

474 1424 594 1480 Col.
624 1424 744 1478 155.
777 1423 1079 1490 Φοινίκης.
1110 1421 1235 1477 ΙΙίιιε
1265 1431 1350 1477 est
1374 1421 1595 1494 Φοινίκη
1617 1420 1882 1491 πάραλος,
1911 1422 1987 1474 uti

407 1507 638 1575 Evagrio
665 1508 699 1561 5
723 1506 792 1560 55
828 1517 883 1561 et
915 1506 1001 1560 Io.
1056 1505 1261 1560 Malalte
1309 1515 1439 1560 tom.
1470 1504 1536 1568 ll,
1575 1521 1628 1573 p.
1672 1506 1742 1558 75
1766 1506 1985 1559 dicitur.

409 1589 692 1645 Subditam
724 1589 896 1645 fuisse
923 1591 1041 1644 viro
1086 1588 1356 1643 consulari
1390 1589 1424 1642 l.
1462 1588 1534 1642 52
1582 1592 1649 1641 de
1689 1588 1986 1643 Decurion.

409 1687 464 1731 et
494 1677 702 1730 Notitia
734 1675 848 1745 Imp
875 1676 1082 1731 Orieut.
1113 1689 1168 1730 e.
1198 1676 1217 1730 l
1247 1684 1534 1731 testantur.
1579 1672 1743 1729 Facta
1767 1675 1991 1744 provin-

410 1761 493 1816 cia
527 1770 631 1819 est.
663 1758 760 1815 sed
788 1759 955 1814 multo
993 1758 1225 1828 amplior
1256 1767 1311 1813 et
1342 1759 1637 1813 Pluenicen
1689 1758 1984 1812 secundam

407 1844 710 1911 complexa,
735 1843 802 1897 ab
827 1842 1071 1896 Adriano
1099 1841 1243 1911 apud
1274 1841 1552 1910 Spartian.
1574 1856 1626 1894 e.
1660 1840 1748 1895 Μ.

482 1928 618 1981 Ibid.
674 1928 891 1995 Τύρος.
935 1925 1235 1981 Provinciae
1298 1934 1417 1980 erat
1486 1923 1826 1994 metropolis,
1882 1937 1991 1990 quo

412 2010 568 2066 titulo
594 2012 695 2066 etsi
735 2012 787 2065 in
825 2011 1064 2064 nmnmis
1118 2018 1244 2063 ante
1276 2008 1574 2062 Adrianum
1617 2009 1845 2072 insignis
1886 2016 1988 2069 cst,

413 2094 670 2149 Phoenice
701 2102 881 2147 tamen
910 2107 939 2146 a
972 2091 1129 2161 Syria
1186 2090 1431 2155 devulsa,
1490 2089 1786 2154 provinciae
1828 2098 1993 2157 caput

411 2186 498 2231 est
529 2175 801 2244 imposita.
825 2184 884 2229 ut
912 2174 1111 2229 Suidas
1137 2173 1189 2228 in
1236 2173 1449 2236 Παῦλος
1472 2172 1673 2241 Τύριος
1694 2171 1986 2241 signiticat.

413 2259 548 2313 Vide
578 2258 850 2313 Norisium
870 2257 1003 2314 diss.
1030 2257 1098 2311 de
1127 2255 1328 2323 Epoclt.
1361 2255 1396 2310 5
1443 2272 1499 2325 p.
1551 2253 1658 2310 596
1706 2263 1761 2307 et
1808 2253 1990 2323 Span-

412 2344 561 2397 hem.
583 2340 806 2395 Dissert.
834 2355 887 2395 rx
927 2340 992 2394 de
1024 2338 1118 2395 Us.
1151 2339 1213 2394 de
1240 2339 1431 2394 Pra'st.
1456 2337 1533 2393 N.
1560 2353 1612 2407 p.
1643 2335 1771 2392 588.

485 2438 617 2494 Ibid.
650 2438 706 2492 Β.
734 2439 1024 2506 Βηρυτός.
1051 2435 1465 2505 Metropolitano
1489 2433 1710 2488 nomine
1730 2447 1793 2487 ac
1814 2432 1990 2502 digni-

415 2530 527 2576 tate
586 2522 867 2576 civitatem
928 2521 1183 2591 Bcrytum
1236 2517 1601 2573 exornaverat
1650 2516 1994 2571 Theodosius

414 2606 684 2659 secundus
714 2605 747 2659 1.
786 2621 880 2660 un.
914 2620 964 2658 c.
1005 2603 1073 2659 de
1103 2612 1333 2673 metrop.
1382 2600 1604 2672 Beryt.;
1640 2614 1744 2669 qua
1785 2614 1843 2653 re
1881 2597 1990 2652 Eu-

420 2689 657 2743 stathius
696 2688 850 2743 urbis
889 2687 1007 2755 ejus
1033 2685 1228 2756 pricsul
1275 2699 1541 2740 accensus
1580 2682 1870 2739 Phoenices
1901 2697 1994 2734 ur-

414 2772 513 2826 bes
561 2770 785 2842 Byblon,
808 2770 1032 2841 Botryn,
1082 2768 1351 2838 Tripolin,
1380 2766 1794 2829 Orthosiadein,
1822 2764 1993 2818 Arcas

415 2865 580 2924 atque
607 2855 921 2909 Antaradon
957 2854 1086 2918 sibi,
1112 2861 1297 2923 utpote
1327 2867 1481 2906 nova:
1514 2850 1800 2919 metrOpoli
1823 2848 1996 2918 subji-

418 2941 664 3005 ciendas,
695 2940 1013 2994 vindicavit.
1039 2938 1245 2992 Contra
1279 2935 1669 2991 venitl’hotius
1699 2932 1990 3005 Tyriorum

418 3024 637 3091 prtesul,
674 3030 1027 3092 quaestusque
1064 3031 1149 3076 est
1170 3018 1427 3074 Patribus
1455 3016 1995 3073 Chalcedonensibus

420 3108 489 3159 ab
539 3104 823 3159 Eustatbio
880 3104 1135 3173 injuriam
1192 3103 1294 3157 sibi
1358 3100 1563 3156 illatam
1622 3111 1996 3167 rationemque

418 3188 623 3243 Nicmui
667 3187 823 3257 primi
852 3186 1071 3242 concilii
1125 3195 1381 3254 quartum
1420 3191 1676 3254 proterve
1708 3196 1832 3237 esse
1875 3195 1998 3250 pro-

416 3256 717 3328 culeatum.
749 3270 940 3327 Patres
973 3271 1272 3327 secundum
1306 3268 1559 3323 Photium
1597 3268 1744 3322 litem
1769 3256 1991 3330 dedere,

412 3356 805 3427 jusseruntque
828 3355 1030 3426 Tyrum
1052 3371 1173 3410 esse
1204 3352 1558 3423 metropolin,
1592 3350 1847 3422 Berytum
1867 3365 1997 3404 vero

420 3439 555 3493 nihil
595 3446 790 3505 printer
816 3444 1043 3490 ca'teras
1085 3436 1387 3507 provincia:
1445 3435 1611 3488 urbes
1637 3435 1740 3488 sibi
1780 3446 1997 3487 sumere

419 3537 474 3592 p.
499 3523 625 3577 622.
679 3521 833 3576 Adde
861 3519 1235 3573 Balsamonem
1274 3522 1326 3573 in
1382 3534 1505 3572 can.
1536 3517 1607 3570 29
1664 3515 1993 3570 Chalcedon.

419 3605 637 3658 concilii
658 3604 795 3671 apud
825 3602 1175 3674 Beveregium
1212 3611 1342 3655 tom.
1366 3599 1408 3666 I,
1439 3616 1490 3671 p.
1524 3599 1650 3656 148.
1681 3597 1841 3652 Plura
1869 3596 1996 3651 Itin.

420 3688 490 3744 Il.
526 3706 579 3761 p.
610 3688 718 3744 585
746 3696 800 3744 et
828 3689 894 3743 de
927 3688 1286 3757 sequentibus
1320 3688 1446 3740 Ant.
1491 3684 1620 3739 Itin.
1650 3701 1704 3756 p.
1732 3676 1854 3737 H8.

490 3787 626 3841 Ibid.
669 3787 965 3853 Βόστρυς.
1005 3783 1145 3854 Lege
1169 3782 1375 3855 Βότρυς
1404 3791 1459 3837 et
1489 3781 1714 3846 Βύϐλος,
1757 3779 1862 3835 etsi
1906 3779 1998 3832 Bi-

422 3870 548 3935 ϐλος
588 3873 658 3923 sit
692 3870 745 3922 in
788 3870 939 3922 Actis
976 3866 1309 3921 Chalcedon.
1356 3882 1407 3936 p.
1455 3865 1584 3931 6l8,
1638 3864 1883 3933 Βόστρυς
1945 3863 2000 3916 in

423 3955 731 4024 Chronogr.
766 3950 1118 4019 Theophanis
1154 3967 1209 4021 ι).
1244 3949 1370 4003 195.

496 4048 630 4107 Ibid.
668 4049 883 4117 Ἀρκαι.
913 4047 1082 4102 Recte
1122 4063 1282 4112 mss.,
1322 4054 1382 4099 ut
1422 4044 1559 4098 alias
1593 4042 1853 4098 diximus.
1890 4042 2001 4095 Au-

424 4133 593 4190 rclius
626 4132 810 4187 Victor
838 4133 1032 4202 duplex
1062 4132 1135 4185 illi
1179 4146 1376 4187 nomen
1407 4128 1578 4185 fuisse
1606 4129 1763 4183 Arcae
1794 4137 1850 4183 et
1881 4127 2000 4182 Cte-

425 4232 597 4273 sareae
621 4217 672 4270 in
704 4216 1013 4271 Alexandro
1039 4216 1243 4270 Severo
1265 4222 1580 4277 asseverat;
1613 4227 1846 4281 cumque
1875 4210 2006 4264 urbs

430 4300 636 4355 Libano
665 4298 829 4354 fuerit
859 4300 1057 4365 vicina,
1093 4300 1170 4354 uti
1203 4297 1372 4354 Gesta
1403 4295 1670 4352 Taneredi
1704 4308 1757 4350 c.
1791 4294 1893 4348 I05
1924 4293 2005 4348 iu—

429 4386 649 4449 dicant,
704 4384 845 4439 baud
893 4383 1202 4452 spernenda
1257 4383 1470 4439 videtur
1512 4378 1578 4434 Ν.
1611 4375 1824 4450 Haymii
1875 4394 2007 4435 eon-

423 4470 768 4540 jectura,qua
788 4482 1065 4523 nummum
1082 4467 1390 4538 Καισαρίας
1411 4465 1644 4521 Λιϐάνου
1670 4462 2007 4534 ιιιιίεζιῐίὺιιίι

431 4563 562 4608 tom.
605 4553 621 4607 I
658 4552 812 4605 Thes.
854 4550 1064 4605 Britan.
1100 4566 1155 4620 p.
1187 4551 1319 4606 252.

505 4655 640 4710 Ibid.
695 4651 1028 4721 Ὀρθοσιὰς.
1084 4648 1385 4720 Ὀρθωσιὰς
1422 4649 1601 4707 vicina
1647 4648 1812 4703 ﬂuvio
1848 4645 2007 4700 Eleu-

431 4740 590 4795 thero
614 4739 755 4805 apud
780 4734 1106 4790 Strabonem
1128 4732 1194 4787 -16
1231 4749 1281 4802 p.
1303 4731 1429 4786 755.
1460 4731 1594 4786 Vide
1608 4731 1783 4787 Neris.
1803 4728 2005 4800 Eporlt.

428 4825 557 4880 diu.
586 4838 671 4888 tt.,
709 4836 761 4890 p.
798 4822 921 4875 I05.

504 4922 639 4975 Ibid.
685 4919 954 4987 Ἀραδος.
990 4917 1091 4972 Uni
1133 4915 1393 4985 episcOpo
1422 4913 1666 4967 Aradum
1702 4918 1869 4978 atque
1895 4910 2008 4964 Au-

434 5005 681 5059 taradum
736 5002 988 5057 subditas
1036 5000 1203 5054 fuisse
1242 5000 1373 5051 Acta
1416 4994 1613 5050 concil.
1652 4994 1911 5062 Ephesini
1957 5004 2012 5046 et

431 5088 763 5144 Chalcedon.
819 5095 1008 5141 vetant
1033 5083 1319 5147 dubitare;
1358 5097 1458 5135 nec
1493 5080 1640 5150 justa
1675 5091 1858 5131 tamen
1889 5091 2011 5145 pro-

433 5183 619 5242 pterea
652 5174 767 5225 lucc
799 5167 1060 5223 Ilarduini
1096 5163 1520 5219 animadversio.
1562 5161 1631 5217 In
1666 5159 1895 5222 Notitia,
1934 5158 2012 5212 ait

437 5241 489 5310 in
534 5253 699 5308 Num.
731 5253 860 5306 Ant.
894 5251 1130 5312 Illustr.,
1185 5246 1445 5301 Hieroclis
1493 5245 1705 5298 Aradus
1750 5251 1796 5296 et
1840 5241 2013 5295 Anta-

437 5340 599 5391 rudus
650 5353 744 5390 ceu
799 5337 906 5389 duo
964 5336 1171 5389 diversa
1221 5331 1435 5401 Oppida,
1488 5328 1773 5396 episcopali
1829 5329 2013 5378 decore

437 5424 710 5489 insignita,
736 5417 1079 5489 appellantur
1108 5419 1163 5471 in
1205 5415 1473 5485 provincia
1526 5410 1814 5467 Phoznict'a:
1854 5424 2014 5476 para—

438 5508 524 5560 liw
554 5523 660 5560 sive
696 5505 1003 5568 ntaritimw,
1049 5503 1207 5556 credo
1255 5499 1524 5559 mendose,
1573 5513 1692 5549 cum
1741 5495 2013 5563 utriusque

441 5590 620 5658 oppidi
650 5602 814 5640 mrum
845 5586 1013 5653 fuisse
1040 5586 1333 5639 antistitem
1368 5582 1556 5636 merito
1589 5579 1918 5646 suscipemur
1947 5591 2014 5631 ex

440 5673 661 5742 epistula
714 5670 1068 5726 Orientalium
1112 5671 1179 5725 15
1217 5671 1273 5723 in
1315 5668 1557 5723 auctario
1601 5664 1911 5717 Theodoreti
1959 5679 2011 5730 p.

442 5756 565 5811 561.
606 5756 790 5824 Neque
816 5757 962 5810 enim
995 5755 1365 5810 ecclesiastica
1396 5753 1509 5806 haec
1544 5748 1781 5812 Notitiu;
1819 5751 2013 5799 nedum

448 5841 628 5896 ontuiu
666 5840 883 5910 oppida,
917 5856 1035 5908 qua:
1064 5827 1408 5909 Synecdemo
1435 5835 1829 5905 comprehensa
1860 5843 2011 5901 sunt,

1254 376 1645 441 COMMENT.
1690 378 1768 440 IN
1810 374 2223 440 IIIEIIOCLIS
2260 378 2802 439 SYNECDEMUM.

3527 374 3662 439 117i

2094 501 2221 541 suos
2269 486 2369 539 sibi
2428 486 2711 555 episcopos
2789 484 3118 540 habuerunt.
3165 484 3322 540 Plura
3368 484 3501 540 Itin.
3544 487 3644 541 Aut

2160 652 2293 705 Ibid.
2326 650 2778 704 Κωγσταντίνα.
2817 646 3096 718 Nusquam
3149 661 3270 702 cam
3320 649 3554 716 reperio,
3579 663 3663 702 ve-

2089 749 2322 804 reorque
2367 749 2433 788 ne
2473 733 2602 803 quid
2644 733 2731 787 hic
2784 746 2813 786 a
2863 731 3104 788 librariis
3141 731 3216 788 sit
3245 732 3574 803 neglectum.
3612 733 3665 787 Si

2087 817 2472 888 Ἀντάραδοςή
2508 817 2604 870 καὶ
2649 814 3010 870 Κωνσταντεα
3046 814 3342 884 legeretur,
3386 813 3538 870 salva
3583 828 3666 867 res

2090 901 2229 957 foret
2268 900 2673 959 :Consnintius
2718 900 2864 955 enim
2912 899 3100 953 urbem
3157 898 3518 952 instauratam
3573 912 3668 951 sur

2090 986 2311 1038 nomine
2337 985 2582 1038 donavit.
2611 982 2975 1052 Theophanes
3001 981 3301 1050 Chronogr.
3329 995 3383 1049 p.
3415 981 3477 1035 51
3518 997 3531 1033 :
3564 982 3664 1034 Ka‘

2092 1070 2249 1124 πόλιν
2271 1069 2489 1122 ἔκτισεν
2518 1071 2577 1122 ὲν
2596 1070 2663 1138 τῇ
2692 1066 2937 1137 Φοινίκῃ.
2971 1066 3037 1137 ἢν
3067 1064 3451 1119 Κωνσταντίαν
3475 1064 3667 1132 κέκληη

2091 1171 2207 1220 κεν,
2249 1152 2348 1224 τὴν
2390 1152 2658 1224 πρότερον
2707 1150 3053 1221 καλουμένην
3100 1146 3451 1218 ’Δντάραδον.
3496 1147 3665 1215 Διιιιι(

2093 1237 2219 1292 hinc
2258 1238 2473 1291 Atticus
2501 1237 2795 1306 episcopus
2823 1233 3039 1290 Aradiaa
3072 1231 3414 1287 Constantia:
3451 1233 3667 1299 provin‘

2092 1321 2311 1375 cialium
2341 1323 2406 1376 ad
2455 1320 2692 1375 Leonem
2726 1320 3112 1390 imperatorem
3151 1314 3398 1386 epistolte
3428 1324 3562 1367 tom.
3602 1311 3666 1365 IX

2093 1404 2298 1462 Concil.
2337 1421 2389 1475 p.
2420 1406 2526 1460 512
2560 1403 2854 1459 subscribit
2880 1409 2938 1456 ut
2963 1402 3075 1472 jam
3109 1408 3243 1455 ante
3273 1400 3530 1453 diximus.

2165 1488 2296 1544 Ibid.
2341 1486 2643 1559 ιιογωνᾶς.
2690 1489 2873 1543 Codex
2905 1484 3191 1541 Leidensis
3234 1481 3533 1552 Πωγωνάς,
3568 1498 3671 1550 quo

2092 1584 2193 1640 ego
2224 1573 2443 1627 nomine
2474 1572 2737 1641 oppidum
2771 1572 2823 1623 in
2857 1571 2960 1625 hac
2988 1584 3085 1623 ora
3118 1569 3327 1639 ignoro.
3359 1565 3416 1619 Si
3469 1573 3672 1619 ret-tum

2094 1663 2200 1719 est,
2235 1656 2410 1721 potuit
2451 1670 2515 1708 ex
2545 1654 2712 1708 simili
2758 1668 2923 1716 causa
2993 1651 3149 1706 locus
3178 1651 3285 1704 dici
3336 1663 3443 1717 quo
3474 1656 3667 1716 portus

2094 1734 2416 1792 Trmzenius
2445 1736 2673 1804 Πώγων,
2713 1737 2781 1790 de
2815 1749 2925 1810 quo
2952 1734 3170 1790 Suidas.
3203 1731 3465 1788 Fortasse
3496 1740 3674 1784 tamen

2096 1820 2278 1876 Saltus
2295 1819 2799 1890 Conatieus,quem
2822 1818 2946 1873 alia:
2974 1815 3195 1871 Notium
3228 1817 3280 1869 in
3313 1815 3415 1868 hac
3448 1814 3675 1883 provin-

2094 1906 2177 1960 cia
2227 1913 2554 1974 agnoscunt,
2594 1913 2650 1959 et
2711 1903 2868 1972 cujus
2924 1901 3331 1972 possessionum
3368 1897 3499 1966 imp.
3528 1894 3676 1949 Zeno

2096 1989 2132 2042 1.
2168 2003 2204 2042 ιι
2239 2003 2290 2043 c.
2337 1989 2406 2042 de
2446 1987 2624 2043 Prted.
2663 1986 2904 2042 Taurino.
2954 1982 3227 2047 meminit,
3277 1982 3379 2037 sub
3428 1978 3675 2035 vocabuli

2098 2071 2380 2125 involucro
2414 2071 2564 2125 latet.
2608 2071 2747 2125 Vide
2789 2068 2906 2125 Jac.
2949 2066 3267 2124 Iibenl'erdii
3297 2065 3431 2120 diss.
3465 2065 3533 2117 de
3564 2064 3672 2117 An-

2094 2154 2220 2224 gulo
2267 2153 2429 2208 Arab.
2478 2171 2532 2225 p.
2567 2153 2693 2218 82l,
2722 2167 2820 2208 nec
2856 2152 3020 2207 crede
3051 2160 3232 2206 tamen
3262 2147 3460 2204 saltum
3495 2145 3677 2201 Gena-

2096 2240 2260 2293 ticum
2318 2255 2441 2294 esse
2491 2239 2758 2307 angulum
2811 2236 2966 2292 illum
3037 2249 3231 2289 cavum
3286 2248 3350 2287 ex
3404 2243 3676 2286 concursu

2096 2320 2287 2376 Libani
2321 2332 2375 2377 et
2421 2320 2723 2375 Antilibani
2761 2327 2967 2382 ortum,
3021 2315 3092 2373 de
3139 2330 3246 2384 qua
3297 2314 3499 2369 Strabo
3530 2322 3677 2380 agat,

2094 2403 2171 2457 uti
2197 2403 2317 2457 ait:
2352 2402 2486 2457 nihil
2515 2403 2660 2458 enim
2696 2399 2855 2469 hujus
2887 2399 2943 2454 in
2975 2398 3248 2453 Strabone
3280 2394 3541 2465 reperies.
3574 2391 3677 2446 Ila-

2095 2486 2184 2539 bet
2227 2501 2361 2540 ωηο
2404 2485 2725 2540 Boufrerius
2791 2485 2857 2537 ad
2904 2480 3278 2536 Antilibsnum
3339 2475 3678 2544 Hieronymi,

2095 2580 2258 2638 atque
2288 2586 2353 2624 ex
2383 2586 2448 2624 eo
2479 2567 2869 2633 Rhenferdius,
2904 2566 3020 2621 haec
3069 2561 3359 2619 Strabonis
3386 2575 3418 2615 e
3449 2559 3483 2614 Ι.
3519 2575 3607 2613 xv:
3664 2576 3675 2610 :

2098 2651 2216 2706 Duo
2256 2662 2378 2705 sunt
2425 2662 2647 2715 montes,
2689 2650 2779 2721 qui
2815 2664 2934 2703 eum
2967 2647 3203 2717 faciunt,
3247 2660 3364 2714 qua:
3406 2641 3679 2697 Concavus

2096 2737 2338 2806 Angulus
2356 2738 2573 2798 dicitur,
2594 2736 2747 2805 quasi
2763 2736 2896 2788 inter
2918 2748 2972 2787 se
2993 2746 3172 2802 pares,
3203 2727 3439 2782 Libanus
3460 2735 3508 2779 et
3528 2723 3680 2776 Anti-

2097 2820 2332 2884 libanus,
2377 2818 2539 2889 paulo
2593 2818 2733 2872 ultra
2762 2832 2910 2871 mare
2935 2815 3266 2885 incipientes.
3313 2812 3384 2866 At
3429 2807 3535 2865 sil.
3592 2823 3679 2860 xw

2097 2919 2152 2972 p.
2177 2903 2280 2958 754
2320 2901 2643 2970 inspexeris,
2674 2914 2864 2955 cavam
2899 2899 3120 2968 quidem
3142 2896 3381 2967 Syriam,
3408 2904 3677 2961 nusquam

2098 3000 2222 3040 eum
2250 2986 2509 3055 angulum
2545 2983 2814 3053 invenies.
3190 3013 3221 3020 -

2171 3069 2307 3123 Ibid.
2350 3068 2629 3134 Πανειὰς.
2654 3066 2862 3122 Vitiose
2903 3064 3146 3128 Σπανιὰς
3177 3065 3230 3117 in
3263 3062 3382 3117 Vita
3407 3061 3466 3117 S.
3503 3063 3679 3123 Saba.

2099 3168 2260 3222 quam
2311 3168 2341 3206 a
2383 3152 2593 3224 Cyrillo
2639 3150 3010 3218 conscriptam
3061 3146 3369 3203 Cotelerius
3419 3156 3548 3201 tom.
3619 3144 3680 3198 Ill

2098 3238 2243 3291 Man.
2294 3235 2394 3290 Gr.
2452 3235 2703 3299 inseruit,
2745 3250 2799 3305 p.
2860 3232 2990 3287 252.
3024 3230 3192 3285 Multo
3241 3229 3400 3299 pejus
3434 3230 3487 3284 in
3534 3229 3684 3285 Actis

2101 3319 2375 3390 Proeupii,
2410 3332 2504 3373 seu
2544 3319 2723 3373 fabula
2761 3316 2964 3386 potius,
2999 3328 3123 3369 cum
3163 3313 3412 3368 Caesarea
3446 3310 3662 3367 Palaesti

2102 3420 2186 3458 na:
2217 3402 2498 3471 metrOpoli
2524 3401 2639 3454 sive
2663 3399 2937 3453 Stratonis
2965 3406 3117 3452 turre
3139 3394 3495 3450 confunditur
3528 3410 3579 3448 c.
3606 3396 3676 3450 ὃς

2102 3484 2446 3555 Καισάρειαν
2489 3483 2545 3536 δὲ
2596 3482 2803 3553 ταύτην
2825 3481 3008 3551 φαμὲν
3040 3479 3107 3549 ἣν
3143 3480 3239 3532 καὶ
3265 3476 3535 3531 totum)
3570 3494 3685 3532 Ita-

2102 3568 2214 3622 λεϊν
2236 3566 2528 3637 εἰώθαμεν.
2558 3564 2706 3635 Αὕτη
2728 3566 2783 3618 δὲ
2815 3565 2909 3618 καὶ
2931 3562 3249 3632 Στράτωνος
3273 3559 3373 3630 μὲν
3398 3559 3609 3631 πύργος
3624 3560 3685 3612 τὸ

2104 3652 2371 3722 πρότερον
2396 3651 2643 3704 ἐκαλεῖτο
2671 3664 2685 3679 ·
2721 3646 2978 3715 Φοινίκης
3006 3646 3064 3698 δὲ
3097 3643 3351 3697 Πανεάδα
3381 3642 3682 3713 κατονομὰο

2104 3737 2312 3800 ζουσιν,
2365 3734 2476 3789 ἀπὸ
2527 3731 2622 3786 τοῦ
2649 3732 2893 3802 γείτονος
2937 3730 3076 3800 αὐτῇ
3125 3728 3288 3800 ὅρους
3346 3727 3556 3781 Πανέου
3589 3726 3686 3797 τὴν

2109 3819 2426 3889 ἐπωνυμίαν
2467 3818 2705 3888 θέμενοι.
2739 3816 2909 3883 Quem
2953 3813 3203 3868 euttzdetn
3252 3826 3496 3867 errorem
3546 3811 3683 3863 scri-

2107 3915 2228 3974 ptor
2267 3902 2400 3957 Vita:
2438 3900 2729 3971 Epiphanii
2769 3899 2997 3965 erravit,
3033 3897 3160 3951 dum
3206 3912 3257 3952 c.
3306 3895 3377 3949 Η
3410 3906 3473 3948 ex
3510 3894 3686 3964 Cypro

2107 4002 2169 4044 se
2194 3986 2321 4041 navi
2354 3986 2659 4041 Catsaream
2688 3981 2921 4051 Philippi
2949 3980 3231 4051 trajeeisse
3257 3988 3445 4033 narrat
3471 3994 3485 4030 :
3522 3976 3687 4029 Ἀπά-

2111 4088 2306 4144 ραντες
2333 4069 2391 4123 δὲ
2423 4068 2535 4124 ἀπὸ
2565 4067 2795 4137 Κύπρου
2823 4065 3251 4135 ἀπεπλεύσαμεν
3293 4065 3353 4117 ἐν
3382 4059 3687 4130 Καισαρείᾳ

2109 4157 2175 4225 τῇ
2200 4153 2493 4207 Φιλίππου.
2516 4151 2701 4221 Neque
2725 4151 2871 4205 enim
2901 4147 3209 4205 Paneadcm
3234 4146 3349 4201 sive
3382 4145 3688 4200 Caesaream

2110 4235 2344 4306 Philippi
2378 4235 2659 4305 appellere
2690 4233 2883 4304 potuit.

2181 4318 2316 4375 Ibid.
2358 4315 2643 4383 Φοινίκης
2678 4315 3070 4380 Λιϐανησίας.
3108 4313 3226 4368 Fuit
3257 4311 3533 4381 provincia
3576 4310 3692 4363 base

2110 4405 2403 4474 conjuncta
2437 4402 2734 4469 superiori,
2767 4400 2943 4454 donec
2980 4411 3013 4452 a
3046 4395 3356 4452 Theodosio
3389 4394 3459 4448 Μ.
3493 4395 3691 4447 distra-

2114 4493 2334 4545 heretnr
2376 4496 2431 4541 et
2476 4500 2637 4541 suum
2694 4483 2800 4537 sibi
2848 4482 3134 4552 praesidem
3190 4480 3485 4546 acciperet.
3548 4476 3692 4530 \‘idit

2116 4576 2218 4629 hoc
2267 4571 2333 4626 II.
2372 4569 2623 4627 Norisins
2669 4581 2733 4621 ex
2780 4565 3135 4622 conciliorum
3174 4563 3319 4617 Actis
3364 4563 3583 4616 dissert.
3638 4574 3691 4613 Iv

2112 4659 2178 4711 de
2218 4655 2445 4725 Epochis
2498 4668 2551 4718 p.
2585 4653 2712 4717 556,
2746 4651 2962 4706 tametsi
3018 4659 3115 4718 per
3164 4660 3409 4702 errorem
3460 4644 3694 4699 Arcadio

2113 4739 2381 4809 originem
2423 4737 2585 4804 hujus
2628 4734 2920 4803 provincia:
2963 4730 3217 4786 tribuerit
3270 4747 3284 4785 :
3326 4726 3693 4783 Theodosium

2113 4825 2262 4879 enim
2294 4831 2572 4876 auctorem
2610 4833 2731 4872 esse
2776 4815 2860 4870 Jo.
2900 4813 3093 4869 Malala
3125 4822 3259 4868 tom.
3291 4811 3333 4866 II
3375 4827 3427 4880 p.
3466 4811 3537 4865 59
3565 4824 3688 4880 per-

2115 4911 2301 4980 spicue
2333 4909 2511 4963 docet.
2559 4904 2617 4956 Ὀ
2651 4903 2709 4956 δὲ
2737 4901 2923 4966 αὐτὸς,
2958 4899 3156 4969 inquit,
3198 4897 3452 4967 βασιλεὺς
3473 4896 3694 4980 sinapi-

2117 4978 2234 5064 ρ-ισε
2266 4991 2360 5045 καὶ
2384 4989 2482 5061 τὴν
2501 4986 2756 5053 Φοινίκην
2792 4983 3114 5037 Λιϐανισίαν
3143 4982 3252 5035 ἀπὸ
3284 4982 3383 5050 τῆς
3415 4978 3690 5064 Παρῄλου,

2119 5078 2210 5132 καὶ
2257 5075 2515 5143 ἐποίησεν
2554 5070 2855 5143 ἐπαρχίαν,
2897 5068 3024 5141 δοὺς
3063 5069 3248 5120 δίκαια
3309 5063 3695 5136 μητροπόλεως

2116 5162 2211 5216 καὶ
2240 5161 2477 5231 ἄρχοντα
2517 5157 2824 5229 ὀρδινὰριον
2872 5153 3111 5223 Ἑμέσσῃ
3154 5155 3221 5221 τῇ
3269 5150 3444 5203 πόλει.
3511 5147 3696 5211 Quan-

2116 5260 2278 5314 quam
2310 5258 2433 5313 qua:
2471 5243 2538 5297 de
2573 5243 2796 5296 Emessa
2824 5238 3001 5301 addit,
3035 5251 3064 5289 a
3092 5249 3223 5288 vero
3246 5232 3447 5288 abeunt
3477 5248 3490 5281 :
3520 5242 3695 5314 neque

2116 5312 2178 5384 ea
2222 5312 2367 5383 enim
2403 5323 2727 5395 metropolis
2757 5321 3071 5392 provinciar,
3106 5318 3200 5373 sed
3236 5317 3535 5370 Damascus
3570 5312 3690 5366 fuit.

2116 5412 2227 5469 Nec
2257 5423 2548 5466 succurres
2589 5406 2819 5469 homini,
2878 5404 2922 5460 si
2967 5400 3182 5456 civilem
3221 5396 3542 5467 metropolin
3573 5408 3694 5448 eam

2117 5498 2308 5551 urbem
2356 5494 2555 5549 factam
2603 5489 2830 5555 dixeris,
2876 5484 3131 5556 quoniam
3159 5483 3283 5550 jura
3318 5489 3377 5535 et
3414 5476 3695 5546 dignitatis

2118 5579 2295 5636 civilis
2320 5575 2601 5647 privilegia
2625 5570 2996 5629 ecclesiastica
3042 5580 3229 5620 secum
3262 5562 3570 5617 trahebant.
3601 5559 3694 5613 Sic

2120 5678 2242 5718 cum
2256 5645 2463 5733 Titanis
2481 5645 2781 5728 valensjus
2800 5649 3280 5720 metropoiitanum
3306 5645 3699 5705 contribnerct,

2119 5767 2132 5797 ι
2149 5749 2238 5817 jus
2293 5726 2447 5801 urbis
2484 5726 2716 5797 antistes
2759 5738 2882 5806 jura
2929 5732 3304 5789 ecclesiastica
3359 5730 3542 5785 statim
3593 5726 3697 5782 sibi

2125 5815 2402 5900 arrogavit
2427 5845 2445 5898 ',
2488 5840 2609 5897 quae
2627 5825 2817 5881 eadem
2844 5837 2930 5876 res
2954 5816 3298 5873 Eustathium
3325 5815 3698 5885 Berylcnscm,
