4170 6424
429 369 562 434 1177

434 491 824 551 transportavit
854 491 905 551 .l.
941 493 1135 550 Mutata
1167 501 1308 569 apud
1345 499 1396 556 J.
1429 500 1819 558 Damascenum
1857 512 1998 558 orat.

422 569 458 626 3
481 587 532 642 p.
562 573 688 634 568.
714 575 802 631 ubi
832 575 902 632 de
929 577 1138 636 Joanne
1165 579 1412 652 Baptista
1435 598 1450 638 :
1476 586 1587 639 Καὶ
1616 585 1891 656 ἀπέτεμεν
1913 586 2006 640 αὐ·

421 657 515 710 τὸν
551 658 806 742 *Ἡρώδης
838 659 868 714 6
911 664 1217 738 τοπάρχης,
1239 669 1319 732 εἰς
1341 669 1404 722 τδ
1432 668 1711 739 βασίλειον
1737 671 1840 742 τῆς
1861 671 2004 741 Τρα-

424 740 704 811 χωνίτιδος
725 744 930 817 χώρας,
953 747 1012 801 ὲν
1041 748 1287 823 Σεϐαστῇ
1315 754 1381 825 τῇ
1405 753 1580 809 πόλει.
1604 753 1770 809 Paulo
1789 740 2000 822 melius,

427 839 529 879 nec
582 835 762 882 tamen
833 830 954 888 sine
1008 846 1217 899 errore,
1277 835 1331 890 in
1405 835 1707 893 Cliilmeadi
1768 838 2002 893 editione

427 910 602 966 tom.l
635 927 690 982 ιι.
715 913 824 969 305
845 915 1044 987 legitur
1070 920 1100 972 6
1139 918 1388 991 Ἡρώδης
1409 923 1438 974 6
1461 921 1740 991 βασιλεὺς,
1758 922 1787 974 6
1811 921 2000 974 Φιλίπ-

424 1007 551 1062 που,
589 997 618 1050 6
659 1000 954 1070 τοπαρχῶν
971 1001 1090 1072 ἦτοι
1116 1001 1532 1077 βασιλεύωντῆς
1551 1005 1953 1079 Τραχωνίτιδος
1985 1027 1996 1061 :

428 1091 604 1148 neque
635 1082 781 1136 enim
811 1082 1054 1140 Herodes
1077 1084 1476 1154 Trachonitidi,
1508 1098 1566 1143 ut
1596 1091 1736 1145 bene
1785 1089 1872 1142 vir
1902 1091 2002 1143 do-

424 1172 572 1228 ctus,
599 1165 848 1234 praefuit;
881 1176 937 1223 et
975 1169 1062 1225 cui
1095 1169 1239 1227 bono
1265 1173 1294 1226 6
1326 1172 1581 1242 βασιλεὺς
1629 1174 1658 1226 ὁ
1711 1169 2002 1243 τοπαρχῶν

429 1245 548 1315 ἦτοι
580 1245 879 1316 βασιλεύων
911 1255 1349 1310 coacervantur?
1402 1255 1543 1311 forte
1571 1270 1636 1311 ex
1668 1253 2002 1310 Damasceno

423 1327 498 1412 ita
537 1331 852 1402 retingenda
877 1336 1097 1392 omnia:
1133 1339 1382 1410 Ἡρώδης
1407 1340 1436 1392 ὁ
1462 1341 1743 1412 τοπάρχης
1765 1341 1883 1411 ἦτοι
1906 1339 2002 1410 βα·

425 1411 655 1468 σιλεύων
685 1416 785 1486 τῆς
808 1418 1228 1490 Τραχωνίτιδος,
1261 1439 1316 1477 κ.
1339 1423 1416 1490 λ.;
1449 1438 1558 1492 quo
1587 1411 1808 1494 quidem
1841 1424 2001 1478 modo

423 1496 782 1593 erroris.non
837 1500 1141 1558 absolvitur
1209 1502 1494 1571 Joannes,
1537 1506 1768 1576 eripitur
1821 1516 1998 1582 tamen

423 1593 682 1647 grawort.

496 1662 614 1718 Col.
646 1664 768 1722 l53.
799 1667 1110 1736 Ἀνθηδών.
1139 1670 1283 1726 Gaza
1305 1671 1497 1727 stadiis
1511 1670 1584 1725 ‘20
1602 1671 1812 1738 aberat,
1831 1667 2000 1727 Sozo-

423 1759 586 1800 meno
615 1746 689 1802 11.
723 1747 790 1804 E.
840 1764 893 1812 ν,
938 1752 972 1807 9
1009 1763 1253 1819 auctore,
1291 1755 1427 1809 tnari
1476 1756 1744 1822 proxima.
1784 1755 2000 1812 Diocle-

424 1831 784 1901 tianopoieos,
821 1833 868 1889 si
899 1833 1138 1892 Nomia:
1177 1848 1229 1892 et
1267 1837 1633 1893 Conciliorum
1667 1840 1801 1892 Acta
1840 1854 2001 1894 exce-

423 1915 592 1984 peris,
628 1931 747 1972 rara
797 1920 1022 1975 mentio.
1057 1920 1188 1976 Vide
1231 1919 1298 1977 ii.
1345 1921 1650 1977 Relandum
1681 1921 1904 1978 Palam.
1937 1936 1998 1978 ιιι

495 2080 630 2137 ibid.
673 2083 1056 2154 Συκαμὰζὶυν.
1113 2087 1450 2157 Εύκομάζων
1523 2087 1576 2142 in
1647 2087 1824 2144 Notit.
1876 2089 1996 2145 Jac.

421 2164 608 2231 Goari,
643 2166 964 2223 Estomason
1000 2169 1053 2224 in
1093 2168 1304 2224 Notitia
1331 2186 1452 2240 qua:
1486 2169 1654 2226 WiIh.
1687 2171 1852 2244 Tyrio
1901 2173 1998 2226 ad-

417 2247 606 2315 juncta
638 2257 742 2310 est.
771 2249 1107 2306 Ascozamon
1130 2252 1392 2308 Gervasio
1422 2253 1746 2311 'i‘ilberiensi
1769 2265 1900 2310 tom.
1943 2254 1992 2310 ll

423 2330 628 2402 Script.
662 2331 1044 2390 Brunsvicens.
1078 2350 1132 2404 p.
1183 2335 1306 2392 760.
1352 2334 1606 2392 Nostrum
1641 2347 1848 2394 rectum
1890 2348 1995 2407 est,

420 2416 524 2471 etsi
576 2418 715 2472 situs
759 2415 878 2486 ejus
921 2417 1159 2486 ignotus.

494 2500 632 2555 ibid.
685 2501 916 2567 Ὀνοῦς.
942 2501 1195 2558 Creditur
1223 2519 1344 2560 esse
1380 2509 1519 2570 Uno,
1541 2507 1607 2560 de
1647 2521 1754 2576 qua
1784 2506 1806 2559 i
1835 2503 1999 2560 Chro-

423 2584 534 2639 nic.
569 2582 714 2638 812.
751 2581 1080 2654 Sequentem
1112 2587 1268 2643 habet
1299 2586 1630 2660 Stephanus,
1661 2604 1994 2661 quamquam

423 2667 559 2724 nihil
593 2669 662 2722 de
690 2668 806 2722 loco
837 2682 1001 2738 quem
1031 2672 1396 2740 occupaverit.

493 2752 628 2806 ibid.
669 2751 848 2812 Γάζα.
880 2752 1154 2822 Duplicetn
1183 2755 1311 2808 olim
1337 2756 1502 2811 fuisse
1520 2755 1743 2825 Gazam,
1767 2771 1994 2828 quarum

421 2835 1070 2904 vetustiorapostolorum
1091 2846 1249 2892 aetate
1281 2839 1443 2893 fuerit
1470 2855 1659 2895 eversa
1683 2852 1735 2896 et
1758 2842 1994 2905 deserta,

422 2919 490 2973 ad
523 2917 719 2972 Anton.
752 2917 882 2977 Itin.
921 2935 974 2988 ρ.
1009 2919 1099 2975 151
1138 2920 1554 2991 disputavimus.
1587 2923 1793 2979 Mecum
1832 2926 2000 2980 sentit

419 3003 785 3074 Hieronymus
813 3003 881 3058 de
934 3001 1060 3058 Loc.
1095 3003 1251 3060 Sacr.
1295 3005 1599 3071 Quini-itur,
1625 3008 1825 3077 inquit,
1864 3023 1997 3078 quo-

420 3089 578 3142 modo
621 3087 675 3141 in
705 3087 936 3157 quodam
968 3088 1222 3155 propheta
1257 3088 1472 3143 dicatur
1513 3090 1662 3145 Gaza
1712 3091 1896 3161 futura
1941 3092 1997 3147 in

420 3171 684 3226 tumulum
721 3171 1112 3240 sempiternum.
1166 3171 1320 3238 Quod
1350 3172 1574 3228 solvitur
1603 3175 1676 3228 ita
1708 3193 1727 3232 :
1761 3177 1998 3245 antiqua:

361 3283 373 3292 -
420 3256 648 3311 civitatis
673 3253 845 3309 locum
867 3256 957 3310 vis:
985 3255 1448 3323 fundamentorum
1479 3257 1708 3326 praebere
1740 3261 1959 3330 vestigia
1977 3277 1997 3325 ;

419 3339 558 3394 hanc
590 3347 764 3392 autem
794 3351 912 3408 qua:
934 3355 1072 3392 nunc
1103 3341 1360 3405 cernitur,
1390 3342 1443 3394 in
1475 3339 1582 3395 alio
1611 3341 1746 3407 loco,
1773 3359 1871 3410 pro
1902 3342 1996 3396 illa

419 3439 538 3494 quite
571 3421 792 3484 corruit,
847 3420 1186 3488 aediﬁcatam.
1216 3420 1315 3476 Cui
1361 3422 1580 3478 oculato
1611 3425 1756 3490 testi,
1793 3433 1848 3479 ct
1897 3425 1996 3479 hac

421 3508 474 3561 in
528 3514 684 3574 parte
732 3503 853 3558 aliis
905 3503 1294 3568 consentienti,
1347 3519 1447 3558 cur
1497 3505 1654 3559 fidem
1699 3507 1998 3576 negemus?

420 3589 554 3644 Erat
593 3585 737 3643 Urbs
765 3583 1024 3641 Gordiani
1069 3585 1413 3655 imperatoris
1461 3596 1621 3642 :etate
1676 3602 1855 3653 sacra,
1911 3588 1994 3642 sui

413 3667 556 3739 juris
582 3680 634 3725 et
677 3669 967 3723 admodum
1014 3667 1318 3737 splendida,
1353 3677 1411 3722 ut
1457 3672 1677 3738 egregio
1727 3671 1830 3725 hoc
1877 3671 1997 3739 epi-

422 3761 725 3822 grammate
772 3752 913 3805 inter
947 3749 1187 3805 Doniana
1220 3749 1401 3807 Class.
1439 3751 1529 3806 ill.
1578 3753 1650 3807 45
1691 3753 1992 3807 docemur:

431 3835 638 3904 ’Δγαθῇ
684 3833 823 3907 τύχῃ
865 3834 1244 3906 αὐτοκράτορα
1300 3836 1557 3905 Καίσαρα
1600 3837 1676 3891 Μ.
1711 3835 1996 3890 Ἀντώνιον

419 3918 744 3990 Γορδιανδν,
804 3918 1028 3988 εὐσεϐῆ,
1073 3919 1310 3989 εὐτυχῆ,
1365 3919 1650 3984 σεϐαστὸν,
1683 3921 1997 3992 κοσμοκρά-

421 4017 578 4072 τορα,
619 4003 654 4072 ἠ
699 3999 854 4065 πόλις
884 4003 917 4072 ή
950 4001 1078 4056 τῶν.
1101 3999 1374 4067 Γαζαιῶν,
1401 4002 1522 4073 ίερὰ
1551 4003 1650 4057 καὶ
1675 4002 1870 4066 ἄσυλος
1900 4003 1997 4056 καὶ

421 4085 742 4154 αὐτόνομος,
781 4083 970 4155 πιστὴ,
1007 4084 1254 4156 εὐσεϐὴς,
1282 4084 1513 4156 λαμπρὰ
1541 4086 1637 4138 καὶ
1669 4085 1901 4157 μεγάλη,
1936 4086 1998 4151 ἐξ

419 4168 727 4232 ἐνκλύσεως
751 4169 846 4222 τοῦ
875 4170 1104 4240 πατρίου
1124 4168 1281 4234 Θεοῦ,
1310 4171 1402 4223 τὸν
1425 4169 1634 4239 ἑαυτῆς
1671 4170 1994 4242 εὐεργέτην,

417 4252 508 4306 διὰ
547 4252 668 4306 Τιϐ.
718 4252 820 4307 Κλ.
872 4252 1151 4326 Παπείρου
1202 4253 1540 4325 ὲπιμελητοῦ
1580 4253 1676 4308 τοῦ
1729 4255 1898 4327 ἱεροῦ.
1940 4254 1996 4310 id

420 4335 646 4397 mirere,
685 4335 863 4388 virum
913 4334 1210 4400 eruditum,
1259 4337 1349 4406 qui
1401 4337 1813 4406 inscriptionem
1845 4335 1995 4391 Lati-

420 4431 546 4473 nam
583 4417 730 4484 feeit,
764 4417 818 4470 in
849 4431 912 4471 ea
960 4417 1122 4476 deum
1163 4418 1491 4489 Enclysettm
1523 4419 1797 4474 invenisse
1837 4436 1850 4472 :
1886 4434 1998 4472 ver-

421 4500 485 4554 tit
515 4501 661 4555 enim
699 4499 875 4554 media
906 4515 971 4554 ea:
1003 4498 1259 4571 Enclysro
1301 4503 1480 4572 patrio
1526 4504 1657 4558 deo:
1688 4503 1780 4574 qui
1819 4503 1996 4557 nullus

417 4585 521 4638 fuit
551 4593 606 4638 et
628 4597 697 4637 ex
722 4593 978 4654 corrupta
1004 4583 1467 4638 ΕΝΚΕΛΥΣΕΩΣ
1506 4601 1641 4641 voce
1667 4586 1875 4642 natales
1907 4602 1997 4642 ac-

416 4665 583 4736 cepit.
614 4664 740 4721 Fuit
767 4667 819 4721 in
854 4681 1126 4722 marmore
1150 4667 1674 4734 ΕΝΚΕΑΕΥΣΕΩΣ,
1699 4682 1849 4725 certe
1876 4684 1998 4724 esse

418 4750 638 4816 debuit;
668 4749 813 4821 quod
841 4765 906 4803 ex
923 4749 1102 4819 jussu,
1133 4757 1192 4803 ut
1217 4764 1360 4819 saepe
1391 4751 1444 4804 in
1480 4751 1565 4806 his
1601 4753 1994 4814 monumentis,

417 4842 593 4891 notat.
621 4831 763 4887 κατὰ
804 4831 1058 4886 κέλευσιν
1093 4831 1230 4886 Θεοῦ
1289 4834 1341 4886 in
1390 4831 1555 4888 sin'uili
1611 4849 1671 4887 re
1721 4833 1891 4886 habes
1943 4834 1995 4886 in

418 4917 571 4972 Thes.
640 4932 694 4986 p.
744 4915 839 4980 2|,
891 4915 942 4969 Ι.
985 4916 1128 4972 Deus
1177 4925 1358 4970 autem
1401 4917 1610 4986 patrius
1663 4915 1995 4971 Gazeusinm

419 5010 504 5056 est
535 5001 773 5063 Marnas,
806 4997 962 5066 cujus
983 4997 1135 5066 jussu
1168 4999 1305 5067 lapis
1331 5011 1415 5054 est
1447 4999 1747 5055 dedicatus.
1773 4996 1905 5053 Vide
1929 4999 1998 5053 de

418 5099 484 5140 eo
511 5083 578 5138 ii.
614 5082 885 5139 Norisium
917 5081 1137 5136 dissert.
1170 5081 1371 5151 Epoclt.
1404 5097 1454 5146 ν,
1481 5081 1606 5137 494.

491 5166 626 5220 ibid.
684 5163 897 5234 Ἄριζα.
947 5162 1057 5219 Nisi
1105 5180 1251 5229 erro,
1297 5165 1554 5236 Γὰρδιρα
1589 5166 1704 5220 sive
1751 5163 1995 5235 Γάζαρα,

419 5268 581 5321 quam
614 5251 802 5305 urbem
829 5264 927 5305 seu
973 5250 1151 5305 vicum
1200 5248 1423 5304 Notitia:
1459 5252 1510 5305 in
1545 5248 1832 5304 Palaestina
1881 5252 1994 5318 pri-

421 5351 508 5390 ma
540 5349 645 5388 non
684 5333 840 5402 longe
875 5335 942 5388 ab
977 5337 1152 5389 Azoto
1195 5342 1520 5402 agnoscunt,
1553 5333 1890 5403 praestiterit.
1924 5333 1998 5388 De

417 5434 482 5473 ea
517 5413 794 5472 uelandus
828 5415 1046 5472 Palam.
1075 5431 1134 5473 tu
1165 5433 1218 5487 p.
1251 5416 1377 5471 679.
1410 5415 1547 5482 Quae
1572 5415 1821 5486 sequitur
1843 5415 1997 5470 Βιτύ-

419 5499 506 5569 λη.
541 5497 801 5554 Betheine
833 5513 901 5551 an
932 5498 1139 5554 Betui-ia
1167 5501 1259 5564 sit,
1295 5500 1346 5554 in
1383 5499 1547 5554 dubio
1577 5508 1682 5553 est.
1709 5496 1847 5552 Aliis
1881 5496 1997 5552 No-

421 5584 553 5638 titiis
584 5584 782 5638 dicitur
813 5583 1074 5647 Βιτέλιος.

492 5667 629 5722 ibid.
668 5668 1082 5734 Παλαιστίνης
1119 5666 1200 5732 β’.
1240 5667 1409 5735 Hujus
1441 5678 1496 5722 et
1532 5666 1829 5734 superioris
1867 5682 1994 5735 pro-

423 5751 614 5806 vinciae
632 5750 839 5807 incolas
872 5752 1147 5821 totiusque
1169 5753 1328 5807 Cava:
1350 5751 1522 5823 Syriae
1544 5752 1782 5807 audaces
1807 5753 1997 5806 atheos

420 5845 586 5906 atque
636 5827 1048 5892 insidiasissinto
1079 5849 1201 5892 esse
1234 5837 1446 5906 ingenio
1475 5829 1723 5907 perhibet
1769 5834 1993 5892 Procles

1279 383 1666 448 COMMENT.
1706 384 1790 447 IN
1828 383 2243 446 HIEROCLIS
2278 388 2819 456 SYNECDEMUM.

3546 393 3686 459 1178

2121 502 2427 561 Diadocbus
2462 507 2515 561 in
2557 506 2883 577 Paraphrasi
2927 510 3214 566 Tetrabibli
3238 510 3469 567 Ptolem.
3502 527 3555 580 p.
3580 515 3688 570 95:

2123 584 2212 650 Ὠς
2243 589 2336 642 ἐπὶ
2375 590 2510 644 πολὺ
2545 591 2768 662 θρασεῖς
2800 595 2906 648 εἰσὶ
2934 596 3028 649 καὶ
3059 595 3209 649 ἄθεοι
3239 597 3335 649 καὶ
3370 596 3682 649 ἐπιϐουλευ-

2111 672 2276 727 τικοί.
2310 673 2457 728 Idem
2495 677 2810 747 Anonymus
2841 681 3190 745 scholiastes,
3223 679 3450 734 Basileze
3479 681 3687 744 editus,

2112 754 2166 809 in
2197 760 2442 812 eamdem
2476 756 2768 816 Tctrabibl.
2795 782 2846 830 ιν.
2870 765 2960 828 62,
2995 763 3090 819 sed
3129 765 3310 819 verbis
3332 765 3468 818 mire
3499 765 3694 817 turba-

2113 837 2202 904 tis,
2236 839 2540 909 proﬁtetur.
2581 842 2642 896 '0
2665 845 2796 916 γὰρ,
2830 844 3027 915 inquit,
3066 844 3168 917 τῆς
3220 845 3548 918 Ἀφροδίτης
3610 845 3691 915 τῷ

2115 923 2273 994 ’Λρει
2306 925 2650 996 συμπλακεὶς
2694 928 2974 993 τοιούτους
3006 931 3156 982 ποιεῖ
3189 929 3307 1000 (καὶ
3333 928 3530 992 ἀθέους
3556 927 3694 998 ἀμέ-

2111 1005 2192 1058 λει
2219 1006 2531 1076 Ἰουδαίους)
2569 1009 2697 1072 τοὺς
2730 1011 3019 1075 Ἰουδαίους
3057 1013 3123 1064 ὲκ
3153 1012 3360 1082 ταύτης
3388 1012 3552 1075 ὄντας
3590 1011 3694 1082 τῆς

2113 1086 2314 1154 θέσεως
2366 1091 2574 1162 φησίν·
2611 1093 2736 1148 ὅθεν
2783 1096 2927 1148 κατὰ
2987 1095 3090 1164 τὴν
3156 1095 3530 1166 προσηγορίαν
3597 1110 3693 1165 σηι

2113 1173 2263 1242 μεῖόν
2319 1190 2403 1228 σοι
2476 1175 2710 1244 γινέσθω
2757 1177 2856 1248 τῆς
2884 1178 3026 1232 κατὰ
3057 1178 3158 1248 τὴν
3179 1177 3364 1248 χώραν
3388 1177 3642 1246 εὐθηνίας
3671 1191 3688 1207 '

2109 1253 2336 1326 γόνιμος
2366 1256 2477 1328 γὰρ
2511 1259 2540 1313 6
2567 1259 2657 1313 τοῦ
2682 1253 2804 1324 Διὸς
2835 1261 3012 1331 ἀστὴρ
3040 1261 3098 1314 ὲν
3132 1263 3246 1324 τοῖς
3289 1259 3559 1329 φθάσασιν
3583 1257 3693 1312 ἐλέ-

2110 1352 2260 1405 γετο.
2294 1336 2456 1393 Varia
2502 1341 2649 1395 enim
2698 1342 2907 1398 scholia
2945 1344 2997 1397 in
3049 1359 3214 1397 unum
3256 1353 3381 1396 sunt
3426 1341 3690 1406 conﬂata;

2109 1434 2232 1486 ante
2266 1422 2424 1478 facile
2453 1424 2778 1496 distingues,
2803 1427 2848 1482 si
2882 1426 3194 1483 observaris
3225 1425 3322 1479 καὶ
3340 1425 3536 1488 ἀθέους
3565 1439 3693 1479 esse

2110 1500 2385 1559 Ptolemaei
2421 1506 2605 1572 verba,
2663 1522 2837 1578 eaque
2887 1509 3140 1564 breviore
3179 1508 3392 1563 scholio
3431 1507 3690 1575 explicari

2108 1587 2302 1656 ἀμέλει
2333 1587 2622 1654 Ἰουδαίους
2653 1608 2668 1645 :
2716 1607 2844 1647 mox
2877 1593 3044 1648 aiittm
3082 1593 3225 1647 idem
3267 1591 3426 1660 paulo
3449 1592 3694 1662 pluribus

2110 1671 2483 1740 interpretari.
2531 1673 2664 1738 Quae
2716 1690 2848 1730 vero
2881 1677 3156 1730 adduntur
3213 1677 3336 1731 ὅθεν
3384 1675 3524 1728 κατὰ
3589 1674 3692 1740 τὴν

2109 1753 2510 1824 προσηγορίαν,
2538 1773 2592 1808 κ.
2641 1755 2692 1821 λ,
2744 1773 2808 1811 ea
2852 1756 3099 1812 Judazam
3141 1773 3246 1812 non
3276 1768 3546 1825 spectant,
3595 1757 3690 1810 sed

2109 1837 2366 1891 Arabiam
2391 1838 2708 1908 εὐδαίμονα,
2731 1855 2890 1908 quem
2910 1841 3030 1910 ejus
3055 1841 3267 1894 titulum
3294 1843 3436 1894 haud
3459 1841 3694 1894 obscure

2109 1919 2424 1989 respiciunt.
2463 1919 2594 1977 Vide
2624 1920 2877 1977 Proclutn
2928 1939 2967 1977 ιι
3024 1939 3080 1993 p.
3120 1924 3212 1988 95,
3248 1932 3302 1977 et
3359 1937 3444 1977 me
3497 1921 3691 1975 falsum

2109 2003 2350 2073 negabis.
2385 2001 2517 2058 Nata
2569 2020 2632 2059 ea
2679 2007 2962 2075 persuasio
2997 2007 3227 2076 paganis
3271 2017 3375 2067 cst,
3425 2005 3569 2075 quod
3604 2001 3693 2057 Ju-

2108 2086 2208 2140 daei
2243 2087 2296 2140 in
2327 2088 2524 2142 summi
2547 2085 2798 2144 Numinis
2830 2089 2977 2143 cultu
3005 2104 3126 2142 cum
3158 2089 3382 2157 reliquis
3430 2088 3690 2142 omnibus

2107 2169 2464 2225 dissiderent.
2499 2168 2640 2224 Hinc
2672 2179 2726 2225 et
2772 2169 3026 2228 Lllt'atttts
3061 2187 3122 2237 ιι,
3167 2172 3272 2226 593
3333 2189 3345 2224 :
3396 2170 3460 2224 Et
3509 2170 3690 2224 dedita

2107 2252 2279 2308 sacris
2316 2253 2507 2308 incerti
2545 2251 2730 2308 Judzea
2786 2255 2902 2311 Dei.
2953 2256 3020 2310 Et
3057 2255 3326 2310 Aristides
3363 2265 3492 2308 tom.
3529 2269 3586 2308 ιιι
3635 2269 3689 2321 p.

2107 2333 2214 2388 5H
2251 2349 2266 2388 :
2304 2334 2431 2398 Τοῖς
2477 2337 2538 2389 ἐν
2588 2336 2925 2410 Παλαιστίνῃ
2975 2337 3262 2390 δυσσεϐέσι
3313 2334 3690 2406 παραπλήσιοι

2105 2417 2234 2480 τοὺς
2256 2416 2493 2488 τρόπους
2532 2433 2546 2446 ·
2572 2419 2669 2474 καὶ
2697 2419 2808 2488 γὰρ
2833 2419 3065 2484 ἐκείνοις
3089 2418 3239 2473 τοῦτ’
3269 2419 3384 2473 ἔστι
3420 2419 3690 2488 σύμϐολον

2104 2501 2206 2570 τῆς
2241 2500 2582 2566 δυσσεϐείας,
2625 2503 2708 2556 ὅτι
2738 2503 2867 2567 τοὺς
2913 2502 3232 2574 κρείττονας
3282 2503 3344 2555 ού
3381 2501 3686 2572 νομίξουσι.

2107 2584 2226 2652 Quo
2253 2591 2433 2638 tamen
2461 2585 2582 2641 loco
2604 2586 2648 2641 si
2678 2595 2733 2641 et
2755 2586 3098 2643 Christianos
3127 2587 3305 2642 notari
3335 2601 3459 2642 cum
3491 2584 3689 2642 Jebbio

2106 2667 2263 2734 velis,
2298 2667 2431 2741 nihil
2480 2669 2838 2724 intercedam.
2893 2669 3162 2725 Caeterum
3219 2668 3509 2740 praesidem
3561 2668 3690 2722 huic

2105 2751 2399 2822 provinciae
2429 2753 2591 2806 etiam
2623 2750 2838 2807 Notitia
2883 2753 3011 2821 imp.
3047 2751 3254 2808 Orient.
3284 2767 3336 2808 c.
3372 2753 3396 2807 i
3429 2750 3686 2821 imponit.

2179 2833 2312 2889 ibid.
2368 2835 2764 2902 Σκυθόπολις.
2819 2835 3122 2891 Provinciae
3175 2834 3278 2890 fuit
3329 2834 3686 2903 metropolis;

2104 2933 2276 2988 quare
2313 2932 2379 2972 ex
2421 2933 2482 2972 ea
2518 2927 2672 2973 ortus
2701 2918 2938 2988 Cyrillus
2972 2919 3047 2991 (in
3087 2919 3206 2974 Vita
3232 2919 3290 2974 S.
3324 2919 3481 2972 Saba:
3509 2933 3560 2970 c.
3593 2915 3687 2983 80)

2105 3003 2244 3072 γυνή
2288 3017 2394 3064 τις,
2446 3001 2644 3069 inquit,
2699 3001 2765 3054 ἐκ
2819 3000 2921 3070 τῆς
2957 3003 3080 3055 καθ’
3115 3003 3262 3072 ἡμᾶς
3303 2999 3690 3071 μητροπόλεως

2104 3083 2425 3155 ὁρμωμένη,
2459 3091 2513 3138 et
2550 3098 2600 3138 c.
2638 3082 2708 3137 75
2737 3100 2750 3136 :
2787 3084 2882 3137 καὶ
2913 3084 3160 3148 ἐλθόντος
3192 3083 3358 3136 αύτοῦ
3391 3085 3450 3136 ὲν
3483 3081 3690 3137 Σκυθο-

2106 3167 2302 3230 πόλει,
2362 3165 2587 3236 ἐξῆλθεν
2652 3166 2681 3219 6
2748 3165 3155 3238 μητροπολίτης
3209 3166 3488 3229 Θεοδόσιος
3551 3164 3691 3235 μετὰ

2107 3251 2306 3314 παντὸς
2323 3248 2417 3302 τοῦ
2434 3250 2566 3303 λαοῦ
2586 3251 2666 3314 είς
2686 3251 2992 3321 ἀπάντησιν
3015 3249 3430 3306 αύτοῦ.Αι·ῙειὶιΙί
3449 3259 3581 3304 ιοιιι.
3600 3246 3691 3316 ill,

2106 3351 2157 3404 p.
2192 3333 2318 3396 595,
2347 3332 2570 3385 Σκυθῶν
2608 3332 2799 3398 πόλις,
2837 3347 2945 3403 quo
2978 3332 3046 3388 de
3076 3334 3296 3387 nomine
3333 3333 3399 3386 ad
3439 3331 3570 3385 Itin.
3614 3334 3687 3385 II.

2145 3455 2160 3470 .
2194 3416 2319 3470 586.

2105 3432 2319 3552 p.i:?tti’:
2341 3495 2561 3550 Σέλνια.
2591 3496 2705 3551 imo
2729 3495 2926 3553 Πέλλα.
2961 3497 3116 3564 Quod
3148 3510 3344 3552 nomen
3369 3510 3398 3550 a
3430 3494 3685 3551 Macedo--

2107 3581 2266 3636 nibus
2292 3579 2522 3648 accepit,
2549 3579 2725 3635 solitis
2747 3579 2938 3650 patria:
2961 3595 3073 3634 suae
3091 3579 3306 3649 oppidis
3330 3579 3686 3648 cognomines

2105 3665 2350 3718 devictas
2382 3663 2546 3718 urbes
2573 3663 2751 3719 facere
2780 3664 2924 3734 apud
2952 3663 3187 3734 Appian.
3221 3662 3430 3732 Syriae.
3467 3677 3520 3730 p.
3555 3661 3683 3716 201.

2105 3748 2251 3804 Prlia
2310 3747 2464 3816 παρὰ
2511 3749 2639 3810 τοὺς
2697 3747 2907 3813 πέλας,
2969 3748 3098 3811 τοὺς
3153 3745 3336 3810 λίθους
3385 3745 3525 3798 κατὰ
3586 3744 3686 3815 τὴν

2106 3831 2429 3903 Μακεδόνων
2470 3832 2673 3901 φωνὴν,
2721 3834 2864 3902 quod
2905 3831 3228 3886 Macedones
3272 3829 3479 3900 lapides
3521 3829 3688 3898 pellas

2108 3927 2394 3980 vocarent,
2432 3926 2519 3971 est
2551 3916 2718 3983 dicta,
2752 3925 2809 3970 ut
2850 3931 2915 3970 ex
2945 3915 3178 3984 Ulpiano
3211 3915 3262 3969 in
3309 3911 3689 3968 Demosthenis

2105 4009 2247 4055 orat.
2289 3999 2355 4053 de
2383 3999 2568 4066 Legat.
2605 3999 2752 4054 Fals.
2785 4015 2838 4069 p.
2869 3999 2977 4054 254
3001 3997 3364 4068 Spanbcmius
3395 3997 3524 4049 diu.
3560 3995 3593 4049 9
3620 3993 3688 4047 de

2108 4083 2219 4139 Usu
2258 4094 2307 4138 et
2341 4083 2406 4139 P.
2455 4082 2526 4138 Ν.
2576 4098 2628 4152 p.
2677 4083 2781 4137 654
2828 4082 3102 4152 patefecit.
3143 4079 3439 4148 Perpera‘m
3477 4093 3608 4147 ergo
3656 4091 3686 4129 a

2107 4167 2292 4222 nescio
2319 4179 2428 4236 quo
2452 4165 2598 4222 Pella
2627 4165 2936 4236 Stephanus
2969 4179 3163 4220 nomen
3201 4163 3432 4225 derivat,
3465 4161 3688 4216 merito-

2108 4267 2214 4320 que
2256 4250 2342 4304 'i‘i.
2395 4248 2841 4304 Hemsterhusins
2885 4245 3074 4303 eorum
3114 4246 3357 4300 mutandi
3404 4243 3686 4297 libidinem

2106 4333 2426 4400 compescit,
2454 4332 2543 4398 qui
2576 4329 2979 4401 Hesychianum
3005 4327 3182 4382 Πέλλα
3212 4327 3378 4390 λίθος.
3411 4325 3689 4392 corrigere

2108 4418 2486 4470 instituerunt.
2531 4410 2728 4466 Sedem
2765 4414 2918 4473 urbs,
2953 4411 3149 4464 nobilis
3190 4424 3341 4463 mora
3375 4406 3688 4476 Hierosoly-

2110 4500 2211 4552 mis
2233 4498 2599 4569 digressorum
2618 4495 3076 4558 Christianorum,
3097 4493 3149 4546 in
3176 4494 3358 4547 Pera-a
3382 4490 3685 4543 obtinebat.

2178 4580 2317 4636 ibid.
2347 4576 2607 4648 Γάδαρα.
2644 4577 2761 4633 Νοιι
2807 4578 2964 4647 longe
3003 4579 3071 4629 ab
3103 4578 3235 4628 urbe
3269 4575 3461 4628 ﬂuvius
3492 4570 3688 4624 Hiera-

2109 4681 2231 4720 tnax
2289 4664 2650 4726 decnrrehat,
2703 4677 2863 4732 quem
2920 4668 3200 4729 prapterea
3251 4657 3346 4708 τὸν
3396 4654 3689 4726 λεγόμενον

2106 4747 2349 4816 ποταμὸν
2386 4745 2639 4816 Γαδάρων
2671 4743 2905 4813 Cyrillus
2936 4743 2990 4795 in
3040 4738 3162 4794 Vita
3195 4739 3252 4796 S.
3291 4737 3448 4793 Saba:
3491 4752 3543 4792 c.
3593 4736 3685 4799 55,

2105 4844 2159 4886 et
2191 4832 2499 4886 Antoninus
2528 4829 2735 4898 Martyr
2767 4828 2817 4881 in
2844 4825 3027 4882 Itiner.
3057 4824 3278 4878 tiuvimn
3305 4821 3564 4882 calidum.
3596 4820 3688 4887 qui

2107 4914 2306 4969 dicitur
2334 4912 2574 4979 Gadara,
2615 4909 2873 4981 appellat.
2914 4909 2988 4963 Dc
3025 4904 3379 4976 sequentibus
3410 4902 3689 4958 Relandus

2106 5008 2156 5055 et
2190 5011 2289 5052 nos
2322 4997 2471 5052 alibi.

2178 5081 2312 5136 ibid.
2352 5082 2581 5147 Ἵππος.
2611 5079 2812 5133 Aberat
2850 5077 3040 5132 stadiis
3073 5091 3102 5129 a
3139 5071 3427 5128 Tiberi-ade
3453 5069 3542 5124 50.
3584 5065 3683 5122 Jo-

2107 5166 2306 5234 scpltus
2338 5162 2473 5220 Vitae
2502 5177 2614 5218 suae
2633 5177 2685 5215 c.
2719 5161 2790 5216 65
2815 5179 2828 5214 :
2865 5160 2931 5212 Ἦ
2951 5159 3006 5212 δὲ
3040 5158 3106 5228 σὴ
3143 5155 3360 5226 πατρὶς,
3387 5147 3434 5205 ὦ
3463 5149 3685 5213 Ἰοῦστε,

2108 5250 2335 5320 κειμένη
2380 5251 2438 5300 ὲν
2488 5249 2545 5316 τῇ
2599 5243 3005 5316 Γεννησαρίτιδι
3049 5241 3214 5310 λίμνῃ
3257 5237 3349 5290 καὶ
3397 5234 3688 5320 Ϋόιπέχουσα

2110 5317 2304 5386 Ἵππου
2324 5317 2333 5320 ⁷
2342 5331 2442 5402 μὲν
2459 5329 2650 5383 στάδια
2669 5332 2986 5401 τριάκοντα,
3018 5325 3276 5392 Γαδάρων
3305 5320 3362 5372 δὲ
3389 5317 3688 5388 ἑξήκοντα,

2108 5415 2492 5478 Σκυθοπόλεως
2525 5413 2582 5466 δὲ
2615 5412 2788 5465 εἴκοσι
2813 5411 2907 5464 καὶ
2946 5407 3161 5461 ἑκατόν.

2179 5499 2314 5556 ibid.
2355 5497 2597 5551 Ἑλένου
2624 5491 3001 5560 πόλιςΜιιειιὶ
3026 5484 3366 5543 Constantini
3399 5484 3555 5537 tnatri
3587 5484 3687 5538 hoc

2081 5598 2302 5644 .nonnut
2343 5580 2524 5644 debet,
2561 5589 2693 5633 teste
2726 5579 3028 5632 Sozomeno
3071 5569 3142 5623 Η.
3177 5567 3244 5622 Ε.
3278 5584 3336 5632 ιι,
3367 5567 3421 5620 9..
3454 5567 3508 5620 Si
3549 5567 3687 5636 pris-

2110 5667 2303 5726 tinum,
2338 5679 2444 5729 quo
2470 5672 2596 5715 ante
2625 5663 2893 5718 utebatur,
2923 5656 3101 5708 nntius
3133 5662 3294 5715 esset,
3333 5653 3398 5706 de
3429 5650 3557 5717 situ,
3589 5649 3687 5717 qui

2109 5747 2550 5805 obscurissimis.
2587 5747 2816 5796 fortasse
2841 5741 3073 5794 certiora
3102 5737 3464 5790 haberemus"

2171 5831 2315 5890 ibid.
2353 5829 2666 5883 Διοκέσσα.
2706 5827 2844 5896 Lege
2883 5825 3284 5892 Διοκαισὰρεια,
3329 5835 3446 5890 qua:
3480 5819 3531 5873 ιιι
3569 5835 3683 5871 ute-
