4170 6422
474 359 616 431 1179

476 476 567 531 dia
600 474 820 530 Galilaaa
851 469 1024 543 posita
1057 468 1224 539 (apud
1251 467 1545 539 Josepbum
1584 468 1719 523 Vitae
1751 481 1861 522 sua:
1891 482 1940 522 c.
1962 466 2055 536 65)

350 576 371 595 ικ
475 561 603 614 olim
646 559 940 630 Seppltoris
978 564 1116 611 erat.
1162 554 1524 625 Hieronymus
1562 554 1628 609 de
1674 553 1801 609 Lac.
1835 552 2053 608 Sacris:

473 641 645 699 Porro
664 652 717 698 et
745 643 855 696 alia
882 639 1007 696 villa
1030 639 1208 693 Araba
1239 638 1445 691 nomine
1473 637 1527 690 in
1560 637 1757 705 ﬁnibus
1791 637 2062 691 Dioca'sa-

475 743 602 794 recc,
637 742 756 796 qua!
786 726 911 779 olim
944 723 1232 793 Sephoriue
1263 721 1558 775 dicebatur.
1594 720 1728 776 Vide
1760 722 2057 776 Palladium

477 808 685 863 Ilistor.
711 807 957 863 Lausiac.
981 823 1038 877 p.
1055 805 1181 871 563,
1199 815 1254 860 et
1271 805 1338 860 de
1358 803 1796 877 Maximianopoli
1822 804 1953 860 Itin.
1982 803 2057 858 Η.

475 908 821 1033 ν’(ῗίῗιῗίιςδ.
853 972 1063 1029 Γάϐαι.
1095 970 1233 1026 Hinc
1264 973 1362 1027 fuit
1385 972 1723 1035 Anastasius,
1750 972 1843 1042 qui
1868 971 2062 1026 Γαὸὧν

479 1058 595 1114 sive
624 1057 969 1114 Gabenorum
999 1058 1231 1113 antistes
1263 1056 1315 1110 in
1337 1057 1544 1128 synodo
1572 1056 2057 1128 Ilierosolymitaua

472 1141 694 1197 dicitur.
722 1140 928 1198 Aberat
960 1143 1091 1199 urbs
1108 1142 1178 1197 11.
1205 1140 1262 1195 P.
1285 1140 1351 1195 I6
1373 1159 1401 1195 a
1418 1140 1688 1204 Caesarea,
1711 1149 1768 1194 ut
1795 1143 2059 1197 Iiusebius

470 1232 527 1277 et
552 1223 909 1295 Hieronymus
933 1225 984 1279 in
1012 1224 1361 1281 Onomastico
1380 1234 1728 1279 monuerunt.
1756 1222 1890 1278 Vide
1906 1238 2059 1279 eum-

471 1308 592 1362 dem
622 1306 896 1362 Norisium
922 1308 1134 1362 dissert.
1166 1323 1240 1374 tv,
1276 1323 1331 1376 p.
1359 1306 1486 1362 460.

542 1390 677 1448 Ibid.
708 1393 1120 1462 Παλαιστίνης
1150 1399 1219 1462 γ’.
1248 1390 1387 1446 Olim
1425 1394 1539 1445 haec
1566 1391 1761 1443 Arabia
1793 1400 1931 1453 erat,
1959 1391 2056 1446 sed

472 1475 755 1529 Palastina
784 1477 837 1530 in
868 1476 1049 1546 plures
1071 1477 1239 1531 divisa
1272 1477 1602 1545 provincias,
1637 1474 1743 1530 illis
1777 1474 2053 1529 accenseri

473 1570 645 1628 coepta
695 1569 797 1617 est.
836 1560 1132 1630 Procopius
1166 1562 1231 1615 de
1277 1559 1493 1615 Fabric.
1543 1575 1607 1622 v,
1649 1559 1719 1613 8:
1765 1558 1852 1611 Ἐν
1893 1558 1949 1611 δὲ
1988 1560 2053 1627 τῇ

471 1642 640 1697 πάλαι
687 1644 786 1714 μὲν
827 1645 1099 1716 ’Δραόίᾳ,
1157 1645 1251 1697 νῦν
1297 1645 1354 1698 δὲ
1410 1646 1478 1713 τῇ
1524 1641 1856 1712 Παλαιστίνῃ
1897 1642 2057 1715 τρίτῃ

470 1727 801 1798 καλτουμένῃ,
824 1728 977 1798 χώρα
1014 1729 1114 1798 μὲν
1141 1727 1348 1798 ἔρημος
1379 1728 1470 1779 ἐπὶ
1495 1725 1702 1795 μακρὸν
1725 1725 2052 1780 κατατείνει.

474 1806 691 1862 Notitia
711 1809 850 1879 Imp.
883 1811 1088 1864 Orient.
1114 1809 1458 1864 Palaestinam
1484 1807 1815 1873 Salutarem,
1843 1809 2055 1878 pra'sidi

474 1891 798 1958 Subit-ctam.
831 1893 1104 1963 appellat.’

543 1974 684 2029 Ibid.
757 1975 967 2043 Πέτρα.
1038 1973 1293 2046 Ἀδριανὴ
1357 1974 1540 2047 Πέτρα
1609 1974 1939 2046 μητρόπολις
2002 1974 2056 2027 ἰιι

471 2057 713 2112 nummis
754 2076 769 2112 :
818 2059 1033 2130 Πέτρας
1062 2058 1199 2129 πρὸς
1225 2061 1502 2129 ἐσχατιαῖς
1544 2058 1654 2113 τῶν
1684 2056 2057 2112 Παλαιστίνων

472 2141 731 2209 κειμένας
757 2141 1021 2212 Evagrius
1046 2141 1116 2197 Η.
1145 2140 1217 2198 Ε.
1247 2156 1333 2208 ιιι,
1358 2142 1429 2196 5?.
1456 2152 1634 2207 vocat,
1665 2141 1807 2211 quod
1837 2142 1889 2195 in
1924 2140 2056 2193 ulti-

472 2223 577 2278 mis
604 2224 903 2280 Paltestinae
930 2224 1131 2280 ﬁnibus
1152 2234 1358 2280 essent.
1393 2223 1729 2280 Sozomenus
1758 2224 2056 2293 Πετραίους

471 2314 527 2360 et
566 2306 948 2377 Ἀρεοπολίτας
995 2307 1067 2364 Η.
1100 2308 1167 2363 Ε.
1200 2323 1295 2372 vn,
1327 2308 1394 2363 15
1433 2308 1485 2363 in
1530 2307 1748 2373 Arabia,
1791 2309 1858 2361 ad
1894 2322 2055 2375 quam

469 2390 599 2444 olim
643 2393 1059 2460 pertinuerunt,
1090 2392 1252 2448 locat.
1298 2390 1508 2447 Passim
1554 2390 1644 2444 alii
1678 2391 1729 2444 in
1766 2389 2055 2445 Palzcstina

472 2473 630 2527 tertia
652 2514 666 2539 ,
708 2483 766 2527 ut
805 2474 1134 2544 Stephanus.
1181 2474 1311 2529 Vide
1341 2473 1617 2528 Renferdii
1645 2475 1858 2529 dissert.
1893 2490 1961 2540 ιι,
2002 2473 2054 2527 in

414 2531 449 2601 ξι
472 2531 671 2611 Eusebi
703 2531 982 2613 Onam..et
1011 2558 1238 2614 Relandi
1268 2557 1489 2614 Paltest.
1523 2573 1607 2621 ιιι,
1639 2573 1690 2626 p.
1715 2557 1842 2613 927.

481 2676 487 2687 .
544 2639 681 2694 Ibid.
698 2641 1256 2710 Δύγουστούπολις.
1276 2642 1514 2697 Joannes
1533 2640 2056 2710 Αὐγουστουπόλεως

468 2722 792 2793 subscripsit
821 2727 1029 2795 synodo
1061 2726 1348 2795 Ephesium
1385 2742 1439 2797 p.
1470 2724 1598 2780 526.

544 2805 679 2863 Ibid.
739 2808 1084 2877 Ἀρινδηλα.
1151 2808 1459 2878 Stephanus
1520 2808 1810 2879 ’Λρίνδηλα
1867 2810 2057 2881 τρίτης

471 2891 859 2961 Παλαιστίνης,
884 2892 1036 2959 cujus
1057 2907 1257 2946 nomen
1284 2893 1336 2946 in
1362 2893 1506 2945 Actis
1528 2892 1884 2946 conciliorum
1912 2909 1971 2946 va
1982 2893 2059 2948 rie

473 2990 597 3029 esse
627 2975 876 3026 vitiatum
905 2976 1185 3028 admonuit
1216 2974 1279 3029 L.
1318 2975 1672 3030 IIoIsteinius.
1715 2975 1848 3030 Vide
1876 2976 2057 3044 Ephe-

475 3058 582 3114 εἰη.
610 3072 663 3127 p.
688 3056 793 3110 487
822 3065 877 3111 et
906 3056 1032 3110 530.

548 3139 682 3194 Ibid.
713 3139 1128 3209 Χαριιγμοῦϐα.
1157 3139 1386 3195 Illustris
1409 3143 1540 3195 urbs
1569 3139 1621 3193 in
1657 3139 1800 3194 Actis
1848 3140 1907 3195 S.
1938 3142 2059 3197 Ste-

475 3221 637 3300 phani
669 3219 901 3300 Sebaita:
935 3239 984 3277 c.
1012 3224 1069 3285 4,
1096 3232 1229 3280 tom.
1256 3223 1321 3278 III
1373 3223 1484 3280 Jul.
1512 3241 1564 3294 p.
1590 3223 1733 3279 545:
1761 3224 2061 3282 Memoraut

476 3296 620 3361 cuitu
664 3296 924 3359 Joannem
969 3305 1070 3375 τῆς
1104 3306 1438 3377 περιφανοῦς
1479 3308 1574 3362 καὶ
1609 3306 1822 3375 ἐνδόξου
1851 3308 2060 3372 πόλεως

474 3387 878 3459 Χαραχμόδων.
913 3389 1065 3444 Adde
1097 3388 1429 3459 Stephanum
1472 3392 1524 3445 in
1559 3390 1949 3462 Χαρακμοῦϐα.

546 3469 681 3526 Ibid.
716 3470 1073 3539 ’Apsdstoltc.
1112 3470 1251 3526 Olim
1284 3472 1360 3527 Ar
1392 3484 1447 3528 et
1476 3472 1635 3529 Moab
1670 3476 1968 3539 dicebatur,
2002 3485 2060 3529 ut

479 3554 744 3609 Eusebius
771 3555 823 3608 iu
858 3553 1135 3610 Onomast.
1164 3564 1219 3610 et
1257 3556 1615 3627 Hieronymus
1640 3558 1692 3612 in
1725 3557 1863 3612 lsai.
1894 3575 1943 3618 c.
1978 3559 2047 3613 15

477 3645 770 3691 testantur.
816 3634 1212 3707 Polychronius
1261 3637 1683 3708 Areopolitauus
1732 3641 2060 3709 subscripsit

476 3721 742 3789 rescripto
781 3718 1004 3776 Joannis
1032 3719 1515 3793 I'Iierosolymitani
1546 3733 1678 3779 tom.
1724 3723 1788 3778 XI
1846 3724 2054 3782 Concil.

475 3801 647 3858 Labb.
675 3818 727 3871 p.
757 3801 882 3858 576.

548 3885 681 3939 Ibid.
714 3884 941 3954 depa.
972 3886 1325 3943 Hebraeorum
1359 3898 1477 3954 "uti:
1503 3898 1605 3950 est,
1643 3890 1744 3946 sita
1781 3890 1848 3945 ad
1881 3890 2057 3946 lacum

475 3965 836 4036 Asphaltiten.
888 3968 1124 4038 Cyrillus
1162 3972 1216 4024 in
1259 3969 1379 4025 Vita
1427 3971 1485 4027 S.
1519 3970 1678 4027 Saba:
1716 3988 1766 4027 c.
1806 3972 1914 4026 22:
1948 3973 2061 4026 Καὶ

478 4051 612 4120 περὶ
656 4051 755 4121 τὴν
777 4050 998 4119 Νεκρὰν
1037 4052 1313 4108 θάλασσαν
1356 4053 1556 4108 ὁδεύων
1600 4055 1700 4126 τὴν
1736 4057 1830 4109 ἐπὶ
1871 4056 2060 4129 Ζὼορα

481 4132 591 4186 ῐδεν
619 4133 677 4184 ὲν
716 4132 960 4204 θαλάσσῃ
997 4135 1158 4204 νῆσόν
1182 4152 1308 4190 τινα
1332 4138 1528 4208 χέρσον
1568 4139 1661 4191 καὶ
1702 4141 2059 4211 μικροτάτην.

480 4214 632 4268 Adde
662 4212 729 4266 Il.
765 4211 1062 4270 Rclandum
1097 4215 1315 4272 Pala’st.
1342 4234 1398 4272 ιιι
1423 4236 1475 4288 p.
1507 4219 1666 4275 1065.

551 4297 687 4353 Ibid.
711 4295 979 4368 Μάμψις.
1010 4299 1148 4356 Aliis
1174 4300 1686 4375 Notitiistpcpqq,
1706 4320 1813 4374 quo
1839 4307 2060 4363 nomine

477 4380 798 4438 Ptolemaeus
845 4383 1088 4439 Idumaeac
1141 4386 1331 4441 urbem
1379 4388 1446 4441 ad
1495 4388 1751 4446 Jordauis
1801 4406 2055 4447 occasum

478 4467 746 4536 agnoscit,
774 4466 909 4537 Μὰψ
935 4477 1117 4524 tamen
1152 4471 1426 4527 scribens.

549 4547 682 4603 Ibid.
711 4551 1020 4618 Βιταροῦς.
1051 4551 1107 4606 In
1132 4551 1247 4607 Jac.
1277 4553 1441 4610 Goari
1472 4554 1698 4611 Notitiis
1732 4558 2059 4629 Βιροσάμων

478 4638 533 4685 et
550 4630 864 4699 Βιροσάϐων
897 4634 997 4687 hac
1018 4635 1072 4688 in
1098 4635 1374 4702 provincia
1409 4649 1718 4694 recensctur
1741 4657 1756 4705 ;
1783 4655 1903 4709 quae
1926 4642 2056 4697 mihi

479 4726 634 4793 teque
661 4723 750 4768 est
778 4717 1028 4771 obscura.
1058 4716 1316 4773 Fortasse
1346 4721 1518 4775 nostri
1555 4722 1816 4793 Βιταροῦς
1843 4734 1927 4779 est
1946 4725 2059 4780 No-

479 4792 613 4878 titite
638 4794 762 4859 imp.
797 4794 1007 4854 Orient.
1039 4813 1088 4853 c.
1120 4799 1224 4854 M5
1258 4800 1515 4869 Bethora,
1538 4819 1660 4873 quae
1688 4792 1790 4860 sub
1821 4807 2056 4878 disposi-

481 4875 629 4960 tione
676 4878 830 4932 ducis
874 4881 1089 4936 Arabiae
1134 4885 1516 4952 praefecturam
1570 4889 1793 4959 legionis
1847 4875 2059 4960 quarta:

480 4959 686 5046 Mar-tiae
733 4961 929 5046 habet;
991 4978 1252 5031 quorsum
1303 4978 1358 5022 ct
1408 4969 1776 5028 Gothofredus
1825 4959 2056 5046 eleganti

482 5041 797 5111 conjectura
830 5044 868 5101 I.
914 5046 979 5101 I5
1019 5060 1069 5100 c.
1106 5045 1231 5123 Tb._
1254 5051 1319 5106 de
1355 5052 1571 5124 Erogat.
1613 5056 1835 5112 militar.
1870 5041 2055 5114 refert.

479 5137 572 5211 aut
619 5141 767 5187 certe
803 5131 956 5188 vicus
1004 5131 1249 5189 Idumaeas
1298 5136 1537 5209 Βητάρις
1578 5142 1717 5211 apud
1764 5141 2058 5211 Josephum

478 5210 545 5279 Β,
582 5211 716 5270 Jud.
748 5215 805 5283 4,
835 5215 870 5271 8
908 5215 936 5287 §
971 5215 992 5269 1
1023 5232 1037 5282 ;
1080 5227 1241 5286 atque
1278 5218 1379 5275 hoc
1421 5210 1641 5289 malim,
1679 5226 1784 5280 etsi
1833 5210 2063 5284 Rulinus

481 5295 638 5378 aliter
672 5297 868 5365 legisse
896 5301 1143 5355 videatur
1173 5317 1186 5353 :
1239 5316 1413 5374 neque
1447 5308 1591 5359 enim
1628 5316 1825 5378 prmter
1856 5325 2061 5364 morem

481 5376 533 5430 id
561 5379 782 5434 accidit.

567 5460 699 5516 Ibid.
747 5461 1033 5519 Ἐλοῦσα.
1084 5464 1266 5521 Posita
1314 5467 1415 5522 fuit
1468 5469 1521 5523 in
1574 5472 1817 5540 partibus
1863 5475 2063 5531 veteris

481 5543 819 5611 Moabitidis,
862 5556 1000 5603 teste
1031 5546 1359 5619 Hieronymo
1402 5553 1458 5605 in
1510 5552 1647 5607 lsai.
1683 5570 1735 5609 c.
1780 5555 1877 5620 15;
1915 5556 2062 5612 urbis

484 5626 721 5695 episcopi
763 5644 906 5696 saepe
936 5631 989 5684 in
1018 5634 1267 5689 concdiis
1301 5636 1446 5691 obvii
1478 5648 1625 5703 sunt,
1662 5653 1717 5693 et
1757 5641 1825 5695 ab
1856 5639 1918 5694 II.
1952 5640 2058 5694 IIe-

484 5712 645 5762 taudo
672 5714 947 5767 recensiti.

560 5787 690 5847 Ibid.
733 5794 994 5851 Σάλτων.
1032 5797 1188 5856 Deest
1214 5802 1453 5873 aliquid:
1489 5805 1621 5861 solet
1645 5808 1891 5877 saltibus,
1917 5826 2048 5881 quo

1504 357 1886 419 ADDENDA.
1930 380 1996 391 --
2038 357 2104 417 Ρ.
2141 355 2660 416 WESSEIJNGII

3610 347 3752 417 1180

2169 482 2288 520 ι·ιιιιι
2335 467 2388 521 in
2438 466 2736 536 provinciis
2779 467 3046 532 meminit,
3078 468 3278 524 addere
3311 467 3519 531 titulos,
3562 476 3623 521 ut
3651 484 3749 521 co-

2163 561 2510 620 gnoscantur.
2535 550 2655 607 Jac.
2687 552 2849 608 Goari
2876 552 3073 607 Notitia
3097 553 3299 608 Σάλτον
3332 553 3629 624 Ἰερατῑκὺν
3659 570 3757 622 ap-

2165 635 2349 703 pellat,
2380 636 2527 704 quod
2551 651 2738 690 verum
2770 636 3006 692 videtur.

2234 717 2370 774 Ibid.
2415 718 2551 774 Ὑπὸ
2578 720 3045 788 κονσουλάριον.
3073 720 3199 774 Fuit
3224 720 3422 773 Arabia
3445 718 3754 773 Constantii

2166 801 2509 869 imperatoris
2551 813 2793 873 tempore
2831 803 3188 870 praesidialis,
3222 814 3282 857 ut
3321 818 3387 857 ex
3429 803 3466 858 I.
3500 803 3534 856 3
3557 818 3609 856 c.
3643 802 3753 857 Th.

2163 885 2228 937 de
2264 884 2447 941 Pteuis
2478 896 2741 956 apparet:
2776 886 2966 940 habuit
2991 896 3252 955 praetcrea
3287 885 3503 948 ducem,
3538 888 3631 954 qui
3668 884 3753 939 rei

2165 970 2415 1023 tnilitaris
2435 984 2622 1024 curam
2645 970 3078 1024 administraret.
3112 969 3191 1022 Ab
3215 984 3283 1023 eo
3307 983 3438 1022 vero
3459 985 3582 1021 cum
3608 982 3754 1036 pra:-

2163 1066 2253 1106 ses
2277 1053 2557 1120 penderet,
2584 1055 2801 1107 tandem
2829 1053 2930 1107 soli
2955 1053 3076 1105 duci
3103 1051 3299 1105 Arabia
3326 1061 3414 1106 est
3434 1052 3751 1105 couunissa.

2164 1137 2433 1193 Ducentur
2474 1138 2643 1193 baca
2694 1136 3008 1191 Justiniauo
3053 1134 3190 1191 Nov.
3236 1136 3359 1190 102.
3408 1134 3540 1187 Erat
3581 1135 3751 1197 enim,

2162 1221 2359 1290 inquit,
2393 1220 2471 1274 ita
2503 1221 2649 1276 tenui
2680 1229 2937 1289 potestate
2970 1219 3228 1289 prteditus
3267 1218 3313 1271 is
3342 1219 3434 1287 qui
3460 1218 3603 1271 civili
3633 1234 3756 1270 ma-

2160 1304 2389 1370 gistratu
2424 1304 2833 1374 defungebatur,
2879 1313 2934 1356 ut
2972 1304 3020 1357 ci
3047 1304 3138 1371 qui
3170 1310 3413 1370 prwesset
3440 1303 3603 1353 armis
3637 1317 3755 1354 ser-

2161 1387 2248 1440 vili
2267 1388 2641 1456 propemodum
2666 1403 2807 1440 more
2833 1388 3245 1454 manciparetur,
3275 1394 3323 1438 et
3349 1385 3403 1438 in
3428 1382 3572 1438 illius
3599 1387 3754 1436 arbi-

2162 1470 2263 1523 trio
2296 1470 2457 1539 hujus
2485 1469 2633 1523 salus
2659 1480 2792 1523 esset
2836 1470 3031 1538 posita,
3063 1479 3155 1522 aut
3197 1477 3251 1521 ut
3284 1484 3346 1520 ne
3374 1478 3504 1521 esset
3534 1469 3753 1538 quidem

2162 1553 2375 1607 omnino
2400 1553 2485 1606 hic
2506 1552 2882 1621 magistratus:
2908 1557 3046 1606 unde
3074 1552 3208 1606 adeo
3238 1560 3285 1603 et
3308 1550 3519 1620 longum
3544 1561 3754 1617 tempus

2161 1646 2237 1690 est
2260 1652 2326 1689 ea:
2346 1651 2448 1706 quo
2470 1636 2514 1689 is
2543 1635 2776 1698 desierit,
2807 1645 2855 1688 et
2884 1636 3136 1688 militaris
3166 1650 3228 1687 ea
3257 1649 3375 1701 qua!
3396 1634 3600 1686 cit-item
3627 1650 3752 1685 ma-~

2160 1718 2447 1785 gistratum
2493 1727 2808 1772 concernunt
2862 1727 3101 1786 peragat.
3154 1715 3301 1770 Idem
3360 1715 3569 1768 Notitiu
3616 1716 3750 1780 imp.

2163 1799 2364 1854 Orient.
2391 1816 2442 1856 c.
2478 1800 2528 1865 1,
2558 1801 2747 1856 ducem
2780 1801 3001 1870 quidem
3036 1800 3271 1863 Arabiae,
3302 1813 3572 1867 nusquam
3609 1814 3755 1867 pra:-

2160 1883 2332 1938 sidem
2362 1893 2455 1938 aut
2479 1884 2846 1948 consularem,
2880 1884 2986 1938 nisi
3017 1898 3067 1939 c.
3104 1883 3228 1947 I45,
3265 1884 3354 1937 ubi
3387 1884 3495 1936 dux
3523 1889 3577 1935 et
3611 1898 3754 1950 prse-

2161 1980 2247 2020 ses
2291 1967 2384 2035 qui
2439 1977 2567 2022 ante
2613 1969 2718 2023 dux
2772 1978 3023 2035 tanturn,
3078 1983 3421 2030 memorans,
3488 1965 3751 2031 afﬁrmat.

2160 2047 2346 2119 Itaque
2374 2050 2596 2104 dubiutn
2624 2065 2747 2106 esse
2776 2067 2880 2105 non
2912 2060 3091 2121 potest
3117 2052 3248 2120 quin
3275 2049 3363 2103 hic
3386 2064 3541 2103 error
3572 2049 3666 2115 sit,
3693 2059 3755 2104 et

2161 2130 2213 2184 in
2242 2131 2545 2188 consularis
2574 2133 2752 2188 locum
2785 2136 2892 2188 dux
2919 2135 3213 2189 succedere
3246 2133 3461 2187 debeat.

2236 2215 2370 2269 Ibid.
2406 2217 2664 2285 Βόστρα.
2697 2216 2996 2273 Provincia‘.
3038 2216 3357 2285 metropolis
3389 2226 3530 2271 erat.
3562 2216 3708 2272 Ense
3736 2249 3751 2257 -

2160 2298 2281 2353 bius
2312 2300 2364 2352 in
2396 2300 2565 2370 Βόσορ
2586 2317 2599 2353 :
2621 2297 2770 2370 Αὕτη
2805 2300 2923 2352 ἐστὶ
2953 2299 3186 2369 Βόστρα,
3216 2301 3249 2370 ἡ
3282 2298 3378 2352 νῦν
3411 2300 3752 2371 μητρόπολις

2157 2382 2255 2453 τῆς
2283 2381 2564 2452 Ἀραϐίας.
2600 2383 2753 2436 Adde
2792 2382 2983 2437 concil.
3030 2381 3368 2437 Chalcedon.
3396 2399 3446 2451 p.
3480 2383 3606 2437 676.
3646 2383 3751 2438 lsi-
3852 2436 3861 2441 .

2158 2465 2325 2520 dorus
2356 2467 2520 2535 (apud
2565 2464 2815 2519 thium
2860 2479 2910 2533 p.
2959 2463 3117 2534 1006)
3164 2465 3351 2521 Bostra
3388 2460 3608 2533 οἶστρον
3642 2465 3750 2534 τῆς

2161 2548 2304 2619 βοός,
2333 2550 2488 2618 quasi
2528 2546 2582 2603 Io
2612 2549 2663 2602 in
2698 2565 2918 2604 vaccam
2952 2565 3109 2604 versa
3136 2565 3337 2605 nomen
3371 2552 3491 2603 urbi
3528 2551 3751 2614 fecerit,

2160 2640 2347 2686 notare
2373 2641 2565 2686 auctor
2595 2639 2702 2695 est,
2726 2632 2822 2686 sed
2855 2646 3050 2686 errans
3081 2649 3096 2686 :
3138 2642 3223 2686 cst
3249 2634 3395 2686 enim
3431 2641 3600 2698 mn,
3636 2649 3754 2701 quo

2161 2713 2372 2771 llebrtei
2426 2725 2481 2771 et
2522 2714 2718 2771 vicinas
2763 2725 2952 2787 gentes
2998 2715 3174 2771 locum
3222 2716 3493 2770 munitum
3535 2718 3749 2771 descri-

2158 2800 2310 2853 bunt.

2228 2884 2361 2939 Ibid.
2406 2882 2748 2953 Νιλακώμη.
2802 2884 2989 2955 Ignota
3032 2883 3162 2937 mihi
3210 2892 3340 2939 est:
3381 2883 3747 2953 cogitaveram

2160 2969 2308 3038 Νεύη
2352 2968 2538 3039 κώμη,
2575 2984 2697 3036 quae
2727 2969 2780 3023 in
2810 2968 2976 3023 Goari
3011 2966 3222 3022 Notitia
3252 2976 3307 3021 et
3338 2967 3545 3024 Concil.
3582 2968 3755 3022 Chal-

2160 3055 2353 3107 cedon.
2413 3069 2465 3122 p.
2514 3053 2618 3108 676
2673 3053 3046 3123 conspicitur,
3104 3069 3171 3107 an
3226 3053 3625 3124 Πεντακωμία,
3675 3069 3750 3107 an

2160 3135 2336 3206 Νεέλη
2367 3136 2551 3207 κώμη,
2580 3136 2734 3206 cujus
2762 3137 3047 3206 episcopus
3081 3138 3133 3191 in
3160 3137 3352 3192 eodem
3379 3147 3464 3192 est
3491 3136 3750 3201 concilio,

2160 3227 2478 3288 praestaret;
2512 3218 2656 3273 forte
2687 3222 2959 3287 posterior
2982 3220 3220 3289 suspicio
3244 3235 3348 3273 nou
3375 3220 3533 3291 longe
3561 3236 3592 3275 a
3617 3236 3751 3275 vero

2160 3302 2355 3356 aberit.
2395 3301 2454 3355 Id
2498 3305 2779 3371 praeterire
2810 3303 2959 3369 nolo,
3001 3304 3198 3359 ibidem
3236 3302 3501 3358 Joannem
3536 3303 3753 3368 πόλεως

2164 3385 2373 3456 "Eam;
2401 3386 2542 3440 inter
2564 3386 2776 3441 Arabas
2806 3402 3003 3441 nomen
3034 3388 3297 3457 proliteri,
3325 3397 3381 3442 et
3404 3387 3749 3442 mansionem

2161 3467 2294 3523 Itin.
2329 3460 2454 3524 Ἀηι.
2483 3485 2535 3539 p.
2570 3468 2671 3525 I96
2727 3468 2881 3536 Ere,
2909 3469 3049 3536 sive,
3077 3481 3137 3526 ut
3161 3471 3214 3525 in
3246 3468 3507 3525 Vaticano
3529 3485 3630 3525 ms.
3661 3471 3748 3525 le-

2159 3552 2327 3622 gitur,
2358 3553 2462 3608 Ere
2489 3553 2656 3609 tueri.

2233 3636 2365 3691 Ibid.
2402 3637 2600 3706 Ἀδρα.
2627 3638 2719 3693 Sic
2748 3649 2802 3694 et
2830 3638 3176 3694 Ptolemaeus.
3205 3638 3429 3693 Tabula:
3456 3638 3748 3708 Peutinge-

2163 3734 2345 3776 rortuu
2382 3720 2597 3776 Adraha
2630 3720 2701 3776 Μ.
2736 3722 2794 3776 P.
2837 3723 2903 3776 ἰαί
2938 3739 2968 3777 a
3003 3724 3229 3787 Bostris,
3265 3722 3495 3776 Eusebio
3526 3723 3577 3775 iu
3606 3721 3753 3776 Ono-

2160 3811 2320 3856 mast.
2357 3804 2567 3866 Adara,
2601 3819 2723 3859 cum
2768 3805 2834 3857 de
2877 3807 3009 3860 urbe
3041 3805 3226 3858 Esdrai
3267 3805 3364 3857 καὶ
3390 3803 3514 3869 νῦν,
3543 3806 3749 3872 inquit,

2160 3885 2311 3939 ἐστὶν
2331 3887 2542 3957 Ἀδαρα
2564 3888 2718 3951 πόλις
2746 3888 3017 3958 ἐπίσημος
3038 3887 3135 3957 τῆς
3165 3886 3448 3955 Ἀραϐίας,
3474 3886 3755 3942 διεστῶσα

2161 3969 2412 4040 Βόστρων
2445 3972 2549 4041 (sic
2578 3974 2817 4041 prastat)
2847 3972 3097 4042 σημείοις
3139 3969 3238 4026 κδ’.
3276 3972 3448 4025 Vertit
3480 3971 3749 4041 lltcrouy-

2163 4071 2322 4109 mus:
2361 4054 2516 4109 Nunc
2546 4066 2724 4109 autent
2756 4066 2831 4109 est
2861 4056 3040 4109 Adara
3066 4056 3287 4123 insignis
3317 4058 3504 4109 ciuitas
3532 4057 3569 4107 Δ
3582 4056 3751 4108 rabia:

2162 4136 2218 4190 in
2245 4136 2483 4190 vicesimo
2505 4150 2691 4207 quarto
2716 4138 2895 4207 lapide
2926 4155 2960 4191 a
2993 4137 3204 4192 Bostra.

2234 4216 2365 4275 Ibid.
2414 4221 2538 4275 Δία.
2599 4221 2729 4275 Δίαν
2775 4220 2875 4290 τὴν
2925 4219 3134 4290 ἔρημον
3182 4218 3357 4283 πόλιν,
3406 4218 3645 4274 Isidorus
3688 4219 3749 4273 iu

2165 4303 2284 4358 Vita
2312 4304 2577 4359 Damascii
2602 4305 2739 4373 apud
2767 4304 3019 4358 Pbotium
3041 4302 3297 4356 Bibliotlt.
3321 4321 3374 4371 p.
3405 4303 3531 4356 Itt6I
3565 4312 3748 4368 vocat,

2161 4390 2364 4443 addens
2390 4403 2559 4457 prope
2589 4389 2778 4442 urbem
2806 4402 2926 4442 esse
2952 4402 3227 4455 campum,
3260 4388 3311 4438 iu
3336 4401 3446 4454 quo
3468 4401 3603 4454 aqua
3628 4398 3749 4455 say-

2161 4471 2247 4541 gia
2276 4471 2497 4525 ebulliat
2523 4486 2537 4523 :
2578 4470 2812 4525 fortasse
2840 4484 2971 4537 ergo
3004 4472 3109 4523 huc
3149 4471 3381 4539 pertinet
3412 4468 3749 4537 epigramma

2163 4554 2303 4625 apud
2337 4552 2707 4619 Stephanum,
2736 4552 2880 4621 quod
2909 4553 3026 4623 ipse
3054 4555 3120 4606 ad
3165 4555 3317 4606 Dium
3350 4553 3550 4624 Syrisr,
3582 4552 3629 4606 si
3660 4560 3747 4604 ta-

2162 4652 2283 4691 men
2315 4637 2417 4689 alia
2453 4653 2514 4690 ac
2541 4647 2727 4691 nostra
2758 4646 2862 4702 est,
2902 4638 3200 4702 transtulit,
3227 4652 3336 4705 quo
3364 4652 3504 4706 aqua
3537 4636 3749 4689 Dieusis

2162 4728 2288 4789 potu
2328 4718 2547 4789 quidem
2595 4719 2792 4787 dulcis,
2832 4721 2927 4774 sed
2975 4730 3031 4774 et
3074 4723 3351 4776 mortifera
3393 4721 3745 4789 perhibetur:

2160 4805 2327 4874 Νᾶμα
2372 4802 2435 4855 τὸ
2476 4803 2667 4871 Atr,va
2713 4802 2977 4874 γλυκερὸν
3027 4805 3188 4857 ποῖόν
3220 4820 3233 4836 ·
3283 4804 3349 4858 ἂν
3409 4802 3529 4857 τόδε
3592 4802 3745 4873 πίῃς,

2162 4887 2349 4958 παύσῃ
2379 4886 2481 4957 μὲν
2506 4885 2686 4956 δίψης,
2713 4885 2843 4939 εὐθὺ
2876 4886 2932 4940 δὲ
2963 4888 3056 4941 καὶ
3084 4888 3290 4957 βιότου.

2235 4970 2371 5025 Ibid.
2422 4968 2780 5037 Ἑξακωμία.
2822 4968 3066 5025 Habetur
3097 4983 3152 5028 et
3186 4972 3238 5026 iu
3268 4969 3386 5026 Jac.
3427 4972 3590 5027 Goari
3634 4970 3747 5024 No-

2163 5054 2307 5107 titia.
2342 5052 2549 5106 Nomen
2584 5052 2655 5105 illi
2682 5067 2711 5104 a
2742 5066 2835 5106 sex
2869 5054 3041 5124 pagis,
3077 5066 3132 5107 ut
3165 5053 3551 5119 Pentacomite,
3584 5071 3748 5124 quam

2162 5139 2350 5192 eadem
2374 5137 2638 5208 agnoscit,
2667 5150 2697 5190 a
2724 5136 2991 5205 quinque,
3028 5140 3193 5191 venit.

2234 5222 2370 5278 Ibid.
2417 5218 2690 5289 Μήδαϐα.
2750 5219 2970 5276 Medeba
3022 5232 3107 5276 est
3165 5224 3217 5276 in
3279 5223 3528 5293 portione
3575 5222 3750 5277 tribus

2164 5306 2378 5361 Ruben.
2415 5304 2531 5360 Jos.
2572 5317 2623 5359 c.
2661 5319 2785 5370 xm,
2831 5306 2918 5361 16.
2950 5305 3187 5377 Cyrillus
3244 5309 3295 5361 iu
3339 5307 3460 5361 Vita
3503 5308 3561 5362 S.
3594 5306 3743 5361 Saba

2163 5406 2213 5446 c.
2255 5390 2366 5448 45:
2397 5387 2633 5459 Μήδαϐα
2664 5387 2818 5451 πόλις
2856 5390 2972 5442 ἐστὶ
3006 5391 3150 5460 πέρα
3180 5392 3273 5444 τεῦ
3297 5391 3600 5460 Ἰτουρδὰωο
3632 5386 3756 5441 κατ’

2165 5473 2460 5535 ἀνατολὰς,
2501 5471 2609 5525 ὑπὸ
2637 5470 2739 5541 τὴν
2774 5471 3040 5541 Ἀραϐίαν
3072 5474 3323 5530 τελοῦσα.
3369 5474 3611 5527 Meminit
3637 5470 3760 5538 t‘J'ls

2167 5560 2429 5613 Eusebius
2474 5558 2524 5609 iu
2568 5557 2883 5625 KaptaOe‘tp.
2930 5568 2985 5610 et
3033 5556 3247 5624 Ἰεσσὶι,
3292 5561 3378 5612 ubi
3418 5574 3516 5627 pro
3549 5555 3757 5626 μεταξὺ

2167 5640 2481 5711 Μηδαμὼν,
2532 5640 2679 5708 quod
2716 5641 3003 5696 Martianei
3056 5644 3221 5695 editio
3272 5644 3518 5712 prmfert,
3567 5638 3767 5709 Μηδαέ

2171 5727 2281 5781 ϐων
2304 5727 2406 5795 legi
2434 5733 2667 5793 oportet.

2244 5811 2381 5867 Ibid.
2415 5809 2675 5878 Γέρασα,
2716 5809 2873 5878 Πόλις
2905 5810 3173 5883 ἐπίσημος
3203 5811 3300 5882 τῆς
3333 5810 3607 5884 Ἀραδίοις.
3645 5809 3745 5863 Eu-
