4170 6424
385 390 518 456 1181

378 512 529 565 scbio
561 509 844 565 Onomast.
885 511 936 565 in
968 512 1270 582 Γεργασεί,
1311 527 1519 570 semota
1547 530 1574 568 a
1608 514 1769 569 fluvio
1798 515 1966 571 Iacob

378 593 451 648 Μ.
482 593 540 648 P.
565 593 618 655 4,
652 603 791 647 teste
818 592 1147 663 Hieronymo
1175 595 1228 649 in
1259 594 1424 651 Jacob
1452 598 1692 667 ejusdem
1722 597 1963 653 Eusebii.

377 679 681 815 Epiggpus
727 675 844 745 ejus
898 675 1093 732 Placus
1145 687 1228 734 est
1278 679 1330 734 in
1383 681 1714 737 Chalcedon.
1769 681 1964 737 concil.

382 777 434 815 ιι.
579 801 591 814 .

382 777 434 830 p.
468 777 591 815 om.

452 844 570 897 Col.
599 842 722 897 155.
763 841 1083 910 Μαιοῦδος.
1115 843 1258 899 Nihil
1289 845 1417 900 mihi
1451 846 1518 901 de
1545 845 1646 900 hac
1679 847 1912 902 innotuit
1948 858 1966 899 :

383 935 568 994 posset
585 941 651 980 ex
674 925 900 981 Notitiis
918 938 972 981 et
986 928 1340 982 conciliorum
1356 931 1502 984 Actis
1519 930 1625 984 alia
1643 946 1748 985 non
1774 944 1970 1000 magno

385 1010 661 1066 molimine
704 1010 998 1078 substitui,
1054 1013 1156 1067 nisi
1203 1027 1267 1067 ea
1313 1027 1400 1068 res
1442 1014 1762 1084 periculosae
1810 1014 1970 1086 plena

383 1093 526 1148 foret
551 1093 702 1150 aleae.

457 1177 590 1233 Ibid.
629 1176 1020 1248 Φιλαδελφία.
1055 1179 1170 1234 Non
1204 1179 1308 1234 alia
1339 1190 1424 1235 est
1445 1196 1510 1235 ac
1536 1179 1968 1246 Rabbatamana,

384 1275 508 1331 quae
538 1277 566 1313 a
613 1261 900 1316 Ptolemaeo
942 1260 1296 1330 Philadelpho
1340 1277 1478 1318 n0vo
1516 1263 1712 1318 donata
1749 1273 1834 1317 est
1877 1279 1977 1318 no—

385 1346 553 1401 mine.
601 1344 960 1416 llieronymus
1000 1347 1054 1400 in
1104 1344 1300 1400 Ezech.
1347 1362 1395 1400 c.
1430 1347 1502 1401 25
1538 1366 1550 1399 :
1583 1344 1720 1400 Filii
1749 1348 1972 1401 Ammon

385 1428 645 1482 habebant
687 1429 1001 1494 metmpolin
1038 1430 1244 1484 nomine
1276 1428 1549 1491 Rabbatli,
1592 1445 1710 1499 quia
1751 1429 1905 1484 hodie
1939 1447 1972 1485 a

387 1527 506 1580 rege
565 1510 787 1582 Egypti
834 1509 1158 1579 Ptolemaeo,
1208 1521 1548 1582 cognomento
1595 1510 1967 1581 Philadelpho,

387 1595 480 1664 qui
518 1595 772 1648 Arabiam
814 1595 979 1649 lenuit
1025 1611 1144 1648 cum
1191 1594 1418 1655 ludam,
1475 1593 1844 1662 Philadelphia
1887 1613 1975 1649 co-

387 1679 696 1748 gnominata
743 1687 842 1732 est.
901 1678 1102 1732 Aberat
1151 1677 1294 1731 haud
1354 1679 1514 1747 longo
1573 1678 1858 1733 intervallo
1905 1680 1974 1733 ab

389 1774 550 1815 amne
595 1759 763 1813 Jacob
811 1760 949 1826 apud
994 1759 1284 1814 Eusebium
1335 1759 1612 1815 Onomast.
1665 1759 1722 1814 In
1771 1760 1972 1814 ’Ia66x.

389 1844 540 1913 plura
570 1841 808 1896 Eduard.
839 1840 1145 1896 Bernardus
1180 1843 1231 1896 in
1263 1841 1478 1913 Iosephi
1512 1843 1578 1896 A.
1607 1843 1740 1897 Jud.
1769 1844 1822 1907 4,
1849 1844 1900 1898 5.

453 1925 596 1980 Ibid.
622 1925 744 1978 Νέα
772 1926 972 1990 πόλις.
1002 1924 1196 1979 Chilon
1226 1926 1435 1990 πόλεως
1479 1927 1624 1990 Νέας
1657 1929 1866 1990 πόλεως
1896 1929 1976 1980 ἰη-

392 2015 477 2061 ter
524 2007 731 2062 Arabes
777 2007 1054 2062 antistites
1103 2008 1336 2062 concilio
1383 2008 1719 2064 Chalcedon.
1770 2023 1822 2078 p.
1871 2007 1977 2063 675

392 2105 588 2145 nomen
621 2091 904 2159 ascripsit.

461 2173 596 2228 Ibid.
659 2171 1004 2241 Ἰερὰπολις.
1052 2174 1156 2228 Alii
1211 2173 1352 2232 hanc
1398 2175 1792 2246 explicuerint;
1844 2175 1976 2231 mihi

395 2258 578 2328 ignota
617 2265 719 2312 est.

465 2339 598 2394 Ibid.
621 2338 1083 2405 Φιλιππόπολις.
1103 2337 1332 2394 Condita
1352 2349 1434 2395 est
1456 2355 1482 2392 a
1505 2339 1754 2410 Philippo
1774 2342 1977 2406 Arabe,

395 2431 455 2478 ut
480 2423 664 2478 Victor
695 2421 938 2477 Zonaras
969 2431 1024 2476 et
1055 2420 1333 2478 Cedrenus
1365 2425 1561 2478 docent
1591 2435 1645 2479 et
1683 2426 1785 2480 viri
1837 2427 1978 2481 docti

394 2506 596 2561 dudum
624 2514 970 2562 monuerunt.
995 2505 1147 2572 Quod
1173 2521 1301 2562 vero
1330 2506 1518 2561 nostra
1547 2509 1792 2563 eamdem
1820 2520 1982 2579 atque

397 2591 535 2644 hanc
583 2590 952 2655 arbitramur,
1003 2589 1052 2642 id
1082 2597 1136 2642 et
1178 2589 1291 2643 haec
1339 2587 1548 2643 Notitia
1593 2599 1648 2645 et
1684 2593 1978 2646 concilium

394 2673 839 2728 Chalcedoncnse
877 2673 1180 2728 convellit:
1222 2671 1564 2742 distinguunt
1603 2675 1748 2730 enim
1791 2675 1981 2729 Bostra

394 2766 450 2811 et
471 2755 886 2826 Philippopolin.
918 2755 1048 2811 Vide
1073 2765 1203 2811 tom.
1226 2754 1341 2810 VIII
1370 2756 1580 2812 Concil.
1608 2758 1776 2814 Labb.
1802 2777 1853 2829 p.
1879 2760 1985 2814 641

395 2852 448 2897 et
481 2841 605 2905 675,
639 2849 1003 2910 praetereaque
1021 2839 1407 2910 Spaubeinium
1433 2842 1652 2898 dissert.
1691 2845 1760 2899 13
1790 2847 1852 2899 de
1889 2844 1980 2900 Us.

396 2937 444 2980 et
477 2923 540 2979 Ρ.
579 2925 650 2980 Ν.
685 2941 736 2994 p.
768 2924 896 2980 612.

471 3009 602 3065 Ibid.
647 3009 861 3063 Φαινώ.
917 3007 994 3064 Ita
1043 3008 1324 3080 legendum
1352 3012 1484 3065 vidit
1532 3011 1596 3066 L.
1627 3011 1982 3082 llolsteiuius,

401 3094 512 3150 Sita
543 3104 660 3148 erat
704 3093 916 3148 Petram
963 3093 1107 3148 inter
1148 3102 1201 3148 et
1234 3092 1447 3158 Zoora.
1485 3097 1608 3150 :cris
1652 3098 1887 3151 metallis
1932 3108 1987 3154 et

398 3177 608 3233 exsiliis
636 3177 1186 3231 multorumiulaniis.
1221 3175 1485 3232 Eusebius
1515 3179 1570 3232 in
1592 3179 1767 3232 Φινῶν
1798 3180 1983 3253 ;Λῦτη

397 3263 516 3316 ἐστὶ
553 3261 767 3327 Φαινὼ,
801 3260 929 3313 ἔνθα
973 3261 1041 3314 τὰ
1085 3260 1322 3330 μέταλλα
1367 3262 1461 3316 τοῦ
1501 3263 1734 3334 χαλκοῦ,
1782 3267 1985 3334 μεταξὺ

397 3345 630 3414 κειμένη
679 3343 891 3413 Πέτρας
935 3343 1148 3406 πόλεως
1190 3345 1284 3398 καὶ
1325 3345 1558 3416 Ζοορῶν.
1603 3347 1695 3401 Sic
1740 3348 1824 3401 Jo.
1862 3348 1983 3402 Cle-

397 3429 580 3493 ricus,
638 3436 688 3479 et
731 3438 875 3481 recte
918 3425 1261 3489 emendavit,
1308 3442 1469 3496 quem
1518 3437 1572 3483 et
1629 3429 1682 3482 in
1733 3430 1877 3483 κατὰ
1917 3433 1988 3482 τὰ

398 3512 606 3585 χρυσέα
645 3517 700 3565 et
729 3509 926 3562 Aatb'zv
955 3509 1099 3564 vide.
1140 3511 1527 3580 Hieronymus,
1566 3510 1772 3578 Fenon,
1808 3522 1986 3567 castra

399 3597 634 3666 ft'iorum
674 3593 840 3649 Israel
862 3593 916 3645 in
940 3593 1166 3647 deserto.
1196 3589 1326 3646 Fuit
1357 3602 1532 3646 autem
1559 3597 1828 3662 quondam
1859 3596 1988 3648 ciri-

401 3695 482 3734 tas
519 3678 816 3747 principum
862 3675 1050 3739 Edam,
1093 3692 1232 3730 nunc
1268 3676 1471 3730 viculus
1517 3677 1571 3728 in
1613 3677 1854 3742 deserto;
1898 3678 1989 3732 ubi

401 3779 524 3819 teris
548 3761 762 3816 metalla
798 3762 1171 3813 damnatorum
1199 3759 1469 3827 suppliciis
1495 3760 1824 3829 e/fodiuntur
1852 3762 1989 3816 inter

403 3849 668 3900 civi‘atem
712 3841 928 3897 Petram
977 3853 1026 3897 et
1067 3839 1320 3896 Zoaram.
1359 3842 1510 3897 Adde
1556 3843 1616 3900 ὃ.
1660 3842 1986 3900 Bocliartutn

405 3927 466 3982 P.
494 3929 548 3982 2.
585 3926 896 3981 Hierozoic.
933 3942 1013 3991 ιιι,
1052 3927 1142 3980 15.

476 4012 609 4066 Ibid.
652 4011 1059 4066 Κωνσταντία.
1098 4011 1322 4065 Νοιίιὶιε
1347 4009 1464 4065 Jac.
1493 4010 1655 4066 Goari
1689 4012 1988 4067 Κωνσταν-

403 4099 549 4166 τίνη,
587 4095 874 4150 concilium
903 4092 1235 4148 Chalcedon.
1269 4092 1440 4163 p.676
1463 4095 1906 4168 Κωνσταντιάνη,
1937 4107 1994 4154 et

407 4185 460 4236 iu
493 4179 659 4233 veteri
697 4177 946 4232 versione
972 4175 1314 4232 Constantia.

476 4264 612 4318 Ibid.
636 4259 978 4326 Διονυσιάς.
1011 4259 1188 4315 Maras
1226 4261 1571 4326 Διονυσιάδος
1600 4263 1702 4318 sub
1725 4261 1993 4320 Bostreno

408 4345 751 4415 metropolita
777 4344 830 4398 in
854 4345 1044 4398 eodem
1065 4353 1150 4397 est
1176 4344 1430 4398 concilio.
1459 4343 1650 4400 Incolae
1671 4347 1991 4410 Διονυσιεϊς,

409 4448 516 4487 non
551 4429 779 4484 multum
813 4443 843 4484 a
885 4427 1112 4495 Bostris,
1146 4429 1356 4486 Isidoro
1381 4431 1525 4500 apud
1560 4431 1812 4487 Photium
1848 4433 1989 4488 Bibl.

409 4533 462 4586 p.
505 4513 665 4570 1060.

477 4600 617 4654 Ibid.
675 4600 933 4653 Κανόθα.
1010 4598 1249 4652 Κανωθὰ
1300 4599 1604 4654 Concilium
1663 4601 1992 4659 Chalcedon.

408 4702 464 4755 p.
495 4683 620 4749 660,
659 4697 912 4736 nummus
941 4681 1280 4734 Κανωθαίων
1308 4685 1445 4748 apud
1469 4682 1833 4740 Vaillantium.
1865 4685 1998 4741 lIar-

409 4769 606 4823 duinns
645 4765 934 4820 Domitiani
978 4780 1257 4842 nummum
1298 4765 1676 4820 ΚΑΝΑΘαίων
1718 4769 1874 4824 ΖΝΡ.
1912 4771 1996 4825 in-

410 4852 671 4921 scriptum
709 4849 762 4903 in
793 4847 953 4903 Num.
1001 4848 1135 4904 Urb.
1176 4848 1347 4904 Illust.
1387 4851 1586 4915 edidit,
1630 4852 1716 4906 cui
1760 4854 1991 4909 similem

409 4935 683 4990 Wildiana
723 4951 856 5004 gaza
898 4941 1100 4988 servat.
1136 4932 1423 4987 Cooseutit
1469 4934 1736 4994 Eusebius
1767 4937 1819 4991 in
1853 4936 1996 4990 Ono.

410 5032 565 5076 mast.
595 5018 784 5074 Κανὰο
835 5019 998 5086 κώμη
1059 5017 1158 5088 τῆς
1203 5018 1487 5087 Ἀραϐίας,
1543 5019 1713 5073 εἰσέτι
1768 5021 1997 5075 Καναθὰ

409 5104 700 5174 λεγομένη.
736 5103 802 5157 Ει
839 5111 964 5171 post
1003 5115 1172 5169 pauca
1204 5117 1217 5155 :
1251 5102 1439 5153 Κεῖται
1472 5102 1531 5155 δὲ
1559 5102 1731 5156 εἰσέτι
1762 5104 1856 5158 καὶ
1900 5105 1996 5159 νῦν

410 5190 468 5242 ἐν
497 5187 858 5259 Τραχωνίτιδι
890 5184 1118 5255 πλησίον
1145 5184 1418 5255 Βόστρων.
1458 5187 1582 5240 Fuit
1610 5203 1740 5258 ergo
1775 5199 1997 5258 propter

411 5274 600 5328 Bostra
613 5314 626 5326 .

484 5359 617 5412 Ibid.
658 5355 1016 5423 Ἀδρασσός.
1053 5354 1116 5410 Il.
1156 5353 1399 5410 Ilelando
1437 5372 1540 5410 non
1583 5357 1684 5411 alia
1724 5368 1808 5413 est
1837 5369 1996 5430 atque

410 5444 552 5498 Adra
592 5439 756 5496 F..vet
783 5440 857 5493 illi
886 5437 1095 5493 Notitia
1126 5439 1243 5494 Jac.
1275 5439 1460 5506 Goari,
1481 5441 1774 5496 AdraSsnm
1797 5458 1998 5497 meno-

415 5542 571 5586 rans,
623 5539 726 5579 non
768 5525 914 5578 illam
961 5538 1084 5578 cum
1115 5532 1296 5578 tamen
1353 5523 1627 5578 llierocles
1679 5527 1994 5597 distinguat,

415 5610 726 5675 praestiterit
758 5625 904 5672 cum,
938 5608 1038 5662 etsi
1066 5607 1196 5663 sole
1225 5607 1444 5663 Notitize
1473 5609 1592 5678 ejus
1623 5611 1992 5679 meminerint,

414 5693 624 5744 audiris.

488 5776 620 5829 lbi-.l.
675 5776 960 5844 Ἰἰπίιρχιίι
997 5777 1431 5845 Αἰγυπτιακῆς.
1467 5777 1693 5833 ()rditttr
1727 5779 1992 5834 dimccsin

417 5857 746 5928 Egyptiam,
777 5874 894 5927 Qua:
921 5858 1190 5913 Ammiani
1221 5871 1378 5915 actate
1410 5865 1648 5932 quinun
1677 5878 1989 5933 prouucus,

1203 395 1590 459 COMMENT.
1634 397 1717 458 IN
1749 399 2167 461 HIEROCLIS
2207 403 2750 466 SYNECDEMUM.

2074 515 2334 591 Egypto,
2369 536 2486 591 quac
2515 519 2616 574 sub
2650 518 2957 574 Iustiniano
2981 519 3174 588 duplex
3204 533 3342 588 erat,
3377 535 3435 578 ut
3467 525 3649 583 Edict.

2070 603 2140 660 15
2175 605 2401 669 indicat,
2428 605 2727 672 Thebaide,
2758 602 2952 671 Libya,
2985 604 3406 674 Augustamnica
3437 620 3491 663 et
3519 608 3657 666 Per.-

2072 686 2234 756 tapoli
2276 687 2678 750 absolvebatur,
2707 686 2784 740 uti
2812 686 2847 740 l.
2877 686 2968 748 2.9.,
3007 702 3055 741 c.
3096 687 3186 752 16,
3218 689 3428 747 scribit.
3454 693 3653 747 Addita

2073 771 2197 825 dein
2236 770 2305 824 ab
2335 771 2576 824 Arcadio
2607 770 2934 839 imperatore
2965 769 3191 824 Arcadia
3225 784 3330 836 est,
3363 773 3514 839 cujus
3547 775 3658 828 Νο-

2069 854 2186 908 titia
2219 854 2345 922 imp.
2382 854 2584 909 Orient.
2617 867 2666 908 c.
2701 853 2805 906 117
2838 853 3103 907 meminit.
3137 854 3266 909 Post
3294 856 3416 910 dein
3448 859 3655 927 Augus-

2072 936 2304 990 tamnica
2343 935 2396 994 in
2424 936 2560 991 duas
2592 944 2676 990 est
2705 945 2874 990 secta.
2906 936 3110 990 Omnes
3141 938 3397 1007 praefecto
3434 943 3650 1009 Annis-

2073 1017 2198 1084 tali,
2239 1017 2340 1073 etsi
2387 1016 2656 1090 Egyptus
2698 1019 2974 1087 provincia
3031 1020 3302 1088 praecipua
3352 1022 3468 1085 ejus
3513 1035 3658 1076 esset

2071 1114 2229 1166 sors,
2278 1101 2552 1169 subjectie.
2591 1099 2808 1157 Primus
2851 1102 3044 1156 horum
3089 1103 3504 1170 Augustalium,
3552 1109 3660 1158 Αὑ-

2069 1185 2427 1253 γουσταλεων,
2463 1186 2507 1239 si
2539 1201 2642 1240 non
2673 1185 2811 1240 fallit
2849 1184 2930 1241 Io.
2971 1185 3162 1240 Malala
3200 1196 3331 1241 tom.
3370 1205 3413 1252 ι,
3448 1207 3497 1253 p.
3528 1190 3657 1251 290.

2070 1268 2352 1323 Cornelius
2371 1267 2472 1322 fuit
2489 1267 2674 1324 Gallus
2695 1287 2706 1322 :
2729 1268 3002 1336 Augustus
3025 1270 3170 1321 enim
3189 1269 3406 1324 domitae
3428 1271 3660 1342 Egypto

2069 1352 2307 1421 equitem
2331 1351 2607 1422 imposuit,
2637 1353 2777 1422 apud
2809 1353 3030 1408 Dionem
3065 1352 3101 1408 I.
3128 1368 3237 1408 CXI.
3270 1372 3322 1421 p.
3349 1355 3473 1420 52!,
3501 1356 3662 1410 inter-

2071 1451 2178 1504 qne
2208 1436 2315 1490 alia
2353 1437 2743 1491 dominationis
2770 1452 2969 1491 arcana
3001 1437 3196 1504 vetuit,
3233 1439 3335 1492 nisi
3373 1441 3660 1506 permissu,

2075 1520 2281 1590 ingredi
2306 1529 2611 1585 senatores,
2645 1520 2835 1574 Tacito
2863 1521 3057 1574 Annal.
3089 1537 3150 1586 ιι,
3172 1521 3240 1575 59
3272 1531 3427 1577 teste.
3458 1522 3662 1577 Salen:-

2075 1604 2161 1659 nis
2187 1603 2425 1673 prmlecti
2450 1605 2760 1673 Augustalis
2786 1606 2943 1658 sedes
2968 1604 3311 1657 Alexandria:
3339 1615 3485 1671 erat;
3521 1605 3664 1658 unde

2075 1685 2319 1758 ὕπαρχος
2345 1687 2442 1757 τῆς
2489 1685 2898 1757 Ἀλεξανδρείας
2932 1685 3239 1739 Sozomeno
3271 1685 3340 1741 11.
3375 1691 3441 1742 Ε.
3475 1704 3568 1748 νιι,
3601 1687 3664 1738 13

2075 1769 2298 1824 dicitur.
2334 1767 2657 1823 Theodorus
2691 1768 3093 1837 Αὐγουστὰλιος
3125 1776 3209 1822 est
3250 1769 3300 1821 in
3335 1769 3525 1823 Isidori
3565 1775 3666 1823 t'e-

2077 1853 2288 1909 lusiotae
2328 1853 2488 1921 epist.
2539 1867 2622 1914 ιιι,
2675 1852 2782 1913 50,
2823 1851 2962 1904 alius
2995 1852 3047 1904 in
3093 1850 3304 1921 Synesii
3343 1853 3504 1918 epist.
3544 1855 3665 1907 ltiti.

2078 1936 2152 1990 De
2183 1936 2358 1990 oliicio
2392 1935 2510 2003 ejus
2541 1937 2664 1990 vide
2698 1936 2732 1990 l.
2772 1936 2794 1988 1
2841 1945 2894 1988 et
2933 1934 2968 1988 2
2997 1950 3046 1988 c.
3078 1936 3142 1989 de
3175 1933 3330 1988 Ollie.
3355 1933 3516 1988 Pra-l‘.
3557 1937 3665 1987 An-

2076 2028 2218 2086 gust.
2247 2028 2408 2087 atque
2435 2019 2612 2075 Edict.
2653 2017 2949 2074 Justiuiani
3000 2019 3100 2083 13,
3143 2028 3192 2073 et
3227 2019 3571 2072 Pancirolum
3614 2013 3668 2069 in

2080 2101 2255 2156 Notit.
2289 2103 2417 2169 imp.
2456 2102 2662 2157 Orient.
2692 2117 2744 2156 c.
2780 2101 2901 2156 117.
3180 2111 3190 2119 “

2149 2185 2284 2240 Ibid.
2335 2184 2786 2255 Ἀλεξάνδρεια.
2830 2187 2924 2239 Dio
2954 2185 3374 2256 Chrysostomns
3404 2196 3546 2239 orat.
3575 2185 3666 2243 2'2.

2079 2282 2134 2338 p.
2159 2268 2266 2323 372
2299 2269 2464 2323 mlius
2492 2268 2638 2322 orbis
2661 2284 2756 2323 sua
2782 2279 2944 2322 aitate
2975 2270 3279 2338 emporium
3312 2269 3478 2322 fuisse
3507 2279 3669 2336 atque

2080 2353 2315 2422 undique
2383 2352 2435 2404 iu
2499 2367 2617 2405 eam
2674 2365 2864 2406 omnes
2922 2353 3250 2407 ceutluxisse
3316 2362 3667 2414 mercatores,

2079 2418 2350 2496 ὥστε-τὰς
2385 2433 2680 2504 ἐμπορίας,
2708 2434 2902 2501 inquit,
2933 2433 2994 2485 οὐ
3021 2435 3223 2504 νήσων,
3261 2433 3383 2486 οὐδὲ
3410 2418 3693 2500 λιμένων,’

2081 2518 2201 2572 οὐδὲ
2226 2516 2487 2589 πορθμῶν
2511 2515 2673 2570 τινῶν
2695 2517 2788 2569 καὶ
2819 2516 3051 2586 ἰσθμῶν,
3078 2516 3214 2569 ἀλλὰ
3243 2517 3426 2585 σχεδον
3450 2516 3563 2570 ἁπά
3574 2535 3670 2587 sq;

2080 2603 2180 2672 τῆς
2217 2601 2542 2670 οἰκουμένης
2578 2599 2862 2668 γίγνεσθαι
2894 2601 3023 2670 παρ’
3075 2600 3205 2669 ὑμῖν
3239 2617 3252 2652 :
3297 2615 3457 2667 quam
3486 2616 3668 2653 rerum

2081 2687 2292 2756 cupiam
2338 2695 2393 2741 et
2433 2685 2729 2739 incolarum
2776 2682 3136 2750 frequentiam
3188 2683 3276 2737 diu
3325 2683 3399 2737 illi
3444 2683 3671 2737 durasse

2083 2771 2300 2825 aliunde
2339 2779 2571 2824 constat.
2619 2767 2771 2820 IIaud
2824 2768 2981 2836 longe
3032 2769 3220 2821 aberat
3271 2766 3503 2828 Pharus,
3549 2770 3669 2819 dein

2083 2856 2202 2910 urbi
2248 2855 2538 2924 conjuncta
2592 2869 2658 2909 ac
2699 2850 2944 2918 Majnuue
2988 2853 3205 2904 nomine
3248 2849 3498 2905 celebris.
3538 2850 3672 2902 Acta

2085 2939 2142 2996 S.
2174 2938 2299 3010 Cyri
2333 2953 2383 2992 c.
2423 2953 2506 3002 ιιι,
2541 2945 2671 2990 ιοιιι.
2705 2935 2770 2998 II,
2801 2935 3028 2990 Ianuar.
3061 2950 3114 3002 p.
3147 2934 3322 2989 1090:
3357 2935 3673 3004 Mojumetcs

2085 3023 2170 3076 hic
2205 3031 2314 3074 erat
2339 3061 2352 3086 ,
2384 3037 2489 3074 non
2523 3035 2588 3073 ex
2624 3016 2937 3072 Gazensium
2983 3016 3223 3087 .llnjuma
3263 3020 3504 3084 prodiens
3528 3057 3543 3081 ,
3584 3016 3673 3070 sed

2084 3122 2149 3160 ea:
2177 3105 2274 3160 illa
2305 3102 2806 3167 Alexandrinorum,
2837 3118 2995 3171 quam
3028 3100 3260 3161 Pharus,
3294 3101 3557 3169 quondam
3595 3101 3676 3152 in-

2085 3189 2221 3251 sula,
2256 3186 2638 3255 complectitur,
2671 3200 2887 3254 quasque
2911 3200 3047 3236 nunc
3083 3183 3419 3236 Alexandria:
3448 3199 3563 3235 cum
3597 3183 3677 3234 in-

2084 3273 2274 3329 sulana
2319 3272 2529 3325 civitate
2557 3269 2848 3336 conjuncta:
2876 3284 3000 3335 pars
3028 3267 3268 3330 habetur,
3303 3275 3469 3320 vetere
3500 3265 3676 3335 Maja-

2086 3371 2184 3410 ma:
2245 3354 2453 3407 nomine
2506 3353 2679 3404 adhuc
2737 3361 2952 3402 retento.
3009 3348 3252 3402 Philonis
3299 3359 3457 3401 :etate
3500 3347 3676 3417 αὐχὴν

2085 3437 2399 3500 ὑποταίνιος
2435 3450 2497 3490 ex
2533 3433 2706 3488 insula
2741 3432 2805 3487 ad
2843 3436 3032 3486 urbem
3069 3431 3393 3498 pertinebat,
3432 3445 3548 3498 qum
3581 3440 3675 3484 tie-

2088 3523 2200 3583 nia,
2231 3521 2299 3575 de
2331 3535 2434 3590 qua
2472 3525 2526 3572 et
2573 3515 2774 3571 Strabo
2813 3529 2947 3580 xvn,
2989 3529 3042 3584 p.
3086 3513 3222 3577 800,
3265 3522 3354 3567 aut
3394 3515 3439 3568 si
3488 3513 3672 3567 brevia

2088 3603 2265 3667 malis,
2297 3602 2554 3672 paulatim
2590 3596 2955 3653 alluvionibus
2987 3597 3198 3649 videtur
3231 3603 3409 3656 aucta,
3453 3595 3519 3650 de
3556 3594 3675 3650 Vita

2087 3687 2250 3742 Musis
2277 3701 2336 3745 ιι,
2380 3701 2434 3753 p.
2469 3684 2597 3739 659.
2640 3681 2909 3736 Caeterum
2947 3679 3099 3734 urbis
3133 3678 3371 3747 episcopi
3419 3694 3514 3749 per
3553 3679 3676 3732 uni-

2089 3784 2299 3825 versam
2331 3766 2621 3839 !Egyptum
2659 3764 2958 3819 auctoritas
2990 3762 3324 3830 amplissima
3357 3768 3496 3821 erat.
3537 3760 3676 3815 sibi-

2089 3867 2194 3924 que
2222 3851 2503 3921 subjectos
2529 3855 2746 3904 centum
2780 3847 3002 3902 circiter
3032 3845 3305 3900 antistites
3338 3844 3588 3908 habebat,
3620 3852 3678 3896 ut

2090 3935 2421 3991 Athanasius
2459 3931 2679 3999 Apolog.
2709 3946 2757 3984 c.
2797 3930 2986 3983 Arian.
3019 3942 3072 3996 p.
3115 3926 3239 3992 187,
3273 3925 3529 3980 afﬁrmat.

2161 4018 2300 4074 Ibid.
2357 4014 2767 4084 Ἐρμούπολις.
2816 4011 2986 4064 Parva
3025 4009 3390 4077 Hermupolis,
3428 4023 3549 4077 quae
3580 4009 3678 4080 τῆς

2091 4099 2492 4170 Ἀλεξανδρέων
2531 4095 2717 4168 χώρας
2761 4094 3073 4163 metropolis
3110 4091 3405 4147 Ptolemmo
3457 4092 3677 4157 dicitur,

2093 4187 2236 4242 unde
2273 4182 2604 4238 Athanasius
2645 4178 2996 4234 Dracontium
3032 4177 3150 4247 ejus
3196 4175 3478 4246 praesulem
3521 4176 3682 4229 modo

2091 4272 2191 4340 τῆς
2239 4264 2635 4335 Ἀλεξανδρέων
2671 4262 2854 4334 χώρας
2909 4261 3024 4316 sive
3072 4262 3130 4312 ἐν
3177 4263 3244 4330 τῇ
3286 4259 3685 4328 Ἀλεξανδρέων

2092 4352 2265 4424 χώρᾳ,
2294 4361 2351 4404 ιιι
2374 4358 2506 4402 ιοιη.
2537 4349 2589 4412 1,
2613 4360 2666 4414 p.
2684 4345 2812 4409 263,
2833 4345 2992 4398 modo
3023 4340 3438 4412 Ἐρμουπόλεως
3457 4341 3680 4410 μικρᾶςο

2093 4437 2256 4495 sicuti
2287 4435 2340 4490 in
2376 4432 2536 4503 epist.
2591 4431 2657 4484 ad
2694 4428 3022 4482 Antiochen.
3053 4441 3108 4495 p.
3144 4425 3268 4487 776,
3309 4433 3607 4492 nuncupat.

2169 4521 2305 4577 Ibid.
2359 4517 2748 4580 Μενελαΐτης.
2802 4511 2990 4566 Vicina
3047 4517 3165 4564 erat
3223 4506 3478 4569 Schedia,
3539 4506 3682 4559 unde

2095 4605 2518 4678 Agatbodtemon
2548 4599 2773 4671 Σχεδίας
2813 4596 2908 4650 καὶ
2943 4593 3277 4678 Μενεῇαῒεου
3309 4592 3598 4661 episcopus
3626 4592 3680 4644 in

2095 4675 2258 4761 epist.
2296 4685 2584 4742 Athanasii
2621 4683 2688 4737 ad
2719 4675 3330 4761 Antiochenslutellige
3367 4683 3548 4761 autem
3585 4689 3685 4726 no-

2096 4757 2243 4830 mnm
2288 4769 2657 4830 Menelaiteu:
2711 4778 2838 4820 nam
2883 4762 3014 4817 urbs
3055 4759 3352 4823 Menelaus,
3413 4757 3457 4812 si
3503 4767 3683 4811 tamen

2099 4857 2285 4912 urbem
2314 4869 2436 4908 esse
2465 4852 2616 4913 velis,
2647 4846 2987 4903 .lustinianus
3017 4845 3160 4900 Edit.
3189 4845 3275 4908 15,
3306 4858 3354 4899 c.
3391 4842 3458 4896 18
3483 4841 3686 4896 auxilio

2099 4939 2225 4994 erit.
2276 4935 2506 4992 Schedia
2558 4946 2724 5003 prope
2767 4930 2991 4983 Chaereu
3045 4927 3414 4987 mansionem,
3469 4923 3537 4978 de
3579 4938 3684 4990 qua

2097 5021 2227 5075 Itin.
2256 5021 2377 5072 Ant.
2400 5035 2450 5086 p.
2479 5017 2600 5079 154,
2630 5023 2767 5068 erat.
2789 5012 2971 5066 Schol.
3000 5009 3252 5064 Nicandri
3281 5007 3520 5061 Theriac.
3544 5005 3682 5059 6'23:

2099 5105 2291 5176 Σχεδία
2336 5103 2392 5155 δὲ
2435 5101 2588 5164 πόλις
2620 5096 2926 5166 Αἰγύπτου,
2964 5094 3194 5163 πλησίον
3236 5093 3492 5161 Χαιρέου.
3519 5088 3686 5176 ‘Adde

2100 5170 2204 5244 l."'5
2231 5186 2466 5243 Macrob.
2499 5200 2548 5239 c.
2592 5198 2663 5245 Iv,
2709 5181 2799 5246 11,
2833 5179 2922 5233 tibi
2960 5177 3186 5232 Latinus
3219 5177 3486 5244 interpres
3517 5170 3685 5224 Sche—

2100 5275 2243 5327 diam
2275 5273 2458 5326 videre
2494 5283 2600 5322 non
2640 5266 2834 5336 potuit.

2170 5356 2303 5410 Ibid.
2368 5352 2654 5420 Μέτηλις.
2707 5347 2875 5402 Ilecte
2915 5346 2990 5400 L.
3045 5338 3378 5398 Ilolstcinius
3427 5336 3681 5392 correxit.

2098 5441 2298 5495 Aberat
2335 5437 2480 5491 haud
2535 5435 2693 5502 longe
2725 5429 3053 5485 Alexandria
3113 5423 3389 5492 Stephano
3437 5428 3682 5474 auctore.

2100 5523 2312 5579 Nummi
2334 5517 2740 5576 ΜΕἸἩΛΓΓΩΝ
2770 5523 2894 5570 sunt
2928 5511 3070 5580 apud
3109 5506 3438 5562 llarduinum
3471 5502 3680 5558 etVail-

2101 5609 2346 5667 lantiunt,
2381 5620 2446 5660 ac
2468 5603 2755 5672 episcomis
2791 5597 3056 5652 Macarius
3082 5591 3401 5660 Μετιῄιτῶν
3427 5590 3480 5644 in
3510 5587 3684 5657 Ephe-

2101 5693 2220 5745 sino
2247 5688 2480 5743 concilio
2509 5704 2562 5754 p.
2599 5685 2726 5739 551.

2174 5776 2306 5830 Ibid.
2351 5753 2596 5835 Βοῦτος.
2629 5769 2780 5820 llaud
2813 5766 2972 5831 longo
3019 5758 3303 5815 intervallo
3342 5764 3546 5809 semota
3585 5753 3691 5808 fuit.

2108 5863 2174 5915 ab
2214 5860 2354 5914 ostio
2382 5853 2730 5912 Scbcunitico
2758 5890 2770 5913 ,
2807 5849 2988 5899 [ἶςυτὼ
3019 5859 3259 5916 quoque,
3291 5841 3362 5896 uti
3389 5840 3688 5912 Epiphanio
