4170 6460
512 386 655 452 1183

513 497 774 567 tom.Ip.
836 492 998 557 1092,
1033 490 1411 563 Egyptiorum
1472 502 1626 542 more
1682 487 1848 539 dicta.
1881 485 2102 540 'I‘eonas

511 584 798 651 episcopus
820 574 1092 631 Βουτιτῶν
1113 573 1406 630 subscribit
1451 571 1662 643 synodo
1683 569 2102 637 Coustantinop.

514 669 616 723 sub
647 663 930 719 Ceunadio
958 661 1099 730 apud
1153 658 1501 713 Lambeciutn
1535 654 1693 710 Bibl.
1744 653 1969 709 Vindob.
2000 668 2102 709 vut

515 766 570 820 p.
607 748 734 811 1‘25,
784 748 1014 801 Ammon
1053 740 1362 810 Βουτητῶν,
1409 739 1515 797 levi
1570 738 1727 803 vitio,
1786 737 2105 808 Ephesiaua‘:

547 850 585 887 ι.
630 831 757 886 5'51.

527 850 869 969 μϐῗίῖι155.
901 909 1215 965 Κάόασσα.
1249 906 1483 962 Κάδασα
1509 904 1851 971 Ptolemaeus,
1883 913 1935 959 et
1957 904 2087 958 ΚΑο

516 997 812 1052 ΒΑΣΙΤΩΝ
846 992 1075 1050 nummi.
1111 991 1517 1060 Theopomptus
1545 989 1841 1051 Καϐάσων,
1868 1003 1965 1059 pro
1994 1001 2103 1059 quo

519 1097 624 1137 ms.
653 1077 981 1141 Καυάσσων.
1009 1089 1209 1131 nomen
1239 1073 1514 1143 Ephesino
1547 1072 1778 1128 concilio
1805 1088 1858 1143 p.
1903 1070 2002 1126 551
2049 1078 2107 1126 et

514 1162 847 1219 Chalcedon.
884 1177 933 1231 p.
972 1159 1076 1213 127
1110 1157 1386 1225 ascripsit.

586 1243 724 1300 Ibid.
757 1243 921 1310 Σὰϊς.
950 1241 1026 1298 Ita
1052 1242 1223 1297 codex
1252 1236 1656 1310 Lugdunensis.
1690 1237 1938 1293 Nobilem
1963 1237 2107 1291 hanc

518 1327 858 1398 cognominis
883 1326 1027 1380 nomi
1062 1326 1249 1381 urbem
1280 1322 1555 1379 Nicander
1583 1320 1823 1375 Theriac.
1851 1319 1954 1375 567
1974 1319 2107 1373 Σάϊν

515 1409 877 1464 αἰθαλόεσσαν
904 1407 1141 1478 appellat
1174 1446 1189 1471 ,
1217 1409 1306 1462 tibi
1333 1405 1679 1468 scholiastes,
1722 1404 1872 1467 Σάῖς,
1904 1403 2101 1473 inquit,

517 1493 673 1555 πόλις
706 1491 1007 1561 Αἰγύπτου,
1058 1491 1309 1561 γέμουσα
1335 1487 1739 1558 ἱπποποτάμων
1773 1502 1788 1518 ο
1821 1486 2107 1540 αἰθαλόεσ-

518 1593 619 1628 σαν
648 1575 707 1627 δέ
766 1590 954 1644 φησιν.
998 1573 1122 1627 ἐπεὶ
1174 1570 1523 1643 μελανόγειός
1551 1572 1712 1627 ἐστι..
1751 1568 1942 1625 Incola:
1985 1567 2109 1623 Sai-

513 1668 609 1723 tas,
638 1669 700 1712 ut
756 1658 823 1711 ab
854 1656 1096 1724 ejusdem
1134 1655 1371 1710 nominis
1404 1656 1456 1708 in
1499 1653 1730 1708 Thracia
1764 1651 1976 1706 civibus
2020 1651 2106 1705 di-

517 1741 853 1807 tinguantur.
889 1737 1006 1791 Vita
1035 1741 1183 1792 Arati
1218 1738 1269 1791 in
1304 1735 1599 1807 Uranolog.
1638 1734 1844 1808 Petavii
1880 1750 1932 1804 p.
1969 1733 2105 1788 184:

516 1821 633 1875 Καὶ
663 1822 770 1892 γὰρ
801 1821 929 1883 Mi;
950 1821 1101 1883 πόλις
1121 1820 1271 1873 ἐστὶν
1302 1819 1361 1872 ὲν
1387 1819 1601 1891 Θρᾴκῃ,
1630 1817 1725 1871 καὶ
1754 1817 1918 1888 ἑτέρα
1931 1815 2106 1886 ταύτῃ

516 1903 808 1974 ὁμώνυμος
852 1906 909 1958 ὲν
931 1905 1194 1974 Αἰγύπτῳ
1209 1919 1222 1934 ·
1244 1904 1361 1959 ἀλλ’
1382 1904 1490 1958 ἀπὸ
1526 1904 1626 1975 μὲν
1643 1902 1742 1972 τῆς
1766 1904 1824 1955 ὲν
1844 1901 2107 1971 Αἰγύπτῳ

513 1987 567 2040 ol
599 1987 808 2041 πολῖται
834 1986 1030 2041 Σαῗται
1065 1986 1382 2053 καλοῦνται,
1405 1987 1455 2040 οἱ
1472 1986 1530 2040 δὲ
1562 1986 1665 2057 τῆς
1690 1985 1912 2055 Θρᾴκης
1935 1985 2104 2039 Σάῖοι.

586 2068 724 2127 Ibid.
764 2071 1124 2139 Ναύκρατις.
1176 2070 1233 2124 1η
1292 2062 1484 2127 eodem
1523 2077 1645 2131 erat
1687 2084 1869 2133 nomo,
1901 2066 2107 2121 [lumini

518 2152 811 2210 accubans.
848 2155 1037 2210 Esaias
1113 2154 1512 2226 Ναυκρατιτῶν
1558 2153 1763 2225 synodo
1791 2150 2110 2206 Constanti-

529 2254 656 2306 nop.
696 2239 797 2292 sub
845 2237 1128 2293 Gennadio
1162 2238 1305 2307 apud
1341 2237 1692 2293 Lambecium
1723 2232 1861 2290 Bibl.
1903 2233 2106 2290 Caesar.

518 2319 554 2374 8
584 2337 639 2389 p.
674 2321 782 2375 425
813 2320 1162 2390 subscripsit.

591 2404 726 2458 Ibid.
774 2403 1054 2473 Ἀνδρῶν.
1098 2403 1269 2460 Habet
1295 2405 1421 2459 Ant.
1454 2403 1588 2458 Itin.
1632 2418 1683 2470 p.
1725 2404 1846 2458 154.
1881 2401 2109 2458 Carolus

520 2505 550 2542 a
592 2490 652 2542 S.
688 2487 855 2543 Paulo
915 2489 966 2541 in
1024 2488 1307 2543 Athanasii
1366 2488 1433 2541 ad
1491 2486 1898 2542 Anthiochenos
1944 2487 2106 2555 epist.

522 2590 576 2641 p.
612 2571 714 2626 776
747 2574 1150 2626 Andromenatn
1208 2569 1467 2639 appellari
1516 2577 1723 2636 censet,
1759 2585 1951 2626 errore
1978 2569 2111 2624 ridi-

523 2656 668 2710 culo.
733 2654 1107 2711 Memorautur
1165 2654 1294 2709 inibi
1342 2652 1541 2714 Ζὼῖλος
1606 2651 1849 2724 Ἀνδρώ,
1915 2654 2108 2723 Μηνᾶς

523 2738 829 2809 ’Δντίφρων
864 2736 1106 2807 episcopi
1155 2753 1171 2791 :
1226 2738 1350 2792 hinc
1380 2724 1781 2790 Andromenatn
1815 2735 2108 2799 exstruxit,

522 2833 582 2875 ut
622 2821 953 2876 Benedictiui
984 2821 1194 2890 pridem
1227 2827 1575 2875 monuerunt.
1612 2817 1747 2874 Vide
1780 2819 2111 2889 Xetmphon-

519 2914 628 2961 tem
663 2904 858 2972 Ephes.
904 2904 945 2967 l,
983 2903 1072 2958 tt.

594 2987 730 3044 Ibid.
789 2986 1021 3041 Νικίου.
1051 2984 1188 3040 Vide
1219 2986 1342 3038 Aut.
1392 2982 1525 3038 Itin.
1562 3000 1613 3052 p.
1646 2985 1771 3039 155.
1811 2984 2110 3053 Episcopus

523 3071 623 3140 τῆς
677 3069 967 3123 Νικιωτῶν
992 3080 1077 3123 est
1103 3067 1156 3122 itt
1200 3067 1457 3135 synodica
1491 3066 1755 3122 Gennadii
1786 3069 1921 3137 apud
1951 3068 2111 3121 Laut-

522 3152 756 3209 Decium.

596 3237 732 3291 Ibid.
800 3234 961 3301 Ξόῖς.
1001 3234 1142 3291 Urbs
1189 3232 1420 3288 insulam
1473 3233 1525 3288 in
1573 3249 1736 3289 nomo
1784 3233 2112 3304 Sebennyti-

521 3338 589 3378 co
638 3317 1138 3383 ittsidcbat,0rac.
1189 3316 1360 3389 Sibyll
1389 3356 1404 3371 .
1450 3318 1503 3372 l.
1565 3334 1617 3384 ν,
1663 3333 1734 3386 p.
1799 3318 1902 3374 507
1953 3317 2112 3381 Ξοῦῖς

520 3406 663 3460 dicta
692 3419 706 3456 :

527 3501 748 3566 Θμοῦῖς
781 3498 879 3556 καὶ
908 3499 1089 3565 Ξοῦτς
1118 3499 1388 3554 θλίϐεται
1439 3499 1538 3552 καὶ
1577 3500 1857 3553 κόπτεται
1905 3500 2108 3568 ,βούλῃ

533 3570 896 3640 Ἡρακλέους
926 3586 992 3623 τε
1023 3570 1158 3633 Διός
1186 3585 1247 3622 τε
1286 3568 1391 3622 παὶ
1432 3569 1720 3638 Ἑρμείαο.

521 3668 623 3734 Qui
654 3682 864 3733 versus,
899 3666 945 3720 si
982 3667 1035 3720 in
1082 3666 1280 3735 prioris
1317 3665 1422 3720 ﬁne
1473 3666 1659 3720 Βουτὼ
1706 3666 1992 3735 scripseris
2054 3676 2111 3721 et

520 3751 812 3822 posteriori
844 3749 1147 3814 addideris,
1198 3764 1265 3804 ne
1313 3749 1600 3816 claudicet,
1639 3750 1839 3820 πόληες
1867 3788 1883 3812 ,
1919 3749 2112 3804 melius

521 3836 811 3890 decurrent
899 3833 1192 3903 pluresque
1239 3831 1463 3903 Egypti
1510 3832 1973 3902 comprehendent
2014 3847 2102 3886 ur-

519 3924 638 3973 Des.

592 3999 728 4054 Ibid.
760 3999 1100 4067 Φραυύνης.
1134 3999 1420 4065 Φράγωνις
1454 4006 1658 4053 rectum
1684 3998 1896 4053 videtur
1921 4016 1933 4051 :
1962 4008 2113 4055 certe

522 4082 851 4136 Athanasius
878 4081 1044 4150 epist.
1091 4083 1160 4135 ad
1216 4080 1545 4135 Antiochea.
1587 4096 1640 4147 p.
1681 4080 1785 4135 776
1837 4083 2109 4151 Agathom

524 4166 602 4216 ait
646 4162 944 4217 antistitem
997 4161 1334 4232 Φραγώνεως
1369 4163 1461 4215 καὶ
1495 4163 1697 4233 μέρους
1728 4167 1828 4235 τῆς
1883 4165 2109 4235 Ἐλεαρ-

523 4245 647 4316 χίας
675 4246 776 4311 τῆς
827 4244 1107 4314 Αἰγύπτου
1145 4245 1328 4310 fuisse,
1358 4246 1553 4314 quibus
1580 4248 1805 4316 pariter,
1838 4250 1930 4304 ubi
1953 4265 2110 4319 qum-

525 4331 689 4386 reuda
731 4331 837 4394 sit,
891 4330 1166 4384 indicavit.
1218 4329 1275 4383 In
1323 4328 1559 4385 Liberati
1614 4329 1889 4388 Breviario
1942 4349 2005 4388 c.
2043 4334 2109 4388 14

523 4423 897 4468 memorantur
925 4413 1259 4468 Athanasius
1290 4413 1579 4483 episcopus
1624 4413 1866 4471 Busirios
1897 4427 1953 4471 et
1987 4416 2107 4473 Ne-

519 4496 721 4574 storius
793 4495 1139 4566 Phlagoueos
1212 4506 1269 4551 et
1330 4498 1611 4553 Auxonius
1671 4500 2106 4567 Cabasenensis,

520 4595 752 4648 quorum
783 4581 994 4637 medius
1024 4580 1395 4650 Phragoneos,
1421 4582 1646 4637 ultimus
1670 4582 2019 4649 Cabasensis,
2045 4587 2111 4642 de

519 4661 675 4727 cujus
698 4663 832 4719 urbe
861 4673 1009 4730 ante,
1040 4666 1221 4721 verius
1256 4666 1636 4736 appellabitur.
1656 4668 1970 4738 Φραγονέας
1995 4670 2110 4725 sive

520 4745 824 4812 Φλαγονέας
879 4746 1120 4816 (variant
1151 4748 1298 4802 enim
1341 4752 1497 4812 mss.)
1536 4750 1729 4818 prmsul
1760 4749 1934 4807 adluit
1977 4768 2110 4808 con-

521 4828 648 4883 cilio
680 4828 970 4897 Ephesiae.
1004 4831 1125 4887 vide
1153 4848 1209 4902 p.
1242 4831 1349 4888 459
1387 4843 1441 4888 et
1471 4833 1599 4888 550.
2088 4888 2113 4902 ρ

594 4910 726 4967 Ibid.
762 4913 1138 4987 Παχνεμιξης.
1167 4913 1464 4971 Ptolemtco
1525 4917 1925 4987 Παχναμουνὶς,
1945 4920 2113 4974 Atha-

519 4994 679 5049 nasio
718 4995 1094 5065 Παγνεμουνίς
1123 5014 1137 5051 :
1168 4998 1482 5069 episcopum
1515 5000 1658 5055 enim
1691 5001 1744 5055 in
1792 5003 2017 5070 epistola
2041 5004 2108 5057 ad

516 5076 923 5133 Anthiocbeuos
935 5078 1282 5135 Amtnonium
1298 5080 1464 5137 fuisse
1481 5085 1555 5137 ait
1569 5084 1995 5155 Παχνεμουνέως
2016 5085 2109 5139 καὶ

517 5158 616 5213 τοῦ
647 5159 838 5214 λοιποῦ
881 5161 1087 5233 μέρους
1131 5163 1235 5234 τῆς
1273 5164 1592 5236 Ἐλεαρχίας
1623 5182 1638 5220 :
1674 5168 1817 5223 unde
1854 5180 2104 5236 apertum

520 5243 655 5299 mihi
697 5255 784 5300 cst
817 5246 956 5302 hanc
991 5249 1260 5316 superiori
1283 5249 1452 5306 fuisse
1482 5250 1812 5314 vicinam,et
1844 5252 1895 5307 iu
1919 5252 2108 5307 Elear-

521 5329 665 5391 chia,
722 5330 788 5383 de
815 5344 920 5398 qua
953 5333 1321 5400 postmodmu,
1355 5334 1609 5403 positam.
1713 5320 1734 5327 ’

595 5411 728 5465 Ibid.
755 5414 1111 5476 Σεϐόνυτος.
1134 5416 1455 5479 Σεδεννυτὺς
1483 5426 1723 5482 praestat,
1743 5417 1844 5472 sita
1877 5426 1941 5471 ad
1959 5418 2109 5486 ejus-

521 5493 643 5550 dem
674 5496 909 5551 nominis
954 5497 1178 5553 lluvium
1210 5498 1351 5566 apud
1384 5498 1732 5555 Ptolemaeum
1783 5510 1841 5557 et
1870 5500 2104 5571 Stepha-

522 5594 672 5632 tmm.
707 5578 902 5635 l‘aulus
931 5580 1260 5634 Σεϐεννυτοῠ
1309 5583 1609 5639 subscribit
1643 5585 1928 5656 Synodicze
1962 5585 2106 5642 Geu-

522 5663 665 5715 uadii
700 5662 839 5730 apud
871 5663 1220 5719 Lambecium
1254 5665 1319 5720 B.
1362 5666 1499 5721 Cres.
1536 5683 1631 5722 vut
1677 5684 1728 5737 p.
1767 5669 1889 5723 425.

594 5745 726 5796 Ibid.
809 5745 1108 5815 Ὅνουφις.
1156 5747 1435 5820 Stcpltano
1480 5752 1634 5816 πόλις
1676 5754 1775 5807 οὐκ
1805 5754 2102 5822 ἄγνωστος,

511 5821 821 5883 Athanasio
859 5829 1113 5900 Ὅνουφις
1144 5835 1239 5902 τῆς
1276 5833 1495 5905 Λύχνων
1547 5839 1707 5907 epist.
1743 5838 1810 5895 ad
1841 5821 2097 5895 Antioch.

1555 376 1936 439 ADDENDA.
1974 400 2045 411 -
2084 375 2150 435 Ρ.
2193 373 2703 436 WESSELINGII

3657 369 3803 438 11H.

2211 498 2265 551 p.
2318 482 2448 546 776,
2501 483 2643 538 haud
2682 485 2798 540 scio
2850 497 2957 553 qua
3012 481 3082 537 de
3135 497 3318 539 causa.
3358 481 3434 539 De
3482 483 3625 538 'I'ava
3659 484 3799 540 Itin-

2210 565 2341 618 Aut.
2375 582 2428 633 p.
2471 566 2598 620 155.

2278 648 2393 703 Ibid
2418 689 2432 703 .
2481 649 2860 718 Κλεοπάτρα.
2886 649 3229 719 Κλεοπατρὶς
3262 650 3367 704 alia
3418 650 3469 705 in
3536 650 3753 706 Notitia
3787 667 3807 719 ;

2206 746 2369 800 quam
2406 732 2639 787 Carolus
2686 748 2717 787 a
2762 734 2822 788 S.
2866 730 3034 786 Paulo
3073 745 3244 801 prope
3278 729 3626 801 Ilermopoliu
3674 748 3807 801 par-

2209 829 2332 868 vam
2359 813 2526 879 locat,
2566 813 2980 884 indignantibus
3009 823 3067 868 et
3110 813 3262 868 nullo
3310 824 3535 869 auctore
3578 817 3629 870 id
3685 816 3808 870 ﬁeri

2207 898 2652 954 asseverantibus
2699 895 3066 953 Benedictinis
3097 897 3163 949 ad
3194 896 3448 951 tabellam
3473 899 3806 968 geographi-

2206 995 2351 1046 cam,
2383 996 2546 1051 quam
2571 981 2872 1037 Athanasio
2902 979 3250 1035 addiderunt.
3278 980 3463 1049 Neque
3492 997 3624 1038 sane
3653 983 3807 1052 inju-

2208 1062 2288 1116 ria
2314 1076 2330 1115 :
2370 1064 2493 1133 quis
2531 1064 2678 1118 enim
2709 1073 2954 1118 veterum
2980 1064 3128 1117 hunc
3150 1062 3226 1117 illi
3256 1062 3434 1118 locum
3459 1063 3807 1133 assignavit!

2222 1143 2432 1201 Nollem
2462 1154 2648 1202 tamen
2668 1145 3066 1217 Cleopatridem
3091 1145 3292 1201 nullam
3322 1146 3481 1201 aliam
3507 1158 3810 1219 esseatque

2205 1229 2496 1294 Arsinoen,
2538 1238 2686 1285 tanta
2729 1245 2854 1286 cum
2900 1228 3230 1285 conﬁdentia
3271 1228 3661 1287 afﬁrmassent.
3690 1236 3798 1288 Ar-

2206 1312 2399 1366 sinoen
2419 1311 2780 1383 Cleopatridis
2794 1312 3014 1368 nomine
3040 1312 3307 1383 insignem
3333 1311 3521 1379 fuisse,
3543 1313 3806 1371 Straboni

2210 1395 2276 1447 17
2329 1411 2383 1465 p.
2432 1395 2540 1449 804
2575 1396 2919 1452 accredimus
2963 1413 2976 1449 :
3013 1404 3072 1450 at
3118 1410 3183 1450 ea
3237 1398 3308 1451 ab
3348 1396 3450 1452 hac
3522 1400 3805 1467 provincia

2210 1478 2529 1548 longissime
2584 1481 2780 1542 abest,
2837 1480 2978 1533 sinui
3031 1479 3269 1534 Arabico
3326 1481 3593 1549 apposita.
3651 1480 3811 1537 Hane

2210 1577 2344 1617 vero
2374 1577 2497 1616 cum
2532 1560 2754 1617 Notitiaa
2787 1573 3106 1632 agnoscant,
3137 1572 3192 1618 et
3224 1563 3627 1634 Κλεοπατρίδος
3652 1567 3808 1621 anti-

2208 1651 2320 1699 stes
2353 1645 2423 1698 sit
2450 1644 2503 1698 in
2530 1644 2778 1700 Concilio
2806 1645 3002 1715 Ephes.
3045 1660 3100 1714 p.
3142 1646 3267 1710 551,
3326 1647 3811 1719 distinguaturque

2209 1727 2280 1782 ab
2300 1726 2560 1797 episcopo
2585 1728 2643 1782 ὲν
2661 1727 2975 1803 ξΑρσινοττῃ
3000 1727 3054 1782 in
3077 1727 3277 1784 Meletii
3300 1727 3577 1784 Breviario
3597 1747 3649 1802 p.
3675 1733 3806 1796 187,

2209 1810 2352 1865 haud
2386 1825 2518 1866 sane
2548 1810 2787 1865 absurde
2816 1811 3124 1880 Cleopatris
3153 1826 3310 1866 suum
3338 1812 3439 1867 sibi
3467 1814 3642 1869 locum
3675 1825 3807 1870 tue~

2213 1893 2379 1948 bitur.
2434 1891 2591 1949 Dices
2634 1892 2729 1946 τοῦ
2786 1893 3120 1963 Ἀρσινοΐτου
3174 1895 3461 1965 prtesulem
3507 1912 3614 1951 non
3648 1899 3806 1954 urbis

2209 1976 2490 2043 Arsinoes,
2529 1976 2623 2030 sed
2657 1976 2771 2045 agri
2811 1976 2975 2030 vicini
3013 1977 3181 2032 fuisse
3209 1994 3227 2031 :
3280 1978 3421 2032 uttde
3449 1994 3578 2035 vero
3611 1983 3809 2050 proba-

2212 2059 2408 2114 bitur?
2447 2059 2632 2128 Neque
2671 2060 2817 2114 euim
2852 2061 2971 2115 sine
3028 2060 3340 2115 testimonio
3368 2062 3418 2115 in
3472 2062 3575 2117 hoc
3602 2078 3809 2134 genere

2211 2145 2465 2213 cuiquam
2483 2143 2777 2199 credimus.
2800 2144 2953 2198 Addo
2971 2144 3367 2213 superioribus,
3398 2144 3807 2214 CleOpatridem

2213 2228 2268 2282 in
2301 2227 2575 2296 Ephesino
2605 2242 2656 2297 p.
2689 2228 2793 2282 459
2828 2226 2988 2282 Tava:
3018 2235 3072 2282 et
3109 2226 3366 2283 Chalced.
3402 2244 3453 2297 p.
3510 2229 3613 2283 127
3651 2228 3811 2286 Busi-

2210 2311 2335 2374 ridi,
2382 2311 2606 2365 urbibus
2646 2310 2807 2380 hujus
2843 2309 3158 2380 provincia’,
3185 2309 3358 2382 jungi.

2285 2394 2419 2449 Ibid.
2452 2391 2645 2447 Κυνώ.
2679 2391 2804 2448 llaec
2827 2405 2913 2449 est
2940 2395 2972 2465 ἡ
3005 2393 3156 2446 κάτω
3180 2394 3362 2457 Κυνώ,
3402 2411 3431 2447 a
3454 2391 3601 2448 'l‘ava
3626 2395 3699 2449 50
3731 2396 3808 2453 Μ.

2212 2475 2272 2532 Ρ.
2311 2488 2519 2531 remota
2548 2487 2601 2530 et
2623 2475 2801 2529 Busiri
2835 2477 3046 2543 vicina;
3080 2477 3222 2530 ttude
3254 2474 3538 2531 Ilerma'ou
3563 2478 3621 2531 ὲν
3636 2478 3815 2548 Κυνῷ

2217 2562 2313 2615 καὶ
2363 2560 2584 2631 Βούσιρι
2630 2560 2862 2614 antistes
2895 2560 2948 2614 itt
3002 2558 3203 2615 Melctii
3248 2559 3526 2615 Breviario
3570 2578 3625 2633 p.
3675 2563 3808 2618 188.

2215 2646 2345 2699 Vide
2371 2645 2564 2697 Anton.
2596 2644 2730 2697 Itin.
2766 2660 2816 2714 p.
2859 2644 2981 2698 155.

2281 2742 2419 2797 Ibid.
2459 2742 2796 2810 Βουσίρης.
2853 2740 3083 2795 Praestat
3133 2743 3403 2808 Βούσιρις.
3465 2742 3714 2795 Zonaras
3770 2761 3803 2797 ιι

2212 2826 2549 2881 Diocletiano
2612 2841 2863 2881 eversam
2951 2838 3009 2879 et
3060 2825 3562 2893 imprmientissime
3600 2823 3811 2882 Thebis

2211 2908 2479 2980 Egyptiis
2531 2909 2764 2962 vicinam
2823 2907 3023 2962 tradit:
3062 2916 3183 2959 erat
3238 2908 3383 2969 enim
3435 2910 3579 2962 intra
3626 2908 3806 2963 Delta.

2213 2990 2369 3044 Paria
2396 2992 2462 3046 dc
2496 2991 2828 3046 Diocletiano
2874 2991 3009 3045 Acta
3048 2990 3106 3045 S.
3150 2989 3398 3059 Procopii
3433 3009 3483 3045 (ι.
3534 2992 3556 3044 1
3599 3003 3734 3045 tom.
3765 2992 3810 3047 ll

2209 3072 2316 3127 Jul.
2353 3089 2404 3142 p.
2441 3075 2528 3129 55.
2570 3074 2633 3127 Ει
2686 3075 2853 3128 libros
2911 3074 3211 3137 chemicos,
3272 3088 3338 3127 ne
3378 3073 3617 3145 Egyptii
3646 3076 3809 3140 artis,

2215 3157 2399 3212 tnultis
2422 3157 2919 3223 desideratissima‘,
2941 3157 3145 3211 auxilio
3162 3172 3284 3212 sese
3306 3156 3717 3224 locupletarcut,
3739 3160 3812 3213 ab

2209 3241 2399 3296 eodem
2429 3251 2651 3296 exustos
2688 3240 2954 3305 referunt,
2994 3241 3153 3310 plane
3211 3242 3278 3295 ειςι
3323 3241 3509 3296 Suidtc
3567 3253 3810 3299 tuentem

2213 3324 2264 3377 in
2287 3323 2686 3395 Διοκλητιανός.
2702 3323 2816 3380 Jos.
2835 3334 3012 3380 tautcu
3032 3324 3497 3392 l’iuius,Actorum
3516 3326 3811 3393 interpres,

2213 3406 2428 3462 Busirin
2471 3410 2660 3463 urbem
2708 3411 2890 3463 videre
2922 3410 3113 3474 noluit,
3145 3425 3268 3465 cum
3313 3410 3583 3481 προσῆλθε
3611 3410 3665 3463 δὲ
3710 3412 3811 3464 καὶ

2215 3494 2377 3563 μέχρι
2397 3492 2701 3563 Βουσίρεως
2755 3493 2825 3546 ad
2880 3492 3145 3547 Busiridis
3203 3510 3365 3563 usque
3414 3495 3808 3547 immanitatem

2208 3577 2458 3644 processit
2488 3577 2666 3630 vertit.
2689 3576 3022 3630 Athanasius
3048 3577 3100 3630 in
3136 3575 3254 3630 Vita
3281 3577 3564 3631 Antoniic.
3582 3577 3651 3632 58
3673 3578 3810 3630 Βού-

2213 3682 2356 3736 σιριν
2382 3662 2480 3734 τὴν
2526 3662 2777 3734 τρίπολιν
2809 3663 2997 3729 habet,
3039 3679 3201 3731 quam
3233 3673 3475 3717 nostram
3512 3677 3635 3717 esse
3668 3664 3805 3716 Acta

2209 3747 2701 3811 Cltalccdonensia,
2753 3747 2947 3815 quibus
2973 3745 3305 3800 Athanasius
3335 3745 3563 3800 antistes
3602 3746 3802 3799 Βουσε-

2214 3849 2355 3901 ρεως
2394 3831 2697 3901 τριπόλεως
2743 3829 2864 3883 κατ’
2893 3830 3168 3898 Αἴγυπτον
3192 3844 3246 3898 p.
3304 3828 3407 3883 188
3459 3828 3758 3884 subscribit
3786 3870 3804 3895 ,

2212 3915 2463 3969 dubitare
2507 3922 2708 3968 vetant.

2283 3999 2664 4064 ΙΙ›ἰιΙ.”Ωαοίς.
2690 3998 2902 4061 ’οασις.
2922 3996 3014 4051 Est
3040 4006 3219 4050 autem
3253 4012 3416 4065 parva
3444 3995 3600 4050 Oasis
3627 4014 3641 4049 :
3671 3996 3808 4051 duas

2211 4084 2357 4137 enim
2383 4070 2704 4137 l’toletnteus
2724 4094 2778 4135 et
2805 4080 3013 4134 Notitia
3045 4082 3171 4147 imp.
3207 4079 3412 4134 Orient.
3437 4095 3488 4133 c.
3519 4081 3621 4134 115
3641 4090 3808 4148 atque

2213 4165 2303 4220 alii
2332 4174 2555 4229 norunt.
2596 4176 2705 4220 trcs
2734 4165 2932 4219 Strabo
2978 4162 3039 4217 l7
3073 4179 3126 4232 p.
3154 4162 3259 4217 815
3287 4173 3341 4216 et
3387 4162 3808 4233 Olympiudorus

2210 4252 2354 4317 apud
2405 4247 2653 4303 Pltetiutn
2698 4249 2820 4302 cod.
2861 4248 2931 4301 80
2967 4263 3019 4315 p.
3060 4246 3185 4301 191.
3225 4244 3348 4300 llaec
3383 4247 3528 4300 circa
3564 4245 3809 4301 Mmridis

2214 4334 2314 4387 fuit
2338 4334 2512 4388 lacum
2549 4333 2821 4388 :lortasse
2852 4332 3044 4385 eadem
3070 4345 3233 4398 quam
3262 4329 3537 4383 Palladius
3570 4330 3623 4383 in
3673 4328 3799 4383 Vita

2211 4416 2573 4487 Cltrysostomi
2604 4432 2658 4485 p.
2696 4416 2821 4479 195,
2884 4416 3078 4468 Ὄασιν
3111 4413 3210 4483 τὴν
3240 4413 3456 4480 γείτονα
3491 4412 3600 4466 τῶν
3637 4412 3809 4476 Μαξί-

2212 4518 2343 4565 κων,
2381 4509 2434 4554 ct
2458 4498 2694 4554 Joannes
2727 4497 2985 4554 Romanae
3017 4498 3278 4553 Ecclesia:
3307 4497 3569 4551 diaconos
3599 4495 3805 4551 inl’itis

2201 4583 2432 4655 Patrum
2480 4596 2529 4636 c.
2587 4581 2652 4634 12
2702 4580 2897 4645 Οιηδα,
2959 4581 3049 4635 ubi
3094 4597 3258 4650 genus
3310 4591 3387 4635 est
3442 4579 3804 4648 Nazicorum,

2211 4664 2484 4735 appellant
2519 4683 2533 4719 :
2576 4666 2829 4736 Mazyccs
2860 4664 3057 4734 quippe
3096 4664 3478 4719 Marmaricam
3516 4666 3645 4719 huic
3675 4680 3810 4719 cono

2212 4750 2375 4803 linem
2420 4748 2777 4811 incolebant,
2824 4745 3253 4819 Pentapolitanis
3295 4763 3439 4817 smpe
3493 4747 3696 4811 infesti,
3747 4759 3809 4803 ut

2211 4832 2450 4888 diximus
2473 4834 2623 4887 alibi.
2653 4832 2925 4903 Juscphus
2962 4835 3013 4887 in
3056 4833 3284 4900 Appian.
3335 4851 3399 4891 tt.
3446 4834 3480 4888 5
3527 4834 3587 4886 ὲν
3620 4834 3806 4887 Ὀάσει

2211 4919 2310 4989 τῆς
2344 4918 2621 4985 Αἰγύπτου
2678 4920 2941 4987 Apiouctu
2976 4917 3144 4973 fuisse
3182 4929 3366 4970 natuu.
3418 4918 3675 4983 allirmat,
3712 4920 3805 4986 qui

2211 5016 2334 5056 cum
2367 5017 2487 5070 cap.
2518 5002 2551 5055 «1
2603 5003 2854 5056 euuulcm
2896 5004 2955 5055 ὲν
3007 5000 3087 5071 τῷ
3138 5001 3428 5071 βαθυτάτῳ
3482 5002 3581 5071 τῆς
3634 5002 3805 5069 Αἰγύ-

2211 5096 2350 5138 πτου
2408 5086 2614 5141 cditttm
2671 5084 2982 5155 profitetur,
3040 5086 3183 5139 hanc
3222 5101 3290 5138 an
3329 5084 3591 5155 majorem
3638 5084 3806 5141 Oasiu

2211 5170 2543 5225 intellexerit
2576 5169 2843 5223 inecrtmn
2875 5169 3115 5239 reliquit.
3146 5168 3339 5222 Mirum
3376 5179 3559 5223 autem
3587 5179 3671 5223 est
3695 5169 3810 5222 Ma-

2212 5265 2397 5310 reoten
2435 5268 2655 5307 nonnum
2716 5253 2784 5306 ab
2838 5250 3089 5308 Ilierocle
3134 5255 3423 5321 praeteriri,
3467 5268 3629 5323 quem
3686 5253 3810 5310 alia:

2214 5337 2438 5392 Nomia:
2471 5346 2525 5389 ct
2553 5335 2916 5390 Couciliorum
2946 5335 3080 5388 Acta
3104 5349 3247 5405 Stepe
3272 5347 3596 5390 memorant.
3616 5334 3812 5391 Obiter

2211 5420 2521 5474 notabimus
2554 5418 2840 5472 ridiculum
2858 5417 3106 5473 Corderii
3133 5434 3398 5483 errorem,
3427 5418 3543 5473 hate
3579 5416 3810 5474 Joannis

2212 5502 2493 5567 Philopoui
2522 5500 2561 5556 Ι.
2600 5502 2635 5555 5
2664 5501 2731 5557 de
2756 5500 2810 5554 Μ
2819 5500 2949 5555 undi
2978 5501 3160 5559 Great.
3189 5518 3241 5558 c.
3270 5518 3324 5556 v.
3356 5500 3643 5571 Ἐλλειπής
3669 5518 3810 5554 ποτε

2210 5585 2304 5639 τοῦ
2343 5584 2538 5639 Νείλου
2572 5585 2797 5652 γέγονεν
2822 5585 2854 5655 ἡ
2882 5584 3139 5648 ἐπίϐασις
3165 5627 3178 5651 ,
3223 5585 3319 5639 καὶ
3360 5585 3458 5655 τῆς
3485 5584 3685 5654 λίμνης
3706 5587 3808 5653 τῆς

2213 5669 2552 5737 καλουμένης
2589 5669 2809 5738 Μαρίας
2842 5667 3005 5738 βάθος
3028 5668 3128 5722 οὐκ
3154 5670 3386 5740 ἐχούσης
3410 5670 3546 5723 πολὺ
3585 5669 3675 5722 διὰ
3706 5669 3805 5740 τὴν

2212 5753 2306 5807 τοῦ
2337 5752 2527 5816 ὓδατος
2568 5752 2797 5819 ἔνδειαν,
2839 5754 3122 5817 vertentis,
3152 5754 3382 5824 Contigit
3419 5754 3709 5825 aliquando
3752 5768 3807 5807 ut

2218 5835 2334 5892 Nili
2362 5853 2612 5912 caecitatis
2637 5847 2770 5895 esset
2808 5836 3093 5909 pertenuis,
3141 5847 3189 5893 ct
3219 5853 3337 5893 cum
3367 5838 3541 5905 lucus,
3577 5837 3806 5908 Μαρὶας
