  <div class='ocr_page' id='page_1' title='image "/cluster/home/n/w/nwhite01/storage/ocr_20150623/113:no.2/coo.31924054870179/604.png"; bbox 0 0 4170 6436; ppageno 0'>
   <div class='ocr_carea' id='block_1_1' title="bbox 329 328 469 395">
    <p class='ocr_par' dir='ltr' id='par_1_1' title="bbox 329 328 469 395">
     <span class='ocr_line' id='line_1_1' title="bbox 329 328 469 395; baseline -0.014 0"><span class='ocrx_word' id='word_1_1' title='bbox 329 328 469 395; x_wconf 82' lang='grc'><strong>1185</strong></span> 
     </span>
    </p>
   </div>
   <div class='ocr_carea' id='block_1_2' title="bbox 329 445 1907 520">
    <p class='ocr_par' dir='ltr' id='par_1_2' title="bbox 329 445 1907 520">
     <span class='ocr_line' id='line_1_2' title="bbox 329 445 1907 520; baseline -0.002 -18"><span class='ocrx_word' id='word_1_2' title='bbox 329 445 493 520; x_wconf 80' lang='grc' dir='ltr'>βάθος</span> <span class='ocrx_word' id='word_1_3' title='bbox 526 445 849 516; x_wconf 77' lang='lat' dir='ltr'><strong>appellatus,</strong></span> <span class='ocrx_word' id='word_1_4' title='bbox 906 447 1154 518; x_wconf 77' lang='lat' dir='ltr'><strong>deﬁceret</strong></span> <span class='ocrx_word' id='word_1_5' title='bbox 1188 460 1403 520; x_wconf 82' lang='lat' dir='ltr'><strong>propter</strong></span> <span class='ocrx_word' id='word_1_6' title='bbox 1436 463 1588 517; x_wconf 77' lang='lat' dir='ltr'><strong>aqua:</strong></span> <span class='ocrx_word' id='word_1_7' title='bbox 1610 446 1907 516; x_wconf 77' lang='lat' dir='ltr'><strong>penuriam.</strong></span> 
     </span>
    </p>
   </div>
   <div class='ocr_carea' id='block_1_3' title="bbox 325 531 1910 604">
    <p class='ocr_par' dir='ltr' id='par_1_3' title="bbox 325 531 1910 604">
     <span class='ocr_line' id='line_1_3' title="bbox 325 531 1910 604; baseline -0.003 -15"><span class='ocrx_word' id='word_1_8' title='bbox 325 531 538 590; x_wconf 80' lang='lat' dir='ltr'><strong>Fefellit</strong></span> <span class='ocrx_word' id='word_1_9' title='bbox 562 532 843 588; x_wconf 80' lang='lat' dir='ltr'><strong>hominem</strong></span> <span class='ocrx_word' id='word_1_10' title='bbox 870 535 1151 590; x_wconf 67' lang='lat' dir='ltr'><strong>distinctio</strong></span> <span class='ocrx_word' id='word_1_11' title='bbox 1180 536 1320 589; x_wconf 88' lang='lat' dir='ltr'><strong>male</strong></span> <span class='ocrx_word' id='word_1_12' title='bbox 1348 537 1521 604; x_wconf 60' lang='lat' dir='ltr'><strong>posita</strong></span> <span class='ocrx_word' id='word_1_13' title='bbox 1556 552 1569 588; x_wconf 92' lang='lat'><strong>:</strong></span> <span class='ocrx_word' id='word_1_14' title='bbox 1613 534 1910 594; x_wconf 87' lang='lat' dir='ltr'><strong>debuerat,</strong></span> 
     </span>
    </p>
   </div>
   <div class='ocr_carea' id='block_1_4' title="bbox 325 614 1911 686">
    <p class='ocr_par' dir='ltr' id='par_1_4' title="bbox 325 614 1911 686">
     <span class='ocr_line' id='line_1_4' title="bbox 325 614 1911 686; baseline -0.001 -17"><span class='ocrx_word' id='word_1_15' title='bbox 325 634 444 672; x_wconf 83' lang='lat' dir='ltr'><strong>cum</strong></span> <span class='ocrx_word' id='word_1_16' title='bbox 476 618 648 683; x_wconf 81' lang='lat' dir='ltr'><strong>lacus,</strong></span> <span class='ocrx_word' id='word_1_17' title='bbox 691 614 874 671; x_wconf 71' lang='grc' dir='ltr'>Πανία</span> <span class='ocrx_word' id='word_1_18' title='bbox 912 618 1108 682; x_wconf 76' lang='lat' dir='ltr'><strong>dictus,</strong></span> <span class='ocrx_word' id='word_1_19' title='bbox 1139 617 1436 686; x_wconf 78' lang='lat' dir='ltr'><strong>profundus</strong></span> <span class='ocrx_word' id='word_1_20' title='bbox 1477 632 1581 670; x_wconf 87' lang='lat' dir='ltr'><strong>non</strong></span> <span class='ocrx_word' id='word_1_21' title='bbox 1619 623 1774 669; x_wconf 77' lang='lat' dir='ltr'><strong>esset.</strong></span> <span class='ocrx_word' id='word_1_22' title='bbox 1809 614 1911 669; x_wconf 88' lang='lat' dir='ltr'><strong>Pa-</strong></span> 
     </span>
    </p>
   </div>
   <div class='ocr_carea' id='block_1_5' title="bbox 327 697 1919 769">
    <p class='ocr_par' dir='ltr' id='par_1_5' title="bbox 327 697 1919 769">
     <span class='ocr_line' id='line_1_5' title="bbox 327 697 1919 769; baseline 0.001 -17"><span class='ocrx_word' id='word_1_23' title='bbox 327 700 475 754; x_wconf 88' lang='lat' dir='ltr'><strong>tebat</strong></span> <span class='ocrx_word' id='word_1_24' title='bbox 506 699 674 765; x_wconf 83' lang='lat' dir='ltr'><strong>lacus,</strong></span> <span class='ocrx_word' id='word_1_25' title='bbox 704 714 866 768; x_wconf 82' lang='lat' dir='ltr'><strong>supra</strong></span> <span class='ocrx_word' id='word_1_26' title='bbox 893 715 1051 769; x_wconf 82' lang='lat' dir='ltr'><strong>quem</strong></span> <span class='ocrx_word' id='word_1_27' title='bbox 1076 698 1277 764; x_wconf 83' lang='lat' dir='ltr'><strong>Nitria,</strong></span> <span class='ocrx_word' id='word_1_28' title='bbox 1308 698 1592 755; x_wconf 82' lang='lat' dir='ltr'><strong>monachis</strong></span> <span class='ocrx_word' id='word_1_29' title='bbox 1619 698 1748 753; x_wconf 92' lang='lat' dir='ltr'><strong>olim</strong></span> <span class='ocrx_word' id='word_1_30' title='bbox 1772 697 1919 754; x_wconf 86' lang='lat' dir='ltr'><strong>cele-</strong></span> 
     </span>
    </p>
   </div>
   <div class='ocr_carea' id='block_1_6' title="bbox 326 779 1915 854">
    <p class='ocr_par' dir='ltr' id='par_1_6' title="bbox 326 779 1915 854">
     <span class='ocr_line' id='line_1_6' title="bbox 326 779 1915 854; baseline -0.001 -17"><span class='ocrx_word' id='word_1_31' title='bbox 326 781 598 847; x_wconf 87' lang='lat' dir='ltr'><strong>berrima,</strong></span> <span class='ocrx_word' id='word_1_32' title='bbox 631 796 754 836; x_wconf 86' lang='lat' dir='ltr'><strong>sese</strong></span> <span class='ocrx_word' id='word_1_33' title='bbox 786 782 1127 854; x_wconf 87' lang='lat' dir='ltr'><strong>porrigebat,</strong></span> <span class='ocrx_word' id='word_1_34' title='bbox 1161 781 1230 836; x_wconf 83' lang='lat' dir='ltr'><strong>M.</strong></span> <span class='ocrx_word' id='word_1_35' title='bbox 1271 781 1331 836; x_wconf 85' lang='lat' dir='ltr'><strong>P.</strong></span> <span class='ocrx_word' id='word_1_36' title='bbox 1388 781 1457 837; x_wconf 86' lang='lat'><strong>70</strong></span> <span class='ocrx_word' id='word_1_37' title='bbox 1482 823 1499 846; x_wconf 92' lang='lat'><strong>,</strong></span> <span class='ocrx_word' id='word_1_38' title='bbox 1547 782 1592 836; x_wconf 88' lang='lat' dir='ltr'><strong>si</strong></span> <span class='ocrx_word' id='word_1_39' title='bbox 1638 779 1915 835; x_wconf 87' lang='lat' dir='ltr'><strong>Palladius</strong></span> 
     </span>
    </p>
   </div>
   <div class='ocr_carea' id='block_1_7' title="bbox 330 863 1917 921">
    <p class='ocr_par' dir='ltr' id='par_1_7' title="bbox 330 863 1917 921">
     <span class='ocr_line' id='line_1_7' title="bbox 330 863 1917 921; baseline 0 -4"><span class='ocrx_word' id='word_1_40' title='bbox 330 864 535 919; x_wconf 76' lang='lat' dir='ltr'><strong>Hister.</strong></span> <span class='ocrx_word' id='word_1_41' title='bbox 575 863 856 920; x_wconf 71' lang='lat' dir='ltr'><strong>Lamiam:</strong></span> <span class='ocrx_word' id='word_1_42' title='bbox 881 882 931 920; x_wconf 92' lang='lat' dir='ltr'><strong>c.</strong></span> <span class='ocrx_word' id='word_1_43' title='bbox 964 881 1017 920; x_wconf 78' lang='lat' dir='ltr'><strong>Ix</strong></span> <span class='ocrx_word' id='word_1_44' title='bbox 1050 880 1159 921; x_wconf 92' lang='lat' dir='ltr'><strong>non</strong></span> <span class='ocrx_word' id='word_1_45' title='bbox 1200 866 1340 920; x_wconf 85' lang='lat' dir='ltr'><strong>Iallit</strong></span> <span class='ocrx_word' id='word_1_46' title='bbox 1376 883 1391 919; x_wconf 90' lang='lat'><strong>:</strong></span> <span class='ocrx_word' id='word_1_47' title='bbox 1444 881 1572 920; x_wconf 87' lang='lat' dir='ltr'><strong>nam</strong></span> <span class='ocrx_word' id='word_1_48' title='bbox 1619 865 1776 920; x_wconf 85' lang='lat' dir='ltr'><strong>aliter</strong></span> <span class='ocrx_word' id='word_1_49' title='bbox 1804 864 1917 918; x_wconf 88' lang='lat' dir='ltr'><strong>Pli-</strong></span> 
     </span>
    </p>
   </div>
   <div class='ocr_carea' id='block_1_8' title="bbox 329 947 1916 1020">
    <p class='ocr_par' dir='ltr' id='par_1_8' title="bbox 329 947 1916 1020">
     <span class='ocr_line' id='line_1_8' title="bbox 329 947 1916 1020; baseline -0.001 -18"><span class='ocrx_word' id='word_1_50' title='bbox 329 950 453 1003; x_wconf 89' lang='lat' dir='ltr'><strong>nius</strong></span> <span class='ocrx_word' id='word_1_51' title='bbox 486 947 561 1001; x_wconf 87' lang='grc' dir='ltr'><strong>Ν.</strong></span> <span class='ocrx_word' id='word_1_52' title='bbox 623 948 695 1003; x_wconf 89' lang='grc' dir='ltr'><strong>Η.</strong></span> <span class='ocrx_word' id='word_1_53' title='bbox 726 965 782 1013; x_wconf 88' lang='lat' dir='ltr'><strong>v.</strong></span> <span class='ocrx_word' id='word_1_54' title='bbox 828 950 917 1004; x_wconf 88' lang='grc'><strong>10.</strong></span> <span class='ocrx_word' id='word_1_55' title='bbox 945 948 1099 1003; x_wconf 91' lang='lat' dir='ltr'><strong>Adde</strong></span> <span class='ocrx_word' id='word_1_56' title='bbox 1151 950 1442 1020; x_wconf 82' lang='lat' dir='ltr'><strong>Evagrium</strong></span> <span class='ocrx_word' id='word_1_57' title='bbox 1497 958 1632 1003; x_wconf 89' lang='lat' dir='ltr'><strong>tom.</strong></span> <span class='ocrx_word' id='word_1_58' title='bbox 1687 947 1754 1003; x_wconf 92' lang='grc'><strong>111</strong></span> <span class='ocrx_word' id='word_1_59' title='bbox 1796 947 1916 1001; x_wconf 85' lang='grc' dir='ltr'><strong>Μο-</strong></span> 
     </span>
    </p>
   </div>
   <div class='ocr_carea' id='block_1_9' title="bbox 326 1030 1910 1101">
    <p class='ocr_par' dir='ltr' id='par_1_9' title="bbox 326 1030 1910 1101">
     <span class='ocr_line' id='line_1_9' title="bbox 326 1030 1910 1101; baseline 0 -18"><span class='ocrx_word' id='word_1_60' title='bbox 326 1042 565 1087; x_wconf 78' lang='grc' dir='ltr'>ιιιιιηεηι.</span> <span class='ocrx_word' id='word_1_61' title='bbox 600 1030 853 1087; x_wconf 85' lang='lat' dir='ltr'><strong>Cotelerii</strong></span> <span class='ocrx_word' id='word_1_62' title='bbox 905 1048 957 1101; x_wconf 92' lang='lat' dir='ltr'><strong>p.</strong></span> <span class='ocrx_word' id='word_1_63' title='bbox 1018 1032 1116 1086; x_wconf 77' lang='grc'><strong>101</strong></span> <span class='ocrx_word' id='word_1_64' title='bbox 1149 1042 1204 1088; x_wconf 92' lang='lat' dir='ltr'><strong>et</strong></span> <span class='ocrx_word' id='word_1_65' title='bbox 1241 1032 1522 1088; x_wconf 84' lang='lat' dir='ltr'><strong>Philonem</strong></span> <span class='ocrx_word' id='word_1_66' title='bbox 1572 1033 1626 1086; x_wconf 90' lang='lat' dir='ltr'><strong>in</strong></span> <span class='ocrx_word' id='word_1_67' title='bbox 1658 1031 1910 1086; x_wconf 86' lang='lat' dir='ltr'><strong>Flaccum</strong></span> 
     </span>
    </p>
   </div>
   <div class='ocr_carea' id='block_1_10' title="bbox 325 1114 1053 1187">
    <p class='ocr_par' dir='ltr' id='par_1_10' title="bbox 325 1114 1053 1187">
     <span class='ocr_line' id='line_1_10' title="bbox 325 1114 1053 1187; baseline 0.001 -18"><span class='ocrx_word' id='word_1_68' title='bbox 325 1130 379 1184; x_wconf 91' lang='lat' dir='ltr'><strong>p.</strong></span> <span class='ocrx_word' id='word_1_69' title='bbox 433 1114 560 1169; x_wconf 87' lang='grc'><strong>971.</strong></span> <span class='ocrx_word' id='word_1_70' title='bbox 1037 1179 1053 1187; x_wconf 38' lang='grc' dir='ltr'>ν</span> 
     </span>
    </p>
   </div>
   <div class='ocr_carea' id='block_1_11' title="bbox 394 1197 1912 1268">
    <p class='ocr_par' dir='ltr' id='par_1_11' title="bbox 394 1197 1912 1268">
     <span class='ocr_line' id='line_1_11' title="bbox 394 1197 1912 1268; baseline -0.001 -15"><span class='ocrx_word' id='word_1_71' title='bbox 394 1198 512 1253; x_wconf 92' lang='lat' dir='ltr'><strong>Col.</strong></span> <span class='ocrx_word' id='word_1_72' title='bbox 533 1197 658 1253; x_wconf 77' lang='lat' dir='ltr'><strong>l53.</strong></span> <span class='ocrx_word' id='word_1_73' title='bbox 672 1197 1014 1268; x_wconf 75' lang='grc' dir='ltr'>Ἐλεαρχία.</span> <span class='ocrx_word' id='word_1_74' title='bbox 1030 1197 1339 1255; x_wconf 66' lang='lat' dir='ltr'><strong>Provinciae</strong></span> <span class='ocrx_word' id='word_1_75' title='bbox 1353 1207 1444 1253; x_wconf 91' lang='lat' dir='ltr'><strong>aut</strong></span> <span class='ocrx_word' id='word_1_76' title='bbox 1458 1197 1700 1264; x_wconf 73' lang='lat' dir='ltr'><strong>regionis</strong></span> <span class='ocrx_word' id='word_1_77' title='bbox 1717 1212 1912 1251; x_wconf 82' lang='lat' dir='ltr'><strong>nomen</strong></span> 
     </span>
    </p>
   </div>
   <div class='ocr_carea' id='block_1_12' title="bbox 300 1278 1914 1353">
    <p class='ocr_par' dir='ltr' id='par_1_12' title="bbox 300 1278 1914 1353">
     <span class='ocr_line' id='line_1_12' title="bbox 300 1278 1914 1353; baseline -0.001 -21"><span class='ocrx_word' id='word_1_78' title='bbox 300 1289 428 1346; x_wconf 46' lang='lat' dir='ltr'><strong>test,</strong></span> <span class='ocrx_word' id='word_1_79' title='bbox 468 1284 567 1335; x_wconf 87' lang='lat' dir='ltr'><strong>etsi</strong></span> <span class='ocrx_word' id='word_1_80' title='bbox 630 1280 778 1336; x_wconf 70' lang='lat' dir='ltr'><strong>Isaac</strong></span> <span class='ocrx_word' id='word_1_81' title='bbox 846 1281 1164 1353; x_wconf 86' lang='grc' dir='ltr'>Ἐλεαρχίας</span> <span class='ocrx_word' id='word_1_82' title='bbox 1241 1283 1293 1336; x_wconf 91' lang='lat' dir='ltr'><strong>in</strong></span> <span class='ocrx_word' id='word_1_83' title='bbox 1357 1281 1590 1336; x_wconf 81' lang='lat' dir='ltr'><strong>cancilio</strong></span> <span class='ocrx_word' id='word_1_84' title='bbox 1642 1278 1914 1347; x_wconf 83' lang='lat' dir='ltr'><strong>Ephesiuo</strong></span> 
     </span>
    </p>
   </div>
   <div class='ocr_carea' id='block_1_13' title="bbox 323 1363 1911 1435">
    <p class='ocr_par' dir='ltr' id='par_1_13' title="bbox 323 1363 1911 1435">
     <span class='ocr_line' id='line_1_13' title="bbox 323 1363 1911 1435; baseline -0.001 -16"><span class='ocrx_word' id='word_1_85' title='bbox 323 1378 378 1432; x_wconf 70' lang='grc' dir='ltr'><strong>ιι.</strong></span> <span class='ocrx_word' id='word_1_86' title='bbox 423 1363 528 1418; x_wconf 65' lang='grc'><strong>139</strong></span> <span class='ocrx_word' id='word_1_87' title='bbox 565 1376 619 1418; x_wconf 91' lang='lat' dir='ltr'><strong>et</strong></span> <span class='ocrx_word' id='word_1_88' title='bbox 643 1363 975 1421; x_wconf 83' lang='lat' dir='ltr'><strong>Chalcedon.</strong></span> <span class='ocrx_word' id='word_1_89' title='bbox 1010 1381 1063 1435; x_wconf 90' lang='lat' dir='ltr'><strong>p.</strong></span> <span class='ocrx_word' id='word_1_90' title='bbox 1102 1366 1203 1421; x_wconf 98' lang='grc'><strong>127</strong></span> <span class='ocrx_word' id='word_1_91' title='bbox 1236 1373 1570 1421; x_wconf 87' lang='lat' dir='ltr'><strong>memoretur</strong></span> <span class='ocrx_word' id='word_1_92' title='bbox 1608 1382 1622 1420; x_wconf 90' lang='lat'><strong>:</strong></span> <span class='ocrx_word' id='word_1_93' title='bbox 1653 1364 1743 1418; x_wconf 91' lang='lat' dir='ltr'><strong>ille</strong></span> <span class='ocrx_word' id='word_1_94' title='bbox 1767 1364 1911 1418; x_wconf 85' lang='lat' dir='ltr'><strong>enim</strong></span> 
     </span>
    </p>
   </div>
   <div class='ocr_carea' id='block_1_14' title="bbox 328 1448 1911 1521">
    <p class='ocr_par' dir='ltr' id='par_1_14' title="bbox 328 1448 1911 1521">
     <span class='ocr_line' id='line_1_14' title="bbox 328 1448 1911 1521; baseline 0.003 -23"><span class='ocrx_word' id='word_1_95' title='bbox 328 1456 423 1501; x_wconf 87' lang='lat' dir='ltr'><strong>aut</strong></span> <span class='ocrx_word' id='word_1_96' title='bbox 461 1448 864 1504; x_wconf 87' lang='lat' dir='ltr'><strong>Pachnemunis</strong></span> <span class='ocrx_word' id='word_1_97' title='bbox 898 1458 994 1503; x_wconf 90' lang='lat' dir='ltr'><strong>aut</strong></span> <span class='ocrx_word' id='word_1_98' title='bbox 1029 1448 1353 1521; x_wconf 86' lang='lat' dir='ltr'><strong>Phragonis,</strong></span> <span class='ocrx_word' id='word_1_99' title='bbox 1409 1463 1529 1519; x_wconf 71' lang='lat' dir='ltr'><strong>qua:</strong></span> <span class='ocrx_word' id='word_1_100' title='bbox 1575 1458 1807 1519; x_wconf 87' lang='lat' dir='ltr'><strong>utraque</strong></span> <span class='ocrx_word' id='word_1_101' title='bbox 1860 1449 1911 1503; x_wconf 91' lang='lat' dir='ltr'><strong>in</strong></span> 
     </span>
    </p>
   </div>
   <div class='ocr_carea' id='block_1_15' title="bbox 324 1531 1912 1604">
    <p class='ocr_par' dir='ltr' id='par_1_15' title="bbox 324 1531 1912 1604">
     <span class='ocr_line' id='line_1_15' title="bbox 324 1531 1912 1604; baseline 0.001 -17"><span class='ocrx_word' id='word_1_102' title='bbox 324 1531 612 1587; x_wconf 87' lang='lat' dir='ltr'><strong>Elearchia</strong></span> <span class='ocrx_word' id='word_1_103' title='bbox 641 1537 826 1588; x_wconf 88' lang='lat' dir='ltr'><strong>sedem</strong></span> <span class='ocrx_word' id='word_1_104' title='bbox 856 1534 1070 1602; x_wconf 86' lang='lat' dir='ltr'><strong>habuit,</strong></span> <span class='ocrx_word' id='word_1_105' title='bbox 1116 1535 1348 1589; x_wconf 85' lang='lat' dir='ltr'><strong>antistes</strong></span> <span class='ocrx_word' id='word_1_106' title='bbox 1377 1533 1500 1589; x_wconf 79' lang='lat' dir='ltr'><strong>fuit.</strong></span> <span class='ocrx_word' id='word_1_107' title='bbox 1544 1534 1659 1589; x_wconf 88' lang='lat' dir='ltr'><strong>Sita</strong></span> <span class='ocrx_word' id='word_1_108' title='bbox 1688 1534 1912 1604; x_wconf 83' lang='lat' dir='ltr'><strong>provin-</strong></span> 
     </span>
    </p>
   </div>
   <div class='ocr_carea' id='block_1_16' title="bbox 321 1616 1914 1686">
    <p class='ocr_par' dir='ltr' id='par_1_16' title="bbox 321 1616 1914 1686">
     <span class='ocr_line' id='line_1_16' title="bbox 321 1616 1914 1686; baseline 0.003 -16"><span class='ocrx_word' id='word_1_109' title='bbox 321 1616 405 1671; x_wconf 87' lang='lat' dir='ltr'><strong>cia</strong></span> <span class='ocrx_word' id='word_1_110' title='bbox 434 1616 549 1671; x_wconf 86' lang='lat' dir='ltr'><strong>sive</strong></span> <span class='ocrx_word' id='word_1_111' title='bbox 576 1632 639 1671; x_wconf 88' lang='lat' dir='ltr'><strong>ea</strong></span> <span class='ocrx_word' id='word_1_112' title='bbox 674 1617 823 1685; x_wconf 79' lang='lat' dir='ltr'><strong>regio</strong></span> <span class='ocrx_word' id='word_1_113' title='bbox 856 1625 975 1672; x_wconf 88' lang='lat' dir='ltr'><strong>erat</strong></span> <span class='ocrx_word' id='word_1_114' title='bbox 1023 1618 1163 1673; x_wconf 89' lang='lat' dir='ltr'><strong>inter</strong></span> <span class='ocrx_word' id='word_1_115' title='bbox 1204 1618 1342 1673; x_wconf 90' lang='lat' dir='ltr'><strong>ostia</strong></span> <span class='ocrx_word' id='word_1_116' title='bbox 1398 1617 1825 1686; x_wconf 82' lang='lat' dir='ltr'><strong>Sebennyticum</strong></span> <span class='ocrx_word' id='word_1_117' title='bbox 1858 1629 1914 1675; x_wconf 89' lang='lat' dir='ltr'><strong>et</strong></span> 
     </span>
    </p>
   </div>
   <div class='ocr_carea' id='block_1_17' title="bbox 322 1698 1909 1769">
    <p class='ocr_par' dir='ltr' id='par_1_17' title="bbox 322 1698 1909 1769">
     <span class='ocr_line' id='line_1_17' title="bbox 322 1698 1909 1769; baseline 0.001 -17"><span class='ocrx_word' id='word_1_118' title='bbox 322 1698 645 1753; x_wconf 84' lang='lat' dir='ltr'><strong>Pbatnicum</strong></span> <span class='ocrx_word' id='word_1_119' title='bbox 678 1717 693 1754; x_wconf 92' lang='lat'>:</span> <span class='ocrx_word' id='word_1_120' title='bbox 727 1699 891 1769; x_wconf 86' lang='lat' dir='ltr'><strong>priori</strong></span> <span class='ocrx_word' id='word_1_121' title='bbox 929 1700 1163 1755; x_wconf 82' lang='lat' dir='ltr'><strong>vicinam</strong></span> <span class='ocrx_word' id='word_1_122' title='bbox 1192 1699 1361 1756; x_wconf 87' lang='lat' dir='ltr'><strong>fuisse</strong></span> <span class='ocrx_word' id='word_1_123' title='bbox 1403 1715 1472 1755; x_wconf 74' lang='lat' dir='ltr'><strong>ex</strong></span> <span class='ocrx_word' id='word_1_124' title='bbox 1499 1698 1793 1756; x_wconf 77' lang='lat' dir='ltr'><strong>Ptolomaeo</strong></span> <span class='ocrx_word' id='word_1_125' title='bbox 1833 1716 1909 1764; x_wconf 85' lang='lat' dir='ltr'><strong>tv,</strong></span> 
     </span>
    </p>
   </div>
   <div class='ocr_carea' id='block_1_18' title="bbox 321 1781 1909 1855">
    <p class='ocr_par' dir='ltr' id='par_1_18' title="bbox 321 1781 1909 1855">
     <span class='ocr_line' id='line_1_18' title="bbox 321 1781 1909 1855; baseline 0.002 -18"><span class='ocrx_word' id='word_1_126' title='bbox 321 1781 377 1847; x_wconf 82' lang='lat'><strong>5,</strong></span> <span class='ocrx_word' id='word_1_127' title='bbox 408 1784 697 1853; x_wconf 74' lang='lat' dir='ltr'><strong>posteriori</strong></span> <span class='ocrx_word' id='word_1_128' title='bbox 760 1798 827 1838; x_wconf 78' lang='lat' dir='ltr'><strong>cx</strong></span> <span class='ocrx_word' id='word_1_129' title='bbox 873 1783 1107 1839; x_wconf 89' lang='lat' dir='ltr'><strong>Diodoro</strong></span> <span class='ocrx_word' id='word_1_130' title='bbox 1167 1783 1238 1839; x_wconf 90' lang='lat'><strong>28</strong></span> <span class='ocrx_word' id='word_1_131' title='bbox 1280 1800 1335 1855; x_wconf 90' lang='lat' dir='ltr'><strong>p.</strong></span> <span class='ocrx_word' id='word_1_132' title='bbox 1380 1782 1485 1839; x_wconf 81' lang='lat'><strong>806</strong></span> <span class='ocrx_word' id='word_1_133' title='bbox 1514 1793 1761 1855; x_wconf 87' lang='lat' dir='ltr'><strong>apertum</strong></span> <span class='ocrx_word' id='word_1_134' title='bbox 1804 1796 1909 1841; x_wconf 89' lang='lat' dir='ltr'><strong>est.</strong></span> 
     </span>
    </p>
   </div>
   <div class='ocr_carea' id='block_1_19' title="bbox 320 1865 1912 1939">
    <p class='ocr_par' dir='ltr' id='par_1_19' title="bbox 320 1865 1912 1939">
     <span class='ocr_line' id='line_1_19' title="bbox 320 1865 1912 1939; baseline 0.003 -19"><span class='ocrx_word' id='word_1_135' title='bbox 320 1865 526 1921; x_wconf 82' lang='lat' dir='ltr'><strong>Nomen</strong></span> <span class='ocrx_word' id='word_1_136' title='bbox 560 1867 766 1936; x_wconf 81' lang='lat' dir='ltr'><strong>accepit</strong></span> <span class='ocrx_word' id='word_1_137' title='bbox 797 1883 826 1922; x_wconf 92' lang='lat' dir='ltr'><strong>a</strong></span> <span class='ocrx_word' id='word_1_138' title='bbox 858 1866 1172 1938; x_wconf 87' lang='lat' dir='ltr'><strong>paludibus,</strong></span> <span class='ocrx_word' id='word_1_139' title='bbox 1210 1883 1334 1939; x_wconf 71' lang='grc' dir='ltr'>ιιιιεε</span> <span class='ocrx_word' id='word_1_140' title='bbox 1361 1868 1435 1922; x_wconf 82' lang='lat' dir='ltr'><strong>ibi</strong></span> <span class='ocrx_word' id='word_1_141' title='bbox 1461 1868 1727 1936; x_wconf 83' lang='lat' dir='ltr'><strong>plurimae.</strong></span> <span class='ocrx_word' id='word_1_142' title='bbox 1761 1868 1912 1924; x_wconf 86' lang='lat' dir='ltr'><strong>Thu-</strong></span> 
     </span>
    </p>
   </div>
   <div class='ocr_carea' id='block_1_20' title="bbox 320 1950 1909 2022">
    <p class='ocr_par' dir='ltr' id='par_1_20' title="bbox 320 1950 1909 2022">
     <span class='ocr_line' id='line_1_20' title="bbox 320 1950 1909 2022; baseline 0.002 -20"><span class='ocrx_word' id='word_1_143' title='bbox 320 1951 541 2021; x_wconf 76' lang='lat' dir='ltr'><strong>cydides</strong></span> <span class='ocrx_word' id='word_1_144' title='bbox 562 1965 599 2014; x_wconf 91' lang='grc' dir='ltr'>ι,</span> <span class='ocrx_word' id='word_1_145' title='bbox 624 1950 748 2004; x_wconf 65' lang='grc'><strong>1102</strong></span> <span class='ocrx_word' id='word_1_146' title='bbox 764 1951 1039 2020; x_wconf 77' lang='grc' dir='ltr'>Αἴγυπτος</span> <span class='ocrx_word' id='word_1_147' title='bbox 1059 1951 1115 2004; x_wconf 83' lang='grc' dir='ltr'>δὲ</span> <span class='ocrx_word' id='word_1_148' title='bbox 1134 1952 1295 2006; x_wconf 87' lang='grc' dir='ltr'>πάλιν</span> <span class='ocrx_word' id='word_1_149' title='bbox 1322 1951 1428 2004; x_wconf 75' lang='grc' dir='ltr'><strong>ὑπὸ</strong></span> <span class='ocrx_word' id='word_1_150' title='bbox 1441 1951 1655 2022; x_wconf 85' lang='grc' dir='ltr'>βασιλεῖ</span> <span class='ocrx_word' id='word_1_151' title='bbox 1669 1952 1909 2019; x_wconf 79' lang='grc' dir='ltr'>ἐγένετο,</span> 
     </span>
    </p>
   </div>
   <div class='ocr_carea' id='block_1_21' title="bbox 321 2032 1913 2105">
    <p class='ocr_par' dir='ltr' id='par_1_21' title="bbox 321 2032 1913 2105">
     <span class='ocr_line' id='line_1_21' title="bbox 321 2032 1913 2105; baseline 0.005 -21"><span class='ocrx_word' id='word_1_152' title='bbox 321 2032 462 2104; x_wconf 81' lang='grc' dir='ltr'>πλὴν</span> <span class='ocrx_word' id='word_1_153' title='bbox 497 2033 827 2104; x_wconf 81' lang='grc' dir='ltr'><strong>Ἀμυρταίου</strong></span> <span class='ocrx_word' id='word_1_154' title='bbox 843 2032 939 2088; x_wconf 80' lang='grc' dir='ltr'><strong>τού</strong></span> <span class='ocrx_word' id='word_1_155' title='bbox 966 2035 1025 2088; x_wconf 75' lang='grc' dir='ltr'>ἐν</span> <span class='ocrx_word' id='word_1_156' title='bbox 1056 2037 1171 2099; x_wconf 85' lang='grc' dir='ltr'>τοῖς</span> <span class='ocrx_word' id='word_1_157' title='bbox 1212 2035 1361 2089; x_wconf 76' lang='grc' dir='ltr'>ἕλεσι</span> <span class='ocrx_word' id='word_1_158' title='bbox 1388 2034 1673 2105; x_wconf 82' lang='grc' dir='ltr'>βασιλέως.</span> <span class='ocrx_word' id='word_1_159' title='bbox 1710 2035 1913 2091; x_wconf 84' lang='grc' dir='ltr'>Τοῦτον</span> 
     </span>
    </p>
   </div>
   <div class='ocr_carea' id='block_1_22' title="bbox 319 2116 1911 2185">
    <p class='ocr_par' dir='ltr' id='par_1_22' title="bbox 319 2116 1911 2185">
     <span class='ocr_line' id='line_1_22' title="bbox 319 2116 1911 2185; baseline 0.004 -17"><span class='ocrx_word' id='word_1_160' title='bbox 319 2116 375 2169; x_wconf 74' lang='grc' dir='ltr'>δὲ</span> <span class='ocrx_word' id='word_1_161' title='bbox 408 2116 497 2169; x_wconf 80' lang='grc' dir='ltr'><strong>διὰ</strong></span> <span class='ocrx_word' id='word_1_162' title='bbox 533 2117 765 2185; x_wconf 81' lang='grc' dir='ltr'>μέγεθός</span> <span class='ocrx_word' id='word_1_163' title='bbox 819 2135 879 2171; x_wconf 84' lang='grc' dir='ltr'><strong>τε</strong></span> <span class='ocrx_word' id='word_1_164' title='bbox 930 2117 1026 2172; x_wconf 81' lang='grc' dir='ltr'>τοῦ</span> <span class='ocrx_word' id='word_1_165' title='bbox 1079 2119 1236 2183; x_wconf 73' lang='grc' dir='ltr'>ἕλους</span> <span class='ocrx_word' id='word_1_166' title='bbox 1283 2120 1383 2173; x_wconf 79' lang='grc' dir='ltr'>οὐκ</span> <span class='ocrx_word' id='word_1_167' title='bbox 1438 2119 1695 2173; x_wconf 77' lang='grc' dir='ltr'><strong>ἐδύναντο</strong></span> <span class='ocrx_word' id='word_1_168' title='bbox 1748 2121 1911 2185; x_wconf 82' lang='grc' dir='ltr'><strong>ἑλεῖν,</strong></span> 
     </span>
    </p>
   </div>
   <div class='ocr_carea' id='block_1_23' title="bbox 320 2198 1913 2271">
    <p class='ocr_par' dir='ltr' id='par_1_23' title="bbox 320 2198 1913 2271">
     <span class='ocr_line' id='line_1_23' title="bbox 320 2198 1913 2271; baseline 0.004 -20"><span class='ocrx_word' id='word_1_169' title='bbox 320 2199 416 2252; x_wconf 82' lang='grc' dir='ltr'><strong>καὶ</strong></span> <span class='ocrx_word' id='word_1_170' title='bbox 477 2198 598 2269; x_wconf 79' lang='grc' dir='ltr'>ἅμα</span> <span class='ocrx_word' id='word_1_171' title='bbox 686 2201 1068 2271; x_wconf 86' lang='grc' dir='ltr'>μαχιμώτατοί</span> <span class='ocrx_word' id='word_1_172' title='bbox 1154 2204 1262 2254; x_wconf 76' lang='lat' dir='ltr'><strong>sict</strong></span> <span class='ocrx_word' id='word_1_173' title='bbox 1320 2202 1429 2255; x_wconf 83' lang='grc' dir='ltr'>τῶν</span> <span class='ocrx_word' id='word_1_174' title='bbox 1481 2202 1798 2271; x_wconf 76' lang='grc' dir='ltr'><strong>Αἰγυπτίων</strong></span> <span class='ocrx_word' id='word_1_175' title='bbox 1862 2205 1913 2258; x_wconf 77' lang='grc' dir='ltr'>οι</span> 
     </span>
    </p>
   </div>
   <div class='ocr_carea' id='block_1_24' title="bbox 320 2282 1913 2351">
    <p class='ocr_par' dir='ltr' id='par_1_24' title="bbox 320 2282 1913 2351">
     <span class='ocr_line' id='line_1_24' title="bbox 320 2282 1913 2351; baseline 0.004 -16"><span class='ocrx_word' id='word_1_176' title='bbox 320 2282 506 2338; x_wconf 74' lang='grc' dir='ltr'>ἕλειοι.</span> <span class='ocrx_word' id='word_1_177' title='bbox 551 2282 702 2337; x_wconf 90' lang='lat' dir='ltr'><strong>Adde</strong></span> <span class='ocrx_word' id='word_1_178' title='bbox 732 2283 1066 2339; x_wconf 89' lang='lat' dir='ltr'><strong>llerodotum</strong></span> <span class='ocrx_word' id='word_1_179' title='bbox 1125 2299 1189 2348; x_wconf 95' lang='grc' dir='ltr'>ιι,</span> <span class='ocrx_word' id='word_1_180' title='bbox 1224 2284 1349 2339; x_wconf 82' lang='grc'><strong>152.</strong></span> <span class='ocrx_word' id='word_1_181' title='bbox 1404 2284 1534 2351; x_wconf 69' lang='lat' dir='ltr'><strong>Quae</strong></span> <span class='ocrx_word' id='word_1_182' title='bbox 1579 2287 1762 2340; x_wconf 85' lang='lat' dir='ltr'><strong>omnia</strong></span> <span class='ocrx_word' id='word_1_183' title='bbox 1789 2302 1913 2341; x_wconf 88' lang='lat' dir='ltr'><strong>cum</strong></span> 
     </span>
    </p>
   </div>
   <div class='ocr_carea' id='block_1_25' title="bbox 321 2364 1914 2438">
    <p class='ocr_par' dir='ltr' id='par_1_25' title="bbox 321 2364 1914 2438">
     <span class='ocr_line' id='line_1_25' title="bbox 321 2364 1914 2438; baseline 0.005 -21"><span class='ocrx_word' id='word_1_184' title='bbox 321 2364 442 2420; x_wconf 92' lang='lat' dir='ltr'><strong>illas</strong></span> <span class='ocrx_word' id='word_1_185' title='bbox 463 2365 708 2436; x_wconf 85' lang='lat' dir='ltr'><strong>paludes,</strong></span> <span class='ocrx_word' id='word_1_186' title='bbox 730 2366 800 2419; x_wconf 84' lang='grc' dir='ltr'>τὰ</span> <span class='ocrx_word' id='word_1_187' title='bbox 816 2365 936 2438; x_wconf 73' lang='grc' dir='ltr'>ἕλη,</span> <span class='ocrx_word' id='word_1_188' title='bbox 962 2368 1016 2423; x_wconf 92' lang='lat' dir='ltr'><strong>in</strong></span> <span class='ocrx_word' id='word_1_189' title='bbox 1046 2376 1229 2438; x_wconf 90' lang='lat' dir='ltr'><strong>aperta</strong></span> <span class='ocrx_word' id='word_1_190' title='bbox 1256 2367 1375 2422; x_wconf 89' lang='lat' dir='ltr'><strong>luce</strong></span> <span class='ocrx_word' id='word_1_191' title='bbox 1396 2377 1619 2438; x_wconf 91' lang='lat' dir='ltr'><strong>ponant,</strong></span> <span class='ocrx_word' id='word_1_192' title='bbox 1641 2369 1914 2425; x_wconf 84' lang='lat' dir='ltr'><strong>mirabere</strong></span> 
     </span>
    </p>
   </div>
   <div class='ocr_carea' id='block_1_26' title="bbox 323 2452 1910 2526">
    <p class='ocr_par' dir='ltr' id='par_1_26' title="bbox 323 2452 1910 2526">
     <span class='ocr_line' id='line_1_26' title="bbox 323 2452 1910 2526; baseline 0.004 -21"><span class='ocrx_word' id='word_1_193' title='bbox 323 2452 457 2507; x_wconf 87' lang='lat' dir='ltr'><strong>viris</strong></span> <span class='ocrx_word' id='word_1_194' title='bbox 502 2453 810 2508; x_wconf 89' lang='lat' dir='ltr'><strong>eruditione</strong></span> <span class='ocrx_word' id='word_1_195' title='bbox 859 2455 1236 2511; x_wconf 86' lang='lat' dir='ltr'><strong>celeberrimis</strong></span> <span class='ocrx_word' id='word_1_196' title='bbox 1290 2469 1664 2526; x_wconf 70' lang='lat' dir='ltr'><strong>saepenumero</strong></span> <span class='ocrx_word' id='word_1_197' title='bbox 1718 2471 1910 2525; x_wconf 90' lang='lat' dir='ltr'><strong>parum</strong></span> 
     </span>
    </p>
   </div>
   <div class='ocr_carea' id='block_1_27' title="bbox 324 2535 1912 2608">
    <p class='ocr_par' dir='ltr' id='par_1_27' title="bbox 324 2535 1912 2608">
     <span class='ocr_line' id='line_1_27' title="bbox 324 2535 1912 2608; baseline 0.004 -20"><span class='ocrx_word' id='word_1_198' title='bbox 324 2535 732 2593; x_wconf 86' lang='lat' dir='ltr'><strong>animadversas</strong></span> <span class='ocrx_word' id='word_1_199' title='bbox 788 2537 1063 2608; x_wconf 79' lang='lat' dir='ltr'><strong>negotium</strong></span> <span class='ocrx_word' id='word_1_200' title='bbox 1115 2536 1461 2593; x_wconf 82' lang='lat' dir='ltr'><strong>facessivisse</strong></span> <span class='ocrx_word' id='word_1_201' title='bbox 1501 2577 1517 2603; x_wconf 94' lang='lat'><strong>,</strong></span> <span class='ocrx_word' id='word_1_202' title='bbox 1573 2537 1912 2608; x_wconf 86' lang='lat' dir='ltr'><strong>solidamque</strong></span> 
     </span>
    </p>
   </div>
   <div class='ocr_carea' id='block_1_28' title="bbox 324 2617 1912 2690">
    <p class='ocr_par' dir='ltr' id='par_1_28' title="bbox 324 2617 1912 2690">
     <span class='ocr_line' id='line_1_28' title="bbox 324 2617 1912 2690; baseline 0.004 -20"><span class='ocrx_word' id='word_1_203' title='bbox 324 2617 461 2671; x_wconf 89' lang='lat' dir='ltr'><strong>adeo</strong></span> <span class='ocrx_word' id='word_1_204' title='bbox 492 2618 865 2675; x_wconf 75' lang='lat' dir='ltr'><strong>restituturum</strong></span> <span class='ocrx_word' id='word_1_205' title='bbox 892 2619 1118 2690; x_wconf 78' lang='lat' dir='ltr'><strong>gloriam</strong></span> <span class='ocrx_word' id='word_1_206' title='bbox 1146 2619 1554 2675; x_wconf 80' lang='lat' dir='ltr'><strong>Hcmsterhusio</strong></span> <span class='ocrx_word' id='word_1_207' title='bbox 1574 2630 1761 2675; x_wconf 91' lang='lat' dir='ltr'><strong>nostro</strong></span> <span class='ocrx_word' id='word_1_208' title='bbox 1790 2636 1912 2677; x_wconf 89' lang='lat' dir='ltr'><strong>esse</strong></span> 
     </span>
    </p>
   </div>
   <div class='ocr_carea' id='block_1_29' title="bbox 324 2699 1909 2776">
    <p class='ocr_par' dir='ltr' id='par_1_29' title="bbox 324 2699 1909 2776">
     <span class='ocr_line' id='line_1_29' title="bbox 324 2699 1909 2776; baseline 0.005 -24"><span class='ocrx_word' id='word_1_209' title='bbox 324 2699 568 2754; x_wconf 87' lang='lat' dir='ltr'><strong>relictam</strong></span> <span class='ocrx_word' id='word_1_210' title='bbox 595 2716 612 2756; x_wconf 89' lang='lat'><strong>:</strong></span> <span class='ocrx_word' id='word_1_211' title='bbox 641 2702 763 2772; x_wconf 89' lang='lat' dir='ltr'><strong>quis</strong></span> <span class='ocrx_word' id='word_1_212' title='bbox 791 2704 934 2759; x_wconf 90' lang='lat' dir='ltr'><strong>enim</strong></span> <span class='ocrx_word' id='word_1_213' title='bbox 968 2703 1297 2759; x_wconf 82' lang='lat' dir='ltr'><strong>dubitaverit</strong></span> <span class='ocrx_word' id='word_1_214' title='bbox 1322 2703 1451 2773; x_wconf 92' lang='lat' dir='ltr'><strong>quin</strong></span> <span class='ocrx_word' id='word_1_215' title='bbox 1479 2704 1529 2757; x_wconf 90' lang='lat' dir='ltr'><strong>iu</strong></span> <span class='ocrx_word' id='word_1_216' title='bbox 1564 2703 1646 2758; x_wconf 92' lang='lat' dir='ltr'><strong>his</strong></span> <span class='ocrx_word' id='word_1_217' title='bbox 1677 2703 1909 2776; x_wconf 66' lang='lat' dir='ltr'><strong>Polymni</strong></span> 
     </span>
    </p>
   </div>
   <div class='ocr_carea' id='block_1_30' title="bbox 323 2782 1912 2859">
    <p class='ocr_par' dir='ltr' id='par_1_30' title="bbox 323 2782 1912 2859">
     <span class='ocr_line' id='line_1_30' title="bbox 323 2782 1912 2859; baseline 0.003 -20"><span class='ocrx_word' id='word_1_218' title='bbox 323 2782 566 2857; x_wconf 82' lang='lat' dir='ltr'><strong>Stratag.</strong></span> <span class='ocrx_word' id='word_1_219' title='bbox 600 2800 665 2852; x_wconf 91' lang='grc' dir='ltr'>ιι,</span> <span class='ocrx_word' id='word_1_220' title='bbox 692 2786 760 2841; x_wconf 87' lang='grc'><strong>16</strong></span> <span class='ocrx_word' id='word_1_221' title='bbox 813 2786 1030 2859; x_wconf 73' lang='grc' dir='ltr'>κρύψας</span> <span class='ocrx_word' id='word_1_222' title='bbox 1065 2786 1124 2840; x_wconf 80' lang='grc' dir='ltr'>δὲ</span> <span class='ocrx_word' id='word_1_223' title='bbox 1179 2787 1306 2850; x_wconf 77' lang='grc' dir='ltr'>τοὺς</span> <span class='ocrx_word' id='word_1_224' title='bbox 1334 2787 1666 2856; x_wconf 76' lang='grc' dir='ltr'>Αἰγυπτίους</span> <span class='ocrx_word' id='word_1_225' title='bbox 1701 2789 1759 2843; x_wconf 78' lang='grc' dir='ltr'><strong>ἔν</strong></span> <span class='ocrx_word' id='word_1_226' title='bbox 1799 2790 1912 2853; x_wconf 84' lang='grc' dir='ltr'>τοῖς</span> 
     </span>
    </p>
   </div>
   <div class='ocr_carea' id='block_1_31' title="bbox 323 2868 1912 2945">
    <p class='ocr_par' dir='ltr' id='par_1_31' title="bbox 323 2868 1912 2945">
     <span class='ocr_line' id='line_1_31' title="bbox 323 2868 1912 2945; baseline 0.004 -22"><span class='ocrx_word' id='word_1_227' title='bbox 323 2868 575 2938; x_wconf 86' lang='grc' dir='ltr'>Ἕλλησι,</span> <span class='ocrx_word' id='word_1_228' title='bbox 609 2873 930 2940; x_wconf 78' lang='grc' dir='ltr'><strong>παρατάξας</strong></span> <span class='ocrx_word' id='word_1_229' title='bbox 958 2872 1170 2944; x_wconf 81' lang='grc' dir='ltr'>προῆγε</span> <span class='ocrx_word' id='word_1_230' title='bbox 1208 2872 1336 2937; x_wconf 83' lang='grc' dir='ltr'>τοὺς</span> <span class='ocrx_word' id='word_1_231' title='bbox 1369 2872 1668 2943; x_wconf 71' lang='grc' dir='ltr'>Ἕλληνας,</span> <span class='ocrx_word' id='word_1_232' title='bbox 1698 2874 1800 2945; x_wconf 79' lang='lat' dir='ltr'><strong>legi</strong></span> <span class='ocrx_word' id='word_1_233' title='bbox 1852 2876 1912 2929; x_wconf 83' lang='grc' dir='ltr'>ἐν</span> 
     </span>
    </p>
   </div>
   <div class='ocr_carea' id='block_1_32' title="bbox 321 2954 1910 3027">
    <p class='ocr_par' dir='ltr' id='par_1_32' title="bbox 321 2954 1910 3027">
     <span class='ocr_line' id='line_1_32' title="bbox 321 2954 1910 3027; baseline 0.006 -22"><span class='ocrx_word' id='word_1_234' title='bbox 321 2955 437 3018; x_wconf 83' lang='grc' dir='ltr'>τοῖς</span> <span class='ocrx_word' id='word_1_235' title='bbox 466 2954 614 3008; x_wconf 76' lang='grc' dir='ltr'>ἕλεσι</span> <span class='ocrx_word' id='word_1_236' title='bbox 641 2966 890 3025; x_wconf 83' lang='lat' dir='ltr'><strong>oporteat</strong></span> <span class='ocrx_word' id='word_1_237' title='bbox 918 2956 1061 3012; x_wconf 83' lang='lat' dir='ltr'><strong>?aut</strong></span> <span class='ocrx_word' id='word_1_238' title='bbox 1084 2956 1322 3027; x_wconf 82' lang='lat' dir='ltr'><strong>ambigat</strong></span> <span class='ocrx_word' id='word_1_239' title='bbox 1360 2957 1653 3013; x_wconf 83' lang='lat' dir='ltr'><strong>Aristidem</strong></span> <span class='ocrx_word' id='word_1_240' title='bbox 1688 2967 1819 3013; x_wconf 91' lang='lat' dir='ltr'><strong>tom.</strong></span> <span class='ocrx_word' id='word_1_241' title='bbox 1850 2975 1910 3014; x_wconf 91' lang='grc' dir='ltr'><strong>ιιι</strong></span> 
     </span>
    </p>
   </div>
   <div class='ocr_carea' id='block_1_33' title="bbox 321 3035 1906 3112">
    <p class='ocr_par' dir='ltr' id='par_1_33' title="bbox 321 3035 1906 3112">
     <span class='ocr_line' id='line_1_33' title="bbox 321 3035 1906 3112; baseline 0.003 -23"><span class='ocrx_word' id='word_1_242' title='bbox 321 3050 374 3105; x_wconf 87' lang='lat' dir='ltr'><strong>p.</strong></span> <span class='ocrx_word' id='word_1_243' title='bbox 417 3035 516 3091; x_wconf 70' lang='lat'><strong>591</strong></span> <span class='ocrx_word' id='word_1_244' title='bbox 551 3038 769 3094; x_wconf 83' lang='lat' dir='ltr'><strong>dedisse</strong></span> <span class='ocrx_word' id='word_1_245' title='bbox 800 3040 898 3110; x_wconf 76' lang='grc' dir='ltr'>ἥτε</span> <span class='ocrx_word' id='word_1_246' title='bbox 929 3038 1039 3111; x_wconf 85' lang='grc' dir='ltr'><strong>γὰρ</strong></span> <span class='ocrx_word' id='word_1_247' title='bbox 1070 3039 1328 3109; x_wconf 82' lang='grc' dir='ltr'><strong>Μοίριδος</strong></span> <span class='ocrx_word' id='word_1_248' title='bbox 1360 3039 1527 3111; x_wconf 87' lang='grc' dir='ltr'>λίμνη</span> <span class='ocrx_word' id='word_1_249' title='bbox 1552 3040 1646 3094; x_wconf 65' lang='grc' dir='ltr'><strong>καὶ¹</strong></span> <span class='ocrx_word' id='word_1_250' title='bbox 1686 3041 1741 3093; x_wconf 80' lang='grc' dir='ltr'>αἱ</span> <span class='ocrx_word' id='word_1_251' title='bbox 1767 3040 1906 3112; x_wconf 81' lang='grc' dir='ltr'>πρὸς</span> 
     </span>
    </p>
   </div>
   <div class='ocr_carea' id='block_1_34' title="bbox 319 3120 1912 3196">
    <p class='ocr_par' dir='ltr' id='par_1_34' title="bbox 319 3120 1912 3196">
     <span class='ocr_line' id='line_1_34' title="bbox 319 3120 1912 3196; baseline 0.004 -22"><span class='ocrx_word' id='word_1_252' title='bbox 319 3122 434 3183; x_wconf 83' lang='grc' dir='ltr'>τοῖς</span> <span class='ocrx_word' id='word_1_253' title='bbox 466 3120 613 3173; x_wconf 73' lang='grc' dir='ltr'>ἕλεσι</span> <span class='ocrx_word' id='word_1_254' title='bbox 638 3121 810 3189; x_wconf 83' lang='grc' dir='ltr'>κάτω,</span> <span class='ocrx_word' id='word_1_255' title='bbox 837 3124 933 3176; x_wconf 79' lang='grc' dir='ltr'><strong>καὶ</strong></span> <span class='ocrx_word' id='word_1_256' title='bbox 965 3124 999 3194; x_wconf 81' lang='grc' dir='ltr'>ὴ</span> <span class='ocrx_word' id='word_1_257' title='bbox 1032 3123 1296 3195; x_wconf 86' lang='grc' dir='ltr'>πρότερον</span> <span class='ocrx_word' id='word_1_258' title='bbox 1324 3124 1422 3195; x_wconf 82' lang='grc' dir='ltr'>μὲν</span> <span class='ocrx_word' id='word_1_259' title='bbox 1448 3124 1590 3195; x_wconf 81' lang='grc' dir='ltr'>ὑπὲρ</span> <span class='ocrx_word' id='word_1_260' title='bbox 1609 3125 1790 3196; x_wconf 85' lang='grc' dir='ltr'>Φάρου</span> <span class='ocrx_word' id='word_1_261' title='bbox 1815 3125 1912 3180; x_wconf 82' lang='grc' dir='ltr'><strong>νῦν</strong></span> 
     </span>
    </p>
   </div>
   <div class='ocr_carea' id='block_1_35' title="bbox 319 3203 1912 3282">
    <p class='ocr_par' dir='ltr' id='par_1_35' title="bbox 319 3203 1912 3282">
     <span class='ocr_line' id='line_1_35' title="bbox 319 3203 1912 3282; baseline 0.003 -24"><span class='ocrx_word' id='word_1_262' title='bbox 319 3205 365 3258; x_wconf 81' lang='grc' dir='ltr'>δ’</span> <span class='ocrx_word' id='word_1_263' title='bbox 388 3203 674 3269; x_wconf 76' lang='grc' dir='ltr'><strong>ἐξόπισθεν</strong></span> <span class='ocrx_word' id='word_1_264' title='bbox 700 3205 800 3274; x_wconf 79' lang='grc' dir='ltr'>τῆς</span> <span class='ocrx_word' id='word_1_265' title='bbox 838 3205 1194 3277; x_wconf 76' lang='grc' dir='ltr'><strong>Ἀλεξάνδρου</strong></span> <span class='ocrx_word' id='word_1_266' title='bbox 1235 3206 1444 3270; x_wconf 79' lang='grc' dir='ltr'>πόλεως</span> <span class='ocrx_word' id='word_1_267' title='bbox 1470 3207 1682 3279; x_wconf 87' lang='grc' dir='ltr'>Μαρία,</span> <span class='ocrx_word' id='word_1_268' title='bbox 1723 3209 1784 3274; x_wconf 78' lang='grc' dir='ltr'><strong>ἐξ</strong></span> <span class='ocrx_word' id='word_1_269' title='bbox 1809 3210 1912 3282; x_wconf 87' lang='grc' dir='ltr'><strong>ἀρ-</strong></span> 
     </span>
    </p>
   </div>
   <div class='ocr_carea' id='block_1_36' title="bbox 319 3289 1908 3362">
    <p class='ocr_par' dir='ltr' id='par_1_36' title="bbox 319 3289 1908 3362">
     <span class='ocr_line' id='line_1_36' title="bbox 319 3289 1908 3362; baseline 0.004 -21"><span class='ocrx_word' id='word_1_270' title='bbox 319 3289 423 3362; x_wconf 86' lang='grc' dir='ltr'>χῆς</span> <span class='ocrx_word' id='word_1_271' title='bbox 453 3289 514 3342; x_wconf 72' lang='grc' dir='ltr'><strong><em>τέ</em></strong></span> <span class='ocrx_word' id='word_1_272' title='bbox 561 3290 670 3343; x_wconf 87' lang='grc' dir='ltr'>είσι</span> <span class='ocrx_word' id='word_1_273' title='bbox 714 3290 811 3343; x_wconf 83' lang='grc' dir='ltr'>τοῦ</span> <span class='ocrx_word' id='word_1_274' title='bbox 839 3290 1034 3344; x_wconf 79' lang='grc' dir='ltr'>Νείλου</span> <span class='ocrx_word' id='word_1_275' title='bbox 1074 3290 1287 3356; x_wconf 82' lang='grc' dir='ltr'><strong>κόλποι,</strong></span> <span class='ocrx_word' id='word_1_276' title='bbox 1332 3303 1562 3358; x_wconf 76' lang='grc' dir='ltr'>ιιιιη,·υι</span> <span class='ocrx_word' id='word_1_277' title='bbox 1604 3308 1747 3348; x_wconf 86' lang='lat' dir='ltr'><strong>nunc</strong></span> <span class='ocrx_word' id='word_1_278' title='bbox 1779 3294 1908 3348; x_wconf 89' lang='lat' dir='ltr'><strong>editi</strong></span> 
     </span>
    </p>
   </div>
   <div class='ocr_carea' id='block_1_37' title="bbox 319 3371 1911 3443">
    <p class='ocr_par' dir='ltr' id='par_1_37' title="bbox 319 3371 1911 3443">
     <span class='ocr_line' id='line_1_37' title="bbox 319 3371 1911 3443; baseline 0.002 -15"><span class='ocrx_word' id='word_1_279' title='bbox 319 3388 432 3443; x_wconf 71' lang='lat' dir='ltr'><strong>pra:</strong></span> <span class='ocrx_word' id='word_1_280' title='bbox 465 3387 526 3429; x_wconf 86' lang='lat' dir='ltr'><strong>se</strong></span> <span class='ocrx_word' id='word_1_281' title='bbox 565 3371 768 3437; x_wconf 76' lang='lat' dir='ltr'><strong>ferunt,</strong></span> <span class='ocrx_word' id='word_1_282' title='bbox 812 3373 950 3442; x_wconf 78' lang='grc' dir='ltr'>πρὸς</span> <span class='ocrx_word' id='word_1_283' title='bbox 986 3376 1100 3437; x_wconf 88' lang='grc' dir='ltr'>τοῖς</span> <span class='ocrx_word' id='word_1_284' title='bbox 1146 3373 1375 3443; x_wconf 82' lang='grc' dir='ltr'>Ἕλλησι</span> <span class='ocrx_word' id='word_1_285' title='bbox 1406 3373 1598 3428; x_wconf 71' lang='grc' dir='ltr'>κάτωῖ</span> <span class='ocrx_word' id='word_1_286' title='bbox 1654 3376 1707 3430; x_wconf 89' lang='lat' dir='ltr'><strong>id</strong></span> <span class='ocrx_word' id='word_1_287' title='bbox 1765 3377 1911 3431; x_wconf 88' lang='lat' dir='ltr'><strong>enim</strong></span> 
     </span>
    </p>
   </div>
   <div class='ocr_carea' id='block_1_38' title="bbox 322 3456 1908 3528">
    <p class='ocr_par' dir='ltr' id='par_1_38' title="bbox 322 3456 1908 3528">
     <span class='ocr_line' id='line_1_38' title="bbox 322 3456 1908 3528; baseline -0.001 -16"><span class='ocrx_word' id='word_1_288' title='bbox 322 3457 494 3513; x_wconf 91' lang='lat' dir='ltr'><strong>multo</strong></span> <span class='ocrx_word' id='word_1_289' title='bbox 527 3456 950 3527; x_wconf 87' lang='lat' dir='ltr'><strong>ineptissimum,</strong></span> <span class='ocrx_word' id='word_1_290' title='bbox 987 3457 1445 3526; x_wconf 87' lang='lat' dir='ltr'><strong>quemadmodum</strong></span> <span class='ocrx_word' id='word_1_291' title='bbox 1493 3458 1659 3512; x_wconf 88' lang='lat' dir='ltr'><strong>etiam</strong></span> <span class='ocrx_word' id='word_1_292' title='bbox 1695 3474 1748 3528; x_wconf 91' lang='lat' dir='ltr'><strong>p.</strong></span> <span class='ocrx_word' id='word_1_293' title='bbox 1780 3457 1908 3526; x_wconf 87' lang='lat' dir='ltr'><strong>6l2,</strong></span> 
     </span>
    </p>
   </div>
   <div class='ocr_carea' id='block_1_39' title="bbox 318 3537 1912 3610">
    <p class='ocr_par' dir='ltr' id='par_1_39' title="bbox 318 3537 1912 3610">
     <span class='ocr_line' id='line_1_39' title="bbox 318 3537 1912 3610; baseline 0.001 -16"><span class='ocrx_word' id='word_1_294' title='bbox 318 3555 444 3595; x_wconf 89' lang='lat' dir='ltr'><strong>cum</strong></span> <span class='ocrx_word' id='word_1_295' title='bbox 478 3541 546 3596; x_wconf 88' lang='lat' dir='ltr'><strong>de</strong></span> <span class='ocrx_word' id='word_1_296' title='bbox 572 3537 696 3595; x_wconf 86' lang='lat' dir='ltr'><strong>Nilo</strong></span> <span class='ocrx_word' id='word_1_297' title='bbox 717 3539 869 3593; x_wconf 87' lang='grc' dir='ltr'>κάτω</span> <span class='ocrx_word' id='word_1_298' title='bbox 892 3537 939 3592; x_wconf 80' lang='grc' dir='ltr'>δ’</span> <span class='ocrx_word' id='word_1_299' title='bbox 965 3540 1026 3592; x_wconf 85' lang='grc' dir='ltr'>ὲν</span> <span class='ocrx_word' id='word_1_300' title='bbox 1051 3540 1164 3601; x_wconf 84' lang='grc' dir='ltr'>τοῖς</span> <span class='ocrx_word' id='word_1_301' title='bbox 1190 3538 1449 3610; x_wconf 84' lang='grc' dir='ltr'>Ἕλλησιν</span> <span class='ocrx_word' id='word_1_302' title='bbox 1472 3540 1551 3603; x_wconf 82' lang='grc' dir='ltr'><strong>είς</strong></span> <span class='ocrx_word' id='word_1_303' title='bbox 1577 3541 1718 3593; x_wconf 73' lang='grc' dir='ltr'>ἑπτά</span> <span class='ocrx_word' id='word_1_304' title='bbox 1746 3558 1912 3605; x_wconf 79' lang='grc' dir='ltr'>κατα·</span> 
     </span>
    </p>
   </div>
   <div class='ocr_carea' id='block_1_40' title="bbox 321 3621 1911 3696">
    <p class='ocr_par' dir='ltr' id='par_1_40' title="bbox 321 3621 1911 3696">
     <span class='ocr_line' id='line_1_40' title="bbox 321 3621 1911 3696; baseline 0.001 -17"><span class='ocrx_word' id='word_1_305' title='bbox 321 3622 549 3696; x_wconf 84' lang='grc' dir='ltr'>βαίνειν,</span> <span class='ocrx_word' id='word_1_306' title='bbox 606 3623 696 3678; x_wconf 91' lang='lat' dir='ltr'><strong>ubi</strong></span> <span class='ocrx_word' id='word_1_307' title='bbox 738 3621 924 3678; x_wconf 89' lang='lat' dir='ltr'><strong>itidem</strong></span> <span class='ocrx_word' id='word_1_308' title='bbox 966 3621 1115 3676; x_wconf 73' lang='grc' dir='ltr'>ἕλεσι</span> <span class='ocrx_word' id='word_1_309' title='bbox 1150 3623 1467 3693; x_wconf 82' lang='lat' dir='ltr'><strong>reliquerat.</strong></span> <span class='ocrx_word' id='word_1_310' title='bbox 1526 3624 1632 3679; x_wconf 86' lang='lat' dir='ltr'><strong>Par</strong></span> <span class='ocrx_word' id='word_1_311' title='bbox 1661 3626 1798 3679; x_wconf 87' lang='lat' dir='ltr'><strong>ratio</strong></span> <span class='ocrx_word' id='word_1_312' title='bbox 1825 3635 1911 3681; x_wconf 83' lang='lat' dir='ltr'><strong>est</strong></span> 
     </span>
    </p>
   </div>
   <div class='ocr_carea' id='block_1_41' title="bbox 320 3704 1909 3777">
    <p class='ocr_par' dir='ltr' id='par_1_41' title="bbox 320 3704 1909 3777">
     <span class='ocr_line' id='line_1_41' title="bbox 320 3704 1909 3777; baseline 0 -15"><span class='ocrx_word' id='word_1_313' title='bbox 320 3707 376 3762; x_wconf 87' lang='lat' dir='ltr'><strong>in</strong></span> <span class='ocrx_word' id='word_1_314' title='bbox 414 3708 500 3762; x_wconf 88' lang='lat' dir='ltr'><strong>his</strong></span> <span class='ocrx_word' id='word_1_315' title='bbox 528 3704 839 3762; x_wconf 75' lang='lat' dir='ltr'><strong>scholiastze</strong></span> <span class='ocrx_word' id='word_1_316' title='bbox 893 3705 1276 3777; x_wconf 72' lang='lat' dir='ltr'><strong>Aristophanis</strong></span> <span class='ocrx_word' id='word_1_317' title='bbox 1339 3704 1489 3762; x_wconf 84' lang='lat' dir='ltr'><strong>Plut.</strong></span> <span class='ocrx_word' id='word_1_318' title='bbox 1529 3707 1633 3764; x_wconf 86' lang='grc'><strong>178</strong></span> <span class='ocrx_word' id='word_1_319' title='bbox 1671 3709 1909 3774; x_wconf 74' lang='grc' dir='ltr'>εοϊτινες</span> 
     </span>
    </p>
   </div>
   <div class='ocr_carea' id='block_1_42' title="bbox 326 3788 1909 3860">
    <p class='ocr_par' dir='ltr' id='par_1_42' title="bbox 326 3788 1909 3860">
     <span class='ocr_line' id='line_1_42' title="bbox 326 3788 1909 3860; baseline 0.001 -15"><span class='ocrx_word' id='word_1_320' title='bbox 326 3791 424 3845; x_wconf 76' lang='grc' dir='ltr'>καὶ</span> <span class='ocrx_word' id='word_1_321' title='bbox 454 3789 891 3860; x_wconf 82' lang='grc' dir='ltr'><strong>διαπεράσαντες</strong></span> <span class='ocrx_word' id='word_1_322' title='bbox 915 3790 995 3854; x_wconf 76' lang='grc' dir='ltr'><strong>εἰς</strong></span> <span class='ocrx_word' id='word_1_323' title='bbox 1027 3788 1125 3860; x_wconf 81' lang='grc' dir='ltr'>τὴν</span> <span class='ocrx_word' id='word_1_324' title='bbox 1149 3789 1443 3859; x_wconf 79' lang='grc' dir='ltr'>Αίγυπτον,</span> <span class='ocrx_word' id='word_1_325' title='bbox 1464 3791 1558 3843; x_wconf 74' lang='grc' dir='ltr'><strong>καὶ</strong></span> <span class='ocrx_word' id='word_1_326' title='bbox 1580 3791 1637 3843; x_wconf 75' lang='grc' dir='ltr'><strong>ἐν</strong></span> <span class='ocrx_word' id='word_1_327' title='bbox 1664 3807 1770 3845; x_wconf 87' lang='grc' dir='ltr'>τινι</span> <span class='ocrx_word' id='word_1_328' title='bbox 1800 3792 1909 3846; x_wconf 82' lang='grc' dir='ltr'><strong>τῶν</strong></span> 
     </span>
    </p>
   </div>
   <div class='ocr_carea' id='block_1_43' title="bbox 319 3872 1908 3947">
    <p class='ocr_par' dir='ltr' id='par_1_43' title="bbox 319 3872 1908 3947">
     <span class='ocr_line' id='line_1_43' title="bbox 319 3872 1908 3947; baseline 0.001 -20"><span class='ocrx_word' id='word_1_329' title='bbox 319 3872 415 3927; x_wconf 82' lang='grc' dir='ltr'>τοῦ</span> <span class='ocrx_word' id='word_1_330' title='bbox 442 3873 636 3927; x_wconf 83' lang='grc' dir='ltr'>Νείλου</span> <span class='ocrx_word' id='word_1_331' title='bbox 664 3873 952 3945; x_wconf 83' lang='grc' dir='ltr'><strong>στομάτων</strong></span> <span class='ocrx_word' id='word_1_332' title='bbox 975 3872 1440 3937; x_wconf 79' lang='grc' dir='ltr'>ἀναπλεύσαντες,</span> <span class='ocrx_word' id='word_1_333' title='bbox 1473 3875 1776 3947; x_wconf 81' lang='grc' dir='ltr'><strong>προσέσχον</strong></span> <span class='ocrx_word' id='word_1_334' title='bbox 1796 3878 1908 3940; x_wconf 87' lang='grc' dir='ltr'>τοῖς</span> 
     </span>
    </p>
   </div>
   <div class='ocr_carea' id='block_1_44' title="bbox 322 3954 1908 4028">
    <p class='ocr_par' dir='ltr' id='par_1_44' title="bbox 322 3954 1908 4028">
     <span class='ocr_line' id='line_1_44' title="bbox 322 3954 1908 4028; baseline 0.004 -20"><span class='ocrx_word' id='word_1_335' title='bbox 322 3955 572 4027; x_wconf 83' lang='grc' dir='ltr'>Ἕλλησι.</span> <span class='ocrx_word' id='word_1_336' title='bbox 611 3954 849 4027; x_wconf 84' lang='lat' dir='ltr'><strong>Reliquit</strong></span> <span class='ocrx_word' id='word_1_337' title='bbox 873 3964 1269 4012; x_wconf 89' lang='lat' dir='ltr'><strong>commentator</strong></span> <span class='ocrx_word' id='word_1_338' title='bbox 1300 3958 1412 4020; x_wconf 82' lang='grc' dir='ltr'>τοῖς</span> <span class='ocrx_word' id='word_1_339' title='bbox 1440 3955 1609 4022; x_wconf 74' lang='grc' dir='ltr'>ἕλεσι,</span> <span class='ocrx_word' id='word_1_340' title='bbox 1653 3968 1908 4028; x_wconf 83' lang='lat' dir='ltr'><strong>tantoque</strong></span> 
     </span>
    </p>
   </div>
   <div class='ocr_carea' id='block_1_45' title="bbox 320 4040 1908 4112">
    <p class='ocr_par' dir='ltr' id='par_1_45' title="bbox 320 4040 1908 4112">
     <span class='ocr_line' id='line_1_45' title="bbox 320 4040 1908 4112; baseline 0.001 -15"><span class='ocrx_word' id='word_1_341' title='bbox 320 4040 589 4097; x_wconf 80' lang='lat' dir='ltr'><strong>beneﬁcio</strong></span> <span class='ocrx_word' id='word_1_342' title='bbox 636 4041 856 4111; x_wconf 64' lang='lat' dir='ltr'><strong>collega:</strong></span> <span class='ocrx_word' id='word_1_343' title='bbox 913 4055 1036 4096; x_wconf 89' lang='lat' dir='ltr'><strong>meo</strong></span> <span class='ocrx_word' id='word_1_344' title='bbox 1089 4041 1405 4104; x_wconf 78' lang='lat' dir='ltr'><strong>obstrictus,</strong></span> <span class='ocrx_word' id='word_1_345' title='bbox 1458 4043 1721 4098; x_wconf 86' lang='lat' dir='ltr'><strong>medicam</strong></span> <span class='ocrx_word' id='word_1_346' title='bbox 1760 4044 1908 4112; x_wconf 90' lang='lat' dir='ltr'><strong>ejus-</strong></span> 
     </span>
    </p>
   </div>
   <div class='ocr_carea' id='block_1_46' title="bbox 320 4123 1906 4198">
    <p class='ocr_par' dir='ltr' id='par_1_46' title="bbox 320 4123 1906 4198">
     <span class='ocr_line' id='line_1_46' title="bbox 320 4123 1906 4198; baseline 0.001 -18"><span class='ocrx_word' id='word_1_347' title='bbox 320 4128 445 4180; x_wconf 89' lang='lat' dir='ltr'><strong>dem</strong></span> <span class='ocrx_word' id='word_1_348' title='bbox 478 4140 696 4180; x_wconf 89' lang='lat' dir='ltr'><strong>manura</strong></span> <span class='ocrx_word' id='word_1_349' title='bbox 738 4126 792 4181; x_wconf 90' lang='lat' dir='ltr'><strong>in</strong></span> <span class='ocrx_word' id='word_1_350' title='bbox 846 4123 1122 4196; x_wconf 87' lang='lat' dir='ltr'><strong>plerisque</strong></span> <span class='ocrx_word' id='word_1_351' title='bbox 1176 4124 1301 4181; x_wconf 91' lang='lat' dir='ltr'><strong>aliis</strong></span> <span class='ocrx_word' id='word_1_352' title='bbox 1334 4125 1562 4196; x_wconf 78' lang='lat' dir='ltr'><strong>supplex</strong></span> <span class='ocrx_word' id='word_1_353' title='bbox 1599 4127 1702 4182; x_wconf 88' lang='lat' dir='ltr'><strong>sibi</strong></span> <span class='ocrx_word' id='word_1_354' title='bbox 1737 4143 1906 4198; x_wconf 52' lang='lat' dir='ltr'><strong>expo-</strong></span> 
     </span>
    </p>
   </div>
   <div class='ocr_carea' id='block_1_47' title="bbox 321 4209 510 4265">
    <p class='ocr_par' dir='ltr' id='par_1_47' title="bbox 321 4209 510 4265">
     <span class='ocr_line' id='line_1_47' title="bbox 321 4209 510 4265; baseline -0.005 0"><span class='ocrx_word' id='word_1_355' title='bbox 321 4209 510 4265; x_wconf 83' lang='lat' dir='ltr'><strong>stulat.</strong></span> 
     </span>
    </p>
   </div>
   <div class='ocr_carea' id='block_1_48' title="bbox 416 4288 1906 4360">
    <p class='ocr_par' dir='ltr' id='par_1_48' title="bbox 416 4288 1906 4360">
     <span class='ocr_line' id='line_1_48' title="bbox 416 4288 1906 4360; baseline 0.001 -14"><span class='ocrx_word' id='word_1_356' title='bbox 416 4292 529 4349; x_wconf 89' lang='lat' dir='ltr'><strong>bid.</strong></span> <span class='ocrx_word' id='word_1_357' title='bbox 598 4288 921 4360; x_wconf 69' lang='grc' dir='ltr'>Παράλιος.</span> <span class='ocrx_word' id='word_1_358' title='bbox 970 4289 1046 4345; x_wconf 91' lang='lat' dir='ltr'><strong>lta</strong></span> <span class='ocrx_word' id='word_1_359' title='bbox 1106 4306 1238 4348; x_wconf 85' lang='lat' dir='ltr'><strong>mss.</strong></span> <span class='ocrx_word' id='word_1_360' title='bbox 1302 4290 1367 4348; x_wconf 89' lang='lat' dir='ltr'><strong>L.</strong></span> <span class='ocrx_word' id='word_1_361' title='bbox 1409 4291 1742 4349; x_wconf 83' lang='lat' dir='ltr'><strong>llolsteinius</strong></span> <span class='ocrx_word' id='word_1_362' title='bbox 1789 4294 1906 4348; x_wconf 85' lang='grc' dir='ltr'>Πά-</span> 
     </span>
    </p>
   </div>
   <div class='ocr_carea' id='block_1_49' title="bbox 323 4376 1906 4452">
    <p class='ocr_par' dir='ltr' id='par_1_49' title="bbox 323 4376 1906 4452">
     <span class='ocr_line' id='line_1_49' title="bbox 323 4376 1906 4452; baseline 0.001 -21"><span class='ocrx_word' id='word_1_363' title='bbox 323 4377 487 4452; x_wconf 83' lang='grc' dir='ltr'>ραλος</span> <span class='ocrx_word' id='word_1_364' title='bbox 536 4378 814 4443; x_wconf 87' lang='lat' dir='ltr'><strong>emendat,</strong></span> <span class='ocrx_word' id='word_1_365' title='bbox 849 4376 1004 4446; x_wconf 80' lang='lat' dir='ltr'><strong>cujus</strong></span> <span class='ocrx_word' id='word_1_366' title='bbox 1053 4376 1249 4446; x_wconf 64' lang='lat' dir='ltr'><strong>praesul</strong></span> <span class='ocrx_word' id='word_1_367' title='bbox 1325 4378 1377 4432; x_wconf 94' lang='lat' dir='ltr'><strong>in</strong></span> <span class='ocrx_word' id='word_1_368' title='bbox 1413 4376 1615 4448; x_wconf 86' lang='lat' dir='ltr'><strong>Ephes.</strong></span> <span class='ocrx_word' id='word_1_369' title='bbox 1677 4380 1906 4434; x_wconf 85' lang='lat' dir='ltr'><strong>concilio</strong></span> 
     </span>
    </p>
   </div>
   <div class='ocr_carea' id='block_1_50' title="bbox 320 4459 1904 4532">
    <p class='ocr_par' dir='ltr' id='par_1_50' title="bbox 320 4459 1904 4532">
     <span class='ocr_line' id='line_1_50' title="bbox 320 4459 1904 4532; baseline -0.001 -16"><span class='ocrx_word' id='word_1_370' title='bbox 320 4477 377 4532; x_wconf 91' lang='lat' dir='ltr'><strong>p.</strong></span> <span class='ocrx_word' id='word_1_371' title='bbox 404 4459 512 4517; x_wconf 61' lang='lat'><strong>£39</strong></span> <span class='ocrx_word' id='word_1_372' title='bbox 548 4459 875 4515; x_wconf 83' lang='lat' dir='ltr'><strong>Athanasius</strong></span> <span class='ocrx_word' id='word_1_373' title='bbox 902 4459 1160 4530; x_wconf 74' lang='grc' dir='ltr'>Παράλου</span> <span class='ocrx_word' id='word_1_374' title='bbox 1185 4470 1240 4516; x_wconf 91' lang='lat' dir='ltr'><strong>ct</strong></span> <span class='ocrx_word' id='word_1_375' title='bbox 1268 4460 1322 4518; x_wconf 86' lang='lat' dir='ltr'><strong>in</strong></span> <span class='ocrx_word' id='word_1_376' title='bbox 1353 4460 1684 4526; x_wconf 81' lang='lat' dir='ltr'><strong>Chalcedon.</strong></span> <span class='ocrx_word' id='word_1_377' title='bbox 1722 4477 1774 4532; x_wconf 90' lang='lat' dir='ltr'><strong>p.</strong></span> <span class='ocrx_word' id='word_1_378' title='bbox 1807 4461 1904 4517; x_wconf 90' lang='grc'><strong>127</strong></span> 
     </span>
    </p>
   </div>
   <div class='ocr_carea' id='block_1_51' title="bbox 320 4542 1907 4613">
    <p class='ocr_par' dir='ltr' id='par_1_51' title="bbox 320 4542 1907 4613">
     <span class='ocr_line' id='line_1_51' title="bbox 320 4542 1907 4613; baseline 0.002 -16"><span class='ocrx_word' id='word_1_379' title='bbox 320 4543 604 4599; x_wconf 88' lang='lat' dir='ltr'><strong>Pasmeius</strong></span> <span class='ocrx_word' id='word_1_380' title='bbox 640 4542 897 4613; x_wconf 82' lang='grc' dir='ltr'>Παράλου</span> <span class='ocrx_word' id='word_1_381' title='bbox 945 4543 1184 4605; x_wconf 87' lang='lat' dir='ltr'><strong>dicitur.</strong></span> <span class='ocrx_word' id='word_1_382' title='bbox 1229 4552 1286 4599; x_wconf 90' lang='lat' dir='ltr'><strong>et</strong></span> <span class='ocrx_word' id='word_1_383' title='bbox 1347 4545 1399 4598; x_wconf 93' lang='lat' dir='ltr'><strong>in</strong></span> <span class='ocrx_word' id='word_1_384' title='bbox 1452 4543 1618 4599; x_wconf 88' lang='lat' dir='ltr'><strong>latina</strong></span> <span class='ocrx_word' id='word_1_385' title='bbox 1654 4546 1907 4600; x_wconf 89' lang='lat' dir='ltr'><strong>versione</strong></span> 
     </span>
    </p>
   </div>
   <div class='ocr_carea' id='block_1_52' title="bbox 317 4625 1906 4698">
    <p class='ocr_par' dir='ltr' id='par_1_52' title="bbox 317 4625 1906 4698">
     <span class='ocr_line' id='line_1_52' title="bbox 317 4625 1906 4698; baseline -0.002 -15"><span class='ocrx_word' id='word_1_386' title='bbox 317 4625 532 4692; x_wconf 78' lang='lat' dir='ltr'><strong>Parati,</strong></span> <span class='ocrx_word' id='word_1_387' title='bbox 563 4627 666 4683; x_wconf 88' lang='lat' dir='ltr'><strong>etsi</strong></span> <span class='ocrx_word' id='word_1_388' title='bbox 692 4625 1007 4698; x_wconf 81' lang='lat' dir='ltr'><strong>Ephesiante</strong></span> <span class='ocrx_word' id='word_1_389' title='bbox 1035 4625 1229 4696; x_wconf 78' lang='lat' dir='ltr'><strong>synodi</strong></span> <span class='ocrx_word' id='word_1_390' title='bbox 1260 4627 1529 4697; x_wconf 84' lang='lat' dir='ltr'><strong>interpres</strong></span> <span class='ocrx_word' id='word_1_391' title='bbox 1556 4627 1765 4681; x_wconf 83' lang='lat' dir='ltr'><strong>Paralii</strong></span> <span class='ocrx_word' id='word_1_392' title='bbox 1788 4645 1906 4682; x_wconf 90' lang='lat' dir='ltr'><strong>ma-</strong></span> 
     </span>
    </p>
   </div>
   <div class='ocr_carea' id='block_1_53' title="bbox 320 4708 1906 4780">
    <p class='ocr_par' dir='ltr' id='par_1_53' title="bbox 320 4708 1906 4780">
     <span class='ocr_line' id='line_1_53' title="bbox 320 4708 1906 4780; baseline 0.001 -15"><span class='ocrx_word' id='word_1_393' title='bbox 320 4710 501 4765; x_wconf 91' lang='lat' dir='ltr'><strong>luerit.</strong></span> <span class='ocrx_word' id='word_1_394' title='bbox 545 4710 619 4766; x_wconf 92' lang='lat' dir='ltr'><strong>De</strong></span> <span class='ocrx_word' id='word_1_395' title='bbox 652 4709 771 4780; x_wconf 86' lang='lat' dir='ltr'><strong>ejus</strong></span> <span class='ocrx_word' id='word_1_396' title='bbox 822 4710 954 4776; x_wconf 85' lang='lat' dir='ltr'><strong>situ,</strong></span> <span class='ocrx_word' id='word_1_397' title='bbox 1015 4708 1122 4765; x_wconf 87' lang='lat' dir='ltr'><strong>nisi</strong></span> <span class='ocrx_word' id='word_1_398' title='bbox 1172 4709 1313 4764; x_wconf 91' lang='lat' dir='ltr'><strong>intra</strong></span> <span class='ocrx_word' id='word_1_399' title='bbox 1363 4709 1513 4765; x_wconf 85' lang='lat' dir='ltr'><strong>Delta</strong></span> <span class='ocrx_word' id='word_1_400' title='bbox 1549 4709 1736 4778; x_wconf 81' lang='lat' dir='ltr'><strong>fuisse,</strong></span> <span class='ocrx_word' id='word_1_401' title='bbox 1772 4711 1906 4766; x_wconf 85' lang='lat' dir='ltr'><strong>nihil</strong></span> 
     </span>
    </p>
   </div>
   <div class='ocr_carea' id='block_1_54' title="bbox 317 4794 723 4849">
    <p class='ocr_par' dir='ltr' id='par_1_54' title="bbox 317 4794 723 4849">
     <span class='ocr_line' id='line_1_54' title="bbox 317 4794 723 4849; baseline -0.005 0"><span class='ocrx_word' id='word_1_402' title='bbox 317 4794 454 4849; x_wconf 85' lang='lat' dir='ltr'><strong>certi</strong></span> <span class='ocrx_word' id='word_1_403' title='bbox 483 4803 723 4848; x_wconf 85' lang='lat' dir='ltr'><strong>constat.</strong></span> 
     </span>
    </p>
   </div>
   <div class='ocr_carea' id='block_1_55' title="bbox 387 4874 1907 4949">
    <p class='ocr_par' dir='ltr' id='par_1_55' title="bbox 387 4874 1907 4949">
     <span class='ocr_line' id='line_1_55' title="bbox 387 4874 1907 4949; baseline 0.001 -18"><span class='ocrx_word' id='word_1_404' title='bbox 387 4876 506 4933; x_wconf 87' lang='lat' dir='ltr'><strong>Col.</strong></span> <span class='ocrx_word' id='word_1_405' title='bbox 542 4877 643 4933; x_wconf 77' lang='grc'><strong>156</strong></span> <span class='ocrx_word' id='word_1_406' title='bbox 682 4878 750 4936; x_wconf 89' lang='lat' dir='ltr'><strong>A.</strong></span> <span class='ocrx_word' id='word_1_407' title='bbox 796 4878 1138 4947; x_wconf 80' lang='grc' dir='ltr'>Αὐτούστα.</span> <span class='ocrx_word' id='word_1_408' title='bbox 1196 4874 1359 4932; x_wconf 84' lang='lat' dir='ltr'><strong>Forte</strong></span> <span class='ocrx_word' id='word_1_409' title='bbox 1415 4879 1907 4949; x_wconf 76' lang='grc' dir='ltr'>Αὐγουσταμνικῆς</span> 
     </span>
    </p>
   </div>
   <div class='ocr_carea' id='block_1_56' title="bbox 317 4960 1908 5034">
    <p class='ocr_par' dir='ltr' id='par_1_56' title="bbox 317 4960 1908 5034">
     <span class='ocr_line' id='line_1_56' title="bbox 317 4960 1908 5034; baseline 0.001 -17"><span class='ocrx_word' id='word_1_410' title='bbox 317 4962 597 5034; x_wconf 89' lang='lat' dir='ltr'><strong>quomodo</strong></span> <span class='ocrx_word' id='word_1_411' title='bbox 645 4960 997 5019; x_wconf 87' lang='lat' dir='ltr'><strong>Constantius</strong></span> <span class='ocrx_word' id='word_1_412' title='bbox 1056 4964 1354 5033; x_wconf 86' lang='lat' dir='ltr'><strong>imperator</strong></span> <span class='ocrx_word' id='word_1_413' title='bbox 1394 4965 1533 5032; x_wconf 90' lang='lat' dir='ltr'><strong>apud</strong></span> <span class='ocrx_word' id='word_1_414' title='bbox 1574 4964 1908 5020; x_wconf 79' lang='lat' dir='ltr'><strong>Athanasius</strong></span> 
     </span>
    </p>
   </div>
   <div class='ocr_carea' id='block_1_57' title="bbox 317 5046 1906 5117">
    <p class='ocr_par' dir='ltr' id='par_1_57' title="bbox 317 5046 1906 5117">
     <span class='ocr_line' id='line_1_57' title="bbox 317 5046 1906 5117; baseline -0.001 -17"><span class='ocrx_word' id='word_1_415' title='bbox 317 5046 544 5117; x_wconf 83' lang='lat' dir='ltr'><strong>Apolog.</strong></span> <span class='ocrx_word' id='word_1_416' title='bbox 593 5046 782 5102; x_wconf 75' lang='lat' dir='ltr'><strong>Arian.</strong></span> <span class='ocrx_word' id='word_1_417' title='bbox 828 5062 881 5117; x_wconf 77' lang='grc' dir='ltr'><strong>ιι.</strong></span> <span class='ocrx_word' id='word_1_418' title='bbox 914 5047 1018 5102; x_wconf 72' lang='grc'><strong>174</strong></span> <span class='ocrx_word' id='word_1_419' title='bbox 1054 5048 1169 5110; x_wconf 78' lang='grc' dir='ltr'>τοῖς</span> <span class='ocrx_word' id='word_1_420' title='bbox 1202 5047 1260 5101; x_wconf 83' lang='grc' dir='ltr'>ὲν</span> <span class='ocrx_word' id='word_1_421' title='bbox 1315 5047 1772 5116; x_wconf 70' lang='grc' dir='ltr'>Αύγουρταμνικῇ</span> <span class='ocrx_word' id='word_1_422' title='bbox 1809 5047 1906 5101; x_wconf 71' lang='grc' dir='ltr'>καὶ</span> 
     </span>
    </p>
   </div>
   <div class='ocr_carea' id='block_1_58' title="bbox 316 5127 1905 5201">
    <p class='ocr_par' dir='ltr' id='par_1_58' title="bbox 316 5127 1905 5201">
     <span class='ocr_line' id='line_1_58' title="bbox 316 5127 1905 5201; baseline 0.001 -20"><span class='ocrx_word' id='word_1_423' title='bbox 316 5127 550 5198; x_wconf 77' lang='grc' dir='ltr'>Θηὸαῒδι</span> <span class='ocrx_word' id='word_1_424' title='bbox 594 5127 690 5184; x_wconf 76' lang='grc' dir='ltr'>καὶ</span> <span class='ocrx_word' id='word_1_425' title='bbox 728 5127 958 5193; x_wconf 78' lang='grc' dir='ltr'>Δισύαις</span> <span class='ocrx_word' id='word_1_426' title='bbox 1000 5132 1277 5201; x_wconf 56' lang='lat' dir='ltr'><strong>Maurici:</strong></span> <span class='ocrx_word' id='word_1_427' title='bbox 1324 5145 1422 5200; x_wconf 90' lang='lat' dir='ltr'><strong>pro</strong></span> <span class='ocrx_word' id='word_1_428' title='bbox 1478 5131 1676 5199; x_wconf 85' lang='lat' dir='ltr'><strong>quibus</strong></span> <span class='ocrx_word' id='word_1_429' title='bbox 1730 5128 1905 5184; x_wconf 77' lang='lat' dir='ltr'><strong>Meta-</strong></span> 
     </span>
    </p>
   </div>
   <div class='ocr_carea' id='block_1_59' title="bbox 317 5211 1907 5284">
    <p class='ocr_par' dir='ltr' id='par_1_59' title="bbox 317 5211 1907 5284">
     <span class='ocr_line' id='line_1_59' title="bbox 317 5211 1907 5284; baseline -0.001 -18"><span class='ocrx_word' id='word_1_430' title='bbox 317 5213 572 5282; x_wconf 86' lang='lat' dir='ltr'><strong>phrastes</strong></span> <span class='ocrx_word' id='word_1_431' title='bbox 597 5211 648 5266; x_wconf 88' lang='lat' dir='ltr'><strong>itt</strong></span> <span class='ocrx_word' id='word_1_432' title='bbox 675 5213 957 5269; x_wconf 84' lang='lat' dir='ltr'><strong>Athanasii</strong></span> <span class='ocrx_word' id='word_1_433' title='bbox 1003 5212 1122 5267; x_wconf 82' lang='lat' dir='ltr'><strong>Vita</strong></span> <span class='ocrx_word' id='word_1_434' title='bbox 1144 5230 1193 5267; x_wconf 86' lang='lat' dir='ltr'><strong>c.</strong></span> <span class='ocrx_word' id='word_1_435' title='bbox 1214 5213 1273 5267; x_wconf 91' lang='grc'><strong>11</strong></span> <span class='ocrx_word' id='word_1_436' title='bbox 1313 5214 1426 5278; x_wconf 83' lang='grc' dir='ltr'>τοῖς</span> <span class='ocrx_word' id='word_1_437' title='bbox 1448 5214 1507 5266; x_wconf 78' lang='grc' dir='ltr'><strong>ὲν</strong></span> <span class='ocrx_word' id='word_1_438' title='bbox 1527 5213 1780 5284; x_wconf 78' lang='grc' dir='ltr'>Ταμνικῇ</span> <span class='ocrx_word' id='word_1_439' title='bbox 1812 5212 1907 5265; x_wconf 79' lang='grc' dir='ltr'>καὶ</span> 
     </span>
    </p>
   </div>
   <div class='ocr_carea' id='block_1_60' title="bbox 316 5294 1902 5371">
    <p class='ocr_par' dir='ltr' id='par_1_60' title="bbox 316 5294 1902 5371">
     <span class='ocr_line' id='line_1_60' title="bbox 316 5294 1902 5371; baseline 0.001 -21"><span class='ocrx_word' id='word_1_440' title='bbox 316 5294 548 5367; x_wconf 72' lang='grc' dir='ltr'>Θηϐαΐδι</span> <span class='ocrx_word' id='word_1_441' title='bbox 600 5295 697 5350; x_wconf 77' lang='grc' dir='ltr'>καὶ</span> <span class='ocrx_word' id='word_1_442' title='bbox 751 5296 955 5371; x_wconf 81' lang='grc' dir='ltr'>Λιϐύῃ’</span> <span class='ocrx_word' id='word_1_443' title='bbox 989 5296 1253 5369; x_wconf 74' lang='grc' dir='ltr'>ἡγεμόσι.</span> <span class='ocrx_word' id='word_1_444' title='bbox 1302 5295 1589 5366; x_wconf 85' lang='lat' dir='ltr'><strong>Perperam</strong></span> <span class='ocrx_word' id='word_1_445' title='bbox 1647 5296 1902 5363; x_wconf 87' lang='lat' dir='ltr'><strong>diceres,</strong></span> 
     </span>
    </p>
   </div>
   <div class='ocr_carea' id='block_1_61' title="bbox 320 5379 1906 5452">
    <p class='ocr_par' dir='ltr' id='par_1_61' title="bbox 320 5379 1906 5452">
     <span class='ocr_line' id='line_1_61' title="bbox 320 5379 1906 5452; baseline -0.001 -15"><span class='ocrx_word' id='word_1_446' title='bbox 320 5381 427 5437; x_wconf 88' lang='lat' dir='ltr'><strong>nisi</strong></span> <span class='ocrx_word' id='word_1_447' title='bbox 457 5379 609 5435; x_wconf 83' lang='lat' dir='ltr'><strong>Nilus</strong></span> <span class='ocrx_word' id='word_1_448' title='bbox 640 5379 999 5451; x_wconf 80' lang='lat' dir='ltr'><strong>Doxopatrius</strong></span> <span class='ocrx_word' id='word_1_449' title='bbox 1033 5393 1163 5437; x_wconf 91' lang='lat' dir='ltr'><strong>tom.</strong></span> <span class='ocrx_word' id='word_1_450' title='bbox 1194 5382 1236 5449; x_wconf 88' lang='grc'><strong>1,</strong></span> <span class='ocrx_word' id='word_1_451' title='bbox 1272 5379 1398 5436; x_wconf 82' lang='lat' dir='ltr'><strong>Var.</strong></span> <span class='ocrx_word' id='word_1_452' title='bbox 1439 5379 1595 5437; x_wconf 86' lang='lat' dir='ltr'><strong>Sacr.</strong></span> <span class='ocrx_word' id='word_1_453' title='bbox 1620 5379 1694 5436; x_wconf 87' lang='lat' dir='ltr'><strong>Le</strong></span> <span class='ocrx_word' id='word_1_454' title='bbox 1716 5380 1906 5452; x_wconf 84' lang='lat' dir='ltr'><strong>llloyue</strong></span> 
     </span>
    </p>
   </div>
   <div class='ocr_carea' id='block_1_62' title="bbox 320 5459 1902 5540">
    <p class='ocr_par' dir='ltr' id='par_1_62' title="bbox 320 5459 1902 5540">
     <span class='ocr_line' id='line_1_62' title="bbox 320 5459 1902 5540; baseline -0.001 -21"><span class='ocrx_word' id='word_1_455' title='bbox 320 5482 375 5536; x_wconf 88' lang='lat' dir='ltr'><strong>p.</strong></span> <span class='ocrx_word' id='word_1_456' title='bbox 408 5464 518 5519; x_wconf 76' lang='lat'><strong>225</strong></span> <span class='ocrx_word' id='word_1_457' title='bbox 558 5462 658 5536; x_wconf 75' lang='grc' dir='ltr'><strong>τὴν</strong></span> <span class='ocrx_word' id='word_1_458' title='bbox 691 5465 915 5537; x_wconf 82' lang='grc' dir='ltr'>πρώτην</span> <span class='ocrx_word' id='word_1_459' title='bbox 952 5467 1282 5536; x_wconf 79' lang='grc' dir='ltr'>Σταμνικῆς,</span> <span class='ocrx_word' id='word_1_460' title='bbox 1318 5468 1377 5519; x_wconf 81' lang='grc' dir='ltr'>ὲν</span> <span class='ocrx_word' id='word_1_461' title='bbox 1406 5459 1656 5540; x_wconf 83' lang='grc' dir='ltr'>ᾗπρώτη</span> <span class='ocrx_word' id='word_1_462' title='bbox 1695 5464 1902 5535; x_wconf 77' lang='grc' dir='ltr'>μητρό-</span> 
     </span>
    </p>
   </div>
   <div class='ocr_carea' id='block_1_63' title="bbox 320 5549 1904 5621">
    <p class='ocr_par' dir='ltr' id='par_1_63' title="bbox 320 5549 1904 5621">
     <span class='ocr_line' id='line_1_63' title="bbox 320 5549 1904 5621; baseline 0.001 -20"><span class='ocrx_word' id='word_1_463' title='bbox 320 5549 476 5611; x_wconf 85' lang='grc' dir='ltr'>πολις</span> <span class='ocrx_word' id='word_1_464' title='bbox 526 5549 587 5602; x_wconf 82' lang='grc' dir='ltr'>τὸ</span> <span class='ocrx_word' id='word_1_465' title='bbox 634 5549 936 5621; x_wconf 82' lang='grc' dir='ltr'>Πηλούσιον</span> <span class='ocrx_word' id='word_1_466' title='bbox 968 5559 1021 5604; x_wconf 91' lang='lat' dir='ltr'><strong>et</strong></span> <span class='ocrx_word' id='word_1_467' title='bbox 1047 5565 1168 5606; x_wconf 78' lang='lat' dir='ltr'><strong>mox</strong></span> <span class='ocrx_word' id='word_1_468' title='bbox 1204 5551 1303 5620; x_wconf 82' lang='grc' dir='ltr'>τὴν</span> <span class='ocrx_word' id='word_1_469' title='bbox 1335 5549 1597 5620; x_wconf 77' lang='grc' dir='ltr'>δευτέραν</span> <span class='ocrx_word' id='word_1_470' title='bbox 1636 5549 1904 5620; x_wconf 79' lang='grc' dir='ltr'>ἐπαρχίαν</span> 
     </span>
    </p>
   </div>
   <div class='ocr_carea' id='block_1_64' title="bbox 320 5633 1903 5703">
    <p class='ocr_par' dir='ltr' id='par_1_64' title="bbox 320 5633 1903 5703">
     <span class='ocr_line' id='line_1_64' title="bbox 320 5633 1903 5703; baseline 0.002 -17"><span class='ocrx_word' id='word_1_471' title='bbox 320 5634 638 5703; x_wconf 80' lang='grc' dir='ltr'>Σταμνικῆς</span> <span class='ocrx_word' id='word_1_472' title='bbox 658 5634 905 5697; x_wconf 88' lang='lat' dir='ltr'><strong>haberet,</strong></span> <span class='ocrx_word' id='word_1_473' title='bbox 926 5635 1399 5703; x_wconf 84' lang='lat' dir='ltr'><strong>suspicionemque</strong></span> <span class='ocrx_word' id='word_1_474' title='bbox 1420 5633 1667 5702; x_wconf 86' lang='lat' dir='ltr'><strong>injiceret</strong></span> <span class='ocrx_word' id='word_1_475' title='bbox 1697 5636 1903 5690; x_wconf 89' lang='lat' dir='ltr'><strong>seriore</strong></span> 
     </span>
    </p>
   </div>
   <div class='ocr_carea' id='block_1_65' title="bbox 320 5718 1902 5791">
    <p class='ocr_par' dir='ltr' id='par_1_65' title="bbox 320 5718 1902 5791">
     <span class='ocr_line' id='line_1_65' title="bbox 320 5718 1902 5791; baseline 0 -18"><span class='ocrx_word' id='word_1_476' title='bbox 320 5733 436 5773; x_wconf 67' lang='lat' dir='ltr'><strong>aevo</strong></span> <span class='ocrx_word' id='word_1_477' title='bbox 461 5718 793 5774; x_wconf 84' lang='lat' dir='ltr'><strong>Stamnicam</strong></span> <span class='ocrx_word' id='word_1_478' title='bbox 812 5720 1140 5789; x_wconf 80' lang='lat' dir='ltr'><strong>provinciam</strong></span> <span class='ocrx_word' id='word_1_479' title='bbox 1167 5734 1265 5790; x_wconf 88' lang='lat' dir='ltr'><strong>pro</strong></span> <span class='ocrx_word' id='word_1_480' title='bbox 1285 5718 1705 5791; x_wconf 77' lang='lat' dir='ltr'><strong>Augustamnica</strong></span> <span class='ocrx_word' id='word_1_481' title='bbox 1736 5718 1902 5775; x_wconf 82' lang='lat' dir='ltr'><strong>fuisse</strong></span> 
     </span>
    </p>
   </div>
   <div class='ocr_carea' id='block_1_66' title="bbox 320 5803 1900 5876">
    <p class='ocr_par' dir='ltr' id='par_1_66' title="bbox 320 5803 1900 5876">
     <span class='ocr_line' id='line_1_66' title="bbox 320 5803 1900 5876; baseline 0.003 -20"><span class='ocrx_word' id='word_1_482' title='bbox 320 5812 661 5874; x_wconf 83' lang='lat' dir='ltr'><strong>usurpatam.</strong></span> <span class='ocrx_word' id='word_1_483' title='bbox 692 5803 869 5860; x_wconf 89' lang='lat' dir='ltr'><strong>Latini</strong></span> <span class='ocrx_word' id='word_1_484' title='bbox 916 5805 1399 5875; x_wconf 80' lang='lat' dir='ltr'><strong>Augustamnicam</strong></span> <span class='ocrx_word' id='word_1_485' title='bbox 1436 5813 1491 5863; x_wconf 90' lang='lat' dir='ltr'><strong>et</strong></span> <span class='ocrx_word' id='word_1_486' title='bbox 1550 5804 1900 5876; x_wconf 83' lang='lat' dir='ltr'><strong>Augustani-</strong></span> 
     </span>
    </p>
   </div>
   <div class='ocr_carea' id='block_1_67' title="bbox 1151 325 2717 396">
    <p class='ocr_par' dir='ltr' id='par_1_67' title="bbox 1151 325 2717 396">
     <span class='ocr_line' id='line_1_67' title="bbox 1151 325 2717 396; baseline 0.001 -4"><span class='ocrx_word' id='word_1_487' title='bbox 1151 330 1543 394; x_wconf 78' lang='lat' dir='ltr'><strong>COMMENT.</strong></span> <span class='ocrx_word' id='word_1_488' title='bbox 1584 328 1671 391; x_wconf 89' lang='lat' dir='ltr'><strong>IN</strong></span> <span class='ocrx_word' id='word_1_489' title='bbox 1709 325 2134 389; x_wconf 79' lang='lat' dir='ltr'><strong>HIEROCLIS</strong></span> <span class='ocrx_word' id='word_1_490' title='bbox 2170 329 2717 396; x_wconf 62' lang='lat' dir='ltr'><strong>SiNECDEMUM.</strong></span> 
     </span>
    </p>
   </div>
   <div class='ocr_carea' id='block_1_68' title="bbox 3470 340 3609 409">
    <p class='ocr_par' dir='ltr' id='par_1_68' title="bbox 3470 340 3609 409">
     <span class='ocr_line' id='line_1_68' title="bbox 3470 340 3609 409; baseline 0.029 -3"><span class='ocrx_word' id='word_1_491' title='bbox 3470 340 3609 409; x_wconf 83' lang='grc'><strong>1186</strong></span> 
     </span>
    </p>
   </div>
   <div class='ocr_carea' id='block_1_69' title="bbox 2023 448 3610 532">
    <p class='ocr_par' dir='ltr' id='par_1_69' title="bbox 2023 448 3610 532">
     <span class='ocr_line' id='line_1_69' title="bbox 2023 448 3610 532; baseline 0.013 -33"><span class='ocrx_word' id='word_1_492' title='bbox 2023 458 2165 532; x_wconf 77' lang='lat' dir='ltr'><strong>eaut,</strong></span> <span class='ocrx_word' id='word_1_493' title='bbox 2197 461 2301 514; x_wconf 91' lang='lat' dir='ltr'><strong>qua</strong></span> <span class='ocrx_word' id='word_1_494' title='bbox 2333 450 2399 532; x_wconf 72' lang='lat' dir='ltr'><strong>d_e</strong></span> <span class='ocrx_word' id='word_1_495' title='bbox 2452 448 2617 503; x_wconf 80' lang='lat' dir='ltr'><strong>Henr.</strong></span> <span class='ocrx_word' id='word_1_496' title='bbox 2659 449 2902 508; x_wconf 82' lang='lat' dir='ltr'><strong>Valesius</strong></span> <span class='ocrx_word' id='word_1_497' title='bbox 2948 453 3003 509; x_wconf 87' lang='lat' dir='ltr'><strong>in</strong></span> <span class='ocrx_word' id='word_1_498' title='bbox 3041 453 3307 513; x_wconf 80' lang='lat' dir='ltr'><strong>Ammian.</strong></span> <span class='ocrx_word' id='word_1_499' title='bbox 3341 474 3476 527; x_wconf 77' lang='lat' dir='ltr'><strong>ult,</strong></span> <span class='ocrx_word' id='word_1_500' title='bbox 3522 462 3610 532; x_wconf 88' lang='grc'><strong>16,</strong></span> 
     </span>
    </p>
   </div>
   <div class='ocr_carea' id='block_1_70' title="bbox 2019 530 3613 614">
    <p class='ocr_par' dir='ltr' id='par_1_70' title="bbox 2019 530 3613 614">
     <span class='ocr_line' id='line_1_70' title="bbox 2019 530 3613 614; baseline 0.014 -33"><span class='ocrx_word' id='word_1_501' title='bbox 2019 530 2298 614; x_wconf 77' lang='lat' dir='ltr'><strong>vocitant;</strong></span> <span class='ocrx_word' id='word_1_502' title='bbox 2344 530 2679 614; x_wconf 63' lang='lat' dir='ltr'><strong>Epiphanius</strong></span> <span class='ocrx_word' id='word_1_503' title='bbox 2731 534 2952 600; x_wconf 71' lang='lat' dir='ltr'><strong>limes,</strong></span> <span class='ocrx_word' id='word_1_504' title='bbox 3010 537 3078 593; x_wconf 78' lang='lat'><strong>75</strong></span> <span class='ocrx_word' id='word_1_505' title='bbox 3132 554 3185 596; x_wconf 89' lang='lat' dir='ltr'><strong>e.</strong></span> <span class='ocrx_word' id='word_1_506' title='bbox 3231 541 3350 607; x_wconf 88' lang='lat'><strong>26.,</strong></span> <span class='ocrx_word' id='word_1_507' title='bbox 3399 530 3613 614; x_wconf 54' lang='grc' dir='ltr'>Δύγουὲ</span> 
     </span>
    </p>
   </div>
   <div class='ocr_carea' id='block_1_71' title="bbox 2018 611 3615 698">
    <p class='ocr_par' dir='ltr' id='par_1_71' title="bbox 2018 611 3615 698">
     <span class='ocr_line' id='line_1_71' title="bbox 2018 611 3615 698; baseline 0.014 -35"><span class='ocrx_word' id='word_1_508' title='bbox 2018 611 2301 698; x_wconf 79' lang='grc' dir='ltr'>στανίκην.</span> <span class='ocrx_word' id='word_1_509' title='bbox 2342 611 2578 685; x_wconf 71' lang='lat' dir='ltr'><strong>Cyr-illus</strong></span> <span class='ocrx_word' id='word_1_510' title='bbox 2600 617 2764 685; x_wconf 88' lang='lat' dir='ltr'><strong>epist.</strong></span> <span class='ocrx_word' id='word_1_511' title='bbox 2793 621 2859 672; x_wconf 89' lang='lat' dir='ltr'><strong>ad</strong></span> <span class='ocrx_word' id='word_1_512' title='bbox 2886 620 3129 676; x_wconf 82' lang='lat' dir='ltr'><strong>Atticum</strong></span> <span class='ocrx_word' id='word_1_513' title='bbox 3173 638 3227 693; x_wconf 89' lang='lat' dir='ltr'><strong>p.</strong></span> <span class='ocrx_word' id='word_1_514' title='bbox 3265 624 3371 680; x_wconf 82' lang='lat'><strong>205</strong></span> <span class='ocrx_word' id='word_1_515' title='bbox 3412 611 3615 698; x_wconf 75' lang='grc' dir='ltr'>Αὐγουο</span> 
     </span>
    </p>
   </div>
   <div class='ocr_carea' id='block_1_72' title="bbox 2021 694 3612 783">
    <p class='ocr_par' dir='ltr' id='par_1_72' title="bbox 2021 694 3612 783">
     <span class='ocr_line' id='line_1_72' title="bbox 2021 694 3612 783; baseline 0.014 -34"><span class='ocrx_word' id='word_1_516' title='bbox 2021 694 2311 783; x_wconf 50' lang='grc' dir='ltr'>σταλικήνι</span> <span class='ocrx_word' id='word_1_517' title='bbox 2347 698 2671 770; x_wconf 87' lang='lat' dir='ltr'><strong>Speculator</strong></span> <span class='ocrx_word' id='word_1_518' title='bbox 2702 705 2761 756; x_wconf 79' lang='grc' dir='ltr'>ὲν</span> <span class='ocrx_word' id='word_1_519' title='bbox 2798 707 2862 776; x_wconf 77' lang='grc' dir='ltr'>τῇ</span> <span class='ocrx_word' id='word_1_520' title='bbox 2924 705 3373 783; x_wconf 77' lang='grc' dir='ltr'>Δύγουσταλιανῇ</span> <span class='ocrx_word' id='word_1_521' title='bbox 3433 694 3519 770; x_wconf 79' lang='lat' dir='ltr'><strong>est</strong></span> <span class='ocrx_word' id='word_1_522' title='bbox 3558 717 3612 771; x_wconf 92' lang='lat' dir='ltr'><strong>iu</strong></span> 
     </span>
    </p>
   </div>
   <div class='ocr_carea' id='block_1_73' title="bbox 2017 778 3616 857">
    <p class='ocr_par' dir='ltr' id='par_1_73' title="bbox 2017 778 3616 857">
     <span class='ocr_line' id='line_1_73' title="bbox 2017 778 3616 857; baseline 0.013 -25"><span class='ocrx_word' id='word_1_523' title='bbox 2017 778 2300 836; x_wconf 87' lang='lat' dir='ltr'><strong>Athanasii</strong></span> <span class='ocrx_word' id='word_1_524' title='bbox 2324 783 2516 837; x_wconf 89' lang='lat' dir='ltr'><strong>eadem</strong></span> <span class='ocrx_word' id='word_1_525' title='bbox 2543 784 2765 857; x_wconf 80' lang='lat' dir='ltr'><strong>Apolog.</strong></span> <span class='ocrx_word' id='word_1_526' title='bbox 2796 800 2852 856; x_wconf 88' lang='lat' dir='ltr'><strong>p.</strong></span> <span class='ocrx_word' id='word_1_527' title='bbox 2888 786 3012 853; x_wconf 85' lang='grc'>199,</span> <span class='ocrx_word' id='word_1_528' title='bbox 3045 791 3140 845; x_wconf 90' lang='lat' dir='ltr'><strong>sed</strong></span> <span class='ocrx_word' id='word_1_529' title='bbox 3168 791 3213 848; x_wconf 90' lang='lat' dir='ltr'><strong>is</strong></span> <span class='ocrx_word' id='word_1_530' title='bbox 3241 778 3485 852; x_wconf 71' lang='lat' dir='ltr'><strong>cohortis</strong></span> <span class='ocrx_word' id='word_1_531' title='bbox 3513 798 3616 852; x_wconf 78' lang='lat' dir='ltr'><strong>fuit</strong></span> 
     </span>
    </p>
   </div>
   <div class='ocr_carea' id='block_1_74' title="bbox 2018 865 3611 941">
    <p class='ocr_par' dir='ltr' id='par_1_74' title="bbox 2018 865 3611 941">
     <span class='ocr_line' id='line_1_74' title="bbox 2018 865 3611 941; baseline 0.011 -23"><span class='ocrx_word' id='word_1_532' title='bbox 2018 865 2449 934; x_wconf 69' lang='lat' dir='ltr'><strong>Augustalianae,</strong></span> <span class='ocrx_word' id='word_1_533' title='bbox 2513 866 2669 938; x_wconf 85' lang='lat' dir='ltr'><strong>cujus</strong></span> <span class='ocrx_word' id='word_1_534' title='bbox 2723 869 2855 941; x_wconf 90' lang='lat' dir='ltr'><strong>imp.</strong></span> <span class='ocrx_word' id='word_1_535' title='bbox 2908 869 3251 932; x_wconf 83' lang='lat' dir='ltr'><strong>Justinianus</strong></span> <span class='ocrx_word' id='word_1_536' title='bbox 3298 877 3473 933; x_wconf 83' lang='lat' dir='ltr'><strong>Edict.</strong></span> <span class='ocrx_word' id='word_1_537' title='bbox 3515 896 3611 936; x_wconf 78' lang='lat' dir='ltr'><strong>sm</strong></span> 
     </span>
    </p>
   </div>
   <div class='ocr_carea' id='block_1_75' title="bbox 2017 947 3608 1028">
    <p class='ocr_par' dir='ltr' id='par_1_75' title="bbox 2017 947 3608 1028">
     <span class='ocr_line' id='line_1_75' title="bbox 2017 947 3608 1028; baseline 0.011 -27"><span class='ocrx_word' id='word_1_538' title='bbox 2017 963 2066 1003; x_wconf 92' lang='lat' dir='ltr'><strong>c.</strong></span> <span class='ocrx_word' id='word_1_539' title='bbox 2089 947 2124 1000; x_wconf 92' lang='lat'><strong>2</strong></span> <span class='ocrx_word' id='word_1_540' title='bbox 2157 948 2422 1004; x_wconf 90' lang='lat' dir='ltr'><strong>meminit.</strong></span> <span class='ocrx_word' id='word_1_541' title='bbox 2454 949 2604 1005; x_wconf 87' lang='lat' dir='ltr'><strong>Dicta</strong></span> <span class='ocrx_word' id='word_1_542' title='bbox 2630 951 3055 1023; x_wconf 82' lang='lat' dir='ltr'><strong>Augustamnica</strong></span> <span class='ocrx_word' id='word_1_543' title='bbox 3074 959 3142 1013; x_wconf 90' lang='lat' dir='ltr'><strong>ab</strong></span> <span class='ocrx_word' id='word_1_544' title='bbox 3166 974 3326 1016; x_wconf 88' lang='lat' dir='ltr'><strong>amne</strong></span> <span class='ocrx_word' id='word_1_545' title='bbox 3353 959 3478 1018; x_wconf 87' lang='lat' dir='ltr'><strong>Nilo</strong></span> <span class='ocrx_word' id='word_1_546' title='bbox 3502 973 3608 1028; x_wconf 88' lang='lat' dir='ltr'><strong>est,</strong></span> 
     </span>
    </p>
   </div>
   <div class='ocr_carea' id='block_1_76' title="bbox 2016 1032 3610 1104">
    <p class='ocr_par' dir='ltr' id='par_1_76' title="bbox 2016 1032 3610 1104">
     <span class='ocr_line' id='line_1_76' title="bbox 2016 1032 3610 1104; baseline 0.014 -25"><span class='ocrx_word' id='word_1_547' title='bbox 2016 1045 2175 1099; x_wconf 82' lang='lat' dir='ltr'><strong>quem</strong></span> <span class='ocrx_word' id='word_1_548' title='bbox 2208 1045 2425 1087; x_wconf 90' lang='lat' dir='ltr'><strong>amnem</strong></span> <span class='ocrx_word' id='word_1_549' title='bbox 2454 1032 2756 1104; x_wconf 78' lang='lat' dir='ltr'><strong>Augustum</strong></span> <span class='ocrx_word' id='word_1_550' title='bbox 2810 1038 3124 1096; x_wconf 85' lang='lat' dir='ltr'><strong>nominasse</strong></span> <span class='ocrx_word' id='word_1_551' title='bbox 3154 1041 3427 1100; x_wconf 89' lang='lat' dir='ltr'><strong>videntur.</strong></span> <span class='ocrx_word' id='word_1_552' title='bbox 3477 1045 3610 1101; x_wconf 85' lang='lat' dir='ltr'><strong>Pro-</strong></span> 
     </span>
    </p>
   </div>
   <div class='ocr_carea' id='block_1_77' title="bbox 2018 1113 3613 1198">
    <p class='ocr_par' dir='ltr' id='par_1_77' title="bbox 2018 1113 3613 1198">
     <span class='ocr_line' id='line_1_77' title="bbox 2018 1113 3613 1198; baseline 0.011 -33"><span class='ocrx_word' id='word_1_553' title='bbox 2018 1113 2209 1198; x_wconf 61' lang='lat' dir='ltr'><strong>vinciae</strong></span> <span class='ocrx_word' id='word_1_554' title='bbox 2240 1125 2606 1198; x_wconf 71' lang='lat' dir='ltr'><strong>correctorem</strong></span> <span class='ocrx_word' id='word_1_555' title='bbox 2638 1127 2694 1171; x_wconf 90' lang='lat' dir='ltr'><strong>et</strong></span> <span class='ocrx_word' id='word_1_556' title='bbox 2728 1118 2937 1174; x_wconf 81' lang='lat' dir='ltr'><strong>Notitia</strong></span> <span class='ocrx_word' id='word_1_557' title='bbox 2973 1120 3230 1191; x_wconf 85' lang='lat' dir='ltr'><strong>imposuit</strong></span> <span class='ocrx_word' id='word_1_558' title='bbox 3258 1141 3306 1178; x_wconf 90' lang='lat' dir='ltr'><strong>e.</strong></span> <span class='ocrx_word' id='word_1_559' title='bbox 3333 1126 3386 1191; x_wconf 88' lang='grc'><strong>1,</strong></span> <span class='ocrx_word' id='word_1_560' title='bbox 3420 1137 3613 1198; x_wconf 87' lang='lat' dir='ltr'><strong>estque</strong></span> 
     </span>
    </p>
   </div>
   <div class='ocr_carea' id='block_1_78' title="bbox 2019 1193 3611 1282">
    <p class='ocr_par' dir='ltr' id='par_1_78' title="bbox 2019 1193 3611 1282">
     <span class='ocr_line' id='line_1_78' title="bbox 2019 1193 3611 1282; baseline 0.012 -36"><span class='ocrx_word' id='word_1_561' title='bbox 2019 1193 2207 1282; x_wconf 78' lang='lat' dir='ltr'><strong>lsidori</strong></span> <span class='ocrx_word' id='word_1_562' title='bbox 2245 1195 2535 1282; x_wconf 84' lang='lat' dir='ltr'><strong>Pelusiotae</strong></span> <span class='ocrx_word' id='word_1_563' title='bbox 2571 1200 2611 1254; x_wconf 95' lang='grc'><strong>1.</strong></span> <span class='ocrx_word' id='word_1_564' title='bbox 2648 1200 2708 1265; x_wconf 87' lang='grc'><strong>2,</strong></span> <span class='ocrx_word' id='word_1_565' title='bbox 2738 1216 2826 1271; x_wconf 90' lang='lat' dir='ltr'><strong>ep.</strong></span> <span class='ocrx_word' id='word_1_566' title='bbox 2864 1203 2933 1258; x_wconf 83' lang='grc'><strong>15</strong></span> <span class='ocrx_word' id='word_1_567' title='bbox 2974 1206 3041 1259; x_wconf 89' lang='lat' dir='ltr'><strong>ad</strong></span> <span class='ocrx_word' id='word_1_568' title='bbox 3076 1204 3429 1275; x_wconf 85' lang='lat' dir='ltr'><strong>Serapionem</strong></span> <span class='ocrx_word' id='word_1_569' title='bbox 3465 1193 3611 1282; x_wconf 72' lang='grc' dir='ltr'>ιςὸρ-</span> 
     </span>
    </p>
   </div>
   <div class='ocr_carea' id='block_1_79' title="bbox 2018 1277 3607 1358">
    <p class='ocr_par' dir='ltr' id='par_1_79' title="bbox 2018 1277 3607 1358">
     <span class='ocr_line' id='line_1_79' title="bbox 2018 1277 3607 1358; baseline 0.013 -29"><span class='ocrx_word' id='word_1_570' title='bbox 2018 1277 2271 1347; x_wconf 84' lang='grc' dir='ltr'>ρίκτορα,</span> <span class='ocrx_word' id='word_1_571' title='bbox 2303 1290 2360 1335; x_wconf 91' lang='lat' dir='ltr'><strong>et</strong></span> <span class='ocrx_word' id='word_1_572' title='bbox 2394 1280 2578 1350; x_wconf 80' lang='lat' dir='ltr'><strong>plures</strong></span> <span class='ocrx_word' id='word_1_573' title='bbox 2611 1283 2678 1338; x_wconf 89' lang='lat' dir='ltr'><strong>ad</strong></span> <span class='ocrx_word' id='word_1_574' title='bbox 2709 1285 3009 1341; x_wconf 88' lang='lat' dir='ltr'><strong>Ausonium</strong></span> <span class='ocrx_word' id='word_1_575' title='bbox 3036 1283 3422 1358; x_wconf 81' lang='lat' dir='ltr'><strong>correctorem,</strong></span> <span class='ocrx_word' id='word_1_576' title='bbox 3466 1304 3525 1348; x_wconf 88' lang='lat' dir='ltr'><strong>ut</strong></span> <span class='ocrx_word' id='word_1_577' title='bbox 3549 1277 3607 1350; x_wconf 55' lang='grc'><strong>’1.</strong></span> 
     </span>
    </p>
   </div>
   <div class='ocr_carea' id='block_1_80' title="bbox 2019 1362 3072 1438">
    <p class='ocr_par' dir='ltr' id='par_1_80' title="bbox 2019 1362 3072 1438">
     <span class='ocr_line' id='line_1_80' title="bbox 2019 1362 3072 1438; baseline 0.01 -25"><span class='ocrx_word' id='word_1_578' title='bbox 2019 1375 2035 1413; x_wconf 95' lang='grc' dir='ltr'>ι</span> <span class='ocrx_word' id='word_1_579' title='bbox 2066 1375 2153 1429; x_wconf 85' lang='lat' dir='ltr'><strong>ep.</strong></span> <span class='ocrx_word' id='word_1_580' title='bbox 2187 1362 2290 1416; x_wconf 88' lang='grc'><strong>116</strong></span> <span class='ocrx_word' id='word_1_581' title='bbox 2320 1370 2378 1416; x_wconf 91' lang='lat' dir='ltr'><strong>et</strong></span> <span class='ocrx_word' id='word_1_582' title='bbox 2406 1362 2470 1419; x_wconf 87' lang='lat' dir='ltr'><strong>L.</strong></span> <span class='ocrx_word' id='word_1_583' title='bbox 2497 1366 2533 1420; x_wconf 82' lang='lat'><strong>2</strong></span> <span class='ocrx_word' id='word_1_584' title='bbox 2553 1381 2642 1437; x_wconf 88' lang='lat' dir='ltr'><strong>ep.</strong></span> <span class='ocrx_word' id='word_1_585' title='bbox 2674 1366 2746 1421; x_wconf 83' lang='lat'><strong>25</strong></span> <span class='ocrx_word' id='word_1_586' title='bbox 2766 1375 2818 1422; x_wconf 89' lang='lat' dir='ltr'><strong>et</strong></span> <span class='ocrx_word' id='word_1_587' title='bbox 2848 1369 3072 1438; x_wconf 91' lang='lat' dir='ltr'><strong>passim.</strong></span> 
     </span>
    </p>
   </div>
   <div class='ocr_carea' id='block_1_81' title="bbox 2085 1442 3606 1525">
    <p class='ocr_par' dir='ltr' id='par_1_81' title="bbox 2085 1442 3606 1525">
     <span class='ocr_line' id='line_1_81' title="bbox 2085 1442 3606 1525; baseline 0.013 -30"><span class='ocrx_word' id='word_1_588' title='bbox 2085 1442 2698 1518; x_wconf 73' lang='lat' dir='ltr'><strong>lhid.&#39;Pwoxdpovpa.</strong></span> <span class='ocrx_word' id='word_1_589' title='bbox 2741 1450 2859 1507; x_wconf 86' lang='lat' dir='ltr'><strong>Non</strong></span> <span class='ocrx_word' id='word_1_590' title='bbox 2901 1454 3018 1508; x_wconf 64' lang='lat' dir='ltr'><strong>hate</strong></span> <span class='ocrx_word' id='word_1_591' title='bbox 3057 1458 3352 1525; x_wconf 85' lang='lat' dir='ltr'><strong>provinciae</strong></span> <span class='ocrx_word' id='word_1_592' title='bbox 3400 1466 3606 1515; x_wconf 87' lang='lat' dir='ltr'><strong>metro-</strong></span> 
     </span>
    </p>
   </div>
   <div class='ocr_carea' id='block_1_82' title="bbox 2016 1525 3605 1610">
    <p class='ocr_par' dir='ltr' id='par_1_82' title="bbox 2016 1525 3605 1610">
     <span class='ocr_line' id='line_1_82' title="bbox 2016 1525 3605 1610; baseline 0.013 -30"><span class='ocrx_word' id='word_1_593' title='bbox 2016 1525 2176 1610; x_wconf 84' lang='lat' dir='ltr'><strong>polis,</strong></span> <span class='ocrx_word' id='word_1_594' title='bbox 2203 1529 2300 1584; x_wconf 88' lang='lat' dir='ltr'><strong>sed</strong></span> <span class='ocrx_word' id='word_1_595' title='bbox 2321 1529 2618 1599; x_wconf 86' lang='lat' dir='ltr'><strong>Pelusium,</strong></span> <span class='ocrx_word' id='word_1_596' title='bbox 2653 1544 2712 1590; x_wconf 89' lang='lat' dir='ltr'><strong>ut</strong></span> <span class='ocrx_word' id='word_1_597' title='bbox 2743 1550 2810 1591; x_wconf 74' lang='lat' dir='ltr'><strong>ex</strong></span> <span class='ocrx_word' id='word_1_598' title='bbox 2843 1536 2964 1593; x_wconf 82' lang='lat' dir='ltr'><strong>Nilo</strong></span> <span class='ocrx_word' id='word_1_599' title='bbox 2986 1537 3318 1610; x_wconf 81' lang='lat' dir='ltr'><strong>Doxopatrio</strong></span> <span class='ocrx_word' id='word_1_600' title='bbox 3349 1543 3605 1602; x_wconf 80' lang='lat' dir='ltr'><strong>vidimus.</strong></span> 
     </span>
    </p>
   </div>
   <div class='ocr_carea' id='block_1_83' title="bbox 2017 1609 3608 1689">
    <p class='ocr_par' dir='ltr' id='par_1_83' title="bbox 2017 1609 3608 1689">
     <span class='ocr_line' id='line_1_83' title="bbox 2017 1609 3608 1689; baseline 0.013 -26"><span class='ocrx_word' id='word_1_601' title='bbox 2017 1609 2225 1667; x_wconf 83' lang='lat' dir='ltr'><strong>Plinius</strong></span> <span class='ocrx_word' id='word_1_602' title='bbox 2262 1624 2417 1669; x_wconf 76' lang='lat' dir='ltr'><strong>extra</strong></span> <span class='ocrx_word' id='word_1_603' title='bbox 2456 1615 2676 1689; x_wconf 58' lang='lat' dir='ltr'><strong>IEgypti</strong></span> <span class='ocrx_word' id='word_1_604' title='bbox 2729 1623 2989 1677; x_wconf 88' lang='lat' dir='ltr'><strong>terminos</strong></span> <span class='ocrx_word' id='word_1_605' title='bbox 3037 1622 3072 1677; x_wconf 86' lang='lat'><strong>5</strong></span> <span class='ocrx_word' id='word_1_606' title='bbox 3114 1609 3180 1677; x_wconf 85' lang='lat' dir='ltr'><strong>l2</strong></span> <span class='ocrx_word' id='word_1_607' title='bbox 3222 1624 3608 1684; x_wconf 81' lang='lat' dir='ltr'><strong>Rhinocorura</strong></span> 
     </span>
    </p>
   </div>
   <div class='ocr_carea' id='block_1_84' title="bbox 2016 1694 3607 1778">
    <p class='ocr_par' dir='ltr' id='par_1_84' title="bbox 2016 1694 3607 1778">
     <span class='ocr_line' id='line_1_84' title="bbox 2016 1694 3607 1778; baseline 0.011 -28"><span class='ocrx_word' id='word_1_608' title='bbox 2016 1694 2179 1751; x_wconf 87' lang='lat' dir='ltr'><strong>locat.</strong></span> <span class='ocrx_word' id='word_1_609' title='bbox 2204 1695 2403 1755; x_wconf 90' lang='lat' dir='ltr'><strong>Nostro</strong></span> <span class='ocrx_word' id='word_1_610' title='bbox 2414 1702 2759 1757; x_wconf 90' lang='lat' dir='ltr'><strong>consentiunt</strong></span> <span class='ocrx_word' id='word_1_611' title='bbox 2774 1704 3119 1773; x_wconf 65' lang='lat' dir='ltr'><strong>Ptolemaeus,</strong></span> <span class='ocrx_word' id='word_1_612' title='bbox 3136 1711 3456 1769; x_wconf 84' lang='lat' dir='ltr'><strong>Ammianus</strong></span> <span class='ocrx_word' id='word_1_613' title='bbox 3474 1729 3607 1778; x_wconf 76' lang='lat' dir='ltr'><strong>uti,</strong></span> 
     </span>
    </p>
   </div>
   <div class='ocr_carea' id='block_1_85' title="bbox 2023 1779 3608 1862">
    <p class='ocr_par' dir='ltr' id='par_1_85' title="bbox 2023 1779 3608 1862">
     <span class='ocr_line' id='line_1_85' title="bbox 2023 1779 3608 1862; baseline 0.013 -30"><span class='ocrx_word' id='word_1_614' title='bbox 2110 1789 2165 1834; x_wconf 92' lang='lat' dir='ltr'><strong>et</strong></span> <span class='ocrx_word' id='word_1_615' title='bbox 2199 1779 2559 1853; x_wconf 79' lang='lat' dir='ltr'><strong>Hieronymus</strong></span> <span class='ocrx_word' id='word_1_616' title='bbox 2587 1787 2640 1839; x_wconf 85' lang='lat' dir='ltr'><strong>in</strong></span> <span class='ocrx_word' id='word_1_617' title='bbox 2663 1786 2796 1841; x_wconf 85' lang='lat' dir='ltr'><strong>Isai.</strong></span> <span class='ocrx_word' id='word_1_618' title='bbox 2816 1803 2866 1843; x_wconf 93' lang='lat' dir='ltr'><strong>c.</strong></span> <span class='ocrx_word' id='word_1_619' title='bbox 2894 1804 3008 1854; x_wconf 69' lang='grc' dir='ltr'><strong>ιιι,</strong></span> <span class='ocrx_word' id='word_1_620' title='bbox 3041 1805 3337 1862; x_wconf 85' lang='lat' dir='ltr'><strong>omnesque</strong></span> <span class='ocrx_word' id='word_1_621' title='bbox 3369 1795 3608 1853; x_wconf 77' lang='lat' dir='ltr'><strong>Notiticr.</strong></span> 
     </span>
    </p>
   </div>
   <div class='ocr_carea' id='block_1_86' title="bbox 2017 1860 2743 1939">
    <p class='ocr_par' dir='ltr' id='par_1_86' title="bbox 2017 1860 2743 1939">
     <span class='ocr_line' id='line_1_86' title="bbox 2017 1860 2743 1939; baseline 0.01 -22"><span class='ocrx_word' id='word_1_622' title='bbox 2017 1860 2154 1918; x_wconf 84' lang='lat' dir='ltr'><strong>Vide</strong></span> <span class='ocrx_word' id='word_1_623' title='bbox 2180 1863 2309 1919; x_wconf 78' lang='lat' dir='ltr'><strong>Ant.</strong></span> <span class='ocrx_word' id='word_1_624' title='bbox 2354 1865 2488 1922; x_wconf 82' lang='lat' dir='ltr'><strong>Itin.</strong></span> <span class='ocrx_word' id='word_1_625' title='bbox 2529 1885 2583 1939; x_wconf 93' lang='lat' dir='ltr'><strong>p.</strong></span> <span class='ocrx_word' id='word_1_626' title='bbox 2618 1869 2743 1924; x_wconf 75' lang='grc'><strong>152.</strong></span> 
     </span>
    </p>
   </div>
   <div class='ocr_carea' id='block_1_87' title="bbox 2086 1945 3608 2020">
    <p class='ocr_par' dir='ltr' id='par_1_87' title="bbox 2086 1945 3608 2020">
     <span class='ocr_line' id='line_1_87' title="bbox 2086 1945 3608 2020; baseline 0.011 -21"><span class='ocrx_word' id='word_1_627' title='bbox 2086 1945 2225 2001; x_wconf 90' lang='lat' dir='ltr'><strong>Ibid.</strong></span> <span class='ocrx_word' id='word_1_628' title='bbox 2263 1948 2653 2020; x_wconf 79' lang='grc' dir='ltr'>Ὀστρανίκη.</span> <span class='ocrx_word' id='word_1_629' title='bbox 2684 1953 2850 2008; x_wconf 79' lang='lat' dir='ltr'><strong>Recte</strong></span> <span class='ocrx_word' id='word_1_630' title='bbox 2880 1954 2952 2008; x_wconf 91' lang='lat' dir='ltr'><strong>ita</strong></span> <span class='ocrx_word' id='word_1_631' title='bbox 2983 1969 3087 2009; x_wconf 84' lang='lat' dir='ltr'><strong>ms.</strong></span> <span class='ocrx_word' id='word_1_632' title='bbox 3115 1954 3419 2015; x_wconf 79' lang='lat' dir='ltr'><strong>Leidensis.</strong></span> <span class='ocrx_word' id='word_1_633' title='bbox 3458 1957 3608 2015; x_wconf 89' lang='lat' dir='ltr'><strong>llaud</strong></span> 
     </span>
    </p>
   </div>
   <div class='ocr_carea' id='block_1_88' title="bbox 2017 2029 3609 2101">
    <p class='ocr_par' dir='ltr' id='par_1_88' title="bbox 2017 2029 3609 2101">
     <span class='ocr_line' id='line_1_88' title="bbox 2017 2029 3609 2101; baseline 0.01 -18"><span class='ocrx_word' id='word_1_634' title='bbox 2017 2029 2177 2101; x_wconf 78' lang='lat' dir='ltr'><strong>longe</strong></span> <span class='ocrx_word' id='word_1_635' title='bbox 2210 2032 2396 2088; x_wconf 89' lang='lat' dir='ltr'><strong>aberat</strong></span> <span class='ocrx_word' id='word_1_636' title='bbox 2446 2037 2514 2089; x_wconf 91' lang='lat' dir='ltr'><strong>ab</strong></span> <span class='ocrx_word' id='word_1_637' title='bbox 2549 2037 2682 2093; x_wconf 88' lang='lat' dir='ltr'><strong>urbe</strong></span> <span class='ocrx_word' id='word_1_638' title='bbox 2710 2037 2863 2093; x_wconf 89' lang='lat' dir='ltr'><strong>lacus</strong></span> <span class='ocrx_word' id='word_1_639' title='bbox 2896 2037 3171 2101; x_wconf 85' lang='lat' dir='ltr'><strong>Sirbouis.</strong></span> <span class='ocrx_word' id='word_1_640' title='bbox 3206 2051 3344 2096; x_wconf 88' lang='lat' dir='ltr'><strong>teste</strong></span> <span class='ocrx_word' id='word_1_641' title='bbox 3367 2044 3609 2099; x_wconf 84' lang='lat' dir='ltr'><strong>Aristide</strong></span> 
     </span>
    </p>
   </div>
   <div class='ocr_carea' id='block_1_89' title="bbox 2016 2116 3610 2188">
    <p class='ocr_par' dir='ltr' id='par_1_89' title="bbox 2016 2116 3610 2188">
     <span class='ocr_line' id='line_1_89' title="bbox 2016 2116 3610 2188; baseline 0.009 -20"><span class='ocrx_word' id='word_1_642' title='bbox 2016 2120 2150 2170; x_wconf 88' lang='lat' dir='ltr'><strong>tom.</strong></span> <span class='ocrx_word' id='word_1_643' title='bbox 2174 2129 2237 2170; x_wconf 88' lang='grc' dir='ltr'>ιιι</span> <span class='ocrx_word' id='word_1_644' title='bbox 2270 2131 2322 2188; x_wconf 91' lang='lat' dir='ltr'><strong>p.</strong></span> <span class='ocrx_word' id='word_1_645' title='bbox 2342 2116 2468 2172; x_wconf 82' lang='grc'><strong>591.</strong></span> <span class='ocrx_word' id='word_1_646' title='bbox 2501 2116 2666 2175; x_wconf 88' lang='lat' dir='ltr'><strong>Plura</strong></span> <span class='ocrx_word' id='word_1_647' title='bbox 2699 2120 2766 2176; x_wconf 89' lang='lat' dir='ltr'><strong>de</strong></span> <span class='ocrx_word' id='word_1_648' title='bbox 2798 2129 2936 2177; x_wconf 84' lang='lat' dir='ltr'><strong>eaet</strong></span> <span class='ocrx_word' id='word_1_649' title='bbox 2966 2118 3126 2177; x_wconf 88' lang='lat' dir='ltr'><strong>Casio</strong></span> <span class='ocrx_word' id='word_1_650' title='bbox 3157 2137 3221 2177; x_wconf 88' lang='lat' dir='ltr'><strong>ac</strong></span> <span class='ocrx_word' id='word_1_651' title='bbox 3249 2123 3610 2182; x_wconf 85' lang='lat' dir='ltr'><strong>Pentaschoe-</strong></span> 
     </span>
    </p>
   </div>
   <div class='ocr_carea' id='block_1_90' title="bbox 2016 2198 2272 2254">
    <p class='ocr_par' dir='ltr' id='par_1_90' title="bbox 2016 2198 2272 2254">
     <span class='ocr_line' id='line_1_90' title="bbox 2016 2198 2272 2254; baseline 0.012 -3"><span class='ocrx_word' id='word_1_652' title='bbox 2016 2212 2088 2253; x_wconf 91' lang='lat' dir='ltr'><strong>no</strong></span> <span class='ocrx_word' id='word_1_653' title='bbox 2117 2198 2272 2254; x_wconf 84' lang='lat' dir='ltr'><strong>alias.</strong></span> 
     </span>
    </p>
   </div>
   <div class='ocr_carea' id='block_1_91' title="bbox 2087 2279 3606 2358">
    <p class='ocr_par' dir='ltr' id='par_1_91' title="bbox 2087 2279 3606 2358">
     <span class='ocr_line' id='line_1_91' title="bbox 2087 2279 3606 2358; baseline 0.009 -24"><span class='ocrx_word' id='word_1_654' title='bbox 2087 2279 2222 2336; x_wconf 89' lang='lat' dir='ltr'><strong>Ibid.</strong></span> <span class='ocrx_word' id='word_1_655' title='bbox 2255 2280 2563 2352; x_wconf 69' lang='lat' dir='ltr'><strong>’Agprdt‘or.</strong></span> <span class='ocrx_word' id='word_1_656' title='bbox 2602 2285 2697 2340; x_wconf 82' lang='lat' dir='ltr'><strong>Est</strong></span> <span class='ocrx_word' id='word_1_657' title='bbox 2738 2284 2791 2340; x_wconf 92' lang='lat' dir='ltr'><strong>in</strong></span> <span class='ocrx_word' id='word_1_658' title='bbox 2847 2285 3121 2357; x_wconf 84' lang='lat' dir='ltr'><strong>Ephesiae</strong></span> <span class='ocrx_word' id='word_1_659' title='bbox 3163 2304 3215 2358; x_wconf 93' lang='lat' dir='ltr'><strong>p.</strong></span> <span class='ocrx_word' id='word_1_660' title='bbox 3268 2290 3373 2345; x_wconf 68' lang='lat'><strong>439</strong></span> <span class='ocrx_word' id='word_1_661' title='bbox 3406 2289 3606 2347; x_wconf 64' lang='lat' dir='ltr'><strong>Hieran</strong></span> 
     </span>
    </p>
   </div>
   <div class='ocr_carea' id='block_1_92' title="bbox 2015 2362 3604 2437">
    <p class='ocr_par' dir='ltr' id='par_1_92' title="bbox 2015 2362 3604 2437">
     <span class='ocr_line' id='line_1_92' title="bbox 2015 2362 3604 2437; baseline 0.008 -22"><span class='ocrx_word' id='word_1_662' title='bbox 2015 2362 2302 2432; x_wconf 74' lang='lat' dir='ltr'><strong>’Acpva‘iou,</strong></span> <span class='ocrx_word' id='word_1_663' title='bbox 2330 2377 2740 2437; x_wconf 80' lang='lat' dir='ltr'><strong>agnoscuntque</strong></span> <span class='ocrx_word' id='word_1_664' title='bbox 2769 2369 2957 2423; x_wconf 90' lang='lat' dir='ltr'><strong>urbem</strong></span> <span class='ocrx_word' id='word_1_665' title='bbox 2991 2381 3200 2425; x_wconf 53' lang='lat' dir='ltr'><strong>cauerat</strong></span> <span class='ocrx_word' id='word_1_666' title='bbox 3227 2369 3469 2426; x_wconf 76' lang='lat' dir='ltr'><strong>Notilire.</strong></span> <span class='ocrx_word' id='word_1_667' title='bbox 3496 2374 3604 2428; x_wconf 85' lang='lat' dir='ltr'><strong>Ca-</strong></span> 
     </span>
    </p>
   </div>
   <div class='ocr_carea' id='block_1_93' title="bbox 2014 2446 3604 2524">
    <p class='ocr_par' dir='ltr' id='par_1_93' title="bbox 2014 2446 3604 2524">
     <span class='ocr_line' id='line_1_93' title="bbox 2014 2446 3604 2524; baseline 0.006 -22"><span class='ocrx_word' id='word_1_668' title='bbox 2014 2446 2165 2502; x_wconf 89' lang='lat' dir='ltr'><strong>rolus</strong></span> <span class='ocrx_word' id='word_1_669' title='bbox 2196 2462 2226 2500; x_wconf 91' lang='lat' dir='ltr'><strong>a</strong></span> <span class='ocrx_word' id='word_1_670' title='bbox 2261 2458 2452 2504; x_wconf 87' lang='lat' dir='ltr'><strong>sancto</strong></span> <span class='ocrx_word' id='word_1_671' title='bbox 2489 2450 2656 2505; x_wconf 88' lang='lat' dir='ltr'><strong>Paulo</strong></span> <span class='ocrx_word' id='word_1_672' title='bbox 2687 2449 2818 2505; x_wconf 83' lang='lat' dir='ltr'><strong>Itin.</strong></span> <span class='ocrx_word' id='word_1_673' title='bbox 2844 2452 2969 2506; x_wconf 79' lang='lat' dir='ltr'><strong>Ant.</strong></span> <span class='ocrx_word' id='word_1_674' title='bbox 2999 2468 3054 2522; x_wconf 92' lang='lat' dir='ltr'><strong>p.</strong></span> <span class='ocrx_word' id='word_1_675' title='bbox 3093 2455 3194 2509; x_wconf 82' lang='grc'><strong>162</strong></span> <span class='ocrx_word' id='word_1_676' title='bbox 3235 2454 3457 2524; x_wconf 82' lang='lat' dir='ltr'><strong>Daphne</strong></span> <span class='ocrx_word' id='word_1_677' title='bbox 3488 2459 3604 2511; x_wconf 85' lang='lat' dir='ltr'><strong>sive</strong></span> 
     </span>
    </p>
   </div>
   <div class='ocr_carea' id='block_1_94' title="bbox 2016 2530 3603 2609">
    <p class='ocr_par' dir='ltr' id='par_1_94' title="bbox 2016 2530 3603 2609">
     <span class='ocr_line' id='line_1_94' title="bbox 2016 2530 3603 2609; baseline 0.006 -26"><span class='ocrx_word' id='word_1_678' title='bbox 2016 2530 2237 2600; x_wconf 88' lang='lat' dir='ltr'><strong>Daphen</strong></span> <span class='ocrx_word' id='word_1_679' title='bbox 2294 2530 2553 2602; x_wconf 90' lang='lat' dir='ltr'><strong>Stephani</strong></span> <span class='ocrx_word' id='word_1_680' title='bbox 2588 2535 2835 2590; x_wconf 89' lang='lat' dir='ltr'><strong>eamdem</strong></span> <span class='ocrx_word' id='word_1_681' title='bbox 2892 2536 3231 2604; x_wconf 84' lang='lat' dir='ltr'><strong>arbitratur;</strong></span> <span class='ocrx_word' id='word_1_682' title='bbox 3288 2541 3373 2593; x_wconf 89' lang='lat' dir='ltr'><strong>eui</strong></span> <span class='ocrx_word' id='word_1_683' title='bbox 3426 2543 3603 2609; x_wconf 89' lang='lat' dir='ltr'><strong>suspi-</strong></span> 
     </span>
    </p>
   </div>
   <div class='ocr_carea' id='block_1_95' title="bbox 2014 2612 3601 2684">
    <p class='ocr_par' dir='ltr' id='par_1_95' title="bbox 2014 2612 3601 2684">
     <span class='ocr_line' id='line_1_95' title="bbox 2014 2612 3601 2684; baseline 0.007 -16"><span class='ocrx_word' id='word_1_684' title='bbox 2014 2612 2161 2669; x_wconf 87' lang='lat' dir='ltr'><strong>cioni</strong></span> <span class='ocrx_word' id='word_1_685' title='bbox 2193 2613 2297 2669; x_wconf 86' lang='lat' dir='ltr'><strong>etsi</strong></span> <span class='ocrx_word' id='word_1_686' title='bbox 2328 2615 2465 2670; x_wconf 87' lang='lat' dir='ltr'><strong>situs</strong></span> <span class='ocrx_word' id='word_1_687' title='bbox 2494 2617 2626 2671; x_wconf 90' lang='lat' dir='ltr'><strong>nihil</strong></span> <span class='ocrx_word' id='word_1_688' title='bbox 2654 2618 2856 2684; x_wconf 87' lang='lat' dir='ltr'><strong>obstet,</strong></span> <span class='ocrx_word' id='word_1_689' title='bbox 2890 2618 2978 2673; x_wconf 79' lang='lat' dir='ltr'><strong>vix</strong></span> <span class='ocrx_word' id='word_1_690' title='bbox 3006 2633 3065 2674; x_wconf 89' lang='lat' dir='ltr'><strong>se</strong></span> <span class='ocrx_word' id='word_1_691' title='bbox 3110 2628 3288 2673; x_wconf 84' lang='lat' dir='ltr'><strong>tamen</strong></span> <span class='ocrx_word' id='word_1_692' title='bbox 3342 2623 3481 2676; x_wconf 89' lang='lat' dir='ltr'><strong>tueri</strong></span> <span class='ocrx_word' id='word_1_693' title='bbox 3533 2638 3601 2678; x_wconf 90' lang='lat' dir='ltr'><strong>ea</strong></span> 
     </span>
    </p>
   </div>
   <div class='ocr_carea' id='block_1_96' title="bbox 2014 2699 3607 2773">
    <p class='ocr_par' dir='ltr' id='par_1_96' title="bbox 2014 2699 3607 2773">
     <span class='ocr_line' id='line_1_96' title="bbox 2014 2699 3607 2773; baseline 0.005 -22"><span class='ocrx_word' id='word_1_694' title='bbox 2014 2699 2234 2769; x_wconf 89' lang='lat' dir='ltr'><strong>poterit,</strong></span> <span class='ocrx_word' id='word_1_695' title='bbox 2260 2699 2364 2755; x_wconf 91' lang='lat' dir='ltr'><strong>nisi</strong></span> <span class='ocrx_word' id='word_1_696' title='bbox 2396 2700 2449 2754; x_wconf 91' lang='lat' dir='ltr'><strong>in</strong></span> <span class='ocrx_word' id='word_1_697' title='bbox 2475 2701 2636 2755; x_wconf 90' lang='lat' dir='ltr'><strong>aliam</strong></span> <span class='ocrx_word' id='word_1_698' title='bbox 2664 2701 2894 2758; x_wconf 84' lang='lat' dir='ltr'><strong>formam</strong></span> <span class='ocrx_word' id='word_1_699' title='bbox 2915 2717 3110 2757; x_wconf 89' lang='lat' dir='ltr'><strong>nomen</strong></span> <span class='ocrx_word' id='word_1_700' title='bbox 3131 2703 3385 2772; x_wconf 89' lang='lat' dir='ltr'><strong>deinceps</strong></span> <span class='ocrx_word' id='word_1_701' title='bbox 3407 2719 3607 2773; x_wconf 82' lang='lat' dir='ltr'><strong>procu-</strong></span> 
     </span>
    </p>
   </div>
   <div class='ocr_carea' id='block_1_97' title="bbox 2014 2775 2637 2854">
    <p class='ocr_par' dir='ltr' id='par_1_97' title="bbox 2014 2775 2637 2854">
     <span class='ocr_line' id='line_1_97' title="bbox 2014 2775 2637 2854; baseline 0.005 -17"><span class='ocrx_word' id='word_1_702' title='bbox 2014 2775 2137 2838; x_wconf 78' lang='lat' dir='ltr'><strong>sum</strong></span> <span class='ocrx_word' id='word_1_703' title='bbox 2167 2780 2334 2836; x_wconf 81' lang='lat' dir='ltr'><strong>fuisse</strong></span> <span class='ocrx_word' id='word_1_704' title='bbox 2360 2794 2637 2854; x_wconf 86' lang='lat' dir='ltr'><strong>appareat.</strong></span> 
     </span>
    </p>
   </div>
   <div class='ocr_carea' id='block_1_98' title="bbox 2086 2866 3604 2938">
    <p class='ocr_par' dir='ltr' id='par_1_98' title="bbox 2086 2866 3604 2938">
     <span class='ocr_line' id='line_1_98' title="bbox 2086 2866 3604 2938; baseline 0.003 -17"><span class='ocrx_word' id='word_1_705' title='bbox 2086 2866 2222 2921; x_wconf 83' lang='lat' dir='ltr'><strong>Ibid.</strong></span> <span class='ocrx_word' id='word_1_706' title='bbox 2257 2866 2510 2935; x_wconf 79' lang='grc' dir='ltr'><strong>Γέῤῥας.</strong></span> <span class='ocrx_word' id='word_1_707' title='bbox 2540 2866 2633 2924; x_wconf 88' lang='lat' dir='ltr'><strong>Sic</strong></span> <span class='ocrx_word' id='word_1_708' title='bbox 2663 2883 2774 2938; x_wconf 78' lang='lat' dir='ltr'><strong>pra:</strong></span> <span class='ocrx_word' id='word_1_709' title='bbox 2795 2885 2857 2926; x_wconf 91' lang='lat' dir='ltr'><strong>se</strong></span> <span class='ocrx_word' id='word_1_710' title='bbox 2883 2886 3016 2928; x_wconf 89' lang='lat' dir='ltr'><strong>mss.</strong></span> <span class='ocrx_word' id='word_1_711' title='bbox 3049 2872 3253 2928; x_wconf 82' lang='lat' dir='ltr'><strong>ferunt.</strong></span> <span class='ocrx_word' id='word_1_712' title='bbox 3280 2870 3604 2928; x_wconf 70' lang='lat' dir='ltr'><strong>Ptolemmus</strong></span> 
     </span>
    </p>
   </div>
   <div class='ocr_carea' id='block_1_99' title="bbox 2012 2948 3604 3026">
    <p class='ocr_par' dir='ltr' id='par_1_99' title="bbox 2012 2948 3604 3026">
     <span class='ocr_line' id='line_1_99' title="bbox 2012 2948 3604 3026; baseline 0.001 -22"><span class='ocrx_word' id='word_1_713' title='bbox 2012 2948 2282 3005; x_wconf 84' lang='lat' dir='ltr'><strong>Gerrhum</strong></span> <span class='ocrx_word' id='word_1_714' title='bbox 2329 2961 2384 3005; x_wconf 92' lang='lat' dir='ltr'><strong>et</strong></span> <span class='ocrx_word' id='word_1_715' title='bbox 2430 2960 2557 3007; x_wconf 87' lang='lat' dir='ltr'><strong>ante</strong></span> <span class='ocrx_word' id='word_1_716' title='bbox 2586 2962 2710 3005; x_wconf 88' lang='lat' dir='ltr'><strong>eum</strong></span> <span class='ocrx_word' id='word_1_717' title='bbox 2752 2951 2956 3009; x_wconf 91' lang='lat' dir='ltr'><strong>Plinius</strong></span> <span class='ocrx_word' id='word_1_718' title='bbox 2984 2970 3058 3019; x_wconf 87' lang='lat' dir='ltr'><strong>vt,</strong></span> <span class='ocrx_word' id='word_1_719' title='bbox 3093 2955 3185 3018; x_wconf 81' lang='lat'><strong>29,</strong></span> <span class='ocrx_word' id='word_1_720' title='bbox 3245 2966 3604 3026; x_wconf 79' lang='lat' dir='ltr'><strong>cognomento</strong></span> 
     </span>
    </p>
   </div>
   <div class='ocr_carea' id='block_1_100' title="bbox 2011 3033 3603 3108">
    <p class='ocr_par' dir='ltr' id='par_1_100' title="bbox 2011 3033 3603 3108">
     <span class='ocr_line' id='line_1_100' title="bbox 2011 3033 3603 3108; baseline 0.003 -20"><span class='ocrx_word' id='word_1_721' title='bbox 2011 3033 2277 3102; x_wconf 83' lang='lat' dir='ltr'><strong>Adipson,</strong></span> <span class='ocrx_word' id='word_1_722' title='bbox 2315 3042 2475 3089; x_wconf 85' lang='lat' dir='ltr'><strong>vocat</strong></span> <span class='ocrx_word' id='word_1_723' title='bbox 2512 3052 2526 3088; x_wconf 89' lang='lat'><strong>:</strong></span> <span class='ocrx_word' id='word_1_724' title='bbox 2558 3034 2767 3090; x_wconf 84' lang='lat' dir='ltr'><strong>Gerrha</strong></span> <span class='ocrx_word' id='word_1_725' title='bbox 2804 3034 3002 3091; x_wconf 84' lang='lat' dir='ltr'><strong>Strabo</strong></span> <span class='ocrx_word' id='word_1_726' title='bbox 3053 3052 3141 3092; x_wconf 73' lang='lat' dir='ltr'><strong>xv:</strong></span> <span class='ocrx_word' id='word_1_727' title='bbox 3181 3053 3234 3108; x_wconf 92' lang='lat' dir='ltr'><strong>p.</strong></span> <span class='ocrx_word' id='word_1_728' title='bbox 3291 3038 3414 3104; x_wconf 74' lang='lat' dir='ltr'><strong>7C0,</strong></span> <span class='ocrx_word' id='word_1_729' title='bbox 3468 3040 3603 3093; x_wconf 84' lang='lat' dir='ltr'><strong>nihil</strong></span> 
     </span>
    </p>
   </div>
   <div class='ocr_carea' id='block_1_101' title="bbox 2013 3116 3603 3193">
    <p class='ocr_par' dir='ltr' id='par_1_101' title="bbox 2013 3116 3603 3193">
     <span class='ocr_line' id='line_1_101' title="bbox 2013 3116 3603 3193; baseline 0.003 -21"><span class='ocrx_word' id='word_1_730' title='bbox 2013 3116 2309 3172; x_wconf 88' lang='lat' dir='ltr'><strong>dissidente</strong></span> <span class='ocrx_word' id='word_1_731' title='bbox 2331 3116 2785 3187; x_wconf 82' lang='lat' dir='ltr'><strong>Peutingerorum</strong></span> <span class='ocrx_word' id='word_1_732' title='bbox 2819 3116 3048 3174; x_wconf 82' lang='lat' dir='ltr'><strong>Tabula.</strong></span> <span class='ocrx_word' id='word_1_733' title='bbox 3076 3119 3271 3175; x_wconf 87' lang='lat' dir='ltr'><strong>Nostro</strong></span> <span class='ocrx_word' id='word_1_734' title='bbox 3321 3122 3603 3193; x_wconf 83' lang='lat' dir='ltr'><strong>astipulari</strong></span> 
     </span>
    </p>
   </div>
   <div class='ocr_carea' id='block_1_102' title="bbox 2012 3200 3602 3269">
    <p class='ocr_par' dir='ltr' id='par_1_102' title="bbox 2012 3200 3602 3269">
     <span class='ocr_line' id='line_1_102' title="bbox 2012 3200 3602 3269; baseline 0.006 -15"><span class='ocrx_word' id='word_1_735' title='bbox 2012 3200 2223 3257; x_wconf 90' lang='lat' dir='ltr'><strong>videtur</strong></span> <span class='ocrx_word' id='word_1_736' title='bbox 2248 3202 2585 3259; x_wconf 84' lang='lat' dir='ltr'><strong>Sozomenus</strong></span> <span class='ocrx_word' id='word_1_737' title='bbox 2622 3201 2694 3256; x_wconf 84' lang='grc' dir='ltr'><strong>Η.</strong></span> <span class='ocrx_word' id='word_1_738' title='bbox 2731 3202 2796 3258; x_wconf 81' lang='grc' dir='ltr'><strong>Ε.</strong></span> <span class='ocrx_word' id='word_1_739' title='bbox 2830 3218 2952 3269; x_wconf 89' lang='lat' dir='ltr'><strong>vut,</strong></span> <span class='ocrx_word' id='word_1_740' title='bbox 2990 3203 3054 3259; x_wconf 87' lang='lat' dir='ltr'><strong>l9</strong></span> <span class='ocrx_word' id='word_1_741' title='bbox 3083 3225 3097 3260; x_wconf 89' lang='lat'><strong>:</strong></span> <span class='ocrx_word' id='word_1_742' title='bbox 3133 3205 3267 3259; x_wconf 82' lang='grc' dir='ltr'><strong>Ἀπὸ</strong></span> <span class='ocrx_word' id='word_1_743' title='bbox 3298 3204 3391 3259; x_wconf 82' lang='grc' dir='ltr'>τοῦ</span> <span class='ocrx_word' id='word_1_744' title='bbox 3431 3207 3602 3263; x_wconf 78' lang='grc' dir='ltr'>πελά-</span> 
     </span>
    </p>
   </div>
   <div class='ocr_carea' id='block_1_103' title="bbox 2009 3277 3601 3359">
    <p class='ocr_par' dir='ltr' id='par_1_103' title="bbox 2009 3277 3601 3359">
     <span class='ocr_line' id='line_1_103' title="bbox 2009 3277 3601 3359; baseline 0.004 -23"><span class='ocrx_word' id='word_1_745' title='bbox 2009 3300 2143 3353; x_wconf 88' lang='grc' dir='ltr'>γους</span> <span class='ocrx_word' id='word_1_746' title='bbox 2167 3277 2271 3339; x_wconf 83' lang='grc' dir='ltr'>ὦδε</span> <span class='ocrx_word' id='word_1_747' title='bbox 2309 3284 2527 3355; x_wconf 69' lang='grc' dir='ltr'>συμϐὰν</span> <span class='ocrx_word' id='word_1_748' title='bbox 2561 3287 2802 3356; x_wconf 79' lang='grc' dir='ltr'>κατῇρεν</span> <span class='ocrx_word' id='word_1_749' title='bbox 2830 3287 2912 3350; x_wconf 85' lang='grc' dir='ltr'><strong>είς</strong></span> <span class='ocrx_word' id='word_1_750' title='bbox 2941 3286 3142 3356; x_wconf 83' lang='grc' dir='ltr'>Γέραν,</span> <span class='ocrx_word' id='word_1_751' title='bbox 3182 3287 3339 3341; x_wconf 87' lang='grc' dir='ltr'>πόλιν</span> <span class='ocrx_word' id='word_1_752' title='bbox 3370 3291 3601 3359; x_wconf 67' lang='grc' dir='ltr'>μικράν.</span> 
     </span>
    </p>
   </div>
   <div class='ocr_carea' id='block_1_104' title="bbox 2012 3367 3594 3439">
    <p class='ocr_par' dir='ltr' id='par_1_104' title="bbox 2012 3367 3594 3439">
     <span class='ocr_line' id='line_1_104' title="bbox 2012 3367 3594 3439; baseline 0.005 -20"><span class='ocrx_word' id='word_1_753' title='bbox 2012 3367 2157 3439; x_wconf 59' lang='grc' dir='ltr'>ἀμφὶ</span> <span class='ocrx_word' id='word_1_754' title='bbox 2197 3369 2540 3438; x_wconf 85' lang='grc' dir='ltr'>πεντήκοντα</span> <span class='ocrx_word' id='word_1_755' title='bbox 2573 3368 2763 3422; x_wconf 86' lang='grc' dir='ltr'>στάδια</span> <span class='ocrx_word' id='word_1_756' title='bbox 2795 3367 2890 3420; x_wconf 70' lang='grc' dir='ltr'><strong>τοῦ</strong></span> <span class='ocrx_word' id='word_1_757' title='bbox 2919 3369 3221 3439; x_wconf 82' lang='grc' dir='ltr'>Πηλουσίου</span> <span class='ocrx_word' id='word_1_758' title='bbox 3249 3371 3594 3439; x_wconf 74' lang='grc' dir='ltr'>ἀφεστῶσαν.</span> 
     </span>
    </p>
   </div>
   <div class='ocr_carea' id='block_1_105' title="bbox 2018 3448 3597 3525">
    <p class='ocr_par' dir='ltr' id='par_1_105' title="bbox 2018 3448 3597 3525">
     <span class='ocr_line' id='line_1_105' title="bbox 2018 3448 3597 3525; baseline 0.004 -21"><span class='ocrx_word' id='word_1_759' title='bbox 2018 3448 2209 3505; x_wconf 84' lang='lat' dir='ltr'><strong>Verius</strong></span> <span class='ocrx_word' id='word_1_760' title='bbox 2241 3461 2419 3505; x_wconf 89' lang='lat' dir='ltr'><strong>tamen</strong></span> <span class='ocrx_word' id='word_1_761' title='bbox 2442 3450 2711 3506; x_wconf 82' lang='lat' dir='ltr'><strong>Gerrhum</strong></span> <span class='ocrx_word' id='word_1_762' title='bbox 2733 3452 2847 3506; x_wconf 88' lang='lat' dir='ltr'><strong>sive</strong></span> <span class='ocrx_word' id='word_1_763' title='bbox 2879 3452 3089 3507; x_wconf 85' lang='lat' dir='ltr'><strong>Gerrba</strong></span> <span class='ocrx_word' id='word_1_764' title='bbox 3116 3451 3301 3519; x_wconf 82' lang='lat' dir='ltr'><strong>fuerit,</strong></span> <span class='ocrx_word' id='word_1_765' title='bbox 3329 3453 3597 3525; x_wconf 87' lang='lat' dir='ltr'><strong>siquidem</strong></span> 
     </span>
    </p>
   </div>
   <div class='ocr_carea' id='block_1_106' title="bbox 2011 3532 3595 3614">
    <p class='ocr_par' dir='ltr' id='par_1_106' title="bbox 2011 3532 3595 3614">
     <span class='ocr_line' id='line_1_106' title="bbox 2011 3532 3595 3614; baseline 0.001 -26"><span class='ocrx_word' id='word_1_766' title='bbox 2011 3532 2119 3588; x_wconf 80' lang='grc' dir='ltr'><strong>ἀπὸ</strong></span> <span class='ocrx_word' id='word_1_767' title='bbox 2149 3534 2260 3588; x_wconf 87' lang='grc' dir='ltr'><strong>τῶν</strong></span> <span class='ocrx_word' id='word_1_768' title='bbox 2294 3534 2553 3606; x_wconf 78' lang='grc' dir='ltr'>Γέρῤων,</span> <span class='ocrx_word' id='word_1_769' title='bbox 2604 3541 2874 3604; x_wconf 85' lang='lat' dir='ltr'><strong>quatenus</strong></span> <span class='ocrx_word' id='word_1_770' title='bbox 2925 3536 3269 3590; x_wconf 80' lang='lat' dir='ltr'><strong>tabernacula</strong></span> <span class='ocrx_word' id='word_1_771' title='bbox 3292 3574 3308 3602; x_wconf 88' lang='lat'><strong>,</strong></span> <span class='ocrx_word' id='word_1_772' title='bbox 3350 3540 3595 3614; x_wconf 69' lang='grc' dir='ltr'>σκηνάς,</span> 
     </span>
    </p>
   </div>
   <div class='ocr_carea' id='block_1_107' title="bbox 2012 3615 3595 3687">
    <p class='ocr_par' dir='ltr' id='par_1_107' title="bbox 2012 3615 3595 3687">
     <span class='ocr_line' id='line_1_107' title="bbox 2012 3615 3595 3687; baseline 0.004 -18"><span class='ocrx_word' id='word_1_773' title='bbox 2012 3624 2227 3682; x_wconf 88' lang='lat' dir='ltr'><strong>notant,</strong></span> <span class='ocrx_word' id='word_1_774' title='bbox 2283 3631 2480 3672; x_wconf 89' lang='lat' dir='ltr'><strong>nomen</strong></span> <span class='ocrx_word' id='word_1_775' title='bbox 2527 3618 2863 3687; x_wconf 87' lang='lat' dir='ltr'><strong>acceperint.</strong></span> <span class='ocrx_word' id='word_1_776' title='bbox 2919 3615 3252 3673; x_wconf 89' lang='lat' dir='ltr'><strong>Scholiastes</strong></span> <span class='ocrx_word' id='word_1_777' title='bbox 3284 3618 3507 3675; x_wconf 86' lang='lat' dir='ltr'><strong>Luciani</strong></span> <span class='ocrx_word' id='word_1_778' title='bbox 3542 3622 3595 3676; x_wconf 93' lang='lat' dir='ltr'><strong>iu</strong></span> 
     </span>
    </p>
   </div>
   <div class='ocr_carea' id='block_1_108' title="bbox 2010 3692 3597 3774">
    <p class='ocr_par' dir='ltr' id='par_1_108' title="bbox 2010 3692 3597 3774">
     <span class='ocr_line' id='line_1_108' title="bbox 2010 3692 3597 3774; baseline 0.001 -19"><span class='ocrx_word' id='word_1_779' title='bbox 2010 3701 2306 3773; x_wconf 74' lang='grc' dir='ltr'>Ἀνάχαρσ.</span> <span class='ocrx_word' id='word_1_780' title='bbox 2348 3718 2401 3772; x_wconf 89' lang='lat' dir='ltr'><strong>p.</strong></span> <span class='ocrx_word' id='word_1_781' title='bbox 2448 3701 2520 3757; x_wconf 79' lang='lat'><strong>52</strong></span> <span class='ocrx_word' id='word_1_782' title='bbox 2567 3692 2698 3757; x_wconf 83' lang='lat' dir='ltr'><strong>edit.</strong></span> <span class='ocrx_word' id='word_1_783' title='bbox 2750 3702 2923 3758; x_wconf 85' lang='lat' dir='ltr'><strong>Amst.</strong></span> <span class='ocrx_word' id='word_1_784' title='bbox 2958 3718 2972 3756; x_wconf 89' lang='lat'><strong>:</strong></span> <span class='ocrx_word' id='word_1_785' title='bbox 3013 3702 3363 3774; x_wconf 77' lang='grc' dir='ltr'>Δημοσθένης</span> <span class='ocrx_word' id='word_1_786' title='bbox 3391 3703 3450 3756; x_wconf 80' lang='grc' dir='ltr'>δὲ</span> <span class='ocrx_word' id='word_1_787' title='bbox 3501 3704 3597 3757; x_wconf 73' lang='grc' dir='ltr'><strong>ἐπὶ</strong></span> 
     </span>
    </p>
   </div>
   <div class='ocr_carea' id='block_1_109' title="bbox 2009 3785 3596 3859">
    <p class='ocr_par' dir='ltr' id='par_1_109' title="bbox 2009 3785 3596 3859">
     <span class='ocr_line' id='line_1_109' title="bbox 2009 3785 3596 3859; baseline 0.002 -20"><span class='ocrx_word' id='word_1_788' title='bbox 2009 3785 2121 3839; x_wconf 84' lang='grc' dir='ltr'>τῶν</span> <span class='ocrx_word' id='word_1_789' title='bbox 2150 3785 2368 3855; x_wconf 81' lang='grc' dir='ltr'>σκηνῶν</span> <span class='ocrx_word' id='word_1_790' title='bbox 2396 3786 2493 3841; x_wconf 78' lang='grc' dir='ltr'>καὶ</span> <span class='ocrx_word' id='word_1_791' title='bbox 2534 3786 2647 3841; x_wconf 84' lang='grc' dir='ltr'>τῶν</span> <span class='ocrx_word' id='word_1_792' title='bbox 2686 3786 3164 3859; x_wconf 77' lang='grc' dir='ltr'>περιφραγμάτων</span> <span class='ocrx_word' id='word_1_793' title='bbox 3215 3786 3236 3857; x_wconf 95' lang='grc'>(</span> <span class='ocrx_word' id='word_1_794' title='bbox 3263 3801 3364 3858; x_wconf 89' lang='lat' dir='ltr'><strong>pro</strong></span> <span class='ocrx_word' id='word_1_795' title='bbox 3391 3786 3596 3843; x_wconf 87' lang='lat' dir='ltr'><strong>Coron.</strong></span> 
     </span>
    </p>
   </div>
   <div class='ocr_carea' id='block_1_110' title="bbox 2011 3868 3592 3943">
    <p class='ocr_par' dir='ltr' id='par_1_110' title="bbox 2011 3868 3592 3943">
     <span class='ocr_line' id='line_1_110' title="bbox 2011 3868 3592 3943; baseline -0.001 -20"><span class='ocrx_word' id='word_1_796' title='bbox 2011 3883 2066 3938; x_wconf 89' lang='lat' dir='ltr'><strong>p.</strong></span> <span class='ocrx_word' id='word_1_797' title='bbox 2110 3868 2212 3923; x_wconf 86' lang='grc'><strong>168</strong></span> <span class='ocrx_word' id='word_1_798' title='bbox 2249 3869 2337 3924; x_wconf 81' lang='lat' dir='ltr'><strong>ed.</strong></span> <span class='ocrx_word' id='word_1_799' title='bbox 2375 3869 2574 3940; x_wconf 81' lang='lat' dir='ltr'><strong>Paris.)</strong></span> <span class='ocrx_word' id='word_1_800' title='bbox 2610 3889 2631 3922; x_wconf 84' lang='grc' dir='ltr'>ι</span> <span class='ocrx_word' id='word_1_801' title='bbox 2671 3870 2860 3924; x_wconf 81' lang='grc' dir='ltr'>καὶτὰ</span> <span class='ocrx_word' id='word_1_802' title='bbox 2888 3870 3068 3943; x_wconf 73' lang='grc' dir='ltr'><strong>Γέρρα</strong></span> <span class='ocrx_word' id='word_1_803' title='bbox 3095 3870 3536 3940; x_wconf 70' lang='grc' dir='ltr'>ἐνεπίμπρασαν.</span> <span class='ocrx_word' id='word_1_804' title='bbox 3571 3887 3592 3921; x_wconf 77' lang='grc' dir='ltr'>ι</span> 
     </span>
    </p>
   </div>
   <div class='ocr_carea' id='block_1_111' title="bbox 2010 3952 3597 4024">
    <p class='ocr_par' dir='ltr' id='par_1_111' title="bbox 2010 3952 3597 4024">
     <span class='ocr_line' id='line_1_111' title="bbox 2010 3952 3597 4024; baseline 0.001 -20"><span class='ocrx_word' id='word_1_805' title='bbox 2010 3953 2122 4004; x_wconf 77' lang='grc' dir='ltr'><strong>Καὶ</strong></span> <span class='ocrx_word' id='word_1_806' title='bbox 2159 3952 2291 4024; x_wconf 85' lang='grc' dir='ltr'>παρ’</span> <span class='ocrx_word' id='word_1_807' title='bbox 2324 3953 2644 4022; x_wconf 75' lang='grc' dir='ltr'>Αἰγυπτίοις</span> <span class='ocrx_word' id='word_1_808' title='bbox 2674 3954 2732 4008; x_wconf 77' lang='grc' dir='ltr'>δὲ</span> <span class='ocrx_word' id='word_1_809' title='bbox 2779 3952 2848 4008; x_wconf 72' lang='grc' dir='ltr'>τὰ</span> <span class='ocrx_word' id='word_1_810' title='bbox 2886 3955 3030 4007; x_wconf 81' lang='grc' dir='ltr'>κατὰ</span> <span class='ocrx_word' id='word_1_811' title='bbox 3057 3953 3118 4007; x_wconf 72' lang='grc' dir='ltr'>τὸ</span> <span class='ocrx_word' id='word_1_812' title='bbox 3160 3952 3461 4023; x_wconf 81' lang='grc' dir='ltr'>Πηλούσιον</span> <span class='ocrx_word' id='word_1_813' title='bbox 3492 3969 3597 4006; x_wconf 88' lang='grc' dir='ltr'>κα-</span> 
     </span>
    </p>
   </div>
   <div class='ocr_carea' id='block_1_112' title="bbox 2009 4032 3595 4110">
    <p class='ocr_par' dir='ltr' id='par_1_112' title="bbox 2009 4032 3595 4110">
     <span class='ocr_line' id='line_1_112' title="bbox 2009 4032 3595 4110; baseline 0 -21"><span class='ocrx_word' id='word_1_814' title='bbox 2009 4034 2103 4089; x_wconf 86' lang='grc' dir='ltr'><strong>λού</strong></span> <span class='ocrx_word' id='word_1_815' title='bbox 2111 4053 2273 4108; x_wconf 89' lang='grc' dir='ltr'>μενον</span> <span class='ocrx_word' id='word_1_816' title='bbox 2296 4032 2386 4091; x_wconf 76' lang='grc' dir='ltr'><strong>διὰ</strong></span> <span class='ocrx_word' id='word_1_817' title='bbox 2404 4037 2563 4091; x_wconf 81' lang='grc' dir='ltr'>τοῦτο</span> <span class='ocrx_word' id='word_1_818' title='bbox 2584 4035 2901 4110; x_wconf 80' lang='grc' dir='ltr'>ὠνομάσθη,</span> <span class='ocrx_word' id='word_1_819' title='bbox 2919 4037 3042 4091; x_wconf 74' lang='grc' dir='ltr'>ἐπεὶ</span> <span class='ocrx_word' id='word_1_820' title='bbox 3069 4037 3404 4108; x_wconf 80' lang='grc' dir='ltr'>σκηνώματα</span> <span class='ocrx_word' id='word_1_821' title='bbox 3422 4036 3595 4098; x_wconf 75' lang='grc' dir='ltr'>ὶστίν,</span> 
     </span>
    </p>
   </div>
   <div class='ocr_carea' id='block_1_113' title="bbox 2010 4116 3595 4193">
    <p class='ocr_par' dir='ltr' id='par_1_113' title="bbox 2010 4116 3595 4193">
     <span class='ocr_line' id='line_1_113' title="bbox 2010 4116 3595 4193; baseline 0.001 -20"><span class='ocrx_word' id='word_1_822' title='bbox 2010 4121 2069 4174; x_wconf 78' lang='grc' dir='ltr'>ὲν</span> <span class='ocrx_word' id='word_1_823' title='bbox 2125 4116 2208 4185; x_wconf 76' lang='grc' dir='ltr'><strong>οἷς</strong></span> <span class='ocrx_word' id='word_1_824' title='bbox 2250 4119 2771 4193; x_wconf 82' lang='grc' dir='ltr'>παραφυλάττοντες</span> <span class='ocrx_word' id='word_1_825' title='bbox 2817 4123 2917 4185; x_wconf 78' lang='grc' dir='ltr'><strong>τὰς</strong></span> <span class='ocrx_word' id='word_1_826' title='bbox 2961 4120 3204 4184; x_wconf 84' lang='grc' dir='ltr'>εἰσόδους</span> <span class='ocrx_word' id='word_1_827' title='bbox 3237 4119 3595 4190; x_wconf 76' lang='grc' dir='ltr'>διατρίϐουσι.</span> 
     </span>
    </p>
   </div>
   <div class='ocr_carea' id='block_1_114' title="bbox 2010 4201 3599 4277">
    <p class='ocr_par' dir='ltr' id='par_1_114' title="bbox 2010 4201 3599 4277">
     <span class='ocr_line' id='line_1_114' title="bbox 2010 4201 3599 4277; baseline -0.004 -16"><span class='ocrx_word' id='word_1_828' title='bbox 2010 4201 2228 4277; x_wconf 87' lang='lat' dir='ltr'><strong>Quibus</strong></span> <span class='ocrx_word' id='word_1_829' title='bbox 2261 4204 2436 4261; x_wconf 87' lang='lat' dir='ltr'><strong>critici</strong></span> <span class='ocrx_word' id='word_1_830' title='bbox 2470 4205 2650 4260; x_wconf 85' lang='lat' dir='ltr'><strong>verbis</strong></span> <span class='ocrx_word' id='word_1_831' title='bbox 2678 4213 2734 4259; x_wconf 90' lang='lat' dir='ltr'><strong>et</strong></span> <span class='ocrx_word' id='word_1_832' title='bbox 2763 4203 3101 4262; x_wconf 83' lang='lat' dir='ltr'><strong>Gerrhorum</strong></span> <span class='ocrx_word' id='word_1_833' title='bbox 3126 4204 3369 4273; x_wconf 90' lang='lat' dir='ltr'><strong>positura</strong></span> <span class='ocrx_word' id='word_1_834' title='bbox 3399 4205 3599 4258; x_wconf 84' lang='lat' dir='ltr'><strong>contir-</strong></span> 
     </span>
    </p>
   </div>
   <div class='ocr_carea' id='block_1_115' title="bbox 2010 4287 3596 4354">
    <p class='ocr_par' dir='ltr' id='par_1_115' title="bbox 2010 4287 3596 4354">
     <span class='ocr_line' id='line_1_115' title="bbox 2010 4287 3596 4354; baseline -0.005 -6"><span class='ocrx_word' id='word_1_835' title='bbox 2010 4302 2224 4353; x_wconf 88' lang='lat' dir='ltr'><strong>matur,</strong></span> <span class='ocrx_word' id='word_1_836' title='bbox 2255 4297 2311 4343; x_wconf 91' lang='lat' dir='ltr'><strong>et</strong></span> <span class='ocrx_word' id='word_1_837' title='bbox 2343 4287 2395 4341; x_wconf 90' lang='lat' dir='ltr'><strong>id</strong></span> <span class='ocrx_word' id='word_1_838' title='bbox 2430 4290 2708 4351; x_wconf 88' lang='lat' dir='ltr'><strong>docemur,</strong></span> <span class='ocrx_word' id='word_1_839' title='bbox 2739 4288 2909 4342; x_wconf 77' lang='lat' dir='ltr'><strong>fuisse</strong></span> <span class='ocrx_word' id='word_1_840' title='bbox 2943 4288 3015 4343; x_wconf 87' lang='lat' dir='ltr'><strong>ibi</strong></span> <span class='ocrx_word' id='word_1_841' title='bbox 3043 4289 3296 4342; x_wconf 87' lang='lat' dir='ltr'><strong>custodes</strong></span> <span class='ocrx_word' id='word_1_842' title='bbox 3313 4288 3427 4340; x_wconf 88' lang='lat' dir='ltr'><strong>sive</strong></span> <span class='ocrx_word' id='word_1_843' title='bbox 3456 4300 3596 4354; x_wconf 52' lang='lat' dir='ltr'><strong>pra)-</strong></span> 
     </span>
    </p>
   </div>
   <div class='ocr_carea' id='block_1_116' title="bbox 2009 4367 3594 4440">
    <p class='ocr_par' dir='ltr' id='par_1_116' title="bbox 2009 4367 3594 4440">
     <span class='ocr_line' id='line_1_116' title="bbox 2009 4367 3594 4440; baseline -0.006 -9"><span class='ocrx_word' id='word_1_844' title='bbox 2009 4372 2260 4431; x_wconf 87' lang='lat' dir='ltr'><strong>sidiarios</strong></span> <span class='ocrx_word' id='word_1_845' title='bbox 2287 4370 2510 4436; x_wconf 87' lang='lat' dir='ltr'><strong>milites,</strong></span> <span class='ocrx_word' id='word_1_846' title='bbox 2541 4369 2633 4438; x_wconf 86' lang='lat' dir='ltr'><strong>qui</strong></span> <span class='ocrx_word' id='word_1_847' title='bbox 2671 4368 2893 4440; x_wconf 64' lang='lat' dir='ltr'><strong>Egypti</strong></span> <span class='ocrx_word' id='word_1_848' title='bbox 2926 4370 3106 4424; x_wconf 89' lang='lat' dir='ltr'><strong>aditus</strong></span> <span class='ocrx_word' id='word_1_849' title='bbox 3143 4377 3331 4423; x_wconf 87' lang='lat' dir='ltr'><strong>contra</strong></span> <span class='ocrx_word' id='word_1_850' title='bbox 3356 4367 3594 4422; x_wconf 87' lang='lat' dir='ltr'><strong>hostium</strong></span> 
     </span>
    </p>
   </div>
   <div class='ocr_carea' id='block_1_117' title="bbox 2010 4449 3594 4514">
    <p class='ocr_par' dir='ltr' id='par_1_117' title="bbox 2010 4449 3594 4514">
     <span class='ocr_line' id='line_1_117' title="bbox 2010 4449 3594 4514; baseline -0.007 -1"><span class='ocrx_word' id='word_1_851' title='bbox 2010 4458 2356 4514; x_wconf 87' lang='lat' dir='ltr'><strong>incursiones</strong></span> <span class='ocrx_word' id='word_1_852' title='bbox 2381 4462 2686 4508; x_wconf 87' lang='lat' dir='ltr'><strong>tuerentur.</strong></span> <span class='ocrx_word' id='word_1_853' title='bbox 2718 4451 2850 4506; x_wconf 88' lang='lat' dir='ltr'><strong>Erat</strong></span> <span class='ocrx_word' id='word_1_854' title='bbox 2892 4449 3161 4507; x_wconf 84' lang='lat' dir='ltr'><strong>Gcrrhum</strong></span> <span class='ocrx_word' id='word_1_855' title='bbox 3199 4450 3316 4504; x_wconf 89' lang='lat' dir='ltr'><strong>loco</strong></span> <span class='ocrx_word' id='word_1_856' title='bbox 3345 4464 3594 4504; x_wconf 71' lang='lat' dir='ltr'><strong>commo-</strong></span> 
     </span>
    </p>
   </div>
   <div class='ocr_carea' id='block_1_118' title="bbox 2010 4531 3595 4609">
    <p class='ocr_par' dir='ltr' id='par_1_118' title="bbox 2010 4531 3595 4609">
     <span class='ocr_line' id='line_1_118' title="bbox 2010 4531 3595 4609; baseline -0.006 -13"><span class='ocrx_word' id='word_1_857' title='bbox 2010 4540 2238 4598; x_wconf 81' lang='lat' dir='ltr'><strong>dissimo</strong></span> <span class='ocrx_word' id='word_1_858' title='bbox 2283 4537 2545 4609; x_wconf 88' lang='lat' dir='ltr'><strong>positum,</strong></span> <span class='ocrx_word' id='word_1_859' title='bbox 2586 4544 2752 4605; x_wconf 91' lang='lat' dir='ltr'><strong>atque</strong></span> <span class='ocrx_word' id='word_1_860' title='bbox 2790 4535 2858 4590; x_wconf 87' lang='lat' dir='ltr'><strong>ad</strong></span> <span class='ocrx_word' id='word_1_861' title='bbox 2904 4534 3118 4589; x_wconf 89' lang='lat' dir='ltr'><strong>initituu</strong></span> <span class='ocrx_word' id='word_1_862' title='bbox 3152 4533 3371 4603; x_wconf 88' lang='lat' dir='ltr'><strong>quidem</strong></span> <span class='ocrx_word' id='word_1_863' title='bbox 3423 4531 3595 4587; x_wconf 86' lang='lat' dir='ltr'><strong>Bara-</strong></span> 
     </span>
    </p>
   </div>
   <div class='ocr_carea' id='block_1_119' title="bbox 2010 4616 3596 4691">
    <p class='ocr_par' dir='ltr' id='par_1_119' title="bbox 2010 4616 3596 4691">
     <span class='ocr_line' id='line_1_119' title="bbox 2010 4616 3596 4691; baseline -0.008 -8"><span class='ocrx_word' id='word_1_864' title='bbox 2010 4629 2258 4683; x_wconf 90' lang='lat' dir='ltr'><strong>throrum</strong></span> <span class='ocrx_word' id='word_1_865' title='bbox 2277 4625 2392 4679; x_wconf 91' lang='lat' dir='ltr'><strong>sive</strong></span> <span class='ocrx_word' id='word_1_866' title='bbox 2416 4621 2759 4691; x_wconf 83' lang='lat' dir='ltr'><strong>voraginum,</strong></span> <span class='ocrx_word' id='word_1_867' title='bbox 2782 4635 2903 4690; x_wconf 62' lang='lat' dir='ltr'><strong>quae</strong></span> <span class='ocrx_word' id='word_1_868' title='bbox 2915 4618 3187 4675; x_wconf 88' lang='lat' dir='ltr'><strong>Pelusium</strong></span> <span class='ocrx_word' id='word_1_869' title='bbox 3207 4631 3395 4672; x_wconf 86' lang='lat' dir='ltr'><strong>versus</strong></span> <span class='ocrx_word' id='word_1_870' title='bbox 3420 4616 3596 4688; x_wconf 82' lang='lat' dir='ltr'><strong>porri-</strong></span> 
     </span>
    </p>
   </div>
   <div class='ocr_carea' id='block_1_120' title="bbox 2008 4702 3593 4783">
    <p class='ocr_par' dir='ltr' id='par_1_120' title="bbox 2008 4702 3593 4783">
     <span class='ocr_line' id='line_1_120' title="bbox 2008 4702 3593 4783; baseline -0.007 -17"><span class='ocrx_word' id='word_1_871' title='bbox 2008 4714 2318 4783; x_wconf 85' lang='lat' dir='ltr'><strong>gebantur;</strong></span> <span class='ocrx_word' id='word_1_872' title='bbox 2351 4705 2494 4776; x_wconf 88' lang='lat' dir='ltr'><strong>quod</strong></span> <span class='ocrx_word' id='word_1_873' title='bbox 2548 4705 2595 4761; x_wconf 74' lang='lat' dir='ltr'><strong>Si</strong></span> <span class='ocrx_word' id='word_1_874' title='bbox 2620 4719 2753 4776; x_wconf 84' lang='lat' dir='ltr'><strong>ergo</strong></span> <span class='ocrx_word' id='word_1_875' title='bbox 2804 4719 2926 4759; x_wconf 91' lang='lat' dir='ltr'><strong>cum</strong></span> <span class='ocrx_word' id='word_1_876' title='bbox 2972 4718 3102 4759; x_wconf 89' lang='lat' dir='ltr'><strong>cura</strong></span> <span class='ocrx_word' id='word_1_877' title='bbox 3141 4711 3450 4758; x_wconf 87' lang='lat' dir='ltr'><strong>servaretur</strong></span> <span class='ocrx_word' id='word_1_878' title='bbox 3473 4742 3491 4768; x_wconf 90' lang='lat'><strong>,</strong></span> <span class='ocrx_word' id='word_1_879' title='bbox 3524 4702 3593 4755; x_wconf 90' lang='lat' dir='ltr'><strong>ad</strong></span> 
     </span>
    </p>
   </div>
   <div class='ocr_carea' id='block_1_121' title="bbox 2007 4785 3591 4862">
    <p class='ocr_par' dir='ltr' id='par_1_121' title="bbox 2007 4785 3591 4862">
     <span class='ocr_line' id='line_1_121' title="bbox 2007 4785 3591 4862; baseline -0.008 -10"><span class='ocrx_word' id='word_1_880' title='bbox 2007 4797 2244 4852; x_wconf 87' lang='lat' dir='ltr'><strong>claustra</strong></span> <span class='ocrx_word' id='word_1_881' title='bbox 2285 4790 2505 4862; x_wconf 63' lang='lat' dir='ltr'><strong>Egypti</strong></span> <span class='ocrx_word' id='word_1_882' title='bbox 2561 4789 2746 4845; x_wconf 78' lang='lat' dir='ltr'><strong>aditus</strong></span> <span class='ocrx_word' id='word_1_883' title='bbox 2785 4794 2905 4842; x_wconf 89' lang='lat' dir='ltr'><strong>erat</strong></span> <span class='ocrx_word' id='word_1_884' title='bbox 2942 4787 3190 4842; x_wconf 79' lang='lat' dir='ltr'><strong>hostibus</strong></span> <span class='ocrx_word' id='word_1_885' title='bbox 3239 4785 3591 4840; x_wconf 85' lang='lat' dir='ltr'><strong>interclusus.</strong></span> 
     </span>
    </p>
   </div>
   <div class='ocr_carea' id='block_1_122' title="bbox 2010 4869 3592 4942">
    <p class='ocr_par' dir='ltr' id='par_1_122' title="bbox 2010 4869 3592 4942">
     <span class='ocr_line' id='line_1_122' title="bbox 2010 4869 3592 4942; baseline -0.004 -10"><span class='ocrx_word' id='word_1_886' title='bbox 2010 4879 2087 4934; x_wconf 86' lang='lat' dir='ltr'><strong>De</strong></span> <span class='ocrx_word' id='word_1_887' title='bbox 2117 4876 2398 4931; x_wconf 84' lang='lat' dir='ltr'><strong>Barathris</strong></span> <span class='ocrx_word' id='word_1_888' title='bbox 2430 4875 2538 4931; x_wconf 90' lang='lat' dir='ltr'><strong>illis</strong></span> <span class='ocrx_word' id='word_1_889' title='bbox 2564 4872 2834 4928; x_wconf 86' lang='lat' dir='ltr'><strong>Diodorus</strong></span> <span class='ocrx_word' id='word_1_890' title='bbox 2864 4886 2953 4925; x_wconf 82' lang='lat' dir='ltr'><strong>xvt</strong></span> <span class='ocrx_word' id='word_1_891' title='bbox 2984 4887 3040 4942; x_wconf 90' lang='lat' dir='ltr'><strong>p.</strong></span> <span class='ocrx_word' id='word_1_892' title='bbox 3062 4870 3169 4926; x_wconf 69' lang='lat' dir='ltr'><strong>4M</strong></span> <span class='ocrx_word' id='word_1_893' title='bbox 3191 4878 3247 4924; x_wconf 90' lang='lat' dir='ltr'><strong>et</strong></span> <span class='ocrx_word' id='word_1_894' title='bbox 3276 4869 3475 4925; x_wconf 88' lang='lat' dir='ltr'><strong>Strabo</strong></span> <span class='ocrx_word' id='word_1_895' title='bbox 3503 4885 3592 4925; x_wconf 74' lang='grc' dir='ltr'>ινι</span> 
     </span>
    </p>
   </div>
   <div class='ocr_carea' id='block_1_123' title="bbox 2008 4978 3596 5112">
    <p class='ocr_par' dir='ltr' id='par_1_123' title="bbox 2008 4978 3596 5112">
     <span class='ocr_line' id='line_1_123' title="bbox 2008 4978 3596 5112; baseline -0.004 -11"><span class='ocrx_word' id='word_1_896' title='bbox 2278 5043 2533 5099; x_wconf 80' lang='grc' dir='ltr'><strong>Σκέννιι.</strong></span> <span class='ocrx_word' id='word_1_897' title='bbox 2601 5041 2778 5107; x_wconf 86' lang='grc' dir='ltr'>Σέλα,</span> <span class='ocrx_word' id='word_1_898' title='bbox 2830 5040 2986 5111; x_wconf 78' lang='lat' dir='ltr'><strong>cujus</strong></span> <span class='ocrx_word' id='word_1_899' title='bbox 3037 5040 3323 5111; x_wconf 81' lang='lat' dir='ltr'><strong>cpiscopus</strong></span> <span class='ocrx_word' id='word_1_900' title='bbox 3372 5038 3596 5112; x_wconf 80' lang='lat' dir='ltr'><strong>Alypius</strong></span> 
     </span>
    </p>
   </div>
   <div class='ocr_carea' id='block_1_124' title="bbox 2009 5123 3595 5200">
    <p class='ocr_par' dir='ltr' id='par_1_124' title="bbox 2009 5123 3595 5200">
     <span class='ocr_line' id='line_1_124' title="bbox 2009 5123 3595 5200; baseline -0.004 -17"><span class='ocrx_word' id='word_1_901' title='bbox 2009 5130 2179 5200; x_wconf 80' lang='grc' dir='ltr'>Σέλης</span> <span class='ocrx_word' id='word_1_902' title='bbox 2210 5128 2480 5199; x_wconf 75' lang='grc' dir='ltr'>ἐπαρχίας</span> <span class='ocrx_word' id='word_1_903' title='bbox 2523 5125 3016 5195; x_wconf 82' lang='grc' dir='ltr'>Λύγουσταμνικῆς</span> <span class='ocrx_word' id='word_1_904' title='bbox 3046 5123 3098 5178; x_wconf 90' lang='lat' dir='ltr'><strong>in</strong></span> <span class='ocrx_word' id='word_1_905' title='bbox 3154 5123 3427 5193; x_wconf 87' lang='lat' dir='ltr'><strong>Ephesino</strong></span> <span class='ocrx_word' id='word_1_906' title='bbox 3463 5137 3595 5176; x_wconf 90' lang='lat' dir='ltr'><strong>con-</strong></span> 
     </span>
    </p>
   </div>
   <div class='ocr_carea' id='block_1_125' title="bbox 2009 5207 3342 5283">
    <p class='ocr_par' dir='ltr' id='par_1_125' title="bbox 2009 5207 3342 5283">
     <span class='ocr_line' id='line_1_125' title="bbox 2009 5207 3342 5283; baseline -0.009 -13"><span class='ocrx_word' id='word_1_907' title='bbox 2009 5214 2136 5271; x_wconf 90' lang='lat' dir='ltr'><strong>cilio</strong></span> <span class='ocrx_word' id='word_1_908' title='bbox 2174 5227 2229 5283; x_wconf 88' lang='lat' dir='ltr'><strong>p.</strong></span> <span class='ocrx_word' id='word_1_909' title='bbox 2263 5210 2370 5266; x_wconf 66' lang='lat'><strong>478</strong></span> <span class='ocrx_word' id='word_1_910' title='bbox 2393 5209 2611 5267; x_wconf 85' lang='lat' dir='ltr'><strong>dicitur.</strong></span> <span class='ocrx_word' id='word_1_911' title='bbox 2652 5207 2787 5265; x_wconf 82' lang='lat' dir='ltr'><strong>Vide</strong></span> <span class='ocrx_word' id='word_1_912' title='bbox 2811 5209 2940 5264; x_wconf 83' lang='lat' dir='ltr'><strong>Itin.</strong></span> <span class='ocrx_word' id='word_1_913' title='bbox 2969 5208 3096 5262; x_wconf 80' lang='lat' dir='ltr'><strong>Aul.</strong></span> <span class='ocrx_word' id='word_1_914' title='bbox 3131 5225 3185 5278; x_wconf 90' lang='lat' dir='ltr'><strong>p.</strong></span> <span class='ocrx_word' id='word_1_915' title='bbox 3217 5207 3342 5261; x_wconf 89' lang='grc'><strong>171.</strong></span> 
     </span>
    </p>
   </div>
   <div class='ocr_carea' id='block_1_126' title="bbox 2080 5288 3590 5363">
    <p class='ocr_par' dir='ltr' id='par_1_126' title="bbox 2080 5288 3590 5363">
     <span class='ocr_line' id='line_1_126' title="bbox 2080 5288 3590 5363; baseline -0.005 -14"><span class='ocrx_word' id='word_1_916' title='bbox 2080 5295 2212 5350; x_wconf 91' lang='lat' dir='ltr'><strong>lbid.</strong></span> <span class='ocrx_word' id='word_1_917' title='bbox 2243 5295 2587 5363; x_wconf 79' lang='grc' dir='ltr'>Σεθραττης.</span> <span class='ocrx_word' id='word_1_918' title='bbox 2608 5292 2863 5348; x_wconf 89' lang='lat' dir='ltr'><strong>Straboni</strong></span> <span class='ocrx_word' id='word_1_919' title='bbox 2892 5292 2943 5348; x_wconf 92' lang='lat' dir='ltr'><strong>in</strong></span> <span class='ocrx_word' id='word_1_920' title='bbox 2981 5308 3115 5348; x_wconf 90' lang='lat' dir='ltr'><strong>mss.</strong></span> <span class='ocrx_word' id='word_1_921' title='bbox 3139 5288 3446 5361; x_wconf 82' lang='grc' dir='ltr'>Σεορωῖτης</span> <span class='ocrx_word' id='word_1_922' title='bbox 3480 5298 3590 5342; x_wconf 80' lang='lat' dir='ltr'><strong>xvrt</strong></span> 
     </span>
    </p>
   </div>
   <div class='ocr_carea' id='block_1_127' title="bbox 2007 5370 3590 5452">
    <p class='ocr_par' dir='ltr' id='par_1_127' title="bbox 2007 5370 3590 5452">
     <span class='ocr_line' id='line_1_127' title="bbox 2007 5370 3590 5452; baseline -0.006 -18"><span class='ocrx_word' id='word_1_923' title='bbox 2007 5397 2062 5452; x_wconf 88' lang='lat' dir='ltr'><strong>p.</strong></span> <span class='ocrx_word' id='word_1_924' title='bbox 2099 5380 2225 5437; x_wconf 70' lang='grc'><strong>881.</strong></span> <span class='ocrx_word' id='word_1_925' title='bbox 2259 5379 2365 5435; x_wconf 89' lang='lat' dir='ltr'><strong>Sed</strong></span> <span class='ocrx_word' id='word_1_926' title='bbox 2411 5388 2595 5432; x_wconf 86' lang='lat' dir='ltr'><strong>nostro</strong></span> <span class='ocrx_word' id='word_1_927' title='bbox 2622 5378 2834 5433; x_wconf 86' lang='lat' dir='ltr'><strong>accedit</strong></span> <span class='ocrx_word' id='word_1_928' title='bbox 2875 5375 3223 5433; x_wconf 72' lang='lat' dir='ltr'><strong>Ptolemazus.</strong></span> <span class='ocrx_word' id='word_1_929' title='bbox 3248 5370 3413 5439; x_wconf 87' lang='lat' dir='ltr'><strong>Cujus</strong></span> <span class='ocrx_word' id='word_1_930' title='bbox 3445 5372 3590 5425; x_wconf 86' lang='lat' dir='ltr'><strong>nomi</strong></span> 
     </span>
    </p>
   </div>
   <div class='ocr_carea' id='block_1_128' title="bbox 2008 5454 3593 5533">
    <p class='ocr_par' dir='ltr' id='par_1_128' title="bbox 2008 5454 3593 5533">
     <span class='ocr_line' id='line_1_128' title="bbox 2008 5454 3593 5533; baseline -0.004 -15"><span class='ocrx_word' id='word_1_931' title='bbox 2008 5462 2326 5533; x_wconf 82' lang='lat' dir='ltr'><strong>metropolis</strong></span> <span class='ocrx_word' id='word_1_932' title='bbox 2357 5458 2607 5516; x_wconf 78' lang='lat' dir='ltr'><strong>Herculis</strong></span> <span class='ocrx_word' id='word_1_933' title='bbox 2626 5476 2791 5530; x_wconf 88' lang='lat' dir='ltr'><strong>parva</strong></span> <span class='ocrx_word' id='word_1_934' title='bbox 2823 5463 2952 5517; x_wconf 90' lang='lat' dir='ltr'><strong>urbs</strong></span> <span class='ocrx_word' id='word_1_935' title='bbox 2979 5471 3117 5514; x_wconf 89' lang='lat' dir='ltr'><strong>erat.</strong></span> <span class='ocrx_word' id='word_1_936' title='bbox 3159 5455 3347 5527; x_wconf 85' lang='lat' dir='ltr'><strong>Neque</strong></span> <span class='ocrx_word' id='word_1_937' title='bbox 3374 5457 3476 5510; x_wconf 90' lang='lat' dir='ltr'><strong>alia</strong></span> <span class='ocrx_word' id='word_1_938' title='bbox 3503 5454 3593 5511; x_wconf 89' lang='lat' dir='ltr'><strong>hic</strong></span> 
     </span>
    </p>
   </div>
   <div class='ocr_carea' id='block_1_129' title="bbox 1967 5541 3588 5619">
    <p class='ocr_par' dir='ltr' id='par_1_129' title="bbox 1967 5541 3588 5619">
     <span class='ocr_line' id='line_1_129' title="bbox 1967 5541 3588 5619; baseline -0.007 -14"><span class='ocrx_word' id='word_1_939' title='bbox 1967 5574 1973 5580; x_wconf 86' lang='lat'><strong><em>-</em></strong></span> <span class='ocrx_word' id='word_1_940' title='bbox 2007 5550 2365 5619; x_wconf 72' lang='lat' dir='ltr'><strong>intelligitur:</strong></span> <span class='ocrx_word' id='word_1_941' title='bbox 2398 5562 2522 5601; x_wconf 90' lang='lat' dir='ltr'><strong>nam</strong></span> <span class='ocrx_word' id='word_1_942' title='bbox 2552 5547 2605 5605; x_wconf 87' lang='lat' dir='ltr'><strong>in</strong></span> <span class='ocrx_word' id='word_1_943' title='bbox 2633 5548 2862 5604; x_wconf 88' lang='lat' dir='ltr'><strong>concilio</strong></span> <span class='ocrx_word' id='word_1_944' title='bbox 2893 5544 3163 5616; x_wconf 78' lang='lat' dir='ltr'><strong>Ephesiae</strong></span> <span class='ocrx_word' id='word_1_945' title='bbox 3189 5542 3346 5595; x_wconf 81' lang='lat' dir='ltr'><strong>modo</strong></span> <span class='ocrx_word' id='word_1_946' title='bbox 3378 5541 3588 5604; x_wconf 89' lang='lat' dir='ltr'><strong>Theon,</strong></span> 
     </span>
    </p>
   </div>
   <div class='ocr_carea' id='block_1_130' title="bbox 2007 5621 3592 5705">
    <p class='ocr_par' dir='ltr' id='par_1_130' title="bbox 2007 5621 3592 5705">
     <span class='ocr_line' id='line_1_130' title="bbox 2007 5621 3592 5705; baseline -0.008 -14"><span class='ocrx_word' id='word_1_947' title='bbox 2007 5644 2066 5691; x_wconf 86' lang='lat' dir='ltr'><strong>ut</strong></span> <span class='ocrx_word' id='word_1_948' title='bbox 2111 5650 2165 5705; x_wconf 90' lang='lat' dir='ltr'><strong>p.</strong></span> <span class='ocrx_word' id='word_1_949' title='bbox 2203 5632 2331 5695; x_wconf 69' lang='grc'><strong>472,</strong></span> <span class='ocrx_word' id='word_1_950' title='bbox 2381 5621 2956 5705; x_wconf 70' lang='grc' dir='ltr'>θιιιίειιεε’Σεοροῖτου,</span> <span class='ocrx_word' id='word_1_951' title='bbox 3005 5629 3166 5682; x_wconf 89' lang='lat' dir='ltr'><strong>modo</strong></span> <span class='ocrx_word' id='word_1_952' title='bbox 3252 5626 3592 5698; x_wconf 80' lang='grc' dir='ltr'>Ἡρακλέους</span> 
     </span>
    </p>
   </div>
   <div class='ocr_carea' id='block_1_131' title="bbox 2004 5712 3602 5792">
    <p class='ocr_par' dir='ltr' id='par_1_131' title="bbox 2004 5712 3602 5792">
     <span class='ocr_line' id='line_1_131' title="bbox 2004 5712 3602 5792; baseline -0.004 -17"><span class='ocrx_word' id='word_1_953' title='bbox 2004 5721 2102 5775; x_wconf 74' lang='grc' dir='ltr'>τοῦ</span> <span class='ocrx_word' id='word_1_954' title='bbox 2144 5720 2453 5792; x_wconf 76' lang='grc' dir='ltr'>Σεθροῖτου,</span> <span class='ocrx_word' id='word_1_955' title='bbox 2489 5719 2941 5789; x_wconf 85' lang='lat' dir='ltr'><strong>quemadmodum</strong></span> <span class='ocrx_word' id='word_1_956' title='bbox 2990 5730 3045 5785; x_wconf 85' lang='lat' dir='ltr'><strong>p.</strong></span> <span class='ocrx_word' id='word_1_957' title='bbox 3079 5714 3206 5781; x_wconf 79' lang='grc'><strong>551,</strong></span> <span class='ocrx_word' id='word_1_958' title='bbox 3241 5714 3464 5770; x_wconf 72' lang='lat' dir='ltr'><strong>dicitur.</strong></span> <span class='ocrx_word' id='word_1_959' title='bbox 3491 5712 3602 5790; x_wconf 34' lang='lat' dir='ltr'><strong>Pe:</strong></span> 
     </span>
    </p>
   </div>
   <div class='ocr_carea' id='block_1_132' title="bbox 2008 5802 3026 5871">
    <p class='ocr_par' dir='ltr' id='par_1_132' title="bbox 2008 5802 3026 5871">
     <span class='ocr_line' id='line_1_132' title="bbox 2008 5802 3026 5871; baseline -0.007 -10"><span class='ocrx_word' id='word_1_960' title='bbox 2008 5806 2149 5862; x_wconf 89' lang='lat' dir='ltr'><strong>lusio</strong></span> <span class='ocrx_word' id='word_1_961' title='bbox 2174 5804 2303 5859; x_wconf 80' lang='lat' dir='ltr'><strong>Itin.</strong></span> <span class='ocrx_word' id='word_1_962' title='bbox 2341 5805 2464 5860; x_wconf 81' lang='lat' dir='ltr'><strong>Aut.</strong></span> <span class='ocrx_word' id='word_1_963' title='bbox 2506 5805 2574 5860; x_wconf 83' lang='grc' dir='ltr'>Μ,</span> <span class='ocrx_word' id='word_1_964' title='bbox 2609 5802 2669 5857; x_wconf 75' lang='lat'><strong>1‘.</strong></span> <span class='ocrx_word' id='word_1_965' title='bbox 2697 5802 2768 5854; x_wconf 80' lang='grc'><strong>22</strong></span> <span class='ocrx_word' id='word_1_966' title='bbox 2788 5810 3026 5871; x_wconf 85' lang='lat' dir='ltr'><strong>separat.</strong></span> 
     </span>
    </p>
   </div>
  </div>
