4170 6422
568 326 707 391 1187

642 443 762 498 Col.
802 438 926 495 I56.
953 433 1314 504 'IIgaato'toq.
1349 421 1587 478 Joannes
1613 410 2146 504 Ἡφαίστου-ἑῇσι»-

573 494 879 595 σταεξινήικῆς
910 494 1234 583 subscripsit
1267 505 1540 595 Ephesino
1558 499 1882 595 conciliop.
1908 494 2036 595 :71.

810 577 1172 663 ἀανίθυσοξι.
1193 591 1454 656 Ascripsit
1472 586 1535 641 L.
1556 582 1886 639 IIolsteinius
1908 577 2147 663 ﬂavico-

577 688 1065 760 σος,Πανειφυσος
1091 662 1147 734 et
1174 674 1521 760 Havaitpuco;
1551 707 1566 722 .
1613 666 1909 760 Ptolemaeo
1952 662 2149 756 dicitur

575 744 883 843 ίιανέφυσις
911 744 1229 833 inetropolis
1264 756 1411 810 nomi
1455 751 1618 843 Neut,
1646 747 1919 817 Ephesiae
1967 744 2150 843 conci-

577 828 648 911 lio
677 828 748 926 ρ..
770 828 879 909 Πέ
903 828 1219 914 [lavem—mo;
1235 828 2064 926 Δὲειτοιρχίαςηιέλῇγονσιταρ.νι.ἶιθὲἱις⁹
2095 832 2150 919 et

840 907 1172 999 Πανέφεσος.
1221 921 1487 976 Casianus
1515 915 1710 1008 (Eollat:
1753 928 1807 967 ιιι
1838 910 1966 1008 (οἶ-,5
1986 907 2148 1008 oppi—

577 991 701 1074 iluzn
733 991 1058 1085 Panephisiu
1091 1007 1341 1078 appellat.
1370 1013 1424 1057 et
1452 1000 1585 1055 satis
1635 995 1934 1051 miserabili
1983 991 2151 1047 fuisse

577 1098 885 1154 nrtditione
914 1095 1110 1163 prodit.

648 1182 782 1236 Ibid.
836 1157 1080 1241 Πιέννις.
1132 1171 1204 1225 Ita
1238 1184 1392 1229 IllSS.,
1427 1169 1518 1219 sed
1570 1176 1752 1216 verum
1793 1159 1989 1220 Τάννις
2039 1157 2154 1211 sive

577 1264 740 1325 Τάνις
774 1273 881 1317 est.
912 1240 1214 1327 Harpocras
1245 1250 1466 1311 Τάνεως
1517 1244 1793 1327 Gennadii.
1845 1240 2152 1327 Synodictc,

578 1320 1095 1415 apudeambccium
1128 1335 1270 1391 Bibl.
1311 1334 1447 1387 (λανδ.
1488 1345 1583 1384 vm
1615 1344 1670 1397 p.
1698 1326 1804 1381 425
1834 1320 2148 1379 subscribit.

582 1432 714 1485 Vide
737 1429 868 1484 Itin.
902 1425 1026 1478 Ant.
1058 1439 1110 1493 p.
1155 1420 1277 1474 I35.

653 1513 802 1566 Ibid.
849 1489 1110 1578 Θμούηξ.
1153 1502 1380 1571 Θμοῦῖς.
1438 1499 1697 1554 Pindarus
1735 1493 1875 1578 apud
1932 1489 2158 1578 Strabo-

579 1613 702 1654 nem
758 1564 973 1662 xvn.p.
1003 1590 1109 1646 802
1138 1588 1437 1642 Mendetem
1494 1583 1627 1637 mari
1665 1576 1904 1647 apponit,
1963 1564 2157 1628 merito

584 1680 882 1748 castigatus
909 1654 976 1729 ab
1021 1671 1257 1726 Aristide
1307 1678 1440 1721 tom.
1498 1663 1561 1717 III
1598 1679 1651 1732 p.
1685 1658 1789 1748 (ξω
1819 1676 1850 1748 ε⁸
1868 1655 2008 1748 (liqui.
2048 1654 2157 1724 γὰρ

582 1739 888 1828 Αἱγυῖττίαν
957 1755 1215 1822 Μένδητα
1285 1748 1437 1819 παρὰ
1511 1742 1758 1816 κρημνὸν
1802 1739 2101 1828 pallidam
2136 1749 2154 1768 ο

584 1821 764 1898 miror.
803 1838 927 1894 abte
960 1821 1206 1906 κρημνός
1236 1836 1382 1886 ἐστιν
1407 1829 1583 1892 οὐδεὶς
1615 1828 1731 1879 ἐκεῖ
1768 1822 1891 1877 οὗτε
1919 1821 2159 1906 θάλαττα

585 1925 870 1997 προσηχεῖ,
896 1902 1089 1974 ἀλλίὲν
1120 1917 1290 1987 πεδίῳ
1322 1912 1652 1997 κεχυμένῳμὸ
1687 1902 2161 1997 ΙξΙενδήσιοιςκᾶπας

584 1986 1047 2076 νόμδξᾟὶκεῖται,
1088 2000 1181 2053 καὶ
1221 1999 1255 2069 ἡ
1283 1997 1437 2058 πόλις
1480 1993 1661 2050 αὐτῶν
1694 1992 1760 2063 ἢν
1803 1986 2161 2058 ὀνομάζουσιν

585 2088 816 2158 Θμοῦιν.

660 2171 793 2224 Ibid.
814 2167 1154 2236 Αὐγούστα.
1186 2157 1679 2231 Αὐγονσταμνικῆς
1709 2196 1723 2209 .
1759 2153 1883 2208 Post
1914 2149 2164 2236 Theodoo

586 2254 655 2307 sii
695 2233 921 2306 secundi
968 2258 1210 2316 tempora
1258 2245 1373 2300 haec
1425 2243 1637 2295 videtur
1668 2236 1943 2308 provincia
1996 2233 2160 2287 facta.

588 2333 762 2390 Unam
801 2340 1005 2397 tantum
1036 2315 1518 2399 Augustamnicam
1551 2320 1763 2376 Notitia
1796 2322 1923 2387 iutp.
1959 2315 2162 2372 Orient.

590 2415 758 2474 novit.
813 2427 972 2465 uuam
1012 2397 1172 2464 etiam
1225 2407 1460 2480 Cyrillus
1510 2406 1561 2460 in
1599 2404 1759 2473 epist.
1818 2399 1884 2455 ad
1926 2397 2164 2480 Atticum

588 2514 643 2568 p.
675 2495 802 2550 205.
833 2494 1121 2548 Prmsidem
1154 2479 1407 2545 habuisse
1445 2485 1680 2542 I'Iicrocli
1729 2484 2023 2539 credimus.
2072 2479 2169 2534 Est

590 2564 1021 2651 Augustamnica:
1066 2589 1266 2643 prmses
1299 2574 1351 2626 in
1387 2572 1427 2627 Ι.
1460 2572 1530 2627 54
1566 2587 1617 2626 c.
1648 2568 1752 2623 'I‘b.
1782 2568 1849 2622 de
1879 2564 2165 2623 Decurion.

589 2673 643 2718 el
677 2646 816 2732 apud
870 2658 1226 2714 Athanasium
1261 2653 1411 2723 Apol.
1450 2664 1637 2707 contra
1692 2651 1881 2703 Arian.
1932 2663 1985 2716 p.
2019 2646 2120 2702 I74
2151 2662 2167 2713 ;

589 2746 680 2814 qui
712 2746 807 2800 toti
843 2740 1307 2809 Augustamnica.
1338 2740 1574 2791 nomium
1601 2736 1654 2789 in
1689 2736 1822 2789 duas
1866 2734 2170 2797 distractae,

592 2829 693 2883 sub
742 2824 1064 2881 Constantio
1111 2820 1417 2892 imperavit.
1458 2819 1585 2874 Post
1614 2817 1736 2872 dein
1794 2816 1897 2870 sub
1942 2813 2172 2868 Arcadio

592 2908 781 2963 cadent
810 2915 1195 2967 correctorem,
1228 2911 1287 2956 ut
1318 2917 1382 2954 ex
1409 2901 1633 2955 Isodoro
1678 2896 2038 2957 ostendimus,
2071 2893 2169 2947 ha-

595 2991 731 3043 buit.
761 2987 861 3042 Ubi
898 3001 1026 3040 vero
1057 2999 1122 3037 ex
1154 2999 1261 3036 una
1305 2983 1444 3037 bina:
1482 2991 1603 3034 sunt
1623 2988 1820 3032 creata:
1846 2979 2176 3046 Augustam-

597 3072 753 3135 nica),
786 3069 955 3139 prima
990 3073 1380 3127 correctorem,
1408 3062 1664 3127 secunda,
1698 3062 1774 3115 uti
1802 3060 1954 3124 olim,
1993 3058 2176 3130 praesi-

596 3157 739 3217 dem,
770 3152 853 3206 cui
882 3157 1116 3219 pareret,
1145 3156 1302 3201 nacta
1328 3155 1435 3200 est.

666 3234 798 3289 Ibid.
823 3230 1078 3288 Λεογτώ.
1106 3230 1270 3292 Πόλις
1297 3229 1545 3284 Λεόντων
1593 3227 1882 3283 Ptolemazo
1911 3228 2053 3282 circa
2076 3225 2179 3279 Bu-

598 3318 867 3374 siriticnm
901 3329 1140 3380 amnem,
1168 3312 1315 3368 unde
1362 3313 1480 3382 ejus
1519 3315 1572 3365 in
1603 3311 1876 3380 Ephesino
1925 3309 2176 3372 concilio,

598 3416 653 3470 p.
691 3400 807 3459 ’.ὅτι
834 3399 1123 3467 episcopus
1157 3394 1497 3450 Metrodorus
1536 3394 1783 3448 Λεόντων
1813 3391 2032 3447 dicitur.
2064 3387 2178 3445 Nec

599 3483 964 3538 damnandum
995 3492 1175 3534 tamen
1222 3489 1464 3533 nostrum
1505 3488 1609 3540 est,
1636 3477 1779 3545 quod
1822 3475 2049 3530 formam
2082 3472 2181 3528 Αἰ-

601 3570 837 3638 pyptiam
895 3565 1149 3634 praefert,
1214 3573 1269 3618 et
1331 3571 1605 3633 receptum
1670 3561 1805 3616 satis
1856 3567 1961 3615 est.
2001 3558 2182 3614 Xeno-

601 3653 744 3719 phou
786 3650 1051 3719 Ephesius
1087 3664 1160 3716 tv,
1196 3664 1248 3718 p.
1302 3646 1371 3702 56
1408 3666 1422 3702 :
1463 3646 1775 3705 Διελθόντες
1804 3644 1860 3697 δὲ
1904 3641 2055 3697 Ταῦα
2090 3643 2184 3695 ἐπὶ

600 3734 815 3789 Λεοντὼ
887 3733 1140 3804 ἔρχονται
1185 3731 1363 3787 πόλιν.
1416 3731 1508 3785 Sic
1551 3733 1697 3786 enim
1744 3727 2184 3801 ingeniosissime

603 3819 879 3888 vulgatqu
910 3817 1082 3870 ταῦτα
1130 3816 1216 3871 Ti.
1274 3813 1718 3870 IIcmsterltusius
1759 3813 1995 3868 reﬁnxit.
2030 3809 2183 3867 Nilus

607 3901 962 3970 Doxnpatrius
1004 3902 1158 3966 (tom.
1203 3901 1223 3952 ῐ
1281 3898 1411 3953 Var.
1450 3895 1576 3953 Sac.
1618 3895 1695 3952 Le
1728 3895 1940 3969 Moyne,
1972 3911 2026 3964 p.
2052 3893 2180 3967 224)

604 3984 705 4055 τὴν
738 3982 953 4036 Λεοντὼ
990 3981 1309 4050 mctropolin
1359 3980 1764 4051 Augustatnniw
1794 3977 2044 4034 secundae
2064 3993 2184 4034 esse

606 4069 705 4120 ait.
741 4065 876 4119 Vide
917 4065 1042 4118 Itin.
1077 4065 1226 4123 Ληι..
1257 4081 1311 4134 p.
1343 4064 1463 4119 I55.

680 4149 814 4201 Ibid.
865 4149 1148 4216 ’Λθριϐις.
1194 4147 1321 4201 Fuit
1369 4147 1422 4200 in
1473 4146 1792 4217 cognomine
1841 4157 2024 4211 nomo,
2077 4159 2184 4198 non

611 4230 780 4285 multo
805 4246 833 4282 a
862 4229 1101 4284 Leonum
1134 4230 1265 4283 urbe
1296 4229 1584 4284 dissociata
1625 4228 1802 4298 spatio
1831 4229 1972 4297 apud
2002 4226 2184 4282 Ptole-

611 4329 825 4369 mauultl.
858 4312 1029 4367 Ilabet
1060 4313 1221 4366 etiam
1252 4311 1523 4365 Palladius
1555 4309 1699 4365 Hist.
1723 4310 1910 4374 Laus..
1935 4325 1984 4365 c.
2018 4325 2182 4375 xxxv,

608 4399 701 4454 ubi
735 4399 1102 4466 maximopere
1134 4395 1323 4451 vellem
1359 4396 1425 4450 ab
1455 4394 1568 4450 Jos.
1597 4394 1829 4450 Meursio
1860 4394 1993 4449 nihil
2018 4395 2187 4451 fuisse

609 4482 904 4550 ascriptum
951 4480 1083 4551 περὶ
1140 4479 1237 4549 τῆξ
1267 4478 1527 4550 Λίορὶὄου
1560 4478 1787 4541 πόλεως,
1818 4493 1882 4531 cx
1913 4492 2016 4547 qua
2064 4491 2186 4532 sec-

609 4575 718 4617 tam
749 4563 1142 4618 Mubammedis
1171 4563 1438 4633 prodiisse
1474 4562 1714 4617 Zonaras
1745 4560 2021 4616 Cedrenus
2044 4560 2188 4615 Con-

611 4649 989 4716 stantinusque
1041 4647 1339 4714 imperator
1389 4646 1677 4715 prodidere
1728 4662 1745 4702 :
1804 4659 1869 4698 ea
1925 4644 2071 4698 enim
2114 4643 2183 4698 ab

611 4730 835 4783 Athribe
867 4736 967 4783 hac
1012 4732 1186 4783 multo
1211 4738 1291 4783 est
1333 4729 1729 4791 diversissima,
1763 4727 1965 4797 quippe
2011 4727 2063 4782 in
2112 4727 2192 4781 in-

613 4814 742 4864 tima
779 4811 974 4866 Arabia
1028 4813 1201 4882 posita
1239 4827 1254 4864 :
1286 4828 1393 4865 non
1426 4812 1587 4864 aliam
1626 4813 1773 4865 enim
1802 4825 1923 4865 esse
1965 4823 2028 4863 ac
2073 4807 2187 4865 Me-

614 4894 818 4958 dinam,
850 4910 969 4961 qum
994 4894 1166 4948 Jattib
1197 4894 1351 4958 olim,
1378 4893 1740 4946 certissimum
1772 4901 1873 4947 est.
1908 4890 2039 4947 Vide
2068 4891 2187 4949 Jac.

611 4976 826 5033 Golium
863 4980 914 5030 in
941 4978 1244 5046 Alfergan.,
1271 4991 1324 5045 p.
1350 4976 1439 5032 97.
1471 4977 1542 5030 De
1566 4974 1831 5043 IIeliopoli
1856 4977 1970 5031 sive
2002 4975 2187 5028 Ἠλίου

611 5059 736 5113 Am.
774 5059 926 5123 Irim,
960 5077 1011 5127 p.
1047 5060 1164 5114 I09.

686 5142 822 5198 Ibid.
855 5145 1224 5210 Βούϐαστος.
1256 5143 1515 5213 Appodta
1548 5141 1644 5196 fuit
1679 5142 1971 5198 Bubastico
1998 5144 2186 5212 ﬂuvio,

612 5244 644 5284 a
682 5230 870 5293 lliana,
913 5244 1033 5298 qua:
1063 5228 1335 5299 [Egyptiis
1367 5228 1656 5297 βούὸαστις
1689 5227 1826 5298 apud
1862 5227 2189 5284 Herodotum

615 5327 676 5374 ιι,
708 5326 762 5381 p.
818 5312 941 5377 I57,
980 5312 1030 5366 id
1084 5312 1319 5365 nominis
1373 5310 1853 5365 εονιίιιι.11‹ει·ιιιοιι
1907 5313 2007 5381 τῆς
2059 5316 2193 5367 Bou-

616 5396 897 5533 gasrtxdiv
930 5412 1026 5467 pro
1059 5395 1443 5449 Βουϐαστικών
1459 5405 1541 5448 est
1579 5395 1630 5448 in
1666 5407 1794 5449 tom.
1830 5393 1900 5448 III
1919 5396 2039 5450 Maii
2070 5398 2188 5452 Act.

736 5495 791 5533 ι).
817 5480 909 5532 7I.

686 5563 820 5619 Ibid.
855 5562 1151 5630 ψάρᾷθος.
1186 5564 1412 5619 Rectum
1450 5575 1530 5617 est
1563 5564 1891 5634 Φάρόπιοος,
1921 5576 1978 5619 ιιι
2011 5565 2187 5622 Ptole-

615 5664 783 5701 maeus
804 5659 855 5700 ct
882 5649 1207 5714 Stephanus,
1242 5661 1333 5702 aut
1363 5647 1668 5717 Φάρὸητος,
1697 5651 1967 5717 quamodo
1994 5649 2192 5705 Strabo

615 5738 668 5779 ct
703 5729 1037 5798 Epiphanius
1074 5732 1123 5785 in
1164 5731 1361 5802 Expos.
1390 5731 1536 5800 ﬁdei,
1575 5746 1623 5786 c.
1653 5746 1753 5798 XII,
1783 5747 1833 5800 p.
1887 5734 2041 5789 I095.
2093 5732 2189 5789 Se-

1585 301 1965 366 ADDENDA.
1994 324 2064 334 -··
2089 297 2154 357 P.
2192 289 2708 355 WESSEIJNGII

3679 279 3830 343 1188

2256 404 2377 459 dent
2408 405 2536 458 urbs
2567 402 2706 456 inter
2754 398 3102 454 Bubasticum
3154 386 3209 450 et
3243 394 3587 450 Busiriticum
3640 407 3839 447 amnes

2247 486 2499 541 habebat.

2313 569 2452 624 Ibid.
2497 568 2750 638 Ἀραϐία.
2800 564 3124 633 Intelligitur
3169 576 3369 617 nonius
3392 558 3657 612 Arabieus
3689 557 3839 610 circa

2244 655 2595 712 Bubastieum
2622 651 2845 706 Iluvium
2874 649 3129 703 Arabiam
3168 661 3361 702 versus
3390 650 3694 713 protentus.
3731 639 3843 692 (ζα-

2255 738 2468 808 teroqni
2495 747 2550 792 et
2581 735 2685 788 alia
2722 732 2918 789 Arabia
2965 727 3273 802 eognomini
3311 726 3457 783 sinui
3508 723 3743 781 coutinis
3773 731 3835 776 et

2249 826 2301 880 in
2335 806 2671 889 Ethiopiam
2710 818 3023 890 pertingens
3059 816 3110 867 in
3146 812 3383 882 [Egypto
3427 818 3563 865 erat.
3625 806 3839 890 Nobilis

2247 922 2308 964 ea
2337 914 2424 962 est
2450 889 2720 957 marmore
2769 900 3104 969 porphyrite,
3152 897 3304 961 cujus
3338 895 3410 948 ibi
3462 891 3701 948 metalla.
3733 889 3839 943 sed

2247 999 2301 1047 et
2328 987 2651 1044 aridissimo
2684 984 2799 1039 solo
2829 993 2991 1050 atque
3024 981 3209 1035 arenis
3244 976 3466 1033 infamis
3491 975 3631 1044 apud
3665 973 3845 1026 Aris-

2249 1074 2414 1128 tidem
2449 1083 2580 1125 tom.
2608 1067 2695 1134 III,
2722 1083 2775 1135 p.
2810 1064 2936 1121 587.
2970 1066 3148 1133 Atque
3178 1063 3286 1127 hic,
3317 1072 3464 1129 pulo,
3499 1058 3600 1113 fuit
3624 1072 3845 1126 πορφυ-

2255 1156 2412 1228 ρίτης
2440 1154 2627 1218 τόπος,
2664 1150 2822 1220 cujus
2869 1147 3145 1201 Palladius
3186 1143 3334 1198 Hist.
3380 1141 3570 1228 Laut.)
3616 1154 3667 1194 c.
3726 1153 3840 1228 seu

2252 1220 2521 1298 meminit.
2559 1244 2613 1288 et
2647 1246 2871 1288 ert-mus
2920 1228 3243 1300 Porphyrio,
3296 1240 3459 1297 quam
3506 1224 3577 1278 ab
3623 1220 3844 1291 oppidis

2252 1329 2346 1373 aut
2373 1317 2648 1374 habitabili
2683 1325 2828 1369 terra
2861 1321 3067 1381 septem
3105 1309 3478 1365 mansionibus
3507 1306 3587 1361 vel
3618 1318 3683 1359 eo
3716 1317 3842 1357 am-

2254 1405 2393 1473 plius
2444 1412 2749 1470 separatam
2799 1397 3098 1453 Cassianus
3143 1394 3212 1448 de
3257 1392 3401 1461 Spir.
3435 1388 3645 1473 Acedize
3670 1387 3727 1451 7,
3757 1384 3837 1438 24

2254 1472 2472 1557 prodit:
2504 1485 2641 1540 bene
2684 1482 2829 1536 enim
2874 1481 2946 1534 illi
2985 1480 3037 1533 in
3092 1479 3258 1533 eremi
3305 1472 3667 1543 descriptione
3709 1484 3843 1525 eum

2251 1553 2490 1625 Aristide
2552 1566 2840 1629 convenit;
2908 1563 2956 1617 id
2996 1577 3131 1617 vero
3196 1561 3393 1615 mirum
3444 1556 3664 1618 accidit,
3736 1553 3849 1607 Ba-

2254 1654 2507 1722 bylonem
2548 1650 2618 1703 ab
2645 1646 2894 1702 Hierocle
2931 1647 2982 1698 in
3012 1646 3113 1698 hac
3143 1643 3417 1713 provincia
3452 1638 3670 1710 negligi,
3704 1636 3846 1691 satis

2255 1717 2351 1792 sua
2386 1740 2544 1788 actate
2567 1731 2859 1786 celebrem.
2902 1729 3107 1784 Aberat
3139 1728 3206 1780 ab
3242 1723 3477 1779 Arabico
3501 1722 3645 1782 sinu.
3674 1720 3719 1772 si
3747 1717 3845 1786 ju-

2257 1816 2453 1872 nteutis
2500 1811 2860 1868 sarcinalibns
2911 1811 3014 1864 iter
3059 1808 3491 1878 ingrederentur,
3543 1799 3847 1857 intervallo

2255 1908 2493 1971 quatuor
2536 1897 2769 1960 dierum,
2795 1893 2938 1964 quod
2962 1902 3144 1946 tamen
3168 1888 3451 1960 expeditus
3477 1899 3645 1957 eques
3676 1881 3847 1938 unius

2257 1963 2359 2038 diei
2392 1990 2447 2036 et
2474 1978 2649 2035 noctis
2693 1963 2920 2033 decursu
2977 1975 3258 2030 absolvere
3305 1976 3537 2040 poterat.
3587 1966 3704 2021 Hoc
3751 1963 3843 2019 Jo.

2259 2063 2592 2132 Pliiloponus
2623 2060 2692 2115 de
2733 2057 2925 2112 Mund.
2956 2056 3135 2116 Great.
3178 2070 3252 2121 tv,
3281 2054 3315 2109 5
3364 2053 3451 2108 bis
3475 2049 3679 2132 verbis.
3715 2059 3847 2132 qua:

2262 2123 2555 2203 Corderius
2592 2158 2698 2197 non
2730 2140 3018 2202 intellexit,
3049 2139 3206 2193 docet
3238 2155 3252 2190 :
3280 2133 3579 2203 Πλησιάζει
3606 2131 3661 2184 δὲ
3685 2123 3847 2188 οὗτος

2263 2229 2314 2299 (ὁ
2332 2232 2391 2282 Ἀ
2399 2228 2585 2301 ράδιος
2600 2224 2800 2288 κόλπος
2818 2226 2884 2295 τῇ
2899 2221 3016 2275 κατ’
3039 2221 3310 2289 Αἴγυπτον
3323 2216 3627 2279 Βαϐυλῶνι,
3644 2214 3760 2267 οδδν
3783 2211 3853 2276 ἐξ

2263 2298 2433 2384 αὐτῆξ
2454 2311 2592 2383 ἔχων
2620 2308 2946 2379 ἀχθοφόροις
2989 2305 3088 2376 μὲν
3110 2304 3270 2368 ζώοις
3302 2302 3529 2375 ἡμερῶν
3549 2298 3716 2369 ἐγγύς
3738 2315 3849 2351 που

2262 2383 2562 2466 τεσσάρων,
2594 2391 2838 2460 ὀξυτάτῳ
2866 2389 2921 2443 δὲ
2943 2389 3134 2461 δρομεῖ
3151 2389 3314 2443 ἵππον
3342 2387 3625 2442 ἐλαύνοντι
3639 2383 3849 2453 νυχθη-

2269 2480 2458 2550 μέρου.
2497 2476 2630 2532 Vide
2660 2484 2713 2531 et
2747 2476 2874 2530 Ant.
2910 2473 3059 2539 ltiu.,
3086 2488 3140 2541 p.
3182 2472 3306 2528 196.

2337 2561 2472 2616 Ibid.
2505 2560 2762 2628 Κλύσμα
2785 2557 3070 2625 κάστρου.
3106 2555 3247 2626 Lege
3274 2568 3339 2608 cu
3350 2568 3396 2605 ιιι
3426 2551 3706 2607 Holsteiuo
3730 2547 3856 2602 Κά-

2269 2662 2428 2716 στρον
2455 2647 2567 2700 :sie
2601 2645 2745 2698 enim
2775 2641 3109 2712 Epiphanius
3135 2640 3335 2694 Haeres.
3366 2652 3513 2700 vat,
3544 2651 3593 2691 e.
3627 2649 3642 2688 I
3672 2644 3728 2687 ct
3755 2635 3860 2688 in-

2268 2740 2447 2786 certus
2480 2737 2669 2783 auctor
2700 2727 2752 2780 in
2771 2726 2912 2781 Bibl.
2955 2722 3307 2786 Coisliniana,
3330 2720 3383 2790 'p.
3403 2716 3860 2776 599.Palmerius

2271 2812 2537 2875 Exercit.,
2568 2826 2622 2881 ρ.
2678 2809 2783 2865 ἕω
2843 2807 3060 2879 Clysma
3112 2808 3177 2859 ad
3229 2804 3447 2858 [luvium
3494 2803 3608 2856 sive
3644 2799 3857 2855 fossam

2270 2896 2567 2956 Ptolemaei.
2616 2911 2644 2947 a
2705 2891 2944 2961 Trajano
3010 2898 3321 2943 renovatam
3375 2897 3429 2942 et
3483 2893 3860 2955 rcpnrgatam,

2271 2984 2575 3051 appositum
2607 2978 2773 3032 fuisse
2798 2983 2982 3030 censet
3013 2989 3080 3029 ex
3113 2973 3194 3025 bis
3238 2970 3461 3025 Lueiani
3510 2970 3563 3024 in
3617 2963 3863 3020 Pseudo—

2273 3073 2470 3130 mant.,
2499 3079 2553 3133 p.
2589 3061 2697 3116 773
2740 3060 2827 3114 ed.
2882 3058 3055 3111 Amst.
3092 3073 3107 3110 :
3138 3052 3510 3116 Ἀναπλεύσας
3567 3053 3596 3104 ὁ
3644 3051 3864 3103 νεανίου

2275 3165 2370 3212 κος
2398 3149 2477 3209 εἰς
2526 3145 2805 3213 Αἴγυπτον
2835 3145 2962 3214 ἄχρι
2999 3138 3094 3194 τοῦ
3129 3138 3479 3208 Κλύσματος,
3514 3135 3699 3188 πλοίου
3727 3135 3855 3187 ἀναί

2273 3232 2528 3300 γομένου,
2591 3227 2821 3297 ἐπείσθη
2886 3227 2980 3279 καὶ
3026 3222 3190 3285 αὐτὸς
3233 3222 3313 3285 εἰς
3353 3218 3546 3274 Ἰνδίαν
3602 3215 3859 3271 πλεῦσαι.

2278 3313 2447 3369 Recte
2479 3314 2698 3382 quidem
2734 3310 2984 3365 Latinum
3024 3309 3376 3375 interpretem
3424 3301 3729 3371 castigavit,
3764 3300 3863 3369 qui

2276 3396 2493 3467 Clysma
2527 3410 2631 3449 non
2682 3393 3105 3455 observaverat;
3141 3387 3284 3456 Quod
3330 3387 3505 3456 ipsum
3534 3394 3588 3438 et
3633 3382 3865 3436 Bevcrc-

2277 3466 2399 3550 gius
2433 3478 2564 3534 fecit
2597 3480 2650 3531 in
2681 3477 2888 3532 Canon.
2922 3472 3119 3529 coucil.
3150 3468 3412 3530 Trullani,
3441 3484 3494 3538 p.
3530 3467 3623 3522 I5I
3661 3482 3678 3525 :
3711 3476 3766 3519 at
3792 3466 3865 3519 de

2281 3569 2425 3621 fossa
2478 3562 2756 3618 Ptolemtei
2818 3576 2905 3616 res
2938 3560 3041 3613 alia
3091 3567 3195 3613 est.
3243 3555 3335 3610 Illa
3367 3552 3634 3608 Arsinoen
3687 3566 3864 3621 usque

2280 3650 2382 3705 fuit
2419 3648 2678 3718 producta
2735 3644 2877 3714 apud
2924 3634 3181 3696 Strabon.
3219 3652 3352 3702 xvtt,
3389 3653 3442 3708 p.
3475 3637 3601 3701 804,
3633 3633 3860 3701 Traiani

2281 3747 2412 3788 vero
2463 3731 2529 3783 ad
2576 3729 2808 3783 lleroum
2863 3726 3054 3779 urbem
3110 3723 3360 3777 Arsiuom
3407 3721 3666 3777 vicinam.
3724 3727 3864 3773 teste

2279 3813 2574 3870 Ptolema-o
2599 3827 2674 3876 tv,
2710 3810 2763 3864 5.
2794 3810 2877 3863 Ab
2908 3817 3140 3875 utraque
3167 3804 3398 3874 amplius
3424 3802 3491 3858 69
3509 3800 3578 3855 Μ.
3612 3800 3671 3857 Ρ.
3702 3800 3864 3873 Clys-

2282 3915 2370 3956 ma
2399 3907 2512 3953 erat
2545 3903 2833 3953 semotum.
2889 3887 3347 3962 quemadmodum
3377 3887 3503 3940 Aut.
3536 3884 3667 3939 Itin.
3720 3886 3869 3939 indi-

2281 3992 2391 4050 cat,
2418 3981 2684 4052 longeque
2731 3977 2867 4030 adeo
2902 3989 2930 4029 a
2966 3973 3112 4027 fossa
3159 3970 3398 4041 'I‘rajana
3454 3968 3862 4052 Ptolemaeique.

2284 4065 2342 4120 Si
2401 4050 2657 4134 pra-terea
2711 4057 2935 4114 Luciani
2988 4054 3294 4109 orationem
3339 4062 3488 4107 recte
3539 4050 3863 4106 considera-

2283 4149 2449 4212 veris,
2482 4146 2685 4198 nullum
2741 4142 2869 4198 huic
2903 4140 3142 4211 opinioni
3179 4136 3491 4207 praesidium
3524 4136 3870 4189 auxiliumre

2286 4232 2586 4290 invenies:
2626 4242 2799 4298 neque
2857 4226 3002 4281 enim
3074 4221 3204 4292 ἄχρι
3253 4220 3620 4289 Κλύσματος,
3672 4220 3871 4273 πλοίου

2286 4315 2628 4383 ἀναγομένου
2659 4320 2804 4366 recte
2825 4307 3058 4363 verteris
3086 4320 3249 4375 usque
3280 4305 3349 4357 ad
3379 4304 3590 4374 Clysma
3631 4304 3874 4357 adducto

2288 4398 2492 4468 uatigio
2517 4436 2533 4461 ,
2582 4393 3021 4463 quandoquidem
3056 4404 3222 4442 naves
3266 4385 3568 4453 ἀνάγεσθαι
3607 4386 3878 4440 dicuntur

2286 4498 2409 4554 qua:
2460 4481 2672 4535 solvunt
2724 4485 2778 4529 et
2820 4491 2884 4528 ex
2942 4481 3096 4544 portu
3159 4472 3549 4538 prOvehuntur.
3612 4468 3876 4538 Polybéus

2285 4550 2324 4635 1,
2359 4564 2474 4621 60:
2532 4563 2629 4625 ’³ος
2684 4558 2940 4629 ἀναχθεὶς
2982 4557 3074 4609 καὶ
3123 4554 3370 4625 καταρὰς
3403 4556 3495 4606 ἐπὶ
3543 4552 3641 4622 τὴν
3689 4550 3877 4622 Ἱερὰν

2287 4647 2629 4716 καλουμένην
2680 4645 2883 4712 νῆσον,
2933 4651 2986 4695 et
3035 4640 3068 4693 5
3108 4640 3143 4693 2
3188 4656 3204 4694 ε
3245 4636 3455 4709 ἀνήχθη
3503 4637 3599 4689 καὶ
3656 4640 3872 4708 κατῇρε

2286 4732 2597 4800 δευτεραῖος
2628 4728 2708 4790 εἰς
2741 4726 2961 4795 Πάτρας
2984 4762 3001 4791 ,
3055 4732 3108 4777 ct
3141 4722 3339 4791 passim
3367 4720 3483 4786 alii,
3513 4736 3541 4772 a
3572 4719 3700 4772 viris
3735 4720 3870 4774 doc—

2287 4815 2517 4871 tissimis
2574 4812 2642 4867 ad
2688 4810 2798 4864 Act.
2853 4823 3026 4872 xxvii,
3075 4806 3132 4872 2,
3164 4806 3198 4860 5
3227 4804 3471 4860 excitati.
3520 4801 3707 4873 Itaque
3767 4803 3876 4858 hoc

2289 4898 2560 4953 Lucianus
2608 4894 2846 4949 voluisse
2890 4890 3127 4955 videtur,
3171 4888 3424 4956 juvenem
3466 4901 3587 4941 eum
3626 4888 3679 4940 in
3729 4886 3876 4939 intc-

2291 4987 2491 5040 riorcm
2519 4979 2814 5050 Egyptum
2841 4977 3124 5046 navigasse
3153 4986 3207 5029 et
3239 4974 3458 5044 Clysma
3491 4972 3712 5033 adiisse.
3744 4986 3871 5025 cum

2290 5084 2419 5125 vero
2444 5066 2599 5120 navis
2632 5063 2756 5117 inde
2791 5060 3049 5125 solveret,
3085 5072 3398 5129 persuasum
3446 5056 3615 5109 fuisse
3657 5063 3715 5108 ut
3748 5070 3871 5107 cam

2291 5151 2683 5208 conscenderet
2709 5155 2762 5202 et
2803 5145 3012 5200 Indiam
3047 5150 3256 5212 peteret
3287 5159 3300 5196 :
3333 5150 3451 5195 erat
3486 5141 3689 5210 quippe
3718 5139 3875 5208 Clys-

2292 5237 2455 5292 matis
2483 5244 2670 5302 portus
2705 5230 2771 5285 ad
2821 5230 2923 5283 iter
2977 5227 3252 5291 Indicum,
3284 5234 3343 5278 ut
3411 5223 3749 5293 Epiphanius
3796 5224 3879 5275 si-

2292 5319 2534 5392 gniﬁcat,
2557 5312 3017 5369 accouunodatus.
3054 5308 3184 5363 Vide
3213 5317 3263 5362 et
3302 5308 3431 5361 Am.
3460 5306 3607 5370 ln‘n.,
3658 5320 3711 5372 p.
3748 5305 3877 5358 I70.

2364 5403 2500 5457 Ibid.
2550 5397 2887 5467 ‘Apxadlag.
2942 5393 3149 5448 Nomen
3197 5390 3479 5462 provincia
3520 5391 3589 5443 ab
3638 5389 3883 5444 Arcadio

2292 5488 2509 5553 indepta
2546 5494 2650 5542 est.
2696 5491 2887 5548 estque
2930 5478 3102 5547 priu'ia
3136 5477 3277 5547 ejus,
3311 5476 3455 5537 quod
3485 5473 3680 5534 sciam,
3730 5472 3878 5540 apud

2294 5570 2551 5642 Cyrillum
2602 5567 2762 5634 epiSt.
2815 5564 2880 5616 ad
2929 5561 3179 5627 Atticum,
3239 5575 3289 5629 p.
3348 5558 3451 5612 205
3509 5566 3565 5610 et
3620 5555 3876 5617 concilio.

2297 5638 2591 5723 Ephesino,
2627 5664 2681 5718 ρ.
2746 5645 2854 5700 474
2904 5644 3129 5699 mentio.
3188 5641 3477 5695 Arcadium
3542 5638 3617 5692 illi
3676 5651 3879 5691 notum

2299 5720 2513 5793 dedisse
2576 5730 2890 5786 Eustathius
2949 5728 3001 5781 in
3078 5726 3320 5796 Dionysii
3424 5723 3689 5792 Periech
3765 5720 3866 5773 23!
