4170 6432
408 320 549 390 1189

405 438 728 506 Iestabitur;
813 441 1078 514 I'atttiqutte
1151 446 1291 503 adeo
1359 448 1621 504 IIarduiui
1688 456 1998 509 carebimus

402 533 732 593 commento,
775 541 884 595 quo
911 529 1190 597 provincia
1223 547 1289 586 eo
1319 533 1477 587 titulo
1503 536 1700 589 donata
1736 539 1995 607 perhibe-

403 617 522 673 tur,
559 610 702 679 quod
750 611 917 665 totius
967 610 1186 683 Egypti
1238 626 1384 670 esset
1417 618 1591 671 media
1638 619 1715 673 uti
1764 622 1997 676 Arcadia

403 688 789 760 Peloponnesi;
826 709 946 762 quae
989 698 1034 750 si
1071 696 1243 751 solida
1298 697 1439 754 I‘oret
1485 703 1663 767 ratio,
1710 718 1810 758 cur
1864 722 1997 761 nus-

403 789 564 840 qttam
600 774 653 828 id
683 777 1125 831 nomen.ohvintn
1176 789 1262 834 est
1297 782 1401 837 nisi
1434 794 1554 852 post
1600 785 1731 855 imp.
1766 788 1991 844 Arcadii

401 858 654 911 aetatem?
679 873 882 928 praeses
908 859 1154 917 Arcadia:
1172 871 1255 917 est
1289 863 1343 918 in
1368 863 1578 919 Notitia
1611 868 1719 938 imp
1736 908 1752 923 .
1783 868 1990 927 Orient.

401 952 522 1007 cap.
551 955 591 994 ι.

472 1034 597 1119 col.
627 1037 755 1093 156.
787 1039 982 1094 Κυνώ.
1031 1041 1158 1096 Haec
1202 1044 1454 1112 superior
1480 1056 1563 1100 est
1593 1047 1768 1119 Cyno,
1808 1051 1841 1119 ἡ
1876 1051 1989 1105 ἄνω

402 1118 586 1185 Κυνὼ,
608 1121 661 1175 iu
683 1119 881 1177 Meletii
896 1123 1195 1191 Breriorio,
1216 1143 1268 1197 p.
1288 1126 1410 1193 187;
1426 1144 1547 1198 quat
1563 1133 1664 1185 etsi
1687 1118 1986 1203 principem

400 1206 453 1259 in
490 1207 701 1260 urbium
730 1207 977 1276 catalogo
998 1211 1172 1264 locum
1209 1220 1410 1275 teneat.
1450 1216 1768 1284 metropolis
1801 1225 1981 1272 tamen

396 1290 670 1345 censenda
726 1308 833 1347 non
896 1293 1003 1348 erit
1050 1308 1174 1349 eum
1230 1295 1296 1350 L.
1352 1295 1662 1353 Holsteinio
1715 1317 1729 1353 :
1784 1303 1987 1369 saepius

396 1375 540 1428 enim
571 1377 816 1431 videmus
846 1392 939 1431 seu
989 1379 1237 1433 consulto
1275 1394 1369 1434 seu
1415 1380 1762 1437 librariorum
1812 1385 1985 1454 negli-

400 1460 581 1528 gentia
619 1460 946 1530 metropoles
985 1461 1109 1517 aliis
1143 1463 1309 1518 fuisse
1340 1466 1699 1537 postpositas.

466 1553 601 1612 liid.
637 1556 1018 1628 Ὀξύρυγχος.
1050 1559 1173 1615 Iltec
1204 1561 1498 1629 provincia:
1537 1563 1853 1634 metropolis
1901 1576 1988 1620 est

393 1639 536 1707 apud
585 1638 758 1693 Nilum
817 1642 1230 1711 Doxopatriutn,
1282 1659 1335 1714 p.
1385 1644 1492 1699 223
1526 1647 1709 1701 tom.l
1754 1645 1883 1703 Var.
1921 1647 1983 1704 S.

394 1720 468 1774 Le
498 1722 705 1793 Muyue.
742 1721 885 1779 Urbs
923 1737 1056 1779 erat
1089 1727 1422 1796 amplissima
1446 1738 1502 1782 et
1538 1730 1846 1785 incredibili
1875 1746 1985 1786 mo-

394 1806 694 1858 nachorum
748 1804 1048 1876 frequentia
1085 1809 1357 1879 celebris;
1395 1826 1501 1878 qua
1535 1814 1602 1866 de
1644 1828 1703 1867 re
1756 1811 1985 1869 Ruﬁnus

392 1888 458 1940 ad
488 1887 613 1943 Ant.
653 1887 811 1951 Itin.,
862 1907 913 1960 p.
964 1890 1064 1945 157
1103 1908 1132 1946 a
1168 1908 1254 1948 me
1285 1895 1608 1964 appellatus,
1654 1905 1708 1951 et
1752 1898 1984 1951 maxime

334 1984 343 1991 '
395 1969 693 2027 Pararlistts
767 1988 860 2028 seu
932 1974 1376 2038 Ilist.,Mouacb.
1416 1977 1661 2052 JEgypli
1727 1991 1862 2037 tetu.
1916 1982 1981 2038 III

391 2053 638 2111 Monum.
667 2057 945 2126 Cotclerii,
980 2075 1032 2129 p.
1071 2058 1192 2115 175.

463 2155 596 2209 Ibitl.
654 2155 1010 2224 'Hpattléwc.
1073 2158 1410 2232 Ἡρακλέους
1462 2177 1597 2218 voce
1642 2165 1797 2228 πόλις
1851 2164 1984 2220 sub-

392 2236 691 2293 intellecta.
748 2239 1017 2309 Ephesino
1059 2243 1291 2299 concilio
1323 2245 1418 2299 551
1473 2247 1505 2317 ἡ
1557 2247 1672 2301 ἄνω
1716 2249 1981 2319 Ἥράλεια

388 2332 444 2375 et
496 2323 894 2381 Ἡρακλεωτῶν
934 2325 1091 2389 πόλις
1136 2326 1237 2396 τῆς
1279 2329 1612 2399 Ἀρκαδὶας,
1657 2343 1749 2397 ιιι,
1789 2349 1844 2403 p.
1870 2335 1979 2389 474

389 2405 609 2461 dicitur.
647 2405 703 2459 In
733 2407 852 2477 ejus
891 2408 1087 2462 vicinia
1129 2417 1293 2467 natus
1319 2412 1424 2466 I'u‘t
1455 2414 1747 2482 Antonius,
1778 2432 2001 2471 mona-t

392 2489 619 2542 chormn
659 2505 890 2559 parens,
927 2491 1082 2560 cujus
1111 2492 1277 2547 vitam
1311 2495 1650 2553 Athanasius
1694 2500 1851 2555 nobis
1888 2515 1976 2555 re-

390 2575 567 2640 Iquit.
624 2575 958 2631 Sozomeous
1002 2576 1074 2630 Η.
1106 2575 1174 2632 Ε.
1214 2578 1235 2631 1
1277 2580 1342 2634 15
1374 2596 1393 2633 :
1427 2581 1683 2648 Ἐγένετο
1732 2583 1789 2636 δὲ
1822 2578 1980 2647 οὗτος

387 2656 685 2724 Αἰγύπτιος
728 2658 808 2729 τῷ
873 2658 1050 2727 γένει,
1091 2659 1198 2713 τῶν
1238 2662 1580 2734 εὐπατριδῶν
1619 2665 1729 2719 ἀπὸ
1767 2667 1931 2736 Κομᾶ
1961 2683 1977 2699 ·

389 2742 553 2813 κώμη
587 2742 643 2795 δὲ
698 2741 839 2813 αὕτη
892 2743 1028 2814 ὁμοῦ
1087 2744 1413 2814 Ἡρακλείας
1461 2748 1565 2818 τῆς
1629 2749 1762 2819 παρ’
1807 2750 1979 2819 Αἰγυ-

390 2827 565 2889 πτίοις
602 2827 826 2898 ἄκρασι.
878 2828 972 2883 Sic
1008 2826 1179 2882 edidit
1225 2828 1289 2882 Il.
1328 2829 1599 2893 Valesius,
1643 2843 1975 2902 secutusque

388 2909 785 2978 conjecturam,
814 2926 921 2980 qua
953 2910 1271 2967 Heracleam
1308 2914 1582 2969 minorem
1610 2930 1642 2969 a
1667 2914 1977 2972 Sozomeno

387 2994 590 3064 signari
621 2995 940 3057 arbitratur,
979 2995 1142 3049 vertit
1173 2998 1201 3049 ι’
1226 2996 1346 3049 Fuit
1368 2998 1454 3050 hic
1482 2997 1793 3068 Egyptias,
1827 3008 1976 3054 ortus

388 3093 572 3145 genere
620 3076 787 3131 nobili
824 3078 879 3131 in
937 3078 1047 3132 vico
1101 3076 1288 3135 Coma.
1346 3081 1439 3135 Est
1498 3091 1676 3136 autem
1710 3084 1797 3136 hic
1834 3086 1976 3138 virus

382 3165 540 3230 juxta
579 3159 912 3228 Heracleam,
940 3164 1120 3215 urbem
1151 3161 1396 3233 .‘E'gypti,
1425 3181 1545 3235 qua:
1572 3168 1978 3239 cognominatur

390 3244 585 3297 minor.
643 3243 755 3312 Ego
794 3242 961 3297 aliter
1003 3245 1215 3307 sentio.
1256 3256 1311 3300 et
1340 3245 1605 3315 majorem
1653 3249 1975 3306 Heracleam

385 3326 616 3380 iudicari
660 3327 879 3395 Opinor.
931 3327 1213 3383 Invenerat
1266 3329 1352 3384 vir
1391 3333 1642 3403 egregius
1684 3334 1736 3388 iu
1786 3333 1977 3389 codice

386 3408 685 3464 Fukt-tiano
717 3409 817 3478 τῆς
847 3409 976 3479 παρ’
1005 3412 1327 3478 Αἰγυπτίοις
1376 3414 1608 3483 Ἀρκάσι
1639 3433 1653 3469 :
1685 3416 1829 3471 unde
1860 3415 1973 3470 col-

388 3493 522 3559 ligas
570 3491 739 3547 fuisse
776 3492 1046 3546 Arcadum
1081 3503 1177 3547 aut
1218 3494 1464 3549 Arcadiae
1510 3496 1582 3552 ibi
1620 3497 1970 3554 mentionem.

393 3576 535 3631 Idem
583 3576 875 3630 conﬁrmat
906 3573 1268 3645 Nicephorus,
1302 3578 1395 3647 qui
1438 3594 1502 3634 ex
1543 3579 1849 3636 Sozomeoo
1876 3583 1973 3636 ha-

387 3660 479 3712 bet
503 3660 704 3729 ὅμορος
727 3657 785 3711 δὲ
830 3657 969 3728 αὕτη
1005 3658 1306 3730 Ἡρακλείᾳ
1343 3660 1451 3715 τῶν
1501 3678 1617 3733 παρ
1638 3661 1974 3731 Ἀἰγυπτίοις

368 3742 686 3813 -Ἆρκάὃων,
718 3741 878 3797 Forte
908 3757 1037 3812 ergo
1078 3757 1264 3797 verum
1301 3742 1490 3811 fuerit,
1518 3743 1682 3816 κώμη
1724 3746 1783 3799 δὲ
1830 3746 1971 3818 αὕτη

383 3827 584 3897 ὅμορος
636 3824 933 3898 Ἡρακλείᾳ
981 3825 1082 3895 τῆς
1129 3826 1260 3898 παρ’
1292 3827 1618 3896 Αἰγυπτίοις
1652 3830 1969 3900 Ἀρκαδίας.

381 3909 546 3964 Certe
595 3910 858 3966 articulus
906 3910 1006 3980 τῆς
1050 3906 1337 3964 Fuketiani
1381 3926 1486 3966 ms.
1526 3910 1632 3966 hoc
1684 3915 1967 3983 requirit:

383 4009 574 4062 posses
612 3993 928 4063 cteteroqui,
979 3994 1023 4048 si
1055 3995 1168 4057 τοῖς
1208 3996 1342 4064 παρ’
1378 3995 1701 4063 Αἰγυπτίοις
1740 3998 1971 4068 Ἀρκάσι

383 4079 612 4133 aliorum
648 4077 893 4133 codicum
945 4076 1289 4131 retinendum
1334 4093 1582 4145 censeas,
1628 4080 1973 4150 praepositio-

385 4179 507 4218 m-m
537 4162 733 4217 addere
764 4173 931 4232 atque
957 4161 1015 4214 ὲν
1048 4163 1163 4224 τοῖς
1201 4178 1257 4215 κ.
1312 4161 1363 4216 λ.
1426 4161 1642 4231 legere,
1699 4167 1969 4220 sententia

380 4248 596 4303 eadem.
636 4245 967 4300 Alterutrum
995 4259 1222 4313 prorsus
1250 4247 1622 4301 necessarium
1650 4254 1756 4304 est.

454 4343 589 4399 Ibid.
613 4342 1012 4412 Ἀρσενοΐτης.
1050 4340 1125 4396 Ita
1158 4342 1327 4397 codex
1366 4341 1670 4398 Leidensis.
1711 4343 1971 4416 Intelligit

379 4427 650 4481 Arsinoen
685 4434 737 4479 et
774 4437 993 4479 nomum
1024 4424 1093 4478 ad
1126 4438 1383 4480 occasum
1429 4426 1619 4480 insultr
1668 4426 1962 4483 Ileracleo-

383 4514 526 4572 ticae,
563 4510 716 4580 cujus
747 4509 1041 4578 episcopus
1075 4508 1323 4563 Andreas
1345 4509 1692 4580 Ἀρσενοῖτου
1727 4511 1777 4564 in
1809 4513 1968 4582 epist.

384 4598 446 4647 al
480 4593 857 4655 Antiochenos,
887 4606 943 4660 p.
975 4589 1080 4645 776
1106 4590 1174 4644 ab
1203 4591 1502 4648 Athanasio
1536 4606 1898 4651 memoratur.

454 4687 591 4744 Ibid.
641 4685 1168 4751 Θεοδοσιούπολις.
1220 4683 1438 4740 Ilahent
1488 4687 1610 4757 ejus
1655 4691 1970 4763 episcopum

382 4774 517 4829 Acta
564 4787 722 4828 conc.
779 4769 1138 4835 Cbalcedon.,
1196 4784 1429 4838 cumque
1470 4770 1515 4825 is
1566 4787 1664 4840 pro
1696 4773 1970 4831 Arsiuoita

380 4855 624 4912 antistite
653 4853 983 4917 subscribat,
1032 4853 1163 4907 urbs
1194 4852 1442 4907 Arsinoae
1469 4854 1646 4908 vicina
1697 4855 1865 4914 fuisse
1894 4861 1973 4914 vi-

381 4940 559 4995 detur.
591 4938 752 4994 Forte
779 4938 942 4991 Statio
985 4935 1281 4991 Ptolemais
1332 4935 1476 5003 apud
1525 4936 1878 4995 Ptolemtcum
1918 4943 1971 4998 id

387 5024 626 5080 nominis
656 5039 684 5077 a
719 5019 1029 5076 Theodosio
1057 5026 1141 5073 cst
1175 5018 1392 5073 sortita.

457 5120 590 5174 Ibid.
621 5116 971 5183 Νικόπολις.
1014 5113 1076 5170 L.
1128 5114 1468 5171 Ilolsteiuius
1500 5118 1822 5186 Νειλόπολις
1854 5138 1975 5178 cor-

386 5206 534 5275 rigit,
574 5204 894 5263 rectissime,
949 5216 1035 5256 me
1078 5202 1309 5256 arbitro.
1362 5202 1485 5258 Fuit
1515 5219 1649 5260 sane
1700 5206 1976 5276 Nicopolis

386 5290 441 5346 iu
493 5288 754 5361 Egypto,
790 5285 886 5343 sed
913 5286 1256 5341 Alexandriae
1300 5286 1473 5341 vicina
1506 5292 1646 5358 apud
1676 5287 1972 5362 Josephnm

388 5375 449 5427 Β.
474 5373 601 5429 Jud.
629 5375 683 5436 4,
716 5371 804 5436 11,
836 5368 941 5442 δε,
972 5384 1006 5424 a
1038 5386 1143 5439 qua
1175 5369 1384 5440 longius
1416 5372 1792 5430 discessimus.
1822 5377 1974 5432 Nilo-

392 5461 530 5525 polis
584 5466 704 5513 erat
738 5457 792 5510 in
848 5454 1021 5510 insula
1064 5455 1463 5524 lleracleotica,
1494 5458 1654 5529 cujus
1689 5461 1976 5531 episcopus

391 5542 684 5614 Ephesiae,
716 5556 771 5612 p.
798 5539 895 5595 531
926 5538 1190 5596 Eusebius
1226 5539 1634 5607 Νειλουπόλεως
1667 5559 1789 5599 cum
1820 5557 1980 5602 επιε-

394 5628 469 5686 ris
496 5625 989 5700 Egyptiisuomcn
1024 5625 1267 5682 ascribit.

463 5710 599 5765 Ibid.
653 5707 993 5779 ‘Agppob‘tzeb.
1052 5705 1248 5763 Forma
1308 5708 1424 5763 haec
1475 5708 1728 5781 [Egyplia
1783 5723 1886 5780 est,
1920 5722 1979 5769 ut

394 5794 631 5862 Asov'rtit,
660 5793 844 5849 Λυκώ.
887 5790 1177 5847 Ptoletnmo
1216 5791 1539 5865 Ἀφροδίτης
1586 5795 1760 5860 πόλις,
1802 5799 1973 5873 Chry-

1266 335 1655 398 COMMENT.
1704 339 1786 399 IN
1826 340 2246 404 IIIEROCLIS
2290 347 2834 420 SYNECDEMUM.

3540 367 3682 434 1190

2104 459 2636 597 εθιέιὲέᾌφροδιτῶν
2665 468 2955 538 Ephesiae,
2993 487 3044 543 [ι.
3066 474 3191 531 459.
3214 476 3336 532 Vid.
3375 482 3500 538 Ant.
3525 480 3688 556 Ιιὶηο,

2104 554 2156 597 Ι).
2303 584 2317 597 .

2102 554 2156 610 p.
2192 554 2317 597 ιυδ.

2170 624 2300 680 Ibid.
2348 630 2596 721 Héjtgetc:
2622 634 2895 721 ,Μέμφις
2950 638 3122 706 Quam
3164 643 3351 697 urbem
3383 645 3525 700 cultu
3553 650 3689 721 Apis

2100 706 2359 795 Iamnsant
2399 715 2528 767 olim
2560 714 2729 771 fuisse
2762 732 3011 789 constat;
3066 726 3131 779 de
3180 742 3289 795 quo
3342 742 3467 782 cum
3500 706 3686 791 omnia

2088 787 2203 883 jam
2258 793 2369 847 sint
2417 797 2655 866 vulgata,
2707 787 3211 875 circumspiciatnus
3258 818 3436 866 tamen
3485 787 3685 883 ecquid

2044 899 2051 907 -
2092 874 2229 931 lucis
2282 879 2692 938 obscurioribus
2725 887 2927 945 Lucani
2950 874 2955 875 ί
2977 893 3156 946 verbis
3190 894 3257 948 de
3297 896 3545 953 Achorea
3567 874 3680 954 ’³1-

2097 956 2227 1013 ferri
2252 962 2423 1029 possit
2466 963 2520 1031 5,
2562 966 2666 1021 477
2703 987 2717 1023 :
2752 970 2889 1025 hunc
2935 976 3114 1042 genuit
3163 988 3337 1031 custos
3373 976 3493 1033 Nili
3541 998 3682 1037 eret-

2089 1045 2250 1096 centis
2289 1046 2343 1098 in
2385 1064 2546 1116 area,
2597 1050 2855 1122 Memphis
2907 1073 3043 1110 vana
3092 1060 3258 1112 sacris
3292 1078 3312 1122 ς
3349 1061 3442 1116 illo
3480 1063 3680 1122 cultore

2087 1122 2304 1178 deorum
2339 1130 2509 1184 lustra
2546 1149 2657 1187 sum
2684 1134 2899 1192 I’Itwltes
2948 1155 3052 1193 non
3094 1158 3231 1195 unus
3285 1153 3493 1199 vexerat
3529 1147 3678 1216 Apis.

2087 1207 2146 1259 In
2183 1209 2292 1263 illis
2338 1214 2505 1280 enim,
2559 1218 2650 1287 qui
2699 1219 2827 1289 Apis
2858 1221 3025 1277 lustra
3058 1238 3167 1279 suae
3202 1225 3436 1282 thhes
3480 1207 3679 1287 vehere

2087 1292 2323 1360 dicatur,
2364 1299 2451 1352 vix
2485 1300 2771 1370 intelligas.
2808 1305 3089 1373 Equidem,
3118 1323 3243 1363 cum
3277 1310 3328 1365 in
3368 1309 3541 1377 Regio
3568 1330 3672 1370 ms.

2085 1385 2140 1464 et
2174 1392 2284 1433 uno
2329 1381 2613 1439 Pultnanni
2651 1384 3066 1460 Oudendorpius
3106 1394 3331 1448 duxerat
3364 1395 3671 1464 oIIenderil,

2085 1458 2293 1550 iuxerat
2330 1466 2594 1534 maluere,
2631 1481 2689 1524 ut
2718 1466 2851 1543 Apis
2884 1458 3051 1530 lustra
3079 1491 3191 1532 sua:
3238 1477 3493 1547 Phoebes,
3549 1458 3673 1550 qui;

2086 1542 2194 1629 bus;
2222 1550 2563 1605 sacerdotum
2593 1553 2646 1607 in
2684 1542 2831 1610 fonte
2857 1571 3064 1612 mersus
3083 1561 3436 1629 enecabatur,
3466 1542 3673 1620 luxisse
3736 1614 3745 1623 .

2084 1628 2459 1714 perhibeatur;
2525 1632 2688 1704 idque
2741 1639 2872 1692 tnihi
2937 1651 3223 1711 propterea
3278 1628 3463 1700 arrisit
3523 1647 3671 1714 quod

2083 1722 2238 1796 s_acra
2268 1711 2352 1765 illa
2381 1731 2593 1771 summo
2627 1734 2749 1774 cum
2786 1723 2930 1777 luctu
2967 1724 3205 1795 IEgyptii
3241 1727 3490 1796 obirent;
3523 1711 3671 1785 unde

2083 1790 2329 1849 Tibullus
2355 1797 2390 1851 Ι.
2449 1813 2566 1860 vui.
2599 1800 2668 1854 27
2706 1821 2721 1858 :
2757 1801 2828 1858 Te
2859 1806 2997 1858 canit
3024 1790 3184 1875 alta—ue
3203 1824 3357 1862 suum
3381 1790 3540 1876 pubes
3573 1813 3676 1865 nti-

2082 1887 2233 1962 ratur
2278 1879 2476 1935 Osirim
2512 1884 2755 1940 Barbara
2782 1927 2796 1951 ,
2847 1887 3180 1957 Metnpltitem
3229 1890 3476 1962 plangere
3513 1894 3667 1947 docta

2082 1957 2293 2016 bovem:
2314 1974 2368 2018 et
2395 1965 2605 2023 Statius
2625 2011 2640 2034 ,
2665 1972 2831 2025 simili
2868 1957 3401 2040 metaphora,Theb.
3438 1991 3479 2042 I,
3505 1977 3611 2033 265
3654 1997 3669 2033 :

2079 2053 2129 2097 et
2161 2049 2374 2103 ἀνήσωιί
2400 2050 2635 2121 lugentia
2668 2055 2887 2126 ﬂumina
2927 2055 3064 2114 Nili.
3106 2057 3293 2129 Neque
3326 2061 3505 2115 oberit
3535 2056 3668 2117 c'on-

2074 2127 2303 2196 jecturae
2341 2133 2522 2190 luctus
2574 2138 2694 2193 bovi
2732 2139 3015 2205 tributus,
3067 2127 3339 2211 siquidem
3393 2153 3565 2213 poetae
3613 2146 3669 2201 id

2080 2213 2182 2267 sibi
2213 2214 2378 2271 licere
2422 2219 2781 2277 arbitrantur.
2831 2222 2979 2278 Idem
3011 2223 3216 2281 Statius
3250 2225 3408 2280 Tlteb.
3439 2245 3494 2293 v,
3519 2229 3625 2283 351
3654 2242 3667 2283 ι

2078 2311 2352 2368 regemque
2392 2312 2714 2370 peremptum
2749 2305 2860 2373 ipse
2898 2322 3040 2376 ager,
3068 2308 3173 2377 ipsi
3219 2325 3402 2363 amnes
3426 2319 3474 2364 et
3500 2321 3669 2378 gnata

2079 2393 2323 2435 armenta
2366 2396 2682 2453 queruntur.
2734 2386 2849 2455 Etsi
2903 2399 3084 2443 autem
3138 2389 3390 2447 Lucanus
3432 2394 3482 2446 id
3534 2395 3667 2448 mihi

2076 2463 2319 2519 voluisse
2359 2467 2626 2530 rideatur,
2678 2469 2820 2524 ultro
2866 2471 3263 2540 suspicionem,
3307 2476 3399 2530 ubi
3437 2475 3667 2531 meliora

2078 2545 2232 2603 fuero
2279 2552 2527 2615 edoctus,
2567 2553 2874 2620 damnabo;
2926 2571 3101 2625 neque
3134 2565 3314 2613 tamen
3348 2560 3484 2630 eripi
3530 2560 3666 2616 mihi

2077 2630 2257 2699 patiar
2319 2634 2659 2703 praesidium,
2699 2639 2868 2709 quod
2924 2639 3052 2694 hinc
3104 2643 3395 2697 Ammiano
3455 2645 3659 2698 veniet.

2077 2711 2280 2768 Scribit
2311 2715 2404 2779 22,
2440 2716 2508 2770 14
2540 2717 2679 2788 Apin
2711 2718 2876 2776 Luna:
2906 2721 3074 2778 fuisse
3102 2737 3398 2788 sacratum,
3432 2726 3665 2779 meritus

2078 2809 2364 2867 propterea
2402 2800 2654 2857 Salmasii
2687 2804 2740 2878 ip
2766 2803 2960 2873 Solin.,
2987 2821 3040 2874 p.
3067 2806 3165 2861 511
3201 2807 3610 2878 castigationem
3640 2827 3655 2863 :

2078 2822 2364 2867 propterea
2402 2822 2740 2940 διιιηιιιδιιὲ
2766 2822 2960 2873 δοιιιιη
2987 2822 3040 2874 p.
3067 2822 3165 2861 O‘Il
3201 2822 3610 2878 castigationem
3640 2827 3655 2863 Ξ

2075 2882 2212 2950 quod
2244 2892 2426 2937 contra
2474 2891 2652 2941 omne!
2721 2885 3002 2958 't.inquit,
3038 2892 3128 2960 qui
3154 2891 3502 2962 ὁμοθυμαδὸν
3524 2894 3665 2963 Apin

2077 2960 2301 3029 Osiridi,
2333 2965 2387 3019 id
2409 2977 2484 3020 est
2529 2965 2663 3035 Soli,
2702 2970 2935 3024 dicatum
2971 2973 3168 3026 dixere.
3193 2960 3375 3042 Atqui
3411 2960 3667 3028 Lucanus

2074 3044 2296 3101 Phoebze
2342 3050 2459 3102 sive
2507 3049 2674 3106 Lunae
2718 3051 2858 3121 Apin
2906 3053 3315 3110 evidentissima
3400 3057 3664 3121 ascribit;

2077 3136 2132 3183 et
2161 3129 2494 3201 Porphyrius
2536 3135 2677 3202 apud
2713 3134 2910 3192 Euseb.
2963 3133 3140 3204 Priap.
3175 3138 3376 3207 Evattg.
3421 3154 3502 3203 ιιι,
3543 3139 3610 3192 15
3648 3156 3662 3193 :

2074 3212 2284 3287 Σελήνῃ
2314 3214 2371 3267 δὲ
2404 3214 2609 3287 ταῦρον
2637 3216 2900 3271 ἀνέθεσαν
2933 3217 2993 3271 ὃν
3029 3215 3200 3272 Ἀπιν
3238 3220 3662 3291 ἐπονομάζουσι.

2073 3295 2229 3351 Νυιιο
2257 3313 2289 3351 e
2319 3298 2641 3354 diverticulo
2670 3300 2723 3353 in
2748 3300 2887 3355 viam
2915 3312 3076 3371 atque
3099 3302 3166 3357 ad
3194 3302 3415 3359 Latmia:
3447 3304 3661 3361 urbem.

2144 3378 2277 3433 Ibitl.
2307 3380 2582 3447 Λίττους.
2618 3381 2851 3452 Λητοῦς,
2887 3384 3029 3438 unde
3060 3384 3215 3439 Isaac
3248 3387 3311 3439 ὲκ
3339 3385 3554 3457 Λητοῦς
3602 3387 3658 3441 itt

2074 3459 2272 3515 Meletii
2302 3460 2594 3527 Breviario,
2628 3479 2680 3532 p.
2711 3463 2833 3519 187’.
2868 3465 2999 3520 Vide
3021 3467 3149 3521 Ant.
3182 3465 3339 3534 Ititt.,
3376 3485 3428 3539 p.
3464 3467 3583 3523 I56.

2146 3543 2281 3599 Ibid.
2348 3545 2660 3613 Θηϐαΐδος.
2739 3546 2914 3603 Unam
2993 3548 3323 3605 Thebaidem
3391 3540 3665 3625 Egyptus

2070 3626 2378 3683 Constantii
2422 3628 2770 3699 imperatoris
2814 3642 2972 3687 mtate
3020 3632 3271 3699 habebat,
3327 3645 3387 3690 ut
3419 3651 3483 3691 ex
3534 3635 3650 3703 ejus

2070 3712 2299 3779 epistola
2350 3713 2488 3781 apud
2536 3713 2897 3769 Athanasium
2952 3724 3083 3770 tom.
3137 3718 3182 3783 1,
3212 3733 3264 3787 p.
3309 3720 3413 3774 174
3448 3719 3657 3775 videas.

2073 3792 2283 3847 Notitia
2314 3795 2443 3862 imp.
2480 3792 2709 3858 0rient.,
2734 3811 2783 3852 c.
2810 3796 2834 3850 1
2864 3814 3026 3852 unam
3050 3814 3263 3869 quoque
3286 3801 3457 3856 novit.
3493 3799 3662 3857 Secta

2071 3887 2256 3949 postea
2284 3877 2338 3932 in
2367 3879 2501 3931 duas
2546 3890 2649 3943 est,
2695 3895 2925 3949 quarum
2973 3880 3309 3939 Justinianus
3336 3885 3529 3941 Edicto
3567 3885 3656 3951 15,

2086 3975 2135 4014 c.
2164 3960 2252 4025 21,
2285 3961 2602 4031 praesidibus
2632 3963 2996 4031 subditarum,
3034 3968 3305 4023 meminit.

2142 4043 2281 4099 Ibid.
2339 4043 2618 4115 Ἑρμούη.
2657 4044 2734 4100 Ita
2760 4062 2865 4102 ms.
2909 4047 3213 4112 Leidensis,
3261 4050 3351 4105 alii
3413 4052 3654 4124 Ἐρμάη,

2071 4128 2215 4182 male
2242 4143 2452 4185 omnes.
2510 4129 2878 4202 Ἐρμούπολις
2920 4149 3051 4189 vero
3079 4135 3299 4188 nomine
3327 4134 3462 4199 fuit,
3495 4152 3659 4207 quam

2073 4212 2321 4283 μεγάλην
2363 4214 2650 4280 vocabant,
2702 4222 2761 4270 ut
2785 4217 2854 4272 ab
2902 4217 3095 4281 altera,
3142 4233 3304 4287 quam
3336 4235 3499 4288 supra
3533 4220 3662 4275 teti.

2069 4295 2268 4363 gimus,
2321 4295 2687 4351 dieernerent.
2737 4296 3052 4353 Gennadius
3093 4299 3512 4370 Ἐρμουπόλεως
3566 4318 3662 4371 με·

2070 4378 2244 4447 γάλης
2275 4378 2447 4432 adfuit
2476 4377 2784 4449 Ephesium
2823 4382 3074 4436 secundat
3119 4383 3365 4452 synodo,
3393 4393 3581 4452 estque
3606 4385 3661 4438 in

2071 4460 2524 4525 Chalcedonensi,
2555 4475 2608 4531 p.
2643 4461 2765 4516 127.
2802 4464 2935 4518 Vide
2964 4462 3094 4518 Itin.
3138 4465 3292 4530 Ann,
3321 4480 3374 4534 p.
3403 4464 3527 4519 19.7.
3560 4464 3659 4520 Sc-

2072 4554 2330 4616 quentcm
2363 4543 2542 4616 legere
2573 4558 2679 4599 non
2708 4547 2985 4601 recordor.

2144 4627 2282 4684 Ibid.
2315 4625 2575 4681 Ἁντινώ.
2629 4625 2723 4681 Sic
2756 4637 2807 4682 et
2844 4626 3094 4686 Moschus
3142 4629 3199 4684 in
3231 4626 3390 4684 Prat.
3438 4626 3661 4697 Spirit.,

2075 4728 2126 4769 c.
2162 4724 2347 4766 xxxvii
2379 4718 2435 4764 et
2465 4708 2698 4764 Rufinus
2723 4708 2777 4764 in
2812 4707 2918 4763 Vit.
2968 4718 3229 4778 Patrium,
3276 4728 3328 4767 c.
3360 4712 3429 4767 ιε
3461 4730 3476 4767 :
3517 4712 3666 4768 Vidi-

2072 4812 2190 4849 ntus
2222 4804 2271 4848 et
2307 4793 2478 4847 alium
2519 4808 2692 4846 senem
2729 4799 3091 4861 renerabt'tem,
3145 4795 3319 4849 Eliam
3354 4797 3582 4863 nomine,
3606 4797 3663 4852 in

2074 4877 2270 4945 ﬁnibus
2300 4876 2528 4931 civitatis
2552 4873 2767 4940 Antiuo,
2794 4890 2910 4929 aua'
2935 4887 3008 4930 est
3029 4879 3326 4947 ntelr0polis
3359 4878 3665 4938 Thebaidis.

2076 4961 2349 5017 Palladius
2400 4960 2549 5014 Hist.
2606 4957 2799 5023 Laut"
2856 4972 2903 5013 c.
2966 4974 3143 5016 uxxv
3174 4972 3223 5016 et
3253 4977 3475 5017 Lxxxvu
3505 4963 3663 5016 πόλιν

2074 5046 2348 5102 Ἀντινόου
2384 5051 2564 5100 vocat.
2598 5042 2758 5098 Plura
2799 5043 2864 5096 ad
2901 5042 3033 5097 Ittn.
3069 5044 3196 5101 Ant.
3219 5084 3235 5110 ,
3274 5061 3325 5115 p.
3360 5045 3484 5100 107.

2144 5130 2282 5186 Ibid.
2332 5129 2646 5184 Ἀκούασα.
2688 5127 2767 5183 Ita
2818 5127 3031 5183 scheme
3068 5127 3374 5185 Leidenscs.
3429 5128 3665 5184 11018ιεί-

2079 5217 2200 5272 nius
2231 5216 2487 5270 Φάκουσα
2517 5215 2789 5276 emendat,
2818 5223 2871 5267 et
2901 5228 3007 5268 ms.
3037 5215 3220 5276 Κασος
3259 5213 3438 5284 legere
3467 5214 3661 5268 admo-

2079 5310 2208 5367 net;
2261 5299 2348 5353 cui
2401 5298 2705 5365 astipulari,
2785 5296 2886 5352 etsi
2938 5308 3263 5365 magnopere
3310 5295 3495 5360 velim,
3548 5310 3657 5350 non

2078 5397 2319 5453 possum.
2357 5380 2598 5434 Phacusa
2642 5380 2793 5433 vicus
2844 5390 2982 5441 erat,
3037 5377 3315 5447 Stephano
3358 5387 3515 5442 teste,
3567 5376 3665 5432 ΛΞ·-

2077 5475 2296 5537 gyptum
2353 5464 2500 5518 intt-r
2542 5473 2596 5517 et
2630 5463 2922 5517 Arahicum
2972 5475 3143 5523 mare,
3195 5459 3333 5526 sive,
3379 5468 3439 5515 ut
3485 5460 3665 5515 Ptole-

2081 5563 2271 5614 tnteus,
2330 5546 2648 5616 metropolis
2683 5547 2825 5599 nomi
2869 5544 3105 5597 Arabiae.
3151 5542 3419 5597 Praeterea
3468 5543 3667 5598 Strabo

2081 5648 2176 5697 vn,
2207 5631 2393 5702 p.805
2455 5631 2611 5687 fossae
2669 5627 3033 5689 Ptolemaiere,
3084 5640 3205 5698 qua:
3260 5640 3329 5681 ex
3376 5625 3669 5682 Bubastico

2080 5729 2241 5769 anme
2271 5716 2322 5769 in
2349 5716 2530 5770 sinum
2577 5713 2869 5770 Arahicum
2901 5718 3022 5765 erat
3051 5710 3308 5780 perducta
3339 5750 3357 5778 ,
3391 5706 3668 5763 Phaccusa

2084 5800 2185 5867 (sic
2216 5800 2360 5855 enim
2389 5798 2645 5869 appellat)
2685 5795 2897 5850 initium
2933 5792 3054 5850 esse
3088 5793 3342 5850 aﬂirmat.
3382 5792 3513 5860 Qua:
3548 5809 3668 5850 om-
