4170 6442
535 329 670 398 1191

519 425 609 497 nia
660 437 960 491 Pbacusam
1021 431 1074 486 in
1132 426 1557 500 Augustamnica
1615 425 1788 494 prima
1845 421 2011 475 fuisse
2048 426 2103 471 et

519 521 812 590 Iougssime
876 515 1002 570 hinc
1077 524 1338 568 semotatu
1411 509 1672 565 iudicant.
1755 505 2104 590 Verunt__est

522 585 756 666 Κοῧσαι,
791 601 932 654 unde
960 597 1116 652 Cnsis
1157 595 1287 649 Itin.
1331 595 1480 657 Ant.,
1513 607 1567 661 p.
1597 590 1722 652 157,
1753 587 1895 658 quod
1919 585 2031 641 adi.

593 686 714 742 Col.
750 683 876 738 I56.
913 681 1145 734 Λύκων.
1183 677 1241 732 Si
1277 677 1429 728 πόλι>
1452 675 1704 734 addatur,
1728 672 1928 726 bonum
1957 667 2102 723 erit:

521 767 809 835 cwteroqui
838 762 1002 818 Λυκὼ
1040 760 1416 830 Egyptiorutn
1450 773 1599 810 tuore
1625 755 1735 810 dici
1767 753 1970 808 assolet
1996 789 2012 814 ,
2047 759 2107 805 ut

523 851 764 906 Palladio
792 848 933 902 IIt'st.
977 843 1161 906 Laus.,
1210 857 1260 897 c.
1314 856 1398 896 xu
1447 851 1502 895 et
1524 840 1792 896 Cassiano
1816 839 1883 893 de
1923 835 2103 892 Instit.

523 933 778 998 Restant,
835 946 909 993 tv,
951 927 1056 982 I3:
1093 926 1334 980 Primum
1366 927 1610 979 abbatem
1653 922 1955 985 Joannem,
2015 919 2108 991 qui

520 1022 961 1070 commemoratus
1007 1021 1076 1064 est
1113 1006 1276 1076 juxta
1328 1005 1509 1077 Lyco,
1553 1008 1692 1076 quod
1727 1015 1802 1060 est
1861 1003 2106 1072 oppidum

524 1095 836 1152 Thebaidos.
897 1104 952 1148 et
1011 1091 1205 1146 Collal.
1263 1091 1324 1154 1,
1383 1105 1434 1145 c.
1474 1090 1568 1144 2i.
1624 1088 1775 1145 Adde
1829 1098 2102 1141 canonem

520 1178 804 1249 Theophili
873 1177 1016 1247 apud
1072 1173 1331 1242 Bevercg.
1388 1181 1521 1226 tom.
1557 1169 1622 1236 ll,
1655 1187 1709 1240 p.
1750 1168 1875 1234 575,
1909 1177 1963 1223 et
1987 1181 2109 1236 quae

521 1264 593 1318 ibi
629 1261 934 1316 Balsamon.
964 1258 1122 1314 Cusis
1155 1256 1224 1311 M.
1257 1257 1316 1311 Ρ.
1366 1255 1435 1310 ’56
1461 1255 1594 1310 Itin.
1625 1255 1752 1308 Ant.
1785 1252 2065 1308 dissociat.

593 1344 726 1398 Ibid.
793 1341 1052 1411 Ὑψηλή.
1114 1341 1228 1395 lloc
1284 1355 1444 1394 manu
1499 1347 1756 1395 exaratos
1811 1336 1966 1398 liber,
2015 1333 2105 1403 qui

521 1427 766 1498 Lugduni
805 1428 858 1479 in
892 1423 1108 1478 Batavis
1143 1432 1245 1488 est,
1292 1422 1504 1492 probat.
1540 1419 1846 1476 Athanasio
1875 1419 2100 1487 Apolog.

521 1527 572 1567 c.
604 1511 819 1572 Arium,
853 1523 906 1578 p.
953 1506 1055 1561 I85
1097 1504 1404 1575 Ὕψηλιτῶν
1431 1503 1607 1568 πόλις,
1646 1500 1948 1573 Epiphanio
1977 1498 2107 1554 Ha:-

521 1610 649 1656 res.,
679 1607 801 1648 LXVI
831 1608 880 1646 c.
911 1591 943 1646 9
991 1589 1204 1660 Ὕψηλὴ
1243 1589 1397 1649 πόλις
1431 1587 1574 1642 οὕτω
1605 1584 1918 1654 καλουμένη
1979 1582 2109 1651 περὶ

519 1676 621 1746 τὴν
663 1674 930 1743 Θηϐαΐδα.
969 1671 1098 1726 Vide
1136 1671 1240 1726 Cb.
1289 1670 1582 1725 Cellarium
1612 1668 1677 1724 G.
1709 1669 1773 1724 Α.
1804 1667 1838 1722 4
1871 1683 1909 1732 1,
1937 1680 1992 1736 p.
2013 1665 2106 1731 70,

521 1767 578 1814 et
605 1760 670 1814 de
693 1757 941 1828 sequenti
978 1756 1108 1810 Itin.
1144 1755 1234 1817 Α..
1262 1770 1316 1824 p.
1341 1755 1466 1809 I58.

593 1840 728 1895 Ibid.
762 1839 1021 1894 Ἀντέου.
1050 1837 1153 1892 Pro
1185 1837 1453 1900 Ἀνταίου,
1506 1834 1732 1889 solemni
1789 1832 2108 1888 recentiori-

523 1923 624 1977 bus
653 1937 826 1988 more,
861 1929 919 1975 ut
945 1921 1011 1974 ad
1042 1920 1236 1974 Anton.
1266 1917 1398 1972 Itin.
1451 1917 1708 1971 vidimus.
1741 1913 1976 1970 Causam
2006 1930 2106 1970 no-

524 2005 688 2060 minis
721 2004 932 2072 locique
957 2003 1119 2057 situm
1171 2001 1440 2056 Diodorus
1493 2015 1533 2063 1,
1582 2015 1635 2068 p.
1672 1998 1738 2053 18
1771 1999 1968 2068 signat,
2016 2012 2109 2065 ye-

523 2087 712 2140 νέσϐαι
765 2088 1038 2157 inquiens,
1091 2085 1190 2157 τὴν
1251 2084 1434 2155 μάχην
1491 2083 1640 2153 παρὰ
1695 2081 1786 2135 τὸν
1837 2080 2105 2152 ποταμὸν,

525 2169 754 2239 πλησίον
797 2170 896 2239 τῆς
922 2168 1017 2222 νῦν
1061 2167 1316 2229 Ἀνταίας
1366 2163 1562 2236 κώμης
1618 2163 1980 2234 καλουμένης,
2039 2162 2108 2233 ἢν

525 2253 741 2306 κεῖσθαι
762 2253 863 2324 μὲν
885 2251 1138 2316 λέγουσιν
1161 2253 1219 2303 ὲν
1244 2249 1322 2320 τῷ
1350 2249 1493 2303 κατὰ
1515 2248 1612 2320 τὴν
1637 2248 1908 2319 Ἀραϐίαν
1928 2248 2106 2318 μέρει,

521 2338 622 2405 τὴν
647 2335 1022 2406 προσηγορίαν
1062 2333 1108 2386 δ’
1149 2332 1297 2403 ἔχειν
1319 2332 1427 2386 ἀπὸ
1470 2331 1563 2385 τοῦ
1617 2330 1971 2392 κολασθέντος
2016 2330 2108 2399 ὑφ’

536 2417 870 2489 Ἡρακλέους
894 2417 1160 2482 Ἀνταίου,
1187 2414 1279 2468 τοῦ
1311 2417 1454 2469 κατὰ
1483 2414 1579 2486 τὴν
1603 2414 1867 2485 Ὀσίριδος
1891 2413 2109 2485 ἡλικίαν

523 2501 839 2570 γενομένου.
875 2498 1265 2555 Rhodomanus
1312 2498 1488 2552 vicum
1539 2499 1804 2552 vertendo
1852 2498 1910 2551 in
1959 2506 2110 2566 parte

523 2585 750 2652 quadam
780 2583 998 2638 Arabia:
1028 2583 1323 2646 collocatis,
1359 2581 1501 2635 haud
1528 2581 1659 2636 sane
1712 2581 1946 2635 attendit
1995 2593 2106 2634 rctn

523 2667 580 2720 in
617 2663 857 2736 Egypto
882 2681 1003 2721 esse
1028 2675 1258 2736 gestam.
1299 2663 1479 2719 Posita
1511 2656 1640 2718 urbs
1687 2665 1802 2718 sive
1841 2665 1995 2719 vicus
2041 2662 2109 2718 ad

525 2747 794 2804 orientem
825 2757 943 2804 erat
1009 2749 1135 2812 Nili,
1189 2757 1245 2802 ut
1278 2746 1599 2802 Ptoletna'us
1647 2760 1863 2816 quoque
1911 2746 2107 2812 docet;

524 2846 685 2900 quem
718 2839 954 2887 tractum
1007 2830 1219 2886 Arabia:
1253 2831 1486 2883 vicinum
1522 2826 1746 2882 faciunt.
1800 2827 1934 2882 Vide
1969 2825 2104 2882 Itin.

527 2915 678 2982 Aut.,
707 2931 764 2984 p.
824 2917 946 2980 I64,
973 2924 1028 2969 et
1057 2915 1123 2969 de
1147 2913 1324 2976 [Iaqu
1359 2913 1459 2983 (sic
1488 2913 1632 2966 enim
1674 2919 1820 2967 recte
1854 2926 1958 2966 ms.
1982 2910 2110 2966 Lei-

527 2998 739 3066 densis)
769 2999 924 3062 urbe,
962 3013 1018 3066 p.
1049 2997 1173 3051 I66.

603 3081 740 3135 Ibid.
777 3082 988 3146 Ὠασις
1008 3078 1264 3149 μεγάλη.
1301 3080 1497 3140 Ὀασις
1527 3076 1762 3147 μεγάλη,
1789 3077 1865 3131 uti
1897 3077 2110 3136 Socrati

531 3167 604 3222 II.
647 3167 710 3220 Ε.
748 3181 808 3228 ll,
848 3165 919 3220 28
954 3165 1155 3220 dicitur
1209 3164 1242 3233 ἡ
1297 3161 1410 3216 ἄνω
1445 3162 1640 3224 Ὄασις
1693 3159 1834 3214 Hist.
1895 3161 2106 3226 Ariam.

532 3265 586 3320 p.
614 3249 716 3303 ’587
748 3257 800 3301 et
834 3246 1046 3318 μεγάλη
1095 3247 1287 3309 Ὀασις
1321 3245 1546 3313 Apolog.
1592 3243 1658 3298 ad
1704 3241 2110 3312 Coustautium,

529 3350 582 3400 ιι.
614 3331 738 3384 516.
789 3329 1004 3384 Siccam
1067 3338 1122 3383 et
1155 3327 1366 3382 exsiliis
1397 3325 1658 3380 famosam
1705 3323 1874 3381 fuisse
1917 3335 2112 3395 prater

527 3416 663 3469 alios
700 3413 970 3467 Diodorus
999 3409 1291 3467 Tarsensis
1336 3410 1477 3478 apud
1512 3406 1765 3462 Phatium
1811 3408 1932 3463 cod.
1980 3408 2107 3472 225,

527 3513 582 3566 p.
619 3497 717 3550 671
749 3497 928 3550 docet.
979 3494 1242 3558 Zonaras,
1297 3495 1390 3564 qui
1425 3494 1478 3546 in
1525 3491 1831 3546 TLeodosio
1875 3492 2111 3546 secundo

528 3578 697 3634 Oasiu
732 3578 946 3633 Arabia:
989 3578 1266 3647 regionem
1298 3575 1394 3640 ait,
1434 3588 1677 3631 errorem
1713 3587 1975 3629 excusare
2002 3588 2109 3648 non

527 3663 744 3732 poterit.

599 3746 738 3801 Ibid.
789 3743 939 3799 Ὑπὸ
969 3744 1180 3800 deﬁxa.
1228 3739 1406 3798 Unum
1438 3740 1737 3798 Constantii
1769 3739 2111 3810 imperatoris

529 3843 771 3901 tempore
805 3829 1073 3901 Egyptus
1100 3830 1296 3885 ducem
1326 3827 1582 3891 habebat,
1616 3825 1709 3895 qui
1742 3823 1822 3881 rei
1857 3824 2112 3881 militaris

527 3929 714 3968 curam
741 3925 945 3982 ageret.
979 3912 1307 3966 Athanasius
1335 3909 1480 3966 IIist.
1508 3910 1722 3971 Arium,
1747 3922 1802 3978 p.
1829 3906 2112 3963 5941110111)

527 3998 911 4068 λαμπρότατον
939 3995 1128 4061 δοῦκα,
1162 3995 1322 4048 11111110
1357 3993 1768 4064 στρατηλάτην,
1800 4001 1860 4046 111
1887 3991 2107 4064 Apolog.

529 4085 598 4136 ad
625 4082 1026 4146 Constantium,
1073 4095 1126 4148 p.
1157 4079 1284 4143 5l8,
1313 4079 1540 4148 appelﬁut
1570 4093 1585 4142 ;
1617 4085 1800 4148 postea
1834 4075 1939 4130 duo
1967 4089 2112 4130 con-

530 4161 706 4217 stituti
758 4171 906 4225 sunt,
975 4163 1111 4214 alter
1139 4159 1469 4223 Thebaidos,
1515 4157 1697 4229 Libya:
1741 4157 1899 4223 alter,
1958 4157 2111 4225 cujus

530 4248 816 4314 utriusque
852 4243 1063 4297 Notitia
1114 4245 1240 4312 imp.
1277 4243 1506 4309 0rient.,
1537 4257 1589 4297 c.
1621 4257 1634 4294 I
1662 4251 1719 4296 et
1751 4241 1788 4295 l.
1831 4240 1931 4295 ult.
1958 4255 2008 4296 c.
2044 4244 2110 4296 de

530 4331 730 4385 Divers.
770 4329 918 4398 Oﬂic.
944 4328 1212 4382 meminit.
1241 4325 1586 4381 Justinianus
1613 4325 1733 4380 dein
1767 4323 1954 4378 Edicto
1987 4340 2105 4392 11111,

526 4431 577 4470 c.
606 4414 676 4467 22
726 4416 860 4468 duas
906 4408 1209 4465 Thebaidas
1282 4409 1376 4463 uni
1428 4408 1548 4463 duci
1601 4407 1903 4474 mandavit,
1951 4408 2109 4477 eique

529 4500 810 4567 utriusque
841 4493 1136 4566 provincia:
1172 4493 1427 4562 praesides
1457 4505 1647 4561 parere
1667 4490 1852 4560 jussit.

599 4582 736 4636 Ibid.
795 4578 1151 4648 Πτολεμαῒς.
1210 4576 1338 4631 Haec
1402 4585 1487 4631 est
1547 4574 1838 4630 Ptolemais
1898 4573 2110 4631 111³11111-

535 4664 761 4736 Ἐρμίου
811 4663 1117 4733 Πτολεμαῒς
1152 4677 1255 4716 non
1299 4659 1439 4730 apud
1485 4657 1831 4714 Ptolemaeum
1873 4667 2104 4728 tantum,

525 4753 620 4803 sed
650 4757 703 4803 et
729 4747 1075 4802 Theodorum
1109 4744 1496 4799 Meliteniotam
1528 4741 1790 4797 Proaemio
1819 4743 1874 4795 in
1916 4742 2104 4798 Astro-

525 4849 669 4887 nam.
703 4842 832 4886 tom.
867 4845 920 4885 ιχ
961 4829 1098 4884 Bibl.
1126 4828 1296 4884 Gram.
1343 4827 1603 4901 Fabricii,
1632 4841 1688 4896 p.
1726 4824 1852 4880 2l2.
1885 4825 2102 4882 Zosimn

525 4918 559 4988 ἡ
601 4913 744 4969 κατὰ
773 4915 873 4983 τὴν
897 4911 1138 4982 Θηὸαἲδα
1167 4912 1496 4980 Πτολεμαῒς,
1531 4927 1570 4973 1,
1610 4909 1669 4964 71
1699 4925 1716 4976 ;
1747 4919 1937 4963 auctor
1966 4910 2002 4963 Ι.
2033 4908 2102 4964 111

524 4999 790 5062 Maccab.,
843 4997 1024 5062 t-..'vn,
1065 4997 1130 5049 I7
1177 4995 1564 5050 Ptolemaidem
1619 4993 1818 5058 habet,
1869 5007 1990 5064 qua:
2033 5007 2100 5048 ex

521 5085 627 5140 loci
700 5081 915 5152 ingenio
988 5080 1278 5151 ῥοδοφόρος
1346 5081 1973 5135 dicebaturznostrane
2027 5094 2096 5133 an

521 5170 685 5224 statio
716 5167 1010 5221 Ptolemais
1042 5166 1094 5219 iu
1133 5165 1410 5223 Assinoila
1447 5179 1609 5218 nomo
1635 5164 1728 5227 sit,
1758 5178 1862 5217 non
1894 5171 2098 5218 temere

524 5255 736 5308 dixero.
776 5253 849 5306 De
880 5248 1115 5319 Diospoli
1154 5249 1279 5303 Ant.
1315 5247 1468 5312 ltiu.,
1501 5262 1552 5316 p.
1589 5246 1708 5301 159.

593 5337 731 5391 Ibid.
771 5335 1049 5403 Τέντρυα.
1081 5331 1224 5403 Lege
1253 5333 1520 5402 Τέντυρα.
1559 5329 1690 5385 Vide
1724 5329 1944 5385 ibidem.

592 5419 726 5474 Ibid.
773 5418 1352 5487 Μαξιμιανούπολις.
1414 5414 1619 5468 Nomen
1683 5429 1712 5467 a
1778 5412 2104 5469 Maximiano

525 5503 787 5558 Ilerculeo
835 5503 1162 5570 impetrasse
1201 5500 1431 5552 videtur.
1472 5495 1528 5550 In
1555 5496 1751 5551 Meletii
1795 5496 2102 5563 Bret-iario,

521 5605 574 5658 ρ.
610 5587 706 5642 187
741 5583 1246 5656 Μαξιμιανούπολις
1277 5585 1470 5638 vitiose
1495 5582 1714 5637 dicitur.
1743 5582 1893 5636 Adde
1927 5577 2119 5634 Notit.’

521 5671 647 5737 imp.
679 5668 911 5732 0rient.,
939 5683 988 5722 c.
1018 5667 1140 5721 I45.

592 5749 726 5806 Ibid.
781 5750 1046 5815 Κῶπτος.
1110 5749 1346 5814 Κόπτος.
1406 5748 1704 5818 Xenophon
1763 5749 1957 5817 Epltes.
2025 5763 2096 5814 ιν,

1568 315 1952 379 ADDENDA.
1987 335 2055 348 -
2091 311 2156 370 Ρ.
2199 303 2716 370 WESSELINGII

3645 259 3794 365 ttae

2209 431 2265 486 p.
2293 415 2382 480 56,
2412 412 2628 467 Κόπτον
2655 412 2754 479 τῆς
2785 406 3071 472 Αἰθιοπίας
3109 406 3338 478 πλησίον
3369 414 3556 473 vocat,
3584 419 3640 462 et
3675 408 3792 464 fre-

2208 499 2428 564 quentia
2467 505 2828 548 mercatorum
2863 493 2914 546 in
2942 491 3280 562 Etltiopiam
3306 489 3584 546 Iudiatuve
3608 499 3792 547 trans-

2189 579 2521 636 mittentium
2548 576 2812 633 celebrem
2831 577 2926 631 ait.
2951 575 3127 630 Statio
3163 573 3325 629 Theb.
3352 589 3391 640 I,
3409 573 3539 638 265,
3573 574 3790 630 Mareo-

2208 663 2317 716 tica
2342 661 2536 729 Coptos
2561 701 2578 727 ,
2621 661 2755 716 satis
2804 659 2994 714 audaci
3047 659 3239 728 figura.
3271 657 3402 723 Quae
3448 672 3577 713 vero
3619 659 3728 713 illic
3762 675 3794 712 a

2210 742 2492 800 Lactantio
2542 745 2609 798 de
2668 743 2810 799 Iside
2857 751 3154 809 notantur,
3199 741 3412 813 plenius
3459 741 3789 798 scholiastes

2206 826 2432 887 Luciani
2466 838 2596 883 tom.
2625 826 2694 892 II,
2725 841 2778 895 p.
2814 827 2885 882 55
2914 827 3163 896 exponit.

2277 911 2418 967 Ibid.
2455 913 2647 966 Φίκαι.
2685 910 2914 968 Rectum
2964 917 3048 966 est
3074 909 3266 975 Φίλαι,
3313 909 3383 965 de
3431 908 3626 980 quibus
3659 909 3794 966 Aut.

2210 992 2371 1058 Itin.,
2403 1009 2456 1064 ι).
2495 993 2618 1050 164.

2277 1077 2416 1132 Ibid.
2466 1075 3097 1144 Διοκλητιανούπολις.
3151 1075 3250 1130 Est
3303 1074 3357 1129 in
3409 1073 3530 1131 aliis
3573 1088 3798 1145 quoque

2213 1159 2458 1214 Notitiis.
2479 1159 2711 1214 Condita
2745 1159 2976 1222 videtur,
2997 1173 3120 1213 cum
3144 1156 3506 1214 Diocletianus
3524 1157 3575 1212 in
3601 1157 3800 1214 Achil-

2212 1242 2357 1298 leum
2385 1257 2536 1298 arma
2572 1254 2812 1298 moveret
2847 1250 2902 1298 et
2945 1240 3233 1313 Egyptios
3267 1241 3320 1295 in
3355 1241 3602 1296 ordinem
3628 1256 3798 1312 coge-

2209 1337 2292 1382 ret
2324 1345 2336 1380 :
2369 1334 2480 1382 tum
2513 1325 2656 1382 enim
2689 1325 2836 1379 varia
2877 1338 2973 1396 per
2995 1326 3134 1379 hanc
3180 1324 3517 1393 provinciam
3565 1319 3799 1380 castella

2209 1411 2488 1476 excitavit,
2513 1413 2578 1467 de
2604 1411 2800 1480 quibus
2819 1409 2905 1464 .lo.
2930 1407 3121 1464 Malala
3151 1417 3283 1464 tom.
3314 1407 3358 1474 I,
3389 1423 3443 1478 p.
3470 1408 3597 1464 $09.

2280 1494 2415 1550 Ibid.
2460 1490 2838 1561 Ἔρέσ-ϐυθος.
2870 1490 3079 1547 Vereor
3102 1495 3456 1546 vehementer
3481 1501 3542 1546 ut
3563 1505 3622 1546 se
3650 1489 3796 1545 tueri

2211 1577 2313 1634 hoc
2338 1577 2531 1647 possit.
2573 1576 2874 1647 Nusquam,
2905 1575 3047 1644 quod
3092 1575 3312 1644 quidem
3357 1575 3552 1639 sciam,
3584 1590 3648 1630 eo
3689 1592 3796 1629 no-

2211 1663 2356 1718 mine
2381 1661 2568 1717 urbem
2606 1663 2659 1718 in
2709 1660 2972 1716 Thebaide
3005 1661 3183 1714 inveni
3211 1677 3226 1725 ;
3255 1670 3308 1715 et
3349 1661 3453 1716 nisi
3477 1676 3562 1715 me
3605 1664 3795 1715 omnia

2209 1744 2421 1811 fallunt,
2473 1745 2763 1817 Ἐρμονθίς
2784 1784 2800 1811 ,
2833 1745 2899 1801 de
2928 1759 3032 1814 qua
3079 1743 3210 1799 Itin.
3243 1745 3394 1811 Ant.,
3436 1761 3489 1814 p,
3522 1745 3642 1810 160,
3662 1746 3794 1799 erit.

2219 1903 2222 1906 ὶ
2280 1826 2418 1883 Ibid.
2449 1827 2711 1884 Λάττων.
2765 1827 2979 1892 Λάτιον,
3018 1840 3327 1897 quanquam
3370 1836 3426 1883 et
3461 1828 3686 1882 Λάττων
3737 1830 3794 1883 in

2222 1907 2342 1965 Vita
2375 1910 2434 1966 S.
2480 1909 2795 1976 Pacbomii,
2838 1925 2890 1966 c.
2939 1923 3013 1964 vn
3047 1908 3074 1980 §
3114 1909 3202 1965 52.
3249 1909 3524 1981 Latopolis
3565 1921 3666 1975 est,
3723 1913 3795 1966 ad

2210 1990 2342 2048 Itin.
2375 1993 2501 2050 Ant.
2535 1994 2672 2050 satis
2702 1993 2992 2049 illustrata.

2283 2077 2421 2132 Ibid.
2460 2077 2895 2144 Ἀπολλωνίας.
2945 2076 3301 2144 ’Λπόλλωνος,
3375 2077 3453 2132 uti
3503 2077 3622 2132 alia).
3672 2076 3797 2132 Nc-

2213 2161 2348 2215 titia:
2389 2160 2595 2216 malunt
2637 2177 2652 2217 :
2718 2161 3008 2216 Ptolemaeo
3065 2175 3258 2232 magna
3323 2161 3589 2231 Apollinis
3635 2163 3799 2228 urbs,

2212 2241 2344 2299 Itin.
2369 2243 2496 2299 Ant.
2528 2245 2822 2316 Apollonos
2856 2245 3153 2315 superioris
3178 2253 3234 2300 et
3253 2244 3405 2300 Notis
3429 2247 3552 2315 imp.
3582 2245 3795 2301 Orient.

2211 2346 2263 2387 c.
2296 2330 2421 2386 145.
2454 2331 2574 2387 Mox
2611 2331 2810 2403 Ὄμϐοι
2843 2331 2979 2402 lege.

2293 2413 2661 2485 11)1(1.Λ16ύης
2683 2415 2791 2484 τῆς
2817 2416 2962 2470 ἄνω.
2991 2415 3252 2484 Superior
3271 2417 3436 2490 Libya
3467 2415 3639 2473 Notit.
3660 2419 3800 2486 imp.

2213 2496 2422 2553 Orient.
2470 2514 2521 2556 c.
2557 2499 2608 2562 I,
2660 2499 2748 2553 ubi
2787 2509 2841 2554 et
2873 2498 3156 2568 praesidem
3190 2499 3371 2564 habet,
3408 2500 3628 2555 obvium
3657 2518 3805 2571 quu-

2211 2597 2319 2652 qtte
2364 2583 2416 2636 in
2461 2583 2613 2638 Actis
2661 2582 2722 2636 S.
2775 2581 2924 2636 Lucii
2973 2581 3114 2651 apud
3158 2580 3504 2637 Lambeciunt
3553 2583 3644 2639 liv.
3673 2600 3800 2650 vttt,

2213 2678 2265 2734 p.
2297 2663 2417 2720 206.
2439 2663 2580 2719 Bibl.
2611 2663 2826 2719 I’indeb.
2845 2672 2898 2718 et
2924 2664 3203 2720 Athanasii
3232 2666 3385 2734 Apul.
3413 2675 3557 2722 cont.
3579 2667 3799 2733 Arium,

2215 2759 2346 2804 tom.
2380 2748 2421 2814 Ι,
2449 2764 2502 2817 p.
2535 2747 2656 2803 I74.

2283 2830 2419 2886 Ibid.
2451 2831 2750 2892 Σώζουσα.
2781 2828 2952 2899 Hujus
2971 2832 3200 2888 antistes
3227 2831 3476 2888 Zosituus
3503 2833 3806 2902 Σωζούςης

2213 2914 2444 2970 concilio
2474 2915 2744 2984 Ephesino
2784 2915 3022 2970 secundo
3057 2914 3199 2970 inter
3223 2917 3352 2970 Acta
3375 2916 3802 2974 Chalcedonen-

2213 3003 2315 3064 sia,
2345 3016 2403 3071 p.
2431 2998 2532 3054 I27
2562 2999 2900 3070 subscripsit.
2951 2999 3210 3066 Σώζουσα
3263 3003 3364 3072 τῆς
3404 3004 3806 3070 Πενταπόλεω;

2213 3085 2410 3138 dicitur
2435 3080 2762 3151 Epiphanio.
2792 3084 2998 3136 Hieres.
3032 3097 3222 3148 Lxxnt,
3253 3099 3302 3140 c.
3328 3085 3420 3150 26,
3450 3088 3584 3143 satis
3612 3101 3762 3145 recte
3781 3106 3801 3145 :

2212 3179 2339 3220 nam
2373 3163 2540 3235 Libya
2573 3165 2820 3231 superior
2853 3163 3173 3235 Pentapolin
3205 3168 3603 3236 complectitur.

2284 3246 2423 3302 Ibid.
2471 3245 2739 3315 Κυρήνη.
2771 3243 3120 3302 Nobilissima
3160 3249 3287 3302 olim
3321 3251 3451 3305 urbs
3486 3250 3701 3322 Syuesii
3726 3270 3804 3310 te-

2217 3337 2327 3383 tate
2354 3329 2684 3398 deplorauda
2731 3335 2852 3383 erat
2899 3330 3233 3395 conditione,
3279 3345 3506 3401 prorsus
3549 3336 3803 3405 neglecta

2213 3421 2268 3467 et
2316 3413 2366 3466 itt
2401 3412 2612 3467 ruinam
2669 3413 3066 3481 procumbens;
3109 3414 3253 3469 unde
3301 3426 3440 3470 orat.
3481 3419 3547 3472 de
3589 3417 3802 3491 ltegnu,

2215 3511 2269 3566 p.
2293 3494 2330 3548 2
2357 3496 2709 3551 meritissimo
2733 3495 3077 3566 imperatoris
3119 3513 3274 3569 opem
3317 3501 3605 3571 implorat:
3632 3505 3803 3570 Πόλις

2225 3578 2499 3650 Ἑλληνὶς,
2547 3579 2746 3649 inquit,
2778 3580 3009 3634 παλαιὸν
3041 3580 3212 3652 ὄνομα
3257 3584 3354 3636 καὶ
3388 3585 3447 3636 ὲν
3483 3585 3592 3657 ᾠδῇ
3623 3591 3802 3660 μυρίᾳ

2211 3663 2322 3716 τῶν
2343 3661 2512 3718 πάλαι
2537 3662 2740 3730 σοφῶν,
2767 3662 2861 3718 νῦν
2903 3664 3074 3736 πένης
3100 3666 3195 3718 καὶ
3230 3668 3482 3739 κατηφὴς
3514 3673 3610 3724 καὶ
3649 3672 3801 3741 μέγα

2212 3745 2471 3818 ὲρείπιον,
2498 3746 2592 3799 καὶ
2615 3745 2879 3816 βασιλέως
2910 3748 3183 3819 δεόμενον,
3201 3751 3249 3803 εἰ
3279 3750 3462 3821 μέλλει
3489 3769 3540 3806 τι
3563 3755 3801 3825 πράξειν

2211 3829 2314 3899 τῆς
2345 3831 2475 3901 περὶ
2517 3828 2686 3900 αὐτὴν
2706 3829 3091 3904 ἀρχαιολογίας
3119 3831 3360 3899 ἐπάξιον.
3391 3832 3548 3890 Plura
3577 3836 3632 3891 in
3663 3837 3799 3892 Αιιι.

2214 3910 2375 3975 Itin.,
2408 3927 2461 3982 p.
2494 3911 2584 3967 68.
2617 3909 2781 3967 Portu
2813 3913 3063 3969 utebatur
3100 3912 3400 3987 Pbycuutc,
3431 3919 3498 3975 de
3523 3935 3802 3991 «1110111111-

2213 4005 2296 4052 ter
2324 3995 2673 4050 Ptolemzeum
2702 3995 2842 4050 idem
2879 3995 3141 4066 Syneslus
3185 4001 3342 4068 epist.
3374 4003 3436 4057 5|
3480 4021 3496 4059 :
3527 4005 3803 4076 Ἄραντες

2213 4082 2279 4134 ἐκ
2305 4077 2611 4142 Φυκοῦντος
2659 4079 2973 4150 ἀρχομένης
3038 4080 3234 4152 Ἐᾠας,
3279 4085 3460 4157 δείλης
3507 4087 3663 4158 ὀψίας
3717 4090 3801 4159 τῷ

2211 4164 2332 4218 κατ’
2360 4161 2634 4234 Ἐρυθρὰν
2687 4163 2874 4234 κόλπῳ
2933 4167 3333 4238 προσέσχομεν.
3391 4169 3491 4227 Ubi
3547 4173 3688 4228 male
3729 4177 3801 4228 de

2215 4245 2351 4300 mari
2389 4243 2576 4299 Rubro
2605 4244 2666 4300 D.
2697 4243 2948 4302 Petavius
2990 4249 3272 4318 cogitavit,
3299 4254 3441 4322 quod
3478 4252 3712 4312 fortasse
3743 4260 3798 4311 in

2213 4329 2383 4384 altera
2413 4328 2651 4408 editione
2679 4329 2940 4384 correxit.
2970 4327 3148 4386 Scribi
3178 4333 3338 4389 debet
3371 4335 3652 4407 Ἐρυθρόν,
3686 4355 3802 4408 quo

2211 4409 2432 4463 nomine
2467 4407 2642 4462 locmn
2686 4408 3020 4463 maritimum
3063 4410 3435 4485 in'Pentapoli
3473 4407 3803 4475 Ptolemaeus

2213 4493 2376 4548 habet
2401 4499 2454 4545 et
2477 4489 2736 4558 Syucsius
2767 4491 2882 4561 ipse
2908 4494 3063 4562 epist.
3083 4496 3172 4552 67.
3201 4499 3352 4556 Adde
3377 4503 3532 4570 epist.
3563 4503 3686 4559 100.

2281 4574 2416 4657 Ibid.
2456 4574 2810 4657 Πτολεμαῒς.
2846 4573 3147 4634 Provinciae
3183 4591 3270 4637 est
3299 4586 3614 4656 metropolis
3651 4590 3796 4657 apud

2215 4655 2503 4742 Syrtesiuni
2527 4656 2686 4742 epist.
2720 4657 2790 4712 67
2820 4666 2874 4742 et
2912 4657 3092 4716 Nilum
3125 4655 3538 4737 Doxopatrium,
3576 4685 3633 4742 p.
3663 4655 3798 4727 225.

2206 4741 2326 4796 Non
2390 4741 2546 4810 longe
2600 4739 2788 4801 aberat
2831 4741 3024 4813 Barce,
3079 4763 3199 4818 qua:
3254 4748 3533 4808 festinanti
3577 4739 3798 4812 manum

2214 4824 2413 4895 injicit.
2451 4825 2587 4881 Puto
2613 4841 2734 4882 eam
2769 4828 2822 4882 In
2858 4830 3042 4884 animo
3069 4840 3234 4902 atque
3253 4835 3426 4892 oculis
3459 4838 3627 4894 fuisse
3657 4843 3802 4895 scri-

2213 4909 2461 4979 ptoribus
2486 4909 2734 4975 vetustis,
2765 4910 2858 4981 qui
2882 4909 3069 4968 Jacobi
3111 4915 3329 4987 Majoris
3355 4920 3561 4974 exitum
3592 4923 3800 4978 descri-

2211 5006 2411 5065 psere;
2463 4992 2608 5062 quod
2644 5001 2703 5046 ut
2751 5001 2958 5062 pateat,
3007 4996 3152 5065 ipsos
3195 5000 3503 5063 audiamus.
3535 5001 3800 5073 Isidorus,

2213 5090 2307 5129 seu
2332 5075 2454 5143 quis
2483 5074 2622 5129 alius
2654 5085 2868 5140 auctor,
2894 5077 2947 5132 itt
2979 5077 3119 5135 libro
3143 5079 3212 5136 de
3239 5081 3360 5138 Vita
3388 5093 3442 5139 et
3474 5083 3635 5141 Obitu
3660 5086 3803 5142 Satt-

2213 5167 2448 5221 ctorum,
2478 5156 2561 5209 hic
2594 5159 2657 5210 ab
2693 5156 2922 5226 Herode,
2955 5161 3151 5232 inquit,
3175 5169 3443 5222 tetrarcha
3475 5169 3654 5238 gladio
3695 5189 3802 5226 ca:-

2212 5258 2302 5297 sus
2333 5240 2596 5305 occubuit,
2627 5242 2860 5307 sepultus
2893 5245 2948 5298 in
2972 5261 3094 5300 arce
3120 5246 3436 5305 Marmaria.
3456 5252 3548 5308 Sic
3575 5269 3675 5308 ms.
3700 5253 3802 5310 Je-

2211 5327 2473 5380 snitarum
2500 5323 2998 5405 Antwerpicnsium
3022 5331 3261 5398 praefert,
3299 5344 3356 5388 ut
3390 5335 3491 5403 ipsi
3533 5339 3804 5405 profiten-

2215 5420 2301 5462 tur
2336 5417 2466 5464 tom.
2499 5403 2564 5458 VI
2595 5405 2727 5473 Jul.,
2761 5424 2812 5478 p.
2838 5409 2927 5464 85.
2959 5411 3061 5466 Alii
3099 5414 3334 5480 codices,
3381 5403 3794 5487 qttosiblariana

2215 5493 2270 5548 in
2319 5493 2583 5562 disputat.
2649 5492 2722 5546 De
2776 5494 3010 5547 Adventu
3065 5494 3124 5552 S.
3184 5497 3373 5552 Jacobi
3427 5502 3484 5554 in
3535 5499 3799 5572 Hispan..

2211 5595 2263 5634 ε,
2299 5578 2330 5627 7
2355 5577 2610 5646 inspexit,
2642 5579 2694 5629 in
2727 5593 2847 5630 arce
2887 5587 2982 5631 aut
3029 5596 3156 5634 arca
3189 5581 3522 5650 Carmarica,
3555 5585 3800 5640 Harma-

2208 5665 2342 5726 rica,
2377 5661 2715 5726 Marmarico,
2759 5662 3218 5719 Achimnrmarica
3267 5670 3474 5736 edunt;
3511 5669 3798 5742 Martyrol.

2211 5745 2396 5811 Vetus,
2435 5756 2565 5800 l0:n.
2621 5745 2682 5797 lll
2736 5746 2989 5803 .Inccdot.
3043 5749 3128 5803 ed.
3168 5751 3432 5822 Martcnc,
3467 5771 3518 5826 p.
3573 5758 3795 5814 1519111
