  <div class='ocr_page' id='page_1' title='image "/cluster/home/n/w/nwhite01/storage/ocr_20150623/113/hvd.32044018909572/012.png"; bbox 0 0 4074 6334; ppageno 0'>
   <div class='ocr_carea' id='block_1_1' title="bbox 339 225 3594 328">
    <p class='ocr_par' dir='ltr' id='par_1_1' title="bbox 339 225 3594 328">
     <span class='ocr_line' id='line_1_1' title="bbox 339 225 3594 328; baseline 0.002 -11"><span class='ocrx_word' id='word_1_1' title='bbox 339 267 411 328; x_wconf 68' lang='grc' dir='ltr'><strong>ιδ</strong></span> <span class='ocrx_word' id='word_1_2' title='bbox 1703 257 2236 318; x_wconf 81' lang='lat' dir='ltr'><strong>PROLEGOMENA.</strong></span> <span class='ocrx_word' id='word_1_3' title='bbox 2293 225 2296 228; x_wconf 61' lang='grc'><strong>’</strong></span> <span class='ocrx_word' id='word_1_4' title='bbox 3524 267 3594 323; x_wconf 77' lang='lat' dir='ltr'><strong>tt</strong></span> 
     </span>
    </p>
   </div>
   <div class='ocr_carea' id='block_1_2' title="bbox 340 369 3601 450">
    <p class='ocr_par' dir='ltr' id='par_1_2' title="bbox 340 369 3601 450">
     <span class='ocr_line' id='line_1_2' title="bbox 340 369 3601 450; baseline -0.001 -13"><span class='ocrx_word' id='word_1_5' title='bbox 340 388 396 437; x_wconf 88' lang='lat' dir='ltr'><strong>et</strong></span> <span class='ocrx_word' id='word_1_6' title='bbox 437 375 778 450; x_wconf 71' lang='lat' dir='ltr'><strong>perniciosae,</strong></span> <span class='ocrx_word' id='word_1_7' title='bbox 804 373 1048 445; x_wconf 84' lang='lat' dir='ltr'><strong>periculo</strong></span> <span class='ocrx_word' id='word_1_8' title='bbox 1077 389 1092 428; x_wconf 75' lang='grc' dir='ltr'>ε</span> <span class='ocrx_word' id='word_1_9' title='bbox 1123 387 1244 430; x_wconf 91' lang='lat' dir='ltr'><strong>cum</strong></span> <span class='ocrx_word' id='word_1_10' title='bbox 1269 372 1321 428; x_wconf 94' lang='lat' dir='ltr'><strong>in</strong></span> <span class='ocrx_word' id='word_1_11' title='bbox 1345 371 1736 430; x_wconf 78' lang='lat' dir='ltr'><strong>recentioribus</strong></span> <span class='ocrx_word' id='word_1_12' title='bbox 1773 371 1914 438; x_wconf 91' lang='lat' dir='ltr'><strong>istis,</strong></span> <span class='ocrx_word' id='word_1_13' title='bbox 1944 370 1998 432; x_wconf 79' lang='grc' dir='ltr'>Α</span> <span class='ocrx_word' id='word_1_14' title='bbox 2022 383 2186 440; x_wconf 88' lang='lat' dir='ltr'><strong>quam</strong></span> <span class='ocrx_word' id='word_1_15' title='bbox 2217 369 2485 426; x_wconf 74' lang='lat' dir='ltr'><strong>ofﬁcinam</strong></span> <span class='ocrx_word' id='word_1_16' title='bbox 2516 371 3006 430; x_wconf 89' lang='lat' dir='ltr'><strong>ecclesiasticorum</strong></span> <span class='ocrx_word' id='word_1_17' title='bbox 3033 389 3290 432; x_wconf 87' lang='lat' dir='ltr'><strong>sensuum</strong></span> <span class='ocrx_word' id='word_1_18' title='bbox 3315 378 3601 437; x_wconf 84' lang='lat' dir='ltr'><strong>consulere</strong></span> 
     </span>
    </p>
   </div>
   <div class='ocr_carea' id='block_1_3' title="bbox 338 465 1922 544">
    <p class='ocr_par' dir='ltr' id='par_1_3' title="bbox 338 465 1922 544">
     <span class='ocr_line' id='line_1_3' title="bbox 338 465 1922 544; baseline -0.007 -15"><span class='ocrx_word' id='word_1_19' title='bbox 338 473 433 544; x_wconf 85' lang='lat' dir='ltr'><strong>qui</strong></span> <span class='ocrx_word' id='word_1_20' title='bbox 463 471 716 540; x_wconf 89' lang='lat' dir='ltr'><strong>antiquos</strong></span> <span class='ocrx_word' id='word_1_21' title='bbox 743 466 865 522; x_wconf 88' lang='lat' dir='ltr'><strong>illos</strong></span> <span class='ocrx_word' id='word_1_22' title='bbox 891 481 1081 538; x_wconf 90' lang='lat' dir='ltr'><strong>parum</strong></span> <span class='ocrx_word' id='word_1_23' title='bbox 1108 473 1434 520; x_wconf 87' lang='lat' dir='ltr'><strong>venerantur</strong></span> <span class='ocrx_word' id='word_1_24' title='bbox 1459 505 1474 529; x_wconf 95' lang='lat'><strong>,</strong></span> <span class='ocrx_word' id='word_1_25' title='bbox 1505 480 1611 519; x_wconf 92' lang='lat' dir='ltr'><strong>non</strong></span> <span class='ocrx_word' id='word_1_26' title='bbox 1651 465 1756 518; x_wconf 88' lang='lat' dir='ltr'><strong>nisi</strong></span> <span class='ocrx_word' id='word_1_27' title='bbox 1799 479 1922 520; x_wconf 89' lang='lat' dir='ltr'><strong>cum</strong></span> 
     </span>
    </p>
   </div>
   <div class='ocr_carea' id='block_1_4' title="bbox 339 555 1923 627">
    <p class='ocr_par' dir='ltr' id='par_1_4' title="bbox 339 555 1923 627">
     <span class='ocr_line' id='line_1_4' title="bbox 339 555 1923 627; baseline -0.004 -8"><span class='ocrx_word' id='word_1_28' title='bbox 339 563 583 620; x_wconf 81' lang='lat' dir='ltr'><strong>maximo</strong></span> <span class='ocrx_word' id='word_1_29' title='bbox 611 560 916 614; x_wconf 88' lang='lat' dir='ltr'><strong>animarum</strong></span> <span class='ocrx_word' id='word_1_30' title='bbox 943 557 1201 627; x_wconf 86' lang='lat' dir='ltr'><strong>periculo,</strong></span> <span class='ocrx_word' id='word_1_31' title='bbox 1249 565 1306 612; x_wconf 86' lang='lat' dir='ltr'><strong>et</strong></span> <span class='ocrx_word' id='word_1_32' title='bbox 1352 556 1656 611; x_wconf 88' lang='lat' dir='ltr'><strong>certissima</strong></span> <span class='ocrx_word' id='word_1_33' title='bbox 1698 555 1923 626; x_wconf 90' lang='lat' dir='ltr'><strong>pretiosi</strong></span> 
     </span>
    </p>
   </div>
   <div class='ocr_carea' id='block_1_5' title="bbox 339 647 1918 723">
    <p class='ocr_par' dir='ltr' id='par_1_5' title="bbox 339 647 1918 723">
     <span class='ocr_line' id='line_1_5' title="bbox 339 647 1918 723; baseline -0.006 -13"><span class='ocrx_word' id='word_1_34' title='bbox 339 654 603 723; x_wconf 88' lang='lat' dir='ltr'><strong>temporis</strong></span> <span class='ocrx_word' id='word_1_35' title='bbox 636 652 848 722; x_wconf 84' lang='lat' dir='ltr'><strong>jactura</strong></span> <span class='ocrx_word' id='word_1_36' title='bbox 891 649 1126 705; x_wconf 86' lang='lat' dir='ltr'><strong>studium</strong></span> <span class='ocrx_word' id='word_1_37' title='bbox 1177 659 1421 704; x_wconf 89' lang='lat' dir='ltr'><strong>nostrum</strong></span> <span class='ocrx_word' id='word_1_38' title='bbox 1472 648 1645 717; x_wconf 85' lang='lat' dir='ltr'><strong>possit</strong></span> <span class='ocrx_word' id='word_1_39' title='bbox 1689 647 1918 704; x_wconf 87' lang='lat' dir='ltr'><strong>versari.</strong></span> 
     </span>
    </p>
   </div>
   <div class='ocr_carea' id='block_1_6' title="bbox 337 741 1918 814">
    <p class='ocr_par' dir='ltr' id='par_1_6' title="bbox 337 741 1918 814">
     <span class='ocr_line' id='line_1_6' title="bbox 337 741 1918 814; baseline -0.004 -12"><span class='ocrx_word' id='word_1_40' title='bbox 337 746 416 803; x_wconf 77' lang='lat' dir='ltr'><strong>Illi</strong></span> <span class='ocrx_word' id='word_1_41' title='bbox 464 746 608 800; x_wconf 88' lang='lat' dir='ltr'><strong>enim</strong></span> <span class='ocrx_word' id='word_1_42' title='bbox 660 745 877 814; x_wconf 80' lang='lat' dir='ltr'><strong>pietatis</strong></span> <span class='ocrx_word' id='word_1_43' title='bbox 919 751 974 796; x_wconf 92' lang='lat' dir='ltr'><strong>et</strong></span> <span class='ocrx_word' id='word_1_44' title='bbox 1019 742 1295 798; x_wconf 69' lang='lat' dir='ltr'><strong>modestia:</strong></span> <span class='ocrx_word' id='word_1_45' title='bbox 1347 741 1592 796; x_wconf 87' lang='lat' dir='ltr'><strong>laudibus</strong></span> <span class='ocrx_word' id='word_1_46' title='bbox 1646 741 1918 810; x_wconf 87' lang='lat' dir='ltr'><strong>insignes,</strong></span> 
     </span>
    </p>
   </div>
   <div class='ocr_carea' id='block_1_7' title="bbox 337 831 1918 901">
    <p class='ocr_par' dir='ltr' id='par_1_7' title="bbox 337 831 1918 901">
     <span class='ocr_line' id='line_1_7' title="bbox 337 831 1918 901; baseline -0.004 -9"><span class='ocrx_word' id='word_1_47' title='bbox 337 837 474 893; x_wconf 84' lang='lat' dir='ltr'><strong>nihil</strong></span> <span class='ocrx_word' id='word_1_48' title='bbox 511 836 615 891; x_wconf 88' lang='lat' dir='ltr'><strong>sibi</strong></span> <span class='ocrx_word' id='word_1_49' title='bbox 661 845 755 889; x_wconf 91' lang='lat' dir='ltr'><strong>aut</strong></span> <span class='ocrx_word' id='word_1_50' title='bbox 797 834 1138 889; x_wconf 90' lang='lat' dir='ltr'><strong>scribendum</strong></span> <span class='ocrx_word' id='word_1_51' title='bbox 1173 831 1519 901; x_wconf 89' lang='lat' dir='ltr'><strong>judicarunt,</strong></span> <span class='ocrx_word' id='word_1_52' title='bbox 1554 841 1648 886; x_wconf 91' lang='lat' dir='ltr'><strong>aut</strong></span> <span class='ocrx_word' id='word_1_53' title='bbox 1676 832 1918 887; x_wconf 87' lang='lat' dir='ltr'><strong>sentien-</strong></span> 
     </span>
    </p>
   </div>
   <div class='ocr_carea' id='block_1_8' title="bbox 338 924 1918 1000">
    <p class='ocr_par' dir='ltr' id='par_1_8' title="bbox 338 924 1918 1000">
     <span class='ocr_line' id='line_1_8' title="bbox 338 924 1918 1000; baseline -0.006 -12"><span class='ocrx_word' id='word_1_54' title='bbox 338 937 466 988; x_wconf 89' lang='lat' dir='ltr'><strong>dum</strong></span> <span class='ocrx_word' id='word_1_55' title='bbox 491 971 507 994; x_wconf 93' lang='lat'><strong>,</strong></span> <span class='ocrx_word' id='word_1_56' title='bbox 535 929 681 1000; x_wconf 89' lang='lat' dir='ltr'><strong>quod</strong></span> <span class='ocrx_word' id='word_1_57' title='bbox 711 945 816 984; x_wconf 87' lang='lat' dir='ltr'><strong>non</strong></span> <span class='ocrx_word' id='word_1_58' title='bbox 847 928 1100 982; x_wconf 66' lang='lat' dir='ltr'><strong>Ecclesia:</strong></span> <span class='ocrx_word' id='word_1_59' title='bbox 1145 926 1423 981; x_wconf 69' lang='lat' dir='ltr'><strong>catholicae</strong></span> <span class='ocrx_word' id='word_1_60' title='bbox 1455 924 1753 995; x_wconf 89' lang='lat' dir='ltr'><strong>pontiﬁcis,</strong></span> <span class='ocrx_word' id='word_1_61' title='bbox 1783 925 1918 979; x_wconf 89' lang='lat' dir='ltr'><strong>alio-</strong></span> 
     </span>
    </p>
   </div>
   <div class='ocr_carea' id='block_1_9' title="bbox 336 1018 1917 1091">
    <p class='ocr_par' dir='ltr' id='par_1_9' title="bbox 336 1018 1917 1091">
     <span class='ocr_line' id='line_1_9' title="bbox 336 1018 1917 1091; baseline -0.003 -14"><span class='ocrx_word' id='word_1_62' title='bbox 336 1037 571 1091; x_wconf 85' lang='lat' dir='ltr'><strong>rumque</strong></span> <span class='ocrx_word' id='word_1_63' title='bbox 611 1021 666 1075; x_wconf 88' lang='lat' dir='ltr'><strong>in</strong></span> <span class='ocrx_word' id='word_1_64' title='bbox 724 1021 841 1090; x_wconf 84' lang='lat' dir='ltr'><strong>ejus</strong></span> <span class='ocrx_word' id='word_1_65' title='bbox 889 1019 1272 1074; x_wconf 85' lang='lat' dir='ltr'><strong>communione</strong></span> <span class='ocrx_word' id='word_1_66' title='bbox 1297 1018 1759 1089; x_wconf 89' lang='lat' dir='ltr'><strong>perseverantium</strong></span> <span class='ocrx_word' id='word_1_67' title='bbox 1800 1034 1917 1074; x_wconf 89' lang='lat' dir='ltr'><strong>ma-</strong></span> 
     </span>
    </p>
   </div>
   <div class='ocr_carea' id='block_1_10' title="bbox 335 1110 1920 1183">
    <p class='ocr_par' dir='ltr' id='par_1_10' title="bbox 335 1110 1920 1183">
     <span class='ocr_line' id='line_1_10' title="bbox 335 1110 1920 1183; baseline -0.001 -18"><span class='ocrx_word' id='word_1_68' title='bbox 335 1113 630 1183; x_wconf 89' lang='lat' dir='ltr'><strong>gistrorum</strong></span> <span class='ocrx_word' id='word_1_69' title='bbox 695 1110 902 1166; x_wconf 87' lang='lat' dir='ltr'><strong>calculo</strong></span> <span class='ocrx_word' id='word_1_70' title='bbox 959 1110 1282 1179; x_wconf 88' lang='lat' dir='ltr'><strong>probaretur</strong></span> <span class='ocrx_word' id='word_1_71' title='bbox 1324 1127 1337 1163; x_wconf 90' lang='lat'><strong>:</strong></span> <span class='ocrx_word' id='word_1_72' title='bbox 1391 1117 1747 1180; x_wconf 78' lang='lat' dir='ltr'><strong>agnoscentes</strong></span> <span class='ocrx_word' id='word_1_73' title='bbox 1775 1149 1789 1173; x_wconf 88' lang='lat'><strong>,</strong></span> <span class='ocrx_word' id='word_1_74' title='bbox 1860 1118 1920 1164; x_wconf 90' lang='lat' dir='ltr'><strong>ut</strong></span> 
     </span>
    </p>
   </div>
   <div class='ocr_carea' id='block_1_11' title="bbox 336 1200 1922 1270">
    <p class='ocr_par' dir='ltr' id='par_1_11' title="bbox 336 1200 1922 1270">
     <span class='ocr_line' id='line_1_11' title="bbox 336 1200 1922 1270; baseline -0.001 -15"><span class='ocrx_word' id='word_1_75' title='bbox 336 1202 646 1256; x_wconf 90' lang='lat' dir='ltr'><strong>animorum</strong></span> <span class='ocrx_word' id='word_1_76' title='bbox 673 1241 688 1266; x_wconf 93' lang='lat'><strong>,</strong></span> <span class='ocrx_word' id='word_1_77' title='bbox 719 1201 790 1254; x_wconf 82' lang='lat' dir='ltr'><strong>ita</strong></span> <span class='ocrx_word' id='word_1_78' title='bbox 827 1200 1164 1270; x_wconf 79' lang='lat' dir='ltr'><strong>ingeniorum</strong></span> <span class='ocrx_word' id='word_1_79' title='bbox 1195 1215 1315 1255; x_wconf 90' lang='lat' dir='ltr'><strong>esse</strong></span> <span class='ocrx_word' id='word_1_80' title='bbox 1343 1200 1398 1254; x_wconf 91' lang='lat' dir='ltr'><strong>in</strong></span> <span class='ocrx_word' id='word_1_81' title='bbox 1429 1200 1671 1256; x_wconf 89' lang='lat' dir='ltr'><strong>Ecclesia</strong></span> <span class='ocrx_word' id='word_1_82' title='bbox 1703 1200 1922 1254; x_wconf 88' lang='lat' dir='ltr'><strong>ordina-</strong></span> 
     </span>
    </p>
   </div>
   <div class='ocr_carea' id='block_1_12' title="bbox 337 1290 1919 1359">
    <p class='ocr_par' dir='ltr' id='par_1_12' title="bbox 337 1290 1919 1359">
     <span class='ocr_line' id='line_1_12' title="bbox 337 1290 1919 1359; baseline -0.001 -14"><span class='ocrx_word' id='word_1_83' title='bbox 337 1301 450 1345; x_wconf 89' lang='lat' dir='ltr'><strong>tam</strong></span> <span class='ocrx_word' id='word_1_84' title='bbox 473 1290 858 1354; x_wconf 87' lang='lat' dir='ltr'><strong>hicrarcbiam,</strong></span> <span class='ocrx_word' id='word_1_85' title='bbox 883 1298 937 1344; x_wconf 89' lang='lat' dir='ltr'><strong>et</strong></span> <span class='ocrx_word' id='word_1_86' title='bbox 968 1308 986 1341; x_wconf 72' lang='grc' dir='ltr'>ι</span> <span class='ocrx_word' id='word_1_87' title='bbox 1024 1290 1242 1359; x_wconf 88' lang='lat' dir='ltr'><strong>spiritus</strong></span> <span class='ocrx_word' id='word_1_88' title='bbox 1262 1291 1648 1359; x_wconf 89' lang='lat' dir='ltr'><strong>prophetarum</strong></span> <span class='ocrx_word' id='word_1_89' title='bbox 1678 1290 1919 1345; x_wconf 90' lang='lat' dir='ltr'><strong>subditos</strong></span> 
     </span>
    </p>
   </div>
   <div class='ocr_carea' id='block_1_13' title="bbox 335 1379 1918 1450">
    <p class='ocr_par' dir='ltr' id='par_1_13' title="bbox 335 1379 1918 1450">
     <span class='ocr_line' id='line_1_13' title="bbox 335 1379 1918 1450; baseline -0.001 -15"><span class='ocrx_word' id='word_1_90' title='bbox 335 1396 459 1435; x_wconf 89' lang='lat' dir='ltr'><strong>esse</strong></span> <span class='ocrx_word' id='word_1_91' title='bbox 503 1381 819 1450; x_wconf 86' lang='lat' dir='ltr'><strong>prophetis;</strong></span> <span class='ocrx_word' id='word_1_92' title='bbox 854 1399 872 1432; x_wconf 76' lang='grc' dir='ltr'><strong><em>ι</em></strong></span> <span class='ocrx_word' id='word_1_93' title='bbox 907 1387 962 1434; x_wconf 91' lang='lat' dir='ltr'><strong>et</strong></span> <span class='ocrx_word' id='word_1_94' title='bbox 984 1379 1110 1434; x_wconf 93' lang='lat' dir='ltr'><strong>illud</strong></span> <span class='ocrx_word' id='word_1_95' title='bbox 1153 1379 1457 1435; x_wconf 89' lang='lat' dir='ltr'><strong>Salomonis</strong></span> <span class='ocrx_word' id='word_1_96' title='bbox 1502 1380 1780 1435; x_wconf 84' lang='lat' dir='ltr'><strong>oraculum</strong></span> <span class='ocrx_word' id='word_1_97' title='bbox 1816 1379 1918 1434; x_wconf 84' lang='lat' dir='ltr'><strong>sibi</strong></span> 
     </span>
    </p>
   </div>
   <div class='ocr_carea' id='block_1_14' title="bbox 333 1470 1918 1540">
    <p class='ocr_par' dir='ltr' id='par_1_14' title="bbox 333 1470 1918 1540">
     <span class='ocr_line' id='line_1_14' title="bbox 333 1470 1918 1540; baseline -0.003 -12"><span class='ocrx_word' id='word_1_98' title='bbox 333 1473 408 1528; x_wconf 88' lang='lat' dir='ltr'><strong>ob</strong></span> <span class='ocrx_word' id='word_1_99' title='bbox 451 1471 638 1527; x_wconf 87' lang='lat' dir='ltr'><strong>oculos</strong></span> <span class='ocrx_word' id='word_1_100' title='bbox 693 1485 906 1540; x_wconf 89' lang='lat' dir='ltr'><strong>semper</strong></span> <span class='ocrx_word' id='word_1_101' title='bbox 950 1479 1211 1539; x_wconf 90' lang='lat' dir='ltr'><strong>ponentes</strong></span> <span class='ocrx_word' id='word_1_102' title='bbox 1255 1488 1269 1525; x_wconf 91' lang='lat'>:</span> <span class='ocrx_word' id='word_1_103' title='bbox 1316 1490 1333 1521; x_wconf 76' lang='grc' dir='ltr'>ι</span> <span class='ocrx_word' id='word_1_104' title='bbox 1371 1470 1546 1524; x_wconf 83' lang='lat' dir='ltr'><strong>Verba</strong></span> <span class='ocrx_word' id='word_1_105' title='bbox 1595 1470 1918 1540; x_wconf 89' lang='lat' dir='ltr'><strong>sapientium</strong></span> 
     </span>
    </p>
   </div>
   <div class='ocr_carea' id='block_1_15' title="bbox 335 1561 1921 1633">
    <p class='ocr_par' dir='ltr' id='par_1_15' title="bbox 335 1561 1921 1633">
     <span class='ocr_line' id='line_1_15' title="bbox 335 1561 1921 1633; baseline -0.004 -13"><span class='ocrx_word' id='word_1_106' title='bbox 335 1566 480 1620; x_wconf 81' lang='lat' dir='ltr'><strong>sicut</strong></span> <span class='ocrx_word' id='word_1_107' title='bbox 505 1562 711 1618; x_wconf 87' lang='lat' dir='ltr'><strong>stimuli</strong></span> <span class='ocrx_word' id='word_1_108' title='bbox 744 1582 764 1614; x_wconf 75' lang='grc' dir='ltr'><strong><em>ι</em></strong></span> <span class='ocrx_word' id='word_1_109' title='bbox 798 1562 914 1633; x_wconf 88' lang='lat' dir='ltr'><strong>(qui</strong></span> <span class='ocrx_word' id='word_1_110' title='bbox 942 1571 1186 1632; x_wconf 87' lang='lat' dir='ltr'><strong>pungunt</strong></span> <span class='ocrx_word' id='word_1_111' title='bbox 1206 1562 1448 1618; x_wconf 86' lang='lat' dir='ltr'><strong>veritatis</strong></span> <span class='ocrx_word' id='word_1_112' title='bbox 1472 1561 1606 1624; x_wconf 88' lang='lat' dir='ltr'><strong>acie,</strong></span> <span class='ocrx_word' id='word_1_113' title='bbox 1635 1577 1742 1616; x_wconf 92' lang='lat' dir='ltr'><strong>non</strong></span> <span class='ocrx_word' id='word_1_114' title='bbox 1769 1561 1921 1616; x_wconf 88' lang='lat' dir='ltr'><strong>blan-</strong></span> 
     </span>
    </p>
   </div>
   <div class='ocr_carea' id='block_1_16' title="bbox 333 1652 1916 1724">
    <p class='ocr_par' dir='ltr' id='par_1_16' title="bbox 333 1652 1916 1724">
     <span class='ocr_line' id='line_1_16' title="bbox 333 1652 1916 1724; baseline -0.003 -13"><span class='ocrx_word' id='word_1_115' title='bbox 333 1656 560 1712; x_wconf 90' lang='lat' dir='ltr'><strong>diuntur</strong></span> <span class='ocrx_word' id='word_1_116' title='bbox 607 1653 934 1708; x_wconf 89' lang='lat' dir='ltr'><strong>adulationis</strong></span> <span class='ocrx_word' id='word_1_117' title='bbox 975 1652 1248 1724; x_wconf 91' lang='lat' dir='ltr'><strong>ﬂosculis)</strong></span> <span class='ocrx_word' id='word_1_118' title='bbox 1304 1671 1321 1704; x_wconf 84' lang='grc'><strong><em>‹</em></strong></span> <span class='ocrx_word' id='word_1_119' title='bbox 1373 1661 1430 1706; x_wconf 92' lang='lat' dir='ltr'><strong>et</strong></span> <span class='ocrx_word' id='word_1_120' title='bbox 1475 1652 1630 1722; x_wconf 89' lang='lat' dir='ltr'><strong>quasi</strong></span> <span class='ocrx_word' id='word_1_121' title='bbox 1685 1652 1822 1705; x_wconf 87' lang='lat' dir='ltr'><strong>clavi</strong></span> <span class='ocrx_word' id='word_1_122' title='bbox 1860 1652 1916 1707; x_wconf 90' lang='lat' dir='ltr'><strong>in</strong></span> 
     </span>
    </p>
   </div>
   <div class='ocr_carea' id='block_1_17' title="bbox 2024 461 3603 540">
    <p class='ocr_par' dir='ltr' id='par_1_17' title="bbox 2024 461 3603 540">
     <span class='ocr_line' id='line_1_17' title="bbox 2024 461 3603 540; baseline 0.006 -25"><span class='ocrx_word' id='word_1_123' title='bbox 2024 461 2319 529; x_wconf 90' lang='lat' dir='ltr'><strong>solebant,</strong></span> <span class='ocrx_word' id='word_1_124' title='bbox 2366 462 2794 533; x_wconf 88' lang='lat' dir='ltr'><strong>quotiescunque</strong></span> <span class='ocrx_word' id='word_1_125' title='bbox 2833 480 2968 536; x_wconf 89' lang='lat' dir='ltr'><strong>opus</strong></span> <span class='ocrx_word' id='word_1_126' title='bbox 3019 474 3138 521; x_wconf 89' lang='lat' dir='ltr'><strong>erat</strong></span> <span class='ocrx_word' id='word_1_127' title='bbox 3188 466 3256 521; x_wconf 88' lang='lat' dir='ltr'><strong>ad</strong></span> <span class='ocrx_word' id='word_1_128' title='bbox 3307 466 3603 540; x_wconf 78' lang='lat' dir='ltr'><strong>Scripturze</strong></span> 
     </span>
    </p>
   </div>
   <div class='ocr_carea' id='block_1_18' title="bbox 2023 554 3600 632">
    <p class='ocr_par' dir='ltr' id='par_1_18' title="bbox 2023 554 3600 632">
     <span class='ocr_line' id='line_1_18' title="bbox 2023 554 3600 632; baseline 0.008 -27"><span class='ocrx_word' id='word_1_129' title='bbox 2023 554 2346 608; x_wconf 89' lang='lat' dir='ltr'><strong>sententiam</strong></span> <span class='ocrx_word' id='word_1_130' title='bbox 2406 569 2726 620; x_wconf 88' lang='lat' dir='ltr'><strong>recurrere;</strong></span> <span class='ocrx_word' id='word_1_131' title='bbox 2785 572 2885 612; x_wconf 91' lang='lat' dir='ltr'><strong>nec</strong></span> <span class='ocrx_word' id='word_1_132' title='bbox 2939 565 3200 628; x_wconf 89' lang='lat' dir='ltr'><strong>putarunt</strong></span> <span class='ocrx_word' id='word_1_133' title='bbox 3246 557 3347 613; x_wconf 91' lang='lat' dir='ltr'><strong>sibi</strong></span> <span class='ocrx_word' id='word_1_134' title='bbox 3399 561 3600 632; x_wconf 88' lang='lat' dir='ltr'><strong>aliquid</strong></span> 
     </span>
    </p>
   </div>
   <div class='ocr_carea' id='block_1_19' title="bbox 2022 645 3602 723">
    <p class='ocr_par' dir='ltr' id='par_1_19' title="bbox 2022 645 3602 723">
     <span class='ocr_line' id='line_1_19' title="bbox 2022 645 3602 723; baseline 0.008 -25"><span class='ocrx_word' id='word_1_135' title='bbox 2022 645 2168 700; x_wconf 89' lang='lat' dir='ltr'><strong>aliud</strong></span> <span class='ocrx_word' id='word_1_136' title='bbox 2199 647 2514 716; x_wconf 87' lang='lat' dir='ltr'><strong>sapiendum</strong></span> <span class='ocrx_word' id='word_1_137' title='bbox 2559 663 2720 718; x_wconf 87' lang='lat' dir='ltr'><strong>quam</strong></span> <span class='ocrx_word' id='word_1_138' title='bbox 2751 649 2893 718; x_wconf 91' lang='lat' dir='ltr'><strong>quod</strong></span> <span class='ocrx_word' id='word_1_139' title='bbox 2927 651 2995 704; x_wconf 92' lang='lat' dir='ltr'><strong>ab</strong></span> <span class='ocrx_word' id='word_1_140' title='bbox 3035 649 3124 706; x_wconf 91' lang='lat' dir='ltr'><strong>illo</strong></span> <span class='ocrx_word' id='word_1_141' title='bbox 3166 671 3185 702; x_wconf 85' lang='grc'><em>‹</em></span> <span class='ocrx_word' id='word_1_142' title='bbox 3221 653 3602 723; x_wconf 79' lang='lat' dir='ltr'><strong>magistrorum</strong></span> 
     </span>
    </p>
   </div>
   <div class='ocr_carea' id='block_1_20' title="bbox 2023 717 3688 815">
    <p class='ocr_par' dir='ltr' id='par_1_20' title="bbox 2023 717 3688 815">
     <span class='ocr_line' id='line_1_20' title="bbox 2023 717 3688 815; baseline 0.004 -19"><span class='ocrx_word' id='word_1_143' title='bbox 2023 740 2248 796; x_wconf 92' lang='lat' dir='ltr'><strong>consilio</strong></span> <span class='ocrx_word' id='word_1_144' title='bbox 2274 760 2292 791; x_wconf 75' lang='grc' dir='ltr'><strong><em>ι</em></strong></span> <span class='ocrx_word' id='word_1_145' title='bbox 2327 751 2640 812; x_wconf 74' lang='lat' dir='ltr'><strong>repererunt</strong></span> <span class='ocrx_word' id='word_1_146' title='bbox 2677 741 2952 810; x_wconf 88' lang='lat' dir='ltr'><strong>traditum,</strong></span> <span class='ocrx_word' id='word_1_147' title='bbox 2991 752 3052 798; x_wconf 93' lang='lat' dir='ltr'><strong>ut</strong></span> <span class='ocrx_word' id='word_1_148' title='bbox 3094 745 3168 798; x_wconf 92' lang='lat' dir='ltr'><strong>ita</strong></span> <span class='ocrx_word' id='word_1_149' title='bbox 3199 717 3605 815; x_wconf 73' lang='lat' dir='ltr'><strong>acquiescerent</strong></span> <span class='ocrx_word' id='word_1_150' title='bbox 3677 717 3688 736; x_wconf 47' lang='lat' dir='ltr'><em>I</em></span> 
     </span>
    </p>
   </div>
   <div class='ocr_carea' id='block_1_21' title="bbox 2023 835 3600 908">
    <p class='ocr_par' dir='ltr' id='par_1_21' title="bbox 2023 835 3600 908">
     <span class='ocr_line' id='line_1_21' title="bbox 2023 835 3600 908; baseline 0.003 -18"><span class='ocrx_word' id='word_1_151' title='bbox 2023 835 2284 905; x_wconf 89' lang='lat' dir='ltr'><strong>sapientis</strong></span> <span class='ocrx_word' id='word_1_152' title='bbox 2312 835 2594 890; x_wconf 92' lang='lat' dir='ltr'><strong>monitioni</strong></span> <span class='ocrx_word' id='word_1_153' title='bbox 2627 851 2787 905; x_wconf 89' lang='lat' dir='ltr'><strong>quam</strong></span> <span class='ocrx_word' id='word_1_154' title='bbox 2836 844 2958 906; x_wconf 90' lang='lat' dir='ltr'><strong>post</strong></span> <span class='ocrx_word' id='word_1_155' title='bbox 3008 836 3094 891; x_wconf 91' lang='lat' dir='ltr'><strong>illa</strong></span> <span class='ocrx_word' id='word_1_156' title='bbox 3131 840 3292 892; x_wconf 90' lang='lat' dir='ltr'><strong>verba</strong></span> <span class='ocrx_word' id='word_1_157' title='bbox 3325 837 3556 908; x_wconf 88' lang='lat' dir='ltr'><strong>subjecit</strong></span> <span class='ocrx_word' id='word_1_158' title='bbox 3586 857 3600 894; x_wconf 93' lang='lat'>:</span> 
     </span>
    </p>
   </div>
   <div class='ocr_carea' id='block_1_22' title="bbox 2026 925 3605 997">
    <p class='ocr_par' dir='ltr' id='par_1_22' title="bbox 2026 925 3605 997">
     <span class='ocr_line' id='line_1_22' title="bbox 2026 925 3605 997; baseline 0.005 -19"><span class='ocrx_word' id='word_1_159' title='bbox 2026 944 2048 978; x_wconf 70' lang='grc' dir='ltr'>ι</span> <span class='ocrx_word' id='word_1_160' title='bbox 2078 925 2176 981; x_wconf 83' lang='lat' dir='ltr'><strong>His</strong></span> <span class='ocrx_word' id='word_1_161' title='bbox 2202 926 2455 997; x_wconf 87' lang='lat' dir='ltr'><strong>amplius,</strong></span> <span class='ocrx_word' id='word_1_162' title='bbox 2480 926 2555 980; x_wconf 87' lang='lat' dir='ltr'><strong>ﬁli</strong></span> <span class='ocrx_word' id='word_1_163' title='bbox 2579 927 2669 990; x_wconf 91' lang='lat' dir='ltr'><strong>mi,</strong></span> <span class='ocrx_word' id='word_1_164' title='bbox 2698 942 2764 981; x_wconf 92' lang='lat' dir='ltr'><strong>ne</strong></span> <span class='ocrx_word' id='word_1_165' title='bbox 2793 929 3062 997; x_wconf 82' lang='lat' dir='ltr'><strong>requiras,</strong></span> <span class='ocrx_word' id='word_1_166' title='bbox 3090 947 3108 980; x_wconf 82' lang='grc'><strong>›</strong></span> <span class='ocrx_word' id='word_1_167' title='bbox 3140 930 3231 984; x_wconf 89' lang='lat' dir='ltr'><strong>ubi</strong></span> <span class='ocrx_word' id='word_1_168' title='bbox 3259 939 3313 984; x_wconf 91' lang='lat' dir='ltr'><strong>et</strong></span> <span class='ocrx_word' id='word_1_169' title='bbox 3337 931 3486 986; x_wconf 87' lang='lat' dir='ltr'><strong>addit</strong></span> <span class='ocrx_word' id='word_1_170' title='bbox 3512 947 3605 985; x_wconf 88' lang='lat' dir='ltr'><strong>ra-</strong></span> 
     </span>
    </p>
   </div>
   <div class='ocr_carea' id='block_1_23' title="bbox 2021 1016 3607 1088">
    <p class='ocr_par' dir='ltr' id='par_1_23' title="bbox 2021 1016 3607 1088">
     <span class='ocr_line' id='line_1_23' title="bbox 2021 1016 3607 1088; baseline 0.006 -17"><span class='ocrx_word' id='word_1_171' title='bbox 2021 1017 2228 1072; x_wconf 91' lang='lat' dir='ltr'><strong>tionem</strong></span> <span class='ocrx_word' id='word_1_172' title='bbox 2265 1016 2568 1072; x_wconf 88' lang='lat' dir='ltr'><strong>evidentem</strong></span> <span class='ocrx_word' id='word_1_173' title='bbox 2617 1035 2629 1070; x_wconf 90' lang='lat'>:</span> <span class='ocrx_word' id='word_1_174' title='bbox 2667 1037 2682 1066; x_wconf 81' lang='lat' dir='ltr'><strong>t</strong></span> <span class='ocrx_word' id='word_1_175' title='bbox 2717 1016 2970 1072; x_wconf 86' lang='lat' dir='ltr'><strong>Faciendi</strong></span> <span class='ocrx_word' id='word_1_176' title='bbox 3014 1018 3194 1088; x_wconf 90' lang='lat' dir='ltr'><strong>plures</strong></span> <span class='ocrx_word' id='word_1_177' title='bbox 3221 1020 3386 1078; x_wconf 88' lang='lat' dir='ltr'><strong>libros</strong></span> <span class='ocrx_word' id='word_1_178' title='bbox 3425 1023 3607 1080; x_wconf 89' lang='lat' dir='ltr'><strong>nullus</strong></span> 
     </span>
    </p>
   </div>
   <div class='ocr_carea' id='block_1_24' title="bbox 2021 1108 3606 1182">
    <p class='ocr_par' dir='ltr' id='par_1_24' title="bbox 2021 1108 3606 1182">
     <span class='ocr_line' id='line_1_24' title="bbox 2021 1108 3606 1182; baseline 0.003 -17"><span class='ocrx_word' id='word_1_179' title='bbox 2021 1117 2105 1165; x_wconf 89' lang='lat' dir='ltr'><strong>est</strong></span> <span class='ocrx_word' id='word_1_180' title='bbox 2157 1108 2317 1172; x_wconf 87' lang='lat' dir='ltr'><strong>ﬁnis,</strong></span> <span class='ocrx_word' id='word_1_181' title='bbox 2349 1128 2368 1161; x_wconf 74' lang='grc' dir='ltr'><strong>ι</strong></span> <span class='ocrx_word' id='word_1_182' title='bbox 2411 1108 2596 1178; x_wconf 89' lang='lat' dir='ltr'><strong>quasi,</strong></span> <span class='ocrx_word' id='word_1_183' title='bbox 2648 1109 2739 1179; x_wconf 90' lang='lat' dir='ltr'><strong>qui</strong></span> <span class='ocrx_word' id='word_1_184' title='bbox 2786 1110 3109 1180; x_wconf 91' lang='lat' dir='ltr'><strong>sapientium</strong></span> <span class='ocrx_word' id='word_1_185' title='bbox 3160 1128 3258 1182; x_wconf 90' lang='lat' dir='ltr'><strong>per</strong></span> <span class='ocrx_word' id='word_1_186' title='bbox 3319 1114 3606 1170; x_wconf 88' lang='lat' dir='ltr'><strong>consilium</strong></span> 
     </span>
    </p>
   </div>
   <div class='ocr_carea' id='block_1_25' title="bbox 1997 1201 3605 1275">
    <p class='ocr_par' dir='ltr' id='par_1_25' title="bbox 1997 1201 3605 1275">
     <span class='ocr_line' id='line_1_25' title="bbox 1997 1201 3605 1275; baseline 0.005 -20"><span class='ocrx_word' id='word_1_187' title='bbox 1997 1201 2404 1271; x_wconf 78' lang='lat' dir='ltr'><strong>&quot;magistrorum</strong></span> <span class='ocrx_word' id='word_1_188' title='bbox 2452 1201 2774 1256; x_wconf 83' lang='lat' dir='ltr'><strong>examinatis</strong></span> <span class='ocrx_word' id='word_1_189' title='bbox 2820 1202 3036 1268; x_wconf 83' lang='lat' dir='ltr'><strong>verbis,</strong></span> <span class='ocrx_word' id='word_1_190' title='bbox 3082 1213 3136 1259; x_wconf 91' lang='lat' dir='ltr'><strong>et</strong></span> <span class='ocrx_word' id='word_1_191' title='bbox 3173 1207 3403 1275; x_wconf 86' lang='lat' dir='ltr'><strong>pastoris</strong></span> <span class='ocrx_word' id='word_1_192' title='bbox 3445 1209 3605 1264; x_wconf 88' lang='lat' dir='ltr'><strong>unius</strong></span> 
     </span>
    </p>
   </div>
   <div class='ocr_carea' id='block_1_26' title="bbox 2021 1290 3607 1364">
    <p class='ocr_par' dir='ltr' id='par_1_26' title="bbox 2021 1290 3607 1364">
     <span class='ocr_line' id='line_1_26' title="bbox 2021 1290 3607 1364; baseline 0.005 -19"><span class='ocrx_word' id='word_1_193' title='bbox 2021 1290 2304 1345; x_wconf 79' lang='lat' dir='ltr'><strong>sentcntiae</strong></span> <span class='ocrx_word' id='word_1_194' title='bbox 2355 1306 2461 1345; x_wconf 91' lang='lat' dir='ltr'><strong>non</strong></span> <span class='ocrx_word' id='word_1_195' title='bbox 2504 1291 2893 1360; x_wconf 88' lang='lat' dir='ltr'><strong>acquiescunt,</strong></span> <span class='ocrx_word' id='word_1_196' title='bbox 2947 1308 3220 1362; x_wconf 88' lang='lat' dir='ltr'><strong>nunquam</strong></span> <span class='ocrx_word' id='word_1_197' title='bbox 3275 1311 3372 1364; x_wconf 92' lang='lat' dir='ltr'><strong>per</strong></span> <span class='ocrx_word' id='word_1_198' title='bbox 3417 1313 3607 1354; x_wconf 86' lang='lat' dir='ltr'><strong>omnes</strong></span> 
     </span>
    </p>
   </div>
   <div class='ocr_carea' id='block_1_27' title="bbox 2022 1382 3607 1457">
    <p class='ocr_par' dir='ltr' id='par_1_27' title="bbox 2022 1382 3607 1457">
     <span class='ocr_line' id='line_1_27' title="bbox 2022 1382 3607 1457; baseline 0.004 -20"><span class='ocrx_word' id='word_1_199' title='bbox 2022 1397 2267 1440; x_wconf 90' lang='lat' dir='ltr'><strong>errorum</strong></span> <span class='ocrx_word' id='word_1_200' title='bbox 2311 1391 2366 1436; x_wconf 91' lang='lat' dir='ltr'><strong>et</strong></span> <span class='ocrx_word' id='word_1_201' title='bbox 2390 1383 2795 1438; x_wconf 89' lang='lat' dir='ltr'><strong>mendaciorum</strong></span> <span class='ocrx_word' id='word_1_202' title='bbox 2827 1382 3104 1440; x_wconf 79' lang='lat' dir='ltr'><strong>anfractus</strong></span> <span class='ocrx_word' id='word_1_203' title='bbox 3130 1385 3417 1457; x_wconf 84' lang='lat' dir='ltr'><strong>divagandi</strong></span> <span class='ocrx_word' id='word_1_204' title='bbox 3443 1387 3607 1444; x_wconf 90' lang='lat' dir='ltr'><strong>ﬁnem</strong></span> 
     </span>
    </p>
   </div>
   <div class='ocr_carea' id='block_1_28' title="bbox 2021 1473 3610 1552">
    <p class='ocr_par' dir='ltr' id='par_1_28' title="bbox 2021 1473 3610 1552">
     <span class='ocr_line' id='line_1_28' title="bbox 2021 1473 3610 1552; baseline 0.008 -23"><span class='ocrx_word' id='word_1_205' title='bbox 2021 1473 2246 1542; x_wconf 71' lang='lat' dir='ltr'><strong>faciant,</strong></span> <span class='ocrx_word' id='word_1_206' title='bbox 2270 1477 2364 1532; x_wconf 91' lang='lat' dir='ltr'><strong>sed</strong></span> <span class='ocrx_word' id='word_1_207' title='bbox 2386 1477 2752 1534; x_wconf 90' lang='lat' dir='ltr'><strong>interminatis</strong></span> <span class='ocrx_word' id='word_1_208' title='bbox 2773 1489 3036 1536; x_wconf 83' lang='lat' dir='ltr'><strong>vexentur</strong></span> <span class='ocrx_word' id='word_1_209' title='bbox 3053 1482 3461 1552; x_wconf 85' lang='lat' dir='ltr'><strong>quaestionibus.</strong></span> <span class='ocrx_word' id='word_1_210' title='bbox 3479 1484 3610 1541; x_wconf 86' lang='lat' dir='ltr'><strong>Erat</strong></span> 
     </span>
    </p>
   </div>
   <div class='ocr_carea' id='block_1_29' title="bbox 2024 1565 3610 1644">
    <p class='ocr_par' dir='ltr' id='par_1_29' title="bbox 2024 1565 3610 1644">
     <span class='ocr_line' id='line_1_29' title="bbox 2024 1565 3610 1644; baseline 0.007 -25"><span class='ocrx_word' id='word_1_211' title='bbox 2024 1576 2205 1622; x_wconf 90' lang='lat' dir='ltr'><strong>autem</strong></span> <span class='ocrx_word' id='word_1_212' title='bbox 2240 1567 2344 1622; x_wconf 92' lang='lat' dir='ltr'><strong>hoc</strong></span> <span class='ocrx_word' id='word_1_213' title='bbox 2373 1565 2576 1623; x_wconf 71' lang='lat' dir='ltr'><strong>Glossze</strong></span> <span class='ocrx_word' id='word_1_214' title='bbox 2603 1583 2758 1638; x_wconf 88' lang='lat' dir='ltr'><strong>opus,</strong></span> <span class='ocrx_word' id='word_1_215' title='bbox 2808 1569 2860 1624; x_wconf 92' lang='lat' dir='ltr'><strong>in</strong></span> <span class='ocrx_word' id='word_1_216' title='bbox 2904 1569 2994 1624; x_wconf 89' lang='lat' dir='ltr'><strong>illa</strong></span> <span class='ocrx_word' id='word_1_217' title='bbox 3042 1569 3304 1627; x_wconf 88' lang='lat' dir='ltr'><strong>librorum</strong></span> <span class='ocrx_word' id='word_1_218' title='bbox 3335 1574 3610 1644; x_wconf 87' lang='lat' dir='ltr'><strong>paucitate</strong></span> 
     </span>
    </p>
   </div>
   <div class='ocr_carea' id='block_1_30' title="bbox 2023 1657 3614 1736">
    <p class='ocr_par' dir='ltr' id='par_1_30' title="bbox 2023 1657 3614 1736">
     <span class='ocr_line' id='line_1_30' title="bbox 2023 1657 3614 1736; baseline 0.008 -25"><span class='ocrx_word' id='word_1_219' title='bbox 2023 1666 2078 1711; x_wconf 93' lang='lat' dir='ltr'><strong>et</strong></span> <span class='ocrx_word' id='word_1_220' title='bbox 2104 1657 2333 1735; x_wconf 79' lang='lat' dir='ltr'><strong>penuria</strong></span> <span class='ocrx_word' id='word_1_221' title='bbox 2360 1673 2467 1736; x_wconf 82' lang='lat' dir='ltr'><strong>qua</strong></span> <span class='ocrx_word' id='word_1_222' title='bbox 2495 1659 2751 1716; x_wconf 74' lang='lat' dir='ltr'><strong>saeculum</strong></span> <span class='ocrx_word' id='word_1_223' title='bbox 2785 1659 2915 1715; x_wconf 90' lang='lat' dir='ltr'><strong>illud</strong></span> <span class='ocrx_word' id='word_1_224' title='bbox 2949 1661 3016 1733; x_wconf 92' lang='lat' dir='ltr'><strong>(si</strong></span> <span class='ocrx_word' id='word_1_225' title='bbox 3058 1678 3179 1716; x_wconf 91' lang='lat' dir='ltr'><strong>cum</strong></span> <span class='ocrx_word' id='word_1_226' title='bbox 3205 1673 3404 1720; x_wconf 85' lang='lat' dir='ltr'><strong>nostro</strong></span> <span class='ocrx_word' id='word_1_227' title='bbox 3420 1666 3614 1723; x_wconf 66' lang='lat' dir='ltr'><strong>confeo</strong></span> 
     </span>
    </p>
   </div>
   <div class='ocr_carea' id='block_1_31' title="bbox 332 1733 3607 1827">
    <p class='ocr_par' dir='ltr' id='par_1_31' title="bbox 332 1733 3607 1827">
     <span class='ocr_line' id='line_1_31' title="bbox 332 1733 3607 1827; baseline 0.004 -26"><span class='ocrx_word' id='word_1_228' title='bbox 332 1746 504 1802; x_wconf 86' lang='lat' dir='ltr'><strong>altum</strong></span> <span class='ocrx_word' id='word_1_229' title='bbox 554 1744 722 1800; x_wconf 84' lang='lat' dir='ltr'><strong>deﬁxi</strong></span> <span class='ocrx_word' id='word_1_230' title='bbox 765 1763 784 1797; x_wconf 74' lang='grc' dir='ltr'><strong><em>ι</em></strong></span> <span class='ocrx_word' id='word_1_231' title='bbox 837 1745 854 1814; x_wconf 94' lang='grc'>(</span> <span class='ocrx_word' id='word_1_232' title='bbox 881 1744 1050 1802; x_wconf 89' lang='lat' dir='ltr'><strong>solido</strong></span> <span class='ocrx_word' id='word_1_233' title='bbox 1083 1743 1430 1800; x_wconf 81' lang='lat' dir='ltr'><strong>fundamento</strong></span> <span class='ocrx_word' id='word_1_234' title='bbox 1482 1743 1606 1799; x_wconf 91' lang='lat' dir='ltr'><strong>ﬁdei</strong></span> <span class='ocrx_word' id='word_1_235' title='bbox 1641 1743 1921 1798; x_wconf 52' lang='lat' dir='ltr'><strong>catholica</strong></span> <span class='ocrx_word' id='word_1_236' title='bbox 1948 1733 1996 1796; x_wconf 88' lang='grc' dir='ltr'><strong>Β</strong></span> <span class='ocrx_word' id='word_1_237' title='bbox 2025 1733 2180 1806; x_wconf 86' lang='lat' dir='ltr'><strong>ratur</strong></span> <span class='ocrx_word' id='word_1_238' title='bbox 2208 1751 2311 1806; x_wconf 90' lang='lat' dir='ltr'><strong>hac</strong></span> <span class='ocrx_word' id='word_1_239' title='bbox 2340 1733 2395 1806; x_wconf 86' lang='lat' dir='ltr'><strong>in</strong></span> <span class='ocrx_word' id='word_1_240' title='bbox 2418 1766 2478 1806; x_wconf 87' lang='lat' dir='ltr'><strong>re</strong></span> <span class='ocrx_word' id='word_1_241' title='bbox 2505 1752 2932 1827; x_wconf 86' lang='lat' dir='ltr'><strong>pauperrimum)</strong></span> <span class='ocrx_word' id='word_1_242' title='bbox 2966 1753 3261 1823; x_wconf 83' lang='lat' dir='ltr'><strong>laboravit;</strong></span> <span class='ocrx_word' id='word_1_243' title='bbox 3299 1775 3404 1814; x_wconf 90' lang='lat' dir='ltr'><strong>non</strong></span> <span class='ocrx_word' id='word_1_244' title='bbox 3435 1759 3607 1816; x_wconf 89' lang='lat' dir='ltr'><strong>solum</strong></span> 
     </span>
    </p>
   </div>
   <div class='ocr_carea' id='block_1_32' title="bbox 332 1834 1918 1906">
    <p class='ocr_par' dir='ltr' id='par_1_32' title="bbox 332 1834 1918 1906">
     <span class='ocr_line' id='line_1_32' title="bbox 332 1834 1918 1906; baseline -0.004 -12"><span class='ocrx_word' id='word_1_245' title='bbox 332 1840 614 1895; x_wconf 87' lang='lat' dir='ltr'><strong>substrato</strong></span> <span class='ocrx_word' id='word_1_246' title='bbox 639 1876 656 1902; x_wconf 90' lang='lat'><strong>,</strong></span> <span class='ocrx_word' id='word_1_247' title='bbox 708 1852 816 1892; x_wconf 90' lang='lat' dir='ltr'><strong>non</strong></span> <span class='ocrx_word' id='word_1_248' title='bbox 847 1836 902 1890; x_wconf 91' lang='lat' dir='ltr'><strong>in</strong></span> <span class='ocrx_word' id='word_1_249' title='bbox 937 1834 1224 1906; x_wconf 89' lang='lat' dir='ltr'><strong>ﬂuetivago</strong></span> <span class='ocrx_word' id='word_1_250' title='bbox 1249 1837 1498 1890; x_wconf 84' lang='lat' dir='ltr'><strong>humanae</strong></span> <span class='ocrx_word' id='word_1_251' title='bbox 1529 1835 1804 1904; x_wconf 71' lang='lat' dir='ltr'><strong>sapientia:</strong></span> <span class='ocrx_word' id='word_1_252' title='bbox 1833 1849 1918 1888; x_wconf 83' lang='lat' dir='ltr'><strong>sa—</strong></span> 
     </span>
    </p>
   </div>
   <div class='ocr_carea' id='block_1_33' title="bbox 332 1926 1911 1999">
    <p class='ocr_par' dir='ltr' id='par_1_33' title="bbox 332 1926 1911 1999">
     <span class='ocr_line' id='line_1_33' title="bbox 332 1926 1911 1999; baseline -0.006 -13"><span class='ocrx_word' id='word_1_253' title='bbox 332 1929 485 1999; x_wconf 88' lang='lat' dir='ltr'><strong>bulo)</strong></span> <span class='ocrx_word' id='word_1_254' title='bbox 516 1948 533 1979; x_wconf 78' lang='grc' dir='ltr'>ι</span> <span class='ocrx_word' id='word_1_255' title='bbox 571 1944 694 1999; x_wconf 70' lang='lat' dir='ltr'><strong>qua:</strong></span> <span class='ocrx_word' id='word_1_256' title='bbox 733 1942 832 1997; x_wconf 93' lang='lat' dir='ltr'><strong>per</strong></span> <span class='ocrx_word' id='word_1_257' title='bbox 860 1928 1242 1999; x_wconf 90' lang='lat' dir='ltr'><strong>magistrorum</strong></span> <span class='ocrx_word' id='word_1_258' title='bbox 1271 1926 1555 1982; x_wconf 81' lang='lat' dir='ltr'><strong>consilium</strong></span> <span class='ocrx_word' id='word_1_259' title='bbox 1587 1927 1708 1981; x_wconf 90' lang='lat' dir='ltr'><strong>data</strong></span> <span class='ocrx_word' id='word_1_260' title='bbox 1741 1935 1866 1980; x_wconf 86' lang='lat' dir='ltr'><strong>sunt</strong></span> <span class='ocrx_word' id='word_1_261' title='bbox 1893 1945 1911 1976; x_wconf 74' lang='grc' dir='ltr'><strong><em>ι</em></strong></span> 
     </span>
    </p>
   </div>
   <div class='ocr_carea' id='block_1_34' title="bbox 332 2017 1916 2091">
    <p class='ocr_par' dir='ltr' id='par_1_34' title="bbox 332 2017 1916 2091">
     <span class='ocr_line' id='line_1_34' title="bbox 332 2017 1916 2091; baseline -0.004 -16"><span class='ocrx_word' id='word_1_262' title='bbox 332 2022 487 2091; x_wconf 84' lang='lat' dir='ltr'><strong>(dum</strong></span> <span class='ocrx_word' id='word_1_263' title='bbox 515 2035 624 2085; x_wconf 82' lang='lat' dir='ltr'><strong>non</strong></span> <span class='ocrx_word' id='word_1_264' title='bbox 669 2020 958 2088; x_wconf 90' lang='lat' dir='ltr'><strong>unicuique</strong></span> <span class='ocrx_word' id='word_1_265' title='bbox 1009 2018 1135 2073; x_wconf 88' lang='lat' dir='ltr'><strong>licet</strong></span> <span class='ocrx_word' id='word_1_266' title='bbox 1184 2019 1250 2072; x_wconf 91' lang='lat' dir='ltr'><strong>de</strong></span> <span class='ocrx_word' id='word_1_267' title='bbox 1290 2019 1451 2072; x_wconf 89' lang='lat' dir='ltr'><strong>rebus</strong></span> <span class='ocrx_word' id='word_1_268' title='bbox 1509 2017 1705 2072; x_wconf 84' lang='lat' dir='ltr'><strong>divinis</strong></span> <span class='ocrx_word' id='word_1_269' title='bbox 1759 2025 1916 2087; x_wconf 90' lang='lat' dir='ltr'><strong>prout</strong></span> 
     </span>
    </p>
   </div>
   <div class='ocr_carea' id='block_1_35' title="bbox 330 2108 1911 2180">
    <p class='ocr_par' dir='ltr' id='par_1_35' title="bbox 330 2108 1911 2180">
     <span class='ocr_line' id='line_1_35' title="bbox 330 2108 1911 2180; baseline -0.004 -14"><span class='ocrx_word' id='word_1_270' title='bbox 330 2111 470 2166; x_wconf 88' lang='lat' dir='ltr'><strong>libet</strong></span> <span class='ocrx_word' id='word_1_271' title='bbox 491 2111 754 2176; x_wconf 81' lang='lat' dir='ltr'><strong>lascivire,</strong></span> <span class='ocrx_word' id='word_1_272' title='bbox 777 2110 870 2166; x_wconf 86' lang='lat' dir='ltr'><strong>sed</strong></span> <span class='ocrx_word' id='word_1_273' title='bbox 889 2110 956 2164; x_wconf 90' lang='lat' dir='ltr'><strong>ad</strong></span> <span class='ocrx_word' id='word_1_274' title='bbox 970 2117 1174 2166; x_wconf 91' lang='lat' dir='ltr'><strong>certam</strong></span> <span class='ocrx_word' id='word_1_275' title='bbox 1200 2109 1439 2180; x_wconf 86' lang='lat' dir='ltr'><strong>regulam</strong></span> <span class='ocrx_word' id='word_1_276' title='bbox 1461 2108 1608 2178; x_wconf 88' lang='lat' dir='ltr'><strong>loqui</strong></span> <span class='ocrx_word' id='word_1_277' title='bbox 1631 2117 1911 2178; x_wconf 80' lang='lat' dir='ltr'><strong>coguntur:</strong></span> 
     </span>
    </p>
   </div>
   <div class='ocr_carea' id='block_1_36' title="bbox 326 2201 1918 2274">
    <p class='ocr_par' dir='ltr' id='par_1_36' title="bbox 326 2201 1918 2274">
     <span class='ocr_line' id='line_1_36' title="bbox 326 2201 1918 2274; baseline -0.004 -14"><span class='ocrx_word' id='word_1_278' title='bbox 326 2220 440 2260; x_wconf 81' lang='lat' dir='ltr'><strong>nec</strong></span> <span class='ocrx_word' id='word_1_279' title='bbox 475 2209 638 2259; x_wconf 86' lang='lat' dir='ltr'><strong>suum</strong></span> <span class='ocrx_word' id='word_1_280' title='bbox 660 2203 928 2274; x_wconf 87' lang='lat' dir='ltr'><strong>quispiam</strong></span> <span class='ocrx_word' id='word_1_281' title='bbox 951 2244 966 2269; x_wconf 95' lang='lat'><strong>,</strong></span> <span class='ocrx_word' id='word_1_282' title='bbox 993 2202 1095 2258; x_wconf 89' lang='lat' dir='ltr'><strong>etsi</strong></span> <span class='ocrx_word' id='word_1_283' title='bbox 1129 2216 1355 2271; x_wconf 85' lang='lat' dir='ltr'><strong>magnus</strong></span> <span class='ocrx_word' id='word_1_284' title='bbox 1380 2201 1449 2255; x_wconf 89' lang='lat' dir='ltr'><strong>sit</strong></span> <span class='ocrx_word' id='word_1_285' title='bbox 1477 2201 1594 2266; x_wconf 89' lang='lat' dir='ltr'><strong>ille,</strong></span> <span class='ocrx_word' id='word_1_286' title='bbox 1624 2211 1716 2254; x_wconf 91' lang='lat' dir='ltr'><strong>aut</strong></span> <span class='ocrx_word' id='word_1_287' title='bbox 1746 2201 1918 2254; x_wconf 81' lang='lat' dir='ltr'><strong>maxi-</strong></span> 
     </span>
    </p>
   </div>
   <div class='ocr_carea' id='block_1_37' title="bbox 329 2292 1916 2364">
    <p class='ocr_par' dir='ltr' id='par_1_37' title="bbox 329 2292 1916 2364">
     <span class='ocr_line' id='line_1_37' title="bbox 329 2292 1916 2364; baseline -0.002 -15"><span class='ocrx_word' id='word_1_288' title='bbox 329 2310 458 2350; x_wconf 85' lang='lat' dir='ltr'><strong>mus</strong></span> <span class='ocrx_word' id='word_1_289' title='bbox 480 2334 497 2359; x_wconf 93' lang='lat'><strong>,</strong></span> <span class='ocrx_word' id='word_1_290' title='bbox 528 2295 758 2350; x_wconf 85' lang='lat' dir='ltr'><strong>aliorum</strong></span> <span class='ocrx_word' id='word_1_291' title='bbox 790 2294 1003 2364; x_wconf 89' lang='lat' dir='ltr'><strong>piorum</strong></span> <span class='ocrx_word' id='word_1_292' title='bbox 1053 2292 1342 2348; x_wconf 89' lang='lat' dir='ltr'><strong>consensui</strong></span> <span class='ocrx_word' id='word_1_293' title='bbox 1391 2292 1644 2361; x_wconf 64' lang='lat' dir='ltr'><strong>praeferre</strong></span> <span class='ocrx_word' id='word_1_294' title='bbox 1674 2293 1834 2347; x_wconf 89' lang='lat' dir='ltr'><strong>audet</strong></span> <span class='ocrx_word' id='word_1_295' title='bbox 1863 2301 1916 2346; x_wconf 92' lang='lat' dir='ltr'><strong>et</strong></span> 
     </span>
    </p>
   </div>
   <div class='ocr_carea' id='block_1_38' title="bbox 329 2383 1915 2457">
    <p class='ocr_par' dir='ltr' id='par_1_38' title="bbox 329 2383 1915 2457">
     <span class='ocr_line' id='line_1_38' title="bbox 329 2383 1915 2457; baseline -0.002 -16"><span class='ocrx_word' id='word_1_296' title='bbox 329 2394 624 2457; x_wconf 84' lang='lat' dir='ltr'><strong>propterea</strong></span> <span class='ocrx_word' id='word_1_297' title='bbox 655 2386 979 2440; x_wconf 89' lang='lat' dir='ltr'><strong>submittunt</strong></span> <span class='ocrx_word' id='word_1_298' title='bbox 1019 2400 1077 2440; x_wconf 89' lang='lat' dir='ltr'><strong>se</strong></span> <span class='ocrx_word' id='word_1_299' title='bbox 1121 2383 1324 2440; x_wconf 86' lang='lat' dir='ltr'><strong>vicario</strong></span> <span class='ocrx_word' id='word_1_300' title='bbox 1363 2383 1588 2449; x_wconf 80' lang='lat' dir='ltr'><strong>Christi,</strong></span> <span class='ocrx_word' id='word_1_301' title='bbox 1627 2399 1724 2454; x_wconf 89' lang='lat' dir='ltr'><strong>per</strong></span> <span class='ocrx_word' id='word_1_302' title='bbox 1755 2399 1915 2454; x_wconf 89' lang='lat' dir='ltr'><strong>quem</strong></span> 
     </span>
    </p>
   </div>
   <div class='ocr_carea' id='block_1_39' title="bbox 328 2475 1918 2548">
    <p class='ocr_par' dir='ltr' id='par_1_39' title="bbox 328 2475 1918 2548">
     <span class='ocr_line' id='line_1_39' title="bbox 328 2475 1918 2548; baseline -0.003 -15"><span class='ocrx_word' id='word_1_303' title='bbox 328 2477 570 2548; x_wconf 84' lang='lat' dir='ltr'><strong>Spiritus</strong></span> <span class='ocrx_word' id='word_1_304' title='bbox 595 2483 814 2532; x_wconf 85' lang='lat' dir='ltr'><strong>sanctus</strong></span> <span class='ocrx_word' id='word_1_305' title='bbox 860 2476 1000 2547; x_wconf 89' lang='lat' dir='ltr'><strong>regit</strong></span> <span class='ocrx_word' id='word_1_306' title='bbox 1031 2476 1339 2531; x_wconf 90' lang='lat' dir='ltr'><strong>docentium</strong></span> <span class='ocrx_word' id='word_1_307' title='bbox 1387 2475 1628 2546; x_wconf 82' lang='lat' dir='ltr'><strong>linguam</strong></span> <span class='ocrx_word' id='word_1_308' title='bbox 1676 2483 1732 2530; x_wconf 92' lang='lat' dir='ltr'><strong>et</strong></span> <span class='ocrx_word' id='word_1_309' title='bbox 1774 2475 1918 2530; x_wconf 86' lang='lat' dir='ltr'><strong>cala-</strong></span> 
     </span>
    </p>
   </div>
   <div class='ocr_carea' id='block_1_40' title="bbox 325 2566 1916 2638">
    <p class='ocr_par' dir='ltr' id='par_1_40' title="bbox 325 2566 1916 2638">
     <span class='ocr_line' id='line_1_40' title="bbox 325 2566 1916 2638; baseline -0.003 -14"><span class='ocrx_word' id='word_1_310' title='bbox 325 2583 500 2634; x_wconf 88' lang='lat' dir='ltr'><strong>mum,</strong></span> <span class='ocrx_word' id='word_1_311' title='bbox 545 2576 606 2622; x_wconf 93' lang='lat' dir='ltr'><strong>ut</strong></span> <span class='ocrx_word' id='word_1_312' title='bbox 653 2577 964 2624; x_wconf 90' lang='lat' dir='ltr'><strong>mereantur</strong></span> <span class='ocrx_word' id='word_1_313' title='bbox 1008 2569 1257 2638; x_wconf 88' lang='lat' dir='ltr'><strong>accipere</strong></span> <span class='ocrx_word' id='word_1_314' title='bbox 1291 2566 1536 2622; x_wconf 90' lang='lat' dir='ltr'><strong>deiﬁcam</strong></span> <span class='ocrx_word' id='word_1_315' title='bbox 1568 2566 1812 2621; x_wconf 91' lang='lat' dir='ltr'><strong>veritatis</strong></span> <span class='ocrx_word' id='word_1_316' title='bbox 1836 2567 1916 2621; x_wconf 91' lang='lat' dir='ltr'><strong>lu-</strong></span> 
     </span>
    </p>
   </div>
   <div class='ocr_carea' id='block_1_41' title="bbox 327 2657 1911 2731">
    <p class='ocr_par' dir='ltr' id='par_1_41' title="bbox 327 2657 1911 2731">
     <span class='ocr_line' id='line_1_41' title="bbox 327 2657 1911 2731; baseline -0.003 -14"><span class='ocrx_word' id='word_1_317' title='bbox 327 2659 469 2731; x_wconf 82' lang='lat' dir='ltr'><strong>cem)</strong></span> <span class='ocrx_word' id='word_1_318' title='bbox 506 2678 524 2710; x_wconf 76' lang='grc' dir='ltr'>ι</span> <span class='ocrx_word' id='word_1_319' title='bbox 557 2675 586 2714; x_wconf 90' lang='lat' dir='ltr'><strong>a</strong></span> <span class='ocrx_word' id='word_1_320' title='bbox 615 2659 844 2716; x_wconf 86' lang='lat' dir='ltr'><strong>Pastore</strong></span> <span class='ocrx_word' id='word_1_321' title='bbox 873 2674 1014 2724; x_wconf 91' lang='lat' dir='ltr'><strong>uno,</strong></span> <span class='ocrx_word' id='word_1_322' title='bbox 1050 2679 1070 2712; x_wconf 84' lang='grc'><strong>›</strong></span> <span class='ocrx_word' id='word_1_323' title='bbox 1099 2659 1193 2728; x_wconf 88' lang='lat' dir='ltr'><strong>qui</strong></span> <span class='ocrx_word' id='word_1_324' title='bbox 1227 2668 1310 2713; x_wconf 89' lang='lat' dir='ltr'><strong>est</strong></span> <span class='ocrx_word' id='word_1_325' title='bbox 1337 2657 1664 2727; x_wconf 79' lang='lat' dir='ltr'><strong>Redemptor</strong></span> <span class='ocrx_word' id='word_1_326' title='bbox 1706 2667 1911 2712; x_wconf 90' lang='lat' dir='ltr'><strong>noster.</strong></span> 
     </span>
    </p>
   </div>
   <div class='ocr_carea' id='block_1_42' title="bbox 329 2750 1914 2817">
    <p class='ocr_par' dir='ltr' id='par_1_42' title="bbox 329 2750 1914 2817">
     <span class='ocr_line' id='line_1_42' title="bbox 329 2750 1914 2817; baseline -0.004 -8"><span class='ocrx_word' id='word_1_327' title='bbox 329 2754 424 2810; x_wconf 79' lang='lat' dir='ltr'><strong>Isti</strong></span> <span class='ocrx_word' id='word_1_328' title='bbox 471 2763 651 2808; x_wconf 88' lang='lat' dir='ltr'><strong>autem</strong></span> <span class='ocrx_word' id='word_1_329' title='bbox 695 2753 951 2808; x_wconf 82' lang='lat' dir='ltr'><strong>novitatis</strong></span> <span class='ocrx_word' id='word_1_330' title='bbox 996 2751 1384 2817; x_wconf 88' lang='lat' dir='ltr'><strong>admiratores,</strong></span> <span class='ocrx_word' id='word_1_331' title='bbox 1421 2770 1439 2802; x_wconf 87' lang='grc'><strong><em>‹</em></strong></span> <span class='ocrx_word' id='word_1_332' title='bbox 1475 2765 1660 2804; x_wconf 88' lang='lat' dir='ltr'><strong>sanam</strong></span> <span class='ocrx_word' id='word_1_333' title='bbox 1712 2750 1914 2806; x_wconf 86' lang='lat' dir='ltr'><strong>doctri-</strong></span> 
     </span>
    </p>
   </div>
   <div class='ocr_carea' id='block_1_43' title="bbox 326 2843 1916 2915">
    <p class='ocr_par' dir='ltr' id='par_1_43' title="bbox 326 2843 1916 2915">
     <span class='ocr_line' id='line_1_43' title="bbox 326 2843 1916 2915; baseline -0.003 -13"><span class='ocrx_word' id='word_1_334' title='bbox 326 2861 456 2902; x_wconf 85' lang='lat' dir='ltr'><strong>nam</strong></span> <span class='ocrx_word' id='word_1_335' title='bbox 492 2865 512 2898; x_wconf 77' lang='grc' dir='ltr'><strong><em>ι</em></strong></span> <span class='ocrx_word' id='word_1_336' title='bbox 551 2845 899 2915; x_wconf 87' lang='lat' dir='ltr'><strong>antiquorum</strong></span> <span class='ocrx_word' id='word_1_337' title='bbox 931 2864 950 2894; x_wconf 83' lang='grc'><strong><em>‹</em></strong></span> <span class='ocrx_word' id='word_1_338' title='bbox 980 2859 1090 2898; x_wconf 90' lang='lat' dir='ltr'><strong>non</strong></span> <span class='ocrx_word' id='word_1_339' title='bbox 1125 2843 1474 2910; x_wconf 83' lang='lat' dir='ltr'><strong>sustinentes,</strong></span> <span class='ocrx_word' id='word_1_340' title='bbox 1507 2861 1525 2893; x_wconf 85' lang='grc'><strong>›</strong></span> <span class='ocrx_word' id='word_1_341' title='bbox 1569 2843 1663 2898; x_wconf 90' lang='lat' dir='ltr'><strong>sed</strong></span> <span class='ocrx_word' id='word_1_342' title='bbox 1708 2843 1775 2897; x_wconf 90' lang='lat' dir='ltr'><strong>ad</strong></span> <span class='ocrx_word' id='word_1_343' title='bbox 1819 2857 1916 2898; x_wconf 88' lang='lat' dir='ltr'><strong>sua</strong></span> 
     </span>
    </p>
   </div>
   <div class='ocr_carea' id='block_1_44' title="bbox 326 2936 1912 2994">
    <p class='ocr_par' dir='ltr' id='par_1_44' title="bbox 326 2936 1912 2994">
     <span class='ocr_line' id='line_1_44' title="bbox 326 2936 1912 2994; baseline -0.004 0"><span class='ocrx_word' id='word_1_344' title='bbox 326 2937 598 2994; x_wconf 80' lang='lat' dir='ltr'><strong>desideria</strong></span> <span class='ocrx_word' id='word_1_345' title='bbox 640 2937 942 2993; x_wconf 83' lang='lat' dir='ltr'><strong>doctrinam</strong></span> <span class='ocrx_word' id='word_1_346' title='bbox 984 2936 1230 2990; x_wconf 88' lang='lat' dir='ltr'><strong>veritatis</strong></span> <span class='ocrx_word' id='word_1_347' title='bbox 1273 2937 1646 2990; x_wconf 79' lang='lat' dir='ltr'><strong>examinantes</strong></span> <span class='ocrx_word' id='word_1_348' title='bbox 1690 2943 1744 2988; x_wconf 91' lang='lat' dir='ltr'><strong>et</strong></span> <span class='ocrx_word' id='word_1_349' title='bbox 1781 2949 1912 2988; x_wconf 84' lang='lat' dir='ltr'><strong>exa-</strong></span> 
     </span>
    </p>
   </div>
   <div class='ocr_carea' id='block_1_45' title="bbox 325 3027 1984 3104">
    <p class='ocr_par' dir='ltr' id='par_1_45' title="bbox 325 3027 1984 3104">
     <span class='ocr_line' id='line_1_45' title="bbox 325 3027 1984 3104; baseline -0.005 -18"><span class='ocrx_word' id='word_1_350' title='bbox 325 3030 622 3094; x_wconf 84' lang='lat' dir='ltr'><strong>nimantes,</strong></span> <span class='ocrx_word' id='word_1_351' title='bbox 657 3046 674 3079; x_wconf 77' lang='grc' dir='ltr'>σ</span> <span class='ocrx_word' id='word_1_352' title='bbox 706 3035 1032 3083; x_wconf 88' lang='lat' dir='ltr'><strong>coacervant</strong></span> <span class='ocrx_word' id='word_1_353' title='bbox 1066 3027 1166 3082; x_wconf 91' lang='lat' dir='ltr'><strong>sibi</strong></span> <span class='ocrx_word' id='word_1_354' title='bbox 1201 3027 1509 3097; x_wconf 85' lang='lat' dir='ltr'><strong>magistros,</strong></span> <span class='ocrx_word' id='word_1_355' title='bbox 1539 3047 1557 3079; x_wconf 73' lang='grc' dir='ltr'><strong><em>ι</em></strong></span> <span class='ocrx_word' id='word_1_356' title='bbox 1593 3041 1696 3081; x_wconf 86' lang='grc' dir='ltr'><strong>ιιοη</strong></span> <span class='ocrx_word' id='word_1_357' title='bbox 1731 3033 1911 3080; x_wconf 87' lang='lat' dir='ltr'><strong>atten-</strong></span> <span class='ocrx_word' id='word_1_358' title='bbox 1937 3077 1984 3104; x_wconf 58' lang='grc' dir='ltr'><strong><em>η</em></strong></span> 
     </span>
    </p>
   </div>
   <div class='ocr_carea' id='block_1_46' title="bbox 330 3118 1904 3188">
    <p class='ocr_par' dir='ltr' id='par_1_46' title="bbox 330 3118 1904 3188">
     <span class='ocr_line' id='line_1_46' title="bbox 330 3118 1904 3188; baseline -0.005 -12"><span class='ocrx_word' id='word_1_359' title='bbox 330 3121 522 3177; x_wconf 87' lang='lat' dir='ltr'><strong>dentes</strong></span> <span class='ocrx_word' id='word_1_360' title='bbox 551 3120 853 3174; x_wconf 88' lang='lat' dir='ltr'><strong>animarum</strong></span> <span class='ocrx_word' id='word_1_361' title='bbox 884 3119 1053 3184; x_wconf 89' lang='lat' dir='ltr'><strong>lucro,</strong></span> <span class='ocrx_word' id='word_1_362' title='bbox 1087 3119 1180 3173; x_wconf 89' lang='lat' dir='ltr'><strong>sed</strong></span> <span class='ocrx_word' id='word_1_363' title='bbox 1220 3138 1237 3169; x_wconf 72' lang='grc' dir='ltr'>ι</span> <span class='ocrx_word' id='word_1_364' title='bbox 1274 3119 1580 3188; x_wconf 88' lang='lat' dir='ltr'><strong>prurientes</strong></span> <span class='ocrx_word' id='word_1_365' title='bbox 1612 3118 1863 3181; x_wconf 90' lang='lat' dir='ltr'><strong>auribus,</strong></span> <span class='ocrx_word' id='word_1_366' title='bbox 1887 3136 1904 3168; x_wconf 76' lang='grc' dir='ltr'>ι</span> 
     </span>
    </p>
   </div>
   <div class='ocr_carea' id='block_1_47' title="bbox 329 3209 1906 3281">
    <p class='ocr_par' dir='ltr' id='par_1_47' title="bbox 329 3209 1906 3281">
     <span class='ocr_line' id='line_1_47' title="bbox 329 3209 1906 3281; baseline -0.004 -16"><span class='ocrx_word' id='word_1_367' title='bbox 329 3219 390 3266; x_wconf 89' lang='lat' dir='ltr'><strong>ut</strong></span> <span class='ocrx_word' id='word_1_368' title='bbox 431 3211 661 3281; x_wconf 87' lang='lat' dir='ltr'><strong>proinde</strong></span> <span class='ocrx_word' id='word_1_369' title='bbox 705 3209 890 3266; x_wconf 88' lang='lat' dir='ltr'><strong>mirari</strong></span> <span class='ocrx_word' id='word_1_370' title='bbox 933 3225 1038 3264; x_wconf 90' lang='lat' dir='ltr'><strong>non</strong></span> <span class='ocrx_word' id='word_1_371' title='bbox 1072 3210 1142 3264; x_wconf 89' lang='lat' dir='ltr'><strong>sit</strong></span> <span class='ocrx_word' id='word_1_372' title='bbox 1169 3223 1402 3278; x_wconf 71' lang='lat' dir='ltr'><strong>acquum,</strong></span> <span class='ocrx_word' id='word_1_373' title='bbox 1434 3210 1478 3263; x_wconf 91' lang='lat' dir='ltr'><strong>si</strong></span> <span class='ocrx_word' id='word_1_374' title='bbox 1514 3227 1532 3259; x_wconf 87' lang='grc'><strong><em>‹</em></strong></span> <span class='ocrx_word' id='word_1_375' title='bbox 1565 3224 1595 3262; x_wconf 91' lang='lat' dir='ltr'><strong>a</strong></span> <span class='ocrx_word' id='word_1_376' title='bbox 1627 3209 1855 3263; x_wconf 88' lang='lat' dir='ltr'><strong>veritate</strong></span> <span class='ocrx_word' id='word_1_377' title='bbox 1888 3226 1906 3259; x_wconf 74' lang='grc' dir='ltr'><strong><em>ι</em></strong></span> 
     </span>
    </p>
   </div>
   <div class='ocr_carea' id='block_1_48' title="bbox 326 3300 1912 3372">
    <p class='ocr_par' dir='ltr' id='par_1_48' title="bbox 326 3300 1912 3372">
     <span class='ocr_line' id='line_1_48' title="bbox 326 3300 1912 3372; baseline -0.002 -16"><span class='ocrx_word' id='word_1_378' title='bbox 326 3303 544 3372; x_wconf 82' lang='lat' dir='ltr'><strong>quidem</strong></span> <span class='ocrx_word' id='word_1_379' title='bbox 588 3301 820 3372; x_wconf 89' lang='lat' dir='ltr'><strong>simplici</strong></span> <span class='ocrx_word' id='word_1_380' title='bbox 865 3309 920 3356; x_wconf 92' lang='lat' dir='ltr'><strong>et</strong></span> <span class='ocrx_word' id='word_1_381' title='bbox 947 3301 1117 3356; x_wconf 89' lang='lat' dir='ltr'><strong>solida</strong></span> <span class='ocrx_word' id='word_1_382' title='bbox 1150 3320 1167 3352; x_wconf 85' lang='grc'>‹</span> <span class='ocrx_word' id='word_1_383' title='bbox 1204 3302 1444 3355; x_wconf 90' lang='lat' dir='ltr'><strong>auditum</strong></span> <span class='ocrx_word' id='word_1_384' title='bbox 1491 3310 1799 3356; x_wconf 83' lang='lat' dir='ltr'><strong>avertentes</strong></span> <span class='ocrx_word' id='word_1_385' title='bbox 1846 3300 1912 3354; x_wconf 88' lang='lat' dir='ltr'><strong>ad</strong></span> 
     </span>
    </p>
   </div>
   <div class='ocr_carea' id='block_1_49' title="bbox 326 3391 1910 3463">
    <p class='ocr_par' dir='ltr' id='par_1_49' title="bbox 326 3391 1910 3463">
     <span class='ocr_line' id='line_1_49' title="bbox 326 3391 1910 3463; baseline -0.001 -15"><span class='ocrx_word' id='word_1_386' title='bbox 326 3393 538 3454; x_wconf 67' lang='lat' dir='ltr'><strong>tabulas</strong></span> <span class='ocrx_word' id='word_1_387' title='bbox 568 3414 587 3448; x_wconf 77' lang='grc' dir='ltr'><strong><em>ι</em></strong></span> <span class='ocrx_word' id='word_1_388' title='bbox 630 3403 685 3450; x_wconf 91' lang='lat' dir='ltr'><strong>et</strong></span> <span class='ocrx_word' id='word_1_389' title='bbox 710 3394 982 3462; x_wconf 86' lang='lat' dir='ltr'><strong>picturata</strong></span> <span class='ocrx_word' id='word_1_390' title='bbox 1007 3393 1318 3463; x_wconf 85' lang='lat' dir='ltr'><strong>opinionum</strong></span> <span class='ocrx_word' id='word_1_391' title='bbox 1344 3391 1594 3448; x_wconf 84' lang='lat' dir='ltr'><strong>feralium</strong></span> <span class='ocrx_word' id='word_1_392' title='bbox 1641 3392 1910 3448; x_wconf 88' lang='lat' dir='ltr'><strong>lenocinia</strong></span> 
     </span>
    </p>
   </div>
   <div class='ocr_carea' id='block_1_50' title="bbox 326 3484 1218 3548">
    <p class='ocr_par' dir='ltr' id='par_1_50' title="bbox 326 3484 1218 3548">
     <span class='ocr_line' id='line_1_50' title="bbox 326 3484 1218 3548; baseline -0.001 -10"><span class='ocrx_word' id='word_1_393' title='bbox 326 3493 440 3548; x_wconf 79' lang='lat' dir='ltr'><strong>toto</strong></span> <span class='ocrx_word' id='word_1_394' title='bbox 475 3484 671 3540; x_wconf 83' lang='lat' dir='ltr'><strong>aﬂ‘ectu</strong></span> <span class='ocrx_word' id='word_1_395' title='bbox 707 3503 724 3534; x_wconf 77' lang='grc' dir='ltr'>ι</span> <span class='ocrx_word' id='word_1_396' title='bbox 758 3493 1166 3539; x_wconf 87' lang='lat' dir='ltr'><strong>convertantur.</strong></span> <span class='ocrx_word' id='word_1_397' title='bbox 1199 3504 1218 3537; x_wconf 83' lang='grc'><strong>›</strong></span> 
     </span>
    </p>
   </div>
   <div class='ocr_carea' id='block_1_51' title="bbox 397 3595 1910 3667">
    <p class='ocr_par' dir='ltr' id='par_1_51' title="bbox 397 3595 1910 3667">
     <span class='ocr_line' id='line_1_51' title="bbox 397 3595 1910 3667; baseline 0.001 -18"><span class='ocrx_word' id='word_1_398' title='bbox 397 3595 518 3651; x_wconf 86' lang='lat' dir='ltr'><strong>Tibi</strong></span> <span class='ocrx_word' id='word_1_399' title='bbox 542 3611 695 3667; x_wconf 88' lang='lat' dir='ltr'><strong>ergo,</strong></span> <span class='ocrx_word' id='word_1_400' title='bbox 724 3595 897 3651; x_wconf 89' lang='lat' dir='ltr'><strong>lector</strong></span> <span class='ocrx_word' id='word_1_401' title='bbox 921 3595 1216 3660; x_wconf 52' lang='lat' dir='ltr'><strong>catlto&#39;lce,</strong></span> <span class='ocrx_word' id='word_1_402' title='bbox 1248 3595 1374 3651; x_wconf 90' lang='lat' dir='ltr'><strong>ﬁdei</strong></span> <span class='ocrx_word' id='word_1_403' title='bbox 1403 3597 1636 3665; x_wconf 72' lang='lat' dir='ltr'><strong>antiqua:</strong></span> <span class='ocrx_word' id='word_1_404' title='bbox 1665 3607 1720 3650; x_wconf 89' lang='lat' dir='ltr'><strong>et</strong></span> <span class='ocrx_word' id='word_1_405' title='bbox 1754 3596 1910 3650; x_wconf 75' lang='lat' dir='ltr'><strong>avita:</strong></span> 
     </span>
    </p>
   </div>
   <div class='ocr_carea' id='block_1_52' title="bbox 327 3687 1906 3758">
    <p class='ocr_par' dir='ltr' id='par_1_52' title="bbox 327 3687 1906 3758">
     <span class='ocr_line' id='line_1_52' title="bbox 327 3687 1906 3758; baseline -0.001 -14"><span class='ocrx_word' id='word_1_406' title='bbox 327 3688 502 3744; x_wconf 87' lang='lat' dir='ltr'><strong>cultor</strong></span> <span class='ocrx_word' id='word_1_407' title='bbox 534 3697 701 3758; x_wconf 88' lang='lat' dir='ltr'><strong>atque</strong></span> <span class='ocrx_word' id='word_1_408' title='bbox 735 3689 1054 3751; x_wconf 72' lang='lat' dir='ltr'><strong>admirator,</strong></span> <span class='ocrx_word' id='word_1_409' title='bbox 1084 3687 1237 3742; x_wconf 83' lang='lat' dir='ltr'><strong>labor</strong></span> <span class='ocrx_word' id='word_1_410' title='bbox 1267 3688 1355 3744; x_wconf 90' lang='lat' dir='ltr'><strong>hic</strong></span> <span class='ocrx_word' id='word_1_411' title='bbox 1386 3697 1567 3744; x_wconf 89' lang='lat' dir='ltr'><strong>noster</strong></span> <span class='ocrx_word' id='word_1_412' title='bbox 1596 3688 1906 3742; x_wconf 87' lang='lat' dir='ltr'><strong>desudavit:</strong></span> 
     </span>
    </p>
   </div>
   <div class='ocr_carea' id='block_1_53' title="bbox 324 3778 1908 3856">
    <p class='ocr_par' dir='ltr' id='par_1_53' title="bbox 324 3778 1908 3856">
     <span class='ocr_line' id='line_1_53' title="bbox 324 3778 1908 3856; baseline -0.002 -21"><span class='ocrx_word' id='word_1_413' title='bbox 324 3789 385 3835; x_wconf 88' lang='lat' dir='ltr'><strong>ut</strong></span> <span class='ocrx_word' id='word_1_414' title='bbox 422 3781 550 3834; x_wconf 89' lang='lat' dir='ltr'><strong>dum</strong></span> <span class='ocrx_word' id='word_1_415' title='bbox 582 3779 672 3834; x_wconf 90' lang='lat' dir='ltr'><strong>alii</strong></span> <span class='ocrx_word' id='word_1_416' title='bbox 702 3779 1026 3836; x_wconf 81' lang='lat' dir='ltr'><strong>excellentes</strong></span> <span class='ocrx_word' id='word_1_417' title='bbox 1074 3779 1328 3834; x_wconf 78' lang='lat' dir='ltr'><strong>Ecclesiae</strong></span> <span class='ocrx_word' id='word_1_418' title='bbox 1356 3796 1499 3834; x_wconf 90' lang='lat' dir='ltr'><strong>nunc</strong></span> <span class='ocrx_word' id='word_1_419' title='bbox 1538 3778 1780 3834; x_wconf 87' lang='lat' dir='ltr'><strong>ﬂorentis</strong></span> <span class='ocrx_word' id='word_1_420' title='bbox 1811 3780 1908 3856; x_wconf 53' lang='lat' dir='ltr'><strong>do;</strong></span> 
     </span>
    </p>
   </div>
   <div class='ocr_carea' id='block_1_54' title="bbox 325 3869 1906 3941">
    <p class='ocr_par' dir='ltr' id='par_1_54' title="bbox 325 3869 1906 3941">
     <span class='ocr_line' id='line_1_54' title="bbox 325 3869 1906 3941; baseline -0.003 -15"><span class='ocrx_word' id='word_1_421' title='bbox 325 3879 507 3926; x_wconf 86' lang='lat' dir='ltr'><strong>ctores</strong></span> <span class='ocrx_word' id='word_1_422' title='bbox 535 3886 756 3925; x_wconf 91' lang='lat' dir='ltr'><strong>suorum</strong></span> <span class='ocrx_word' id='word_1_423' title='bbox 789 3871 1128 3941; x_wconf 85' lang='lat' dir='ltr'><strong>ingeniorum</strong></span> <span class='ocrx_word' id='word_1_424' title='bbox 1160 3870 1376 3925; x_wconf 86' lang='lat' dir='ltr'><strong>divitias</strong></span> <span class='ocrx_word' id='word_1_425' title='bbox 1406 3881 1568 3939; x_wconf 88' lang='lat' dir='ltr'><strong>atque</strong></span> <span class='ocrx_word' id='word_1_426' title='bbox 1619 3885 1771 3923; x_wconf 87' lang='lat' dir='ltr'><strong>arma</strong></span> <span class='ocrx_word' id='word_1_427' title='bbox 1812 3869 1906 3924; x_wconf 92' lang='lat' dir='ltr'><strong>tibi</strong></span> 
     </span>
    </p>
   </div>
   <div class='ocr_carea' id='block_1_55' title="bbox 325 3961 1909 4031">
    <p class='ocr_par' dir='ltr' id='par_1_55' title="bbox 325 3961 1909 4031">
     <span class='ocr_line' id='line_1_55' title="bbox 325 3961 1909 4031; baseline 0 -15"><span class='ocrx_word' id='word_1_428' title='bbox 325 3971 696 4031; x_wconf 53' lang='lat' dir='ltr'><strong>expromunt&#39;,</strong></span> <span class='ocrx_word' id='word_1_429' title='bbox 729 3963 871 4018; x_wconf 91' lang='lat' dir='ltr'><strong>unde</strong></span> <span class='ocrx_word' id='word_1_430' title='bbox 913 3962 1154 4016; x_wconf 87' lang='lat' dir='ltr'><strong>munitus</strong></span> <span class='ocrx_word' id='word_1_431' title='bbox 1187 3961 1384 4016; x_wconf 90' lang='lat' dir='ltr'><strong>bellum</strong></span> <span class='ocrx_word' id='word_1_432' title='bbox 1419 3971 1610 4031; x_wconf 89' lang='lat' dir='ltr'><strong>potens</strong></span> <span class='ocrx_word' id='word_1_433' title='bbox 1659 3970 1715 4016; x_wconf 91' lang='lat' dir='ltr'><strong>et</strong></span> <span class='ocrx_word' id='word_1_434' title='bbox 1759 3963 1909 4016; x_wconf 90' lang='lat' dir='ltr'><strong>inde-</strong></span> 
     </span>
    </p>
   </div>
   <div class='ocr_carea' id='block_1_56' title="bbox 323 4053 1906 4122">
    <p class='ocr_par' dir='ltr' id='par_1_56' title="bbox 323 4053 1906 4122">
     <span class='ocr_line' id='line_1_56' title="bbox 323 4053 1906 4122; baseline -0.001 -14"><span class='ocrx_word' id='word_1_435' title='bbox 323 4053 527 4108; x_wconf 73' lang='lat' dir='ltr'><strong>fessum</strong></span> <span class='ocrx_word' id='word_1_436' title='bbox 573 4053 821 4108; x_wconf 88' lang='lat' dir='ltr'><strong>hostibus</strong></span> <span class='ocrx_word' id='word_1_437' title='bbox 884 4053 1006 4108; x_wconf 87' lang='lat' dir='ltr'><strong>ﬁdei</strong></span> <span class='ocrx_word' id='word_1_438' title='bbox 1059 4053 1339 4108; x_wconf 62' lang='lat' dir='ltr'><strong>catholicae</strong></span> <span class='ocrx_word' id='word_1_439' title='bbox 1393 4061 1552 4122; x_wconf 90' lang='lat' dir='ltr'><strong>atque</strong></span> <span class='ocrx_word' id='word_1_440' title='bbox 1605 4054 1906 4108; x_wconf 89' lang='lat' dir='ltr'><strong>animarum</strong></span> 
     </span>
    </p>
   </div>
   <div class='ocr_carea' id='block_1_57' title="bbox 321 4144 1908 4216">
    <p class='ocr_par' dir='ltr' id='par_1_57' title="bbox 321 4144 1908 4216">
     <span class='ocr_line' id='line_1_57' title="bbox 321 4144 1908 4216; baseline 0.001 -18"><span class='ocrx_word' id='word_1_441' title='bbox 321 4145 718 4216; x_wconf 60' lang='lat' dir='ltr'><strong>praedatoribus</strong></span> <span class='ocrx_word' id='word_1_442' title='bbox 758 4145 966 4201; x_wconf 92' lang='lat' dir='ltr'><strong>indicas</strong></span> <span class='ocrx_word' id='word_1_443' title='bbox 997 4163 1010 4199; x_wconf 90' lang='lat'><strong>:</strong></span> <span class='ocrx_word' id='word_1_444' title='bbox 1039 4144 1202 4200; x_wconf 88' lang='lat' dir='ltr'><strong>etiam</strong></span> <span class='ocrx_word' id='word_1_445' title='bbox 1233 4145 1424 4200; x_wconf 74' lang='lat' dir='ltr'><strong>mediae</strong></span> <span class='ocrx_word' id='word_1_446' title='bbox 1451 4145 1628 4200; x_wconf 72' lang='lat' dir='ltr'><strong>aetatis</strong></span> <span class='ocrx_word' id='word_1_447' title='bbox 1675 4146 1908 4216; x_wconf 89' lang='lat' dir='ltr'><strong>optimos</strong></span> 
     </span>
    </p>
   </div>
   <div class='ocr_carea' id='block_1_58' title="bbox 2021 1841 3609 1920">
    <p class='ocr_par' dir='ltr' id='par_1_58' title="bbox 2021 1841 3609 1920">
     <span class='ocr_line' id='line_1_58' title="bbox 2021 1841 3609 1920; baseline 0.006 -24"><span class='ocrx_word' id='word_1_448' title='bbox 2021 1856 2342 1912; x_wconf 87' lang='lat' dir='ltr'><strong>magnarum</strong></span> <span class='ocrx_word' id='word_1_449' title='bbox 2375 1841 2682 1913; x_wconf 89' lang='lat' dir='ltr'><strong>vigiliarum</strong></span> <span class='ocrx_word' id='word_1_450' title='bbox 2705 1885 2718 1907; x_wconf 89' lang='lat'><strong>,</strong></span> <span class='ocrx_word' id='word_1_451' title='bbox 2749 1845 2845 1899; x_wconf 88' lang='lat' dir='ltr'><strong>sed</strong></span> <span class='ocrx_word' id='word_1_452' title='bbox 2873 1844 3038 1900; x_wconf 90' lang='lat' dir='ltr'><strong>etiam</strong></span> <span class='ocrx_word' id='word_1_453' title='bbox 3067 1861 3446 1916; x_wconf 74' lang='lat' dir='ltr'><strong>expensorum,</strong></span> <span class='ocrx_word' id='word_1_454' title='bbox 3474 1865 3609 1920; x_wconf 90' lang='lat' dir='ltr'><strong>quas</strong></span> 
     </span>
    </p>
   </div>
   <div class='ocr_carea' id='block_1_59' title="bbox 2021 1934 3609 2012">
    <p class='ocr_par' dir='ltr' id='par_1_59' title="bbox 2021 1934 3609 2012">
     <span class='ocr_line' id='line_1_59' title="bbox 2021 1934 3609 2012; baseline 0.006 -23"><span class='ocrx_word' id='word_1_455' title='bbox 2021 1935 2310 2006; x_wconf 83' lang='lat' dir='ltr'><strong>Oportebat</strong></span> <span class='ocrx_word' id='word_1_456' title='bbox 2360 1934 2637 1990; x_wconf 73' lang='lat' dir='ltr'><strong>eﬂ‘undere</strong></span> <span class='ocrx_word' id='word_1_457' title='bbox 2692 1939 2747 1991; x_wconf 91' lang='lat' dir='ltr'><strong>in</strong></span> <span class='ocrx_word' id='word_1_458' title='bbox 2793 1938 2966 1993; x_wconf 88' lang='lat' dir='ltr'><strong>sacris</strong></span> <span class='ocrx_word' id='word_1_459' title='bbox 3017 1939 3330 1997; x_wconf 88' lang='lat' dir='ltr'><strong>doctoribus</strong></span> <span class='ocrx_word' id='word_1_460' title='bbox 3370 1942 3609 2012; x_wconf 90' lang='lat' dir='ltr'><strong>undique</strong></span> 
     </span>
    </p>
   </div>
   <div class='ocr_carea' id='block_1_60' title="bbox 2021 2026 3610 2096">
    <p class='ocr_par' dir='ltr' id='par_1_60' title="bbox 2021 2026 3610 2096">
     <span class='ocr_line' id='line_1_60' title="bbox 2021 2026 3610 2096; baseline 0.005 -15"><span class='ocrx_word' id='word_1_461' title='bbox 2021 2026 2411 2096; x_wconf 89' lang='lat' dir='ltr'><strong>conquirendis</strong></span> <span class='ocrx_word' id='word_1_462' title='bbox 2441 2035 2496 2082; x_wconf 92' lang='lat' dir='ltr'><strong>et</strong></span> <span class='ocrx_word' id='word_1_463' title='bbox 2521 2027 2918 2094; x_wconf 90' lang='lat' dir='ltr'><strong>describendis,</strong></span> <span class='ocrx_word' id='word_1_464' title='bbox 2951 2045 3074 2085; x_wconf 89' lang='lat' dir='ltr'><strong>cum</strong></span> <span class='ocrx_word' id='word_1_465' title='bbox 3099 2033 3337 2088; x_wconf 91' lang='lat' dir='ltr'><strong>nondum</strong></span> <span class='ocrx_word' id='word_1_466' title='bbox 3358 2041 3503 2089; x_wconf 89' lang='lat' dir='ltr'><strong>esset</strong></span> <span class='ocrx_word' id='word_1_467' title='bbox 3526 2034 3610 2090; x_wconf 91' lang='lat' dir='ltr'><strong>in-</strong></span> 
     </span>
    </p>
   </div>
   <div class='ocr_carea' id='block_1_61' title="bbox 2019 2119 3608 2194">
    <p class='ocr_par' dir='ltr' id='par_1_61' title="bbox 2019 2119 3608 2194">
     <span class='ocr_line' id='line_1_61' title="bbox 2019 2119 3608 2194; baseline 0.006 -23"><span class='ocrx_word' id='word_1_468' title='bbox 2019 2127 2180 2174; x_wconf 89' lang='lat' dir='ltr'><strong>venta</strong></span> <span class='ocrx_word' id='word_1_469' title='bbox 2215 2119 2567 2190; x_wconf 86' lang='lat' dir='ltr'><strong>typographia</strong></span> <span class='ocrx_word' id='word_1_470' title='bbox 2592 2119 2730 2186; x_wconf 67' lang='lat' dir='ltr'><strong>haec,</strong></span> <span class='ocrx_word' id='word_1_471' title='bbox 2756 2121 3156 2194; x_wconf 84' lang='lat' dir='ltr'><strong>thaumaturgia</strong></span> <span class='ocrx_word' id='word_1_472' title='bbox 3185 2123 3442 2180; x_wconf 91' lang='lat' dir='ltr'><strong>librorum</strong></span> <span class='ocrx_word' id='word_1_473' title='bbox 3471 2125 3608 2182; x_wconf 88' lang='lat' dir='ltr'><strong>mul-</strong></span> 
     </span>
    </p>
   </div>
   <div class='ocr_carea' id='block_1_62' title="bbox 2020 2208 3605 2287">
    <p class='ocr_par' dir='ltr' id='par_1_62' title="bbox 2020 2208 3605 2287">
     <span class='ocr_line' id='line_1_62' title="bbox 2020 2208 3605 2287; baseline 0.004 -23"><span class='ocrx_word' id='word_1_474' title='bbox 2020 2208 2338 2278; x_wconf 84' lang='lat' dir='ltr'><strong>tiplicatrix,</strong></span> <span class='ocrx_word' id='word_1_475' title='bbox 2378 2224 2498 2279; x_wconf 70' lang='lat' dir='ltr'><strong>qua:</strong></span> <span class='ocrx_word' id='word_1_476' title='bbox 2550 2209 2714 2281; x_wconf 91' lang='lat' dir='ltr'><strong>(sicut</strong></span> <span class='ocrx_word' id='word_1_477' title='bbox 2744 2211 2832 2266; x_wconf 87' lang='lat' dir='ltr'><strong>ille</strong></span> <span class='ocrx_word' id='word_1_478' title='bbox 2875 2210 3092 2267; x_wconf 86' lang='lat' dir='ltr'><strong>dicebat</strong></span> <span class='ocrx_word' id='word_1_479' title='bbox 3139 2213 3206 2269; x_wconf 90' lang='lat' dir='ltr'><strong>de</strong></span> <span class='ocrx_word' id='word_1_480' title='bbox 3236 2213 3358 2269; x_wconf 82' lang='lat' dir='ltr'><strong>Nilo</strong></span> <span class='ocrx_word' id='word_1_481' title='bbox 3384 2214 3605 2287; x_wconf 69' lang='lat' dir='ltr'><strong>Egypti</strong></span> 
     </span>
    </p>
   </div>
   <div class='ocr_carea' id='block_1_63' title="bbox 2016 2301 3604 2386">
    <p class='ocr_par' dir='ltr' id='par_1_63' title="bbox 2016 2301 3604 2386">
     <span class='ocr_line' id='line_1_63' title="bbox 2016 2301 3604 2386; baseline 0.005 -30"><span class='ocrx_word' id='word_1_482' title='bbox 2016 2301 2275 2373; x_wconf 86' lang='lat' dir='ltr'><strong>rigatore)</strong></span> <span class='ocrx_word' id='word_1_483' title='bbox 2321 2301 2558 2357; x_wconf 90' lang='lat' dir='ltr'><strong>devolvit</strong></span> <span class='ocrx_word' id='word_1_484' title='bbox 2604 2318 2788 2358; x_wconf 87' lang='lat' dir='ltr'><strong>secum</strong></span> <span class='ocrx_word' id='word_1_485' title='bbox 2841 2303 3053 2358; x_wconf 88' lang='lat' dir='ltr'><strong>inﬁnita</strong></span> <span class='ocrx_word' id='word_1_486' title='bbox 3105 2304 3256 2362; x_wconf 77' lang='grc' dir='ltr'><strong>ἴσθλα</strong></span> <span class='ocrx_word' id='word_1_487' title='bbox 3305 2310 3387 2364; x_wconf 72' lang='grc' dir='ltr'><strong>καὶ</strong></span> <span class='ocrx_word' id='word_1_488' title='bbox 3432 2308 3563 2386; x_wconf 72' lang='grc' dir='ltr'><strong>ὗργα</strong></span> <span class='ocrx_word' id='word_1_489' title='bbox 3590 2349 3604 2373; x_wconf 83' lang='grc'><em>,</em></span> 
     </span>
    </p>
   </div>
   <div class='ocr_carea' id='block_1_64' title="bbox 2019 2395 3606 2470">
    <p class='ocr_par' dir='ltr' id='par_1_64' title="bbox 2019 2395 3606 2470">
     <span class='ocr_line' id='line_1_64' title="bbox 2019 2395 3606 2470; baseline 0.001 -19"><span class='ocrx_word' id='word_1_490' title='bbox 2019 2395 2306 2451; x_wconf 89' lang='lat' dir='ltr'><strong>commoda</strong></span> <span class='ocrx_word' id='word_1_491' title='bbox 2356 2403 2410 2450; x_wconf 89' lang='lat' dir='ltr'><strong>et</strong></span> <span class='ocrx_word' id='word_1_492' title='bbox 2451 2395 2817 2462; x_wconf 89' lang='lat' dir='ltr'><strong>incommoda,</strong></span> <span class='ocrx_word' id='word_1_493' title='bbox 2843 2396 3042 2464; x_wconf 90' lang='lat' dir='ltr'><strong>probos</strong></span> <span class='ocrx_word' id='word_1_494' title='bbox 3069 2405 3124 2450; x_wconf 90' lang='lat' dir='ltr'><strong>et</strong></span> <span class='ocrx_word' id='word_1_495' title='bbox 3153 2398 3345 2452; x_wconf 80' lang='lat' dir='ltr'><strong>noxios</strong></span> <span class='ocrx_word' id='word_1_496' title='bbox 3375 2400 3606 2470; x_wconf 87' lang='lat' dir='ltr'><strong>scripto-</strong></span> 
     </span>
    </p>
   </div>
   <div class='ocr_carea' id='block_1_65' title="bbox 2017 2488 3606 2558">
    <p class='ocr_par' dir='ltr' id='par_1_65' title="bbox 2017 2488 3606 2558">
     <span class='ocr_line' id='line_1_65' title="bbox 2017 2488 3606 2558; baseline 0.001 -12"><span class='ocrx_word' id='word_1_497' title='bbox 2017 2505 2130 2546; x_wconf 88' lang='lat' dir='ltr'><strong>res.</strong></span> <span class='ocrx_word' id='word_1_498' title='bbox 2143 2488 2310 2558; x_wconf 85' lang='lat' dir='ltr'><strong>Cujus</strong></span> <span class='ocrx_word' id='word_1_499' title='bbox 2329 2489 2463 2544; x_wconf 87' lang='lat' dir='ltr'><strong>artis</strong></span> <span class='ocrx_word' id='word_1_500' title='bbox 2478 2488 2741 2544; x_wconf 87' lang='lat' dir='ltr'><strong>beneﬁcio</strong></span> <span class='ocrx_word' id='word_1_501' title='bbox 2761 2488 3166 2544; x_wconf 87' lang='lat' dir='ltr'><strong>laudatissimus</strong></span> <span class='ocrx_word' id='word_1_502' title='bbox 3188 2488 3279 2544; x_wconf 90' lang='lat' dir='ltr'><strong>ille</strong></span> <span class='ocrx_word' id='word_1_503' title='bbox 3299 2489 3606 2547; x_wconf 89' lang='lat' dir='ltr'><strong>collectoris</strong></span> 
     </span>
    </p>
   </div>
   <div class='ocr_carea' id='block_1_66' title="bbox 2017 2579 3607 2653">
    <p class='ocr_par' dir='ltr' id='par_1_66' title="bbox 2017 2579 3607 2653">
     <span class='ocr_line' id='line_1_66' title="bbox 2017 2579 3607 2653; baseline 0.001 -17"><span class='ocrx_word' id='word_1_504' title='bbox 2017 2580 2174 2637; x_wconf 89' lang='lat' dir='ltr'><strong>labor</strong></span> <span class='ocrx_word' id='word_1_505' title='bbox 2195 2582 2370 2653; x_wconf 91' lang='lat' dir='ltr'><strong>possit</strong></span> <span class='ocrx_word' id='word_1_506' title='bbox 2393 2581 2656 2636; x_wconf 88' lang='lat' dir='ltr'><strong>illustrior</strong></span> <span class='ocrx_word' id='word_1_507' title='bbox 2677 2579 3078 2652; x_wconf 80' lang='lat' dir='ltr'><strong>perfectiorque</strong></span> <span class='ocrx_word' id='word_1_508' title='bbox 3099 2580 3216 2636; x_wconf 89' lang='lat' dir='ltr'><strong>ﬁeri</strong></span> <span class='ocrx_word' id='word_1_509' title='bbox 3239 2581 3607 2652; x_wconf 88' lang='lat' dir='ltr'><strong>superadditis</strong></span> 
     </span>
    </p>
   </div>
   <div class='ocr_carea' id='block_1_67' title="bbox 2019 2673 3605 2744">
    <p class='ocr_par' dir='ltr' id='par_1_67' title="bbox 2019 2673 3605 2744">
     <span class='ocr_line' id='line_1_67' title="bbox 2019 2673 3605 2744; baseline -0.002 -12"><span class='ocrx_word' id='word_1_510' title='bbox 2019 2682 2252 2744; x_wconf 83' lang='lat' dir='ltr'><strong>apteque</strong></span> <span class='ocrx_word' id='word_1_511' title='bbox 2277 2675 2496 2728; x_wconf 78' lang='lat' dir='ltr'><strong>attextis</strong></span> <span class='ocrx_word' id='word_1_512' title='bbox 2538 2673 2658 2727; x_wconf 90' lang='lat' dir='ltr'><strong>aliis</strong></span> <span class='ocrx_word' id='word_1_513' title='bbox 2701 2682 3013 2728; x_wconf 89' lang='lat' dir='ltr'><strong>sanctorum</strong></span> <span class='ocrx_word' id='word_1_514' title='bbox 3042 2673 3265 2728; x_wconf 91' lang='lat' dir='ltr'><strong>Patrum</strong></span> <span class='ocrx_word' id='word_1_515' title='bbox 3306 2675 3605 2744; x_wconf 73' lang='lat' dir='ltr'><strong>expositio-</strong></span> 
     </span>
    </p>
   </div>
   <div class='ocr_carea' id='block_1_68' title="bbox 2019 2765 3602 2837">
    <p class='ocr_par' dir='ltr' id='par_1_68' title="bbox 2019 2765 3602 2837">
     <span class='ocr_line' id='line_1_68' title="bbox 2019 2765 3602 2837; baseline 0 -15"><span class='ocrx_word' id='word_1_516' title='bbox 2019 2768 2213 2835; x_wconf 88' lang='lat' dir='ltr'><strong>nibus,</strong></span> <span class='ocrx_word' id='word_1_517' title='bbox 2252 2782 2374 2837; x_wconf 70' lang='lat' dir='ltr'><strong>qute</strong></span> <span class='ocrx_word' id='word_1_518' title='bbox 2412 2767 2480 2820; x_wconf 90' lang='lat' dir='ltr'><strong>ad</strong></span> <span class='ocrx_word' id='word_1_519' title='bbox 2537 2781 2815 2822; x_wconf 89' lang='lat' dir='ltr'><strong>sacrarum</strong></span> <span class='ocrx_word' id='word_1_520' title='bbox 2850 2766 3168 2837; x_wconf 84' lang='lat' dir='ltr'><strong>paginarum</strong></span> <span class='ocrx_word' id='word_1_521' title='bbox 3212 2767 3457 2822; x_wconf 79' lang='lat' dir='ltr'><strong>facerent</strong></span> <span class='ocrx_word' id='word_1_522' title='bbox 3486 2765 3602 2822; x_wconf 90' lang='lat' dir='ltr'><strong>elu-</strong></span> 
     </span>
    </p>
   </div>
   <div class='ocr_carea' id='block_1_69' title="bbox 2018 2861 3607 2934">
    <p class='ocr_par' dir='ltr' id='par_1_69' title="bbox 2018 2861 3607 2934">
     <span class='ocr_line' id='line_1_69' title="bbox 2018 2861 3607 2934; baseline -0.001 -16"><span class='ocrx_word' id='word_1_523' title='bbox 2018 2864 2391 2924; x_wconf 88' lang='lat' dir='ltr'><strong>cidationem:</strong></span> <span class='ocrx_word' id='word_1_524' title='bbox 2429 2863 2576 2933; x_wconf 89' lang='lat' dir='ltr'><strong>quod</strong></span> <span class='ocrx_word' id='word_1_525' title='bbox 2617 2863 2671 2916; x_wconf 90' lang='lat' dir='ltr'><strong>in</strong></span> <span class='ocrx_word' id='word_1_526' title='bbox 2719 2862 3029 2934; x_wconf 89' lang='lat' dir='ltr'><strong>evangelica</strong></span> <span class='ocrx_word' id='word_1_527' title='bbox 3082 2861 3308 2917; x_wconf 88' lang='lat' dir='ltr'><strong>historia</strong></span> <span class='ocrx_word' id='word_1_528' title='bbox 3356 2862 3607 2931; x_wconf 66' lang='lat' dir='ltr'><strong>praestitit</strong></span> 
     </span>
    </p>
   </div>
   <div class='ocr_carea' id='block_1_70' title="bbox 2017 2950 3605 3022">
    <p class='ocr_par' dir='ltr' id='par_1_70' title="bbox 2017 2950 3605 3022">
     <span class='ocr_line' id='line_1_70' title="bbox 2017 2950 3605 3022; baseline 0 -14"><span class='ocrx_word' id='word_1_529' title='bbox 2017 2954 2258 3014; x_wconf 84' lang='lat' dir='ltr'><strong>divinum</strong></span> <span class='ocrx_word' id='word_1_530' title='bbox 2291 2951 2513 3008; x_wconf 67' lang='lat' dir='ltr'><strong>Thomte</strong></span> <span class='ocrx_word' id='word_1_531' title='bbox 2541 2952 2827 3022; x_wconf 86' lang='lat' dir='ltr'><strong>Aquinatis</strong></span> <span class='ocrx_word' id='word_1_532' title='bbox 2877 2952 3152 3022; x_wconf 86' lang='lat' dir='ltr'><strong>ingenium</strong></span> <span class='ocrx_word' id='word_1_533' title='bbox 3178 2992 3193 3017; x_wconf 92' lang='lat'><strong>,</strong></span> <span class='ocrx_word' id='word_1_534' title='bbox 3243 2959 3299 3006; x_wconf 89' lang='lat' dir='ltr'><strong>et</strong></span> <span class='ocrx_word' id='word_1_535' title='bbox 3328 2951 3383 3005; x_wconf 93' lang='lat' dir='ltr'><strong>in</strong></span> <span class='ocrx_word' id='word_1_536' title='bbox 3419 2950 3605 3008; x_wconf 85' lang='lat' dir='ltr'><strong>multis</strong></span> 
     </span>
    </p>
   </div>
   <div class='ocr_carea' id='block_1_71' title="bbox 2019 3041 3604 3115">
    <p class='ocr_par' dir='ltr' id='par_1_71' title="bbox 2019 3041 3604 3115">
     <span class='ocr_line' id='line_1_71' title="bbox 2019 3041 3604 3115; baseline 0.001 -16"><span class='ocrx_word' id='word_1_537' title='bbox 2019 3043 2313 3115; x_wconf 71' lang='lat' dir='ltr'><strong>Scriptura:</strong></span> <span class='ocrx_word' id='word_1_538' title='bbox 2351 3042 2506 3098; x_wconf 91' lang='lat' dir='ltr'><strong>libris</strong></span> <span class='ocrx_word' id='word_1_539' title='bbox 2540 3043 2872 3098; x_wconf 90' lang='lat' dir='ltr'><strong>recentiores</strong></span> <span class='ocrx_word' id='word_1_540' title='bbox 2910 3041 3118 3108; x_wconf 76' lang='lat' dir='ltr'><strong>Graeci,</strong></span> <span class='ocrx_word' id='word_1_541' title='bbox 3151 3052 3207 3097; x_wconf 89' lang='lat' dir='ltr'><strong>et</strong></span> <span class='ocrx_word' id='word_1_542' title='bbox 3232 3042 3604 3112; x_wconf 85' lang='lat' dir='ltr'><strong>copiosissime</strong></span> 
     </span>
    </p>
   </div>
   <div class='ocr_carea' id='block_1_72' title="bbox 2015 3137 3606 3208">
    <p class='ocr_par' dir='ltr' id='par_1_72' title="bbox 2015 3137 3606 3208">
     <span class='ocr_line' id='line_1_72' title="bbox 2015 3137 3606 3208; baseline -0.001 -13"><span class='ocrx_word' id='word_1_543' title='bbox 2015 3139 2070 3195; x_wconf 92' lang='lat' dir='ltr'><strong>in</strong></span> <span class='ocrx_word' id='word_1_544' title='bbox 2107 3137 2304 3195; x_wconf 89' lang='lat' dir='ltr'><strong>Genesi</strong></span> <span class='ocrx_word' id='word_1_545' title='bbox 2339 3149 2502 3208; x_wconf 90' lang='lat' dir='ltr'><strong>atque</strong></span> <span class='ocrx_word' id='word_1_546' title='bbox 2542 3138 2727 3192; x_wconf 84' lang='lat' dir='ltr'><strong>Exodo</strong></span> <span class='ocrx_word' id='word_1_547' title='bbox 2765 3137 3111 3193; x_wconf 90' lang='lat' dir='ltr'><strong>doctissimus</strong></span> <span class='ocrx_word' id='word_1_548' title='bbox 3143 3137 3370 3192; x_wconf 80' lang='lat' dir='ltr'><strong>Veronae</strong></span> <span class='ocrx_word' id='word_1_549' title='bbox 3395 3137 3606 3206; x_wconf 89' lang='lat' dir='ltr'><strong>episco-</strong></span> 
     </span>
    </p>
   </div>
   <div class='ocr_carea' id='block_1_73' title="bbox 2015 3227 3606 3302">
    <p class='ocr_par' dir='ltr' id='par_1_73' title="bbox 2015 3227 3606 3302">
     <span class='ocr_line' id='line_1_73' title="bbox 2015 3227 3606 3302; baseline -0.001 -17"><span class='ocrx_word' id='word_1_550' title='bbox 2015 3247 2115 3302; x_wconf 89' lang='lat' dir='ltr'><strong>pus</strong></span> <span class='ocrx_word' id='word_1_551' title='bbox 2145 3229 2557 3301; x_wconf 82' lang='lat' dir='ltr'><strong>Lypomannus;</strong></span> <span class='ocrx_word' id='word_1_552' title='bbox 2591 3240 2645 3284; x_wconf 91' lang='lat' dir='ltr'><strong>et</strong></span> <span class='ocrx_word' id='word_1_553' title='bbox 2698 3244 2797 3284; x_wconf 92' lang='lat' dir='ltr'><strong>nos</strong></span> <span class='ocrx_word' id='word_1_554' title='bbox 2844 3229 3008 3283; x_wconf 88' lang='lat' dir='ltr'><strong>etiam</strong></span> <span class='ocrx_word' id='word_1_555' title='bbox 3054 3227 3215 3293; x_wconf 83' lang='lat' dir='ltr'><strong>forte,</strong></span> <span class='ocrx_word' id='word_1_556' title='bbox 3270 3231 3430 3283; x_wconf 92' lang='lat' dir='ltr'><strong>modo</strong></span> <span class='ocrx_word' id='word_1_557' title='bbox 3461 3228 3606 3284; x_wconf 87' lang='lat' dir='ltr'><strong>Deus</strong></span> 
     </span>
    </p>
   </div>
   <div class='ocr_carea' id='block_1_74' title="bbox 2013 3320 3604 3392">
    <p class='ocr_par' dir='ltr' id='par_1_74' title="bbox 2013 3320 3604 3392">
     <span class='ocr_line' id='line_1_74' title="bbox 2013 3320 3604 3392; baseline -0.001 -14"><span class='ocrx_word' id='word_1_558' title='bbox 2013 3325 2181 3378; x_wconf 89' lang='lat' dir='ltr'><strong>vitam</strong></span> <span class='ocrx_word' id='word_1_559' title='bbox 2227 3323 2479 3392; x_wconf 89' lang='lat' dir='ltr'><strong>viresque</strong></span> <span class='ocrx_word' id='word_1_560' title='bbox 2502 3321 2754 3386; x_wconf 84' lang='lat' dir='ltr'><strong>dederit,</strong></span> <span class='ocrx_word' id='word_1_561' title='bbox 2777 3321 3070 3391; x_wconf 88' lang='lat' dir='ltr'><strong>aliquando</strong></span> <span class='ocrx_word' id='word_1_562' title='bbox 3115 3321 3462 3375; x_wconf 88' lang='lat' dir='ltr'><strong>tentabimus.</strong></span> <span class='ocrx_word' id='word_1_563' title='bbox 3496 3320 3604 3376; x_wconf 91' lang='lat' dir='ltr'><strong>Sed</strong></span> 
     </span>
    </p>
   </div>
   <div class='ocr_carea' id='block_1_75' title="bbox 2015 3410 3603 3482">
    <p class='ocr_par' dir='ltr' id='par_1_75' title="bbox 2015 3410 3603 3482">
     <span class='ocr_line' id='line_1_75' title="bbox 2015 3410 3603 3482; baseline -0.004 -10"><span class='ocrx_word' id='word_1_564' title='bbox 2015 3415 2224 3476; x_wconf 85' lang='lat' dir='ltr'><strong>interea</strong></span> <span class='ocrx_word' id='word_1_565' title='bbox 2252 3421 2454 3477; x_wconf 89' lang='lat' dir='ltr'><strong>tamen,</strong></span> <span class='ocrx_word' id='word_1_566' title='bbox 2473 3428 2579 3467; x_wconf 85' lang='lat' dir='ltr'><strong>non</strong></span> <span class='ocrx_word' id='word_1_567' title='bbox 2603 3412 2727 3482; x_wconf 89' lang='lat' dir='ltr'><strong>quia</strong></span> <span class='ocrx_word' id='word_1_568' title='bbox 2749 3411 2953 3482; x_wconf 85' lang='lat' dir='ltr'><strong>aliquid</strong></span> <span class='ocrx_word' id='word_1_569' title='bbox 2978 3411 3094 3468; x_wconf 89' lang='lat' dir='ltr'><strong>ﬁeri</strong></span> <span class='ocrx_word' id='word_1_570' title='bbox 3121 3410 3603 3482; x_wconf 85' lang='lat' dir='ltr'><strong>potestperl‘cctius</strong></span> 
     </span>
    </p>
   </div>
   <div class='ocr_carea' id='block_1_76' title="bbox 2015 3501 3602 3578">
    <p class='ocr_par' dir='ltr' id='par_1_76' title="bbox 2015 3501 3602 3578">
     <span class='ocr_line' id='line_1_76' title="bbox 2015 3501 3602 3578; baseline -0.001 -18"><span class='ocrx_word' id='word_1_571' title='bbox 2015 3507 2096 3578; x_wconf 92' lang='lat' dir='ltr'><strong>(ut</strong></span> <span class='ocrx_word' id='word_1_572' title='bbox 2151 3505 2466 3560; x_wconf 80' lang='lat' dir='ltr'><strong>facillimum</strong></span> <span class='ocrx_word' id='word_1_573' title='bbox 2526 3513 2612 3558; x_wconf 90' lang='lat' dir='ltr'><strong>est</strong></span> <span class='ocrx_word' id='word_1_574' title='bbox 2656 3503 2891 3557; x_wconf 87' lang='lat' dir='ltr'><strong>inventis</strong></span> <span class='ocrx_word' id='word_1_575' title='bbox 2941 3504 3169 3566; x_wconf 87' lang='lat' dir='ltr'><strong>addere,</strong></span> <span class='ocrx_word' id='word_1_576' title='bbox 3231 3501 3602 3558; x_wconf 80' lang='lat' dir='ltr'><strong>diﬂicillimum</strong></span> 
     </span>
    </p>
   </div>
   <div class='ocr_carea' id='block_1_77' title="bbox 2011 3592 3603 3669">
    <p class='ocr_par' dir='ltr' id='par_1_77' title="bbox 2011 3592 3603 3669">
     <span class='ocr_line' id='line_1_77' title="bbox 2011 3592 3603 3669; baseline -0.001 -19"><span class='ocrx_word' id='word_1_577' title='bbox 2011 3597 2188 3669; x_wconf 90' lang='lat' dir='ltr'><strong>primo</strong></span> <span class='ocrx_word' id='word_1_578' title='bbox 2232 3594 2530 3665; x_wconf 88' lang='lat' dir='ltr'><strong>invenire),</strong></span> <span class='ocrx_word' id='word_1_579' title='bbox 2571 3595 2690 3647; x_wconf 91' lang='lat' dir='ltr'><strong>ideo</strong></span> <span class='ocrx_word' id='word_1_580' title='bbox 2737 3593 3119 3664; x_wconf 79' lang='lat' dir='ltr'><strong>negligendum</strong></span> <span class='ocrx_word' id='word_1_581' title='bbox 3169 3593 3269 3647; x_wconf 80' lang='lat' dir='ltr'><strong>fuit</strong></span> <span class='ocrx_word' id='word_1_582' title='bbox 3325 3601 3417 3648; x_wconf 92' lang='lat' dir='ltr'><strong>aut</strong></span> <span class='ocrx_word' id='word_1_583' title='bbox 3468 3592 3603 3663; x_wconf 84' lang='lat' dir='ltr'><strong>abji-</strong></span> 
     </span>
    </p>
   </div>
   <div class='ocr_carea' id='block_1_78' title="bbox 2015 3681 3600 3754">
    <p class='ocr_par' dir='ltr' id='par_1_78' title="bbox 2015 3681 3600 3754">
     <span class='ocr_line' id='line_1_78' title="bbox 2015 3681 3600 3754; baseline -0.001 -12"><span class='ocrx_word' id='word_1_584' title='bbox 2015 3687 2269 3742; x_wconf 92' lang='lat' dir='ltr'><strong>ciendum</strong></span> <span class='ocrx_word' id='word_1_585' title='bbox 2291 3684 2495 3740; x_wconf 67' lang='lat' dir='ltr'><strong>Glossa:</strong></span> <span class='ocrx_word' id='word_1_586' title='bbox 2526 3681 2683 3752; x_wconf 87' lang='lat' dir='ltr'><strong>hujus</strong></span> <span class='ocrx_word' id='word_1_587' title='bbox 2707 3698 2864 3753; x_wconf 90' lang='lat' dir='ltr'><strong>opus,</strong></span> <span class='ocrx_word' id='word_1_588' title='bbox 2903 3683 3044 3752; x_wconf 92' lang='lat' dir='ltr'><strong>quod</strong></span> <span class='ocrx_word' id='word_1_589' title='bbox 3084 3683 3318 3754; x_wconf 89' lang='lat' dir='ltr'><strong>primum</strong></span> <span class='ocrx_word' id='word_1_590' title='bbox 3358 3683 3600 3740; x_wconf 91' lang='lat' dir='ltr'><strong>omnium</strong></span> 
     </span>
    </p>
   </div>
   <div class='ocr_carea' id='block_1_79' title="bbox 2011 3774 3603 3848">
    <p class='ocr_par' dir='ltr' id='par_1_79' title="bbox 2011 3774 3603 3848">
     <span class='ocr_line' id='line_1_79' title="bbox 2011 3774 3603 3848; baseline -0.001 -16"><span class='ocrx_word' id='word_1_591' title='bbox 2011 3788 2230 3838; x_wconf 86' lang='lat' dir='ltr'><strong>sanctos</strong></span> <span class='ocrx_word' id='word_1_592' title='bbox 2256 3777 2466 3841; x_wconf 88' lang='lat' dir='ltr'><strong>Patres,</strong></span> <span class='ocrx_word' id='word_1_593' title='bbox 2494 3777 2648 3847; x_wconf 88' lang='lat' dir='ltr'><strong>quasi</strong></span> <span class='ocrx_word' id='word_1_594' title='bbox 2677 3776 2731 3830; x_wconf 92' lang='lat' dir='ltr'><strong>in</strong></span> <span class='ocrx_word' id='word_1_595' title='bbox 2774 3776 3002 3831; x_wconf 92' lang='lat' dir='ltr'><strong>concilio</strong></span> <span class='ocrx_word' id='word_1_596' title='bbox 3028 3784 3416 3848; x_wconf 85' lang='lat' dir='ltr'><strong>congregatos,</strong></span> <span class='ocrx_word' id='word_1_597' title='bbox 3451 3774 3603 3831; x_wconf 88' lang='lat' dir='ltr'><strong>Scri-</strong></span> 
     </span>
    </p>
   </div>
   <div class='ocr_carea' id='block_1_80' title="bbox 2009 3867 3597 3944">
    <p class='ocr_par' dir='ltr' id='par_1_80' title="bbox 2009 3867 3597 3944">
     <span class='ocr_line' id='line_1_80' title="bbox 2009 3867 3597 3944; baseline -0.003 -18"><span class='ocrx_word' id='word_1_598' title='bbox 2009 3880 2336 3944; x_wconf 90' lang='lat' dir='ltr'><strong>pturamque</strong></span> <span class='ocrx_word' id='word_1_599' title='bbox 2363 3869 2574 3924; x_wconf 88' lang='lat' dir='ltr'><strong>collatis</strong></span> <span class='ocrx_word' id='word_1_600' title='bbox 2604 3868 2863 3940; x_wconf 82' lang='lat' dir='ltr'><strong>symbolis</strong></span> <span class='ocrx_word' id='word_1_601' title='bbox 2893 3877 3226 3938; x_wconf 88' lang='lat' dir='ltr'><strong>exponentes</strong></span> <span class='ocrx_word' id='word_1_602' title='bbox 3255 3867 3556 3922; x_wconf 85' lang='lat' dir='ltr'><strong>introduxit</strong></span> <span class='ocrx_word' id='word_1_603' title='bbox 3582 3883 3597 3922; x_wconf 90' lang='lat'><strong>:</strong></span> 
     </span>
    </p>
   </div>
   <div class='ocr_carea' id='block_1_81' title="bbox 2015 3959 3599 4026">
    <p class='ocr_par' dir='ltr' id='par_1_81' title="bbox 2015 3959 3599 4026">
     <span class='ocr_line' id='line_1_81' title="bbox 2015 3959 3599 4026; baseline -0.005 -6"><span class='ocrx_word' id='word_1_604' title='bbox 2015 3964 2110 4020; x_wconf 85' lang='lat' dir='ltr'><strong>sed</strong></span> <span class='ocrx_word' id='word_1_605' title='bbox 2138 3963 2360 4018; x_wconf 92' lang='lat' dir='ltr'><strong>omnino</strong></span> <span class='ocrx_word' id='word_1_606' title='bbox 2395 3970 2516 4017; x_wconf 87' lang='lat' dir='ltr'><strong>erat</strong></span> <span class='ocrx_word' id='word_1_607' title='bbox 2547 3977 2577 4014; x_wconf 92' lang='lat' dir='ltr'><strong>a</strong></span> <span class='ocrx_word' id='word_1_608' title='bbox 2623 3960 2781 4015; x_wconf 89' lang='lat' dir='ltr'><strong>nobis</strong></span> <span class='ocrx_word' id='word_1_609' title='bbox 2821 3975 2919 4015; x_wconf 90' lang='lat' dir='ltr'><strong>suo</strong></span> <span class='ocrx_word' id='word_1_610' title='bbox 2952 3959 3116 4014; x_wconf 90' lang='lat' dir='ltr'><strong>nitori</strong></span> <span class='ocrx_word' id='word_1_611' title='bbox 3165 3959 3555 4014; x_wconf 80' lang='lat' dir='ltr'><strong>restituendum</strong></span> <span class='ocrx_word' id='word_1_612' title='bbox 3583 3998 3599 4026; x_wconf 91' lang='lat'><strong>,</strong></span> 
     </span>
    </p>
   </div>
   <div class='ocr_carea' id='block_1_82' title="bbox 2010 4051 3600 4124">
    <p class='ocr_par' dir='ltr' id='par_1_82' title="bbox 2010 4051 3600 4124">
     <span class='ocr_line' id='line_1_82' title="bbox 2010 4051 3600 4124; baseline -0.003 -14"><span class='ocrx_word' id='word_1_613' title='bbox 2010 4064 2070 4110; x_wconf 89' lang='lat' dir='ltr'><strong>ut</strong></span> <span class='ocrx_word' id='word_1_614' title='bbox 2122 4054 2293 4124; x_wconf 86' lang='lat' dir='ltr'><strong>possit</strong></span> <span class='ocrx_word' id='word_1_615' title='bbox 2340 4069 2465 4108; x_wconf 91' lang='lat' dir='ltr'><strong>cum</strong></span> <span class='ocrx_word' id='word_1_616' title='bbox 2517 4062 2802 4108; x_wconf 85' lang='lat' dir='ltr'><strong>auctorum</strong></span> <span class='ocrx_word' id='word_1_617' title='bbox 2847 4051 3004 4107; x_wconf 86' lang='lat' dir='ltr'><strong>laude</strong></span> <span class='ocrx_word' id='word_1_618' title='bbox 3054 4061 3110 4106; x_wconf 93' lang='lat' dir='ltr'><strong>et</strong></span> <span class='ocrx_word' id='word_1_619' title='bbox 3152 4051 3528 4107; x_wconf 89' lang='lat' dir='ltr'><strong>benedictione</strong></span> <span class='ocrx_word' id='word_1_620' title='bbox 3568 4067 3600 4106; x_wconf 89' lang='lat' dir='ltr'><strong>a</strong></span> 
     </span>
    </p>
   </div>
   <div class='ocr_carea' id='block_1_83' title="bbox 2008 4143 3601 4218">
    <p class='ocr_par' dir='ltr' id='par_1_83' title="bbox 2008 4143 3601 4218">
     <span class='ocr_line' id='line_1_83' title="bbox 2008 4143 3601 4218; baseline 0 -17"><span class='ocrx_word' id='word_1_621' title='bbox 2008 4147 2244 4218; x_wconf 85' lang='lat' dir='ltr'><strong>posteris</strong></span> <span class='ocrx_word' id='word_1_622' title='bbox 2289 4161 2502 4215; x_wconf 90' lang='lat' dir='ltr'><strong>semper</strong></span> <span class='ocrx_word' id='word_1_623' title='bbox 2531 4145 2755 4209; x_wconf 89' lang='lat' dir='ltr'><strong>revolvi,</strong></span> <span class='ocrx_word' id='word_1_624' title='bbox 2801 4144 2944 4214; x_wconf 90' lang='lat' dir='ltr'><strong>quod</strong></span> <span class='ocrx_word' id='word_1_625' title='bbox 2991 4161 3021 4199; x_wconf 91' lang='lat' dir='ltr'><strong>a</strong></span> <span class='ocrx_word' id='word_1_626' title='bbox 3070 4143 3366 4213; x_wconf 88' lang='lat' dir='ltr'><strong>majoribus</strong></span> <span class='ocrx_word' id='word_1_627' title='bbox 3395 4147 3601 4201; x_wconf 85' lang='lat' dir='ltr'><strong>nostris</strong></span> 
     </span>
    </p>
   </div>
   <div class='ocr_carea' id='block_1_84' title="bbox 323 4235 3604 4310">
    <p class='ocr_par' dir='ltr' id='par_1_84' title="bbox 323 4235 3604 4310">
     <span class='ocr_line' id='line_1_84' title="bbox 323 4235 3604 4310; baseline 0 -18"><span class='ocrx_word' id='word_1_628' title='bbox 323 4237 491 4292; x_wconf 90' lang='lat' dir='ltr'><strong>duces</strong></span> <span class='ocrx_word' id='word_1_629' title='bbox 519 4236 616 4290; x_wconf 90' lang='lat' dir='ltr'><strong>tibi</strong></span> <span class='ocrx_word' id='word_1_630' title='bbox 659 4236 899 4292; x_wconf 87' lang='lat' dir='ltr'><strong>subsidio</strong></span> <span class='ocrx_word' id='word_1_631' title='bbox 924 4238 1179 4292; x_wconf 85' lang='lat' dir='ltr'><strong>daremus</strong></span> <span class='ocrx_word' id='word_1_632' title='bbox 1198 4278 1213 4302; x_wconf 91' lang='lat'><strong>,</strong></span> <span class='ocrx_word' id='word_1_633' title='bbox 1239 4237 1330 4305; x_wconf 85' lang='lat' dir='ltr'><strong>qui</strong></span> <span class='ocrx_word' id='word_1_634' title='bbox 1361 4252 1460 4292; x_wconf 89' lang='lat' dir='ltr'><strong>suo</strong></span> <span class='ocrx_word' id='word_1_635' title='bbox 1491 4245 1732 4306; x_wconf 86' lang='lat' dir='ltr'><strong>tempore</strong></span> <span class='ocrx_word' id='word_1_636' title='bbox 1757 4236 1906 4290; x_wconf 84' lang='lat' dir='ltr'><strong>fuere</strong></span> <span class='ocrx_word' id='word_1_637' title='bbox 2001 4238 2116 4310; x_wconf 90' lang='lat' dir='ltr'><strong>jam</strong></span> <span class='ocrx_word' id='word_1_638' title='bbox 2165 4253 2262 4308; x_wconf 89' lang='lat' dir='ltr'><strong>per</strong></span> <span class='ocrx_word' id='word_1_639' title='bbox 2311 4243 2434 4290; x_wconf 88' lang='lat' dir='ltr'><strong>octo</strong></span> <span class='ocrx_word' id='word_1_640' title='bbox 2464 4235 2656 4291; x_wconf 65' lang='lat' dir='ltr'><strong>saecula</strong></span> <span class='ocrx_word' id='word_1_641' title='bbox 2685 4237 2739 4290; x_wconf 92' lang='lat' dir='ltr'><strong>in</strong></span> <span class='ocrx_word' id='word_1_642' title='bbox 2768 4251 2982 4290; x_wconf 90' lang='lat' dir='ltr'><strong>summo</strong></span> <span class='ocrx_word' id='word_1_643' title='bbox 3025 4251 3239 4306; x_wconf 90' lang='lat' dir='ltr'><strong>semper</strong></span> <span class='ocrx_word' id='word_1_644' title='bbox 3269 4237 3470 4291; x_wconf 88' lang='lat' dir='ltr'><strong>honore</strong></span> <span class='ocrx_word' id='word_1_645' title='bbox 3499 4237 3604 4293; x_wconf 79' lang='lat' dir='ltr'><strong>fuit</strong></span> 
     </span>
    </p>
   </div>
   <div class='ocr_carea' id='block_1_85' title="bbox 323 4327 1904 4397">
    <p class='ocr_par' dir='ltr' id='par_1_85' title="bbox 323 4327 1904 4397">
     <span class='ocr_line' id='line_1_85' title="bbox 323 4327 1904 4397; baseline -0.001 -15"><span class='ocrx_word' id='word_1_646' title='bbox 323 4341 422 4397; x_wconf 87' lang='lat' dir='ltr'><strong>pro</strong></span> <span class='ocrx_word' id='word_1_647' title='bbox 448 4342 608 4384; x_wconf 87' lang='lat' dir='ltr'><strong>muro</strong></span> <span class='ocrx_word' id='word_1_648' title='bbox 653 4335 710 4384; x_wconf 85' lang='lat' dir='ltr'><strong>et</strong></span> <span class='ocrx_word' id='word_1_649' title='bbox 751 4327 1074 4382; x_wconf 88' lang='lat' dir='ltr'><strong>antemurali</strong></span> <span class='ocrx_word' id='word_1_650' title='bbox 1117 4328 1408 4393; x_wconf 56' lang='lat' dir='ltr'><strong>Ecclesiae,</strong></span> <span class='ocrx_word' id='word_1_651' title='bbox 1449 4329 1591 4382; x_wconf 90' lang='lat' dir='ltr'><strong>inter</strong></span> <span class='ocrx_word' id='word_1_652' title='bbox 1613 4344 1748 4397; x_wconf 88' lang='lat' dir='ltr'><strong>quos</strong></span> <span class='ocrx_word' id='word_1_653' title='bbox 1797 4344 1904 4382; x_wconf 88' lang='lat' dir='ltr'><strong>non</strong></span> 
     </span>
    </p>
   </div>
   <div class='ocr_carea' id='block_1_86' title="bbox 1993 4327 3600 4400">
    <p class='ocr_par' dir='ltr' id='par_1_86' title="bbox 1993 4327 3600 4400">
     <span class='ocr_line' id='line_1_86' title="bbox 1993 4327 3600 4400; baseline 0 -15"><span class='ocrx_word' id='word_1_654' title='bbox 1993 4331 2275 4400; x_wconf 78' lang='lat' dir='ltr'><strong>habitum.</strong></span> <span class='ocrx_word' id='word_1_655' title='bbox 2321 4328 2495 4384; x_wconf 89' lang='lat' dir='ltr'><strong>Simul</strong></span> <span class='ocrx_word' id='word_1_656' title='bbox 2537 4329 2794 4399; x_wconf 85' lang='lat' dir='ltr'><strong>expedire</strong></span> <span class='ocrx_word' id='word_1_657' title='bbox 2845 4327 3207 4398; x_wconf 77' lang='lat' dir='ltr'><strong>judicavimus</strong></span> <span class='ocrx_word' id='word_1_658' title='bbox 3252 4337 3312 4383; x_wconf 91' lang='lat' dir='ltr'><strong>ut</strong></span> <span class='ocrx_word' id='word_1_659' title='bbox 3360 4337 3600 4385; x_wconf 82' lang='lat' dir='ltr'><strong>exstaret</strong></span> 
     </span>
    </p>
   </div>
   <div class='ocr_carea' id='block_1_87' title="bbox 323 4413 3598 4504">
    <p class='ocr_par' dir='ltr' id='par_1_87' title="bbox 323 4413 3598 4504">
     <span class='ocr_line' id='line_1_87' title="bbox 323 4413 3598 4504; baseline 0.001 -30"><span class='ocrx_word' id='word_1_660' title='bbox 323 4428 571 4476; x_wconf 83' lang='lat' dir='ltr'><strong>extremo</strong></span> <span class='ocrx_word' id='word_1_661' title='bbox 598 4419 719 4476; x_wconf 89' lang='lat' dir='ltr'><strong>loco</strong></span> <span class='ocrx_word' id='word_1_662' title='bbox 762 4419 994 4474; x_wconf 79' lang='lat' dir='ltr'><strong>militant</strong></span> <span class='ocrx_word' id='word_1_663' title='bbox 1019 4428 1272 4476; x_wconf 90' lang='lat' dir='ltr'><strong>auctores</strong></span> <span class='ocrx_word' id='word_1_664' title='bbox 1301 4420 1527 4474; x_wconf 90' lang='lat' dir='ltr'><strong>istorum</strong></span> <span class='ocrx_word' id='word_1_665' title='bbox 1577 4432 1906 4475; x_wconf 86' lang='lat' dir='ltr'><strong>commenta-</strong></span> <span class='ocrx_word' id='word_1_666' title='bbox 1933 4443 1984 4504; x_wconf 70' lang='grc' dir='ltr'><strong>Ι)</strong></span> <span class='ocrx_word' id='word_1_667' title='bbox 2013 4432 2121 4478; x_wconf 89' lang='lat' dir='ltr'><strong>tam</strong></span> <span class='ocrx_word' id='word_1_668' title='bbox 2163 4423 2496 4478; x_wconf 89' lang='lat' dir='ltr'><strong>luculentum</strong></span> <span class='ocrx_word' id='word_1_669' title='bbox 2543 4421 2913 4476; x_wconf 88' lang='lat' dir='ltr'><strong>testimonium</strong></span> <span class='ocrx_word' id='word_1_670' title='bbox 2939 4461 2953 4486; x_wconf 96' lang='lat'><strong>,</strong></span> <span class='ocrx_word' id='word_1_671' title='bbox 2983 4436 3089 4475; x_wconf 92' lang='lat' dir='ltr'><strong>non</strong></span> <span class='ocrx_word' id='word_1_672' title='bbox 3115 4421 3290 4475; x_wconf 87' lang='lat' dir='ltr'><strong>solum</strong></span> <span class='ocrx_word' id='word_1_673' title='bbox 3315 4413 3598 4478; x_wconf 61' lang='lat' dir='ltr'><strong>catholici:</strong></span> 
     </span>
    </p>
   </div>
   <div class='ocr_carea' id='block_1_88' title="bbox 323 4510 1900 4579">
    <p class='ocr_par' dir='ltr' id='par_1_88' title="bbox 323 4510 1900 4579">
     <span class='ocr_line' id='line_1_88' title="bbox 323 4510 1900 4579; baseline 0.001 -14"><span class='ocrx_word' id='word_1_674' title='bbox 323 4510 567 4573; x_wconf 85' lang='lat' dir='ltr'><strong>rioruln,</strong></span> <span class='ocrx_word' id='word_1_675' title='bbox 608 4525 748 4579; x_wconf 89' lang='lat' dir='ltr'><strong>quos</strong></span> <span class='ocrx_word' id='word_1_676' title='bbox 803 4510 1000 4565; x_wconf 87' lang='lat' dir='ltr'><strong>iterum</strong></span> <span class='ocrx_word' id='word_1_677' title='bbox 1057 4511 1268 4566; x_wconf 86' lang='lat' dir='ltr'><strong>detersa</strong></span> <span class='ocrx_word' id='word_1_678' title='bbox 1316 4511 1572 4565; x_wconf 88' lang='lat' dir='ltr'><strong>nonnulla</strong></span> <span class='ocrx_word' id='word_1_679' title='bbox 1626 4527 1900 4566; x_wconf 89' lang='lat' dir='ltr'><strong>armorum</strong></span> 
     </span>
    </p>
   </div>
   <div class='ocr_carea' id='block_1_89' title="bbox 326 4603 1899 4675">
    <p class='ocr_par' dir='ltr' id='par_1_89' title="bbox 326 4603 1899 4675">
     <span class='ocr_line' id='line_1_89' title="bbox 326 4603 1899 4675; baseline 0 -17"><span class='ocrx_word' id='word_1_680' title='bbox 326 4603 599 4674; x_wconf 84' lang='lat' dir='ltr'><strong>rubigine,</strong></span> <span class='ocrx_word' id='word_1_681' title='bbox 624 4619 787 4674; x_wconf 87' lang='lat' dir='ltr'><strong>quam</strong></span> <span class='ocrx_word' id='word_1_682' title='bbox 807 4612 1218 4666; x_wconf 86' lang='lat' dir='ltr'><strong>contraxerant,</strong></span> <span class='ocrx_word' id='word_1_683' title='bbox 1250 4605 1306 4658; x_wconf 89' lang='lat' dir='ltr'><strong>in</strong></span> <span class='ocrx_word' id='word_1_684' title='bbox 1335 4604 1507 4660; x_wconf 90' lang='lat' dir='ltr'><strong>aciem</strong></span> <span class='ocrx_word' id='word_1_685' title='bbox 1535 4605 1899 4675; x_wconf 88' lang='lat' dir='ltr'><strong>producimus.</strong></span> 
     </span>
    </p>
   </div>
   <div class='ocr_carea' id='block_1_90' title="bbox 323 4693 1905 4767">
    <p class='ocr_par' dir='ltr' id='par_1_90' title="bbox 323 4693 1905 4767">
     <span class='ocr_line' id='line_1_90' title="bbox 323 4693 1905 4767; baseline 0.001 -17"><span class='ocrx_word' id='word_1_686' title='bbox 323 4693 462 4751; x_wconf 82' lang='lat' dir='ltr'><strong>Hinc</strong></span> <span class='ocrx_word' id='word_1_687' title='bbox 510 4697 658 4750; x_wconf 85' lang='lat' dir='ltr'><strong>enim</strong></span> <span class='ocrx_word' id='word_1_688' title='bbox 709 4697 947 4752; x_wconf 81' lang='lat' dir='ltr'><strong>maxime</strong></span> <span class='ocrx_word' id='word_1_689' title='bbox 998 4697 1216 4766; x_wconf 88' lang='lat' dir='ltr'><strong>pateﬁet</strong></span> <span class='ocrx_word' id='word_1_690' title='bbox 1269 4713 1377 4766; x_wconf 91' lang='lat' dir='ltr'><strong>quo</strong></span> <span class='ocrx_word' id='word_1_691' title='bbox 1422 4699 1616 4767; x_wconf 89' lang='lat' dir='ltr'><strong>spiritu</strong></span> <span class='ocrx_word' id='word_1_692' title='bbox 1673 4696 1905 4766; x_wconf 85' lang='lat' dir='ltr'><strong>majores</strong></span> 
     </span>
    </p>
   </div>
   <div class='ocr_carea' id='block_1_91' title="bbox 323 4788 1905 4854">
    <p class='ocr_par' dir='ltr' id='par_1_91' title="bbox 323 4788 1905 4854">
     <span class='ocr_line' id='line_1_91' title="bbox 323 4788 1905 4854; baseline -0.001 -11"><span class='ocrx_word' id='word_1_693' title='bbox 323 4788 496 4844; x_wconf 87' lang='lat' dir='ltr'><strong>nostri</strong></span> <span class='ocrx_word' id='word_1_694' title='bbox 523 4789 669 4844; x_wconf 88' lang='lat' dir='ltr'><strong>ducti</strong></span> <span class='ocrx_word' id='word_1_695' title='bbox 693 4797 841 4854; x_wconf 86' lang='lat' dir='ltr'><strong>sunt,</strong></span> <span class='ocrx_word' id='word_1_696' title='bbox 856 4804 977 4843; x_wconf 91' lang='lat' dir='ltr'><strong>cum</strong></span> <span class='ocrx_word' id='word_1_697' title='bbox 1001 4789 1068 4842; x_wconf 90' lang='lat' dir='ltr'><strong>ad</strong></span> <span class='ocrx_word' id='word_1_698' title='bbox 1089 4803 1363 4843; x_wconf 88' lang='lat' dir='ltr'><strong>sacrarum</strong></span> <span class='ocrx_word' id='word_1_699' title='bbox 1387 4789 1682 4844; x_wconf 89' lang='lat' dir='ltr'><strong>litterarum</strong></span> <span class='ocrx_word' id='word_1_700' title='bbox 1707 4799 1905 4843; x_wconf 87' lang='lat' dir='ltr'><strong>tracta-</strong></span> 
     </span>
    </p>
   </div>
   <div class='ocr_carea' id='block_1_92' title="bbox 324 4869 1902 4956">
    <p class='ocr_par' dir='ltr' id='par_1_92' title="bbox 324 4869 1902 4956">
     <span class='ocr_line' id='line_1_92' title="bbox 324 4869 1902 4956; baseline 0.004 -23"><span class='ocrx_word' id='word_1_701' title='bbox 324 4881 526 4934; x_wconf 89' lang='lat' dir='ltr'><strong>tionem</strong></span> <span class='ocrx_word' id='word_1_702' title='bbox 565 4869 925 4936; x_wconf 86' lang='lat' dir='ltr'><strong>accedcrent:</strong></span> <span class='ocrx_word' id='word_1_703' title='bbox 967 4881 1150 4935; x_wconf 91' lang='lat' dir='ltr'><strong>divino</strong></span> <span class='ocrx_word' id='word_1_704' title='bbox 1203 4896 1396 4951; x_wconf 88' lang='lat' dir='ltr'><strong>nempe</strong></span> <span class='ocrx_word' id='word_1_705' title='bbox 1445 4886 1584 4950; x_wconf 94' lang='lat' dir='ltr'><strong>(non</strong></span> <span class='ocrx_word' id='word_1_706' title='bbox 1635 4883 1902 4956; x_wconf 87' lang='lat' dir='ltr'><strong>humano)</strong></span> 
     </span>
    </p>
   </div>
   <div class='ocr_carea' id='block_1_93' title="bbox 323 4970 1903 5043">
    <p class='ocr_par' dir='ltr' id='par_1_93' title="bbox 323 4970 1903 5043">
     <span class='ocr_line' id='line_1_93' title="bbox 323 4970 1903 5043; baseline 0 -17"><span class='ocrx_word' id='word_1_707' title='bbox 323 4988 486 5042; x_wconf 89' lang='lat' dir='ltr'><strong>quem</strong></span> <span class='ocrx_word' id='word_1_708' title='bbox 514 4987 581 5028; x_wconf 79' lang='lat' dir='ltr'><strong>ex</strong></span> <span class='ocrx_word' id='word_1_709' title='bbox 604 4970 893 5028; x_wconf 85' lang='lat' dir='ltr'><strong>Salomone</strong></span> <span class='ocrx_word' id='word_1_710' title='bbox 927 4972 1175 5041; x_wconf 87' lang='lat' dir='ltr'><strong>superius</strong></span> <span class='ocrx_word' id='word_1_711' title='bbox 1199 4973 1502 5026; x_wconf 84' lang='lat' dir='ltr'><strong>audivimus</strong></span> <span class='ocrx_word' id='word_1_712' title='bbox 1527 4973 1903 5043; x_wconf 86' lang='lat' dir='ltr'><strong>magistrorum</strong></span> 
     </span>
    </p>
   </div>
   <div class='ocr_carea' id='block_1_94' title="bbox 323 5061 1901 5128">
    <p class='ocr_par' dir='ltr' id='par_1_94' title="bbox 323 5061 1901 5128">
     <span class='ocr_line' id='line_1_94' title="bbox 323 5061 1901 5128; baseline -0.001 -10"><span class='ocrx_word' id='word_1_713' title='bbox 323 5064 426 5119; x_wconf 87' lang='lat' dir='ltr'><strong>sibi</strong></span> <span class='ocrx_word' id='word_1_714' title='bbox 455 5063 688 5118; x_wconf 88' lang='lat' dir='ltr'><strong>invicem</strong></span> <span class='ocrx_word' id='word_1_715' title='bbox 743 5078 867 5117; x_wconf 89' lang='lat' dir='ltr'><strong>cum</strong></span> <span class='ocrx_word' id='word_1_716' title='bbox 922 5061 1230 5118; x_wconf 85' lang='lat' dir='ltr'><strong>humilitate</strong></span> <span class='ocrx_word' id='word_1_717' title='bbox 1262 5061 1622 5116; x_wconf 82' lang='lat' dir='ltr'><strong>deferentium</strong></span> <span class='ocrx_word' id='word_1_718' title='bbox 1653 5062 1901 5128; x_wconf 89' lang='lat' dir='ltr'><strong>consilio,</strong></span> 
     </span>
    </p>
   </div>
   <div class='ocr_carea' id='block_1_95' title="bbox 324 5153 1902 5222">
    <p class='ocr_par' dir='ltr' id='par_1_95' title="bbox 324 5153 1902 5222">
     <span class='ocr_line' id='line_1_95' title="bbox 324 5153 1902 5222; baseline -0.002 -13"><span class='ocrx_word' id='word_1_719' title='bbox 324 5156 424 5209; x_wconf 89' lang='lat' dir='ltr'><strong>sub</strong></span> <span class='ocrx_word' id='word_1_720' title='bbox 449 5169 560 5206; x_wconf 90' lang='lat' dir='ltr'><strong>uno</strong></span> <span class='ocrx_word' id='word_1_721' title='bbox 587 5162 643 5207; x_wconf 90' lang='lat' dir='ltr'><strong>et</strong></span> <span class='ocrx_word' id='word_1_722' title='bbox 671 5154 739 5208; x_wconf 86' lang='lat' dir='ltr'><strong>ab</strong></span> <span class='ocrx_word' id='word_1_723' title='bbox 768 5167 879 5208; x_wconf 90' lang='lat' dir='ltr'><strong>uno</strong></span> <span class='ocrx_word' id='word_1_724' title='bbox 911 5163 1130 5222; x_wconf 88' lang='lat' dir='ltr'><strong>pastore</strong></span> <span class='ocrx_word' id='word_1_725' title='bbox 1176 5155 1474 5222; x_wconf 85' lang='lat' dir='ltr'><strong>gubernato</strong></span> <span class='ocrx_word' id='word_1_726' title='bbox 1519 5153 1730 5222; x_wconf 88' lang='lat' dir='ltr'><strong>aperire</strong></span> <span class='ocrx_word' id='word_1_727' title='bbox 1757 5153 1902 5208; x_wconf 84' lang='lat' dir='ltr'><strong>salu-</strong></span> 
     </span>
    </p>
   </div>
   <div class='ocr_carea' id='block_1_96' title="bbox 325 5243 1902 5315">
    <p class='ocr_par' dir='ltr' id='par_1_96' title="bbox 325 5243 1902 5315">
     <span class='ocr_line' id='line_1_96' title="bbox 325 5243 1902 5315; baseline 0.001 -18"><span class='ocrx_word' id='word_1_728' title='bbox 325 5251 471 5298; x_wconf 90' lang='lat' dir='ltr'><strong>tares</strong></span> <span class='ocrx_word' id='word_1_729' title='bbox 501 5243 842 5300; x_wconf 89' lang='lat' dir='ltr'><strong>oraculorum</strong></span> <span class='ocrx_word' id='word_1_730' title='bbox 869 5243 1174 5300; x_wconf 66' lang='lat' dir='ltr'><strong>caelestium</strong></span> <span class='ocrx_word' id='word_1_731' title='bbox 1195 5260 1442 5300; x_wconf 89' lang='lat' dir='ltr'><strong>recessus</strong></span> <span class='ocrx_word' id='word_1_732' title='bbox 1473 5262 1487 5297; x_wconf 87' lang='lat'><strong>:</strong></span> <span class='ocrx_word' id='word_1_733' title='bbox 1519 5260 1746 5315; x_wconf 89' lang='lat' dir='ltr'><strong>quorum</strong></span> <span class='ocrx_word' id='word_1_734' title='bbox 1773 5246 1902 5300; x_wconf 90' lang='lat' dir='ltr'><strong>bar-</strong></span> 
     </span>
    </p>
   </div>
   <div class='ocr_carea' id='block_1_97' title="bbox 324 5333 1898 5406">
    <p class='ocr_par' dir='ltr' id='par_1_97' title="bbox 324 5333 1898 5406">
     <span class='ocr_line' id='line_1_97' title="bbox 324 5333 1898 5406; baseline 0.003 -18"><span class='ocrx_word' id='word_1_735' title='bbox 324 5335 563 5388; x_wconf 88' lang='lat' dir='ltr'><strong>moniam</strong></span> <span class='ocrx_word' id='word_1_736' title='bbox 591 5345 648 5388; x_wconf 91' lang='lat' dir='ltr'><strong>et</strong></span> <span class='ocrx_word' id='word_1_737' title='bbox 671 5335 1081 5390; x_wconf 86' lang='lat' dir='ltr'><strong>consonantiam</strong></span> <span class='ocrx_word' id='word_1_738' title='bbox 1117 5334 1170 5388; x_wconf 92' lang='lat' dir='ltr'><strong>in</strong></span> <span class='ocrx_word' id='word_1_739' title='bbox 1199 5333 1364 5390; x_wconf 88' lang='lat' dir='ltr'><strong>divini</strong></span> <span class='ocrx_word' id='word_1_740' title='bbox 1387 5336 1534 5390; x_wconf 88' lang='lat' dir='ltr'><strong>verbi</strong></span> <span class='ocrx_word' id='word_1_741' title='bbox 1562 5336 1898 5406; x_wconf 83' lang='lat' dir='ltr'><strong>expositione</strong></span> 
     </span>
    </p>
   </div>
   <div class='ocr_carea' id='block_1_98' title="bbox 325 5425 1892 5497">
    <p class='ocr_par' dir='ltr' id='par_1_98' title="bbox 325 5425 1892 5497">
     <span class='ocr_line' id='line_1_98' title="bbox 325 5425 1892 5497; baseline -0.002 -17"><span class='ocrx_word' id='word_1_742' title='bbox 325 5433 580 5497; x_wconf 86' lang='lat' dir='ltr'><strong>tanquam</strong></span> <span class='ocrx_word' id='word_1_743' title='bbox 625 5426 910 5482; x_wconf 89' lang='lat' dir='ltr'><strong>concilium</strong></span> <span class='ocrx_word' id='word_1_744' title='bbox 960 5433 1018 5481; x_wconf 91' lang='lat' dir='ltr'><strong>et</strong></span> <span class='ocrx_word' id='word_1_745' title='bbox 1067 5443 1085 5478; x_wconf 79' lang='lat' dir='ltr'><strong>t</strong></span> <span class='ocrx_word' id='word_1_746' title='bbox 1122 5425 1403 5481; x_wconf 89' lang='lat' dir='ltr'><strong>consilium</strong></span> <span class='ocrx_word' id='word_1_747' title='bbox 1439 5427 1842 5496; x_wconf 84' lang='lat' dir='ltr'><strong>magistrorum,</strong></span> <span class='ocrx_word' id='word_1_748' title='bbox 1873 5445 1892 5477; x_wconf 83' lang='grc'><strong><em>›</em></strong></span> 
     </span>
    </p>
   </div>
   <div class='ocr_carea' id='block_1_99' title="bbox 322 5515 1900 5587">
    <p class='ocr_par' dir='ltr' id='par_1_99' title="bbox 322 5515 1900 5587">
     <span class='ocr_line' id='line_1_99' title="bbox 322 5515 1900 5587; baseline 0.003 -19"><span class='ocrx_word' id='word_1_749' title='bbox 322 5516 531 5586; x_wconf 90' lang='lat' dir='ltr'><strong>primus</strong></span> <span class='ocrx_word' id='word_1_750' title='bbox 557 5515 704 5571; x_wconf 91' lang='lat' dir='ltr'><strong>velut</strong></span> <span class='ocrx_word' id='word_1_751' title='bbox 724 5517 775 5570; x_wconf 91' lang='lat' dir='ltr'><strong>in</strong></span> <span class='ocrx_word' id='word_1_752' title='bbox 800 5515 968 5570; x_wconf 89' lang='lat' dir='ltr'><strong>abaco</strong></span> <span class='ocrx_word' id='word_1_753' title='bbox 993 5524 1086 5570; x_wconf 88' lang='lat' dir='ltr'><strong>aut</strong></span> <span class='ocrx_word' id='word_1_754' title='bbox 1107 5515 1494 5587; x_wconf 81' lang='lat' dir='ltr'><strong>diagrammate</strong></span> <span class='ocrx_word' id='word_1_755' title='bbox 1520 5517 1900 5572; x_wconf 87' lang='lat' dir='ltr'><strong>matbematico</strong></span> 
     </span>
    </p>
   </div>
   <div class='ocr_carea' id='block_1_100' title="bbox 323 5607 1900 5677">
    <p class='ocr_par' dir='ltr' id='par_1_100' title="bbox 323 5607 1900 5677">
     <span class='ocr_line' id='line_1_100' title="bbox 323 5607 1900 5677; baseline 0.001 -16"><span class='ocrx_word' id='word_1_756' title='bbox 323 5609 567 5677; x_wconf 79' lang='lat' dir='ltr'><strong>aspectui</strong></span> <span class='ocrx_word' id='word_1_757' title='bbox 607 5616 796 5663; x_wconf 89' lang='lat' dir='ltr'><strong>nostro</strong></span> <span class='ocrx_word' id='word_1_758' title='bbox 825 5607 1088 5677; x_wconf 88' lang='lat' dir='ltr'><strong>subjicere</strong></span> <span class='ocrx_word' id='word_1_759' title='bbox 1127 5608 1351 5661; x_wconf 86' lang='lat' dir='ltr'><strong>tentavit</strong></span> <span class='ocrx_word' id='word_1_760' title='bbox 1394 5616 1582 5663; x_wconf 89' lang='lat' dir='ltr'><strong>auctor</strong></span> <span class='ocrx_word' id='word_1_761' title='bbox 1613 5609 1900 5663; x_wconf 74' lang='lat' dir='ltr'><strong>ordinaria:</strong></span> 
     </span>
    </p>
   </div>
   <div class='ocr_carea' id='block_1_101' title="bbox 323 5697 1898 5770">
    <p class='ocr_par' dir='ltr' id='par_1_101' title="bbox 323 5697 1898 5770">
     <span class='ocr_line' id='line_1_101' title="bbox 323 5697 1898 5770; baseline 0 -16"><span class='ocrx_word' id='word_1_762' title='bbox 323 5697 545 5765; x_wconf 65' lang='lat' dir='ltr'><strong>Glossaz,</strong></span> <span class='ocrx_word' id='word_1_763' title='bbox 575 5700 655 5755; x_wconf 91' lang='lat' dir='ltr'><strong>sic</strong></span> <span class='ocrx_word' id='word_1_764' title='bbox 685 5697 965 5770; x_wconf 68' lang='lat' dir='ltr'><strong>appellata:</strong></span> <span class='ocrx_word' id='word_1_765' title='bbox 993 5699 1116 5768; x_wconf 81' lang='lat' dir='ltr'><strong>quia</strong></span> <span class='ocrx_word' id='word_1_766' title='bbox 1147 5699 1287 5752; x_wconf 86' lang='lat' dir='ltr'><strong>illam</strong></span> <span class='ocrx_word' id='word_1_767' title='bbox 1317 5698 1517 5768; x_wconf 88' lang='lat' dir='ltr'><strong>posteri</strong></span> <span class='ocrx_word' id='word_1_768' title='bbox 1549 5715 1736 5754; x_wconf 87' lang='lat' dir='ltr'><strong>omnes</strong></span> <span class='ocrx_word' id='word_1_769' title='bbox 1778 5710 1898 5754; x_wconf 89' lang='lat' dir='ltr'><strong>tan-</strong></span> 
     </span>
    </p>
   </div>
   <div class='ocr_carea' id='block_1_102' title="bbox 2010 4509 3679 4584">
    <p class='ocr_par' dir='ltr' id='par_1_102' title="bbox 2010 4509 3679 4584">
     <span class='ocr_line' id='line_1_102' title="bbox 2010 4509 3679 4584; baseline -0.001 -14"><span class='ocrx_word' id='word_1_770' title='bbox 2010 4514 2292 4579; x_wconf 87' lang='lat' dir='ltr'><strong>methodi,</strong></span> <span class='ocrx_word' id='word_1_771' title='bbox 2337 4528 2500 4582; x_wconf 91' lang='lat' dir='ltr'><strong>quam</strong></span> <span class='ocrx_word' id='word_1_772' title='bbox 2554 4512 2606 4565; x_wconf 93' lang='lat' dir='ltr'><strong>in</strong></span> <span class='ocrx_word' id='word_1_773' title='bbox 2659 4509 2994 4581; x_wconf 84' lang='lat' dir='ltr'><strong>exponendis</strong></span> <span class='ocrx_word' id='word_1_774' title='bbox 3048 4510 3346 4581; x_wconf 89' lang='lat' dir='ltr'><strong>Scripturis</strong></span> <span class='ocrx_word' id='word_1_775' title='bbox 3411 4522 3594 4584; x_wconf 83' lang='lat' dir='ltr'><strong>patres</strong></span> <span class='ocrx_word' id='word_1_776' title='bbox 3666 4519 3679 4536; x_wconf 83' lang='lat'><strong><em>°</em></strong></span> 
     </span>
    </p>
   </div>
   <div class='ocr_carea' id='block_1_103' title="bbox 2013 4587 3597 4676">
    <p class='ocr_par' dir='ltr' id='par_1_103' title="bbox 2013 4587 3597 4676">
     <span class='ocr_line' id='line_1_103' title="bbox 2013 4587 3597 4676; baseline 0.001 -16"><span class='ocrx_word' id='word_1_777' title='bbox 2013 4607 2186 4660; x_wconf 89' lang='lat' dir='ltr'><strong>nostri</strong></span> <span class='ocrx_word' id='word_1_778' title='bbox 2227 4620 2441 4676; x_wconf 91' lang='lat' dir='ltr'><strong>semper</strong></span> <span class='ocrx_word' id='word_1_779' title='bbox 2481 4612 2610 4658; x_wconf 91' lang='lat' dir='ltr'><strong>sunt</strong></span> <span class='ocrx_word' id='word_1_780' title='bbox 2631 4604 2824 4668; x_wconf 89' lang='lat' dir='ltr'><strong>secuti,</strong></span> <span class='ocrx_word' id='word_1_781' title='bbox 2852 4603 2944 4660; x_wconf 90' lang='lat' dir='ltr'><strong>sed</strong></span> <span class='ocrx_word' id='word_1_782' title='bbox 2975 4604 3141 4659; x_wconf 89' lang='lat' dir='ltr'><strong>etiam</strong></span> <span class='ocrx_word' id='word_1_783' title='bbox 3170 4587 3597 4676; x_wconf 66' lang='lat' dir='ltr'><strong>diligentissima:</strong></span> 
     </span>
    </p>
   </div>
   <div class='ocr_carea' id='block_1_104' title="bbox 2012 4695 3595 4763">
    <p class='ocr_par' dir='ltr' id='par_1_104' title="bbox 2012 4695 3595 4763">
     <span class='ocr_line' id='line_1_104' title="bbox 2012 4695 3595 4763; baseline 0.001 -12"><span class='ocrx_word' id='word_1_784' title='bbox 2012 4697 2326 4752; x_wconf 89' lang='lat' dir='ltr'><strong>eorumdem</strong></span> <span class='ocrx_word' id='word_1_785' title='bbox 2358 4696 2412 4750; x_wconf 93' lang='lat' dir='ltr'><strong>in</strong></span> <span class='ocrx_word' id='word_1_786' title='bbox 2440 4695 2612 4751; x_wconf 90' lang='lat' dir='ltr'><strong>sacris</strong></span> <span class='ocrx_word' id='word_1_787' title='bbox 2636 4695 2832 4751; x_wconf 90' lang='lat' dir='ltr'><strong>litteris</strong></span> <span class='ocrx_word' id='word_1_788' title='bbox 2858 4697 3174 4763; x_wconf 82' lang='lat' dir='ltr'><strong>industriae;</strong></span> <span class='ocrx_word' id='word_1_789' title='bbox 3208 4705 3261 4753; x_wconf 92' lang='lat' dir='ltr'><strong>et</strong></span> <span class='ocrx_word' id='word_1_790' title='bbox 3281 4697 3595 4754; x_wconf 89' lang='lat' dir='ltr'><strong>obstruere-</strong></span> 
     </span>
    </p>
   </div>
   <div class='ocr_carea' id='block_1_105' title="bbox 2014 4785 3596 4859">
    <p class='ocr_par' dir='ltr' id='par_1_105' title="bbox 2014 4785 3596 4859">
     <span class='ocr_line' id='line_1_105' title="bbox 2014 4785 3596 4859; baseline 0.002 -16"><span class='ocrx_word' id='word_1_791' title='bbox 2014 4798 2101 4844; x_wconf 91' lang='lat' dir='ltr'><strong>tur</strong></span> <span class='ocrx_word' id='word_1_792' title='bbox 2150 4803 2212 4842; x_wconf 92' lang='lat' dir='ltr'><strong>os</strong></span> <span class='ocrx_word' id='word_1_793' title='bbox 2268 4785 2752 4856; x_wconf 87' lang='lat' dir='ltr'><strong>impudentissimis</strong></span> <span class='ocrx_word' id='word_1_794' title='bbox 2804 4787 3078 4842; x_wconf 67' lang='lat' dir='ltr'><strong>haereticis</strong></span> <span class='ocrx_word' id='word_1_795' title='bbox 3127 4789 3219 4859; x_wconf 90' lang='lat' dir='ltr'><strong>qui</strong></span> <span class='ocrx_word' id='word_1_796' title='bbox 3281 4789 3399 4844; x_wconf 87' lang='lat' dir='ltr'><strong>ausi</strong></span> <span class='ocrx_word' id='word_1_797' title='bbox 3467 4799 3596 4846; x_wconf 86' lang='lat' dir='ltr'><strong>sunt</strong></span> 
     </span>
    </p>
   </div>
   <div class='ocr_carea' id='block_1_106' title="bbox 2006 4877 3594 4950">
    <p class='ocr_par' dir='ltr' id='par_1_106' title="bbox 2006 4877 3594 4950">
     <span class='ocr_line' id='line_1_106' title="bbox 2006 4877 3594 4950; baseline 0.001 -16"><span class='ocrx_word' id='word_1_798' title='bbox 2006 4878 2216 4950; x_wconf 89' lang='lat' dir='ltr'><strong>jactare</strong></span> <span class='ocrx_word' id='word_1_799' title='bbox 2271 4877 2414 4948; x_wconf 91' lang='lat' dir='ltr'><strong>apud</strong></span> <span class='ocrx_word' id='word_1_800' title='bbox 2455 4887 2670 4932; x_wconf 90' lang='lat' dir='ltr'><strong>nostros</strong></span> <span class='ocrx_word' id='word_1_801' title='bbox 2717 4877 2983 4948; x_wconf 89' lang='lat' dir='ltr'><strong>sepultum</strong></span> <span class='ocrx_word' id='word_1_802' title='bbox 3039 4879 3449 4950; x_wconf 87' lang='lat' dir='ltr'><strong>neglectumque</strong></span> <span class='ocrx_word' id='word_1_803' title='bbox 3507 4878 3594 4947; x_wconf 83' lang='lat' dir='ltr'><strong>ja-</strong></span> 
     </span>
    </p>
   </div>
   <div class='ocr_carea' id='block_1_107' title="bbox 2007 4968 3586 5042">
    <p class='ocr_par' dir='ltr' id='par_1_107' title="bbox 2007 4968 3586 5042">
     <span class='ocr_line' id='line_1_107' title="bbox 2007 4968 3586 5042; baseline -0.003 -13"><span class='ocrx_word' id='word_1_804' title='bbox 2007 4972 2186 5029; x_wconf 91' lang='lat' dir='ltr'><strong>cuisse</strong></span> <span class='ocrx_word' id='word_1_805' title='bbox 2239 4968 2461 5023; x_wconf 89' lang='lat' dir='ltr'><strong>verbum</strong></span> <span class='ocrx_word' id='word_1_806' title='bbox 2506 4969 2643 5034; x_wconf 90' lang='lat' dir='ltr'><strong>Dei,</strong></span> <span class='ocrx_word' id='word_1_807' title='bbox 2695 4969 2866 5024; x_wconf 91' lang='lat' dir='ltr'><strong>donec</strong></span> <span class='ocrx_word' id='word_1_808' title='bbox 2916 4969 2985 5024; x_wconf 89' lang='lat' dir='ltr'><strong>ab</strong></span> <span class='ocrx_word' id='word_1_809' title='bbox 3030 4970 3136 5026; x_wconf 91' lang='lat' dir='ltr'><strong>illis</strong></span> <span class='ocrx_word' id='word_1_810' title='bbox 3177 4970 3266 5026; x_wconf 85' lang='lat' dir='ltr'><strong>fax</strong></span> <span class='ocrx_word' id='word_1_811' title='bbox 3312 4971 3586 5042; x_wconf 86' lang='lat' dir='ltr'><strong>Evangelii</strong></span> 
     </span>
    </p>
   </div>
   <div class='ocr_carea' id='block_1_108' title="bbox 2009 5045 3588 5135">
    <p class='ocr_par' dir='ltr' id='par_1_108' title="bbox 2009 5045 3588 5135">
     <span class='ocr_line' id='line_1_108' title="bbox 2009 5045 3588 5135; baseline 0.001 -18"><span class='ocrx_word' id='word_1_812' title='bbox 2009 5061 2208 5135; x_wconf 91' lang='lat' dir='ltr'><strong>(quinti</strong></span> <span class='ocrx_word' id='word_1_813' title='bbox 2251 5060 2479 5130; x_wconf 91' lang='lat' dir='ltr'><strong>scilicet)</strong></span> <span class='ocrx_word' id='word_1_814' title='bbox 2531 5074 2761 5114; x_wconf 87' lang='lat' dir='ltr'><strong>accensa</strong></span> <span class='ocrx_word' id='word_1_815' title='bbox 2797 5045 3007 5117; x_wconf 61' lang='lat' dir='ltr'><strong>fuisset.</strong></span> <span class='ocrx_word' id='word_1_816' title='bbox 3040 5062 3194 5130; x_wconf 84' lang='lat' dir='ltr'><strong>Quod</strong></span> <span class='ocrx_word' id='word_1_817' title='bbox 3225 5079 3348 5118; x_wconf 90' lang='lat' dir='ltr'><strong>cum</strong></span> <span class='ocrx_word' id='word_1_818' title='bbox 3399 5079 3588 5119; x_wconf 87' lang='lat' dir='ltr'><strong>nume-</strong></span> 
     </span>
    </p>
   </div>
   <div class='ocr_carea' id='block_1_109' title="bbox 2007 5151 3590 5222">
    <p class='ocr_par' dir='ltr' id='par_1_109' title="bbox 2007 5151 3590 5222">
     <span class='ocr_line' id='line_1_109' title="bbox 2007 5151 3590 5222; baseline -0.001 -12"><span class='ocrx_word' id='word_1_819' title='bbox 2007 5152 2304 5210; x_wconf 66' lang='lat' dir='ltr'><strong>rosissimae</strong></span> <span class='ocrx_word' id='word_1_820' title='bbox 2329 5159 2641 5208; x_wconf 90' lang='lat' dir='ltr'><strong>nostrorum</strong></span> <span class='ocrx_word' id='word_1_821' title='bbox 2673 5152 2955 5207; x_wconf 90' lang='lat' dir='ltr'><strong>hominum</strong></span> <span class='ocrx_word' id='word_1_822' title='bbox 2987 5153 3041 5206; x_wconf 90' lang='lat' dir='ltr'><strong>in</strong></span> <span class='ocrx_word' id='word_1_823' title='bbox 3071 5168 3257 5208; x_wconf 89' lang='lat' dir='ltr'><strong>sacras</strong></span> <span class='ocrx_word' id='word_1_824' title='bbox 3278 5151 3590 5222; x_wconf 89' lang='lat' dir='ltr'><strong>Scripturas</strong></span> 
     </span>
    </p>
   </div>
   <div class='ocr_carea' id='block_1_110' title="bbox 2009 5243 3594 5314">
    <p class='ocr_par' dir='ltr' id='par_1_110' title="bbox 2009 5243 3594 5314">
     <span class='ocr_line' id='line_1_110' title="bbox 2009 5243 3594 5314; baseline -0.001 -12"><span class='ocrx_word' id='word_1_825' title='bbox 2009 5245 2255 5309; x_wconf 71' lang='lat' dir='ltr'><strong>theoriaa,</strong></span> <span class='ocrx_word' id='word_1_826' title='bbox 2299 5243 2683 5300; x_wconf 90' lang='lat' dir='ltr'><strong>meditationes</strong></span> <span class='ocrx_word' id='word_1_827' title='bbox 2711 5282 2727 5309; x_wconf 88' lang='lat'><strong>,</strong></span> <span class='ocrx_word' id='word_1_828' title='bbox 2775 5252 2832 5298; x_wconf 90' lang='lat' dir='ltr'><strong>et</strong></span> <span class='ocrx_word' id='word_1_829' title='bbox 2882 5243 3088 5314; x_wconf 90' lang='lat' dir='ltr'><strong>scripta</strong></span> <span class='ocrx_word' id='word_1_830' title='bbox 3135 5251 3262 5298; x_wconf 91' lang='lat' dir='ltr'><strong>ante</strong></span> <span class='ocrx_word' id='word_1_831' title='bbox 3305 5244 3594 5301; x_wconf 69' lang='lat' dir='ltr'><strong>baareticw</strong></span> 
     </span>
    </p>
   </div>
   <div class='ocr_carea' id='block_1_111' title="bbox 2005 5333 3585 5404">
    <p class='ocr_par' dir='ltr' id='par_1_111' title="bbox 2005 5333 3585 5404">
     <span class='ocr_line' id='line_1_111' title="bbox 2005 5333 3585 5404; baseline 0.001 -11"><span class='ocrx_word' id='word_1_832' title='bbox 2005 5338 2140 5396; x_wconf 89' lang='lat' dir='ltr'><strong>istos</strong></span> <span class='ocrx_word' id='word_1_833' title='bbox 2177 5343 2400 5394; x_wconf 82' lang='lat' dir='ltr'><strong>exertos</strong></span> <span class='ocrx_word' id='word_1_834' title='bbox 2441 5336 2632 5402; x_wconf 85' lang='lat' dir='ltr'><strong>edita,</strong></span> <span class='ocrx_word' id='word_1_835' title='bbox 2686 5333 3039 5404; x_wconf 77' lang='lat' dir='ltr'><strong>falsissimum</strong></span> <span class='ocrx_word' id='word_1_836' title='bbox 3101 5350 3221 5396; x_wconf 82' lang='lat' dir='ltr'><strong>esse</strong></span> <span class='ocrx_word' id='word_1_837' title='bbox 3269 5342 3534 5391; x_wconf 73' lang='lat' dir='ltr'><strong>testentur</strong></span> <span class='ocrx_word' id='word_1_838' title='bbox 3570 5352 3585 5389; x_wconf 88' lang='lat'>:</span> 
     </span>
    </p>
   </div>
   <div class='ocr_carea' id='block_1_112' title="bbox 2008 5425 3590 5484">
    <p class='ocr_par' dir='ltr' id='par_1_112' title="bbox 2008 5425 3590 5484">
     <span class='ocr_line' id='line_1_112' title="bbox 2008 5425 3590 5484; baseline -0.002 -2"><span class='ocrx_word' id='word_1_839' title='bbox 2008 5438 2122 5484; x_wconf 92' lang='lat' dir='ltr'><strong>tum</strong></span> <span class='ocrx_word' id='word_1_840' title='bbox 2160 5428 2245 5484; x_wconf 86' lang='lat' dir='ltr'><strong>vel</strong></span> <span class='ocrx_word' id='word_1_841' title='bbox 2267 5427 2531 5482; x_wconf 23' lang='lat' dir='ltr'><strong>tmaxime</strong></span> <span class='ocrx_word' id='word_1_842' title='bbox 2569 5427 2674 5483; x_wconf 89' lang='lat' dir='ltr'><strong>ista</strong></span> <span class='ocrx_word' id='word_1_843' title='bbox 2717 5426 2922 5484; x_wconf 84' lang='lat' dir='ltr'><strong>Glossae</strong></span> <span class='ocrx_word' id='word_1_844' title='bbox 2965 5434 3019 5482; x_wconf 91' lang='lat' dir='ltr'><strong>et</strong></span> <span class='ocrx_word' id='word_1_845' title='bbox 3048 5425 3234 5482; x_wconf 88' lang='lat' dir='ltr'><strong>Lirani</strong></span> <span class='ocrx_word' id='word_1_846' title='bbox 3257 5431 3590 5482; x_wconf 89' lang='lat' dir='ltr'><strong>commenta-</strong></span> 
     </span>
    </p>
   </div>
   <div class='ocr_carea' id='block_1_113' title="bbox 2007 5514 3589 5591">
    <p class='ocr_par' dir='ltr' id='par_1_113' title="bbox 2007 5514 3589 5591">
     <span class='ocr_line' id='line_1_113' title="bbox 2007 5514 3589 5591; baseline -0.003 -15"><span class='ocrx_word' id='word_1_847' title='bbox 2007 5521 2112 5586; x_wconf 89' lang='lat' dir='ltr'><strong>ria,</strong></span> <span class='ocrx_word' id='word_1_848' title='bbox 2138 5536 2205 5575; x_wconf 86' lang='lat' dir='ltr'><strong>ex</strong></span> <span class='ocrx_word' id='word_1_849' title='bbox 2236 5520 2432 5590; x_wconf 91' lang='lat' dir='ltr'><strong>quibus</strong></span> <span class='ocrx_word' id='word_1_850' title='bbox 2481 5519 2568 5573; x_wconf 91' lang='lat' dir='ltr'><strong>isti</strong></span> <span class='ocrx_word' id='word_1_851' title='bbox 2599 5519 2912 5591; x_wconf 82' lang='lat' dir='ltr'><strong>alienigenae</strong></span> <span class='ocrx_word' id='word_1_852' title='bbox 2950 5517 3310 5588; x_wconf 90' lang='lat' dir='ltr'><strong>compilarunt</strong></span> <span class='ocrx_word' id='word_1_853' title='bbox 3331 5514 3589 5584; x_wconf 78' lang='lat' dir='ltr'><strong>quidquid</strong></span> 
     </span>
    </p>
   </div>
   <div class='ocr_carea' id='block_1_114' title="bbox 2009 5604 3585 5680">
    <p class='ocr_par' dir='ltr' id='par_1_114' title="bbox 2009 5604 3585 5680">
     <span class='ocr_line' id='line_1_114' title="bbox 2009 5604 3585 5680; baseline -0.008 -12"><span class='ocrx_word' id='word_1_854' title='bbox 2009 5614 2078 5668; x_wconf 84' lang='lat' dir='ltr'><strong>ab</strong></span> <span class='ocrx_word' id='word_1_855' title='bbox 2109 5612 2216 5667; x_wconf 89' lang='lat' dir='ltr'><strong>illis</strong></span> <span class='ocrx_word' id='word_1_856' title='bbox 2250 5621 2393 5666; x_wconf 89' lang='lat' dir='ltr'><strong>recte</strong></span> <span class='ocrx_word' id='word_1_857' title='bbox 2423 5610 2475 5664; x_wconf 92' lang='lat' dir='ltr'><strong>in</strong></span> <span class='ocrx_word' id='word_1_858' title='bbox 2508 5611 2806 5680; x_wconf 84' lang='lat' dir='ltr'><strong>Scripturis</strong></span> <span class='ocrx_word' id='word_1_859' title='bbox 2836 5611 3138 5668; x_wconf 89' lang='lat' dir='ltr'><strong>disseritur,</strong></span> <span class='ocrx_word' id='word_1_860' title='bbox 3173 5621 3270 5660; x_wconf 86' lang='lat' dir='ltr'><strong>nec</strong></span> <span class='ocrx_word' id='word_1_861' title='bbox 3291 5604 3585 5674; x_wconf 85' lang='lat' dir='ltr'><strong>quidquam</strong></span> 
     </span>
    </p>
   </div>
   <div class='ocr_carea' id='block_1_115' title="bbox 2012 5698 3581 5772">
    <p class='ocr_par' dir='ltr' id='par_1_115' title="bbox 2012 5698 3581 5772">
     <span class='ocr_line' id='line_1_115' title="bbox 2012 5698 3581 5772; baseline -0.006 -11"><span class='ocrx_word' id='word_1_862' title='bbox 2012 5705 2077 5761; x_wconf 85' lang='lat' dir='ltr'><strong>de</strong></span> <span class='ocrx_word' id='word_1_863' title='bbox 2108 5719 2205 5759; x_wconf 90' lang='lat' dir='ltr'><strong>suo</strong></span> <span class='ocrx_word' id='word_1_864' title='bbox 2250 5703 2611 5768; x_wconf 84' lang='lat' dir='ltr'><strong>addiderunt,</strong></span> <span class='ocrx_word' id='word_1_865' title='bbox 2649 5711 2844 5772; x_wconf 73' lang='lat' dir='ltr'><strong>prmtcr</strong></span> <span class='ocrx_word' id='word_1_866' title='bbox 2883 5701 3192 5756; x_wconf 89' lang='lat' dir='ltr'><strong>nonnullum</strong></span> <span class='ocrx_word' id='word_1_867' title='bbox 3243 5698 3581 5768; x_wconf 87' lang='lat' dir='ltr'><strong>splendorem</strong></span> 
     </span>
    </p>
   </div>
  </div>
