  <div class='ocr_page' id='page_1' title='image "/cluster/home/n/w/nwhite01/storage/ocr_20150623/113/hvd.32044018909572/013.png"; bbox 0 0 4074 6334; ppageno 0'>
   <div class='ocr_carea' id='block_1_1' title="bbox 440 292 3686 370">
    <p class='ocr_par' dir='ltr' id='par_1_1' title="bbox 440 292 3686 370">
     <span class='ocr_line' id='line_1_1' title="bbox 440 292 3686 370; baseline -0.007 0"><span class='ocrx_word' id='word_1_1' title='bbox 440 310 511 370; x_wconf 73' lang='lat' dir='ltr'><strong>l5</strong></span> <span class='ocrx_word' id='word_1_2' title='bbox 1223 303 1683 364; x_wconf 78' lang='lat' dir='ltr'><strong>WALAFRIDUS</strong></span> <span class='ocrx_word' id='word_1_3' title='bbox 1718 298 2039 360; x_wconf 79' lang='lat' dir='ltr'><strong>STRABUS</strong></span> <span class='ocrx_word' id='word_1_4' title='bbox 2062 294 2459 357; x_wconf 31' lang='lat' dir='ltr'><strong>&#39;FULDENSIS</strong></span> <span class='ocrx_word' id='word_1_5' title='bbox 2491 292 2890 354; x_wconf 75' lang='lat' dir='ltr'><strong>MONACHUS.</strong></span> <span class='ocrx_word' id='word_1_6' title='bbox 3462 338 3473 345; x_wconf 76' lang='lat'><strong>.</strong></span> <span class='ocrx_word' id='word_1_7' title='bbox 3619 292 3686 348; x_wconf 74' lang='lat'><strong>16</strong></span> 
     </span>
    </p>
   </div>
   <div class='ocr_carea' id='block_1_2' title="bbox 437 402 3694 495">
    <p class='ocr_par' dir='ltr' id='par_1_2' title="bbox 437 402 3694 495">
     <span class='ocr_line' id='line_1_2' title="bbox 437 402 3694 495; baseline -0.008 -10"><span class='ocrx_word' id='word_1_8' title='bbox 437 428 728 495; x_wconf 84' lang='lat' dir='ltr'><strong>orationis,</strong></span> <span class='ocrx_word' id='word_1_9' title='bbox 774 440 832 484; x_wconf 85' lang='lat' dir='ltr'><strong>et</strong></span> <span class='ocrx_word' id='word_1_10' title='bbox 882 424 1183 485; x_wconf 84' lang='lat' dir='ltr'><strong>maledictis</strong></span> <span class='ocrx_word' id='word_1_11' title='bbox 1244 421 1698 494; x_wconf 88' lang='lat' dir='ltr'><strong>blasphemiisque</strong></span> <span class='ocrx_word' id='word_1_12' title='bbox 1759 423 2012 474; x_wconf 89' lang='lat' dir='ltr'><strong>oneratas</strong></span> <span class='ocrx_word' id='word_1_13' title='bbox 2037 419 2090 482; x_wconf 78' lang='grc' dir='ltr'><strong>Α</strong></span> <span class='ocrx_word' id='word_1_14' title='bbox 2111 409 2355 468; x_wconf 78' lang='lat' dir='ltr'><strong>virorum</strong></span> <span class='ocrx_word' id='word_1_15' title='bbox 2387 408 2544 483; x_wconf 90' lang='lat' dir='ltr'><strong>(quos</strong></span> <span class='ocrx_word' id='word_1_16' title='bbox 2596 421 2759 478; x_wconf 96' lang='lat' dir='ltr'><strong>supra</strong></span> <span class='ocrx_word' id='word_1_17' title='bbox 2806 403 3202 463; x_wconf 81' lang='lat' dir='ltr'><strong>nominavimus</strong></span> <span class='ocrx_word' id='word_1_18' title='bbox 3224 442 3242 472; x_wconf 93' lang='lat'><strong>,</strong></span> <span class='ocrx_word' id='word_1_19' title='bbox 3289 402 3492 476; x_wconf 88' lang='lat' dir='ltr'><strong>quique</strong></span> <span class='ocrx_word' id='word_1_20' title='bbox 3540 402 3694 462; x_wconf 89' lang='lat' dir='ltr'><strong>Pari-</strong></span> 
     </span>
    </p>
   </div>
   <div class='ocr_carea' id='block_1_3' title="bbox 438 510 2016 589">
    <p class='ocr_par' dir='ltr' id='par_1_3' title="bbox 438 510 2016 589">
     <span class='ocr_line' id='line_1_3' title="bbox 438 510 2016 589; baseline -0.008 -15"><span class='ocrx_word' id='word_1_21' title='bbox 438 519 823 587; x_wconf 81' lang='lat' dir='ltr'><strong>excursiones,</strong></span> <span class='ocrx_word' id='word_1_22' title='bbox 864 520 918 574; x_wconf 92' lang='lat' dir='ltr'><strong>in</strong></span> <span class='ocrx_word' id='word_1_23' title='bbox 958 517 1154 589; x_wconf 84' lang='lat' dir='ltr'><strong>quibus</strong></span> <span class='ocrx_word' id='word_1_24' title='bbox 1195 525 1289 569; x_wconf 90' lang='lat' dir='ltr'><strong>aut</strong></span> <span class='ocrx_word' id='word_1_25' title='bbox 1335 529 1432 569; x_wconf 91' lang='lat' dir='ltr'><strong>sua</strong></span> <span class='ocrx_word' id='word_1_26' title='bbox 1477 511 1721 569; x_wconf 89' lang='lat' dir='ltr'><strong>stabilire</strong></span> <span class='ocrx_word' id='word_1_27' title='bbox 1767 510 2016 566; x_wconf 90' lang='lat' dir='ltr'><strong>nituntur</strong></span> 
     </span>
    </p>
   </div>
   <div class='ocr_carea' id='block_1_4' title="bbox 437 599 2018 676">
    <p class='ocr_par' dir='ltr' id='par_1_4' title="bbox 437 599 2018 676">
     <span class='ocr_line' id='line_1_4' title="bbox 437 599 2018 676; baseline -0.006 -12"><span class='ocrx_word' id='word_1_28' title='bbox 437 608 796 666; x_wconf 85' lang='lat' dir='ltr'><strong>deliramenta</strong></span> <span class='ocrx_word' id='word_1_29' title='bbox 823 647 841 676; x_wconf 92' lang='lat'><strong>,</strong></span> <span class='ocrx_word' id='word_1_30' title='bbox 885 617 980 664; x_wconf 92' lang='lat' dir='ltr'><strong>aut</strong></span> <span class='ocrx_word' id='word_1_31' title='bbox 1024 615 1227 664; x_wconf 75' lang='lat' dir='ltr'><strong>nostra:</strong></span> <span class='ocrx_word' id='word_1_32' title='bbox 1273 603 1408 661; x_wconf 76' lang='lat' dir='ltr'><strong>ﬁdei</strong></span> <span class='ocrx_word' id='word_1_33' title='bbox 1456 610 1770 676; x_wconf 84' lang='lat' dir='ltr'><strong>impugnant</strong></span> <span class='ocrx_word' id='word_1_34' title='bbox 1826 599 2018 657; x_wconf 87' lang='lat' dir='ltr'><strong>funda-</strong></span> 
     </span>
    </p>
   </div>
   <div class='ocr_carea' id='block_1_5' title="bbox 436 711 643 761">
    <p class='ocr_par' dir='ltr' id='par_1_5' title="bbox 436 711 643 761">
     <span class='ocr_line' id='line_1_5' title="bbox 436 711 643 761; baseline -0.014 0"><span class='ocrx_word' id='word_1_35' title='bbox 436 711 643 761; x_wconf 83' lang='lat' dir='ltr'><strong>menta.</strong></span> 
     </span>
    </p>
   </div>
   <div class='ocr_carea' id='block_1_6' title="bbox 512 782 2019 857">
    <p class='ocr_par' dir='ltr' id='par_1_6' title="bbox 512 782 2019 857">
     <span class='ocr_line' id='line_1_6' title="bbox 512 782 2019 857; baseline -0.01 -5"><span class='ocrx_word' id='word_1_36' title='bbox 512 792 780 852; x_wconf 62' lang='lat' dir='ltr'><strong>Caeterum</strong></span> <span class='ocrx_word' id='word_1_37' title='bbox 813 790 1153 849; x_wconf 81' lang='lat' dir='ltr'><strong>occasionem</strong></span> <span class='ocrx_word' id='word_1_38' title='bbox 1180 788 1307 845; x_wconf 87' lang='lat' dir='ltr'><strong>huic</strong></span> <span class='ocrx_word' id='word_1_39' title='bbox 1334 784 1558 843; x_wconf 85' lang='lat' dir='ltr'><strong>editioni</strong></span> <span class='ocrx_word' id='word_1_40' title='bbox 1581 783 1809 857; x_wconf 58' lang='lat' dir='ltr'><strong>praebuit</strong></span> <span class='ocrx_word' id='word_1_41' title='bbox 1827 823 1844 849; x_wconf 97' lang='lat'><strong>,</strong></span> <span class='ocrx_word' id='word_1_42' title='bbox 1874 782 2019 837; x_wconf 90' lang='lat' dir='ltr'><strong>inter</strong></span> 
     </span>
    </p>
   </div>
   <div class='ocr_carea' id='block_1_7' title="bbox 441 874 2019 957">
    <p class='ocr_par' dir='ltr' id='par_1_7' title="bbox 441 874 2019 957">
     <span class='ocr_line' id='line_1_7' title="bbox 441 874 2019 957; baseline -0.01 -12"><span class='ocrx_word' id='word_1_43' title='bbox 441 896 674 953; x_wconf 74' lang='lat' dir='ltr'><strong>cmtera,</strong></span> <span class='ocrx_word' id='word_1_44' title='bbox 713 885 859 957; x_wconf 88' lang='lat' dir='ltr'><strong>quod</strong></span> <span class='ocrx_word' id='word_1_45' title='bbox 885 901 917 940; x_wconf 87' lang='lat' dir='ltr'><strong>a</strong></span> <span class='ocrx_word' id='word_1_46' title='bbox 940 884 1009 939; x_wconf 73' lang='grc' dir='ltr'><strong>Β.</strong></span> <span class='ocrx_word' id='word_1_47' title='bbox 1033 883 1094 939; x_wconf 83' lang='grc' dir='ltr'><strong>Ρ.</strong></span> <span class='ocrx_word' id='word_1_48' title='bbox 1124 882 1360 938; x_wconf 81' lang='lat' dir='ltr'><strong>Antonio</strong></span> <span class='ocrx_word' id='word_1_49' title='bbox 1393 879 1688 936; x_wconf 89' lang='lat' dir='ltr'><strong>Possevino</strong></span> <span class='ocrx_word' id='word_1_50' title='bbox 1725 877 1781 932; x_wconf 88' lang='lat' dir='ltr'><strong>in</strong></span> <span class='ocrx_word' id='word_1_51' title='bbox 1822 874 2019 931; x_wconf 87' lang='lat' dir='ltr'><strong>Biblio-</strong></span> 
     </span>
    </p>
   </div>
   <div class='ocr_carea' id='block_1_8' title="bbox 443 969 2018 1042">
    <p class='ocr_par' dir='ltr' id='par_1_8' title="bbox 443 969 2018 1042">
     <span class='ocr_line' id='line_1_8' title="bbox 443 969 2018 1042; baseline -0.01 -6"><span class='ocrx_word' id='word_1_52' title='bbox 443 979 599 1035; x_wconf 81' lang='lat' dir='ltr'><strong>theca</strong></span> <span class='ocrx_word' id='word_1_53' title='bbox 626 992 780 1034; x_wconf 90' lang='lat' dir='ltr'><strong>sacra</strong></span> <span class='ocrx_word' id='word_1_54' title='bbox 806 975 907 1031; x_wconf 93' lang='lat' dir='ltr'><strong>fuit</strong></span> <span class='ocrx_word' id='word_1_55' title='bbox 929 975 1264 1030; x_wconf 86' lang='lat' dir='ltr'><strong>adnotatum.</strong></span> <span class='ocrx_word' id='word_1_56' title='bbox 1300 971 1651 1042; x_wconf 87' lang='lat' dir='ltr'><strong>Cupientibus</strong></span> <span class='ocrx_word' id='word_1_57' title='bbox 1688 969 1833 1025; x_wconf 91' lang='lat' dir='ltr'><strong>enim</strong></span> <span class='ocrx_word' id='word_1_58' title='bbox 1863 976 2018 1039; x_wconf 85' lang='lat' dir='ltr'><strong>typo-</strong></span> 
     </span>
    </p>
   </div>
   <div class='ocr_carea' id='block_1_9' title="bbox 440 1061 2022 1145">
    <p class='ocr_par' dir='ltr' id='par_1_9' title="bbox 440 1061 2022 1145">
     <span class='ocr_line' id='line_1_9' title="bbox 440 1061 2022 1145; baseline -0.006 -18"><span class='ocrx_word' id='word_1_59' title='bbox 440 1070 664 1145; x_wconf 88' lang='lat' dir='ltr'><strong>grapbis</strong></span> <span class='ocrx_word' id='word_1_60' title='bbox 690 1069 758 1124; x_wconf 88' lang='lat' dir='ltr'><strong>ad</strong></span> <span class='ocrx_word' id='word_1_61' title='bbox 791 1069 885 1124; x_wconf 88' lang='lat' dir='ltr'><strong>Dei</strong></span> <span class='ocrx_word' id='word_1_62' title='bbox 906 1067 1130 1139; x_wconf 76' lang='lat' dir='ltr'><strong>gloriam</strong></span> <span class='ocrx_word' id='word_1_63' title='bbox 1158 1075 1215 1123; x_wconf 90' lang='lat' dir='ltr'><strong>et</strong></span> <span class='ocrx_word' id='word_1_64' title='bbox 1244 1078 1587 1121; x_wconf 86' lang='lat' dir='ltr'><strong>communem</strong></span> <span class='ocrx_word' id='word_1_65' title='bbox 1632 1061 1868 1119; x_wconf 79' lang='lat' dir='ltr'><strong>fidelium</strong></span> <span class='ocrx_word' id='word_1_66' title='bbox 1914 1061 2022 1117; x_wconf 89' lang='lat' dir='ltr'><strong>uti-</strong></span> 
     </span>
    </p>
   </div>
   <div class='ocr_carea' id='block_1_10' title="bbox 442 1149 2023 1223">
    <p class='ocr_par' dir='ltr' id='par_1_10' title="bbox 442 1149 2023 1223">
     <span class='ocr_line' id='line_1_10' title="bbox 442 1149 2023 1223; baseline -0.006 -8"><span class='ocrx_word' id='word_1_67' title='bbox 442 1160 653 1216; x_wconf 88' lang='lat' dir='ltr'><strong>litatem</strong></span> <span class='ocrx_word' id='word_1_68' title='bbox 692 1157 943 1216; x_wconf 87' lang='lat' dir='ltr'><strong>Glossam</strong></span> <span class='ocrx_word' id='word_1_69' title='bbox 996 1172 1061 1212; x_wconf 90' lang='lat' dir='ltr'><strong>ea</strong></span> <span class='ocrx_word' id='word_1_70' title='bbox 1111 1155 1285 1211; x_wconf 74' lang='lat' dir='ltr'><strong>forma</strong></span> <span class='ocrx_word' id='word_1_71' title='bbox 1320 1153 1581 1210; x_wconf 85' lang='lat' dir='ltr'><strong>recudere</strong></span> <span class='ocrx_word' id='word_1_72' title='bbox 1626 1168 1733 1223; x_wconf 89' lang='lat' dir='ltr'><strong>qua</strong></span> <span class='ocrx_word' id='word_1_73' title='bbox 1785 1167 1818 1206; x_wconf 90' lang='lat' dir='ltr'><strong>a</strong></span> <span class='ocrx_word' id='word_1_74' title='bbox 1868 1149 2023 1206; x_wconf 88' lang='lat' dir='ltr'><strong>Pari-</strong></span> 
     </span>
    </p>
   </div>
   <div class='ocr_carea' id='block_1_11' title="bbox 443 1239 2020 1312">
    <p class='ocr_par' dir='ltr' id='par_1_11' title="bbox 443 1239 2020 1312">
     <span class='ocr_line' id='line_1_11' title="bbox 443 1239 2020 1312; baseline -0.006 -5"><span class='ocrx_word' id='word_1_75' title='bbox 443 1250 713 1307; x_wconf 86' lang='lat' dir='ltr'><strong>siensibus</strong></span> <span class='ocrx_word' id='word_1_76' title='bbox 734 1263 801 1305; x_wconf 87' lang='lat' dir='ltr'><strong>ex</strong></span> <span class='ocrx_word' id='word_1_77' title='bbox 824 1239 1143 1305; x_wconf 77' lang='lat' dir='ltr'><strong>recensione</strong></span> <span class='ocrx_word' id='word_1_78' title='bbox 1168 1247 1331 1302; x_wconf 86' lang='lat' dir='ltr'><strong>trium</strong></span> <span class='ocrx_word' id='word_1_79' title='bbox 1380 1245 1662 1300; x_wconf 83' lang='lat' dir='ltr'><strong>doctorum</strong></span> <span class='ocrx_word' id='word_1_80' title='bbox 1685 1284 1701 1312; x_wconf 96' lang='lat'><strong>,</strong></span> <span class='ocrx_word' id='word_1_81' title='bbox 1743 1242 2020 1299; x_wconf 89' lang='lat' dir='ltr'><strong>Francisci</strong></span> 
     </span>
    </p>
   </div>
   <div class='ocr_carea' id='block_1_12' title="bbox 441 1335 2019 1411">
    <p class='ocr_par' dir='ltr' id='par_1_12' title="bbox 441 1335 2019 1411">
     <span class='ocr_line' id='line_1_12' title="bbox 441 1335 2019 1411; baseline -0.005 -13"><span class='ocrx_word' id='word_1_82' title='bbox 441 1340 788 1399; x_wconf 83' lang='lat' dir='ltr'><strong>Feuardentii</strong></span> <span class='ocrx_word' id='word_1_83' title='bbox 808 1381 825 1408; x_wconf 96' lang='lat'><strong>,</strong></span> <span class='ocrx_word' id='word_1_84' title='bbox 871 1338 1057 1397; x_wconf 78' lang='lat' dir='ltr'><strong>Jacobi</strong></span> <span class='ocrx_word' id='word_1_85' title='bbox 1087 1340 1156 1395; x_wconf 89' lang='lat' dir='ltr'><strong>de</strong></span> <span class='ocrx_word' id='word_1_86' title='bbox 1181 1338 1368 1411; x_wconf 85' lang='lat' dir='ltr'><strong>Cuelly</strong></span> <span class='ocrx_word' id='word_1_87' title='bbox 1417 1347 1474 1393; x_wconf 92' lang='lat' dir='ltr'><strong>et</strong></span> <span class='ocrx_word' id='word_1_88' title='bbox 1513 1335 1737 1393; x_wconf 83' lang='lat' dir='ltr'><strong>Joannis</strong></span> <span class='ocrx_word' id='word_1_89' title='bbox 1764 1335 1973 1390; x_wconf 67' lang='lat' dir='ltr'><strong>Dadrazi</strong></span> <span class='ocrx_word' id='word_1_90' title='bbox 2002 1373 2019 1400; x_wconf 95' lang='lat'><strong>,</strong></span> 
     </span>
    </p>
   </div>
   <div class='ocr_carea' id='block_1_13' title="bbox 444 1427 2024 1505">
    <p class='ocr_par' dir='ltr' id='par_1_13' title="bbox 444 1427 2024 1505">
     <span class='ocr_line' id='line_1_13' title="bbox 444 1427 2024 1505; baseline -0.006 -15"><span class='ocrx_word' id='word_1_91' title='bbox 444 1434 627 1492; x_wconf 81' lang='lat' dir='ltr'><strong>fuerat</strong></span> <span class='ocrx_word' id='word_1_92' title='bbox 665 1450 808 1490; x_wconf 92' lang='lat' dir='ltr'><strong>anno</strong></span> <span class='ocrx_word' id='word_1_93' title='bbox 854 1432 990 1489; x_wconf 67' lang='lat'><strong>1588</strong></span> <span class='ocrx_word' id='word_1_94' title='bbox 1014 1432 1266 1505; x_wconf 90' lang='lat' dir='ltr'><strong>evulgata</strong></span> <span class='ocrx_word' id='word_1_95' title='bbox 1291 1448 1308 1497; x_wconf 92' lang='lat'><strong>;</strong></span> <span class='ocrx_word' id='word_1_96' title='bbox 1337 1439 1620 1487; x_wconf 89' lang='lat' dir='ltr'><strong>ostensum</strong></span> <span class='ocrx_word' id='word_1_97' title='bbox 1646 1437 1730 1484; x_wconf 89' lang='lat' dir='ltr'><strong>est</strong></span> <span class='ocrx_word' id='word_1_98' title='bbox 1756 1429 1861 1484; x_wconf 91' lang='lat' dir='ltr'><strong>hoc</strong></span> <span class='ocrx_word' id='word_1_99' title='bbox 1891 1427 2024 1482; x_wconf 87' lang='lat' dir='ltr'><strong>Pos-</strong></span> 
     </span>
    </p>
   </div>
   <div class='ocr_carea' id='block_1_14' title="bbox 445 1515 2028 1596">
    <p class='ocr_par' dir='ltr' id='par_1_14' title="bbox 445 1515 2028 1596">
     <span class='ocr_line' id='line_1_14' title="bbox 445 1515 2028 1596; baseline -0.009 -12"><span class='ocrx_word' id='word_1_100' title='bbox 445 1528 619 1585; x_wconf 88' lang='lat' dir='ltr'><strong>sevini</strong></span> <span class='ocrx_word' id='word_1_101' title='bbox 659 1525 922 1596; x_wconf 83' lang='lat' dir='ltr'><strong>judicium</strong></span> <span class='ocrx_word' id='word_1_102' title='bbox 946 1564 961 1589; x_wconf 92' lang='lat'><strong>,</strong></span> <span class='ocrx_word' id='word_1_103' title='bbox 1006 1524 1152 1594; x_wconf 91' lang='lat' dir='ltr'><strong>quod</strong></span> <span class='ocrx_word' id='word_1_104' title='bbox 1192 1520 1635 1594; x_wconf 78' lang='lat' dir='ltr'><strong>diligentissimus</strong></span> <span class='ocrx_word' id='word_1_105' title='bbox 1677 1517 1768 1573; x_wconf 92' lang='lat' dir='ltr'><strong>ille</strong></span> <span class='ocrx_word' id='word_1_106' title='bbox 1824 1515 2028 1571; x_wconf 90' lang='lat' dir='ltr'><strong>Biblio-</strong></span> 
     </span>
    </p>
   </div>
   <div class='ocr_carea' id='block_1_15' title="bbox 443 1611 2019 1715">
    <p class='ocr_par' dir='ltr' id='par_1_15' title="bbox 443 1611 2019 1715">
     <span class='ocr_line' id='line_1_15' title="bbox 443 1611 2019 1715; baseline -0.009 -38"><span class='ocrx_word' id='word_1_107' title='bbox 443 1622 621 1715; x_wconf 59' lang='lat' dir='ltr'><strong>theca:</strong></span> <span class='ocrx_word' id='word_1_108' title='bbox 647 1618 1032 1676; x_wconf 78' lang='lat' dir='ltr'><strong>ecclesiasticae</strong></span> <span class='ocrx_word' id='word_1_109' title='bbox 1057 1616 1319 1673; x_wconf 85' lang='lat' dir='ltr'><strong>lustrator</strong></span> <span class='ocrx_word' id='word_1_110' title='bbox 1337 1615 1423 1671; x_wconf 89' lang='lat' dir='ltr'><strong>his</strong></span> <span class='ocrx_word' id='word_1_111' title='bbox 1446 1611 1630 1669; x_wconf 78' lang='lat' dir='ltr'><strong>verbis</strong></span> <span class='ocrx_word' id='word_1_112' title='bbox 1653 1615 1980 1681; x_wconf 87' lang='lat' dir='ltr'><strong>conceperat</strong></span> <span class='ocrx_word' id='word_1_113' title='bbox 2004 1624 2019 1663; x_wconf 91' lang='lat'><strong>:</strong></span> 
     </span>
    </p>
   </div>
   <div class='ocr_carea' id='block_1_16' title="bbox 455 1698 2023 1782">
    <p class='ocr_par' dir='ltr' id='par_1_16' title="bbox 455 1698 2023 1782">
     <span class='ocr_line' id='line_1_16' title="bbox 455 1698 2023 1782; baseline -0.008 -16"><span class='ocrx_word' id='word_1_114' title='bbox 455 1698 493 1766; x_wconf 72' lang='grc' dir='ltr'><em>ἴ</em></span> <span class='ocrx_word' id='word_1_115' title='bbox 509 1712 653 1768; x_wconf 89' lang='lat' dir='ltr'><strong>Sane</strong></span> <span class='ocrx_word' id='word_1_116' title='bbox 679 1724 809 1766; x_wconf 90' lang='lat' dir='ltr'><strong>vero</strong></span> <span class='ocrx_word' id='word_1_117' title='bbox 835 1729 857 1765; x_wconf 69' lang='grc' dir='ltr'><strong><em>ι</em></strong></span> <span class='ocrx_word' id='word_1_118' title='bbox 885 1707 1100 1782; x_wconf 84' lang='lat' dir='ltr'><strong>(inquit</strong></span> <span class='ocrx_word' id='word_1_119' title='bbox 1141 1708 1199 1763; x_wconf 87' lang='lat' dir='ltr'><strong>in</strong></span> <span class='ocrx_word' id='word_1_120' title='bbox 1244 1707 1412 1763; x_wconf 89' lang='lat' dir='ltr'><strong>verbo</strong></span> <span class='ocrx_word' id='word_1_121' title='bbox 1453 1704 1643 1761; x_wconf 75' lang='lat' dir='ltr'><strong>Gloua</strong></span> <span class='ocrx_word' id='word_1_122' title='bbox 1690 1698 1980 1772; x_wconf 81' lang='lat' dir='ltr'><strong>ordinaria)</strong></span> <span class='ocrx_word' id='word_1_123' title='bbox 2004 1739 2023 1767; x_wconf 95' lang='lat'><strong>,</strong></span> 
     </span>
    </p>
   </div>
   <div class='ocr_carea' id='block_1_17' title="bbox 2116 496 3691 572">
    <p class='ocr_par' dir='ltr' id='par_1_17' title="bbox 2116 496 3691 572">
     <span class='ocr_line' id='line_1_17' title="bbox 2116 496 3691 572; baseline -0.007 -8"><span class='ocrx_word' id='word_1_124' title='bbox 2116 507 2282 565; x_wconf 88' lang='lat' dir='ltr'><strong>siensi</strong></span> <span class='ocrx_word' id='word_1_125' title='bbox 2325 504 2550 561; x_wconf 88' lang='lat' dir='ltr'><strong>editioni</strong></span> <span class='ocrx_word' id='word_1_126' title='bbox 2596 502 2828 559; x_wconf 89' lang='lat' dir='ltr'><strong>formam</strong></span> <span class='ocrx_word' id='word_1_127' title='bbox 2875 496 3355 572; x_wconf 85' lang='lat' dir='ltr'><strong>praescripserunt)</strong></span> <span class='ocrx_word' id='word_1_128' title='bbox 3408 498 3691 554; x_wconf 85' lang='lat' dir='ltr'><strong>existima-</strong></span> 
     </span>
    </p>
   </div>
   <div class='ocr_carea' id='block_1_18' title="bbox 2114 589 3694 654">
    <p class='ocr_par' dir='ltr' id='par_1_18' title="bbox 2114 589 3694 654">
     <span class='ocr_line' id='line_1_18' title="bbox 2114 589 3694 654; baseline -0.006 0"><span class='ocrx_word' id='word_1_129' title='bbox 2114 598 2251 654; x_wconf 85' lang='lat' dir='ltr'><strong>tioni</strong></span> <span class='ocrx_word' id='word_1_130' title='bbox 2280 597 2440 653; x_wconf 87' lang='lat' dir='ltr'><strong>debet</strong></span> <span class='ocrx_word' id='word_1_131' title='bbox 2466 607 2664 652; x_wconf 88' lang='lat' dir='ltr'><strong>nocere</strong></span> <span class='ocrx_word' id='word_1_132' title='bbox 2724 593 2841 648; x_wconf 57' lang='lat' dir='ltr'><strong>hanc</strong></span> <span class='ocrx_word' id='word_1_133' title='bbox 2889 599 3076 648; x_wconf 89' lang='lat' dir='ltr'><strong>nostra</strong></span> <span class='ocrx_word' id='word_1_134' title='bbox 3108 589 3503 645; x_wconf 83' lang='lat' dir='ltr'><strong>animadversio</strong></span> <span class='ocrx_word' id='word_1_135' title='bbox 3533 607 3547 643; x_wconf 88' lang='lat'><strong>:</strong></span> <span class='ocrx_word' id='word_1_136' title='bbox 3584 605 3694 645; x_wconf 90' lang='lat' dir='ltr'><strong>non</strong></span> 
     </span>
    </p>
   </div>
   <div class='ocr_carea' id='block_1_19' title="bbox 2115 683 3695 761">
    <p class='ocr_par' dir='ltr' id='par_1_19' title="bbox 2115 683 3695 761">
     <span class='ocr_line' id='line_1_19' title="bbox 2115 683 3695 761; baseline -0.005 -12"><span class='ocrx_word' id='word_1_137' title='bbox 2115 691 2292 749; x_wconf 86' lang='lat' dir='ltr'><strong>solum</strong></span> <span class='ocrx_word' id='word_1_138' title='bbox 2313 688 2650 761; x_wconf 87' lang='lat' dir='ltr'><strong>quia&#39;hellici</strong></span> <span class='ocrx_word' id='word_1_139' title='bbox 2686 685 2982 743; x_wconf 75' lang='lat' dir='ltr'><strong>civilesque</strong></span> <span class='ocrx_word' id='word_1_140' title='bbox 3029 684 3289 740; x_wconf 86' lang='lat' dir='ltr'><strong>tumultus</strong></span> <span class='ocrx_word' id='word_1_141' title='bbox 3315 683 3566 739; x_wconf 90' lang='lat' dir='ltr'><strong>omnibus</strong></span> <span class='ocrx_word' id='word_1_142' title='bbox 3590 683 3695 754; x_wconf 86' lang='lat' dir='ltr'><strong>piis</strong></span> 
     </span>
    </p>
   </div>
   <div class='ocr_carea' id='block_1_20' title="bbox 2117 773 3698 854">
    <p class='ocr_par' dir='ltr' id='par_1_20' title="bbox 2117 773 3698 854">
     <span class='ocr_line' id='line_1_20' title="bbox 2117 773 3698 854; baseline -0.008 -13"><span class='ocrx_word' id='word_1_143' title='bbox 2117 798 2184 841; x_wconf 90' lang='lat' dir='ltr'><strong>eo</strong></span> <span class='ocrx_word' id='word_1_144' title='bbox 2210 792 2455 854; x_wconf 88' lang='lat' dir='ltr'><strong>tempore</strong></span> <span class='ocrx_word' id='word_1_145' title='bbox 2479 780 2717 836; x_wconf 88' lang='lat' dir='ltr'><strong>calamos</strong></span> <span class='ocrx_word' id='word_1_146' title='bbox 2764 786 2821 833; x_wconf 90' lang='lat' dir='ltr'><strong>et</strong></span> <span class='ocrx_word' id='word_1_147' title='bbox 2870 777 3039 833; x_wconf 88' lang='lat' dir='ltr'><strong>libros</strong></span> <span class='ocrx_word' id='word_1_148' title='bbox 3082 790 3116 831; x_wconf 93' lang='lat' dir='ltr'><strong>e</strong></span> <span class='ocrx_word' id='word_1_149' title='bbox 3165 773 3416 830; x_wconf 86' lang='lat' dir='ltr'><strong>manibus</strong></span> <span class='ocrx_word' id='word_1_150' title='bbox 3442 781 3698 829; x_wconf 80' lang='lat' dir='ltr'><strong>excutere</strong></span> 
     </span>
    </p>
   </div>
   <div class='ocr_carea' id='block_1_21' title="bbox 2116 864 3698 946">
    <p class='ocr_par' dir='ltr' id='par_1_21' title="bbox 2116 864 3698 946">
     <span class='ocr_line' id='line_1_21' title="bbox 2116 864 3698 946; baseline -0.005 -18"><span class='ocrx_word' id='word_1_151' title='bbox 2116 880 2440 946; x_wconf 88' lang='lat' dir='ltr'><strong>potuerunt;</strong></span> <span class='ocrx_word' id='word_1_152' title='bbox 2477 886 2668 926; x_wconf 87' lang='lat' dir='ltr'><strong>verum</strong></span> <span class='ocrx_word' id='word_1_153' title='bbox 2700 868 2866 924; x_wconf 90' lang='lat' dir='ltr'><strong>etiam</strong></span> <span class='ocrx_word' id='word_1_154' title='bbox 2909 867 3036 937; x_wconf 89' lang='lat' dir='ltr'><strong>quia</strong></span> <span class='ocrx_word' id='word_1_155' title='bbox 3074 881 3183 922; x_wconf 91' lang='lat' dir='ltr'><strong>non</strong></span> <span class='ocrx_word' id='word_1_156' title='bbox 3208 879 3498 937; x_wconf 87' lang='lat' dir='ltr'><strong>possumus</strong></span> <span class='ocrx_word' id='word_1_157' title='bbox 3539 864 3698 920; x_wconf 90' lang='lat' dir='ltr'><strong>nobis</strong></span> 
     </span>
    </p>
   </div>
   <div class='ocr_carea' id='block_1_22' title="bbox 2118 951 3701 1035">
    <p class='ocr_par' dir='ltr' id='par_1_22' title="bbox 2118 951 3701 1035">
     <span class='ocr_line' id='line_1_22' title="bbox 2118 951 3701 1035; baseline -0.008 -17"><span class='ocrx_word' id='word_1_158' title='bbox 2118 961 2469 1035; x_wconf 84' lang='lat' dir='ltr'><strong>persuadere,</strong></span> <span class='ocrx_word' id='word_1_159' title='bbox 2517 959 2767 1015; x_wconf 86' lang='lat' dir='ltr'><strong>ordinem</strong></span> <span class='ocrx_word' id='word_1_160' title='bbox 2796 973 2828 1011; x_wconf 90' lang='lat' dir='ltr'><strong>a</strong></span> <span class='ocrx_word' id='word_1_161' title='bbox 2854 955 3065 1027; x_wconf 78' lang='lat' dir='ltr'><strong>magnis</strong></span> <span class='ocrx_word' id='word_1_162' title='bbox 3110 953 3219 1010; x_wconf 90' lang='lat' dir='ltr'><strong>illis</strong></span> <span class='ocrx_word' id='word_1_163' title='bbox 3267 953 3398 1009; x_wconf 89' lang='lat' dir='ltr'><strong>viris</strong></span> <span class='ocrx_word' id='word_1_164' title='bbox 3440 951 3701 1024; x_wconf 67' lang='lat' dir='ltr'><strong>praescri-</strong></span> 
     </span>
    </p>
   </div>
   <div class='ocr_carea' id='block_1_23' title="bbox 2118 1043 3698 1126">
    <p class='ocr_par' dir='ltr' id='par_1_23' title="bbox 2118 1043 3698 1126">
     <span class='ocr_line' id='line_1_23' title="bbox 2118 1043 3698 1126; baseline -0.009 -15"><span class='ocrx_word' id='word_1_165' title='bbox 2118 1064 2295 1126; x_wconf 87' lang='lat' dir='ltr'><strong>ptum,</strong></span> <span class='ocrx_word' id='word_1_166' title='bbox 2320 1052 2489 1108; x_wconf 87' lang='lat' dir='ltr'><strong>fuisse</strong></span> <span class='ocrx_word' id='word_1_167' title='bbox 2518 1051 2586 1105; x_wconf 87' lang='lat' dir='ltr'><strong>ab</strong></span> <span class='ocrx_word' id='word_1_168' title='bbox 2604 1047 2869 1119; x_wconf 84' lang='lat' dir='ltr'><strong>operariis</strong></span> <span class='ocrx_word' id='word_1_169' title='bbox 2891 1048 3258 1111; x_wconf 83' lang='lat' dir='ltr'><strong>observatum,</strong></span> <span class='ocrx_word' id='word_1_170' title='bbox 3281 1044 3379 1100; x_wconf 86' lang='lat' dir='ltr'><strong>sed</strong></span> <span class='ocrx_word' id='word_1_171' title='bbox 3406 1043 3698 1099; x_wconf 88' lang='lat' dir='ltr'><strong>festinante</strong></span> 
     </span>
    </p>
   </div>
   <div class='ocr_carea' id='block_1_24' title="bbox 2120 1134 3701 1206">
    <p class='ocr_par' dir='ltr' id='par_1_24' title="bbox 2120 1134 3701 1206">
     <span class='ocr_line' id='line_1_24' title="bbox 2120 1134 3701 1206; baseline -0.011 -4"><span class='ocrx_word' id='word_1_172' title='bbox 2120 1145 2192 1201; x_wconf 90' lang='lat' dir='ltr'><strong>ob</strong></span> <span class='ocrx_word' id='word_1_173' title='bbox 2217 1158 2411 1201; x_wconf 87' lang='lat' dir='ltr'><strong>causas</strong></span> <span class='ocrx_word' id='word_1_174' title='bbox 2442 1156 2474 1196; x_wconf 90' lang='lat' dir='ltr'><strong>a</strong></span> <span class='ocrx_word' id='word_1_175' title='bbox 2499 1140 2791 1196; x_wconf 90' lang='lat' dir='ltr'><strong>Possevino</strong></span> <span class='ocrx_word' id='word_1_176' title='bbox 2818 1137 3119 1193; x_wconf 85' lang='lat' dir='ltr'><strong>insinuatas</strong></span> <span class='ocrx_word' id='word_1_177' title='bbox 3162 1134 3334 1206; x_wconf 85' lang='lat' dir='ltr'><strong>prelo,</strong></span> <span class='ocrx_word' id='word_1_178' title='bbox 3366 1134 3600 1188; x_wconf 84' lang='lat' dir='ltr'><strong>maxima</strong></span> <span class='ocrx_word' id='word_1_179' title='bbox 3632 1146 3701 1186; x_wconf 78' lang='lat' dir='ltr'><strong>ex</strong></span> 
     </span>
    </p>
   </div>
   <div class='ocr_carea' id='block_1_25' title="bbox 2121 1225 3705 1309">
    <p class='ocr_par' dir='ltr' id='par_1_25' title="bbox 2121 1225 3705 1309">
     <span class='ocr_line' id='line_1_25' title="bbox 2121 1225 3705 1309; baseline -0.008 -17"><span class='ocrx_word' id='word_1_180' title='bbox 2121 1245 2280 1309; x_wconf 89' lang='lat' dir='ltr'><strong>parte</strong></span> <span class='ocrx_word' id='word_1_181' title='bbox 2328 1234 2665 1306; x_wconf 80' lang='lat' dir='ltr'><strong>neglectum.</strong></span> <span class='ocrx_word' id='word_1_182' title='bbox 2691 1229 2824 1286; x_wconf 84' lang='lat' dir='ltr'><strong>Nam</strong></span> <span class='ocrx_word' id='word_1_183' title='bbox 2855 1237 3062 1301; x_wconf 87' lang='lat' dir='ltr'><strong>quanta</strong></span> <span class='ocrx_word' id='word_1_184' title='bbox 3088 1228 3328 1299; x_wconf 87' lang='lat' dir='ltr'><strong>alioquin</strong></span> <span class='ocrx_word' id='word_1_185' title='bbox 3357 1227 3413 1282; x_wconf 90' lang='lat' dir='ltr'><strong>in</strong></span> <span class='ocrx_word' id='word_1_186' title='bbox 3442 1226 3548 1282; x_wconf 90' lang='lat' dir='ltr'><strong>illis</strong></span> <span class='ocrx_word' id='word_1_187' title='bbox 3572 1225 3705 1280; x_wconf 87' lang='lat' dir='ltr'><strong>viris</strong></span> 
     </span>
    </p>
   </div>
   <div class='ocr_carea' id='block_1_26' title="bbox 2121 1318 3702 1390">
    <p class='ocr_par' dir='ltr' id='par_1_26' title="bbox 2121 1318 3702 1390">
     <span class='ocr_line' id='line_1_26' title="bbox 2121 1318 3702 1390; baseline -0.007 -9"><span class='ocrx_word' id='word_1_188' title='bbox 2121 1326 2288 1383; x_wconf 86' lang='lat' dir='ltr'><strong>fuerit</strong></span> <span class='ocrx_word' id='word_1_189' title='bbox 2332 1325 2598 1382; x_wconf 87' lang='lat' dir='ltr'><strong>industria</strong></span> <span class='ocrx_word' id='word_1_190' title='bbox 2638 1338 2763 1378; x_wconf 89' lang='lat' dir='ltr'><strong>cum</strong></span> <span class='ocrx_word' id='word_1_191' title='bbox 2806 1335 3015 1377; x_wconf 89' lang='lat' dir='ltr'><strong>summa</strong></span> <span class='ocrx_word' id='word_1_192' title='bbox 3042 1320 3346 1377; x_wconf 89' lang='lat' dir='ltr'><strong>eruditione</strong></span> <span class='ocrx_word' id='word_1_193' title='bbox 3370 1318 3656 1390; x_wconf 85' lang='lat' dir='ltr'><strong>conjuncta</strong></span> <span class='ocrx_word' id='word_1_194' title='bbox 3685 1354 3702 1382; x_wconf 90' lang='lat'><strong>,</strong></span> 
     </span>
    </p>
   </div>
   <div class='ocr_carea' id='block_1_27' title="bbox 2122 1414 3706 1496">
    <p class='ocr_par' dir='ltr' id='par_1_27' title="bbox 2122 1414 3706 1496">
     <span class='ocr_line' id='line_1_27' title="bbox 2122 1414 3706 1496; baseline -0.009 -17"><span class='ocrx_word' id='word_1_195' title='bbox 2122 1431 2467 1496; x_wconf 89' lang='lat' dir='ltr'><strong>quantusque</strong></span> <span class='ocrx_word' id='word_1_196' title='bbox 2502 1421 2686 1477; x_wconf 81' lang='lat' dir='ltr'><strong>fervor</strong></span> <span class='ocrx_word' id='word_1_197' title='bbox 2716 1419 2771 1474; x_wconf 91' lang='lat' dir='ltr'><strong>in</strong></span> <span class='ocrx_word' id='word_1_198' title='bbox 2799 1433 2963 1475; x_wconf 85' lang='lat' dir='ltr'><strong>causa</strong></span> <span class='ocrx_word' id='word_1_199' title='bbox 2987 1416 3085 1472; x_wconf 89' lang='lat' dir='ltr'><strong>Dei</strong></span> <span class='ocrx_word' id='word_1_200' title='bbox 3112 1425 3167 1472; x_wconf 90' lang='lat' dir='ltr'><strong>et</strong></span> <span class='ocrx_word' id='word_1_201' title='bbox 3204 1414 3459 1472; x_wconf 62' lang='lat' dir='ltr'><strong>Ecclesiae</strong></span> <span class='ocrx_word' id='word_1_202' title='bbox 3499 1426 3706 1484; x_wconf 87' lang='lat' dir='ltr'><strong>propu-</strong></span> 
     </span>
    </p>
   </div>
   <div class='ocr_carea' id='block_1_28' title="bbox 2123 1500 3708 1589">
    <p class='ocr_par' dir='ltr' id='par_1_28' title="bbox 2123 1500 3708 1589">
     <span class='ocr_line' id='line_1_28' title="bbox 2123 1500 3708 1589; baseline -0.011 -17"><span class='ocrx_word' id='word_1_203' title='bbox 2123 1516 2356 1589; x_wconf 87' lang='lat' dir='ltr'><strong>gnanda,</strong></span> <span class='ocrx_word' id='word_1_204' title='bbox 2388 1514 2479 1570; x_wconf 90' lang='lat' dir='ltr'><strong>alii</strong></span> <span class='ocrx_word' id='word_1_205' title='bbox 2528 1514 2767 1584; x_wconf 88' lang='lat' dir='ltr'><strong>ipsorum</strong></span> <span class='ocrx_word' id='word_1_206' title='bbox 2820 1509 3032 1565; x_wconf 84' lang='lat' dir='ltr'><strong>labores</strong></span> <span class='ocrx_word' id='word_1_207' title='bbox 3080 1507 3136 1562; x_wconf 89' lang='lat' dir='ltr'><strong>in</strong></span> <span class='ocrx_word' id='word_1_208' title='bbox 3182 1505 3359 1561; x_wconf 89' lang='lat' dir='ltr'><strong>lucem</strong></span> <span class='ocrx_word' id='word_1_209' title='bbox 3399 1503 3533 1560; x_wconf 88' lang='lat' dir='ltr'><strong>editi</strong></span> <span class='ocrx_word' id='word_1_210' title='bbox 3576 1500 3708 1557; x_wconf 88' lang='lat' dir='ltr'><strong>etin</strong></span> 
     </span>
    </p>
   </div>
   <div class='ocr_carea' id='block_1_29' title="bbox 2125 1594 3705 1665">
    <p class='ocr_par' dir='ltr' id='par_1_29' title="bbox 2125 1594 3705 1665">
     <span class='ocr_line' id='line_1_29' title="bbox 2125 1594 3705 1665; baseline -0.01 0"><span class='ocrx_word' id='word_1_211' title='bbox 2125 1607 2477 1665; x_wconf 90' lang='lat' dir='ltr'><strong>concionibus</strong></span> <span class='ocrx_word' id='word_1_212' title='bbox 2519 1601 2849 1661; x_wconf 80' lang='lat' dir='ltr'><strong>doctissimis</strong></span> <span class='ocrx_word' id='word_1_213' title='bbox 2893 1609 3085 1658; x_wconf 88' lang='lat' dir='ltr'><strong>contra</strong></span> <span class='ocrx_word' id='word_1_214' title='bbox 3137 1598 3426 1655; x_wconf 75' lang='lat' dir='ltr'><strong>htereticos</strong></span> <span class='ocrx_word' id='word_1_215' title='bbox 3468 1594 3668 1652; x_wconf 85' lang='lat' dir='ltr'><strong>habitis</strong></span> <span class='ocrx_word' id='word_1_216' title='bbox 3688 1631 3705 1660; x_wconf 97' lang='lat'><strong>,</strong></span> 
     </span>
    </p>
   </div>
   <div class='ocr_carea' id='block_1_30' title="bbox 2127 1695 3645 1768">
    <p class='ocr_par' dir='ltr' id='par_1_30' title="bbox 2127 1695 3645 1768">
     <span class='ocr_line' id='line_1_30' title="bbox 2127 1695 3645 1768; baseline -0.012 -9"><span class='ocrx_word' id='word_1_217' title='bbox 2127 1701 2414 1768; x_wconf 83' lang='lat' dir='ltr'><strong>exantlati,</strong></span> <span class='ocrx_word' id='word_1_218' title='bbox 2439 1699 2654 1755; x_wconf 84' lang='lat' dir='ltr'><strong>abunde</strong></span> <span class='ocrx_word' id='word_1_219' title='bbox 2681 1710 2935 1767; x_wconf 88' lang='lat' dir='ltr'><strong>magnum</strong></span> <span class='ocrx_word' id='word_1_220' title='bbox 2965 1700 3226 1767; x_wconf 67' lang='lat' dir='ltr'><strong>praestant</strong></span> <span class='ocrx_word' id='word_1_221' title='bbox 3244 1695 3645 1762; x_wconf 88' lang='lat' dir='ltr'><strong>argumentum.</strong></span> 
     </span>
    </p>
   </div>
   <div class='ocr_carea' id='block_1_31' title="bbox 453 1778 3712 1871">
    <p class='ocr_par' dir='ltr' id='par_1_31' title="bbox 453 1778 3712 1871">
     <span class='ocr_line' id='line_1_31' title="bbox 453 1778 3712 1871; baseline -0.006 -17"><span class='ocrx_word' id='word_1_222' title='bbox 453 1822 475 1854; x_wconf 70' lang='grc' dir='ltr'><strong>ε</strong></span> <span class='ocrx_word' id='word_1_223' title='bbox 512 1810 827 1859; x_wconf 88' lang='lat' dir='ltr'><strong>accuratam</strong></span> <span class='ocrx_word' id='word_1_224' title='bbox 849 1778 1261 1871; x_wconf 15' lang='lat' dir='ltr'><strong>illamioperam,</strong></span> <span class='ocrx_word' id='word_1_225' title='bbox 1307 1813 1472 1870; x_wconf 89' lang='lat' dir='ltr'><strong>quam</strong></span> <span class='ocrx_word' id='word_1_226' title='bbox 1506 1796 1745 1867; x_wconf 88' lang='lat' dir='ltr'><strong>insignes</strong></span> <span class='ocrx_word' id='word_1_227' title='bbox 1769 1793 1844 1849; x_wconf 90' lang='lat' dir='ltr'><strong>illi</strong></span> <span class='ocrx_word' id='word_1_228' title='bbox 1876 1794 2027 1849; x_wconf 75' lang='lat' dir='ltr'><strong>theo-</strong></span> <span class='ocrx_word' id='word_1_229' title='bbox 2052 1802 2102 1864; x_wconf 77' lang='grc' dir='ltr'><strong>Β</strong></span> <span class='ocrx_word' id='word_1_230' title='bbox 2200 1793 2309 1850; x_wconf 87' lang='lat' dir='ltr'><strong>Sed</strong></span> <span class='ocrx_word' id='word_1_231' title='bbox 2331 1806 2508 1862; x_wconf 89' lang='lat' dir='ltr'><strong>neque</strong></span> <span class='ocrx_word' id='word_1_232' title='bbox 2519 1789 2820 1859; x_wconf 88' lang='lat' dir='ltr'><strong>nobisipsis</strong></span> <span class='ocrx_word' id='word_1_233' title='bbox 2836 1796 3045 1842; x_wconf 88' lang='lat' dir='ltr'><strong>tantum</strong></span> <span class='ocrx_word' id='word_1_234' title='bbox 3061 1783 3409 1848; x_wconf 90' lang='lat' dir='ltr'><strong>assumimus,</strong></span> <span class='ocrx_word' id='word_1_235' title='bbox 3425 1789 3487 1836; x_wconf 91' lang='lat' dir='ltr'><strong>ut</strong></span> <span class='ocrx_word' id='word_1_236' title='bbox 3505 1778 3712 1834; x_wconf 86' lang='lat' dir='ltr'><strong>nullum</strong></span> 
     </span>
    </p>
   </div>
   <div class='ocr_carea' id='block_1_32' title="bbox 447 1889 2029 1965">
    <p class='ocr_par' dir='ltr' id='par_1_32' title="bbox 447 1889 2029 1965">
     <span class='ocr_line' id='line_1_32' title="bbox 447 1889 2029 1965; baseline -0.004 -18"><span class='ocrx_word' id='word_1_237' title='bbox 447 1890 555 1965; x_wconf 90' lang='lat' dir='ltr'><strong>logi</strong></span> <span class='ocrx_word' id='word_1_238' title='bbox 584 1892 640 1946; x_wconf 92' lang='lat' dir='ltr'><strong>in</strong></span> <span class='ocrx_word' id='word_1_239' title='bbox 668 1908 733 1947; x_wconf 88' lang='lat' dir='ltr'><strong>ea</strong></span> <span class='ocrx_word' id='word_1_240' title='bbox 760 1898 1100 1962; x_wconf 89' lang='lat' dir='ltr'><strong>posuerunt,</strong></span> <span class='ocrx_word' id='word_1_241' title='bbox 1154 1889 1422 1961; x_wconf 83' lang='lat' dir='ltr'><strong>integram</strong></span> <span class='ocrx_word' id='word_1_242' title='bbox 1474 1895 1741 1965; x_wconf 64' lang='lat' dir='ltr'><strong>praestare</strong></span> <span class='ocrx_word' id='word_1_243' title='bbox 1782 1902 1892 1943; x_wconf 91' lang='lat' dir='ltr'><strong>non</strong></span> <span class='ocrx_word' id='word_1_244' title='bbox 1932 1900 2029 1957; x_wconf 90' lang='lat' dir='ltr'><strong>po-</strong></span> 
     </span>
    </p>
   </div>
   <div class='ocr_carea' id='block_1_33' title="bbox 445 1960 2034 2053">
    <p class='ocr_par' dir='ltr' id='par_1_33' title="bbox 445 1960 2034 2053">
     <span class='ocr_line' id='line_1_33' title="bbox 445 1960 2034 2053; baseline -0.006 -15"><span class='ocrx_word' id='word_1_245' title='bbox 445 1960 692 2047; x_wconf 77' lang='lat' dir='ltr'><strong>tuerunt,</strong></span> <span class='ocrx_word' id='word_1_246' title='bbox 723 1960 1042 2053; x_wconf 78' lang='lat' dir='ltr'><strong>urgentibus</strong></span> <span class='ocrx_word' id='word_1_247' title='bbox 1070 1960 1419 2053; x_wconf 83' lang='lat' dir='ltr'><strong>typographis</strong></span> <span class='ocrx_word' id='word_1_248' title='bbox 1465 1960 1758 2035; x_wconf 75' lang='lat' dir='ltr'><strong>editionem</strong></span> <span class='ocrx_word' id='word_1_249' title='bbox 1779 2017 1796 2044; x_wconf 93' lang='lat'><strong>,</strong></span> <span class='ocrx_word' id='word_1_250' title='bbox 1845 1984 1901 2031; x_wconf 91' lang='lat' dir='ltr'><strong>et</strong></span> <span class='ocrx_word' id='word_1_251' title='bbox 1946 1986 2034 2031; x_wconf 90' lang='lat' dir='ltr'><strong>tu-</strong></span> 
     </span>
    </p>
   </div>
   <div class='ocr_carea' id='block_1_34' title="bbox 447 2067 2025 2131">
    <p class='ocr_par' dir='ltr' id='par_1_34' title="bbox 447 2067 2025 2131">
     <span class='ocr_line' id='line_1_34' title="bbox 447 2067 2025 2131; baseline -0.007 -1"><span class='ocrx_word' id='word_1_252' title='bbox 447 2074 711 2131; x_wconf 87' lang='lat' dir='ltr'><strong>multibus</strong></span> <span class='ocrx_word' id='word_1_253' title='bbox 731 2072 956 2129; x_wconf 87' lang='lat' dir='ltr'><strong>Gallicis</strong></span> <span class='ocrx_word' id='word_1_254' title='bbox 978 2087 1094 2128; x_wconf 89' lang='lat' dir='ltr'><strong>rem</strong></span> <span class='ocrx_word' id='word_1_255' title='bbox 1122 2070 1446 2126; x_wconf 86' lang='lat' dir='ltr'><strong>litterariam</strong></span> <span class='ocrx_word' id='word_1_256' title='bbox 1475 2067 1980 2125; x_wconf 89' lang='lat' dir='ltr'><strong>interturbantibus.</strong></span> <span class='ocrx_word' id='word_1_257' title='bbox 2005 2084 2025 2118; x_wconf 73' lang='grc' dir='ltr'><strong><em>ι</em></strong></span> 
     </span>
    </p>
   </div>
   <div class='ocr_carea' id='block_1_35' title="bbox 451 2153 2033 2233">
    <p class='ocr_par' dir='ltr' id='par_1_35' title="bbox 451 2153 2033 2233">
     <span class='ocr_line' id='line_1_35' title="bbox 451 2153 2033 2233; baseline -0.008 -13"><span class='ocrx_word' id='word_1_258' title='bbox 451 2165 580 2233; x_wconf 72' lang='lat' dir='ltr'><strong>Qua:</strong></span> <span class='ocrx_word' id='word_1_259' title='bbox 601 2179 725 2220; x_wconf 90' lang='lat' dir='ltr'><strong>cum</strong></span> <span class='ocrx_word' id='word_1_260' title='bbox 758 2178 867 2219; x_wconf 91' lang='lat' dir='ltr'><strong>non</strong></span> <span class='ocrx_word' id='word_1_261' title='bbox 910 2163 1027 2218; x_wconf 89' lang='lat' dir='ltr'><strong>sine</strong></span> <span class='ocrx_word' id='word_1_262' title='bbox 1054 2160 1217 2232; x_wconf 87' lang='lat' dir='ltr'><strong>justis</strong></span> <span class='ocrx_word' id='word_1_263' title='bbox 1246 2159 1547 2216; x_wconf 87' lang='lat' dir='ltr'><strong>rationibus</strong></span> <span class='ocrx_word' id='word_1_264' title='bbox 1566 2159 1637 2215; x_wconf 91' lang='lat' dir='ltr'><strong>ab</strong></span> <span class='ocrx_word' id='word_1_265' title='bbox 1673 2157 1767 2213; x_wconf 92' lang='lat' dir='ltr'><strong>illo</strong></span> <span class='ocrx_word' id='word_1_266' title='bbox 1798 2156 1912 2211; x_wconf 90' lang='lat' dir='ltr'><strong>viro</strong></span> <span class='ocrx_word' id='word_1_267' title='bbox 1942 2153 2033 2209; x_wconf 91' lang='lat' dir='ltr'><strong>tali</strong></span> 
     </span>
    </p>
   </div>
   <div class='ocr_carea' id='block_1_36' title="bbox 452 2245 2034 2333">
    <p class='ocr_par' dir='ltr' id='par_1_36' title="bbox 452 2245 2034 2333">
     <span class='ocr_line' id='line_1_36' title="bbox 452 2245 2034 2333; baseline -0.008 -20"><span class='ocrx_word' id='word_1_268' title='bbox 452 2256 655 2329; x_wconf 87' lang='lat' dir='ltr'><strong>scripta</strong></span> <span class='ocrx_word' id='word_1_269' title='bbox 692 2255 1041 2333; x_wconf 79' lang='lat' dir='ltr'><strong>viderentur,</strong></span> <span class='ocrx_word' id='word_1_270' title='bbox 1063 2252 1340 2324; x_wconf 80' lang='lat' dir='ltr'><strong>petierunt</strong></span> <span class='ocrx_word' id='word_1_271' title='bbox 1366 2250 1686 2323; x_wconf 86' lang='lat' dir='ltr'><strong>typographi</strong></span> <span class='ocrx_word' id='word_1_272' title='bbox 1730 2257 1790 2303; x_wconf 91' lang='lat' dir='ltr'><strong>ut</strong></span> <span class='ocrx_word' id='word_1_273' title='bbox 1821 2245 2034 2305; x_wconf 85' lang='lat' dir='ltr'><strong>confer-</strong></span> 
     </span>
    </p>
   </div>
   <div class='ocr_carea' id='block_1_37' title="bbox 451 2337 2035 2423">
    <p class='ocr_par' dir='ltr' id='par_1_37' title="bbox 451 2337 2035 2423">
     <span class='ocr_line' id='line_1_37' title="bbox 451 2337 2035 2423; baseline -0.009 -15"><span class='ocrx_word' id='word_1_274' title='bbox 451 2366 639 2408; x_wconf 88' lang='lat' dir='ltr'><strong>remus</strong></span> <span class='ocrx_word' id='word_1_275' title='bbox 677 2349 939 2423; x_wconf 90' lang='lat' dir='ltr'><strong>paulatim</strong></span> <span class='ocrx_word' id='word_1_276' title='bbox 965 2346 1329 2418; x_wconf 78' lang='lat' dir='ltr'><strong>exemplaria;</strong></span> <span class='ocrx_word' id='word_1_277' title='bbox 1357 2345 1683 2414; x_wconf 89' lang='lat' dir='ltr'><strong>inventaque</strong></span> <span class='ocrx_word' id='word_1_278' title='bbox 1729 2351 1876 2408; x_wconf 88' lang='lat' dir='ltr'><strong>sunt,</strong></span> <span class='ocrx_word' id='word_1_279' title='bbox 1925 2337 2035 2397; x_wconf 85' lang='lat' dir='ltr'><strong>col-</strong></span> 
     </span>
    </p>
   </div>
   <div class='ocr_carea' id='block_1_38' title="bbox 452 2434 2037 2507">
    <p class='ocr_par' dir='ltr' id='par_1_38' title="bbox 452 2434 2037 2507">
     <span class='ocr_line' id='line_1_38' title="bbox 452 2434 2037 2507; baseline -0.005 -12"><span class='ocrx_word' id='word_1_280' title='bbox 452 2441 660 2498; x_wconf 87' lang='lat' dir='ltr'><strong>latione</strong></span> <span class='ocrx_word' id='word_1_281' title='bbox 684 2439 852 2507; x_wconf 90' lang='lat' dir='ltr'><strong>facta,</strong></span> <span class='ocrx_word' id='word_1_282' title='bbox 880 2448 991 2495; x_wconf 89' lang='lat' dir='ltr'><strong>tam</strong></span> <span class='ocrx_word' id='word_1_283' title='bbox 1018 2437 1188 2493; x_wconf 90' lang='lat' dir='ltr'><strong>multa</strong></span> <span class='ocrx_word' id='word_1_284' title='bbox 1217 2436 1397 2493; x_wconf 88' lang='lat' dir='ltr'><strong>hiulca</strong></span> <span class='ocrx_word' id='word_1_285' title='bbox 1422 2436 1477 2491; x_wconf 90' lang='lat' dir='ltr'><strong>in</strong></span> <span class='ocrx_word' id='word_1_286' title='bbox 1504 2435 1704 2500; x_wconf 85' lang='lat' dir='ltr'><strong>verbis,</strong></span> <span class='ocrx_word' id='word_1_287' title='bbox 1744 2434 1800 2489; x_wconf 90' lang='lat' dir='ltr'><strong>in</strong></span> <span class='ocrx_word' id='word_1_288' title='bbox 1821 2439 2037 2489; x_wconf 88' lang='lat' dir='ltr'><strong>senten-</strong></span> 
     </span>
    </p>
   </div>
   <div class='ocr_carea' id='block_1_39' title="bbox 453 2524 2037 2594">
    <p class='ocr_par' dir='ltr' id='par_1_39' title="bbox 453 2524 2037 2594">
     <span class='ocr_line' id='line_1_39' title="bbox 453 2524 2037 2594; baseline -0.005 -6"><span class='ocrx_word' id='word_1_289' title='bbox 453 2533 584 2593; x_wconf 85' lang='lat' dir='ltr'><strong>tiis.</strong></span> <span class='ocrx_word' id='word_1_290' title='bbox 644 2530 700 2585; x_wconf 90' lang='lat' dir='ltr'><strong>in</strong></span> <span class='ocrx_word' id='word_1_291' title='bbox 742 2529 1097 2594; x_wconf 89' lang='lat' dir='ltr'><strong>testimoniis,</strong></span> <span class='ocrx_word' id='word_1_292' title='bbox 1141 2537 1250 2583; x_wconf 87' lang='lat' dir='ltr'><strong>tam</strong></span> <span class='ocrx_word' id='word_1_293' title='bbox 1299 2527 1470 2582; x_wconf 90' lang='lat' dir='ltr'><strong>multa</strong></span> <span class='ocrx_word' id='word_1_294' title='bbox 1513 2526 1570 2582; x_wconf 90' lang='lat' dir='ltr'><strong>in</strong></span> <span class='ocrx_word' id='word_1_295' title='bbox 1611 2525 1817 2582; x_wconf 88' lang='lat' dir='ltr'><strong>eisdem</strong></span> <span class='ocrx_word' id='word_1_296' title='bbox 1869 2524 2037 2580; x_wconf 88' lang='lat' dir='ltr'><strong>etiam</strong></span> 
     </span>
    </p>
   </div>
   <div class='ocr_carea' id='block_1_40' title="bbox 458 2616 2039 2696">
    <p class='ocr_par' dir='ltr' id='par_1_40' title="bbox 458 2616 2039 2696">
     <span class='ocr_line' id='line_1_40' title="bbox 458 2616 2039 2696; baseline -0.006 -15"><span class='ocrx_word' id='word_1_297' title='bbox 458 2622 688 2696; x_wconf 86' lang='lat' dir='ltr'><strong>pagellis</strong></span> <span class='ocrx_word' id='word_1_298' title='bbox 711 2622 796 2680; x_wconf 89' lang='lat' dir='ltr'><strong>bis</strong></span> <span class='ocrx_word' id='word_1_299' title='bbox 836 2622 904 2679; x_wconf 89' lang='lat' dir='ltr'><strong>ad</strong></span> <span class='ocrx_word' id='word_1_300' title='bbox 932 2622 1150 2694; x_wconf 91' lang='lat' dir='ltr'><strong>longum</strong></span> <span class='ocrx_word' id='word_1_301' title='bbox 1172 2620 1347 2690; x_wconf 87' lang='lat' dir='ltr'><strong>posita</strong></span> <span class='ocrx_word' id='word_1_302' title='bbox 1366 2659 1381 2684; x_wconf 90' lang='lat'><strong>,</strong></span> <span class='ocrx_word' id='word_1_303' title='bbox 1415 2618 1659 2689; x_wconf 69' lang='lat' dir='ltr'><strong>quaedam</strong></span> <span class='ocrx_word' id='word_1_304' title='bbox 1698 2618 1864 2674; x_wconf 89' lang='lat' dir='ltr'><strong>etiam</strong></span> <span class='ocrx_word' id='word_1_305' title='bbox 1891 2616 2039 2672; x_wconf 87' lang='lat' dir='ltr'><strong>dicta</strong></span> 
     </span>
    </p>
   </div>
   <div class='ocr_carea' id='block_1_41' title="bbox 458 2709 2040 2784">
    <p class='ocr_par' dir='ltr' id='par_1_41' title="bbox 458 2709 2040 2784">
     <span class='ocr_line' id='line_1_41' title="bbox 458 2709 2040 2784; baseline -0.004 -13"><span class='ocrx_word' id='word_1_306' title='bbox 458 2725 744 2772; x_wconf 89' lang='lat' dir='ltr'><strong>auctorum</strong></span> <span class='ocrx_word' id='word_1_307' title='bbox 766 2713 897 2770; x_wconf 88' lang='lat' dir='ltr'><strong>satis</strong></span> <span class='ocrx_word' id='word_1_308' title='bbox 916 2711 1249 2784; x_wconf 89' lang='lat' dir='ltr'><strong>periculosa;</strong></span> <span class='ocrx_word' id='word_1_309' title='bbox 1275 2709 1671 2780; x_wconf 85' lang='lat' dir='ltr'><strong>quamplurima</strong></span> <span class='ocrx_word' id='word_1_310' title='bbox 1693 2725 1824 2765; x_wconf 90' lang='lat' dir='ltr'><strong>vero</strong></span> <span class='ocrx_word' id='word_1_311' title='bbox 1845 2723 2040 2781; x_wconf 89' lang='lat' dir='ltr'><strong>parum</strong></span> 
     </span>
    </p>
   </div>
   <div class='ocr_carea' id='block_1_42' title="bbox 460 2800 2040 2874">
    <p class='ocr_par' dir='ltr' id='par_1_42' title="bbox 460 2800 2040 2874">
     <span class='ocr_line' id='line_1_42' title="bbox 460 2800 2040 2874; baseline -0.003 -12"><span class='ocrx_word' id='word_1_312' title='bbox 460 2807 531 2863; x_wconf 88' lang='lat' dir='ltr'><strong>ad</strong></span> <span class='ocrx_word' id='word_1_313' title='bbox 557 2821 673 2863; x_wconf 88' lang='lat' dir='ltr'><strong>rem</strong></span> <span class='ocrx_word' id='word_1_314' title='bbox 713 2803 964 2860; x_wconf 83' lang='lat' dir='ltr'><strong>facientia</strong></span> <span class='ocrx_word' id='word_1_315' title='bbox 983 2843 999 2868; x_wconf 95' lang='lat'><strong>,</strong></span> <span class='ocrx_word' id='word_1_316' title='bbox 1026 2803 1314 2874; x_wconf 87' lang='lat' dir='ltr'><strong>potiusque</strong></span> <span class='ocrx_word' id='word_1_317' title='bbox 1336 2802 1529 2873; x_wconf 88' lang='lat' dir='ltr'><strong>spatiis</strong></span> <span class='ocrx_word' id='word_1_318' title='bbox 1555 2802 1869 2872; x_wconf 85' lang='lat' dir='ltr'><strong>paginarum</strong></span> <span class='ocrx_word' id='word_1_319' title='bbox 1897 2800 2040 2871; x_wconf 70' lang='lat' dir='ltr'><strong>(qua:</strong></span> 
     </span>
    </p>
   </div>
   <div class='ocr_carea' id='block_1_43' title="bbox 460 2891 2041 2968">
    <p class='ocr_par' dir='ltr' id='par_1_43' title="bbox 460 2891 2041 2968">
     <span class='ocr_line' id='line_1_43' title="bbox 460 2891 2041 2968; baseline -0.004 -13"><span class='ocrx_word' id='word_1_320' title='bbox 460 2908 615 2955; x_wconf 88' lang='lat' dir='ltr'><strong>erant</strong></span> <span class='ocrx_word' id='word_1_321' title='bbox 644 2899 779 2956; x_wconf 90' lang='lat' dir='ltr'><strong>satis</strong></span> <span class='ocrx_word' id='word_1_322' title='bbox 803 2894 1015 2968; x_wconf 62' lang='lat' dir='ltr'><strong>amplae)</strong></span> <span class='ocrx_word' id='word_1_323' title='bbox 1033 2894 1321 2966; x_wconf 90' lang='lat' dir='ltr'><strong>replendis,</strong></span> <span class='ocrx_word' id='word_1_324' title='bbox 1337 2908 1499 2963; x_wconf 88' lang='lat' dir='ltr'><strong>quam</strong></span> <span class='ocrx_word' id='word_1_325' title='bbox 1524 2893 1701 2948; x_wconf 89' lang='lat' dir='ltr'><strong>sensui</strong></span> <span class='ocrx_word' id='word_1_326' title='bbox 1724 2891 2041 2948; x_wconf 86' lang='lat' dir='ltr'><strong>illustrando</strong></span> 
     </span>
    </p>
   </div>
   <div class='ocr_carea' id='block_1_44' title="bbox 462 2982 2041 3071">
    <p class='ocr_par' dir='ltr' id='par_1_44' title="bbox 462 2982 2041 3071">
     <span class='ocr_line' id='line_1_44' title="bbox 462 2982 2041 3071; baseline -0.004 -24"><span class='ocrx_word' id='word_1_327' title='bbox 462 2988 866 3047; x_wconf 86' lang='lat' dir='ltr'><strong>accommodata</strong></span> <span class='ocrx_word' id='word_1_328' title='bbox 893 3006 907 3040; x_wconf 89' lang='lat'><strong>:</strong></span> <span class='ocrx_word' id='word_1_329' title='bbox 934 2995 995 3042; x_wconf 92' lang='lat' dir='ltr'><strong>ut</strong></span> <span class='ocrx_word' id='word_1_330' title='bbox 1014 2984 1410 3071; x_wconf 81' lang='lat' dir='ltr'><strong>modestissime</strong></span> <span class='ocrx_word' id='word_1_331' title='bbox 1424 2982 1747 3040; x_wconf 89' lang='lat' dir='ltr'><strong>Possevinus</strong></span> <span class='ocrx_word' id='word_1_332' title='bbox 1769 2983 2041 3040; x_wconf 87' lang='lat' dir='ltr'><strong>indicasse</strong></span> 
     </span>
    </p>
   </div>
   <div class='ocr_carea' id='block_1_45' title="bbox 460 3073 2041 3155">
    <p class='ocr_par' dir='ltr' id='par_1_45' title="bbox 460 3073 2041 3155">
     <span class='ocr_line' id='line_1_45' title="bbox 460 3073 2041 3155; baseline -0.003 -21"><span class='ocrx_word' id='word_1_333' title='bbox 460 3083 710 3137; x_wconf 73' lang='lat' dir='ltr'><strong>\idealur</strong></span> <span class='ocrx_word' id='word_1_334' title='bbox 744 3077 873 3148; x_wconf 90' lang='lat' dir='ltr'><strong>quid</strong></span> <span class='ocrx_word' id='word_1_335' title='bbox 895 3076 949 3131; x_wconf 94' lang='lat' dir='ltr'><strong>in</strong></span> <span class='ocrx_word' id='word_1_336' title='bbox 971 3092 1035 3130; x_wconf 90' lang='lat' dir='ltr'><strong>ea</strong></span> <span class='ocrx_word' id='word_1_337' title='bbox 1057 3075 1296 3130; x_wconf 88' lang='lat' dir='ltr'><strong>editione</strong></span> <span class='ocrx_word' id='word_1_338' title='bbox 1321 3073 1731 3140; x_wconf 86' lang='lat' dir='ltr'><strong>desideraverit,</strong></span> <span class='ocrx_word' id='word_1_339' title='bbox 1768 3081 1823 3130; x_wconf 87' lang='lat' dir='ltr'><strong>et</strong></span> <span class='ocrx_word' id='word_1_340' title='bbox 1861 3083 2041 3155; x_wconf 83' lang='lat' dir='ltr'><strong>tanto-</strong></span> 
     </span>
    </p>
   </div>
   <div class='ocr_carea' id='block_1_46' title="bbox 2128 1876 3712 1963">
    <p class='ocr_par' dir='ltr' id='par_1_46' title="bbox 2128 1876 3712 1963">
     <span class='ocr_line' id='line_1_46' title="bbox 2128 1876 3712 1963; baseline -0.013 -15"><span class='ocrx_word' id='word_1_341' title='bbox 2128 1904 2354 1963; x_wconf 88' lang='lat' dir='ltr'><strong>prorsus</strong></span> <span class='ocrx_word' id='word_1_342' title='bbox 2396 1903 2497 1944; x_wconf 88' lang='lat' dir='ltr'><strong>nos</strong></span> <span class='ocrx_word' id='word_1_343' title='bbox 2536 1885 2874 1944; x_wconf 84' lang='lat' dir='ltr'><strong>comm.sisse</strong></span> <span class='ocrx_word' id='word_1_344' title='bbox 2920 1882 2978 1937; x_wconf 91' lang='lat' dir='ltr'><strong>in</strong></span> <span class='ocrx_word' id='word_1_345' title='bbox 3028 1877 3362 1936; x_wconf 84' lang='lat' dir='ltr'><strong>recensendo</strong></span> <span class='ocrx_word' id='word_1_346' title='bbox 3399 1876 3505 1931; x_wconf 92' lang='lat' dir='ltr'><strong>hoc</strong></span> <span class='ocrx_word' id='word_1_347' title='bbox 3549 1886 3712 1943; x_wconf 89' lang='lat' dir='ltr'><strong>opere</strong></span> 
     </span>
    </p>
   </div>
   <div class='ocr_carea' id='block_1_47' title="bbox 2130 1966 3713 2052">
    <p class='ocr_par' dir='ltr' id='par_1_47' title="bbox 2130 1966 3713 2052">
     <span class='ocr_line' id='line_1_47' title="bbox 2130 1966 3713 2052; baseline -0.011 -14"><span class='ocrx_word' id='word_1_348' title='bbox 2130 1990 2375 2039; x_wconf 89' lang='lat' dir='ltr'><strong>erratum</strong></span> <span class='ocrx_word' id='word_1_349' title='bbox 2419 1990 2676 2052; x_wconf 86' lang='lat' dir='ltr'><strong>putemus</strong></span> <span class='ocrx_word' id='word_1_350' title='bbox 2705 1995 2718 2031; x_wconf 91' lang='lat'><strong>:</strong></span> <span class='ocrx_word' id='word_1_351' title='bbox 2753 1990 2876 2031; x_wconf 90' lang='lat' dir='ltr'><strong>cum</strong></span> <span class='ocrx_word' id='word_1_352' title='bbox 2901 1974 3067 2029; x_wconf 88' lang='lat' dir='ltr'><strong>etiam</strong></span> <span class='ocrx_word' id='word_1_353' title='bbox 3092 1973 3150 2026; x_wconf 90' lang='lat' dir='ltr'><strong>in</strong></span> <span class='ocrx_word' id='word_1_354' title='bbox 3171 1966 3513 2026; x_wconf 73' lang='lat' dir='ltr'><strong>diliicultates</strong></span> <span class='ocrx_word' id='word_1_355' title='bbox 3559 1979 3713 2036; x_wconf 75' lang='lat' dir='ltr'><strong>aeque</strong></span> 
     </span>
    </p>
   </div>
   <div class='ocr_carea' id='block_1_48' title="bbox 2130 2057 3714 2134">
    <p class='ocr_par' dir='ltr' id='par_1_48' title="bbox 2130 2057 3714 2134">
     <span class='ocr_line' id='line_1_48' title="bbox 2130 2057 3714 2134; baseline -0.011 -4"><span class='ocrx_word' id='word_1_356' title='bbox 2130 2073 2394 2130; x_wconf 89' lang='lat' dir='ltr'><strong>molestas</strong></span> <span class='ocrx_word' id='word_1_357' title='bbox 2434 2070 2821 2134; x_wconf 90' lang='lat' dir='ltr'><strong>inciderimus;</strong></span> <span class='ocrx_word' id='word_1_358' title='bbox 2850 2081 2974 2123; x_wconf 89' lang='lat' dir='ltr'><strong>cum</strong></span> <span class='ocrx_word' id='word_1_359' title='bbox 3014 2078 3155 2120; x_wconf 86' lang='lat' dir='ltr'><strong>unus</strong></span> <span class='ocrx_word' id='word_1_360' title='bbox 3191 2077 3224 2117; x_wconf 90' lang='lat' dir='ltr'><strong>e</strong></span> <span class='ocrx_word' id='word_1_361' title='bbox 3250 2060 3453 2117; x_wconf 88' lang='lat' dir='ltr'><strong>nostris</strong></span> <span class='ocrx_word' id='word_1_362' title='bbox 3495 2057 3714 2129; x_wconf 84' lang='lat' dir='ltr'><strong>collegis</strong></span> 
     </span>
    </p>
   </div>
   <div class='ocr_carea' id='block_1_49' title="bbox 2130 2151 3714 2237">
    <p class='ocr_par' dir='ltr' id='par_1_49' title="bbox 2130 2151 3714 2237">
     <span class='ocr_line' id='line_1_49' title="bbox 2130 2151 3714 2237; baseline -0.009 -18"><span class='ocrx_word' id='word_1_363' title='bbox 2130 2165 2344 2237; x_wconf 83' lang='lat' dir='ltr'><strong>prolixo</strong></span> <span class='ocrx_word' id='word_1_364' title='bbox 2377 2172 2433 2219; x_wconf 87' lang='lat' dir='ltr'><strong>et</strong></span> <span class='ocrx_word' id='word_1_365' title='bbox 2466 2161 2791 2235; x_wconf 87' lang='lat' dir='ltr'><strong>gravissimo</strong></span> <span class='ocrx_word' id='word_1_366' title='bbox 2828 2158 3018 2213; x_wconf 87' lang='lat' dir='ltr'><strong>morbo</strong></span> <span class='ocrx_word' id='word_1_367' title='bbox 3041 2170 3182 2226; x_wconf 91' lang='lat' dir='ltr'><strong>pene</strong></span> <span class='ocrx_word' id='word_1_368' title='bbox 3206 2168 3409 2210; x_wconf 91' lang='lat' dir='ltr'><strong>annum</strong></span> <span class='ocrx_word' id='word_1_369' title='bbox 3443 2151 3714 2222; x_wconf 88' lang='lat' dir='ltr'><strong>integrum</strong></span> 
     </span>
    </p>
   </div>
   <div class='ocr_carea' id='block_1_50' title="bbox 2134 2244 3712 2325">
    <p class='ocr_par' dir='ltr' id='par_1_50' title="bbox 2134 2244 3712 2325">
     <span class='ocr_line' id='line_1_50' title="bbox 2134 2244 3712 2325; baseline -0.008 -17"><span class='ocrx_word' id='word_1_370' title='bbox 2134 2254 2204 2309; x_wconf 89' lang='lat' dir='ltr'><strong>ab</strong></span> <span class='ocrx_word' id='word_1_371' title='bbox 2229 2267 2393 2325; x_wconf 88' lang='lat' dir='ltr'><strong>opere</strong></span> <span class='ocrx_word' id='word_1_372' title='bbox 2419 2251 2584 2309; x_wconf 86' lang='lat' dir='ltr'><strong>fuerit</strong></span> <span class='ocrx_word' id='word_1_373' title='bbox 2620 2249 2908 2321; x_wconf 89' lang='lat' dir='ltr'><strong>impeditus</strong></span> <span class='ocrx_word' id='word_1_374' title='bbox 2930 2287 2947 2315; x_wconf 97' lang='lat'><strong>,</strong></span> <span class='ocrx_word' id='word_1_375' title='bbox 2995 2246 3087 2303; x_wconf 90' lang='lat' dir='ltr'><strong>alii</strong></span> <span class='ocrx_word' id='word_1_376' title='bbox 3112 2248 3220 2302; x_wconf 92' lang='lat' dir='ltr'><strong>duo</strong></span> <span class='ocrx_word' id='word_1_377' title='bbox 3247 2244 3586 2316; x_wconf 88' lang='lat' dir='ltr'><strong>superiorum</strong></span> <span class='ocrx_word' id='word_1_378' title='bbox 3613 2257 3712 2297; x_wconf 91' lang='lat' dir='ltr'><strong>au-</strong></span> 
     </span>
    </p>
   </div>
   <div class='ocr_carea' id='block_1_51' title="bbox 2133 2332 3716 2414">
    <p class='ocr_par' dir='ltr' id='par_1_51' title="bbox 2133 2332 3716 2414">
     <span class='ocr_line' id='line_1_51' title="bbox 2133 2332 3716 2414; baseline -0.009 -12"><span class='ocrx_word' id='word_1_379' title='bbox 2133 2345 2387 2402; x_wconf 89' lang='lat' dir='ltr'><strong>ctoritate</strong></span> <span class='ocrx_word' id='word_1_380' title='bbox 2412 2342 2480 2399; x_wconf 91' lang='lat' dir='ltr'><strong>ad</strong></span> <span class='ocrx_word' id='word_1_381' title='bbox 2515 2342 2757 2414; x_wconf 84' lang='lat' dir='ltr'><strong>regimen</strong></span> <span class='ocrx_word' id='word_1_382' title='bbox 2783 2340 3088 2395; x_wconf 90' lang='lat' dir='ltr'><strong>animarum</strong></span> <span class='ocrx_word' id='word_1_383' title='bbox 3117 2335 3377 2406; x_wconf 88' lang='lat' dir='ltr'><strong>assumpti</strong></span> <span class='ocrx_word' id='word_1_384' title='bbox 3406 2333 3552 2390; x_wconf 90' lang='lat' dir='ltr'><strong>etab</strong></span> <span class='ocrx_word' id='word_1_385' title='bbox 3573 2332 3716 2389; x_wconf 81' lang='lat' dir='ltr'><strong>Aca-</strong></span> 
     </span>
    </p>
   </div>
   <div class='ocr_carea' id='block_1_52' title="bbox 2135 2422 3713 2501">
    <p class='ocr_par' dir='ltr' id='par_1_52' title="bbox 2135 2422 3713 2501">
     <span class='ocr_line' id='line_1_52' title="bbox 2135 2422 3713 2501; baseline -0.01 -8"><span class='ocrx_word' id='word_1_386' title='bbox 2135 2437 2361 2493; x_wconf 89' lang='lat' dir='ltr'><strong>demicis</strong></span> <span class='ocrx_word' id='word_1_387' title='bbox 2388 2434 2719 2491; x_wconf 88' lang='lat' dir='ltr'><strong>umbraculis</strong></span> <span class='ocrx_word' id='word_1_388' title='bbox 2760 2434 2830 2488; x_wconf 90' lang='lat' dir='ltr'><strong>ad</strong></span> <span class='ocrx_word' id='word_1_389' title='bbox 2856 2440 3047 2487; x_wconf 68' lang='lat' dir='ltr'><strong>aestum</strong></span> <span class='ocrx_word' id='word_1_390' title='bbox 3084 2427 3375 2501; x_wconf 87' lang='lat' dir='ltr'><strong>pastoralis</strong></span> <span class='ocrx_word' id='word_1_391' title='bbox 3419 2439 3566 2482; x_wconf 75' lang='lat' dir='ltr'><strong>cura:</strong></span> <span class='ocrx_word' id='word_1_392' title='bbox 3613 2422 3713 2479; x_wconf 87' lang='lat' dir='ltr'><strong>ab-</strong></span> 
     </span>
    </p>
   </div>
   <div class='ocr_carea' id='block_1_53' title="bbox 2137 2516 3717 2600">
    <p class='ocr_par' dir='ltr' id='par_1_53' title="bbox 2137 2516 3717 2600">
     <span class='ocr_line' id='line_1_53' title="bbox 2137 2516 3717 2600; baseline -0.011 -12"><span class='ocrx_word' id='word_1_393' title='bbox 2137 2531 2326 2589; x_wconf 90' lang='lat' dir='ltr'><strong>stracti</strong></span> <span class='ocrx_word' id='word_1_394' title='bbox 2354 2570 2371 2597; x_wconf 93' lang='lat'><strong>,</strong></span> <span class='ocrx_word' id='word_1_395' title='bbox 2416 2530 2581 2585; x_wconf 90' lang='lat' dir='ltr'><strong>etiam</strong></span> <span class='ocrx_word' id='word_1_396' title='bbox 2630 2528 2734 2600; x_wconf 89' lang='lat' dir='ltr'><strong>ipsi</strong></span> <span class='ocrx_word' id='word_1_397' title='bbox 2788 2540 2998 2582; x_wconf 91' lang='lat' dir='ltr'><strong>moram</strong></span> <span class='ocrx_word' id='word_1_398' title='bbox 3052 2539 3161 2580; x_wconf 90' lang='lat' dir='ltr'><strong>non</strong></span> <span class='ocrx_word' id='word_1_399' title='bbox 3214 2534 3439 2594; x_wconf 87' lang='lat' dir='ltr'><strong>parvam</strong></span> <span class='ocrx_word' id='word_1_400' title='bbox 3490 2516 3717 2575; x_wconf 89' lang='lat' dir='ltr'><strong>editioni</strong></span> 
     </span>
    </p>
   </div>
   <div class='ocr_carea' id='block_1_54' title="bbox 2136 2610 3718 2690">
    <p class='ocr_par' dir='ltr' id='par_1_54' title="bbox 2136 2610 3718 2690">
     <span class='ocr_line' id='line_1_54' title="bbox 2136 2610 3718 2690; baseline -0.01 -11"><span class='ocrx_word' id='word_1_401' title='bbox 2136 2622 2367 2680; x_wconf 87' lang='lat' dir='ltr'><strong>fecerint</strong></span> <span class='ocrx_word' id='word_1_402' title='bbox 2394 2662 2410 2689; x_wconf 89' lang='lat'><strong>,</strong></span> <span class='ocrx_word' id='word_1_403' title='bbox 2457 2629 2514 2677; x_wconf 90' lang='lat' dir='ltr'><strong>et</strong></span> <span class='ocrx_word' id='word_1_404' title='bbox 2554 2619 2877 2677; x_wconf 88' lang='lat' dir='ltr'><strong>triennalem</strong></span> <span class='ocrx_word' id='word_1_405' title='bbox 2922 2620 3008 2690; x_wconf 91' lang='lat' dir='ltr'><strong>(ut</strong></span> <span class='ocrx_word' id='word_1_406' title='bbox 3032 2618 3100 2673; x_wconf 92' lang='lat' dir='ltr'><strong>de</strong></span> <span class='ocrx_word' id='word_1_407' title='bbox 3127 2629 3227 2672; x_wconf 88' lang='lat' dir='ltr'><strong>sua</strong></span> <span class='ocrx_word' id='word_1_408' title='bbox 3261 2613 3500 2670; x_wconf 88' lang='lat' dir='ltr'><strong>editione</strong></span> <span class='ocrx_word' id='word_1_409' title='bbox 3531 2610 3718 2666; x_wconf 87' lang='lat' dir='ltr'><strong>dixere</strong></span> 
     </span>
    </p>
   </div>
   <div class='ocr_carea' id='block_1_55' title="bbox 2136 2701 3720 2787">
    <p class='ocr_par' dir='ltr' id='par_1_55' title="bbox 2136 2701 3720 2787">
     <span class='ocr_line' id='line_1_55' title="bbox 2136 2701 3720 2787; baseline -0.01 -15"><span class='ocrx_word' id='word_1_410' title='bbox 2136 2713 2494 2787; x_wconf 87' lang='lat' dir='ltr'><strong>Parisienses)</strong></span> <span class='ocrx_word' id='word_1_411' title='bbox 2520 2715 2678 2769; x_wconf 88' lang='lat' dir='ltr'><strong>nobis</strong></span> <span class='ocrx_word' id='word_1_412' title='bbox 2706 2709 3041 2783; x_wconf 86' lang='lat' dir='ltr'><strong>parturiendi</strong></span> <span class='ocrx_word' id='word_1_413' title='bbox 3080 2709 3227 2764; x_wconf 90' lang='lat' dir='ltr'><strong>hunc</strong></span> <span class='ocrx_word' id='word_1_414' title='bbox 3263 2706 3436 2762; x_wconf 90' lang='lat' dir='ltr'><strong>fetum</strong></span> <span class='ocrx_word' id='word_1_415' title='bbox 3474 2701 3720 2758; x_wconf 87' lang='lat' dir='ltr'><strong>fecerunt</strong></span> 
     </span>
    </p>
   </div>
   <div class='ocr_carea' id='block_1_56' title="bbox 2138 2793 3720 2877">
    <p class='ocr_par' dir='ltr' id='par_1_56' title="bbox 2138 2793 3720 2877">
     <span class='ocr_line' id='line_1_56' title="bbox 2138 2793 3720 2877; baseline -0.01 -14"><span class='ocrx_word' id='word_1_416' title='bbox 2138 2821 2260 2863; x_wconf 86' lang='lat' dir='ltr'><strong>esse</strong></span> <span class='ocrx_word' id='word_1_417' title='bbox 2327 2807 2809 2877; x_wconf 79' lang='lat' dir='ltr'><strong>exspectationem.</strong></span> <span class='ocrx_word' id='word_1_418' title='bbox 2885 2801 3150 2857; x_wconf 73' lang='lat' dir='ltr'><strong>Caeterum</strong></span> <span class='ocrx_word' id='word_1_419' title='bbox 3217 2798 3478 2853; x_wconf 87' lang='lat' dir='ltr'><strong>audemus</strong></span> <span class='ocrx_word' id='word_1_420' title='bbox 3537 2793 3720 2849; x_wconf 85' lang='lat' dir='ltr'><strong>dicere</strong></span> 
     </span>
    </p>
   </div>
   <div class='ocr_carea' id='block_1_57' title="bbox 2138 2885 3717 2961">
    <p class='ocr_par' dir='ltr' id='par_1_57' title="bbox 2138 2885 3717 2961">
     <span class='ocr_line' id='line_1_57' title="bbox 2138 2885 3717 2961; baseline -0.011 -6"><span class='ocrx_word' id='word_1_421' title='bbox 2138 2899 2398 2955; x_wconf 85' lang='lat' dir='ltr'><strong>lectorem</strong></span> <span class='ocrx_word' id='word_1_422' title='bbox 2432 2914 2540 2954; x_wconf 90' lang='lat' dir='ltr'><strong>non</strong></span> <span class='ocrx_word' id='word_1_423' title='bbox 2576 2898 2921 2952; x_wconf 89' lang='lat' dir='ltr'><strong>inventurum</strong></span> <span class='ocrx_word' id='word_1_424' title='bbox 2966 2900 3146 2949; x_wconf 88' lang='lat' dir='ltr'><strong>errata</strong></span> <span class='ocrx_word' id='word_1_425' title='bbox 3184 2889 3366 2961; x_wconf 86' lang='lat' dir='ltr'><strong>magni</strong></span> <span class='ocrx_word' id='word_1_426' title='bbox 3413 2885 3671 2943; x_wconf 86' lang='lat' dir='ltr'><strong>momenti</strong></span> <span class='ocrx_word' id='word_1_427' title='bbox 3700 2922 3717 2950; x_wconf 90' lang='lat'><strong>,</strong></span> 
     </span>
    </p>
   </div>
   <div class='ocr_carea' id='block_1_58' title="bbox 2110 2976 3722 3062">
    <p class='ocr_par' dir='ltr' id='par_1_58' title="bbox 2110 2976 3722 3062">
     <span class='ocr_line' id='line_1_58' title="bbox 2110 2976 3722 3062; baseline -0.009 -17"><span class='ocrx_word' id='word_1_428' title='bbox 2110 2998 2234 3062; x_wconf 5' lang='lat' dir='ltr'><strong>qaut</strong></span> <span class='ocrx_word' id='word_1_429' title='bbox 2290 2990 2483 3045; x_wconf 87' lang='lat' dir='ltr'><strong>crebra</strong></span> <span class='ocrx_word' id='word_1_430' title='bbox 2522 2988 2685 3042; x_wconf 90' lang='lat' dir='ltr'><strong>etiam</strong></span> <span class='ocrx_word' id='word_1_431' title='bbox 2733 2985 2950 3041; x_wconf 87' lang='lat' dir='ltr'><strong>levioris</strong></span> <span class='ocrx_word' id='word_1_432' title='bbox 2984 2992 3127 3040; x_wconf 78' lang='lat' dir='ltr'><strong>notae</strong></span> <span class='ocrx_word' id='word_1_433' title='bbox 3174 2997 3189 3036; x_wconf 88' lang='lat'><strong>:</strong></span> <span class='ocrx_word' id='word_1_434' title='bbox 3235 2994 3466 3052; x_wconf 88' lang='lat' dir='ltr'><strong>quorum</strong></span> <span class='ocrx_word' id='word_1_435' title='bbox 3506 2978 3563 3034; x_wconf 91' lang='lat' dir='ltr'><strong>in</strong></span> <span class='ocrx_word' id='word_1_436' title='bbox 3600 2976 3722 3031; x_wconf 86' lang='lat' dir='ltr'><strong>aliis</strong></span> 
     </span>
    </p>
   </div>
   <div class='ocr_carea' id='block_1_59' title="bbox 2140 3069 3721 3150">
    <p class='ocr_par' dir='ltr' id='par_1_59' title="bbox 2140 3069 3721 3150">
     <span class='ocr_line' id='line_1_59' title="bbox 2140 3069 3721 3150; baseline -0.008 -12"><span class='ocrx_word' id='word_1_437' title='bbox 2140 3081 2467 3139; x_wconf 88' lang='lat' dir='ltr'><strong>editionibus</strong></span> <span class='ocrx_word' id='word_1_438' title='bbox 2491 3081 2759 3137; x_wconf 84' lang='lat' dir='ltr'><strong>infinitum</strong></span> <span class='ocrx_word' id='word_1_439' title='bbox 2800 3092 2939 3150; x_wconf 89' lang='lat' dir='ltr'><strong>pene</strong></span> <span class='ocrx_word' id='word_1_440' title='bbox 2967 3090 3252 3134; x_wconf 90' lang='lat' dir='ltr'><strong>numerum</strong></span> <span class='ocrx_word' id='word_1_441' title='bbox 3288 3074 3455 3130; x_wconf 86' lang='lat' dir='ltr'><strong>fuisse</strong></span> <span class='ocrx_word' id='word_1_442' title='bbox 3478 3069 3721 3127; x_wconf 79' lang='lat' dir='ltr'><strong>animad-</strong></span> 
     </span>
    </p>
   </div>
   <div class='ocr_carea' id='block_1_60' title="bbox 462 3161 2424 3240">
    <p class='ocr_par' dir='ltr' id='par_1_60' title="bbox 462 3161 2424 3240">
     <span class='ocr_line' id='line_1_60' title="bbox 462 3161 2424 3240; baseline -0.003 -12"><span class='ocrx_word' id='word_1_443' title='bbox 462 3190 585 3228; x_wconf 90' lang='lat' dir='ltr'><strong>rum</strong></span> <span class='ocrx_word' id='word_1_444' title='bbox 630 3170 933 3227; x_wconf 83' lang='lat' dir='ltr'><strong>defectuum</strong></span> <span class='ocrx_word' id='word_1_445' title='bbox 975 3184 1084 3224; x_wconf 90' lang='lat' dir='ltr'><strong>non</strong></span> <span class='ocrx_word' id='word_1_446' title='bbox 1127 3168 1232 3223; x_wconf 90' lang='lat' dir='ltr'><strong>nisi</strong></span> <span class='ocrx_word' id='word_1_447' title='bbox 1260 3168 1552 3222; x_wconf 79' lang='lat' dir='ltr'><strong>maximam</strong></span> <span class='ocrx_word' id='word_1_448' title='bbox 1575 3182 1816 3234; x_wconf 86' lang='lat' dir='ltr'><strong>causam,</strong></span> <span class='ocrx_word' id='word_1_449' title='bbox 1844 3181 2040 3240; x_wconf 86' lang='lat' dir='ltr'><strong>nempe</strong></span> <span class='ocrx_word' id='word_1_450' title='bbox 2065 3161 2111 3224; x_wconf 89' lang='lat' dir='ltr'><strong>C</strong></span> <span class='ocrx_word' id='word_1_451' title='bbox 2141 3176 2424 3231; x_wconf 71' lang='lat' dir='ltr'><strong>vertimus.</strong></span> 
     </span>
    </p>
   </div>
   <div class='ocr_carea' id='block_1_61' title="bbox 465 3257 2035 3328">
    <p class='ocr_par' dir='ltr' id='par_1_61' title="bbox 465 3257 2035 3328">
     <span class='ocr_line' id='line_1_61' title="bbox 465 3257 2035 3328; baseline -0.004 -8"><span class='ocrx_word' id='word_1_452' title='bbox 465 3264 703 3320; x_wconf 85' lang='lat' dir='ltr'><strong>civilium</strong></span> <span class='ocrx_word' id='word_1_453' title='bbox 765 3259 1027 3316; x_wconf 90' lang='lat' dir='ltr'><strong>bellorum</strong></span> <span class='ocrx_word' id='word_1_454' title='bbox 1086 3259 1338 3314; x_wconf 88' lang='lat' dir='ltr'><strong>acerbam</strong></span> <span class='ocrx_word' id='word_1_455' title='bbox 1381 3257 1745 3315; x_wconf 85' lang='lat' dir='ltr'><strong>calamitatem</strong></span> <span class='ocrx_word' id='word_1_456' title='bbox 1797 3257 2035 3328; x_wconf 71' lang='lat' dir='ltr'><strong>assigna~</strong></span> 
     </span>
    </p>
   </div>
   <div class='ocr_carea' id='block_1_62' title="bbox 463 3356 627 3410">
    <p class='ocr_par' dir='ltr' id='par_1_62' title="bbox 463 3356 627 3410">
     <span class='ocr_line' id='line_1_62' title="bbox 463 3356 627 3410; baseline 0 0"><span class='ocrx_word' id='word_1_457' title='bbox 463 3356 627 3410; x_wconf 84' lang='lat' dir='ltr'><strong>verit.</strong></span> 
     </span>
    </p>
   </div>
   <div class='ocr_carea' id='block_1_63' title="bbox 539 3441 2044 3518">
    <p class='ocr_par' dir='ltr' id='par_1_63' title="bbox 539 3441 2044 3518">
     <span class='ocr_line' id='line_1_63' title="bbox 539 3441 2044 3518; baseline -0.003 -16"><span class='ocrx_word' id='word_1_458' title='bbox 539 3448 680 3518; x_wconf 80' lang='lat' dir='ltr'><strong>Ergo</strong></span> <span class='ocrx_word' id='word_1_459' title='bbox 703 3446 876 3501; x_wconf 91' lang='lat' dir='ltr'><strong>coacti</strong></span> <span class='ocrx_word' id='word_1_460' title='bbox 898 3460 1100 3508; x_wconf 89' lang='lat' dir='ltr'><strong>sumus,</strong></span> <span class='ocrx_word' id='word_1_461' title='bbox 1114 3442 1332 3514; x_wconf 87' lang='lat' dir='ltr'><strong>partitis</strong></span> <span class='ocrx_word' id='word_1_462' title='bbox 1352 3442 1495 3499; x_wconf 90' lang='lat' dir='ltr'><strong>inter</strong></span> <span class='ocrx_word' id='word_1_463' title='bbox 1515 3454 1615 3500; x_wconf 90' lang='lat' dir='ltr'><strong>nos</strong></span> <span class='ocrx_word' id='word_1_464' title='bbox 1633 3441 1853 3515; x_wconf 88' lang='lat' dir='ltr'><strong>vigiliis,</strong></span> <span class='ocrx_word' id='word_1_465' title='bbox 1869 3450 2044 3499; x_wconf 89' lang='lat' dir='ltr'><strong>totum</strong></span> 
     </span>
    </p>
   </div>
   <div class='ocr_carea' id='block_1_64' title="bbox 466 3535 2043 3611">
    <p class='ocr_par' dir='ltr' id='par_1_64' title="bbox 466 3535 2043 3611">
     <span class='ocr_line' id='line_1_64' title="bbox 466 3535 2043 3611; baseline -0.004 -16"><span class='ocrx_word' id='word_1_466' title='bbox 466 3555 603 3611; x_wconf 79' lang='lat' dir='ltr'><strong>opus</strong></span> <span class='ocrx_word' id='word_1_467' title='bbox 627 3539 695 3593; x_wconf 89' lang='lat' dir='ltr'><strong>ad</strong></span> <span class='ocrx_word' id='word_1_468' title='bbox 722 3535 1050 3608; x_wconf 86' lang='lat' dir='ltr'><strong>exemplaria</strong></span> <span class='ocrx_word' id='word_1_469' title='bbox 1081 3535 1449 3605; x_wconf 89' lang='lat' dir='ltr'><strong>manuscripta</strong></span> <span class='ocrx_word' id='word_1_470' title='bbox 1491 3544 1546 3592; x_wconf 92' lang='lat' dir='ltr'><strong>et</strong></span> <span class='ocrx_word' id='word_1_471' title='bbox 1592 3536 1910 3605; x_wconf 87' lang='lat' dir='ltr'><strong>antiquioris</strong></span> <span class='ocrx_word' id='word_1_472' title='bbox 1936 3536 2043 3590; x_wconf 90' lang='lat' dir='ltr'><strong>im-</strong></span> 
     </span>
    </p>
   </div>
   <div class='ocr_carea' id='block_1_65' title="bbox 466 3629 2046 3706">
    <p class='ocr_par' dir='ltr' id='par_1_65' title="bbox 466 3629 2046 3706">
     <span class='ocr_line' id='line_1_65' title="bbox 466 3629 2046 3706; baseline -0.003 -18"><span class='ocrx_word' id='word_1_473' title='bbox 466 3632 764 3706; x_wconf 81' lang='lat' dir='ltr'><strong>pressionis</strong></span> <span class='ocrx_word' id='word_1_474' title='bbox 809 3634 1119 3686; x_wconf 78' lang='lat' dir='ltr'><strong>examinare</strong></span> <span class='ocrx_word' id='word_1_475' title='bbox 1145 3670 1161 3696; x_wconf 94' lang='lat'><strong>,</strong></span> <span class='ocrx_word' id='word_1_476' title='bbox 1222 3629 1443 3684; x_wconf 87' lang='lat' dir='ltr'><strong>Patrum</strong></span> <span class='ocrx_word' id='word_1_477' title='bbox 1493 3631 1732 3700; x_wconf 88' lang='lat' dir='ltr'><strong>ipsorum</strong></span> <span class='ocrx_word' id='word_1_478' title='bbox 1764 3629 2046 3701; x_wconf 88' lang='lat' dir='ltr'><strong>originalia</strong></span> 
     </span>
    </p>
   </div>
   <div class='ocr_carea' id='block_1_66' title="bbox 470 3723 2045 3797">
    <p class='ocr_par' dir='ltr' id='par_1_66' title="bbox 470 3723 2045 3797">
     <span class='ocr_line' id='line_1_66' title="bbox 470 3723 2045 3797; baseline -0.003 -14"><span class='ocrx_word' id='word_1_479' title='bbox 470 3725 783 3783; x_wconf 86' lang='lat' dir='ltr'><strong>consulere:</strong></span> <span class='ocrx_word' id='word_1_480' title='bbox 803 3733 857 3779; x_wconf 86' lang='lat' dir='ltr'><strong>et</strong></span> <span class='ocrx_word' id='word_1_481' title='bbox 876 3739 970 3778; x_wconf 91' lang='lat' dir='ltr'><strong>sua</strong></span> <span class='ocrx_word' id='word_1_482' title='bbox 991 3723 1219 3795; x_wconf 89' lang='lat' dir='ltr'><strong>singulis</strong></span> <span class='ocrx_word' id='word_1_483' title='bbox 1237 3764 1252 3789; x_wconf 90' lang='lat'><strong>,</strong></span> <span class='ocrx_word' id='word_1_484' title='bbox 1277 3740 1307 3777; x_wconf 89' lang='lat' dir='ltr'><strong>a</strong></span> <span class='ocrx_word' id='word_1_485' title='bbox 1340 3724 1534 3794; x_wconf 86' lang='lat' dir='ltr'><strong>quibus</strong></span> <span class='ocrx_word' id='word_1_486' title='bbox 1561 3725 1841 3797; x_wconf 88' lang='lat' dir='ltr'><strong>desumpta</strong></span> <span class='ocrx_word' id='word_1_487' title='bbox 1867 3732 2045 3788; x_wconf 89' lang='lat' dir='ltr'><strong>erant,</strong></span> 
     </span>
    </p>
   </div>
   <div class='ocr_carea' id='block_1_67' title="bbox 470 3812 2049 3892">
    <p class='ocr_par' dir='ltr' id='par_1_67' title="bbox 470 3812 2049 3892">
     <span class='ocr_line' id='line_1_67' title="bbox 470 3812 2049 3892; baseline -0.003 -18"><span class='ocrx_word' id='word_1_488' title='bbox 470 3826 630 3892; x_wconf 88' lang='lat' dir='ltr'><strong>prout</strong></span> <span class='ocrx_word' id='word_1_489' title='bbox 659 3817 728 3872; x_wconf 87' lang='lat' dir='ltr'><strong>ab</strong></span> <span class='ocrx_word' id='word_1_490' title='bbox 756 3817 865 3872; x_wconf 90' lang='lat' dir='ltr'><strong>illis</strong></span> <span class='ocrx_word' id='word_1_491' title='bbox 887 3812 1049 3871; x_wconf 76' lang='lat' dir='ltr'><strong>erant</strong></span> <span class='ocrx_word' id='word_1_492' title='bbox 1080 3815 1305 3884; x_wconf 89' lang='lat' dir='ltr'><strong>scripta,</strong></span> <span class='ocrx_word' id='word_1_493' title='bbox 1330 3816 1433 3871; x_wconf 91' lang='lat' dir='ltr'><strong>hoc</strong></span> <span class='ocrx_word' id='word_1_494' title='bbox 1461 3824 1546 3872; x_wconf 88' lang='lat' dir='ltr'><strong>est</strong></span> <span class='ocrx_word' id='word_1_495' title='bbox 1569 3817 1854 3871; x_wconf 89' lang='lat' dir='ltr'><strong>emendata</strong></span> <span class='ocrx_word' id='word_1_496' title='bbox 1886 3815 2049 3871; x_wconf 86' lang='lat' dir='ltr'><strong>resti-</strong></span> 
     </span>
    </p>
   </div>
   <div class='ocr_carea' id='block_1_68' title="bbox 473 3905 2049 3977">
    <p class='ocr_par' dir='ltr' id='par_1_68' title="bbox 473 3905 2049 3977">
     <span class='ocr_line' id='line_1_68' title="bbox 473 3905 2049 3977; baseline -0.002 -12"><span class='ocrx_word' id='word_1_497' title='bbox 473 3920 664 3975; x_wconf 83' lang='lat' dir='ltr'><strong>tuere,</strong></span> <span class='ocrx_word' id='word_1_498' title='bbox 719 3907 969 3963; x_wconf 87' lang='lat' dir='ltr'><strong>indicatis</strong></span> <span class='ocrx_word' id='word_1_499' title='bbox 1020 3905 1087 3960; x_wconf 91' lang='lat' dir='ltr'><strong>ad</strong></span> <span class='ocrx_word' id='word_1_500' title='bbox 1155 3905 1364 3977; x_wconf 85' lang='lat' dir='ltr'><strong>singula</strong></span> <span class='ocrx_word' id='word_1_501' title='bbox 1420 3906 1728 3962; x_wconf 86' lang='lat' dir='ltr'><strong>testimonia</strong></span> <span class='ocrx_word' id='word_1_502' title='bbox 1766 3914 2049 3962; x_wconf 86' lang='lat' dir='ltr'><strong>auctorum</strong></span> 
     </span>
    </p>
   </div>
   <div class='ocr_carea' id='block_1_69' title="bbox 473 3996 2052 4072">
    <p class='ocr_par' dir='ltr' id='par_1_69' title="bbox 473 3996 2052 4072">
     <span class='ocr_line' id='line_1_69' title="bbox 473 3996 2052 4072; baseline 0 -19"><span class='ocrx_word' id='word_1_503' title='bbox 473 4000 589 4072; x_wconf 92' lang='lat' dir='ltr'><strong>(qui</strong></span> <span class='ocrx_word' id='word_1_504' title='bbox 627 3998 865 4069; x_wconf 83' lang='lat' dir='ltr'><strong>exstant)</strong></span> <span class='ocrx_word' id='word_1_505' title='bbox 900 3997 1052 4051; x_wconf 89' lang='lat' dir='ltr'><strong>libris</strong></span> <span class='ocrx_word' id='word_1_506' title='bbox 1082 3996 1348 4067; x_wconf 87' lang='lat' dir='ltr'><strong>locisque,</strong></span> <span class='ocrx_word' id='word_1_507' title='bbox 1384 3996 1499 4053; x_wconf 86' lang='lat' dir='ltr'><strong>loco</strong></span> <span class='ocrx_word' id='word_1_508' title='bbox 1525 4012 1713 4053; x_wconf 89' lang='lat' dir='ltr'><strong>eorum</strong></span> <span class='ocrx_word' id='word_1_509' title='bbox 1750 4013 1870 4069; x_wconf 65' lang='lat' dir='ltr'><strong>quae</strong></span> <span class='ocrx_word' id='word_1_510' title='bbox 1893 4006 2052 4054; x_wconf 81' lang='lat' dir='ltr'><strong>erant</strong></span> 
     </span>
    </p>
   </div>
   <div class='ocr_carea' id='block_1_70' title="bbox 475 4087 2052 4160">
    <p class='ocr_par' dir='ltr' id='par_1_70' title="bbox 475 4087 2052 4160">
     <span class='ocr_line' id='line_1_70' title="bbox 475 4087 2052 4160; baseline 0.003 -16"><span class='ocrx_word' id='word_1_511' title='bbox 475 4092 545 4145; x_wconf 89' lang='lat' dir='ltr'><strong>ad</strong></span> <span class='ocrx_word' id='word_1_512' title='bbox 576 4087 857 4159; x_wconf 81' lang='lat' dir='ltr'><strong>replendas</strong></span> <span class='ocrx_word' id='word_1_513' title='bbox 884 4089 1205 4159; x_wconf 88' lang='lat' dir='ltr'><strong>paginarum</strong></span> <span class='ocrx_word' id='word_1_514' title='bbox 1247 4089 1543 4144; x_wconf 86' lang='lat' dir='ltr'><strong>vacuitates</strong></span> <span class='ocrx_word' id='word_1_515' title='bbox 1573 4089 1653 4144; x_wconf 84' lang='lat' dir='ltr'><strong>vel</strong></span> <span class='ocrx_word' id='word_1_516' title='bbox 1682 4090 1907 4160; x_wconf 88' lang='lat' dir='ltr'><strong>repetita</strong></span> <span class='ocrx_word' id='word_1_517' title='bbox 1926 4130 1943 4157; x_wconf 93' lang='lat'><strong>,</strong></span> <span class='ocrx_word' id='word_1_518' title='bbox 1967 4092 2052 4148; x_wconf 87' lang='lat' dir='ltr'><strong>vel</strong></span> 
     </span>
    </p>
   </div>
   <div class='ocr_carea' id='block_1_71' title="bbox 477 4180 2046 4256">
    <p class='ocr_par' dir='ltr' id='par_1_71' title="bbox 477 4180 2046 4256">
     <span class='ocr_line' id='line_1_71' title="bbox 477 4180 2046 4256; baseline 0.002 -19"><span class='ocrx_word' id='word_1_519' title='bbox 477 4180 745 4252; x_wconf 82' lang='lat' dir='ltr'><strong>superﬂue</strong></span> <span class='ocrx_word' id='word_1_520' title='bbox 772 4181 969 4252; x_wconf 89' lang='lat' dir='ltr'><strong>posita,</strong></span> <span class='ocrx_word' id='word_1_521' title='bbox 1014 4181 1096 4236; x_wconf 87' lang='lat' dir='ltr'><strong>vel</strong></span> <span class='ocrx_word' id='word_1_522' title='bbox 1128 4196 1232 4236; x_wconf 89' lang='lat' dir='ltr'><strong>non</strong></span> <span class='ocrx_word' id='word_1_523' title='bbox 1263 4183 1397 4237; x_wconf 86' lang='lat' dir='ltr'><strong>satis</strong></span> <span class='ocrx_word' id='word_1_524' title='bbox 1427 4196 1618 4239; x_wconf 89' lang='lat' dir='ltr'><strong>securo</strong></span> <span class='ocrx_word' id='word_1_525' title='bbox 1647 4183 1829 4256; x_wconf 83' lang='lat' dir='ltr'><strong>judice</strong></span> <span class='ocrx_word' id='word_1_526' title='bbox 1855 4184 2046 4253; x_wconf 89' lang='lat' dir='ltr'><strong>electa,</strong></span> 
     </span>
    </p>
   </div>
   <div class='ocr_carea' id='block_1_72' title="bbox 478 4271 2048 4347">
    <p class='ocr_par' dir='ltr' id='par_1_72' title="bbox 478 4271 2048 4347">
     <span class='ocr_line' id='line_1_72' title="bbox 478 4271 2048 4347; baseline 0.002 -19"><span class='ocrx_word' id='word_1_527' title='bbox 478 4273 611 4329; x_wconf 83' lang='lat' dir='ltr'><strong>alias</strong></span> <span class='ocrx_word' id='word_1_528' title='bbox 661 4271 1008 4328; x_wconf 84' lang='lat' dir='ltr'><strong>classicorum</strong></span> <span class='ocrx_word' id='word_1_529' title='bbox 1058 4271 1280 4327; x_wconf 90' lang='lat' dir='ltr'><strong>Patrum</strong></span> <span class='ocrx_word' id='word_1_530' title='bbox 1329 4275 1625 4330; x_wconf 86' lang='lat' dir='ltr'><strong>sententias</strong></span> <span class='ocrx_word' id='word_1_531' title='bbox 1677 4276 2048 4347; x_wconf 86' lang='lat' dir='ltr'><strong>ascripsimus.</strong></span> 
     </span>
    </p>
   </div>
   <div class='ocr_carea' id='block_1_73' title="bbox 476 4361 2057 4435">
    <p class='ocr_par' dir='ltr' id='par_1_73' title="bbox 476 4361 2057 4435">
     <span class='ocr_line' id='line_1_73' title="bbox 476 4361 2057 4435; baseline 0.001 -12"><span class='ocrx_word' id='word_1_532' title='bbox 476 4363 744 4423; x_wconf 73' lang='lat' dir='ltr'><strong>Przeterea</strong></span> <span class='ocrx_word' id='word_1_533' title='bbox 776 4363 1083 4420; x_wconf 86' lang='lat' dir='ltr'><strong>testimonia</strong></span> <span class='ocrx_word' id='word_1_534' title='bbox 1112 4361 1481 4418; x_wconf 79' lang='lat' dir='ltr'><strong>Babbinorum</strong></span> <span class='ocrx_word' id='word_1_535' title='bbox 1510 4362 1767 4435; x_wconf 84' lang='lat' dir='ltr'><strong>(excepto</strong></span> <span class='ocrx_word' id='word_1_536' title='bbox 1812 4380 1920 4422; x_wconf 92' lang='lat' dir='ltr'><strong>uno</strong></span> <span class='ocrx_word' id='word_1_537' title='bbox 1961 4377 2057 4425; x_wconf 91' lang='lat' dir='ltr'><strong>aut</strong></span> 
     </span>
    </p>
   </div>
   <div class='ocr_carea' id='block_1_74' title="bbox 479 4451 2051 4526">
    <p class='ocr_par' dir='ltr' id='par_1_74' title="bbox 479 4451 2051 4526">
     <span class='ocr_line' id='line_1_74' title="bbox 479 4451 2051 4526; baseline 0.003 -17"><span class='ocrx_word' id='word_1_538' title='bbox 479 4454 673 4525; x_wconf 90' lang='lat' dir='ltr'><strong>altero)</strong></span> <span class='ocrx_word' id='word_1_539' title='bbox 717 4468 838 4525; x_wconf 71' lang='lat' dir='ltr'><strong>quae</strong></span> <span class='ocrx_word' id='word_1_540' title='bbox 883 4468 991 4509; x_wconf 90' lang='lat' dir='ltr'><strong>non</strong></span> <span class='ocrx_word' id='word_1_541' title='bbox 1014 4458 1171 4508; x_wconf 89' lang='lat' dir='ltr'><strong>erant</strong></span> <span class='ocrx_word' id='word_1_542' title='bbox 1198 4467 1229 4506; x_wconf 92' lang='lat' dir='ltr'><strong>a</strong></span> <span class='ocrx_word' id='word_1_543' title='bbox 1278 4451 1576 4520; x_wconf 82' lang='lat' dir='ltr'><strong>glossatore</strong></span> <span class='ocrx_word' id='word_1_544' title='bbox 1603 4455 1828 4526; x_wconf 87' lang='lat' dir='ltr'><strong>antiquo</strong></span> <span class='ocrx_word' id='word_1_545' title='bbox 1863 4457 2051 4526; x_wconf 89' lang='lat' dir='ltr'><strong>citata,</strong></span> 
     </span>
    </p>
   </div>
   <div class='ocr_carea' id='block_1_75' title="bbox 2082 4510 2133 4571">
    <p class='ocr_par' dir='ltr' id='par_1_75' title="bbox 2082 4510 2133 4571">
     <span class='ocr_line' id='line_1_75' title="bbox 2082 4510 2133 4571; baseline 0 0"><span class='ocrx_word' id='word_1_546' title='bbox 2082 4510 2133 4571; x_wconf 91' lang='lat' dir='ltr'>D</span> 
     </span>
    </p>
   </div>
   <div class='ocr_carea' id='block_1_76' title="bbox 2213 3256 3723 3338">
    <p class='ocr_par' dir='ltr' id='par_1_76' title="bbox 2213 3256 3723 3338">
     <span class='ocr_line' id='line_1_76' title="bbox 2213 3256 3723 3338; baseline -0.009 -15"><span class='ocrx_word' id='word_1_547' title='bbox 2213 3266 2521 3338; x_wconf 90' lang='lat' dir='ltr'><strong>Cognoscas</strong></span> <span class='ocrx_word' id='word_1_548' title='bbox 2549 3272 2752 3330; x_wconf 87' lang='lat' dir='ltr'><strong>autem,</strong></span> <span class='ocrx_word' id='word_1_549' title='bbox 2783 3263 2958 3317; x_wconf 91' lang='lat' dir='ltr'><strong>lector</strong></span> <span class='ocrx_word' id='word_1_550' title='bbox 2980 3260 3387 3324; x_wconf 87' lang='lat' dir='ltr'><strong>humanissime,</strong></span> <span class='ocrx_word' id='word_1_551' title='bbox 3411 3256 3547 3312; x_wconf 90' lang='lat' dir='ltr'><strong>nihil</strong></span> <span class='ocrx_word' id='word_1_552' title='bbox 3568 3270 3723 3327; x_wconf 91' lang='lat' dir='ltr'><strong>pror-</strong></span> 
     </span>
    </p>
   </div>
   <div class='ocr_carea' id='block_1_77' title="bbox 2145 3352 3722 3426">
    <p class='ocr_par' dir='ltr' id='par_1_77' title="bbox 2145 3352 3722 3426">
     <span class='ocr_line' id='line_1_77' title="bbox 2145 3352 3722 3426; baseline -0.01 -10"><span class='ocrx_word' id='word_1_553' title='bbox 2145 3375 2238 3417; x_wconf 87' lang='lat' dir='ltr'><strong>sus</strong></span> <span class='ocrx_word' id='word_1_554' title='bbox 2261 3373 2292 3412; x_wconf 91' lang='lat' dir='ltr'><strong>a</strong></span> <span class='ocrx_word' id='word_1_555' title='bbox 2327 3357 2483 3413; x_wconf 88' lang='lat' dir='ltr'><strong>nobis</strong></span> <span class='ocrx_word' id='word_1_556' title='bbox 2510 3356 2677 3411; x_wconf 86' lang='lat' dir='ltr'><strong>fuisse</strong></span> <span class='ocrx_word' id='word_1_557' title='bbox 2706 3357 2762 3410; x_wconf 90' lang='lat' dir='ltr'><strong>in</strong></span> <span class='ocrx_word' id='word_1_558' title='bbox 2791 3362 2969 3426; x_wconf 71' lang='lat' dir='ltr'><strong>glossa</strong></span> <span class='ocrx_word' id='word_1_559' title='bbox 2998 3353 3167 3408; x_wconf 86' lang='lat' dir='ltr'><strong>veteri</strong></span> <span class='ocrx_word' id='word_1_560' title='bbox 3198 3352 3562 3414; x_wconf 86' lang='lat' dir='ltr'><strong>immutatum,</strong></span> <span class='ocrx_word' id='word_1_561' title='bbox 3612 3361 3722 3403; x_wconf 89' lang='lat' dir='ltr'><strong>non</strong></span> 
     </span>
    </p>
   </div>
   <div class='ocr_carea' id='block_1_78' title="bbox 2144 3442 3723 3515">
    <p class='ocr_par' dir='ltr' id='par_1_78' title="bbox 2144 3442 3723 3515">
     <span class='ocr_line' id='line_1_78' title="bbox 2144 3442 3723 3515; baseline -0.008 -9"><span class='ocrx_word' id='word_1_562' title='bbox 2144 3449 2411 3514; x_wconf 89' lang='lat' dir='ltr'><strong>ordinem,</strong></span> <span class='ocrx_word' id='word_1_563' title='bbox 2441 3462 2545 3502; x_wconf 93' lang='lat' dir='ltr'><strong>non</strong></span> <span class='ocrx_word' id='word_1_564' title='bbox 2580 3447 2745 3503; x_wconf 87' lang='lat' dir='ltr'><strong>verba</strong></span> <span class='ocrx_word' id='word_1_565' title='bbox 2776 3447 2892 3515; x_wconf 90' lang='lat' dir='ltr'><strong>ipsa</strong></span> <span class='ocrx_word' id='word_1_566' title='bbox 2921 3444 3025 3500; x_wconf 89' lang='lat' dir='ltr'><strong>nisi</strong></span> <span class='ocrx_word' id='word_1_567' title='bbox 3044 3460 3175 3500; x_wconf 88' lang='lat' dir='ltr'><strong>cum</strong></span> <span class='ocrx_word' id='word_1_568' title='bbox 3199 3442 3331 3497; x_wconf 88' lang='lat' dir='ltr'><strong>falsa</strong></span> <span class='ocrx_word' id='word_1_569' title='bbox 3355 3450 3449 3496; x_wconf 91' lang='lat' dir='ltr'><strong>aut</strong></span> <span class='ocrx_word' id='word_1_570' title='bbox 3468 3448 3723 3510; x_wconf 90' lang='lat' dir='ltr'><strong>corrupta</strong></span> 
     </span>
    </p>
   </div>
   <div class='ocr_carea' id='block_1_79' title="bbox 2146 3533 3727 3608">
    <p class='ocr_par' dir='ltr' id='par_1_79' title="bbox 2146 3533 3727 3608">
     <span class='ocr_line' id='line_1_79' title="bbox 2146 3533 3727 3608; baseline -0.006 -12"><span class='ocrx_word' id='word_1_571' title='bbox 2146 3556 2286 3606; x_wconf 83' lang='lat' dir='ltr'><strong>esse,</strong></span> <span class='ocrx_word' id='word_1_572' title='bbox 2314 3556 2384 3595; x_wconf 86' lang='lat' dir='ltr'><strong>ex</strong></span> <span class='ocrx_word' id='word_1_573' title='bbox 2411 3538 2794 3608; x_wconf 86' lang='lat' dir='ltr'><strong>manuscriptis</strong></span> <span class='ocrx_word' id='word_1_574' title='bbox 2837 3537 3181 3607; x_wconf 89' lang='lat' dir='ltr'><strong>antiquisque</strong></span> <span class='ocrx_word' id='word_1_575' title='bbox 3214 3533 3644 3605; x_wconf 88' lang='lat' dir='ltr'><strong>exemplaribus,</strong></span> <span class='ocrx_word' id='word_1_576' title='bbox 3668 3542 3727 3587; x_wconf 89' lang='lat' dir='ltr'><strong>et</strong></span> 
     </span>
    </p>
   </div>
   <div class='ocr_carea' id='block_1_80' title="bbox 2145 3631 3726 3707">
    <p class='ocr_par' dir='ltr' id='par_1_80' title="bbox 2145 3631 3726 3707">
     <span class='ocr_line' id='line_1_80' title="bbox 2145 3631 3726 3707; baseline -0.004 -16"><span class='ocrx_word' id='word_1_577' title='bbox 2145 3635 2501 3707; x_wconf 92' lang='lat' dir='ltr'><strong>originalibus</strong></span> <span class='ocrx_word' id='word_1_578' title='bbox 2538 3634 2669 3705; x_wconf 91' lang='lat' dir='ltr'><strong>ipsis</strong></span> <span class='ocrx_word' id='word_1_579' title='bbox 2713 3641 3026 3689; x_wconf 88' lang='lat' dir='ltr'><strong>sanctorum</strong></span> <span class='ocrx_word' id='word_1_580' title='bbox 3052 3672 3067 3695; x_wconf 87' lang='lat'><strong>,</strong></span> <span class='ocrx_word' id='word_1_581' title='bbox 3111 3631 3606 3702; x_wconf 87' lang='lat' dir='ltr'><strong>deprehendimus;</strong></span> <span class='ocrx_word' id='word_1_582' title='bbox 3662 3637 3726 3686; x_wconf 91' lang='lat' dir='ltr'><strong>ut</strong></span> 
     </span>
    </p>
   </div>
   <div class='ocr_carea' id='block_1_81' title="bbox 2147 3722 3727 3798">
    <p class='ocr_par' dir='ltr' id='par_1_81' title="bbox 2147 3722 3727 3798">
     <span class='ocr_line' id='line_1_81' title="bbox 2147 3722 3727 3798; baseline -0.004 -15"><span class='ocrx_word' id='word_1_583' title='bbox 2147 3741 2324 3798; x_wconf 90' lang='lat' dir='ltr'><strong>neque</strong></span> <span class='ocrx_word' id='word_1_584' title='bbox 2353 3727 2410 3781; x_wconf 90' lang='lat' dir='ltr'><strong>in</strong></span> <span class='ocrx_word' id='word_1_585' title='bbox 2438 3726 2624 3781; x_wconf 87' lang='lat' dir='ltr'><strong>Lirani</strong></span> <span class='ocrx_word' id='word_1_586' title='bbox 2651 3725 2865 3796; x_wconf 90' lang='lat' dir='ltr'><strong>postilla</strong></span> <span class='ocrx_word' id='word_1_587' title='bbox 2892 3722 3112 3780; x_wconf 90' lang='lat' dir='ltr'><strong>litterali</strong></span> <span class='ocrx_word' id='word_1_588' title='bbox 3137 3734 3192 3780; x_wconf 92' lang='lat' dir='ltr'><strong>et</strong></span> <span class='ocrx_word' id='word_1_589' title='bbox 3217 3723 3408 3780; x_wconf 90' lang='lat' dir='ltr'><strong>morali</strong></span> <span class='ocrx_word' id='word_1_590' title='bbox 3432 3723 3727 3794; x_wconf 83' lang='lat' dir='ltr'><strong>quidquam</strong></span> 
     </span>
    </p>
   </div>
   <div class='ocr_carea' id='block_1_82' title="bbox 2148 3800 3727 3890">
    <p class='ocr_par' dir='ltr' id='par_1_82' title="bbox 2148 3800 3727 3890">
     <span class='ocr_line' id='line_1_82' title="bbox 2148 3800 3727 3890; baseline -0.003 -15"><span class='ocrx_word' id='word_1_591' title='bbox 2148 3818 2507 3884; x_wconf 87' lang='lat' dir='ltr'><strong>mutavimus;</strong></span> <span class='ocrx_word' id='word_1_592' title='bbox 2549 3818 2690 3873; x_wconf 89' lang='lat' dir='ltr'><strong>unde</strong></span> <span class='ocrx_word' id='word_1_593' title='bbox 2717 3817 2929 3889; x_wconf 87' lang='lat' dir='ltr'><strong>aliquas</strong></span> <span class='ocrx_word' id='word_1_594' title='bbox 2958 3800 3319 3890; x_wconf 71' lang='lat' dir='ltr'><strong>etymologiae</strong></span> <span class='ocrx_word' id='word_1_595' title='bbox 3348 3815 3637 3882; x_wconf 86' lang='lat' dir='ltr'><strong>leviculas,</strong></span> <span class='ocrx_word' id='word_1_596' title='bbox 3666 3824 3727 3871; x_wconf 89' lang='lat' dir='ltr'><strong>ut</strong></span> 
     </span>
    </p>
   </div>
   <div class='ocr_carea' id='block_1_83' title="bbox 2153 3908 3729 3981">
    <p class='ocr_par' dir='ltr' id='par_1_83' title="bbox 2153 3908 3729 3981">
     <span class='ocr_line' id='line_1_83' title="bbox 2153 3908 3729 3981; baseline -0.003 -15"><span class='ocrx_word' id='word_1_597' title='bbox 2153 3911 2399 3981; x_wconf 59' lang='lat' dir='ltr'><strong>quasdam</strong></span> <span class='ocrx_word' id='word_1_598' title='bbox 2422 3908 2721 3973; x_wconf 81' lang='lat' dir='ltr'><strong>spbalmata</strong></span> <span class='ocrx_word' id='word_1_599' title='bbox 2746 3908 3096 3979; x_wconf 89' lang='lat' dir='ltr'><strong>grammatica</strong></span> <span class='ocrx_word' id='word_1_600' title='bbox 3126 3908 3275 3980; x_wconf 87' lang='lat' dir='ltr'><strong>(quia</strong></span> <span class='ocrx_word' id='word_1_601' title='bbox 3306 3908 3385 3963; x_wconf 87' lang='lat' dir='ltr'><strong>sic</strong></span> <span class='ocrx_word' id='word_1_602' title='bbox 3409 3908 3729 3963; x_wconf 85' lang='lat' dir='ltr'><strong>videbantur</strong></span> 
     </span>
    </p>
   </div>
   <div class='ocr_carea' id='block_1_84' title="bbox 2154 3997 3729 4071">
    <p class='ocr_par' dir='ltr' id='par_1_84' title="bbox 2154 3997 3729 4071">
     <span class='ocr_line' id='line_1_84' title="bbox 2154 3997 3729 4071; baseline -0.004 -14"><span class='ocrx_word' id='word_1_603' title='bbox 2154 4002 2222 4057; x_wconf 87' lang='lat' dir='ltr'><strong>ab</strong></span> <span class='ocrx_word' id='word_1_604' title='bbox 2252 4001 2371 4071; x_wconf 90' lang='lat' dir='ltr'><strong>ipso</strong></span> <span class='ocrx_word' id='word_1_605' title='bbox 2405 4006 2629 4054; x_wconf 89' lang='lat' dir='ltr'><strong>auctore</strong></span> <span class='ocrx_word' id='word_1_606' title='bbox 2653 3998 2985 4068; x_wconf 88' lang='lat' dir='ltr'><strong>conscripta,</strong></span> <span class='ocrx_word' id='word_1_607' title='bbox 3010 3997 3187 4054; x_wconf 88' lang='lat' dir='ltr'><strong>solent</strong></span> <span class='ocrx_word' id='word_1_608' title='bbox 3213 3998 3360 4052; x_wconf 88' lang='lat' dir='ltr'><strong>enim</strong></span> <span class='ocrx_word' id='word_1_609' title='bbox 3386 3998 3439 4052; x_wconf 91' lang='lat' dir='ltr'><strong>in</strong></span> <span class='ocrx_word' id='word_1_610' title='bbox 3462 3998 3547 4053; x_wconf 87' lang='lat' dir='ltr'><strong>his</strong></span> <span class='ocrx_word' id='word_1_611' title='bbox 3561 3997 3729 4068; x_wconf 91' lang='lat' dir='ltr'><strong>origi-</strong></span> 
     </span>
    </p>
   </div>
   <div class='ocr_carea' id='block_1_85' title="bbox 2154 4088 3725 4160">
    <p class='ocr_par' dir='ltr' id='par_1_85' title="bbox 2154 4088 3725 4160">
     <span class='ocr_line' id='line_1_85' title="bbox 2154 4088 3725 4160; baseline -0.004 -13"><span class='ocrx_word' id='word_1_612' title='bbox 2154 4092 2462 4147; x_wconf 85' lang='lat' dir='ltr'><strong>nationibus</strong></span> <span class='ocrx_word' id='word_1_613' title='bbox 2483 4105 2590 4146; x_wconf 93' lang='lat' dir='ltr'><strong>non</strong></span> <span class='ocrx_word' id='word_1_614' title='bbox 2605 4104 2730 4145; x_wconf 90' lang='lat' dir='ltr'><strong>raro</strong></span> <span class='ocrx_word' id='word_1_615' title='bbox 2755 4089 3116 4160; x_wconf 88' lang='lat' dir='ltr'><strong>postillatores</strong></span> <span class='ocrx_word' id='word_1_616' title='bbox 3130 4088 3379 4159; x_wconf 88' lang='lat' dir='ltr'><strong>ineptire)</strong></span> <span class='ocrx_word' id='word_1_617' title='bbox 3395 4103 3617 4158; x_wconf 88' lang='lat' dir='ltr'><strong>prorsus</strong></span> <span class='ocrx_word' id='word_1_618' title='bbox 3642 4088 3725 4142; x_wconf 79' lang='lat' dir='ltr'><strong>in—</strong></span> 
     </span>
    </p>
   </div>
   <div class='ocr_carea' id='block_1_86' title="bbox 2154 4181 3729 4254">
    <p class='ocr_par' dir='ltr' id='par_1_86' title="bbox 2154 4181 3729 4254">
     <span class='ocr_line' id='line_1_86' title="bbox 2154 4181 3729 4254; baseline -0.003 -14"><span class='ocrx_word' id='word_1_619' title='bbox 2154 4194 2298 4240; x_wconf 89' lang='lat' dir='ltr'><strong>tacta</strong></span> <span class='ocrx_word' id='word_1_620' title='bbox 2324 4183 2659 4254; x_wconf 86' lang='lat' dir='ltr'><strong>reliquimus.</strong></span> <span class='ocrx_word' id='word_1_621' title='bbox 2690 4183 2767 4239; x_wconf 89' lang='lat' dir='ltr'><strong>Ea</strong></span> <span class='ocrx_word' id='word_1_622' title='bbox 2790 4190 2969 4237; x_wconf 89' lang='lat' dir='ltr'><strong>autem</strong></span> <span class='ocrx_word' id='word_1_623' title='bbox 2986 4197 3106 4252; x_wconf 74' lang='lat' dir='ltr'><strong>qua:</strong></span> <span class='ocrx_word' id='word_1_624' title='bbox 3132 4190 3257 4237; x_wconf 89' lang='lat' dir='ltr'><strong>sunt</strong></span> <span class='ocrx_word' id='word_1_625' title='bbox 3276 4197 3307 4236; x_wconf 92' lang='lat' dir='ltr'><strong>a</strong></span> <span class='ocrx_word' id='word_1_626' title='bbox 3331 4181 3729 4237; x_wconf 86' lang='lat' dir='ltr'><strong>Parisiensibus</strong></span> 
     </span>
    </p>
   </div>
   <div class='ocr_carea' id='block_1_87' title="bbox 2156 4272 3729 4345">
    <p class='ocr_par' dir='ltr' id='par_1_87' title="bbox 2156 4272 3729 4345">
     <span class='ocr_line' id='line_1_87' title="bbox 2156 4272 3729 4345; baseline -0.002 -14"><span class='ocrx_word' id='word_1_627' title='bbox 2156 4276 2339 4331; x_wconf 88' lang='lat' dir='ltr'><strong>addita</strong></span> <span class='ocrx_word' id='word_1_628' title='bbox 2376 4274 2582 4331; x_wconf 78' lang='lat' dir='ltr'><strong>Glossa:</strong></span> <span class='ocrx_word' id='word_1_629' title='bbox 2606 4275 2795 4339; x_wconf 89' lang='lat' dir='ltr'><strong>veteri,</strong></span> <span class='ocrx_word' id='word_1_630' title='bbox 2823 4275 3085 4331; x_wconf 84' lang='lat' dir='ltr'><strong>asterisco</strong></span> <span class='ocrx_word' id='word_1_631' title='bbox 3115 4289 3210 4330; x_wconf 91' lang='lat' dir='ltr'><strong>seu</strong></span> <span class='ocrx_word' id='word_1_632' title='bbox 3252 4274 3465 4330; x_wconf 88' lang='lat' dir='ltr'><strong>stellula</strong></span> <span class='ocrx_word' id='word_1_633' title='bbox 3500 4272 3729 4345; x_wconf 85' lang='lat' dir='ltr'><strong>simplici</strong></span> 
     </span>
    </p>
   </div>
   <div class='ocr_carea' id='block_1_88' title="bbox 2156 4367 3733 4441">
    <p class='ocr_par' dir='ltr' id='par_1_88' title="bbox 2156 4367 3733 4441">
     <span class='ocr_line' id='line_1_88' title="bbox 2156 4367 3733 4441; baseline -0.002 -16"><span class='ocrx_word' id='word_1_634' title='bbox 2156 4376 2283 4425; x_wconf 91' lang='lat' dir='ltr'><strong>sunt</strong></span> <span class='ocrx_word' id='word_1_635' title='bbox 2305 4367 2590 4441; x_wconf 88' lang='lat' dir='ltr'><strong>insignita;</strong></span> <span class='ocrx_word' id='word_1_636' title='bbox 2612 4382 2733 4438; x_wconf 66' lang='lat' dir='ltr'><strong>quas</strong></span> <span class='ocrx_word' id='word_1_637' title='bbox 2762 4382 2862 4423; x_wconf 91' lang='lat' dir='ltr'><strong>nos</strong></span> <span class='ocrx_word' id='word_1_638' title='bbox 2899 4367 3218 4432; x_wconf 88' lang='lat' dir='ltr'><strong>addidimus,</strong></span> <span class='ocrx_word' id='word_1_639' title='bbox 3240 4367 3503 4438; x_wconf 89' lang='lat' dir='ltr'><strong>duplicem</strong></span> <span class='ocrx_word' id='word_1_640' title='bbox 3530 4367 3733 4423; x_wconf 85' lang='lat' dir='ltr'><strong>habent</strong></span> 
     </span>
    </p>
   </div>
   <div class='ocr_carea' id='block_1_89' title="bbox 2157 4457 3734 4531">
    <p class='ocr_par' dir='ltr' id='par_1_89' title="bbox 2157 4457 3734 4531">
     <span class='ocr_line' id='line_1_89' title="bbox 2157 4457 3734 4531; baseline -0.003 -15"><span class='ocrx_word' id='word_1_641' title='bbox 2157 4460 2261 4516; x_wconf 88' lang='lat' dir='ltr'><strong>sibi</strong></span> <span class='ocrx_word' id='word_1_642' title='bbox 2288 4457 2670 4531; x_wconf 75' lang='lat' dir='ltr'><strong>praelucentem</strong></span> <span class='ocrx_word' id='word_1_643' title='bbox 2693 4458 3037 4525; x_wconf 89' lang='lat' dir='ltr'><strong>asteriscum,</strong></span> <span class='ocrx_word' id='word_1_644' title='bbox 3063 4466 3226 4530; x_wconf 83' lang='lat' dir='ltr'><strong>atque</strong></span> <span class='ocrx_word' id='word_1_645' title='bbox 3252 4458 3360 4515; x_wconf 87' lang='lat' dir='ltr'><strong>illis</strong></span> <span class='ocrx_word' id='word_1_646' title='bbox 3384 4459 3527 4515; x_wconf 86' lang='lat' dir='ltr'><strong>notis</strong></span> <span class='ocrx_word' id='word_1_647' title='bbox 3545 4459 3615 4514; x_wconf 85' lang='lat' dir='ltr'><strong>ab</strong></span> <span class='ocrx_word' id='word_1_648' title='bbox 3635 4472 3734 4512; x_wconf 89' lang='lat' dir='ltr'><strong>au-</strong></span> 
     </span>
    </p>
   </div>
   <div class='ocr_carea' id='block_1_90' title="bbox 480 4544 3734 4620">
    <p class='ocr_par' dir='ltr' id='par_1_90' title="bbox 480 4544 3734 4620">
     <span class='ocr_line' id='line_1_90' title="bbox 480 4544 3734 4620; baseline 0 -17"><span class='ocrx_word' id='word_1_649' title='bbox 480 4548 717 4619; x_wconf 90' lang='lat' dir='ltr'><strong>itemque</strong></span> <span class='ocrx_word' id='word_1_650' title='bbox 750 4546 1099 4618; x_wconf 86' lang='lat' dir='ltr'><strong>profanorum</strong></span> <span class='ocrx_word' id='word_1_651' title='bbox 1147 4544 1494 4616; x_wconf 88' lang='lat' dir='ltr'><strong>scriptorum,</strong></span> <span class='ocrx_word' id='word_1_652' title='bbox 1525 4554 1583 4601; x_wconf 92' lang='lat' dir='ltr'><strong>ut</strong></span> <span class='ocrx_word' id='word_1_653' title='bbox 1609 4544 1805 4613; x_wconf 91' lang='lat' dir='ltr'><strong>Plinii,</strong></span> <span class='ocrx_word' id='word_1_654' title='bbox 1859 4546 2055 4606; x_wconf 80' lang='lat' dir='ltr'><strong>Justini</strong></span> <span class='ocrx_word' id='word_1_655' title='bbox 2082 4544 2133 4571; x_wconf 78' lang='grc' dir='ltr'><strong><em>υ</em></strong></span> <span class='ocrx_word' id='word_1_656' title='bbox 2159 4550 2500 4610; x_wconf 89' lang='lat' dir='ltr'><strong>ctoritatibus</strong></span> <span class='ocrx_word' id='word_1_657' title='bbox 2544 4549 2749 4608; x_wconf 73' lang='lat' dir='ltr'><strong>Glossa:</strong></span> <span class='ocrx_word' id='word_1_658' title='bbox 2776 4550 2976 4606; x_wconf 86' lang='lat' dir='ltr'><strong>veteris</strong></span> <span class='ocrx_word' id='word_1_659' title='bbox 3013 4550 3445 4618; x_wconf 88' lang='lat' dir='ltr'><strong>distinguuntur;</strong></span> <span class='ocrx_word' id='word_1_660' title='bbox 3483 4549 3734 4620; x_wconf 89' lang='lat' dir='ltr'><strong>idemque</strong></span> 
     </span>
    </p>
   </div>
   <div class='ocr_carea' id='block_1_91' title="bbox 479 4634 2059 4708">
    <p class='ocr_par' dir='ltr' id='par_1_91' title="bbox 479 4634 2059 4708">
     <span class='ocr_line' id='line_1_91' title="bbox 479 4634 2059 4708; baseline 0.001 -14"><span class='ocrx_word' id='word_1_661' title='bbox 479 4634 985 4708; x_wconf 80' lang='lat' dir='ltr'><strong>historici,Josephi</strong></span> <span class='ocrx_word' id='word_1_662' title='bbox 1009 4634 1200 4701; x_wconf 76' lang='lat' dir='ltr'><strong>Judaei,</strong></span> <span class='ocrx_word' id='word_1_663' title='bbox 1237 4635 1496 4702; x_wconf 80' lang='lat' dir='ltr'><strong>Philonis,</strong></span> <span class='ocrx_word' id='word_1_664' title='bbox 1526 4652 1648 4708; x_wconf 71' lang='lat' dir='ltr'><strong>qua:</strong></span> <span class='ocrx_word' id='word_1_665' title='bbox 1677 4637 1732 4694; x_wconf 90' lang='lat' dir='ltr'><strong>in</strong></span> <span class='ocrx_word' id='word_1_666' title='bbox 1760 4636 2059 4697; x_wconf 87' lang='lat' dir='ltr'><strong>Parisiensi</strong></span> 
     </span>
    </p>
   </div>
   <div class='ocr_carea' id='block_1_92' title="bbox 479 4724 2056 4800">
    <p class='ocr_par' dir='ltr' id='par_1_92' title="bbox 479 4724 2056 4800">
     <span class='ocr_line' id='line_1_92' title="bbox 479 4724 2056 4800; baseline 0.003 -17"><span class='ocrx_word' id='word_1_667' title='bbox 479 4727 717 4784; x_wconf 88' lang='lat' dir='ltr'><strong>editione</strong></span> <span class='ocrx_word' id='word_1_668' title='bbox 758 4726 975 4782; x_wconf 90' lang='lat' dir='ltr'><strong>fuerant</strong></span> <span class='ocrx_word' id='word_1_669' title='bbox 1011 4724 1112 4781; x_wconf 88' lang='lat' dir='ltr'><strong>sub</strong></span> <span class='ocrx_word' id='word_1_670' title='bbox 1136 4724 1366 4782; x_wconf 89' lang='lat' dir='ltr'><strong>stellulis</strong></span> <span class='ocrx_word' id='word_1_671' title='bbox 1391 4727 1623 4799; x_wconf 84' lang='lat' dir='ltr'><strong>adjecta,</strong></span> <span class='ocrx_word' id='word_1_672' title='bbox 1655 4729 2056 4800; x_wconf 78' lang='lat' dir='ltr'><strong>expunximus;</strong></span> 
     </span>
    </p>
   </div>
   <div class='ocr_carea' id='block_1_93' title="bbox 483 4815 2055 4891">
    <p class='ocr_par' dir='ltr' id='par_1_93' title="bbox 483 4815 2055 4891">
     <span class='ocr_line' id='line_1_93' title="bbox 483 4815 2055 4891; baseline 0.001 -16"><span class='ocrx_word' id='word_1_673' title='bbox 483 4828 539 4875; x_wconf 88' lang='lat' dir='ltr'><strong>et</strong></span> <span class='ocrx_word' id='word_1_674' title='bbox 579 4834 679 4891; x_wconf 90' lang='lat' dir='ltr'><strong>pro</strong></span> <span class='ocrx_word' id='word_1_675' title='bbox 705 4818 807 4883; x_wconf 86' lang='lat' dir='ltr'><strong>eis,</strong></span> <span class='ocrx_word' id='word_1_676' title='bbox 854 4815 1075 4871; x_wconf 91' lang='lat' dir='ltr'><strong>Patrum</strong></span> <span class='ocrx_word' id='word_1_677' title='bbox 1107 4827 1420 4873; x_wconf 88' lang='lat' dir='ltr'><strong>sanctorum</strong></span> <span class='ocrx_word' id='word_1_678' title='bbox 1450 4819 1595 4874; x_wconf 89' lang='lat' dir='ltr'><strong>dicta</strong></span> <span class='ocrx_word' id='word_1_679' title='bbox 1632 4820 2010 4877; x_wconf 86' lang='lat' dir='ltr'><strong>substituimus</strong></span> <span class='ocrx_word' id='word_1_680' title='bbox 2041 4839 2055 4876; x_wconf 91' lang='lat'><strong>:</strong></span> 
     </span>
    </p>
   </div>
   <div class='ocr_carea' id='block_1_94' title="bbox 486 4907 2063 4969">
    <p class='ocr_par' dir='ltr' id='par_1_94' title="bbox 486 4907 2063 4969">
     <span class='ocr_line' id='line_1_94' title="bbox 486 4907 2063 4969; baseline 0.003 -4"><span class='ocrx_word' id='word_1_681' title='bbox 486 4910 572 4965; x_wconf 90' lang='lat' dir='ltr'><strong>his</strong></span> <span class='ocrx_word' id='word_1_682' title='bbox 599 4908 741 4964; x_wconf 91' lang='lat' dir='ltr'><strong>enim</strong></span> <span class='ocrx_word' id='word_1_683' title='bbox 775 4907 947 4964; x_wconf 88' lang='lat' dir='ltr'><strong>solum</strong></span> <span class='ocrx_word' id='word_1_684' title='bbox 974 4907 1027 4961; x_wconf 91' lang='lat' dir='ltr'><strong>in</strong></span> <span class='ocrx_word' id='word_1_685' title='bbox 1050 4917 1244 4963; x_wconf 87' lang='lat' dir='ltr'><strong>catena</strong></span> <span class='ocrx_word' id='word_1_686' title='bbox 1266 4907 1357 4963; x_wconf 90' lang='lat' dir='ltr'><strong>illa</strong></span> <span class='ocrx_word' id='word_1_687' title='bbox 1388 4924 1483 4965; x_wconf 83' lang='lat' dir='ltr'><strong>seu</strong></span> <span class='ocrx_word' id='word_1_688' title='bbox 1514 4910 1796 4967; x_wconf 89' lang='lat' dir='ltr'><strong>harmonia</strong></span> <span class='ocrx_word' id='word_1_689' title='bbox 1824 4914 2063 4969; x_wconf 83' lang='lat' dir='ltr'><strong>auctori-</strong></span> 
     </span>
    </p>
   </div>
   <div class='ocr_carea' id='block_1_95' title="bbox 482 4998 2063 5073">
    <p class='ocr_par' dir='ltr' id='par_1_95' title="bbox 482 4998 2063 5073">
     <span class='ocr_line' id='line_1_95' title="bbox 482 4998 2063 5073; baseline 0.003 -17"><span class='ocrx_word' id='word_1_690' title='bbox 482 5009 657 5056; x_wconf 81' lang='lat' dir='ltr'><strong>tatum</strong></span> <span class='ocrx_word' id='word_1_691' title='bbox 681 4999 856 5055; x_wconf 90' lang='lat' dir='ltr'><strong>locum</strong></span> <span class='ocrx_word' id='word_1_692' title='bbox 882 5014 1003 5055; x_wconf 91' lang='lat' dir='ltr'><strong>esse</strong></span> <span class='ocrx_word' id='word_1_693' title='bbox 1027 4999 1199 5054; x_wconf 92' lang='lat' dir='ltr'><strong>voluit</strong></span> <span class='ocrx_word' id='word_1_694' title='bbox 1215 4998 1481 5072; x_wconf 79' lang='lat' dir='ltr'><strong>glossator</strong></span> <span class='ocrx_word' id='word_1_695' title='bbox 1503 5003 1639 5073; x_wconf 87' lang='lat' dir='ltr'><strong>ipse,</strong></span> <span class='ocrx_word' id='word_1_696' title='bbox 1661 5012 1718 5059; x_wconf 92' lang='lat' dir='ltr'><strong>et</strong></span> <span class='ocrx_word' id='word_1_697' title='bbox 1738 5020 1847 5060; x_wconf 91' lang='lat' dir='ltr'><strong>non</strong></span> <span class='ocrx_word' id='word_1_698' title='bbox 1875 5013 2063 5062; x_wconf 88' lang='lat' dir='ltr'><strong>aucto-</strong></span> 
     </span>
    </p>
   </div>
   <div class='ocr_carea' id='block_1_96' title="bbox 487 5091 2062 5162">
    <p class='ocr_par' dir='ltr' id='par_1_96' title="bbox 487 5091 2062 5162">
     <span class='ocr_line' id='line_1_96' title="bbox 487 5091 2062 5162; baseline 0.006 -16"><span class='ocrx_word' id='word_1_699' title='bbox 487 5091 638 5147; x_wconf 90' lang='lat' dir='ltr'><strong>ribus</strong></span> <span class='ocrx_word' id='word_1_700' title='bbox 664 5107 693 5146; x_wconf 87' lang='lat' dir='ltr'><strong>a</strong></span> <span class='ocrx_word' id='word_1_701' title='bbox 721 5091 826 5147; x_wconf 90' lang='lat' dir='ltr'><strong>lide</strong></span> <span class='ocrx_word' id='word_1_702' title='bbox 857 5102 915 5146; x_wconf 92' lang='lat' dir='ltr'><strong>et</strong></span> <span class='ocrx_word' id='word_1_703' title='bbox 937 5091 1156 5147; x_wconf 88' lang='lat' dir='ltr'><strong>Christo</strong></span> <span class='ocrx_word' id='word_1_704' title='bbox 1184 5093 1396 5149; x_wconf 91' lang='lat' dir='ltr'><strong>alienis.</strong></span> <span class='ocrx_word' id='word_1_705' title='bbox 1428 5093 1558 5162; x_wconf 70' lang='lat' dir='ltr'><strong>Quae</strong></span> <span class='ocrx_word' id='word_1_706' title='bbox 1600 5111 1706 5152; x_wconf 93' lang='lat' dir='ltr'><strong>non</strong></span> <span class='ocrx_word' id='word_1_707' title='bbox 1739 5097 1942 5153; x_wconf 91' lang='lat' dir='ltr'><strong>frustra</strong></span> <span class='ocrx_word' id='word_1_708' title='bbox 1968 5109 2062 5155; x_wconf 91' lang='lat' dir='ltr'><strong>aut</strong></span> 
     </span>
    </p>
   </div>
   <div class='ocr_carea' id='block_1_97' title="bbox 480 5180 2064 5260">
    <p class='ocr_par' dir='ltr' id='par_1_97' title="bbox 480 5180 2064 5260">
     <span class='ocr_line' id='line_1_97' title="bbox 480 5180 2064 5260; baseline 0.005 -23"><span class='ocrx_word' id='word_1_709' title='bbox 480 5182 749 5255; x_wconf 73' lang='lat' dir='ltr'><strong>iactanter</strong></span> <span class='ocrx_word' id='word_1_710' title='bbox 776 5196 807 5235; x_wconf 92' lang='lat' dir='ltr'><strong>a</strong></span> <span class='ocrx_word' id='word_1_711' title='bbox 850 5180 1006 5237; x_wconf 89' lang='lat' dir='ltr'><strong>nobis</strong></span> <span class='ocrx_word' id='word_1_712' title='bbox 1046 5197 1171 5239; x_wconf 88' lang='lat' dir='ltr'><strong>esse</strong></span> <span class='ocrx_word' id='word_1_713' title='bbox 1214 5183 1316 5239; x_wconf 90' lang='lat' dir='ltr'><strong>hoc</strong></span> <span class='ocrx_word' id='word_1_714' title='bbox 1344 5182 1462 5242; x_wconf 91' lang='lat' dir='ltr'><strong>loco</strong></span> <span class='ocrx_word' id='word_1_715' title='bbox 1496 5186 1640 5242; x_wconf 89' lang='lat' dir='ltr'><strong>dicta</strong></span> <span class='ocrx_word' id='word_1_716' title='bbox 1666 5188 1843 5258; x_wconf 91' lang='lat' dir='ltr'><strong>quivis</strong></span> <span class='ocrx_word' id='word_1_717' title='bbox 1871 5203 1969 5260; x_wconf 90' lang='lat' dir='ltr'><strong>per</strong></span> <span class='ocrx_word' id='word_1_718' title='bbox 2004 5204 2064 5245; x_wconf 90' lang='lat' dir='ltr'><strong>se</strong></span> 
     </span>
    </p>
   </div>
   <div class='ocr_carea' id='block_1_98' title="bbox 485 5272 2062 5346">
    <p class='ocr_par' dir='ltr' id='par_1_98' title="bbox 485 5272 2062 5346">
     <span class='ocr_line' id='line_1_98' title="bbox 485 5272 2062 5346; baseline 0.006 -20"><span class='ocrx_word' id='word_1_719' title='bbox 485 5272 690 5346; x_wconf 88' lang='lat' dir='ltr'><strong>poterit</strong></span> <span class='ocrx_word' id='word_1_720' title='bbox 732 5286 955 5328; x_wconf 90' lang='lat' dir='ltr'><strong>cernere</strong></span> <span class='ocrx_word' id='word_1_721' title='bbox 979 5313 995 5339; x_wconf 94' lang='lat'><strong>,</strong></span> <span class='ocrx_word' id='word_1_722' title='bbox 1044 5273 1137 5343; x_wconf 88' lang='lat' dir='ltr'><strong>qui</strong></span> <span class='ocrx_word' id='word_1_723' title='bbox 1178 5274 1338 5331; x_wconf 88' lang='lat' dir='ltr'><strong>modo</strong></span> <span class='ocrx_word' id='word_1_724' title='bbox 1379 5274 1607 5331; x_wconf 88' lang='lat' dir='ltr'><strong>voluerit</strong></span> <span class='ocrx_word' id='word_1_725' title='bbox 1643 5277 1784 5334; x_wconf 88' lang='lat' dir='ltr'><strong>hanc</strong></span> <span class='ocrx_word' id='word_1_726' title='bbox 1816 5286 2062 5336; x_wconf 88' lang='lat' dir='ltr'><strong>nostram</strong></span> 
     </span>
    </p>
   </div>
   <div class='ocr_carea' id='block_1_99' title="bbox 486 5361 2065 5426">
    <p class='ocr_par' dir='ltr' id='par_1_99' title="bbox 486 5361 2065 5426">
     <span class='ocr_line' id='line_1_99' title="bbox 486 5361 2065 5426; baseline 0.004 -6"><span class='ocrx_word' id='word_1_727' title='bbox 486 5361 781 5420; x_wconf 88' lang='lat' dir='ltr'><strong>editionem</strong></span> <span class='ocrx_word' id='word_1_728' title='bbox 824 5377 950 5420; x_wconf 90' lang='lat' dir='ltr'><strong>cum</strong></span> <span class='ocrx_word' id='word_1_729' title='bbox 1012 5363 1183 5419; x_wconf 87' lang='lat' dir='ltr'><strong>altera</strong></span> <span class='ocrx_word' id='word_1_730' title='bbox 1228 5363 1521 5423; x_wconf 88' lang='lat' dir='ltr'><strong>Parisiensi</strong></span> <span class='ocrx_word' id='word_1_731' title='bbox 1567 5376 1662 5423; x_wconf 88' lang='lat' dir='ltr'><strong>aut</strong></span> <span class='ocrx_word' id='word_1_732' title='bbox 1723 5367 1845 5426; x_wconf 87' lang='lat' dir='ltr'><strong>aliis</strong></span> <span class='ocrx_word' id='word_1_733' title='bbox 1890 5384 1959 5426; x_wconf 89' lang='lat' dir='ltr'><strong>ex</strong></span> <span class='ocrx_word' id='word_1_734' title='bbox 1997 5384 2065 5426; x_wconf 87' lang='lat' dir='ltr'><strong>ea</strong></span> 
     </span>
    </p>
   </div>
   <div class='ocr_carea' id='block_1_100' title="bbox 490 5456 2063 5535">
    <p class='ocr_par' dir='ltr' id='par_1_100' title="bbox 490 5456 2063 5535">
     <span class='ocr_line' id='line_1_100' title="bbox 490 5456 2063 5535; baseline 0.005 -22"><span class='ocrx_word' id='word_1_735' title='bbox 490 5457 651 5514; x_wconf 84' lang='lat' dir='ltr'><strong>factis</strong></span> <span class='ocrx_word' id='word_1_736' title='bbox 675 5470 1013 5528; x_wconf 90' lang='lat' dir='ltr'><strong>comparare.</strong></span> <span class='ocrx_word' id='word_1_737' title='bbox 1044 5456 1152 5525; x_wconf 85' lang='lat' dir='ltr'><strong>Et,</strong></span> <span class='ocrx_word' id='word_1_738' title='bbox 1196 5458 1243 5514; x_wconf 90' lang='lat' dir='ltr'><strong>si</strong></span> <span class='ocrx_word' id='word_1_739' title='bbox 1272 5458 1328 5514; x_wconf 90' lang='lat' dir='ltr'><strong>in</strong></span> <span class='ocrx_word' id='word_1_740' title='bbox 1361 5459 1469 5518; x_wconf 85' lang='lat' dir='ltr'><strong>line</strong></span> <span class='ocrx_word' id='word_1_741' title='bbox 1495 5460 1758 5533; x_wconf 85' lang='lat' dir='ltr'><strong>cujusque</strong></span> <span class='ocrx_word' id='word_1_742' title='bbox 1798 5464 1929 5520; x_wconf 82' lang='lat' dir='ltr'><strong>tomi</strong></span> <span class='ocrx_word' id='word_1_743' title='bbox 1964 5478 2063 5535; x_wconf 91' lang='lat' dir='ltr'><strong>po-</strong></span> 
     </span>
    </p>
   </div>
   <div class='ocr_carea' id='block_1_101' title="bbox 468 5534 2070 5622">
    <p class='ocr_par' dir='ltr' id='par_1_101' title="bbox 468 5534 2070 5622">
     <span class='ocr_line' id='line_1_101' title="bbox 468 5534 2070 5622; baseline 0.006 -20"><span class='ocrx_word' id='word_1_744' title='bbox 468 5534 785 5604; x_wconf 61' lang='lat' dir='ltr'><strong>lsuissemus</strong></span> <span class='ocrx_word' id='word_1_745' title='bbox 810 5547 930 5606; x_wconf 89' lang='lat' dir='ltr'><strong>loca</strong></span> <span class='ocrx_word' id='word_1_746' title='bbox 964 5551 1238 5617; x_wconf 89' lang='lat' dir='ltr'><strong>restituta,</strong></span> <span class='ocrx_word' id='word_1_747' title='bbox 1267 5562 1530 5617; x_wconf 86' lang='lat' dir='ltr'><strong>correcta,</strong></span> <span class='ocrx_word' id='word_1_748' title='bbox 1577 5554 1742 5622; x_wconf 85' lang='lat' dir='ltr'><strong>justis</strong></span> <span class='ocrx_word' id='word_1_749' title='bbox 1778 5558 1845 5611; x_wconf 90' lang='lat' dir='ltr'><strong>de</strong></span> <span class='ocrx_word' id='word_1_750' title='bbox 1888 5534 2070 5612; x_wconf 87' lang='lat' dir='ltr'><strong>causis</strong></span> 
     </span>
    </p>
   </div>
   <div class='ocr_carea' id='block_1_102' title="bbox 493 5641 2070 5718">
    <p class='ocr_par' dir='ltr' id='par_1_102' title="bbox 493 5641 2070 5718">
     <span class='ocr_line' id='line_1_102' title="bbox 493 5641 2070 5718; baseline 0.005 -22"><span class='ocrx_word' id='word_1_751' title='bbox 493 5650 788 5710; x_wconf 81' lang='lat' dir='ltr'><strong>expuncta,</strong></span> <span class='ocrx_word' id='word_1_752' title='bbox 816 5641 903 5698; x_wconf 88' lang='lat' dir='ltr'><strong>vel</strong></span> <span class='ocrx_word' id='word_1_753' title='bbox 926 5643 1171 5715; x_wconf 86' lang='lat' dir='ltr'><strong>suppleta</strong></span> <span class='ocrx_word' id='word_1_754' title='bbox 1206 5663 1219 5699; x_wconf 91' lang='lat'><strong>:</strong></span> <span class='ocrx_word' id='word_1_755' title='bbox 1251 5660 1383 5701; x_wconf 85' lang='lat' dir='ltr'><strong>sane</strong></span> <span class='ocrx_word' id='word_1_756' title='bbox 1420 5662 1528 5702; x_wconf 91' lang='lat' dir='ltr'><strong>non</strong></span> <span class='ocrx_word' id='word_1_757' title='bbox 1560 5648 1718 5717; x_wconf 91' lang='lat' dir='ltr'><strong>pauci</strong></span> <span class='ocrx_word' id='word_1_758' title='bbox 1759 5648 2070 5718; x_wconf 88' lang='lat' dir='ltr'><strong>quaternio-</strong></span> 
     </span>
    </p>
   </div>
   <div class='ocr_carea' id='block_1_103' title="bbox 495 5734 2068 5812">
    <p class='ocr_par' dir='ltr' id='par_1_103' title="bbox 495 5734 2068 5812">
     <span class='ocr_line' id='line_1_103' title="bbox 495 5734 2068 5812; baseline 0.006 -24"><span class='ocrx_word' id='word_1_759' title='bbox 495 5748 592 5789; x_wconf 85' lang='lat' dir='ltr'><strong>nes</strong></span> <span class='ocrx_word' id='word_1_760' title='bbox 621 5734 849 5793; x_wconf 84' lang='lat' dir='ltr'><strong>addendi</strong></span> <span class='ocrx_word' id='word_1_761' title='bbox 887 5735 1133 5794; x_wconf 83' lang='lat' dir='ltr'><strong>fuissent.</strong></span> <span class='ocrx_word' id='word_1_762' title='bbox 1180 5738 1361 5810; x_wconf 82' lang='lat' dir='ltr'><strong>Neque</strong></span> <span class='ocrx_word' id='word_1_763' title='bbox 1390 5756 1518 5797; x_wconf 80' lang='lat' dir='ltr'><strong>vero</strong></span> <span class='ocrx_word' id='word_1_764' title='bbox 1546 5741 2068 5812; x_wconf 85' lang='lat' dir='ltr'><strong>sapientissimorum</strong></span> 
     </span>
    </p>
   </div>
   <div class='ocr_carea' id='block_1_104' title="bbox 2152 4639 3731 4716">
    <p class='ocr_par' dir='ltr' id='par_1_104' title="bbox 2152 4639 3731 4716">
     <span class='ocr_line' id='line_1_104' title="bbox 2152 4639 3731 4716; baseline -0.003 -16"><span class='ocrx_word' id='word_1_765' title='bbox 2152 4643 2416 4716; x_wconf 85' lang='lat' dir='ltr'><strong>judicium</strong></span> <span class='ocrx_word' id='word_1_766' title='bbox 2443 4651 2530 4699; x_wconf 91' lang='lat' dir='ltr'><strong>est</strong></span> <span class='ocrx_word' id='word_1_767' title='bbox 2555 4644 2624 4700; x_wconf 91' lang='lat' dir='ltr'><strong>de</strong></span> <span class='ocrx_word' id='word_1_768' title='bbox 2666 4642 2939 4698; x_wconf 91' lang='lat' dir='ltr'><strong>nonnullis</strong></span> <span class='ocrx_word' id='word_1_769' title='bbox 2965 4642 3418 4707; x_wconf 89' lang='lat' dir='ltr'><strong>adnotationibus,</strong></span> <span class='ocrx_word' id='word_1_770' title='bbox 3454 4655 3593 4711; x_wconf 90' lang='lat' dir='ltr'><strong>quas</strong></span> <span class='ocrx_word' id='word_1_771' title='bbox 3637 4639 3731 4695; x_wconf 86' lang='lat' dir='ltr'><strong>Li-</strong></span> 
     </span>
    </p>
   </div>
   <div class='ocr_carea' id='block_1_105' title="bbox 2160 4731 3734 4804">
    <p class='ocr_par' dir='ltr' id='par_1_105' title="bbox 2160 4731 3734 4804">
     <span class='ocr_line' id='line_1_105' title="bbox 2160 4731 3734 4804; baseline -0.002 -15"><span class='ocrx_word' id='word_1_772' title='bbox 2160 4733 2280 4789; x_wconf 90' lang='lat' dir='ltr'><strong>rani</strong></span> <span class='ocrx_word' id='word_1_773' title='bbox 2336 4732 2562 4804; x_wconf 69' lang='lat' dir='ltr'><strong>postilla:</strong></span> <span class='ocrx_word' id='word_1_774' title='bbox 2595 4732 2793 4789; x_wconf 91' lang='lat' dir='ltr'><strong>alicubi</strong></span> <span class='ocrx_word' id='word_1_775' title='bbox 2845 4732 3203 4796; x_wconf 89' lang='lat' dir='ltr'><strong>inseruimus,</strong></span> <span class='ocrx_word' id='word_1_776' title='bbox 3246 4731 3485 4803; x_wconf 69' lang='lat' dir='ltr'><strong>praefixis</strong></span> <span class='ocrx_word' id='word_1_777' title='bbox 3539 4746 3734 4803; x_wconf 88' lang='lat' dir='ltr'><strong>nempe</strong></span> 
     </span>
    </p>
   </div>
   <div class='ocr_carea' id='block_1_106' title="bbox 2159 4821 3732 4897">
    <p class='ocr_par' dir='ltr' id='par_1_106' title="bbox 2159 4821 3732 4897">
     <span class='ocr_line' id='line_1_106' title="bbox 2159 4821 3732 4897; baseline -0.002 -15"><span class='ocrx_word' id='word_1_778' title='bbox 2159 4825 2417 4893; x_wconf 87' lang='lat' dir='ltr'><strong>stellulis,</strong></span> <span class='ocrx_word' id='word_1_779' title='bbox 2449 4834 2511 4881; x_wconf 92' lang='lat' dir='ltr'><strong>ut</strong></span> <span class='ocrx_word' id='word_1_780' title='bbox 2533 4826 2614 4883; x_wconf 91' lang='lat' dir='ltr'><strong>sic</strong></span> <span class='ocrx_word' id='word_1_781' title='bbox 2640 4832 3003 4897; x_wconf 84' lang='lat' dir='ltr'><strong>agnoscantur</strong></span> <span class='ocrx_word' id='word_1_782' title='bbox 3028 4839 3136 4879; x_wconf 90' lang='lat' dir='ltr'><strong>non</strong></span> <span class='ocrx_word' id='word_1_783' title='bbox 3164 4838 3286 4880; x_wconf 90' lang='lat' dir='ltr'><strong>esse</strong></span> <span class='ocrx_word' id='word_1_784' title='bbox 3327 4822 3513 4879; x_wconf 89' lang='lat' dir='ltr'><strong>Lirani</strong></span> <span class='ocrx_word' id='word_1_785' title='bbox 3535 4821 3732 4891; x_wconf 86' lang='lat' dir='ltr'><strong>verba,</strong></span> 
     </span>
    </p>
   </div>
   <div class='ocr_carea' id='block_1_107' title="bbox 2162 4917 2489 4973">
    <p class='ocr_par' dir='ltr' id='par_1_107' title="bbox 2162 4917 2489 4973">
     <span class='ocr_line' id='line_1_107' title="bbox 2162 4917 2489 4973; baseline -0.009 0"><span class='ocrx_word' id='word_1_786' title='bbox 2162 4917 2256 4973; x_wconf 87' lang='lat' dir='ltr'><strong>sed</strong></span> <span class='ocrx_word' id='word_1_787' title='bbox 2283 4925 2489 4973; x_wconf 89' lang='lat' dir='ltr'><strong>nostra.</strong></span> 
     </span>
    </p>
   </div>
   <div class='ocr_carea' id='block_1_108' title="bbox 2234 5005 3733 5081">
    <p class='ocr_par' dir='ltr' id='par_1_108' title="bbox 2234 5005 3733 5081">
     <span class='ocr_line' id='line_1_108' title="bbox 2234 5005 3733 5081; baseline 0 -17"><span class='ocrx_word' id='word_1_788' title='bbox 2234 5006 2499 5064; x_wconf 83' lang='lat' dir='ltr'><strong>Caeterum</strong></span> <span class='ocrx_word' id='word_1_789' title='bbox 2548 5008 2602 5063; x_wconf 92' lang='lat' dir='ltr'><strong>in</strong></span> <span class='ocrx_word' id='word_1_790' title='bbox 2652 5007 2866 5079; x_wconf 87' lang='lat' dir='ltr'><strong>replicis</strong></span> <span class='ocrx_word' id='word_1_791' title='bbox 2910 5005 3126 5065; x_wconf 71' lang='lat' dir='ltr'><strong>Mathiae</strong></span> <span class='ocrx_word' id='word_1_792' title='bbox 3159 5005 3376 5081; x_wconf 86' lang='lat' dir='ltr'><strong>Tornigi</strong></span> <span class='ocrx_word' id='word_1_793' title='bbox 3412 5008 3570 5079; x_wconf 90' lang='lat' dir='ltr'><strong>paulo</strong></span> <span class='ocrx_word' id='word_1_794' title='bbox 3614 5008 3733 5079; x_wconf 89' lang='lat' dir='ltr'><strong>plus</strong></span> 
     </span>
    </p>
   </div>
   <div class='ocr_carea' id='block_1_109' title="bbox 2163 5098 3737 5170">
    <p class='ocr_par' dir='ltr' id='par_1_109' title="bbox 2163 5098 3737 5170">
     <span class='ocr_line' id='line_1_109' title="bbox 2163 5098 3737 5170; baseline 0.003 -17"><span class='ocrx_word' id='word_1_795' title='bbox 2163 5098 2319 5154; x_wconf 90' lang='lat' dir='ltr'><strong>nobis</strong></span> <span class='ocrx_word' id='word_1_796' title='bbox 2352 5099 2742 5169; x_wconf 87' lang='lat' dir='ltr'><strong>assumpsimus</strong></span> <span class='ocrx_word' id='word_1_797' title='bbox 2789 5099 3167 5166; x_wconf 87' lang='lat' dir='ltr'><strong>auctoritatis;</strong></span> <span class='ocrx_word' id='word_1_798' title='bbox 3227 5113 3422 5168; x_wconf 90' lang='lat' dir='ltr'><strong>nempe</strong></span> <span class='ocrx_word' id='word_1_799' title='bbox 3485 5099 3737 5170; x_wconf 62' lang='lat' dir='ltr'><strong>quaedam</strong></span> 
     </span>
    </p>
   </div>
   <div class='ocr_carea' id='block_1_110' title="bbox 2165 5188 3743 5259">
    <p class='ocr_par' dir='ltr' id='par_1_110' title="bbox 2165 5188 3743 5259">
     <span class='ocr_line' id='line_1_110' title="bbox 2165 5188 3743 5259; baseline -0.003 -15"><span class='ocrx_word' id='word_1_800' title='bbox 2165 5202 2272 5244; x_wconf 93' lang='lat' dir='ltr'><strong>non</strong></span> <span class='ocrx_word' id='word_1_801' title='bbox 2304 5202 2427 5244; x_wconf 91' lang='lat' dir='ltr'><strong>raro</strong></span> <span class='ocrx_word' id='word_1_802' title='bbox 2459 5188 2816 5259; x_wconf 79' lang='lat' dir='ltr'><strong>expunximus</strong></span> <span class='ocrx_word' id='word_1_803' title='bbox 2843 5189 3119 5257; x_wconf 89' lang='lat' dir='ltr'><strong>convicia,</strong></span> <span class='ocrx_word' id='word_1_804' title='bbox 3153 5202 3273 5259; x_wconf 61' lang='lat' dir='ltr'><strong>quas</strong></span> <span class='ocrx_word' id='word_1_805' title='bbox 3316 5188 3406 5244; x_wconf 91' lang='lat' dir='ltr'><strong>ille</strong></span> <span class='ocrx_word' id='word_1_806' title='bbox 3433 5189 3488 5244; x_wconf 91' lang='lat' dir='ltr'><strong>in</strong></span> <span class='ocrx_word' id='word_1_807' title='bbox 3515 5205 3743 5250; x_wconf 59' lang='lat' dir='ltr'><strong>vene“-</strong></span> 
     </span>
    </p>
   </div>
   <div class='ocr_carea' id='block_1_111' title="bbox 2164 5281 3743 5363">
    <p class='ocr_par' dir='ltr' id='par_1_111' title="bbox 2164 5281 3743 5363">
     <span class='ocr_line' id='line_1_111' title="bbox 2164 5281 3743 5363; baseline 0.006 -25"><span class='ocrx_word' id='word_1_808' title='bbox 2164 5281 2329 5338; x_wconf 89' lang='lat' dir='ltr'><strong>bilem</strong></span> <span class='ocrx_word' id='word_1_809' title='bbox 2355 5282 2687 5354; x_wconf 89' lang='lat' dir='ltr'><strong>Burgensem</strong></span> <span class='ocrx_word' id='word_1_810' title='bbox 2723 5283 3049 5355; x_wconf 87' lang='lat' dir='ltr'><strong>impotenter</strong></span> <span class='ocrx_word' id='word_1_811' title='bbox 3086 5283 3249 5340; x_wconf 88' lang='lat' dir='ltr'><strong>nimis</strong></span> <span class='ocrx_word' id='word_1_812' title='bbox 3291 5292 3347 5339; x_wconf 89' lang='lat' dir='ltr'><strong>et</strong></span> <span class='ocrx_word' id='word_1_813' title='bbox 3390 5284 3557 5345; x_wconf 68' lang='lat' dir='ltr'><strong>nimis</strong></span> <span class='ocrx_word' id='word_1_814' title='bbox 3601 5306 3743 5363; x_wconf 51' lang='lat' dir='ltr'><strong>saepe</strong></span> 
     </span>
    </p>
   </div>
   <div class='ocr_carea' id='block_1_112' title="bbox 2164 5373 3741 5445">
    <p class='ocr_par' dir='ltr' id='par_1_112' title="bbox 2164 5373 3741 5445">
     <span class='ocr_line' id='line_1_112' title="bbox 2164 5373 3741 5445; baseline 0.005 -16"><span class='ocrx_word' id='word_1_815' title='bbox 2164 5373 2457 5444; x_wconf 89' lang='lat' dir='ltr'><strong>congessit.</strong></span> <span class='ocrx_word' id='word_1_816' title='bbox 2506 5373 2692 5445; x_wconf 82' lang='lat' dir='ltr'><strong>Neque</strong></span> <span class='ocrx_word' id='word_1_817' title='bbox 2734 5374 2880 5429; x_wconf 89' lang='lat' dir='ltr'><strong>enim</strong></span> <span class='ocrx_word' id='word_1_818' title='bbox 2904 5373 3135 5431; x_wconf 84' lang='lat' dir='ltr'><strong>decebat</strong></span> <span class='ocrx_word' id='word_1_819' title='bbox 3161 5373 3455 5435; x_wconf 86' lang='lat' dir='ltr'><strong>editionem</strong></span> <span class='ocrx_word' id='word_1_820' title='bbox 3492 5391 3603 5436; x_wconf 89' lang='lat' dir='ltr'><strong>tam</strong></span> <span class='ocrx_word' id='word_1_821' title='bbox 3643 5396 3741 5437; x_wconf 84' lang='lat' dir='ltr'><strong>ne-</strong></span> 
     </span>
    </p>
   </div>
   <div class='ocr_carea' id='block_1_113' title="bbox 2168 5464 3742 5537">
    <p class='ocr_par' dir='ltr' id='par_1_113' title="bbox 2168 5464 3742 5537">
     <span class='ocr_line' id='line_1_113' title="bbox 2168 5464 3742 5537; baseline 0.004 -17"><span class='ocrx_word' id='word_1_822' title='bbox 2168 5464 2387 5520; x_wconf 76' lang='lat' dir='ltr'><strong>cessarii</strong></span> <span class='ocrx_word' id='word_1_823' title='bbox 2415 5465 2619 5536; x_wconf 88' lang='lat' dir='ltr'><strong>operis,</strong></span> <span class='ocrx_word' id='word_1_824' title='bbox 2649 5465 2901 5537; x_wconf 90' lang='lat' dir='ltr'><strong>quodque</strong></span> <span class='ocrx_word' id='word_1_825' title='bbox 2927 5465 2985 5521; x_wconf 89' lang='lat' dir='ltr'><strong>in</strong></span> <span class='ocrx_word' id='word_1_826' title='bbox 3012 5465 3250 5521; x_wconf 88' lang='lat' dir='ltr'><strong>omnium</strong></span> <span class='ocrx_word' id='word_1_827' title='bbox 3274 5473 3551 5537; x_wconf 83' lang='lat' dir='ltr'><strong>manibus,</strong></span> <span class='ocrx_word' id='word_1_828' title='bbox 3579 5473 3742 5529; x_wconf 89' lang='lat' dir='ltr'><strong>etiam</strong></span> 
     </span>
    </p>
   </div>
   <div class='ocr_carea' id='block_1_114' title="bbox 2168 5556 3746 5626">
    <p class='ocr_par' dir='ltr' id='par_1_114' title="bbox 2168 5556 3746 5626">
     <span class='ocr_line' id='line_1_114' title="bbox 2168 5556 3746 5626; baseline 0.004 -12"><span class='ocrx_word' id='word_1_829' title='bbox 2168 5557 2405 5614; x_wconf 84' lang='lat' dir='ltr'><strong>hostium</strong></span> <span class='ocrx_word' id='word_1_830' title='bbox 2430 5556 2719 5622; x_wconf 68' lang='lat' dir='ltr'><strong>Ecclesiae,</strong></span> <span class='ocrx_word' id='word_1_831' title='bbox 2761 5566 2906 5612; x_wconf 86' lang='lat' dir='ltr'><strong>esset</strong></span> <span class='ocrx_word' id='word_1_832' title='bbox 2947 5556 3186 5613; x_wconf 88' lang='lat' dir='ltr'><strong>futurum</strong></span> <span class='ocrx_word' id='word_1_833' title='bbox 3216 5597 3233 5626; x_wconf 87' lang='lat'><strong>.,</strong></span> <span class='ocrx_word' id='word_1_834' title='bbox 3284 5564 3534 5621; x_wconf 82' lang='lat' dir='ltr'><strong>indecora</strong></span> <span class='ocrx_word' id='word_1_835' title='bbox 3564 5565 3654 5621; x_wconf 88' lang='lat' dir='ltr'><strong>illa</strong></span> <span class='ocrx_word' id='word_1_836' title='bbox 3691 5574 3746 5622; x_wconf 86' lang='lat' dir='ltr'><strong>et</strong></span> 
     </span>
    </p>
   </div>
   <div class='ocr_carea' id='block_1_115' title="bbox 2170 5648 3748 5719">
    <p class='ocr_par' dir='ltr' id='par_1_115' title="bbox 2170 5648 3748 5719">
     <span class='ocr_line' id='line_1_115' title="bbox 2170 5648 3748 5719; baseline 0.006 -17"><span class='ocrx_word' id='word_1_837' title='bbox 2170 5648 2331 5703; x_wconf 88' lang='lat' dir='ltr'><strong>docto</strong></span> <span class='ocrx_word' id='word_1_838' title='bbox 2369 5648 2587 5704; x_wconf 90' lang='lat' dir='ltr'><strong>homine</strong></span> <span class='ocrx_word' id='word_1_839' title='bbox 2621 5648 2835 5719; x_wconf 87' lang='lat' dir='ltr'><strong>indigna</strong></span> <span class='ocrx_word' id='word_1_840' title='bbox 2863 5649 3183 5719; x_wconf 65' lang='lat' dir='ltr'><strong>petulantia.</strong></span> <span class='ocrx_word' id='word_1_841' title='bbox 3220 5656 3311 5711; x_wconf 90' lang='lat' dir='ltr'><strong>Sic</strong></span> <span class='ocrx_word' id='word_1_842' title='bbox 3336 5657 3481 5711; x_wconf 88' lang='lat' dir='ltr'><strong>enim</strong></span> <span class='ocrx_word' id='word_1_843' title='bbox 3506 5656 3748 5713; x_wconf 86' lang='lat' dir='ltr'><strong>defendit</strong></span> 
     </span>
    </p>
   </div>
   <div class='ocr_carea' id='block_1_116' title="bbox 2172 5740 3746 5823">
    <p class='ocr_par' dir='ltr' id='par_1_116' title="bbox 2172 5740 3746 5823">
     <span class='ocr_line' id='line_1_116' title="bbox 2172 5740 3746 5823; baseline 0.006 -29"><span class='ocrx_word' id='word_1_844' title='bbox 2172 5749 2362 5796; x_wconf 89' lang='lat' dir='ltr'><strong>auctor</strong></span> <span class='ocrx_word' id='word_1_845' title='bbox 2396 5740 2484 5796; x_wconf 87' lang='lat' dir='ltr'><strong>ille</strong></span> <span class='ocrx_word' id='word_1_846' title='bbox 2511 5757 2668 5798; x_wconf 90' lang='lat' dir='ltr'><strong>suum</strong></span> <span class='ocrx_word' id='word_1_847' title='bbox 2706 5741 2961 5798; x_wconf 85' lang='lat' dir='ltr'><strong>Liranum</strong></span> <span class='ocrx_word' id='word_1_848' title='bbox 2991 5751 3052 5802; x_wconf 87' lang='lat' dir='ltr'><strong>ut</strong></span> <span class='ocrx_word' id='word_1_849' title='bbox 3084 5749 3398 5820; x_wconf 67' lang='lat' dir='ltr'><strong>prmsefcral</strong></span> <span class='ocrx_word' id='word_1_850' title='bbox 3431 5760 3616 5823; x_wconf 83' lang='lat' dir='ltr'><strong>aperte</strong></span> <span class='ocrx_word' id='word_1_851' title='bbox 3640 5764 3746 5806; x_wconf 83' lang='lat' dir='ltr'><strong>non</strong></span> 
     </span>
    </p>
   </div>
  </div>
