4074 6334
326 417 396 478 ιτ
1671 405 2204 474 PROLEGOMENA.
2501 371 2505 374 λ
3525 409 3596 466 is

326 552 388 595 se
423 535 481 590 in
509 537 786 587 certamen
830 540 954 583 cum
1002 523 1265 598 Burgensi
1310 527 1640 584 descendere
1668 525 1913 583 veritatis
1937 525 1993 587 Α
2017 530 2199 578 mento
2231 515 2619 590 Scholasticus,
2651 525 2872 581 natione
2901 523 3105 591 Gallus,
3137 525 3192 580 in
3221 526 3420 582 divinis
3446 525 3596 584 Scri-

328 622 668 684 inveniendae
700 633 884 684 causa,
939 617 1033 673 sed
1073 625 1282 672 tantum
1320 634 1389 674 ne
1413 619 1658 674 videatur
1681 617 1911 672 Liranus

322 719 472 794 juste
495 713 880 785 reprehensus;
899 715 1088 766 et’cum
1113 711 1169 766 in
1193 711 1380 766 multis
1402 711 1700 782 justissime
1726 725 1758 765 a
1778 709 1914 764 Bur-

326 809 481 886 geusi
518 815 736 860 taxetur
761 843 775 865 ,
818 809 876 857 et
915 803 1030 872 ipse
1080 801 1312 857 Liranus
1358 811 1597 857 assumat
1645 800 1747 856 sibi
1787 799 1914 870 jure

332 898 573 958 doctoris
622 893 897 950 licentiam
939 893 1074 948 alios
1101 893 1448 964 impugnandi
1475 912 1488 946 :
1520 892 1787 962 Tornigus
1834 899 1915 944 ta-

332 1008 455 1048 men
497 989 712 1059 indigne
747 988 852 1042 fert
879 986 1136 1040 Liranum
1186 985 1293 1040 illis
1334 986 1387 1039 in
1429 985 1561 1039 locis
1587 984 1778 1054 argui,
1821 983 1912 1038 ubi

332 1082 640 1156 arguendus
675 1079 872 1134 merito
913 1077 1090 1142 venit,
1124 1086 1180 1131 et
1208 1077 1279 1131 ibi
1308 1076 1703 1131 eontentiosum
1747 1074 1916 1128 trahit

331 1175 555 1238 funem;
599 1187 830 1242 eumque
872 1187 1062 1242 parum
1091 1169 1293 1225 referat
1323 1170 1389 1224 ad
1413 1167 1778 1246 Postillatoris
1801 1167 1915 1238 glo-

331 1266 472 1321 riam
525 1273 744 1320 rectene
786 1278 854 1316 an
895 1276 1052 1317 secus
1093 1261 1148 1315 in
1192 1260 1354 1315 rebus
1381 1248 1694 1328 adiaphoris
1722 1274 1820 1313 nec
1846 1258 1915 1313 ad

334 1356 494 1411 fidem
519 1369 620 1409 nec
655 1354 722 1408 ad
763 1366 942 1406 mores
966 1351 1336 1422 spectantibus
1361 1360 1654 1420 arguatur;
1681 1348 1751 1403 ibi
1783 1349 1917 1402 Tor-

334 1448 492 1516 nigus
541 1444 908 1501 venerabilem
961 1444 1272 1512 episcopum
1299 1483 1312 1509 ,
1358 1443 1533 1496 virum
1576 1449 1823 1497 sanctum
1861 1447 1917 1496 et

332 1539 534 1610 optime
569 1538 635 1592 de
684 1536 927 1591 Ecclesia
982 1534 1273 1603 llispanica
1327 1534 1608 1597 meritum,
1659 1531 1916 1587 conviciis

333 1636 563 1692 onerat,
620 1636 676 1681 et
725 1626 868 1680 ﬁdeli
912 1624 1210 1681 confessori
1266 1625 1613 1695 opprobrium
1654 1621 1916 1678 Judaismi

336 1719 510 1788 (quasi
556 1718 702 1773 salus
729 1733 757 1771 a
783 1716 984 1770 Judaeis
1025 1731 1142 1770 non
1171 1715 1499 1786 processerit
1538 1723 1591 1770 et
1632 1715 1785 1783 quasi
1827 1713 1918 1768 Li-

336 1827 500 1867 ranus
533 1826 665 1866 suus
692 1825 796 1865 non
829 1807 1021 1863 fuisset
1049 1808 1212 1862 etiam
1244 1807 1534 1876 aliquando
1558 1803 1798 1875 Judazus)
1833 1804 1913 1858 le-

334 1903 555 1958 vissime
582 1902 784 1973 objicit.
831 1901 923 1956 Illa
968 1914 1098 1968 ergo
1150 1899 1392 1954 convicia
1444 1898 1703 1968 pleraque
1731 1896 1912 1951 omnia
1943 1882 1989 1941 Β

335 1996 649 2059 delevimus,
679 1995 803 2064 quia
835 1993 997 2049 nimis
1022 1993 1584 2048 crebrooccurrebant
1609 2005 1623 2045 :
1652 1999 1916 2062 przeterca

334 2101 468 2141 vero
499 2085 652 2149 nihil,
683 2100 783 2139 nec
815 2084 865 2138 in
897 2083 1015 2154 ipso
1059 2084 1220 2138 etiam
1267 2083 1553 2136 immutare
1593 2081 1878 2136 voluimus.

408 2179 587 2248 Atque
625 2178 736 2232 haec
761 2167 978 2246 quidem
1010 2176 1076 2230 de
1101 2175 1328 2230 consilio
1375 2183 1582 2241 nostro,
1631 2175 1805 2244 deque
1832 2173 1917 2228 his

335 2285 458 2341 quae
487 2271 539 2323 in
567 2269 668 2324 hac
701 2268 937 2323 editione
968 2266 1103 2338 (Deo
1142 2266 1299 2338 duce)
1349 2266 1718 2336 praestitimus.
1757 2264 1918 2320 Forte

335 2371 515 2417 autem
541 2376 652 2416 non
677 2360 781 2414 erit
809 2360 1077 2430 ingratum
1107 2399 1122 2424 ,
1161 2360 1207 2413 si
1239 2358 1494 2414 nonnulla
1520 2366 1824 2412 attexamus
1851 2357 1918 2411 de

336 2453 470 2524 ipsis
501 2452 816 2507 Glossarum
847 2460 900 2507 et
935 2451 1279 2506 Postillarum
1303 2450 1637 2515 auctoribus,
1666 2466 1732 2505 ex
1763 2448 1918 2505 Sixto

338 2546 571 2602 Senensi
605 2545 908 2616 praesertim
936 2546 1164 2616 aliisque
1204 2544 1338 2599 viris
1369 2543 1545 2598 doctis
1574 2541 1820 2598 collecta.

405 2639 572 2709 Igitur
598 2638 804 2694 Glossae
826 2637 1116 2693 ordinariae
1141 2637 1284 2708 (qum
1313 2637 1568 2690 nimirum
1607 2650 1766 2690 sacro
1805 2643 1920 2690 tex-

337 2732 417 2786 tui
451 2730 868 2801 circumjicitur)
895 2730 1201 2808 praecipuus
1241 2737 1431 2784 auctor
1459 2729 1526 2783 ab
1553 2727 1802 2783 omnibus
1827 2743 1917 2782 ce-

337 2823 580 2880 lebratur
633 2821 999 2878 Wxnxrmnns
1062 2820 1343 2887 Srnxnus,
1411 2821 1710 2876 monachus
1751 2819 1921 2874 Bene-

337 2917 574 2971 dictinus
619 2915 852 2971 cmnobii
900 2913 1183 2970 Fuldensis
1227 2914 1279 2968 in
1333 2911 1624 2968 Germania
1671 2911 1842 2982 (alius
1889 2926 1920 2965 a

340 3004 610 3060 Strabone
640 3005 906 3060 monacho
935 3004 1106 3076 Anglo
1128 3045 1144 3071 ,
1175 3003 1512 3058 Venerabilis
1541 3003 1698 3058 Beda:
1729 3002 1919 3073 fratre)

340 3098 409 3152 ab
437 3097 725 3152 oculorum
762 3095 892 3150 vitio
940 3109 1240 3166 cognomen
1293 3093 1421 3148 illud
1451 3091 1629 3147 Strabi
1658 3093 1880 3162 adeptus
1905 3133 1920 3157 ,

339 3185 553 3241 Rabani
587 3184 761 3239 Mauri
801 3185 1130 3240 Benedictini
1159 3184 1399 3254 ejusdem
1426 3183 1660 3240 emnobii
1687 3185 1918 3250 abbatis,

339 3286 397 3332 et
423 3277 814 3348 archiepiscopi
842 3275 1036 3332 deinde
1067 3276 1366 3346 Moguntini
1418 3277 1633 3333 auditor
1660 3285 1714 3332 et
1743 3277 1919 3333 scriba

343 3369 691 3425 amanuensis
721 3387 735 3422 :
763 3369 850 3423 vir
895 3369 1141 3424 saeculari
1179 3369 1485 3424 litteratura
1514 3369 1726 3424 abunde
1761 3383 1926 3438 expo-

341 3463 513 3530 litus,
568 3463 766 3518 divina:
814 3461 1108 3533 Scriptura:
1146 3461 1529 3532 peritissimus,
1581 3470 1636 3515 et
1679 3471 1924 3516 veterum

344 3564 625 3610 auctorum
655 3553 888 3609 lectione
913 3554 1064 3608 varia
1089 3562 1144 3608 et
1166 3553 1382 3608 assidua
1409 3552 1708 3607 delectatus
1729 3592 1743 3616 ,
1767 3561 1926 3622 poeta

343 3648 508 3702 etiam
539 3663 636 3718 pro
663 3644 756 3702 illo
791 3661 906 3702 aevo
949 3661 1058 3702 non
1099 3645 1304 3701 infelix.
1351 3647 1478 3716 Ejus
1525 3660 1653 3715 ergo
1685 3654 1768 3701 est
1812 3647 1928 3700 haec

345 3739 596 3794 collectio
631 3740 1030 3810 expositionum
1081 3740 1134 3794 in
1189 3736 1550 3807 Scripturam,
1595 3752 1757 3806 quam
1796 3737 1928 3791 tanti

348 3827 592 3884 fecerunt
617 3830 853 3900 posteri,
892 3839 953 3885 ut
974 3830 1128 3900 quasi
1157 3829 1487 3885 ordinariam
1533 3828 1787 3900 glossam,
1832 3843 1930 3883 seu

348 3920 584 3990 linguam
615 3921 786 3990 ipsam
818 3921 1112 3992 Scriptum
1149 3920 1502 3991 appellarent,
1538 3936 1646 3990 qua
1672 3920 1930 3974 nimirum

349 4013 522 4082 ipsam
550 4013 706 4069 nobis
736 4012 1048 4083 loquentem
1075 4013 1523 4082 intelligeremus,
1547 4027 1668 4066 cum
1702 4011 1820 4066 sine
1867 4025 1931 4064 ea

351 4105 594 4176 legentes
629 4121 784 4161 sacra
813 4109 998 4170 verba,
1045 4106 1282 4178 linguam
1313 4147 1328 4172 ,
1376 4120 1538 4176 quam
1565 4118 1672 4173 non
1701 4117 1929 4157 novera-

351 4210 492 4260 mus,
530 4196 719 4251 audire
758 4211 858 4251 nos
885 4206 1217 4266 putaremus.
1252 4195 1507 4265 Magister
1543 4194 1932 4250 sententiarum

351 4286 600 4342 Glossar’n
631 4289 770 4344 hanc
797 4290 911 4345 κατ’
932 4291 1122 4361 ἔξοχήν
1146 4297 1303 4344 vocat
1323 4289 1687 4342 auctoritatem
1731 4285 1824 4341 lib.
1857 4301 1930 4351 tv,

353 4377 406 4431 d.
430 4378 496 4442 ις
519 4378 795 4434 adducens
823 4381 966 4434 enim
989 4379 1283 4449 Epistolam
1307 4381 1375 4434 ad
1406 4378 1680 4443 Hebraeos,
1709 4393 1828 4447 cap.
1855 4393 1931 4443 vr,

354 4469 431 4524 sic
455 4470 532 4531 ait
560 4487 574 4523 :
611 4489 629 4520 ι
664 4469 812 4526 Unde
836 4472 1131 4526 auctoritas
1152 4472 1301 4535 dicit,
1333 4471 1452 4524 ideo
1481 4470 1795 4540 Apostolum
1820 4470 1938 4540 plu-

2013 615 2189 685 pturis
2245 624 2300 671 et
2354 631 2637 672 sacrorum
2697 617 2983 672 doctorum
3059 616 3424 674 voluminibus
3477 619 3594 691 jugi

2014 705 2193 762 studio
2228 707 2475 762 eruditus
2499 749 2513 772 ,
2562 715 2618 764 et
2659 708 2715 763 in
2741 709 2996 764 omnibus
3021 708 3322 778 disciplinis
3348 725 3458 765 non
3485 725 3596 766 me~

2015 797 2272 854 diocriter
2300 798 2621 865 instructus,
2643 800 2860 872 ingenio
2883 806 3095 865 acutus,
3119 799 3334 870 eloquio
3352 815 3596 870 pressus,

2015 897 2071 946 et
2097 890 2379 946 Laconica:
2409 891 2690 962 cujusdam
2735 891 3020 948 brevitatis
3075 900 3306 947 amator.
3358 889 3515 946 Unde
3541 898 3599 947 et

2015 999 2155 1040 novo
2194 993 2355 1054 atque
2390 985 2650 1040 inusitato
2676 982 3072 1053 explanationis
3118 985 3278 1039 modo
3314 983 3601 1052 utriusque

2016 1077 2347 1132 Testamenti
2375 1077 2540 1133 libros
2570 1077 2905 1133 brevissimis
2931 1076 3254 1147 quibusdam
3287 1077 3599 1133 summariis

2016 1168 2423 1224 adnotationum
2464 1185 2529 1224 ex
2566 1169 2817 1224 Patribus
2864 1169 3271 1240 desumptarum
3305 1167 3594 1239 exposuit:

2016 1277 2152 1331 quas
2179 1261 2554 1317 minutissimis
2605 1263 3010 1328 characteribus
3061 1261 3360 1332 descriptas
3391 1303 3406 1327 ,
3459 1264 3602 1317 inter

2017 1355 2163 1424 ipsas
2213 1355 2616 1426 Scripturarum
2657 1354 2829 1409 lineas
2869 1355 3169 1426 majoribus
3222 1355 3421 1409 litteris
3473 1370 3601 1410 exa-

2019 1455 2199 1510 ratas,
2246 1461 2352 1500 non
2398 1446 2579 1500 minus
2613 1446 2832 1500 curiosa
2891 1461 3054 1516 quam
3107 1445 3225 1499 utili
3286 1445 3552 1499 industria
3582 1486 3598 1509 ,

2017 1537 2289 1607 coaptavit
2322 1555 2335 1590 :
2366 1552 2598 1606 eumque
2639 1536 2882 1592 laborem
2915 1537 2981 1590 ad
3013 1535 3376 1591 differentiam
3409 1537 3602 1607 glossa:

2019 1627 2349 1692 Strabensis,
2377 1643 2496 1697 qua:
2525 1629 2580 1683 in
2627 1629 2962 1698 marginibus
3003 1629 3145 1684 sacri
3185 1637 3365 1684 textus
3395 1629 3604 1684 deseris

2017 1722 2184 1788 bitur,
2219 1723 2451 1794 glossam
2483 1721 2887 1778 interlinearem
2921 1721 3230 1791 appellavit.
3259 1721 3468 1777 Claruit
3499 1722 3602 1776 sub

2018 1810 2252 1866 Henrico
2296 1811 2362 1867 IV
2384 1811 2732 1880 imperatore,
2778 1825 2921 1865 anno
2958 1810 3171 1864 Domini
3212 1811 3370 1866 1110.
3420 1809 3604 1866 Certa-

2017 1920 2142 1959 men
2173 1905 2361 1960 habuit
2387 1903 2676 1975 aliquando
2721 1901 2834 1972 ja’m
2877 1917 3044 1959 senex
3087 1919 3210 1958 cum
3252 1903 3413 1958 Petro
3461 1902 3600 1957 Abe-

2017 1997 2196 2062 lardo,
2230 1997 2471 2068 ejusdem
2501 1996 2733 2050 instituti
2762 1995 3050 2060 monacho,
3081 1995 3172 2064 qui
3206 2002 3334 2048 tunc
3364 1994 3601 2065 philoso-

2015 2087 2157 2158 phiae
2189 2086 2326 2142 fastu
2377 2097 2719 2158 turgescens,
2773 2101 2880 2141 non
2926 2086 3059 2141 satis
3105 2086 3285 2140 sobrie
3325 2087 3390 2140 de
3437 2087 3603 2140 rebus

2018 2177 2142 2233 fidei
2172 2178 2493 2248 loquebatur
2522 2194 2535 2231 :
2573 2177 2700 2232 licet
2740 2185 2927 2247 postea
2975 2184 3260 2231 correctus
3295 2183 3348 2230 et
3381 2174 3602 2230 Clunia-

2019 2270 2166 2325 censi
2194 2270 2247 2324 in
2275 2269 2523 2324 coenobio
2551 2269 2652 2322 sub
2681 2267 2841 2322 Petro
2864 2267 3170 2322 Venerabili
3199 2276 3387 2322 sancte
3416 2267 3603 2320 vivens

2011 2359 2274 2415 laudabili
2307 2359 2412 2414 fine
2440 2359 2668 2430 quievit.
2716 2359 2960 2428 Utraque
2987 2374 3117 2413 vera
3154 2358 3354 2430 glossa,
3381 2367 3492 2412 tam
3512 2372 3602 2410 or-

2018 2454 2252 2518 dinaria,
2283 2468 2446 2524 quam
2496 2451 2902 2515 interlinearis,
2955 2452 3206 2505 maximae
3254 2465 3466 2520 semper
3503 2448 3607 2503 fuit

2020 2545 2161 2612 apud
2191 2559 2379 2601 omnes
2409 2541 2686 2612 theologos
2731 2541 3092 2607 auctoritatis,
3121 2550 3184 2596 ut
3225 2541 3365 2610 apud
3407 2540 3608 2596 Helen-

2021 2650 2134 2692 sem
2176 2636 2576 2701 Alexandrum,
2628 2635 2690 2689 D.
2748 2635 3050 2699 Thomam,
3106 2633 3349 2702 aliosque
3403 2632 3604 2688 schola:

2022 2731 2313 2800 magistros
2355 2731 2656 2800 praecipuos
2702 2730 2794 2799 qui
2841 2745 3028 2784 earum
3053 2731 3380 2786 auctoritate
3406 2729 3607 2800 passim

2021 2833 2267 2888 utuntur,
2301 2823 2475 2879 cuivis
2502 2833 2682 2894 potest
2703 2839 2822 2879 esse
2846 2823 3214 2879 manifestum.

2097 2916 2173 2970 De
2214 2914 2434 2970 Nicolao
2476 2915 2674 2970 Lirauo
2715 2916 2832 2971 haec
2877 2915 3040 2970 habet
3085 2915 3271 2971 Sixtus
3313 2915 3606 2971 Senensis:

2029 3025 2048 3058 ι
2082 3004 2333 3060 Nicolaus
2357 3005 2607 3067 Liranus,
2641 3005 2860 3059 natione
2885 3004 3089 3075 Anglus
3114 3005 3238 3070 vel,
3278 3013 3338 3060 ut
3389 3005 3609 3075 quidam

2025 3098 2287 3162 scribunt,
2319 3113 2386 3152 ex
2414 3096 2538 3151 Lira
2566 3095 2871 3152 Brabantia:
2900 3097 3116 3167 oppido,
3145 3112 3346 3167 genere
3369 3095 3610 3163 Judzeus,

2025 3197 2081 3244 et
2117 3187 2398 3244 Hebraicis
2423 3187 2621 3243 litteris
2652 3203 2680 3240 a
2707 3189 2882 3258 prima
2912 3187 3144 3258 pueritia
3176 3187 3444 3252 imbutus,
3490 3197 3614 3258 post

2025 3281 2432 3338 conversionem
2469 3296 2600 3335 vero
2631 3280 3011 3336 Franciscanae
3051 3280 3300 3352 religioni
3341 3282 3610 3343 addictus,

2025 3374 2358 3429 scholastica
2373 3373 2653 3443 theologia:
2673 3372 2964 3444 professor,
2991 3382 3048 3429 et
3077 3374 3469 3430 sententiarum
3498 3371 3616 3441 ejus

2025 3482 2133 3522 non
2184 3465 2435 3537 ignobilis
2468 3466 2781 3535 expositor;
2842 3474 2990 3520 tanta
3042 3479 3260 3536 quoque
3303 3465 3613 3519 divinarum

2027 3557 2432 3627 Scripturarum
2485 3572 2648 3622 vera,
2691 3573 2828 3628 pura
2875 3572 2939 3610 ac
2971 3571 3230 3627 germana
3259 3555 3616 3622 intelligentia

2027 3649 2311 3720 praeditus,
2335 3657 2396 3702 ut
2433 3648 2490 3700 in
2518 3647 2600 3702 eis
2633 3647 2966 3718 exponendis
2991 3646 3198 3702 nullum
3226 3647 3621 3702 eruditissimo-

2029 3755 2148 3797 rum
2202 3738 2576 3810 theologorum
2635 3738 2716 3794 sui
2774 3738 3032 3808 temporis
3107 3739 3358 3794 habuerit
3405 3752 3614 3808 parem.

2031 3831 2212 3885 Edidit
2243 3831 2295 3884 in
2319 3829 2526 3900 singula
2559 3837 2668 3884 tam
2692 3828 2904 3884 Veteris
2919 3843 3080 3900 quam
3113 3828 3251 3884 Novi
3278 3827 3615 3884 Testamenti

2032 3922 2299 3976 volumina
2337 3921 2673 3976 scholasticae
2699 3920 2936 3977 Postilla:
2964 3921 3131 3977 libros
3156 3921 3432 3993 octoginta
3460 3921 3619 3989 quin-

2033 4031 2158 4086 que,
2197 4014 2453 4070 studiosis
2481 4013 2886 4086 Scripturarum
2927 4023 3260 4082 sanctarum,
3305 4030 3367 4070 ae
3421 4015 3617 4084 praeci-

2032 4123 2137 4177 pue
2185 4106 2453 4162 tironibus
2479 4105 2544 4160 ad
2570 4104 2776 4174 majora
2808 4105 3227 4176 properantibus
3257 4147 3270 4170 ,
3319 4119 3425 4159 non
3461 4104 3622 4158 utiles

2035 4196 2234 4260 solum,
2295 4195 2390 4251 sed
2442 4194 2600 4250 valde
2651 4195 2814 4250 etiam
2866 4194 3224 4250 necessarios.
3278 4194 3334 4248 In
3387 4207 3622 4264 quormn

2034 4290 2311 4362 prioribus
2363 4290 2758 4360 quinquaginta
2815 4289 2972 4344 libris
3035 4289 3346 4343 universum
3419 4294 3622 4340 saneta:

2039 4384 2336 4456 Scriptum
2361 4400 2557 4455 corpus
2587 4385 2792 4454 absque
2830 4382 3092 4438 orationis
3117 4379 3481 4444 lenocinio,et
3501 4393 3623 4434 ver-

2039 4479 2231 4533 borum
2263 4477 2578 4541 involucris,
2607 4477 2752 4532 nudo
2773 4485 2824 4530 et
2853 4483 3042 4545 aperto
3065 4488 3316 4532 sermone
3337 4471 3618 4542 exposuit:

355 4559 542 4614 “me”
570 4561 790 4624 ἀίιίδδθν
821 4561 1226 4616 fundamentum
1254 4561 1661 4632 baptismamm,
1699 4560 1825 4630 (ἰυίδ
1855 4567 1940 4616 εει
1963 4601 2017 4660 D
2045 4586 2252 4625 summa
2293 4571 2345 4625 in
2386 4569 2613 4640 singulis
2663 4569 2934 4639 diligentia
2973 4568 3224 4638 aperiens
3263 4576 3318 4620 et
3347 4566 3626 4621 elucidans

355 4653 657 4722 baptismus
677 4653 731 4707 in
759 4668 918 4724 aqua,
941 4655 996 4708 in
1019 4653 1301 4725 sanguine,
1327 4653 1381 4708 in
1404 4652 1746 4723 paenitentia,
1771 4672 1788 4703 ι
1805 4661 1935 4716 etc.;

356 4758 476 4811 qua:
500 4742 683 4796 omnia
714 4742 955 4813 reperies
997 4744 1049 4798 in
1078 4744 1254 4815 glossa
1292 4742 1571 4797 ordinaria
1601 4744 1667 4798 ad
1694 4742 1823 4796 illud
1848 4757 1940 4797 ca-

359 4843 471 4904 put.
504 4834 771 4890 Caaterum
805 4851 932 4892 eam
979 4836 1070 4891 alii
1113 4845 1300 4907 postea
1352 4836 1646 4906 scriptores
1696 4835 1938 4906 locuple-

361 4933 504 4980 tasse
536 4925 810 4992 videntur,
839 4935 898 4982 ut
933 4926 1262 4982 Trithemius
1286 4926 1341 4981 in
1369 4925 1623 4996 Catalogo
1644 4935 1850 4992 censet,
1885 4932 1942 4980 et

361 5026 584 5084 apparet
609 5029 677 5068 ex
704 5016 950 5086 apposito
973 5031 1116 5085 saepe
1141 5015 1373 5086 Remigii
1401 5015 1642 5081 nomine,
1680 5015 1773 5085 qui
1821 5015 1940 5084 ipso

362 5106 560 5164 Strabo
587 5111 858 5178 posterior
882 5118 966 5166 est
989 5118 1148 5164 aatate
1172 5125 1187 5176 ;
1217 5109 1324 5164 nisi
1349 5108 1486 5164 forte
1509 5108 1750 5164 dicamus
1775 5107 1943 5163 adnoa-

362 5208 532 5254 tatum
577 5216 699 5256 esse
744 5200 974 5274 Remigii
1019 5217 1215 5259 nomen
1261 5216 1358 5272 pro
1387 5199 1706 5272 Augustino,
1733 5214 1800 5254 ex
1836 5215 1944 5270 quo

363 5291 620 5360 pleraque
650 5309 800 5348 more
829 5309 927 5349 suo
953 5294 1248 5364 desumpsit
1274 5292 1570 5364 Remigius.
1593 5292 1779 5362 Neque
1797 5291 1944 5347 enim

367 5382 419 5436 in
448 5382 656 5439 Glossae
691 5386 1074 5457 manuscriptis
1099 5385 1499 5456 exemplaribus
1525 5385 1780 5440 adnotata
1821 5393 1950 5441 sunt

367 5473 568 5544 ubique
598 5485 884 5532 auctorum
911 5479 1127 5533 nomina
1148 5519 1162 5544 ,
1201 5478 1295 5533 sed
1347 5479 1449 5533 hoc
1483 5487 1823 5550 posterorum
1867 5481 1948 5536 di-

367 5561 602 5634 ligentia:
637 5583 772 5638 opus
799 5567 919 5623 fuit.
943 5569 1150 5624 Floruit
1183 5578 1362 5624 autem
1391 5569 1619 5626 Strabus
1645 5571 1744 5626 sub
1771 5569 1949 5627 Ludo-

369 5657 489 5710 vico
517 5657 780 5729 Augusto,
811 5676 953 5717 anno
978 5662 1189 5716 Domini
1220 5661 1344 5717 840.

441 5747 646 5804 Glossae
698 5767 827 5806 vero
891 5752 1254 5808 interlinearis
1302 5761 1494 5808 auctor
1538 5759 1623 5808 est
1659 5751 1949 5808 Ansclmus

375 5838 776 5912 Laudttnensis,
812 5849 1106 5904 monachus
1133 5849 1300 5905 etiam
1327 5846 1727 5915 Beuedictinus,
1751 5863 1950 5921 cogno-

2041 4665 2235 4719 littera:
2265 4679 2508 4728 sensum,
2543 4662 2754 4718 exteris
2805 4663 3000 4716 divina:
3046 4659 3340 4730 Scriptura:
3375 4659 3624 4714 sensibus

2042 4764 2104 4810 ut
2136 4754 2588 4824 pnestautiorem,
2617 4754 2686 4807 ita
2719 4752 3111 4818 difﬁciliorem;
3139 4752 3318 4806 allatis
3349 4753 3399 4805 in
3433 4751 3484 4805 id
3516 4764 3626 4804 non

2044 4848 2204 4902 modo
2231 4854 2474 4900 veterum
2502 4845 2758 4900 Ecclesize
2790 4845 3008 4899 Patrum
3035 4839 3494 4914 expositionibus,
3531 4841 3626 4894 sed

2045 4937 2410 4992 Rabbinorum
2434 4949 2646 5006 quoque
2676 4933 2982 5000 sententiis,
3001 4949 3232 5004 quorum
3255 4933 3394 5002 apud
3411 4929 3629 4986 Judaros

2045 5028 2315 5100 praecipua
2349 5035 2432 5081 est
2465 5025 2778 5080 auctoritas.
2808 5024 2926 5092 Quo
2957 5023 3174 5094 expleto
3206 5037 3391 5092 opere,
3428 5021 3629 5078 iterum

2048 5118 2277 5190 repetito
2324 5117 2508 5172 labore
2558 5116 2612 5170 in
2661 5115 2878 5186 triginta
2945 5114 3184 5184 quinque
3237 5109 3630 5182 posterioribus

2049 5213 2202 5268 linis
2217 5219 2506 5280 utrumque
2538 5210 2955 5263 lnstrumentum
2980 5207 3170 5262 morali
3192 5205 3529 5276 expositione
3559 5201 3624 5256 il-

2047 5301 2317 5357 lustravit.
2335 5299 2541 5355 Claruit
2567 5300 2666 5353 sub
2686 5297 2895 5353 Joanne
2916 5296 3061 5351 XXII
3083 5312 3242 5368 papa,
3272 5304 3327 5352 et
3352 5294 3629 5350 Ludovico

2052 5392 2262 5447 Bavaro
2311 5393 2656 5461 imperatore.
2698 5409 2715 5441 ι
2750 5388 2876 5444 Haec
2906 5389 3109 5444 Sixtus.
3142 5388 3320 5443 Edidit
3360 5395 3628 5457 praeterea

2054 5481 2286 5537 Liranus
2333 5481 2552 5535 tertium
2613 5494 2749 5550 opus
2818 5479 2872 5534 in
2927 5477 3262 5550 Scripturam
3316 5476 3630 5532 universam

2055 5573 2275 5630 Veteris
2310 5572 2664 5636 Testamenti,
2693 5570 2836 5641 quod
2865 5586 3001 5642 opus
3051 5568 3490 5624 Diﬂ'erentiarum
3537 5565 3627 5620 in.

2055 5665 2292 5736 scripsit,
2333 5665 2389 5718 in
2421 5680 2527 5732 quo
2557 5662 2964 5734 diligentissime
3011 5659 3284 5716 adnotavit
3332 5655 3634 5713 locutiones

2056 5773 2245 5813 omnes
2273 5757 2324 5812 in
2353 5755 2548 5826 quibus
2571 5755 2835 5823 interpres
2865 5751 3105 5823 vulgatus
3129 5750 3197 5805 ab
3223 5748 3449 5804 Hebraeo
3475 5746 3626 5802 fonto

2055 5847 2272 5903 differre
2295 5846 2598 5911 videbatur,
2613 5843 2755 5914 quod
2785 5849 2965 5898 exstat
2988 5854 3255 5905 seorsum,
3273 5840 3624 5907 impressum,
