4074 6334
455 493 523 549 l9
1202 483 1683 543 ‘WALAFRIDUS
1722 479 2040 541 STRABUS
2072 474 2459 537 FULDENSIS
2494 472 2893 534 MONACHUS.
3629 474 3703 531 2οη

454 611 582 669 licet
607 622 733 665 raro
759 606 1048 663 admodum
1088 605 1411 659 inveniatur.
1446 601 1715 657 Ceterum
1751 599 1896 670 quod
1942 597 2019 651 ait
2044 596 2099 658 Α
2121 609 2191 650 ex
2227 594 2295 649 iis
2331 600 2429 648 aut
2451 605 2643 647 eorum
2670 590 2906 661 posteris
2943 595 3202 644 noscatur
3245 587 3315 642 ab
3359 584 3552 642 eadem
3593 585 3703 641 fide

456 702 662 768 Sixtus,
682 697 962 755 Nicolaum
988 712 1021 752 a
1048 696 1323 752 nonnullis
1349 693 1579 766 Angium
1605 692 1807 763 putari,
1837 690 2025 746 nescio

455 808 565 869 quo
588 794 832 851 nitantur
868 790 946 846 illi
986 789 1357 847 fundamento.
1384 786 1486 856 Qui
1516 784 1901 842 Brabautinum
1920 798 2023 854 pu-

376 956 385 967 ,
458 894 593 955 tant,
623 887 826 942 habent
857 896 959 956 pne
987 899 1051 939 se
1072 882 1407 955 epitaphium
1442 881 1562 952 ejus
1596 879 1742 952 quod
1789 878 1844 933 in
1884 877 2025 933 Lira

457 980 653 1053 Oppido
678 979 821 1034 inter
844 976 1195 1047 Antuerpiam
1215 983 1273 1030 et
1291 973 1645 1030 Mechlineam
1677 973 1946 1037 exstabat,
1969 970 2028 1027 in

414 1080 419 1091 '
460 1088 569 1144 quo
596 1072 701 1127 hoc
721 1070 952 1133 habetur
980 1069 1125 1123 inter
1158 1074 1353 1123 caetera
1391 1065 1663 1122 distichon
1689 1083 1704 1119 :

583 1187 674 1241 Cui
694 1186 877 1237 veteris
896 1185 1190 1246 perhumaua
1212 1183 1357 1246 dabat
1379 1181 1639 1231 Brabantia
1668 1179 1794 1231 Liras

672 1243 974 1312 Cognomen,
997 1245 1106 1296 Lira
1128 1258 1237 1295 nam
1261 1243 1353 1294 fuit
1374 1246 1502 1294 urbe
1522 1250 1687 1293 satus.

462 1355 530 1411 Et
554 1352 948 1437 clauditurhoc
972 1348 1205 1404 disticho
1231 1347 1563 1418 epitaphium
1590 1363 1604 1401 τ

583 1467 918 1528 Hiemphanta
938 1464 1047 1515 Deo
1068 1462 1211 1528 sedet
1235 1465 1345 1528 hinc
1365 1461 1646 1528 diademate
1669 1460 1889 1524 fulgens,

680 1524 752 1579 Et
769 1529 1085 1579 Brabantiaco
1106 1525 1261 1587 gloria
1283 1525 1432 1587 digna
1453 1524 1582 1575 solo.

464 1633 523 1689 ln
556 1630 792 1688 editione
824 1630 1009 1685 itidem
1036 1627 1237 1686 Glosste
1282 1627 1424 1684 facta
1464 1628 1688 1683 Basileae
1725 1643 1867 1684 anno
1898 1626 2036 1684 l520

465 1726 697 1782 habetur
715 1724 771 1778 in
793 1722 898 1778 ﬁne
929 1722 1100 1792 partis
1121 1730 1314 1776 scatat:
1342 1719 1517 1775 Biblia
1540 1736 1692 1775 sacra
1717 1737 1832 1775 cum
1863 1719 2037 1792 glossa

466 1814 760 1880 ordinaria,
789 1821 926 1878 etc.;
954 1821 1030 1879 et,
1058 1809 1280 1867 Postilla
1318 1810 1531 1866 Νίσοιαὶ
1555 1810 1619 1866 de
1642 1809 1769 1866 Lira
1791 1809 2037 1865 Braban-

466 1907 567 1961 tini
592 1905 822 1976 explicit.
847 1903 992 1962 Obiit
1014 1912 1193 1959 autem
1216 1902 1467 1958 Nicolaus
1499 1901 1726 1959 Liranus
1758 1903 1814 1957 in
1845 1918 2040 1974 magno

467 1997 759 2053 Parisiensi
780 1996 1047 2053 Minorum
1078 1990 1305 2068 collegio
1319 2010 1463 2052 anno
1493 1994 1651 2060 1549,
1684 1993 1771 2050 die
1795 1994 1862 2050 ll
1892 2006 2041 2051 ceto—

468 2086 604 2153 bris,
634 2087 725 2141 ubi
754 2087 918 2142 etiam
952 2086 1286 2156 epitaphium
1318 2086 1571 2152 habetur,
1617 2102 1683 2141 ex
1720 2101 1828 2156 quo
1879 2086 2048 2141 dedu—

470 2184 600 2233 cunt
631 2176 746 2243 alii,
790 2177 1039 2233 eumdem
1068 2176 1346 2234 Nicolaum
1378 2176 1544 2233 fuisse
1578 2175 1948 2232 Normannum
1977 2191 2046 2231 ex

470 2267 726 2337 oppidulo
756 2267 895 2321 Line
923 2267 1317 2333 Normannico;
1350 2277 1404 2324 et
1441 2266 1606 2323 faciet
1644 2267 1808 2323 etiam
1860 2267 2045 2337 conje-

472 2365 624 2413 ctura
671 2356 981 2427 probabilis,
1017 2357 1163 2428 quod
1191 2359 1387 2414 crebro
1426 2366 1610 2412 utatur
1638 2355 1899 2427 exemplis
1944 2355 2048 2410 lin-

472 2462 590 2519 gua:
617 2447 907 2503 Gallicanae
930 2488 947 2514 ,
996 2463 1264 2518 nusquam
1316 2458 1497 2504 autem
1545 2448 1891 2504 Brabantinte
1913 2487 1928 2515 ,
1961 2446 2049 2503 vel

473 2539 806 2610 Anglicanae.
828 2539 1003 2612 Eligat
1038 2539 1207 2595 lector
1233 2540 1377 2611 quod
1402 2540 1688 2610 placuerit.

547 2628 811 2700 Sequitur
858 2629 1057 2686 Paulus
1104 2629 1396 2701 Bnrgensis
1452 2631 1673 2685 natione
1738 2629 2046 2700 Hispanus,

475 2729 836 2794 cognomento
854 2722 921 2776 de
944 2719 1143 2776 Sancta
1166 2720 1349 2785 Maria,
1379 2735 1576 2792 genere
1598 2720 1872 2784 Hebraeus,
1907 2721 2051 2776 inter

477 2827 606 2867 suos
635 2811 891 2867 Hebraeos
913 2812 1201 2882 aliquando
1226 2810 1505 2867 Rabbinus
1530 2811 2044 2881 praestantissimus;

476 2912 536 2961 et
576 2912 701 2976 post
733 2921 884 2961 suam
922 2905 1329 2960 conversionem
1359 2903 1425 2959 ad
1456 2902 1614 2959 ﬁdem
1640 2902 2001 2958 Christianam
2030 2943 2046 2968 ,

476 2995 711 3066 primum
740 2993 902 3049 Novae
931 2993 1290 3064 Carthaginis,
1337 3000 1393 3047 et
1435 2992 1628 3047 deinde
1654 2990 1954 3057 Bnrgorum
1994 2992 2049 3046 in

480 3084 755 3157 Hispaan
807 3085 1109 3155 episcopus,
1168 3081 1678 3138 archicancellarius
1704 3080 1952 3138 Castellze
1997 3089 2051 3135 et

480 3176 734 3248 Legionis
761 3193 775 3229 :
808 3175 861 3231 in
893 3175 1119 3246 gratiam
1150 3173 1243 3229 ﬁlii
1266 3173 1349 3228 sui
1370 3172 1629 3242 Alphonsi
1664 3171 1855 3227 decani
1885 3169 2048 3226 Com-

480 3267 792 3339 postellanat
846 3264 1091 3321 ecclesia
1140 3266 1340 3335 (quem
1393 3265 1562 3320 laicus
1621 3271 1934 3334 susceperat
1982 3278 2052 3318 ex

481 3361 675 3431 uxore)
713 3374 778 3415 ex
828 3357 1056 3429 singulis
1083 3372 1251 3412 sacra:
1276 3354 1568 3427 Scriptura!
1595 3355 1748 3412 libris
1780 3356 1899 3412 loca
1930 3357 2051 3428 plu-

483 3452 621 3506 rima
674 3448 961 3512 disseruit,
1008 3447 1063 3502 in
1095 3447 1291 3516 quibus
1317 3455 1545 3503 conatus
1590 3454 1675 3501 est
1710 3444 1896 3501 Lirani
1952 3461 2053 3501 ex-

484 3544 826 3616 planationes
850 3541 1122 3613 corrigere
1148 3548 1205 3596 et
1234 3539 1480 3611 supplere
1503 3579 1518 3605 ,
1546 3547 1601 3594 et
1629 3552 1763 3609 opus
1804 3538 2053 3595 Additio-

486 3651 616 3691 num
650 3635 942 3705 inscripsit.
975 3632 1181 3688 Claruit
1209 3632 1310 3687 sub
1332 3632 1657 3702 imperatore
1681 3629 2053 3699 Sigismundo,

488 3741 630 3782 anno
657 3724 867 3783 Domini
907 3724 1064 3779 M30.
1095 3722 1323 3793 Scripsit
1362 3730 1622 3792 praeterea
1672 3723 1880 3793 insigne
1921 3738 2058 3793 opus

488 3825 677 3873 contra
706 3814 987 3887 perﬁdiam
1018 3812 1320 3879 Iudaicam,
1362 3814 1505 3884 quod
1546 3811 1868 3867 Scrutim’um
1914 3810 2059 3868 Scri-

488 3919 763 3980 pturan
804 3907 1107 3979 appellavit.
1137 3906 1267 3962 Erat
1293 3906 1381 3961 vir
1420 3905 1671 3960 maximae
1712 3906 1766 3959 in
1804 3903 2062 3976 Hispania

490 3998 854 4065 auctoritatis,
894 4006 1039 4054 tutor
1090 3998 1205 4069 regi
1255 3996 1458 4068 pupillo
1501 3997 1571 4053 ob
1630 3995 1788 4051 ﬁdem
1827 4004 1883 4050 et
1925 4011 2057 4065 pru-

489 4088 729 4146 dentiam
759 4090 939 4154 datus,
985 4096 1041 4144 et
1083 4096 1225 4144 notae
1268 4088 1508 4158 pietatis.
1540 4085 1821 4156 Praecipuo
1864 4084 2061 4141 affectu

492 4184 557 4239 Ι).
605 4182 827 4239 Thoans
876 4181 1179 4237 doctrinam
1218 4189 1275 4235 et
1310 4180 1783 4236 Dominicanorum
1814 4179 2061 4235 ordinem

492 4275 921 4347 prosequebatur
945 4315 961 4340 ,
986 4272 1073 4328 cui
1097 4281 1152 4328 et
1175 4271 1495 4342 praeclarum
1525 4272 1579 4327 in
1606 4270 1741 4326 urbe
1761 4285 1857 4326 sua
1878 4286 2064 4327 coeno-

494 4365 641 4422 bium
681 4365 947 4422 exstruxit
989 4371 1046 4419 et
1085 4362 1307 4419 dotavit.
1348 4359 1632 4418 Civitatem
1680 4370 1857 4417 autem
1913 4359 2064 4416 illam

497 4468 839 4529 tractumque
884 4459 1209 4529 Burgensem
1242 4458 1295 4512 vi
1347 4456 1514 4512 divini
1560 4456 1707 4512 verbi
1736 4470 1803 4511 ac
1826 4455 1945 4511 zelo
1986 4455 2062 4509 ita

497 4551 551 4606 in
574 4550 680 4606 ﬁde
701 4549 902 4605 Christi
930 4547 1143 4604 Domini
1178 4547 1478 4614 roboravit,
1506 4555 1568 4602 ut
1604 4561 1763 4603 nemo
1809 4547 2064 4617 deinceps

2123 687 2437 752 recessisse,
2465 683 2917 755 quemadmodum
2940 689 3175 738 testatur
3212 680 3268 734 in
3306 678 3425 736 suis
3460 677 3705 736 consiliis

2124 776 2418 833 Navarrus.
2462 776 2695 847 Ideoque
2733 774 2963 831 celebris
2996 781 3082 829 est
3125 771 3304 828 adhuc
3354 779 3411 826 et
3445 774 3709 841 spectata

2126 868 2426 925 nobilitatis
2469 866 2586 937 ejus
2632 866 2864 933 familia;
2919 872 3129 930 vocata,
3163 863 3233 920 de
3260 861 3461 919 Sancta
3488 860 3658 916 Maria
3681 900 3699 928 ,

2126 972 2249 1030 quae
2289 958 2399 1014 sola
2440 959 2496 1013 in
2536 956 2793 1028 Hispania
2826 955 3104 1026 municeps
3148 962 3262 1019 est,
3320 962 3377 1009 et
3414 953 3483 1008 ad
3513 964 3707 1007 omnes

2128 1049 2438 1120 reipublicae
2462 1049 2696 1104 honores
2716 1046 3038 1113 admittitur,
3052 1045 3291 1103 exclusis
3308 1045 3560 1101 omnibus
3584 1042 3711 1101 aliis

2130 1142 2338 1201 Hebraei
2369 1142 2645 1213 sanguinis
2672 1141 2906 1196 familiis.

2198 1237 2403 1292 Contra
2450 1236 2594 1290 hunc
2634 1234 2860 1289 Paulum
2901 1232 3234 1306 Burgensem
3277 1230 3468 1289 scribit
3519 1229 3576 1286 in
3622 1226 3715 1286 hil

2129 1328 2539 1387 commentariis
2586 1328 2869 1385 Mattheus
2906 1326 3141 1383 Domick
3172 1366 3189 1392 ,
3239 1339 3338 1382 seu
3396 1323 3666 1394 Tomigus
3693 1361 3711 1389 ,

2133 1420 2353 1475 natione
2378 1417 2522 1474 Saxo
2550 1417 2921 1482 Minoritanus,
2947 1416 3241 1487 provincia:
3263 1414 3513 1469 Saxonis:
3534 1427 3711 1482 quon-

2134 1510 2260 1567 dam
2294 1510 2560 1574 minister,
2590 1508 2928 1564 scholasticar
2951 1508 3236 1579 theologia:
3261 1507 3539 1577 professor
3562 1518 3719 1577 egre-

2136 1605 2275 1675 gius,
2318 1611 2375 1658 et
2418 1603 2554 1657 inita
2601 1612 2702 1671 pro
2750 1599 3064 1657 defensione
3114 1600 3354 1656 doctoris
3383 1600 3467 1655 sui
3510 1595 3718 1654 Nicolai

2136 1693 2324 1750 Lirani
2348 1707 2550 1763 pugna,
2577 1691 2882 1746 additiones
2902 1691 3194 1762 Burgensis
3211 1701 3461 1745 evertere
3485 1688 3716 1744 annisus

2139 1793 2245 1850 est,
2261 1785 2421 1840 editis
2446 1783 2601 1838 novis
2626 1783 3294 1852 concertationibus,quas
3311 1779 3723 1838 commentariis

2142 1872 2358 1929 Liranis
2385 1874 2570 1930 statim
2597 1882 2721 1943 post
2747 1874 3052 1929 additiones
3068 1873 3362 1943 Bnrgensis
3386 1868 3639 1940 subjecit,
3665 1876 3724 1926 et

2068 1960 2119 2023 Β
2144 1966 2409 2038 Replicas,
2424 1983 2517 2022 seu
2537 1967 2930 2022 correctorium
2946 1966 3270 2036 corruptorii
3285 1965 3578 2037 Burgensis
3594 1963 3722 2019 atti-

2142 2058 2351 2113 tulavit.
2374 2058 2433 2112 ln
2464 2057 2660 2129 quibus
2688 2072 2811 2113 cum
2848 2056 3016 2139 multa
3044 2058 3201 2112 docte
3229 2057 3362 2111 satis
3386 2054 3729 2111 animadver-

2143 2148 2294 2214 terit,
2316 2163 2347 2203 a
2370 2149 2632 2204 conviciis
2646 2157 2852 2213 tamen,
2867 2156 2930 2202 ut
2945 2148 3202 2214 diximus,
3217 2148 3494 2204 abstinere
3506 2163 3612 2202 non
3630 2161 3730 2217 po-

2149 2242 2273 2306 tuit,
2295 2241 2493 2311 quibus
2512 2240 2844 2311 Burgensem
2872 2240 3146 2295 immerito
3176 2239 3311 2294 satis
3334 2238 3577 2294 incessit.
3606 2235 3731 2292 Cla-

2148 2330 2258 2386 ruit
2284 2331 2386 2385 sub
2409 2329 2690 2385 Friderico
2706 2328 2773 2383 lll
2796 2329 3145 2399 imperatore,
3169 2344 3311 2384 anno
3333 2327 3546 2384 Domini
3569 2325 3729 2382 tuo.

2217 2420 2600 2476 Admonendus
2612 2434 2672 2475 es
2690 2429 2974 2490 praeterea,
2991 2420 3160 2477 lector
3175 2420 3428 2491 benigne,
3443 2433 3544 2475 nos
3554 2418 3733 2490 ipsum

2148 2520 2357 2569 textum
2387 2528 2604 2569 sacrum
2628 2511 2724 2567 illo
2750 2527 2977 2582 prorsus
3012 2513 3173 2569 modo
3205 2511 3490 2582 reliquisse
3526 2524 3638 2581 quo
3674 2508 3733 2565 in

2150 2605 2390 2675 antiquis
2417 2605 2612 2676 glosste
2655 2614 2713 2660 et
2745 2604 2932 2661 Lirani
2958 2605 3291 2661 editionibus
3321 2605 3494 2676 ipsum
3516 2600 3731 2660 inveni-

2149 2709 2272 2749 mus
2297 2712 2312 2748 :
2339 2694 2466 2763 quia
2493 2694 2569 2749 ita
2597 2695 2884 2751 videbatur
2905 2694 3200 2752 convenire
3229 2695 3403 2767 magis
3440 2692 3734 2764 expositio-

2149 2785 2313 2840 nibus
2340 2784 2510 2854 ipsius
2549 2784 2734 2841 Lirani
2766 2803 2780 2840 :
2813 2786 2907 2858 qui
2946 2801 3055 2842 non
3102 2786 3293 2843 eodem
3340 2785 3502 2841 modo
3536 2785 3738 2854 ubique

2150 2876 2305 2946 legit,
2336 2890 2445 2945 quo
2476 2885 2662 2932 nostra
2694 2876 2919 2948 Vulgata
2946 2892 3091 2932 nunc
3116 2893 3147 2932 a
3175 2875 3522 2948 pontiﬁcibus
3550 2889 3739 2931 emen-

2163 2969 2312 3023 data.
2359 2964 2467 3023 Sed
2511 2967 2567 3022 in
2620 2966 2727 3024 ﬁne
2770 2968 3197 3039 uniuscujusque
3250 2968 3385 3022 torni
3435 2966 3742 3023 addidimus
3790 2984 3795 2991 '

2156 3059 2527 3114 correctiones
2570 3057 2847 3116 Romanas
2898 3078 2930 3116 a
2980 3060 3045 3116 D.
3084 3061 3377 3117 Francisco
3414 3057 3561 3114 Luca
3604 3058 3742 3113 Bur-

2158 3150 2311 3220 gensi
2357 3149 2614 3206 collectas
2642 3190 2658 3214 ,
2716 3160 2773 3206 et
2835 3149 2945 3207 illis
3004 3152 3336 3207 attexuimus
3396 3149 3742 3220 conjecturas

2159 3248 2413 3306 nostras,
2440 3242 2638 3310 quibus
2670 3240 2915 3297 indicare
2951 3242 3222 3298 voluimus
3274 3241 3402 3311 quid
3450 3242 3602 3310 sequi
3646 3252 3745 3311 po-

2083 3303 2129 3369 C
2162 3330 2367 3385 tuerint
2398 3303 2642 3386 Romani
2686 3330 2879 3388 Patres
2932 3332 2987 3388 in
3035 3303 3466 3388 correctionibus
3507 3303 3614 3387 illis
3636 3303 3665 3397 ξ
3686 3337 3745 3386 et

2161 3436 2263 3478 cur
2287 3437 2356 3477 ex
2380 3421 2548 3478 variis
2593 3422 2917 3480 lectionibus
2966 3423 3067 3480 has
3100 3422 3282 3495 potius
3305 3436 3470 3493 quam
3497 3421 3619 3477 illas
3642 3433 3743 3492 ap-

2164 3513 2531 3584 probaverint.

2238 3606 2476 3663 indicem
2504 3606 2668 3662 etiam
2693 3646 2710 3671 ,
2759 3619 2993 3675 eumque
3032 3604 3257 3661 brevem
3296 3616 3481 3659 rerum
3510 3608 3746 3657 tantum-

2168 3701 2332 3755 modo
2359 3701 2777 3771 praacipuarum,
2805 3708 2863 3755 et
2888 3713 3010 3770 qua:
3035 3695 3213 3755 fusius
3232 3697 3596 3768 explicantur,
3621 3694 3745 3750 uni—

2166 3790 2363 3859 cuique
2388 3798 2535 3845 tomo
2556 3789 2802 3845 dedimus
2826 3806 2840 3844 :
2863 3804 2992 3845 nam
3014 3788 3197 3845 omnia
3223 3802 3345 3858 qum
3367 3786 3561 3859 quovis
3584 3785 3745 3841 modo

2163 3888 2528 3950 exponuntur,
2567 3880 2623 3936 in
2651 3880 2885 3936 indicem
2927 3879 3154 3948 referre,
3190 3878 3385 3937 fuisset
3416 3878 3561 3951 ipsos
3591 3891 3744 3934 com-

2164 3971 2461 4027 mentarios
2490 3971 2688 4027 iterum
2709 3970 3017 4028 exscribere
3038 3988 3055 4039 ;
3082 3980 3140 4028 et
3161 3980 3425 4044 praetcrea
3455 3969 3745 4025 minutiora

2164 4069 2221 4116 et
2254 4063 2508 4119 breviora
2533 4062 2849 4134 plerumque
2895 4064 3104 4120 faciunt
3141 4066 3211 4120 ad
3260 4073 3439 4121 textus
3472 4063 3746 4121 verbalem

2170 4151 2607 4222 explicationem,
2638 4167 2761 4223 qua
2784 4154 3012 4225 proinde
3045 4155 3261 4211 facilius
3286 4155 3634 4212 invenientur
3662 4153 3746 4209 iu-

2173 4253 2338 4301 vento
2382 4254 2533 4302 textu
2579 4262 2739 4304 sacro
2782 4249 2851 4305 ad
2900 4265 3062 4321 quem
3112 4251 3399 4317 dicuntur,
3448 4264 3611 4321 quam
3648 4262 3747 4320 per

2170 4340 2438 4409 indicem;
2472 4357 2595 4413 qum
2636 4352 2821 4399 autem
2868 4344 3180 4416 diligentius
3223 4354 3281 4402 et
3323 4345 3495 4400 fusius
3527 4354 3638 4399 tam
3688 4345 3746 4399 in

2168 4431 2346 4502 glossa
2374 4447 2536 4504 quam
2567 4450 2600 4490 a
2629 4432 2830 4490 Lirano
2865 4436 3225 4503 adnotantur,
3268 4449 3331 4491 ea
3376 4435 3640 4492 duntaxat
3688 4437 3746 4493 in

2168 4528 2403 4587 indicem
2428 4530 2776 4601 coniecimus.

529 4672 3741 4711 Μ

1263 4780 1369 4842 DE
1410 4776 1831 4843 CANONlClS
1871 4780 1975 4841 ET
2018 4777 2183 4843 NON
2228 4779 2652 4845 CANONICIS
2692 4783 2950 4847 LIBRIS

1894 4902 2289 4925 -ῄ

569 4970 833 5040 Quoniam
851 4965 1120 5048 “plerique
1162 4980 1229 5022 eo
1266 4968 1406 5048 quod
1445 4982 1551 5048 non
1580 4969 2066 5048 multambperam
2090 4974 2147 5036 D
2171 4971 2622 5048 canoniciautem
2648 4973 2766 5030 sive
2808 4975 3125 5048 apoayphi,
3170 4976 3415 5034 nescitur

501 5036 631 5099 dant
654 5054 820 5112 sacrm
850 5036 1142 5112 Scriptura:
1166 5077 1181 5103 ,
1219 5038 1531 5112 existimant
1555 5054 1745 5112 omnes
1774 5036 1940 5097 libros
1972 5042 2065 5112 qui

502 5114 556 5170 in
588 5111 774 5167 Bibliis
797 5108 1161 5170 continentur,
1195 5108 1313 5177 pari
1358 5110 1707 5163 veneratione
1748 5124 1870 5165 esse
1918 5108 2070 5167 reve-

502 5183 700 5239 rendus
723 5192 885 5251 atque
913 5177 1234 5242 adorandus,
1249 5178 1555 5251 nescientes
1575 5179 1907 5251 distinguere
1926 5180 2070 5239 inter

504 5256 671 5311 libros
695 5248 1014 5314 canonicos,
1054 5254 1112 5301 et
1147 5262 1260 5318 non
1302 5248 1613 5318 canonicos,
1634 5248 1773 5318 quos
1798 5250 2007 5308 Hebraei
2036 5268 2069 5308 a

503 5337 707 5379 canone
734 5327 983 5401 separant
1009 5359 1023 5379 .
1056 5324 1111 5372 et
1135 5315 1324 5401 Graeci.
1338 5317 1482 5401 inter
1509 5315 1821 5401 apocrvpha
1844 5336 2073 5401 ροιηριι-

504 5402 657 5457 tant;
712 5385 855 5446 unde
894 5402 1037 5457 saepe
1073 5402 1258 5459 coram
1276 5385 1466 5459 ‘doctis
1515 5385 1725 5444 ridiculi
1770 5385 2064 5459 videntur,

500 5474 571 5535 et
608 5455 1034 5535 perturbantur,
1073 5455 1617 5535 scandalizanturque
1664 5473 1789 5513 cum
1842 5455 2069 5535 audiunt

504 5527 739 5602 aliq'uem
770 5545 875 5602 non
903 5530 1020 5602 pari
1048 5544 1177 5602 cum
1201 5528 1413 5602 ueteris
1436 5527 1685 5602 omnibus
1713 5531 2068 5602 veneratione

504 5597 755 5681 prosequi
779 5597 977 5681 aliquid
1000 5600 1144 5681 quod
1164 5599 1217 5681 in
1246 5597 1432 5653 Bibliis
1460 5597 1667 5680 legatur
1699 5615 1713 5652 :
1746 5597 1955 5681 idcirco
1977 5601 2070 5658 hic

505 5669 882 5737 distiniimus,
905 5678 959 5724 et
982 5669 1233 5724 distincte
1262 5669 1662 5741 numeravimus
1687 5670 1861 5741 primo
1901 5670 2070 5727 libros

500 5742 815 5805 canonicos,
838 5750 894 5797 et
922 5748 1130 5811 postea
1148 5753 1253 5792 non
1281 5739 1593 5804 canonicos,
1623 5739 1766 5795 inter
1790 5755 1927 5811 quos
1946 5749 2069 5796 tan-

503 5812 808 5869 tltmdistat
834 5808 1093 5881 quantum
1119 5808 1502 5881 intersertam
1544 5818 1603 5865 et
1645 5808 1886 5868 dubium.
1934 5812 2068 5870 Nam

506 5881 753 5942 canonici
777 5876 903 5939 sunt
926 5878 1159 5938 confecti
1183 5876 1422 5955 Spiritus
1448 5889 1636 5941 saneto
1674 5882 1912 5943 dictante
1957 5900 2070 5945 non

3604 4988 3734 5036 tem-

2168 5057 2301 5119 pore
2347 5043 2607 5119 quibusve
2654 5043 3153 5119 auctoribus'sint
3186 5048 3347 5119 editi;
3386 5043 3512 5119 quia
3563 5058 3746 5108 tamen

2169 5111 2325 5167 wvalde
2350 5111 2526 5191 _‘boni_
2558 5121 2613 5191 e_t
2646 5112 2819 5191 utiles
2876 5123 3031 5191 sunt.
3052 5185 3065 5191 _
3085 5111 3342 5191 nihilque
3381 5111 3435 5191 in
3478 5119 3559 5174 eis
3594 5122 3747 5191 quod

2170 5181 2449 5259 canonicis
2475 5182 2686 5259 obviet,
2717 5183 3017 5259 invenitur,
3051 5185 3174 5241 ideo
3200 5181 3438 5243 Ecclesia
3468 5204 3563 5246 eos
3593 5181 3742 5259 legit,

2170 5260 2228 5307 et
2254 5251 2520 5320 permittit
2543 5292 2559 5317 ,
2590 5261 2651 5308 ut
2678 5256 2747 5307 ad
2770 5254 3132 5320 devotionem,
3161 5268 3217 5313 et
3243 5259 3311 5313 ad
3338 5274 3548 5314 morum
3577 5251 3746 5315 infer;

2173 5321 2467 5396 mntionem
2491 5337 2524 5376 a
2543 5321 2797 5396 ﬁdelibus
2826 5322 3091 5396 legantur.
3124 5327 3321 5383 Eorum
3352 5337 3531 5385 tamen
3558 5340 3745 5386 aucto-

2174 5392 2308 5465 ritas
2339 5390 2406 5446 ad
2441 5393 2775 5465 probandum
2806 5390 3018 5465 ea'quaa
3048 5398 3269 5453 veniunt
3298 5398 3354 5453 in
3385 5399 3625 5465 dubium,
3649 5408 3747 5458 aut

2170 5462 2227 5517 in
2261 5463 2683 5527 contentionem,
2724 5470 2781 5517 et
2804 5464 2870 5517 ad
2899 5462 3318 5522 conﬁrmandam
3343 5462 3745 5527 ecslesiastico-

2172 5546 2308 5608 rum_
2320 5531 3066 5608 dogmatum__auctoritater_n,
3088 5551 3205 5608 non;
3218 5546 3501 5606 reputatur
3526 5541 3743 5608 idonea,

2173 5611 2235 5656 ut
2262 5602 2338 5656 ait
2376 5602 2572 5680 beatus
2606 5602 2966 5680 Hieronymus
2998 5605 3053 5680 in
3090 5602 3329 5680 prologis
3366 5624 3531 5680 super
3556 5602 3745 5668 luditli

2172 5680 2228 5727 et
2254 5688 2417 5744 super
2450 5672 2604 5744 libris
2623 5672 2956 5744 Salomonis.
3006 5672 3531 5737 At'libri'canonici
3582 5690 3746 5737 tantae

2173 5750 2302 5798 sunt
2321 5741 2685 5805 auctoritatis,
2709 5744 3051 5816 utquidquid
3083 5746 3152 5800 ibi
3182 5751 3518 5816 continetur,
3554 5766 3744 5806 verum

2173 5824 2357 5890 teneat
2396 5816 2628 5890 ﬁrmiter
2674 5825 2731 5873 et
2774 5815 3077 5890 indiscusse
3126 5831 3141 5871 :
3189 5828 3244 5872 et
3278 5836 3374 5888 per
3407 5815 3748 5890 consequens

2173 5886 2308 5943 illud
2327 5888 2472 5945 ouod
2496 5904 2566 5946 ex
2595 5890 2699 5947 hoc
2729 5886 3071 5946 concluditur
3095 5886 3413 5962 manifeste;
3445 5908 3574 5948 nam
3592 5886 3750 5972 ’βίαις

4063 2934 4065 3091 Ὺ

4066 3150 4067 3243 ψ
