4074 6334
269 365 340 423 37
1231 341 1240 352 '
1630 353 2156 412 PROLEGOMENA.
3460 360 3529 418 δε

346 477 413 532 Et
445 485 702 544 quoniam
736 468 879 545 inter
907 467 1318 545 innumerabilia
1344 479 1483 545 pene
1510 480 1694 545 opera,
1727 483 1858 545 qno-
1885 475 1930 536 Α
1959 487 2064 545 cia:
2103 471 2394 540 Scriptura:
2443 474 2512 527 sit
2561 474 2806 545 dignior;
2858 484 2911 529 et
2953 474 3166 530 videtur
3208 474 3350 545 quod
3398 492 3526 532 non.

272 567 396 605 rum
431 537 693 598 varietate
721 542 900 595 divina
931 539 1209 607 Scriptura
1245 537 1575 592 circumdata
1609 538 1851 607 refulget,

273 618 496 674 Postilla
521 613 722 668 Nieolai
745 614 809 664 de
834 611 956 663 Lira
986 617 1093 662 tam
1119 609 1199 662 sui
1225 608 1486 670 recentia,
1510 624 1668 676 quam
1697 610 1853 678 digna

276 688 596 744 celebritate
645 684 932 737 clarescit:
985 680 1073 747 qui
1121 687 1408 747 utrun‘ique
1449 678 1854 732 Testamentum

274 761 520 816 studiose
549 757 856 808 discurrens
882 791 897 814 ,
949 749 1232 804 litteralem
1275 765 1491 803 sensum
1517 791 1530 811 ,
1584 750 1672 818 qui
1718 750 1857 802 inter

275 839 506 885 ca-teros
537 827 836 894 prarcipuus
865 829 977 884 est,
1027 821 1243 894 cepiosa
1281 819 1578 894 luculentia
1608 821 1853 894 tradidit,

276 903 417 956 hanc
452 890 551 951 tibi
575 890 776 966 donare
809 892 1084 962 proposui.
1233 907 1353 944 cum
1387 890 1723 966 inﬁrmitatis
1755 893 1858 966 hu;

274 985 453 1025 mante
504 965 745 1036 periculo
801 961 1048 1016 detentus
1076 1002 1090 1025 ,
1144 961 1350 1014 dierum
1384 977 1640 1036 _nn-orum
1680 961 1854 1036 linem

279 1030 548 1108 ignorem,
573 1037 766 1108 merito
789 1045 965 1108 tamen
989 1048 1054 1086 ex
1074 1041 1232 1108 {etate
1255 1030 1490 1108 ιιι-(διειριτι
1502 1049 1557 1085 re
1579 1032 1852 1108 suspicor:

277 1099 489 1163 memor
519 1099 636 1162 sum
673 1106 812 1158 illam
855 1104 950 1156 tibi
985 1120 1050 1156 cx
1089 1099 1410 1156 bibliotheca
1447 1119 1563 1155 mea
1595 1102 1818 1155 clinstam
1843 1144 1856 1168 ,

270 1180 384 1248 jam
433 1179 514 1230 bis
563 1177 918 1245 przeelegisse.
973 1174 1104 1248 tium
1137 1188 1262 1248 vero
1301 1173 1494 1225 sumini
1534 1173 1708 1248 Patris
1746 1173 1856 1248 cle-

277 1243 479 1304 mentia
512 1243 678 1299 vitam
711 1261 884 1300 meam
916 1243 1342 1296 misericorditer
1375 1243 1733 1311 prolongavit,
1775 1244 1856 1296 vi-

275 1337 394 1373 sum
419 1318 550 1372 mihi
575 1325 681 1380 est,
705 1326 762 1368 ut
786 1315 928 1383 quod
954 1313 1130 1382 legare
1153 1327 1521 1380 conceperam,
1549 1314 1689 1365 inter
1711 1313 1859 1368 vivos

274 1406 421 1444 nunc
459 1389 602 1442 unde
638 1387 933 1440 donarem:
977 1386 1070 1438 sed
1112 1396 1331 1452 paterna
1364 1383 1727 1436 additamenta
1760 1401 1855 1452 pa-

276 1470 434 1513 tcrno
481 1457 798 1510 munusculo
840 1454 1214 1516 cumularem,
1269 1462 1323 1504 et
1371 1453 1423 1505 in
1479 1453 1859 1522 gazophylacio

275 1529 416 1594 ejus,
439 1528 529 1596 qui
559 1527 682 1580 vine
710 1527 828 1596 dies
855 1525 1074 1596 addidit,
1101 1522 1312 1596 etiamsi
1336 1522 1607 1596 modicum
1637 1523 1858 1591 aliquid,

275 1594 720 1668 superadderem.
774 1595 882 1648 Nec
911 1595 1053 1647 enim
1083 1595 1205 1668 quia
1241 1594 1407 1668 multa
1443 1595 1572 1668 dare
1603 1610 1718 1668 non
1738 1611 1860 1663 pos-

275 1663 484 1728 suiuus,
515 1683 730 1720 manum
762 1683 826 1719 ex
858 1675 970 1718 toto
1003 1666 1274 1717 retrahere
1303 1663 1444 1718 licet.
1484 1663 1862 1733 Unusquisque

274 1741 418 1795 enim
468 1737 600 1791 tanti
647 1736 858 1790 debitor
887 1744 1008 1797 est,
1059 1745 1318 1804 quanttun
1365 1735 1562 1803 ingenii
1607 1735 1687 1788 sui
1721 1735 1861 1789 vires

273 1809 552 1866 exsolvere
575 1807 782 1862 valent:
813 1821 912 1860 nee
939 1805 1222 1873 quisquam
1249 1806 1386 1872 apud
1415 1805 1582 1857 Deum
1608 1805 1861 1860 solvendo

275 1897 386 1936 non
413 1888 497 1932 est
517 1920 532 1942 ,
571 1893 692 1931 cum
726 1877 864 1929 ultra
893 1875 1201 1928 facultatem
1232 1891 1337 1928 non
1367 1884 1552 1944 petat;
1597 1892 1696 1929 nec
1728 1892 1858 1944 opu-

275 1952 477 2006 lentior
503 1950 714 2004 debitor
739 1956 838 2005 est,
867 1963 988 2000 cum
1020 1946 1154 1999 nihil
1185 1945 1379 1998 habeat
1408 1946 1550 2014 quod
1581 1962 1684 1998 non
1718 1963 1860 2000 rece-

275 2024 458 2093 perit,
507 2021 600 2074 sed
645 2018 1014 2093 misericordia
1057 2019 1173 2084 ejus
1207 2017 1331 2093 _bis,
1379 2032 1856 2093 qmepossuums,

279 2087 647 2152 contentatur,
673 2088 882 2156 justitia
907 2089 1048 2141 enim
1075 2087 1254 2140 omnia
1293 2104 1410 2156 qua!
1452 2087 1690 2142 valemus
1717 2098 1860 2140 trau-

278 2163 515 2218 scendit.
548 2161 676 2214 Cum
710 2175 838 2228 ergo
890 2157 1163 2213 Postillam
1201 2157 1350 2228 hanc
1379 2157 1778 2220 disrurrissem,
1807 2168 1862 2212 et

275 2235 322 2289 si
379 2227 808 2294 solemnissime,
854 2239 909 2284 et
961 2228 1202 2282 miranda
1242 2227 1554 2295 copiositate
1603 2232 1858 2297 scriptam

274 2303 552 2371 conspicio
580 2316 593 2354 :
631 2302 756 2370 quia
795 2311 972 2356 tamen
1003 2299 1206 2352 nullum
1231 2313 1379 2371 opus
1391 2299 1862 2371 lumiaiiumadeo

271 2369 573 2444 perfectum
607 2369 722 2444 est,
766 2372 974 2444 qtiinei
1014 2369 1298 2444 super-addi
1335 2369 1539 2436 aliquid
1573 2370 1863 2444 possit,_et

277 2439 345 2499 ile
390 2445 499 2498 sola
544 2441 827 2511 Scriptura
864 2441 1041 2511 divina
1075 2440 1334 2507 scriptum
1365 2450 1486 2492 est:
1523 2457 1541 2488 ι
1696 2441 1863 2494 addas

274 2516 567 2584 quidquam
594 2509 778 2566 verbis
804 2511 946 2584 illius
964 2509 1145 2584 (Prop.
1166 2515 1325 2584 xxx);
1351 2529 1368 2558 ι
1401 2510 1656 2584 expedire
1679 2511 1860 2584 putavi

273 2579 544 2654 aliquibus
573 2584 621 2636 in
652 2584 783 2636 locis
811 2579 990 2650 aliqua
1020 2580 1288 2654 additare,
1313 2579 1366 2632 in
1401 2579 1502 2632 illis
1530 2582 1862 2654 permaxime

276 2651 380 2709 ubi
415 2663 722 2711 sanctorum
770 2655 1044 2706 doctrinas
1090 2652 1431 2719 aliquatenus
1475 2651 1864 2718 prieterniissas

276 2726 556 2795 conspexi.
602 2724 710 2778 Nec
751 2724 848 2776 fuit
890 2723 1148 2795 propositi
1193 2721 1296 2774 mei
1338 2721 1550 2795 curiose
1587 2721 1863 2795 inquirere

273 2791 834 2868 quid-supplerem_:_
880 2791 972 2868 sed
1029 2793 1257 2846 libenter
1307 2793 1423 2868 sine
1477 2791 1864 2859 supplementis

275 2862 506 2922 transivi
527 2862 570 2930 ,ﬁ
598 2866 698 2919 nisi
747 2866 838 2918 ubi
888 2866 1004 2932 ipsa
1049 2879 1132 2915 me
1175 2862 1546 2930 Sttpplctnmta
1578 2872 1860 2916 vocarunt.

275 2939 457 3006 Quare
489 2952 586 2990 nec
619 2936 869 3006 volumen
904 2934 1154 3006 proposui
1187 2937 1445 2995 scribere,
1488 2948 1586 2986 nec
1618 2933 1739 3006 libri
1772 2950 1866 2986 no-

275 3004 422 3064 mine
463 3008 684 3078 gloriari
713 3026 726 3059 :
771 3005 861 3060 sed
893 3005 1160 3078 postillam
1199 3007 1368 3078 ipsam
1399 3019 1519 3058 cum
1552 3004 1737 3078 paucis
1766 3006 1863 3078 ad-_

279 3074 498 3135 modum
555 3074 916 3130 additionibtis
971 3077 1022 3128 in
1080 3077 1321 3142 margine
1377 3074 1715 3142 trauscriptis
1771 3074 1867 3128 tibi

277 3152 526 3212 donare;
577 3157 636 3200 ut
677 3157 730 3200 et
773 3148 868 3212 ipsi
908 3146 1092 3200 novitii
1133 3147 1409 3197 studentes
1442 3145 1619 3198 facere
1657 3144 1858 3208 solent,

279 3223 525 3290 quicum
558 3219 754 3290 librum
794 3217 1025 3285 aliquem
1069 3216 1362 3290 ailectuose
1399 3217 1712 3290 perlegunt,
1762 3216 1863 3268 ali-

277 3287 475 3361 quibus
503 3287 753 3360 glossulis
780 3304 918 3360 εωμβ
945 3303 1106 3361 manu
1130 3288 1346 3361 propria
1377 3287 1700 3361 conscriptis
1729 3303 1867 3361 mar-

280 3357 438 3430 gines
464 3357 761 3428 occupant,
795 3369 852 3410 ut
883 3357 1089 3410 ﬁrmius
1119 3357 1412 3430 inciiiorite,
1447 3357 1860 3430 quod_lvger_int,

275 3427 518 3486 tradant.
549 3427 794 3484 Nundum
823 3438 996 3481 tamen
1022 3438 1079 3480 ut
1099 3428 1374 3497 proposui,
1401 3436 1567 3480 totam
1591 3427 1864 3480 Postillam

277 3503 587 3555 discurrere
616 3500 758 3553 valui
787 3518 798 3551 :
838 3509 947 3551 tum
978 3501 1154 3552 aetatis
1181 3499 1440 3568 pondere,
1471 3506 1526 3550 et
1554 3499 1866 3567 passionum

281 3573 360 3626 illi
396 3570 785 3625 adhicrentiuin
815 3570 1118 3639 gravitate;
1172 3580 1281 3621 tum
1325 3568 1580 3622 tarditate
1621 3569 1860 3636 ingenii;

277 3651 395 3696 tum
421 3643 582 3694 etiam
606 3642 1020 3708 occupationum
1046 3639 1408 3700 multitudine,
1431 3648 1486 3691 et
1510 3641 1866 3692 humanorum

277 3728 503 3768 casuum
536 3711 891 3765 varietatibus
921 3710 1326 3768 obsistentibus,
1354 3725 1471 3777 qua:
1505 3710 1590 3764 his
1622 3711 1672 3762 in
1701 3709 1866 3778 parti-

274 3783 378 3838 bus
403 3798 786 3848 nonnunquam
815 3782 1110 3834 abundant.
1148 3781 1250 3832 Sed
1279 3779 1403 3834 licet
1425 3778 1602 3847 aliqua
1627 3795 1690 3832 ex
1715 3789 1866 3848 parte

275 3855 516 3908 nondum
541 3851 885 3922 perl‘ccerini,
909 3854 1049 3918 quod
1082 3860 1449 3922 transcursum
1477 3860 1558 3922 est
1579 3851 1864 3904 confestim

277 3926 452 3986 dono;
495 3924 777 3991 reliquum,
808 3923 852 3976 si
889 3923 1026 3974 Deus
1054 3921 1310 3988 compleri
1344 3921 1668 3988 pcrn‘iiscrit,
1701 3922 1866 3974 dona-

276 4003 454 4048 turus.
495 3993 602 4047 Nec
625 3994 768 4046 enim
799 3993 1100 4060 imperfecti
1129 3991 1414 4045 occasione
1437 3993 1578 4058 quod
1606 3992 1866 4059 scriptum

277 4074 401 4120 erat
434 4065 670 4118 retinere
707 4063 889 4122 volui,
946 4065 1050 4116 imo
1101 4063 1152 4115 in
1199 4063 1457 4130 quasdam
1498 4063 1690 4114 arrhas
1720 4079 1867 4116 com-

277 4137 468 4189 mercii
505 4136 674 4188 nostri
721 4134 862 4188 illico
894 4134 1124 4186 tradere.
1187 4132 1298 4186 Hoc
1333 4141 1415 4184 est
1447 4148 1605 4201 ergo,
1650 4134 1724 4186 lili
1761 4134 1864 4198 mi,

279 4215 664 4260 testau'ientum
709 4220 888 4258 meum
914 4244 926 4268 ,
978 4204 1029 4257 hi
1063 4212 1188 4256 sunt
1217 4202 1445 4256 codicilli
1490 4205 1624 4267 mei,
1668 4204 1770 4257 hoc
1799 4221 1866 4258 ex

275 4277 386 4330 illis
433 4277 783 4345 prarlegatum
829 4291 1091 4345 agnosce,
1140 4283 1199 4327 ut
1242 4276 1293 4326 in
1329 4293 1345 4323 ι
1381 4273 1494 4332 lege
1543 4274 1751 4345 Domini
1799 4275 1867 4328 sit

282 4367 300 4397 ι
335 4344 588 4400 voluntas
636 4357 722 4398 tua
751 4387 764 4408 ,
813 4344 880 4400 et,
913 4347 962 4398 in
1013 4344 1127 4414 lege
1176 4345 1294 4412 ejus
1344 4346 1619 4398 mediter-is
1665 4344 1753 4398 die
1802 4361 1866 4399 ac

283 4435 302 4468 ι
339 4427 516 4471 nocte.
554 4437 572 4467 ι
630 4416 1033 4470 Meditationeni
1066 4432 1194 4468 vero
1228 4425 1403 4477 tuam,
1447 4417 1560 4468 haec
1586 4424 1642 4468 et
1669 4416 1864 4469 similia

276 4489 587 4556 relegendo,
623 4487 891 4555 puriorem
923 4485 1165 4555 profecto
1206 4495 1259 4538 et
1297 4487 1598 4539 suaviorem
1633 4486 1857 4540 efﬁcies.

275 4559 571 4614 Gratanter
623 4559 784 4626 igitur
835 4574 1030 4611 nonum
1083 4561 1180 4609 hoc
1232 4557 1313 4608 tui
1353 4557 1594 4625 petentis
1637 4566 1856 4624 paterna

275 4641 498 4697 accepta
527 4629 827 4691 adfectione,
850 4639 902 4680 et
929 4628 1048 4680 laeta
1077 4644 1235 4678 manu
1260 4629 1537 4697 donatum.
1573 4627 1675 4678 Sed
1706 4629 1850 4680 omit-

282 4696 462 4753 tamus
493 4703 626 4763 lnec,
662 4709 716 4752 et
745 4699 1126 4766 omnipotentis
1157 4697 1246 4751 Dei
1267 4737 1280 4758 ,
1321 4696 1474 4765 cujus
1505 4713 1639 4766 opus
1672 4712 1860 4766 aggre-

274 4773 479 4832 dimur,
513 4780 565 4824 et
603 4787 630 4820 a
670 4785 777 4836 quo
824 4780 876 4822 et
922 4786 1042 4822 cum
1085 4784 1191 4836 quo
1239 4769 1414 4821 omnis
1459 4767 1720 4836 Sapientia
1761 4769 1860 4822 l'uit

273 4858 515 4910 semper,
545 4849 599 4894 et
625 4852 708 4894 ρει.
736 4849 862 4893 ante
892 4855 1087 4900 (evito),
1116 4838 1315 4910 auxilio
1347 4838 1658 4896 humillimis
1689 4841 1858 4904 preci-

275 4913 378 4965 bus
401 4909 671 4974 invecato,
696 4911 950 4978 quidquid
981 4910 1104 4962 huic
1125 4909 1356 4962 Postilla:
1378 4910 1697 4971 addidimus,
1721 4910 1858 4980 style

271 4984 466 5054 plano,
501 4983 648 5036 omni
679 4984 963 5054 verborum
995 4979 1128 5032 llore
1159 4983 1430 5048 deposito,
1462 4979 1854 5048 exprimentes,

272 5052 498 5108 manum
530 5062 714 5105 aratro
733 5052 842 5120 jam
872 5066 1155 5120 ponamus.

269 5163 485 5241 Super
511 5159 878 5241 prologum_
894 5159 1172 5241 prirnum
1195 5157 1526 5241 Pastilli-at,
1548 5158 1664 5241 qui
1701 5159 1859 5220 inci-

349 5235 451 5320 ῥὶι
483 5235 676 5320 {Haec
705 5235 922 5320 omnia
955 5235 1115 5299 liber
1147 5239 1310 5320 vitta.
1348 5235 1859 5320 St'tnilz'ter_'supcr

352 5316 694 5382 secundum
728 5318 1069 5398 prologum
1117 5316 1384 5396 ejusdem
1429 5317 1714 5398 Postiilw
1747 5316 1858 5398 Qui

357 5399 640 5478 incipit:
681 5397 830 5459 Vidi
880 5397 948 5458 in
1005 5397 1261 5458 dextera
1327 5397 1610 5458 sedentis
1666 5397 1859 5478 super

356 5478 689 5550 thronum,
728 5487 850 5539 etc.

379 5619 646 5669 SEQUITUR
675 5617 897 5658 ADDITIO
929 5617 1092 5658 SUPER
1127 5617 1418 5664 UTBUMQUE
1455 5617 1754 5658 PROLOGUM.

345 5702 613 5768 Quo-dam
651 5698 876 5752 intentio
913 5697 1271 5752 Postillatoris
1313 5699 1578 5766 pracipue
1619 5707 1868 5751 versatur

269 5773 420 5826 circa
444 5787 666 5824 sensum
692 5770 1000 5830 litteraleui,
1020 5770 1140 5822 ideo
1165 5779 1288 5821 ante
1314 5771 1493 5822 omnia
1517 5772 1859 5837 qtncrendum

269 5844 490 5896 videtur
515 5851 701 5896 utrum
730 5855 920 5896 sensus
949 5839 1201 5897 litteralis
1232 5840 1446 5896 caeteris
1484 5841 1735 5895 sensibus
1774 5855 1861 5894 sa-

1959 540 2414 613 l\':miscenn:lnm
2447 540 2756 613 Apostolum
2796 545 2836 599 ll
2864 545 2990 599 Cor.
3021 563 3120 600 lll:
3156 567 3171 596 ι
3207 540 3408 601 Littera
3440 564 3532 602 oc—

1966 629 1982 660 ι
2017 612 2174 672 cidit,
2209 614 2429 681 spiritus
2459 612 2636 668 autem
2673 617 2924 670 vivilicat.
2961 637 2978 667 ι
3037 616 3142 671 Set!
3171 632 3359 671 sensus
3390 618 3533 673 litte-

1960 683 2088 758 ralis
2116 685 2328 758 proprie
2361 684 2612 758 ﬁnidatur
2645 687 2694 739 in
2727 687 2904 741 littera
2929 727 2945 752 ,
2997 703 3186 741 sensus
3217 703 3343 743 vero
3379 690 3534 758 Spiri-

1961 753 2122 826 tualis
2149 751 2401 807 fundatur
2428 757 2642 826 proprie
2681 774 2840 826 supra
2885 758 3340 826 signiﬁcationem
3373 751 3532 826 spiri-

1960 824 2178 896 tualem,
2196 841 2307 896 qua
2336 841 2420 878 ics
2446 824 2762 896 signiﬁCnta?
2780 843 2874 896 per
2896 824 3127 881 litteram
3155 829 3380 881 ulterius
3403 824 3535 884 alias

1959 909 2047 948 res
2070 895 2402 968 signiﬁcant:
2425 895 2551 968 ergo
2574 914 2764 953 sensus
2783 895 3031 951 litteralis
3053 914 3220 952 SilCl‘tL‘
3241 899 3535 967 Scriptura:

1961 980 2065 1039 non
2091 965 2349 1039 viviﬁcat,
2367 968 2478 1039 sed
2497 965 2723 1031 occidit,
2753 979 2807 1022 et
2834 985 2931 1039 per
2959 984 3294 1036 consequens
3320 965 3424 1022 non
3454 978 3538 1024 est

1961 1036 2172 1108 dignior
2200 1038 2408 1090 cieteris
2440 1040 2703 1092 sensibus.
2757 1036 3056 1099 Prieterea,
3089 1041 3299 1108 dignior
3329 1049 3411 1093 est
3444 1042 3542 1095 do-

1961 1106 2134 1178 ctrina
2165 1122 2282 1174 qua:
2315 1108 2542 1161 habetur
2571 1125 2666 1177 per
2695 1125 2883 1164 sensus
2913 1106 3237 1176 spii'itiialias,
3260 1125 3417 1178 quam
3447 1110 3539 1165 illa

1963 1191 2082 1243 quas
2112 1176 2339 1230 habetur
2367 1194 2462 1250 per
2491 1176 2704 1250 sensum
2745 1180 3197 1250 litteralem,ergo
3227 1176 3538 1248 spirituales

1963 1260 2156 1300 sensus
2204 1257 2326 1299 sunt
2378 1248 2692 1315 digniores;
2745 1259 2892 1305 tenet
2940 1248 3363 1319 consequentia,
3413 1251 3538 1318 quia

1967 1332 1986 1364 ‹
2021 1333 2354 1386 qtnecunque
2386 1321 2584 1387 scripta
2624 1331 2785 1384 sunt,
2837 1321 2903 1374 ad
2953 1330 3191 1374 nostrain
3237 1321 3537 1374 doctrinam

1969 1405 1984 1435 ι
2019 1388 2215 1455 scripta
2265 1397 2389 1440 sunt
2418 1388 2735 1461 (Iiom.xv).
2771 1411 2786 1442 ι
2841 1393 3188 1460 Assumptum
3235 1393 3536 1459 probatur:

1963 1471 2088 1531 nam
2139 1472 2234 1531 per
2279 1472 2495 1531 sensum
2548 1459 2890 1531 allt'goricum
2943 1459 3209 1515 habentur
3251 1477 3370 1529 qute
3418 1467 3545 1515 sunt

1964 1526 2258 1604 credenda,
2294 1529 2433 1595 quod
2467 1526 2700 1598 pertinet
2728 1533 2794 1586 ad
2823 1531 3013 1604 ﬁdem;
3051 1546 3152 1604 per
3175 1526 3391 1604 sensum
3419 1545 3543 1584 ana-

1965 1601 2231 1664 gogicum,
2257 1614 2375 1666 qtue
2398 1609 2523 1652 sunt
2545 1604 2832 1669 speranda,
2854 1601 2994 1670 quod
3018 1601 3252 1670 pertinet
3271 1602 3334 1653 ad
3359 1615 3540 1670 spem;

1964 1681 2061 1734 per
2095 1682 2311 1744 sensum
2341 1684 2469 1744 vero
2502 1673 2922 1744 tropologicum,
2973 1686 3090 1744 qua;
3137 1672 3540 1744 suntnagenda,

1967 1731 2106 1810 quod
2133 1741 2370 1810 pertinet
2397 1731 2462 1792 ad
2489 1731 2808 1794 clia'i'itatein
2836 1761 2846 1793 :
2892 1731 2943 1794 in
2984 1731 3179 1810 quibus
3208 1731 3414 1795 scilicet
3448 1731 3544 1810 trié

1967 1807 2066 1860 bus
2095 1809 2382 1862 virtutibus
2413 1812 2629 1879 proprie
2673 1812 2811 1864 Deus
2852 1807 3063 1875 colitur,
3110 1811 3401 1866 secundum
3432 1809 3543 1864 Au-

1963 1880 2258 1946 gustinum.
2297 1879 2395 1933 Per
2422 1897 2637 1934 sensum
2660 1898 2786 1936 vero
2811 1881 3091 1936 littcralcm
3124 1883 3351 1935 habetur
3379 1881 3546 1934 histo-

1965 1949 2042 2000 ria
2099 1950 2541 2022 tantniuLQuod
2598 1962 2777 2005 autem
2833 1969 2928 2022 per
2978 1953 3262 2022 praedictos
3312 1960 3542 2020 quatuor

1964 2034 2153 2071 sensus
2203 2019 2571 2090 intelligantur
2618 2019 2851 2091 quatuor
2899 2019 3149 2091 pranlicta
3179 2063 3194 2086 ,
3249 2019 3398 2091 patet
3449 2034 3546 2090 per

1961 2104 2176 2163 versum
2207 2091 2490 2163 allegattnn
2524 2091 2574 2144 in
2603 2093 2822 2162 prologo
2849 2091 3094 2163 postillac,
3122 2101 3175 2144 et
3204 2101 3288 2146 est
3313 2106 3550 2146 commu-

1961 2160 2046 2212 nis
2075 2162 2339 2214 sentcntia
2370 2160 2863 2230 expositorum,'in—
2877 2179 2983 2232 quo
3013 2176 3170 2218 versu
3199 2163 3436 2216 dicitur:

2090 2273 2271 2338 Littera
2300 2281 2437 2333 gesta
2471 2276 2637 2336 docet,
2665 2277 2782 2338 quid
2808 2278 2983 2324 credas
3007 2277 3266 2337 allegoria,

2087 2335 2378 2397 'l‘roliologia
2401 2339 2519 2398 quid
2545 2335 2820 2400 agas,'quid
2840 2351 3035 2400 speres,
3063 2335 3305 2400 adagogia

1964 2439 2276 2513 ξῖιιιιτιυιερίι,
2333 2441 2626 2497 secundum
2681 2443 3062 2513 Philosophum
3115 2459 3131 2495 ι
3197 2441 3545 2496 Posterior.:

1965 2510 2397 2580 [Tnnuiipiodque
2459 2522 2679 2582 preptcr
2709 2510 2984 2578 nliudfet
3027 2513 3154 2568 illud
3195 2513 3406 2582 magis:
3455 2513 3551 2568 sed

1966 2597 2157 2635 sensus
2207 2582 2459 2637 litterulis
2503 2596 2586 2636 est
2633 2594 2853 2652 propter
2901 2599 3120 2638 sensum
3170 2583 3546 2652 spiritualem,

1966 2652 2130 2720 igitur
2170 2669 2360 2706 sensus
2404 2655 2698 2723 spiritualis
2746 2663 2826 2708 est
2872 2654 3108 2724 dignior;
3163 2654 3550 2724 consequentia

1967 2731 2154 2775 tenet:
2191 2733 2244 2776 et
2278 2728 2605 2784 antecedens
2649 2741 2747 2794 pro
2787 2728 3018 2778 secunda
3050 2732 3205 2793 parte
3250 2727 3546 2793 probatur;

1966 2809 2088 2845 nam
2123 2810 2310 2846 sensus
2341 2795 2590 2849 litterulis
2619 2813 2675 2848 se
2708 2797 2869 2849 habet
2898 2796 2965 2848 ad
2994 2811 3187 2848 sensus
3217 2795 3544 2864 spirituales,

1966 2864 2106 2935 sicut
2137 2863 2542 2919 fundamentum
2572 2867 2634 2918 ad
2662 2868 2968 2929 aedilicium,
3004 2874 3162 2935 prout
3189 2863 3341 2934 ponit
3367 2866 3550 2934 postil-

1967 2934 2105 3007 lator
2137 2936 2188 2987 iii
2221 2938 2454 2989 secundo
2486 2938 2723 3007 prologo.
2779 2934 3012 2991 Constat
3034 2945 3211 2990 autem
3247 2939 3389 3004 quod
3429 2936 3551 2989 fun—

1967 3006 2277 3075 damentum
2306 3015 2388 3058 est
2427 3006 2994 3075 propter'anliﬁcium,
3047 3019 3101 3060 et
3152 3022 3254 3059 non
3305 3017 3548 3060 econtra.

1967 3073 2233 3130 Prmterea
2255 3117 2267 3139 ,
2307 3073 2500 3131 sensus
2528 3073 2781 3131 litterulis
2809 3078 3075 3147 accipitur
3105 3078 3400 3130 secundum
3437 3077 3550 3146 pri-

1971 3161 2112 3199 mam
2145 3147 2592 3216 signiﬁcaiioneni
2636 3148 2862 3211 litterte,
2909 3164 3012 3216 qua
3045 3162 3201 3201 voces
3247 3148 3553 3218 signiﬁcant
3633 3179 3636 3184 -

1971 3232 2079 3279 res,
2127 3226 2288 3286 prout
2315 3219 2674 3272 coninmniter
2707 3229 2940 3282 tenetur,
2983 3228 3036 3272 et
3072 3217 3376 3285 postillator
3402 3217 3554 3286 ponit

1971 3287 2024 3358 in
2058 3289 2232 3356 primo
2261 3289 2517 3357 prologo:
2554 3291 2647 3342 sed
2686 3291 2978 3344 secundum
3019 3290 3246 3358 primam
3281 3289 3551 3358 signiﬁca-

1969 3357 2202 3421 tionem,
2235 3375 2339 3427 qua
2373 3375 2530 3413 voces
2563 3376 2646 3413 res
2676 3357 3208 3429 signiﬁcant,iniulta
3239 3357 3370 3412 falsa
3403 3374 3554 3428 repe-

1969 3429 2183 3501 riuntur
2215 3429 2265 3501 in
2311 3446 2464 3483 sacra
2506 3429 2821 3501 Scriptura.
2871 3429 3175 3501 specialiter
3209 3429 3553 3501 attribuendo

1969 3497 2080 3552 Deo
2109 3499 2250 3568 quod
2279 3501 2386 3554 Deo
2415 3497 2642 3554 minime
2665 3497 2942 3570 competit,
2974 3500 3111 3570 sicut
3139 3498 3550 3570 motuslocalis,

1969 3578 2029 3623 ut
2058 3569 2190 3623 Gen.
2225 3586 2276 3622 ιιι
2305 3589 2315 3622 :
2350 3591 2367 3620 ι
2401 3570 2686 3624 Descendit
2729 3568 2870 3624 Deus
2910 3579 2967 3621 ut
2998 3568 3204 3622 videiet
3240 3569 3546 3632 civitatem,

1975 3660 1991 3687 ι
2027 3650 2082 3692 et.
2113 3642 2326 3704 turrim,
2358 3661 2375 3690 ι
2413 3652 2538 3704 ctc.;
2577 3651 2630 3693 et
2655 3641 2730 3693 sic.
2759 3642 2824 3694 de
2853 3639 3034 3693 multis
3061 3638 3200 3702 aliis,
3227 3654 3346 3707 quae
3372 3651 3550 3707 tamen

1969 3711 2023 3762 in
2057 3727 2217 3764 sensu
2249 3711 2513 3779 spirituali
2553 3727 2656 3764 non
2689 3711 3060 3780 reperiuntur:
3085 3725 3214 3780 ergo
3244 3704 3436 3763 sensus
3465 3704 3554 3762 lit-

1970 3782 2152 3834 teralis
2203 3798 2305 3835 non
2355 3790 2439 3835 est
2486 3782 2717 3851 dignior.
2771 3781 3075 3846 Praeterea,
3125 3781 3213 3833 illa
3260 3787 3554 3851 quaersunt

1970 3851 2237 3924 interiora
2265 3861 2368 3905 tam
2399 3851 2451 3904 in
2484 3849 2853 3924 corporalibus
2882 3867 3044 3921 quam
3073 3849 3546 3924 inspiritualibus,

1967 3923 2326 3976 exterioribus
2353 3929 2477 3975 sunt
2501 3920 2742 3993 digniora
2771 3941 2784 3976 :
2819 3924 2869 3976 in
2895 3920 3265 3992 Corporalibus
3289 3921 3430 3993 enim
3459 3920 3549 3974 illa

1969 3993 2021 4045 in
2061 3994 2256 4061 quibus
2299 3991 2666 4063 principaliter
2693 3995 2946 4048 consistit
2972 3991 3084 4046 vita
3113 3991 3386 4063 animalis,
3423 3999 3549 4063 sunt

1968 4063 2022 4116 in
2059 4061 2406 4117 interioribus
2433 4061 2548 4132 ejus
2581 4065 2845 4134 partibus,
2878 4064 3016 4118 sicut
3047 4079 3178 4134 cur.
3211 4061 3353 4116 Idem
3382 4061 3548 4115 etiam

1967 4144 2118 4204 patet
2156 4135 2208 4187 in
2246 4132 2642 4204 spiritualibus,
2693 4136 2898 4189 scilicet
2939 4136 3080 4204 quod
3126 4132 3234 4204 illa
3261 4147 3378 4200 qua:
3422 4140 3549 4204 sunt

1967 4201 2226 4258 interiora
2259 4201 2482 4258 fortiora
2517 4217 2640 4276 sunt.
2672 4215 2727 4258 et
2757 4205 2808 4259 in
2842 4201 3101 4276 dignitate
3129 4203 3368 4274 potiora,
3411 4201 3550 4276 sicut

1966 4285 2113 4346 patet
2139 4277 2189 4328 in
2221 4277 2570 4331 tabernaculo
2594 4275 2836 4338 l‘o-aderis,
2867 4272 2923 4328 in
2948 4293 3055 4345 quo
3081 4272 3223 4346 arca
3239 4272 3548 4327 testamenti

1967 4343 2264 4414 ponebatur
2295 4349 2347 4400 in
2383 4347 2500 4402 loco
2532 4347 2810 4408 interiori,
2841 4347 2931 4416 qui
2963 4343 3163 4400 dicitur
3192 4343 3544 4416 Sanctasan-

1967 4413 2210 4482 ctorum;
2260 4428 2454 4472 caetera
2497 4434 2624 4472 vero
2671 4419 2722 4470 in
2772 4413 2906 4470 locis
2951 4417 3123 4486 magis
3163 4413 3544 4486 exteriogibus,

1965 4489 2257 4541 secundum
2291 4491 2514 4558 gradum
2546 4489 2848 4543 sanctitatis
2876 4483 3088 4550 eoruni,
3110 4494 3178 4558 ut-
3201 4491 3349 4554 patet
3372 4483 3542 4558 Exod.

1888 4540 1938 4599 D
1966 4540 2054 4622 XL,
2081 4540 2329 4612 similite‘i'
2358 4540 2418 4613 lll
2437 4540 2897 4629 ﬁltegzuviii.‘ldem
2929 4540 3087 4629 patet,
3107 4557 3160 4611 in
3189 4540 3545 4629 sacramentis

1969 4630 2254 4692 Ecclesiae,
2289 4631 2341 4683 in
2373 4625 2568 4698 quibus
2600 4629 2884 4682 invisibilis
2915 4625 3117 4698 gratia,
3163 4644 3280 4697 qua:
3314 4625 3544 4678 interius

1966 4701 2144 4762 datur,
2170 4700 2381 4767 dignior
2403 4710 2486 4754 est
2513 4716 2672 4769 quani
2702 4699 2931 4754 visibilis
2958 4699 3152 4761 forma,
3176 4712 3294 4766 qua'
3321 4703 3546 4769 apparet

1966 4765 2236 4825 exterius.
2257 4772 2388 4826 Cum
2420 4765 2598 4826 autem
2635 4787 2824 4825 sensus
2855 4769 3106 4824 litteralis
3132 4765 3332 4822 dieitur
3361 4785 3377 4815 ι
3410 4765 3544 4820 scri—

1974 4860 1992 4892 ι
2025 4855 2147 4912 pius
2192 4857 2311 4896 esse
2361 4843 2411 4895 in
2461 4841 2597 4896 libro
2633 4842 2786 4906 foris,
2819 4863 2835 4890 ιι
2885 4856 3075 4896 sensus
3113 4854 3240 4912 vero
3285 4838 3542 4912 iny_sticus

1975 4933 1991 4962 ε
2025 4909 2192 4986 intus,
2226 4935 2242 4986 η
2295 4924 2356 4966 ιιι
2395 4924 2542 4986 patet
2578 4913 2744 4986 Apoc.
2776 4909 3269 4986 [indauctoritate
3314 4909 3541 4986 allegata

1967 5000 2064 5054 per
2084 4977 2491 5047 Postillanniibi
2516 4977 2713 5038 diciinr
2737 5002 2750 5037 :
2779 5004 2796 5033 ι
2820 4983 2940 5036 Vidi
2972 4983 3024 5035 in
3055 4981 3280 5054 dextera
3305 4977 3542 5054 sedentis

1971 5047 1986 5104 ἱ
2023 5071 2186 5124 super
2217 5057 2468 5108 thronum
2509 5056 2704 5128 librum
2745 5053 3199 5128 scriptum__intus
3231 5059 3284 5128 et
3315 5047 3532 5128 foliis?)

1964 5117 2302 5199 cons-inmens
2333 5134 2417 5179 est
2444 5127 2585 5194 quod
2618 5143 2807 5199 sensus
2838 5117 3086 5199 litterulis
3115 5123 3185 5176 sit
3212 5117 3540 5199 minorisldi-

1963 5192 2184 5268 gnitati‘s
2205 5205 2448 5266 respectu
2462 5192 2660 5252 sensus
2684 5195 3001 5266 spiritualis.
3022 5192 3324 5268 Praeterea,
3350 5192 3539 5268 notitia

1965 5257 2198 5340 humana
2227 5257 2584 5340 communiter
2611 5257 2852 5337 procedit
2892 5283 2920 5318 a
2961 5265 3138 5340 minus
3180 5260 3435 5340 perfectis
3471 5257 3540 5340 ad

1963 5339 2134 5408 magis
2161 5337 2399 5407 perfecta
2418 5381 2432 5402 ,
2475 5331 2637 5408 prout
2664 5348 2812 5407 patet
2842 5353 2950 5392 non
2981 5335 3152 5390 solum
3183 5331 3262 5408 ’in_
3288 5331 3540 5408 humanis

1961 5398 2224 5473 scientiis,
2247 5425 2366 5478 quze
2393 5398 2688 5480 procedunt
2713 5426 2742 5462 a
2768 5409 3016 5464 sensibus
3043 5415 3100 5462 et
3124 5398 3540 5480 particularibus

1969 5496 2020 5540 et
2049 5474 2408 5540 terminantur
2438 5486 2490 5538 in
2526 5484 2753 5540 summis
2781 5498 2962 5536 rerum
2995 5474 3204 5538 causis,
3250 5474 3343 5530 sed
3373 5474 3538 5525 etiam

1964 5556 2018 5609 in
2065 5557 2152 5612 his
2187 5574 2306 5627 qua:
2329 5558 2396 5610 ad
2423 5558 2666 5610 notitiam
2703 5555 3009 5609 divinorum
3037 5549 3345 5627 pertinent;
3393 5540 3537 5627 unde

1966 5627 2122 5681 Itoni.
2155 5645 2170 5682 ι
2201 5619 2217 5682 ἕ
2250 5647 2266 5679 ι
2302 5629 2590 5683 lnvisibilia
2625 5628 2718 5681 Dei
2762 5645 2791 5682 a
2831 5619 3082 5682 creatura
3126 5619 3308 5675 mundi
3333 5627 3440 5694 per
3471 5625 3538 5694 ea

1971 5717 1988 5747 ι
2023 5716 2139 5768 ιιιιίυ
2173 5699 2310 5754 facta
2347 5710 2470 5753 Sunt
2502 5699 2775 5754 intellecta
2803 5696 3228 5768 conspiciuntur.
3259 5708 3276 5768 ξ
3333 5683 3439 5768 Sed
3481 5683 3538 5768 in

1935 5756 2142 5824 -stu'dio
2167 5787 2337 5824 sacra:
2363 5771 2658 5840 Scriptura!
2690 5756 3154 5840 ilicipietitltnnest
3177 5763 3242 5813 ab
3265 5756 3538 5812 intellectu

1966 5857 2156 5898 sensus
2187 5843 2455 5909 litteralis,
2487 5839 2546 5897 ut
2569 5839 2877 5898 Postillator
2902 5840 3031 5894 dicit
3058 5839 3110 5892 in
3139 5847 3379 5896 summa;
3409 5841 3538 5896 ergo
