4074 6334
495 297 567 357 67
988 285 1388 352 WkL-AFRIDI
1426 293 1677 350 STRABI
1711 292 1918 350 FULD.
1962 291 2130 348 MON.
2171 293 2325 352 OPP.
2367 290 2548 350 PARS
2586 292 2628 349 l.
2667 323 2738 333 —
2778 291 3244 351 THEOLOGICA.
3707 299 3778 358 68

496 423 616 484 etes
637 410 772 484 istos
793 423 889 484 se}
914 408 1051 475 dles,
1080 417 1212 484 etc.,
1245 427 1407 484 usque
1433 410 1504 484 ad
1524 408 1701 484 servio
1731 407 1843 484 legi
1855 408 2082 484 peccati.
2113 414 2163 471 Α
2189 407 2592 484 ln_nar_ratione
2617 417 3124 484 rerum__gestarum,
3145 418 3277 475 etc.,
3311 425 3473 484 usque
3499 412 3568 466 ad
3594 411 3650 468 in
3673 427 3780 484 quo

571 483 722 555 (lstn.
755 478 1139 555 imGenqueap.
1171 481 1196 533 1
1222 489 1279 535 et
1313 478 1366 542 2,
1392 491 1448 535 et
1475 481 1628 555 initio
1657 479 1850 555 tertii.)
1880 479 2086 555 Quarto

2193 479 2309 533 solo
2361 479 2628 533 formatur
2681 488 2737 534 et
2787 479 3142 546 illuminatur,
3188 495 3255 535 ne
3299 479 3653 538 sit'tenebrze
3690 479 3781 546 Vel

497 550 604 620 die,
634 567 743 624 quo
763 551 876 621 jam
903 552 959 606 in
983 551 1074 606 illo
1107 550 1784 624 lirmamentoidiscipliuw
1813 551 2088 619 spiritales
2192 553 2440 624 abyssus.

493 622 875 694 intelligentias
927 631 1206 694 operatur
1232 631 1393 694 atque
1439 622 1738 691 distinguit,
1769 629 1896 688 etc.,
1929 637 2090 690 usque

498 697 568 751 ad
596 705 651 750 et
677 693 916 762 iucundo
943 695 1054 748 otio
1085 693 1450 764 perfruantur.

2263 620 2478 692 (Gnsc.,
2510 619 2601 673 lib.
2651 638 2800 676 χχχιι
2854 619 3073 694 ἆζοι-(11η
3119 636 3168 675 c.
3200 621 3289 687 12,
3337 621 3598 694 ῑοιῑιεΠ.)
3626 623 3786 692 Qum-

2192 690 2415 746 reudum
2465 695 2844 763 est_quomodo
2891 690 3030 746 Deus
3058 703 3273 748 .cuncta
3327 693 3489 748 simul
3518 690 3780 763 condidit,

571 761 718 838 (Isne.
753 765 902 838 ibid.,
924 779 1043 834 cap.
1075 761 1150 835 1.)
1184 764 1422 838 Mystice.
1460 783 1478 814 ‹
1515 764 1572 838 _ln
1595 761 1862 838 principio
1885 761 2091 838 creavit
2196 764 2321 838 dum
2352 764 2489 818 idem
2521 761 2730 838 Moyses
2754 763 3046 838 endis-Anim
3067 767 3359 838 mutatione
3379 761 3785 838 variante,idis?-

501 833 645 892 Deus
669 836 867 892 cmlum
893 844 948 891 et
970 833 1190 890 terrain.
1214 833 1611 904 i'Spirituales,
1641 834 1847 888 scilicet
1871 834 1960 902 qui
1985 847 2088 887 cae-

504 907 658 963 lestia
705 907 1054 972 meditantur,
1095 915 1224 972 etc.,
1279 903 1437 977 usque
1481 908 1551 959 ad
1593 924 1611 955 ι
1646 920 1899 973 magnum
1926 913 2009 958 est
2043 903 2088 958 si

508 977 746 1035 carnalia
777 986 955 1032 vestra
981 985 1266 1032 metamus.
1305 998 1323 1030 ι

568 1047 728 1118 (Anc.
783 1048 848 1102 de
901 1046 1031 1102 Gen.
1074 1048 1143 1102 ad
1179 1049 1280 1102 liu.
1327 1047 1419 1102 lib.
1470 1061 1588 1112 vut,
1631 1061 1682 1102 c.
1723 1046 1773 1110 l,
1813 1053 1947 1100 tom.
1977 1044 2088 1117 lll.)

2199 835 2369 888 tiucte
2413 843 2595 888 creata
2637 834 2936 889 describit?
2983 836 3089 888 Sed
3141 850 3320 889 rerum
3365 836 3592 890 materia
3618 837 3783 892 simul

2197 914 2382 960 creata
2415 915 2517 968 est,
2567 913 2699 969 etc.,
2731 921 2891 976 usque
2918 905 2988 958 ad
3019 921 3138 976 qua:
3169 923 3276 963 non
3307 905 3466 961 simul
3514 908 3786 977 prodeunt

2196 990 2296 1048 per
2325 977 2586 1046 temporis
2615 978 2968 1032 incrementa.

513 1199 3774 1230 ww

1174 1337 2312 1455 WALAFBIDI
2396 1335 3096 1450 STRABI

1767 1565 2154 1624 FULDENSIS
2193 1563 2504 1621 MONACHI

913 1754 1567 1886 OPEBUM
1613 1849 1620 1856 .
1662 1751 2298 1882 OMNIUM
2395 1747 2794 1878 PARS
2891 1743 3384 1876 PRIMA

2073 1995 2228 2053 SIVE

1385 2180 1843 2296 OPEBA
1930 2173 2882 2291 THEOLOGICA.

1939 2404 2332 2423 ﬂ

955 2547 1804 2696 GLOSSA
2012 2545 3366 2690 OBDINARIA.

1737 2946 2039 3023 LIBER
2093 2944 2555 3022 GENESIS.

744 3125 1000 3188 Hebraice
1029 3125 1198 3181 dictus
1227 3133 1498 3190 nuru-1:1,
1538 3125 1794 3192 Benssn,
1830 3127 1883 3181 id
1919 3137 1993 3182 est
2027 3127 2081 3180 IN

2211 3142 2416 3192 NCIPIO;
2455 3122 2636 3178 erce
2673 3128 2940 3186 ΓΕΝΕΣΙΣ,
2981 3117 3035 3172 id
3073 3126 3148 3173 est
3184 3117 3522 3177 Genusum.

1025 3402 1254 3460 CAPUT
1295 3400 1588 3458 PRIMUM.

591 3502 752 3557 Vens.
788 3501 924 3555 1.-
941 3517 960 3552 ‹
993 3497 1054 3553 In
1083 3497 1349 3569 principio
1371 3497 1595 3563 creavit,
1619 3515 1638 3548 ι
1663 3504 1773 3550 etc.
1798 3494 1915 3549 Non
1938 3494 2099 3550 dicit:

516 3595 576 3650 In
603 3592 872 3663 principio
912 3591 1042 3650 dicit
1080 3591 1252 3656 Deus,
1307 3590 1424 3645 Fit".
1475 3589 1670 3645 cmlum
1705 3597 1758 3643 et
1804 3596 1966 3643 terra.
1999 3586 2104 3643 Sed

519 3687 656 3742 dixit
685 3703 700 3738 :
737 3704 756 3737 ι
784 3684 910 3738 Fiat
942 3683 1034 3738 lux
1061 3723 1076 3748 ,
1111 3691 1164 3738 et
1195 3683 1335 3737 facta
1375 3691 1456 3737 est
1485 3681 1573 3735 lux
1597 3723 1610 3746 ,
1645 3700 1663 3734 ι
1694 3681 1949 3751 quoniam
1987 3680 2107 3734 uni-

530 3777 819 3833 versaliter
847 3777 1067 3831 nomine
1103 3773 1227 3830 caeli
1258 3782 1314 3828 et
1347 3782 1506 3829 terrae
1537 3773 2107 3843 comprehendendum

522 3879 641 3926 erat
689 3868 950 3940 quidquid
1001 3867 1131 3923 fecit
1161 3868 1332 3932 Deus,
1376 3866 1570 3922 deinde
1599 3882 1697 3936 per
1725 3873 1908 3936 partes
1938 3865 2106 3934 expli-

519 3961 752 4018 candum
809 3957 1080 4030 quomodo
1130 3957 1280 4013 fecit.
1333 3956 1485 4013 Unde
1535 3956 1783 4027 sequitur
1830 3975 1843 4010 :
1906 3973 1925 4006 ι
1962 3955 2110 4009 Dixit

521 4055 667 4111 Deus
691 4095 706 4117 ,
738 4052 892 4120 Fiat,
933 4072 951 4104 ι
994 4052 1046 4107 id
1075 4060 1179 4118 est,
1230 4066 1328 4122 per
1357 4052 1580 4105 verbum
1618 4066 1777 4106 suum
1815 4049 1964 4105 fecit.
2011 4048 2108 4103 Vel

503 4149 648 4220 quia
679 4163 800 4204 cum
837 4147 1070 4218 primum
1103 4145 1264 4200 (iebat
1299 4144 1548 4200 informis
1584 4143 1812 4198 materia
1849 4143 2106 4212 spiritua-

518 4239 608 4306 lis,
631 4238 716 4294 vel
743 4237 1056 4310 corporalis,
1091 4252 1200 4291 non
1221 4245 1340 4290 erat
1365 4233 1650 4290 dicendum
1679 4251 1692 4287 :
1723 4250 1742 4284 ι
1774 4233 1919 4289 Dixit
1943 4234 2107 4300 Deus,

529 4351 548 4384 ι
588 4331 748 4397 Fiat;
784 4349 802 4383 ι
845 4329 1201 4400 incongruum
1231 4327 1375 4382 enim
1405 4335 1524 4382 erat
1554 4341 1584 4379 a
1615 4324 1725 4378 Deo
1753 4325 1880 4390 dici,
1911 4344 1928 4376 ι
1955 4324 2102 4388 fiat,»

521 4424 647 4495 quia
663 4421 895 4478 formam
919 4420 1070 4478 verbi
1087 4434 1194 4474 non
1212 4419 1457 4474 imitatur
1480 4416 1837 4487 impcrfectio,
1855 4416 1958 4470 nisi
1985 4431 2107 4470 cum

524 4516 745 4588 generis
794 4514 877 4568 sui
919 4514 1277 4569 conversione
1306 4512 1371 4567 ad
1403 4520 1705 4566 creatorem
1755 4512 1826 4566 sit
1867 4511 2108 4580 perfecta

521 4618 814 4672 creatura;
846 4613 907 4658 ut
935 4620 1058 4659 cum
1088 4604 1286 4659 dicitur
1315 4621 1327 4656 :
1364 4622 1381 4654 ι
1422 4603 1565 4657 Dixit
1595 4602 1757 4666 Deus,
1787 4601 1940 4667 Fiat,
1972 4621 1991 4654 ι
2030 4603 2110 4656 ἰη-

519 4697 835 4768 telligamus
861 4712 982 4751 eum
1028 4697 1096 4750 ad
1136 4712 1196 4750 se
1228 4693 1690 4765 imperfectionem
1727 4704 1990 4750 creaturae
2020 4712 2106 4749 re-

2133 3401 2183 3461 B
2213 3397 2374 3453 tualis
2404 3398 2568 3453 habet
2599 3397 2888 3455 informem
2913 3401 3104 3468 vitam,
3147 3403 3234 3460 cui
3272 3421 3380 3462 non
3423 3415 3508 3463 est
3549 3407 3654 3464 hoc
3678 3421 3809 3466 esse

2210 3492 2354 3560 quod
2383 3490 2599 3556 vivere;
2634 3508 2736 3547 nec
2765 3494 2949 3551 vivere
2977 3497 3119 3566 quod
3167 3498 3324 3553 beate
3369 3499 3550 3555 vivere
3585 3518 3598 3556 :
3629 3503 3758 3573 quia
3789 3545 3809 3572 ,

2210 3595 2400 3637 aversa
2431 3597 2461 3635 a
2493 3583 2760 3651 sapientia
2807 3585 2922 3652 Dei,
2950 3585 3110 3641 stulte
3131 3596 3184 3642 et
3216 3588 3414 3645 misere
3445 3591 3596 3646 vivit.

2288 3694 2306 3728 ι
2336 3675 2393 3732 In
2420 3677 2710 3748 principio,
2745 3698 2764 3729 ι
2799 3687 2905 3734 etc.
2937 3677 3103 3751 (BEDA
3132 3719 3147 3746 ,
3179 3678 3434 3736 Ilexaem.
3469 3681 3563 3737 lib.
3589 3699 3637 3749 ι,
3664 3693 3807 3742 tom.

2209 3766 2271 3831 ll,
2306 3768 2410 3824 col.
2437 3769 2505 3822 15
2539 3773 2612 3838 α.)
2637 3769 2982 3824 Creationem
3020 3761 3206 3825 mu'ndi
3237 3771 3523 3828 insinuans
3550 3773 3809 3844 Scriptu-

2212 3874 2294 3926 ra,
2352 3861 2527 3931 primo
2556 3863 2723 3916 verbo
2751 3863 3112 3917 aeternitatem
3149 3871 3204 3917 et
3228 3865 3672 3937 omnipotentiam
3704 3869 3810 3926 De!

2211 3953 2449 4008 ostendit
2478 3970 2492 4007 :
2517 3968 2677 4022 quem
2705 3953 2849 4007 enim
2883 3953 2935 4008 in
2979 3954 3248 4026 principio
3285 3966 3589 4029 temporum
3639 3975 3808 4015 mun-

2213 4048 2338 4103 dum
2367 4059 2585 4100 creasse
2611 4045 3168 4115 perhibet,'eumdem
3198 4057 3324 4105 ante
3355 4058 3596 4122 tempora
3643 4063 3810 4108 aeter-

2212 4141 2411 4196 naliter
2450 4127 2720 4210 signiﬁcat
2751 4141 3048 4197 exstitisse.
3090 4143 3159 4198 Et
3187 4160 3346 4214 quem
3391 4145 3444 4200 in
3471 4146 3810 4205 conditionis

2213 4235 2370 4290 initio
2418 4233 2617 4289 caalum
2665 4244 2720 4288 et
2762 4243 2965 4290 terram
3015 4250 3232 4294 creasse
3273 4250 3483 4306 narrat,
3529 4248 3678 4294 tanta
3715 4256 3811 4297 ce—

2212 4324 2428 4380 leritate
2489 4325 2824 4394 operationis
2873 4326 3298 4396 omnipotentem
3351 4343 3473 4384 esse
3521 4329 3808 4398 declarat,

2212 4419 2299 4473 cui
2348 4418 2604 4483 voluisse,
2663 4416 2844 4474 facere
2898 4426 3002 4474 est.
3059 4419 3201 4476 Bene
3243 4436 3374 4492 ergo
3403 4421 3647 4477 dicitur:
3692 4441 3712 4474 ι
3745 4423 3809 4479 ln

2219 4530 2238 4563 ι
2275 4511 2540 4582 principio
2567 4512 2797 4577 creavit,
2826 4530 2844 4564 ι
2880 4499 2988 4567 etc.
3016 4511 3320 4584 Utrumque
3360 4515 3587 4581 scilicet,
3619 4516 3805 4583 simul,

2215 4605 2464 4675 quamvis
2480 4613 2768 4675 utrumque
2796 4603 2956 4659 simul
2971 4605 3038 4660 ab
3052 4605 3271 4661 homine
3281 4620 3390 4661 non
3403 4605 3634 4662 dicatur.
3651 4607 3810 4666 Unde

2215 4699 2481 4766 propheta
2517 4707 2716 4751 terram
2749 4698 2803 4751 in
2853 4697 3008 4753 initio
3052 4696 3251 4753 factam
3299 4699 3537 4754 ostendit
3575 4699 3761 4756 dicens
3789 4741 3806 4766 ,

515 4802 741 4844 vocare.
768 4786 904 4842 Cum
930 4801 1062 4857 ergo
1088 4786 1287 4843 dicitur
1315 4804 1327 4838 :
1367 4805 1384 4836 ι
1416 4785 1473 4840 ln
1495 4787 1766 4856 principio
1796 4787 1924 4842 fecit
1972 4787 2114 4842 Deus
2142 4784 2186 4847 C
2217 4789 2352 4860 psal.
2382 4805 2433 4844 Cl
2464 4807 2476 4843 :
2508 4809 2526 4840 ‹
2555 4789 2713 4844 Initio
2735 4797 2812 4856 tu,
2846 4789 3094 4855 Domine,
3127 4797 3328 4844 terram
3360 4789 3624 4857 fundasti,
3654 4813 3670 4844 ι
3693 4802 3781 4849 etc

523 4899 541 4931 ι
581 4879 780 4936 calum
818 4888 873 4933 et
903 4889 1104 4935 terram
1129 4921 1142 4942 ,
1183 4897 1200 4930 ι
1234 4880 1680 4934 commemoratio
1709 4879 1828 4934 Filii
1872 4881 1958 4942 fit,
1990 4882 2114 4948 quia

523 4971 849 5043 principium
876 4978 990 5036 est;
1022 4969 1116 5024 sed
1145 4985 1267 5024 cum
1299 4971 1529 5024 dicitur:
1556 4990 1573 5020 ι
1599 4969 2110 5034 DixitDeus,Fiat,i

527 5073 994 5122 commemoratur
1021 5065 1144 5134 quia
1199 5062 1431 5120 Verbum
1479 5073 1585 5120 est.
1631 5064 1734 5118 Per
1790 5064 2113 5133 principium

522 5166 678 5214 notat
725 5157 1008 5212 exordium
1070 5165 1336 5212 creatum
1392 5156 1678 5212 existentis
1735 5157 1800 5208 ab
1861 5155 1982 5220 illo;
2020 5171 2116 5224 per

525 5253 796 5316 Verbum,
836 5248 1225 5320 perfectionem
1274 5261 1538 5305 creatura:
1582 5247 1650 5302 ab
1692 5248 1784 5302 illo
1821 5250 1889 5302 ad
1938 5250 2111 5318 ipsum

524 5354 810 5407 revocatas,
858 5353 918 5398 ut
963 5343 1226 5398 formetur
1271 5341 1531 5397 imitando
1562 5339 1788 5395 formam
1823 5339 1984 5396 Verbi
2026 5343 2112 5395 in-

524 5435 988 5493 commutabilem.
1039 5433 1156 5488 Non
1209 5435 1354 5490 enim
1400 5434 1565 5486 habet
1615 5432 1782 5485 vitam
1828 5431 2112 5486 informem

528 5525 765 5582 Verbum
813 5526 907 5583 Dei
936 5567 952 5593 ,
1006 5526 1091 5582 cui
1124 5533 1208 5581 est
1253 5526 1396 5578 idem
1423 5538 1544 5579 esse
1579 5523 1720 5592 quod
1758 5523 1971 5587 vivere;
2007 5525 2115 5577 imo

526 5614 670 5672 idem
701 5619 881 5674 vivere
910 5615 1056 5689 quod
1085 5617 1244 5671 beate
1273 5616 1476 5669 vivere.
1508 5613 1768 5669 Creatura
1797 5629 1924 5670 vero
1957 5616 2115 5685 spiri-

2295 4899 2313 4932 ι
2347 4879 2405 4935 lu
2437 4880 2705 4952 principio
2730 4922 2744 4945 ,
2794 4900 2812 4933 ι
2848 4888 2954 4936 etc.
2997 4879 3206 4936 Caelum
3233 4895 3340 4936 non
3375 4880 3588 4937 visibile
3623 4881 3780 4938 firma

2219 4983 2482 5038 mentum,
2511 4975 2604 5029 sed
2635 4989 2971 5045 cmpyreum,
3005 4974 3060 5029 id
3086 4983 3208 5040 est,
3259 4973 3475 5045 igneum
3521 4973 3605 5028 vel
3645 4973 3809 5028 intel-

2219 5067 2466 5130 lectuale,
2499 5067 2642 5137 quod
2672 5083 2777 5121 non
2806 5068 2875 5120 ab
2896 5069 3092 5122 ardore
3114 5108 3129 5134 ,
3168 5068 3263 5123 sed
3291 5084 3320 5122 a
3351 5068 3638 5139 splendore
3669 5068 3808 5122 dici-

2220 5169 2325 5224 tur,
2362 5161 2504 5228 quod
2532 5160 2714 5214 statim
2749 5159 3012 5232 repletum
3042 5169 3127 5215 est
3165 5160 3386 5232 angelis.
3422 5159 3576 5216 Unde
3615 5159 3670 5214 in
3707 5157 3810 5214 Job

2223 5266 2428 5304 xxxvut
2459 5268 2470 5303 :
2508 5270 2525 5300 ι
2561 5251 2660 5305 Ubi
2686 5267 2812 5306 eras
2845 5268 2966 5307 cum
3008 5266 3094 5306 me
3137 5251 3420 5308 laudarent
3463 5258 3610 5309 astra
3633 5260 3810 5306 matu-

2229 5359 2248 5392 ι
2289 5341 2420 5405 tina,
2460 5361 2476 5393 ι
2512 5350 2619 5396 etc.
2653 5343 2719 5396 Et
2763 5351 2889 5396 nota
2937 5343 3040 5396 tria
3093 5342 3182 5398 hic
3232 5342 3648 5398 commemorari
3698 5341 3810 5397 ele-

2223 5441 2423 5488 menta.
2463 5433 2688 5490 Nomine
2727 5435 2848 5492 (εωιί
2879 5476 2893 5500 ,
2941 5449 3120 5490 aerem
3166 5435 3530 5508 intelligimus.
3579 5431 3811 5490 Nomine

2223 5533 2403 5590 terraa,
2439 5526 2607 5596 ipsam
2639 5537 2694 5581 et
2731 5527 2907 5597 ignem
2960 5527 3053 5595 qui
3105 5527 3160 5581 in
3214 5542 3278 5582 ea
3325 5526 3476 5582 latet.
3511 5524 3811 5594 Quarti,“

2221 5627 2321 5681 est,
2349 5633 2501 5688 aqua:
2534 5622 2587 5672 in
2619 5619 2969 5690 sequentibus
3001 5616 3061 5671 ﬁt
3089 5617 3312 5674 mentio.

602 5767 629 5797 ι
656 5753 1164 5812 Revocatur'lector
1190 5753 1256 5809 ad
1290 5764 1467 5808 tomos
1491 5753 1815 5824 I’all‘ologitc
1847 5763 2064 5808 nostrre.
2091 5752 2250 5808 Eon.
