4074 6334
308 332 381 395 69
1380 332 1646 395 GLOSSA
1685 335 2086 393 0RDINARIA.
2125 369 2195 415 τ-
2232 340 2361 397 LIB.
2402 340 2563 398 GEN.
3526 352 3607 411 70

381 451 633 527 (Ancum.
673 450 732 511 in
774 446 907 507 Gen.
944 457 1074 509 tom.
1100 448 1168 524 Ι.)
1205 468 1225 503 r
1256 449 1318 507 1n
1346 452 1635 525 principio.
1666 474 1686 507 ι
1717 453 1855 510 Filio
1875 494 1895 519 ,
1926 456 1974 519 Α
2000 455 2197 523 quibus
2226 456 2332 512 alia
2355 457 2462 512 duo
2489 456 2695 513 inserta
2725 466 2875 527 sunt,
2901 475 3068 535 aqua,
3092 464 3321 534 scilicet,
3344 475 3400 523 et
3419 476 3594 538 terra,

307 561 419 617 quo
444 544 746 599 humanam
769 543 947 614 patuit
969 542 1063 613 qui
1102 550 1287 598 essent
1329 544 1601 612 crelestes,
1642 545 1735 616 qui
1794 554 1901 601 ter-
2002 548 2198 617 quibus
2236 549 2423 604 insunt
2459 550 2597 620 ignis
2634 560 2689 606 et
2737 568 2850 609 aer.
2882 553 3051 624 Aquae
3082 566 3263 612 autem
3301 567 3466 616 totam
3497 578 3596 619 su-

310 641 449 696 reni.
478 638 712 704 Caelum,
744 648 993 694 creatura
1022 636 1322 708 spiritualis
1347 678 1363 705 ,
1388 628 1471 695 'ab
1518 640 1740 695 exordio
1782 655 1901 709 per—
1997 639 2275 708 perficiem
2304 650 2465 697 terrae
2494 651 2644 698 tanta
2674 643 2960 703 altitudine
2987 649 3261 719 tegebant,
3285 658 3346 706 ut
3374 653 3445 709 ad
3473 653 3597 713 illos

306 731 451 787 fecta
498 737 553 786 et
597 729 781 784 beata.
832 727 1043 817 Terra,
1097 726 1398 798 corporalis
1436 728 1693 785 materies
1720 729 1897 785 adhuc
1998 748 2172 804 usque
2202 735 2349 791 locos
2370 738 2766 809 pertingerent,
2806 726 2898 795 ubi
2926 758 3070 799 nunc
3090 757 3264 813 usque
3300 759 3465 817 super
3496 746 3594 803 ﬁr-

306 817 649 889 imperfecta.
679 817 912 884 (Icelum,
952 816 1240 877 informem
1288 819 1572 877 materiam
1600 820 1897 890 spiritualis
1999 834 2337 881 mamentum
2391 828 2591 898 partim
2648 830 2909 889 resident.
2960 831 3080 902 Ipsa
3130 844 3312 890 autem
3352 816 3499 893 terra
3539 846 3598 895 et

304 912 453 977 vitae,
497 911 641 967 sicut
688 911 743 966 in
785 927 844 968 se
884 918 1067 989 potest
1107 911 1345 968 existere
1374 927 1481 967 non
1512 927 1776 968 conversa
1827 911 1899 969 ad
1999 930 2143 985 aqua
2188 915 2443 973 informis
2471 918 2726 977 dicuntur
2756 922 2987 979 materia
3010 963 3026 992 ,
3079 926 3208 996 quia
3247 931 3431 987 omnia
3470 944 3593 1000 quas

302 1000 621 1060 Creatorem
662 1004 717 1086 in
766 1019 874 1075 quo
916 1003 1201 1059 formatur.
1242 1004 1486 1069 Terram,
1516 1006 1851 1076 corporalem
1876 1046 1893 1073 ,
1995 1008 2266 1075 videmus,
2286 1009 2372 1064 vel
2413 1011 2643 1067 ex'istis
2683 1024 3029 1084 sumpserunt
3065 1018 3371 1086 exordium,
3410 1019 3587 1077 vels!

302 1099 424 1155 sine
453 1099 604 1155 omni
636 1084 901 1170 qualitate
942 1115 1065 1173 quae
1110 1107 1339 1171 apparet
1392 1099 1448 1154 in
1502 1099 1730 1155 materia
1785 1097 1895 1155 for-

292 1201 475 1248 mata.

375 1282 545 1355 (BI-20A
578 1284 634 1339 in
659 1281 817 1349 Gen.,
850 1292 983 1340 tom.
1016 1284 1080 1351 Il,
1111 1283 1215 1339 col.
1246 1282 1394 1354 191.)
1442 1281 1719 1357 Scriptura
1768 1285 1846 1340 ait
1874 1302 1889 1341 :

307 1396 329 1429 ι
365 1375 468 1443 Qui
492 1374 669 1431 fecisti
701 1376 961 1431 mundum
983 1377 1049 1431 de
1076 1376 1304 1432 materia
1328 1375 1546 1432 informi
1577 1375 1727 1449 (Sap.
1750 1375 1885 1449 11).»

299 1469 528 1525 Materia
563 1469 705 1525 facta
742 1477 828 1525 est
868 1469 937 1526 de
973 1469 1163 1524 nihilo.
1205 1468 1427 1540 Species
1461 1471 1644 1526 mundi
1677 1471 1745 1527 de
1773 1486 1890 1526 ma-

302 1566 438 1617 teria
464 1559 706 1619 informi.
730 1560 966 1617 Proinde
992 1562 1127 1619 duas
1154 1577 1243 1617 res
1264 1559 1393 1618 fecit
1416 1560 1560 1617 Deus
1579 1569 1705 1617 ante
1730 1577 1891 1621 cunne

299 1661 537 1724 tempus,
584 1651 886 1723 angelicam
931 1659 1239 1707 creaturam
1293 1660 1349 1707 et
1384 1652 1673 1709 materiam
1720 1652 1891 1709 infor-

297 1758 464 1800 mem.
506 1741 765 1812 Quamvis
792 1742 936 1798 enim
970 1741 1224 1799 Salomon
1251 1744 1398 1799 dicat
1432 1761 1445 1797 :
1482 1762 1501 1796 ι
1538 1743 1641 1813 Qui
1668 1745 1802 1801 vivit
1830 1745 1889 1800 in

301 1852 325 1886 ε
360 1848 647 1901 aeternum,
678 1833 883 1891 creavit
910 1834 1095 1891 omnia
1124 1834 1286 1891 simul
1328 1834 1521 1907 (Eccli.
1572 1834 1754 1909 xviri),
1797 1851 1886 1893 se-

294 1928 534 1985 cundum
576 1928 842 2000 originem
890 1937 1073 1986 tamen
1126 1928 1375 1984 informis
1428 1929 1688 1987 materies
1735 1937 1889 1987 ante-

293 2023 447 2079 cedit
474 2022 766 2080 formatam
795 2023 1055 2095 speciem.
1100 2022 1286 2095 ltaque
1322 2025 1602 2092 mundum,
1631 2032 1687 2080 et
1718 2039 1887 2096 auge-

291 2117 383 2173 los
407 2157 424 2182 ,
463 2126 518 2173 et
547 2117 781 2172 animam
810 2117 879 2173 de
920 2116 1090 2172 nihilo
1140 2115 1272 2175 fecit
1303 2117 1447 2173 Deus
1473 2132 1488 2173 :
1522 2118 1801 2174 hominem
1832 2125 1892 2173 et

289 2218 580 2268 ereaturas
611 2220 839 2267 caeteras
864 2211 931 2266 de
961 2210 1168 2281 aliquo.

367 2302 561 2375 (Ibid.,
587 2303 692 2359 col.
725 2302 875 2376 192.)
904 2301 1122 2373 Septem
1150 2310 1278 2357 sunt
1303 2300 1427 2357 cmli
1456 2342 1471 2369 ,
1512 2315 1743 2373 quorum
1770 2300 1889 2357 haec

287 2404 419 2451 sunt
471 2395 715 2461 nomina,
769 2409 899 2467 aer,
946 2394 1155 2459 aether,
1200 2392 1467 2465 Olympus,
1524 2393 1759 2464 spatium
1802 2391 1889 2449 vel

287 2487 532 2560 igneum,
558 2487 977 2549 firmamentum,
1008 2485 1204 2541 ccelum
1238 2484 1587 2557 angelorum,
1622 2493 1678 2540 et
1707 2484 1887 2541 Trini-

284 2580 441 2635 tatis.
472 2578 835 2651 Hieronymus
864 2586 1046 2635 autem
1072 2577 1202 2635 dicit
1225 2577 1426 2633 coelum
1456 2574 1744 2631 Trinitatis
1768 2574 1883 2645 pri-

284 2686 461 2736 mum,
487 2670 789 2725 secundum
819 2669 1168 2740 angelorum,
1200 2668 1421 2722 tertium
1458 2665 1881 2721 firmamentum.

358 2760 604 2833 Hystice.
635 2779 655 2812 ς
690 2760 751 2817 In
778 2760 1046 2832 principio
1072 2758 1281 2815 creavit
1301 2759 1444 2814 Deus
1472 2757 1694 2814 coelum.
1728 2776 1747 2809 ι
1777 2755 1886 2812 Eos

283 2854 495 2931 scilicet
552 2855 646 2926 qui
695 2853 933 2911 caelestis
975 2854 1271 2925 imaginem
1321 2860 1694 2925 portaverunt.
1749 2869 1768 2903 ι
1817 2849 1886 2907 Et

288 2977 308 3009 ι
342 2962 566 3021 terram,
599 2966 619 3007 μ
662 2945 727 3009 id
746 2952 831 3009 est
859 2960 957 3002 eos
984 2944 1078 3019 qui
1106 2952 1298 3016 postea
1329 2941 1693 3015 superbiendo
1718 2982 1735 3010 ,
1772 2950 1884 2998 ter-

285 3066 427 3118 ram,
454 3050 510 3107 id
531 3057 619 3104 est
648 3048 851 3104 terreni
878 3046 1114 3103 hominis
1136 3038 1454 3116 imaginem,
1482 3045 1783 3115 portantes»
1822 3051 1882 3093 se

282 3151 535 3199 iecerunt
554 3140 843 3198 deformes.
873 3159 891 3192 ι
926 3137 1095 3194 Terra
1121 3145 1301 3193 autem
1325 3144 1445 3191 erat
1475 3135 1669 3199 inanis,
1699 3153 1718 3186 ι
1746 3128 1883 3205 quia

236 3292 243 3306 ,
283 3237 613 3308 deposuerat
659 3232 891 3289 formam
946 3231 1167 3288 bonam.
1230 3250 1248 3281 ι
1296 3229 1365 3285 Et
1413 3243 1617 3294 vacua,
1666 3248 1684 3279 ι
1749 3226 1875 3282 boni

240 3332 467 3402 Ioperis
494 3338 696 3384 rructu.
743 3347 763 3381 ι
806 3327 873 3383 Et
913 3327 1152 3383 tenebrae
1193 3332 1385 3390 erant,
1438 3343 1457 3376 ι
1511 3322 1624 3378 veri
1668 3320 1877 3377 scilicet

284 3421 507 3476 luminis
541 3419 809 3494 privatio;
867 3436 886 3469 ‹
919 3431 1086 3489 super
1131 3414 1326 3471 faciem
1386 3413 1611 3486 abyssi,
1655 3434 1675 3465 ι
1710 3413 1873 3469 corda

283 3511 497 3568 scilicet
523 3511 903 3583 superborum.
1258 3530 1265 3537 -

356 3604 525 3660 Vens.
565 3601 619 3657 ε.
647 3631 721 3642 —
751 3618 770 3653 ι
804 3599 973 3655 Terra
1035 3606 1215 3654 autem
1263 3605 1381 3653 erat
1444 3596 1620 3651 inanis
1644 3636 1659 3660 ,
1696 3615 1714 3648 ι
1763 3603 1870 3650 etc.

285 3694 478 3768 (Beas,
506 3691 764 3747 Romam.
807 3700 943 3746 tom.
970 3688 1062 3763 ll.)
1099 3689 1251 3758 Quod
1282 3688 1365 3743 vel
1392 3689 1550 3758 quale
1586 3687 1782 3742 omium
1818 3686 1872 3741 in

284 3784 553 3859 principio
573 3798 695 3839 cum
731 3792 877 3839 terra
906 3781 1111 3837 factum
1140 3789 1240 3843 est,
1282 3779 1537 3837 ostendit.
1577 3777 1690 3835 Hoc
1728 3779 1873 3833 enim

285 3881 353 3935 de
382 3888 529 3933 terra
560 3876 765 3942 subdit,
798 3876 940 3947 quod
979 3874 1046 3933 de
1075 3873 1215 3931 caelo
1256 3874 1480 3946 intelligi
1520 3873 1713 3930 noluit.
1758 3874 1874 3931 Hoc

285 3972 431 4028 enim
483 3970 753 4043 superius
779 3970 979 4026 corium
1033 3967 1181 4038 quod
1225 3982 1255 4025 a
1298 3966 1633 4024 volubilitate
1686 3967 1872 4022 mundi

285 4071 559 4121 secretum
591 4069 705 4127 est,
737 4076 862 4117 mox
893 4069 953 4116 ut
979 4068 1223 4116 creatum
1257 4067 1381 4127 est,
1416 4059 1620 4115 sanctis
1666 4058 1874 4130 angelis

284 4163 369 4209 est
397 4152 675 4229 impletum
702 4170 717 4207 ε
751 4167 887 4223 quos
913 4151 966 4207 in
996 4149 1263 4221 principio
1291 4165 1414 4206 cum
1442 4150 1583 4206 cosio
1624 4157 1681 4206 et
1729 4159 1873 4207 terra

284 4246 535 4300 conditos
602 4254 830 4301 testatur
888 4244 1150 4299 Dominus
1223 4243 1411 4301 dicens
1471 4242 1572 4299 Job
1620 4258 1868 4299 xxxvm:

290 4358 310 4390 ι
349 4338 452 4395 Ubi
490 4352 617 4394 eras
645 4352 768 4393 cum
810 4352 900 4392 me
940 4337 1225 4391 laudarent
1259 4346 1405 4391 astra
1453 4337 1719 4393 matutina
1751 4379 1766 4405 ,
1816 4345 1873 4393 et

289 4450 309 4484 ι
336 4429 640 4500 jubilareut
672 4445 860 4487 omnes
904 4428 997 4485 ﬁlii
1028 4429 1161 4487 Dei?
1194 4450 1212 4481 ι
1241 4428 1403 4485 Astra
1439 4431 1706 4487 matutina
1751 4446 1873 4488 eos-

1994 1099 2166 1157 nihilo
2197 1120 2208 1155 :
2247 1109 2305 1159 et
2346 1103 2663 1174 priusquam
2696 1107 2751 1163 in
2777 1107 2953 1165 lucem
2999 1110 3269 1179 venirent,
3310 1126 3421 1169 non
3463 1119 3591 1173 erat

1995 1194 2138 1249 unde
2165 1193 2398 1251 formam
2425 1197 2711 1255 haberent.

2072 1324 2091 1358 σ
2127 1306 2194 1361 Et
2243 1306 2482 1379 Spiritus
2535 1309 2750 1366 Domini
2802 1310 3080 1369 ferebatur
3134 1328 3298 1387 super
3326 1331 3515 1388 aquas.
3563 1337 3585 1373 ι

1994 1396 2178 1469 (Aura,
2209 1399 2304 1455 lib.
2338 1415 2357 1455 ι
2388 1400 2457 1454 de
2487 1397 2619 1456 Gen.
2650 1402 2720 1459 ad
2745 1401 2851 1469 lin,
2880 1418 2932 1459 c.
2963 1404 3017 1470 5,
3036 1413 3169 1461 tom.
3205 1406 3317 1477 lli.)
3347 1406 3475 1464 Sive
3502 1418 3587 1465 to-

1994 1499 2107 1544 tam
2133 1491 2477 1562 corporalem~
2511 1493 2799 1549 materiam
2827 1510 3024 1566 aquam
3060 1498 3374 1569 appellavit,
3406 1508 3468 1558 ut
3495 1501 3585 1557 in-

1992 1584 2235 1640 sinuaret
2262 1584 2407 1642 unde
2436 1585 2579 1645 facta
2621 1595 2676 1643 et
2719 1586 2952 1644 formata
2995 1598 3123 1644 sunt
3153 1592 3337 1646 omnia
3362 1606 3484 1663 quae
3516 1607 3589 1649 ex

1991 1677 2213 1733 humida
2251 1686 2445 1733 natura
2472 1693 2571 1748 per
2604 1680 2818 1750 species
2842 1680 3023 1736 varias
3069 1680 3125 1735 in
3172 1690 3319 1749 terra
3359 1682 3585 1739 formari

1992 1768 2272 1835 videmus;
2308 1770 2424 1825 sive
2451 1770 2793 1840 spiritualem
2831 1772 3000 1827 vitam
3052 1783 3180 1829 ante
3216 1775 3592 1832 conversionis

1992 1860 2225 1917 formam
2252 1864 2408 1935 quasi
2452 1862 2775 1920 ﬂuitantem.
2825 1863 3063 1935 Spiritus
3087 1867 3184 1922 Dei
3214 1867 3592 1939 super-fereba-

1992 1965 2104 2023 tur,
2134 1958 2263 2026 quia
2293 1955 2613 2027 subjacebat
2634 1956 2793 2013 bona:
2812 1957 3085 2014 voluntati
3110 1957 3416 2027 Creatoris,
3442 1963 3592 2032 quod

1989 2045 2335 2109 faunandum
2365 2055 2420 2102 et
2438 2048 2830 2118 perﬁciendum
2854 2047 3226 2105 inchoaverat.
3260 2049 3475 2109 Dictum
3505 2059 3591 2108 est

1988 2140 2156 2195 etiam
2197 2157 2216 2190 r
2252 2138 2489 2210 Spiritus
2541 2139 2757 2195 Domini
2802 2137 3091 2195 ferebatur
3123 2156 3288 2212 super
3335 2158 3528 2213 aquas.
3559 2162 3581 2196 ι

1989 2231 2069 2288 Ne
2093 2232 2345 2289 faciendo
2370 2248 2538 2304 opera
2575 2234 2759 2304 potius
2794 2249 2894 2305 per
2923 2234 3309 2291 necessitatem
3338 2233 3588 2306 indigen-

1989 2329 2079 2385 tiae
2098 2342 2261 2399 quam
2288 2343 2387 2401 per
2407 2329 2795 2385 abundantiam
2814 2327 3189 2384 beneﬁcentia:
3218 2328 3361 2383 Deus
3395 2340 3585 2382 amare

1986 2431 2291 2495 putaretur.
2322 2424 2618 2480 Commode
2660 2423 2804 2478 enim
2838 2421 2989 2493 prius
3026 2420 3335 2477 insinuatur
3375 2418 3585 2489 aliquid

1988 2515 2300 2572 inchoatum
2326 2557 2341 2583 ,
2375 2517 2463 2572 cui
2494 2512 2894 2587 super-ferretur
2919 2532 2933 2568 :
2960 2526 3067 2570 non
3097 2513 3241 2581 loco,
3270 2513 3367 2570 sed
3399 2513 3582 2570 omnia

1988 2618 2278 2680 superante
2307 2609 2573 2680 potentia.

2063 2741 2083 2773 ε
2131 2721 2199 2777 Et
2229 2720 2464 2793 Spiritus
2502 2721 2718 2777 Domini
2766 2719 3046 2777 ferebatur
3070 2761 3084 2788 ,
3120 2738 3141 2772 ι
3183 2726 3292 2776 etc.
3326 2714 3578 2792 (Ηιειιοκ.

1985 2815 2041 2869 in
2068 2811 2197 2869 Gen.
2229 2822 2270 2872 t.
2300 2812 2369 2869 ill
2392 2856 2406 2881 ,
2433 2814 2537 2871 col.
2570 2813 2722 2888 939.)
2766 2813 2825 2869 l-n
2876 2813 3105 2870 Hebraeo
3144 2812 3313 2869 habet
3368 2822 3583 2884 nam

1983 2904 2336 2978 merahephet,
2368 2905 2423 2960 id
2452 2913 2554 2971 est,
2580 2905 2895 2971 incubabat,
2925 2904 3013 2961 vel
3044 2904 3281 2972 fovebat,
3303 2920 3461 2961 more
3486 2919 3579 2960 vo-

1984 2995 2152 3053 lucris
2180 3012 2280 3052 ova
2326 2997 2508 3052 calore
2548 2997 2861 3052 animantis.
2899 2996 3257 3068 lntelligimus
3296 3011 3427 3069 ergo
3470 3012 3578 3054 non

1983 3089 2050 3145 de
2075 3090 2268 3160 spiritu
2296 3091 2484 3146 mundi
2511 3090 2640 3156 dici,
2671 3099 2729 3146 ut
2775 3099 2969 3162 putant
2999 3090 3188 3159 multi;
3219 3090 3313 3147 sed
3360 3091 3427 3147 de
3456 3089 3579 3163 Spi-

1904 3192 1951 3257 C
1980 3182 2089 3242 ri‘tu
2122 3191 2310 3244 sancto
2337 3225 2350 3251 ,
2384 3183 2476 3254 qui
2506 3192 2563 3238 et
2592 3184 2706 3254 ipse
2739 3191 2824 3239 est
2860 3183 3102 3238 omnium
3154 3181 3461 3238 viviﬂcator
3487 3200 3501 3237 :
3530 3182 3577 3238 si

1979 3292 2164 3335 autem
2192 3275 2518 3349 viviﬁcator,
2562 3275 2927 3349 etconditor;
2960 3274 3305 3344 sicondltor,
3328 3283 3385 3332 et
3406 3274 3572 3333 Deus.

1976 3371 2121 3428 Psal.
2173 3388 2266 3428 cm
2304 3392 2315 3426 :
2352 3392 2370 3425 ι
2408 3372 2633 3438 Emitte,
2686 3371 2780 3437 ait,
2823 3369 3089 3442 Spiritum
3136 3378 3287 3425 tuum
3313 3376 3370 3426 et
3406 3383 3567 3426 crea-

1984 3483 2003 3515 r
2034 3464 2255 3519 buntur.
2287 3484 2306 3517 ι

2051 3593 2070 3625 ι
2102 3575 2167 3629 Et
2195 3574 2485 3644 Spiritus,»
2519 3583 2625 3630 etc.
2658 3573 2717 3629 In
2748 3564 2863 3645 quo
2883 3572 3240 3630 subsistentes
3264 3572 3573 3646 requiesce-

1976 3682 2160 3722 remus
2194 3667 2325 3721 ﬂatu
2358 3666 2476 3736 ejus
2504 3655 2784 3733 vivificati,
2814 3675 2868 3723 et
2905 3667 3056 3723 unda’
3082 3666 3341 3740 baptismi
3375 3668 3568 3725 abluti.

1981 3777 2000 3811 ι
2035 3758 2101 3813 Et
2132 3757 2371 3829 Spiritus
2404 3759 2617 3815 Domini
2652 3760 2927 3817 ferebatur
2952 3777 3116 3834 super
3151 3776 3357 3833 aquas,
3397 3782 3418 3816 ι
3458 3772 3568 3821 etc.

1976 3851 2130 3906 Sicut
2178 3853 2319 3907 Deus
2342 3894 2356 3919 ,
2394 3850 2604 3909 scilicet
2640 3862 2695 3908 et
2732 3854 3014 3922 conditor,
3066 3863 3303 3931 praeerat
3335 3854 3573 3919 ﬂuitanti
3596 3892 3609 3899 υ

1973 3951 2029 3999 et
2049 3942 2286 3999 confusa:
2316 3944 2597 4011 materiei,
2641 3954 2701 4001 ut
2747 3946 3104 4019 distingueret
3129 3948 3345 4019 quando
3384 3947 3566 4007 vellet.

1975 4033 2109 4090 Tota
2140 4051 2270 4106 ergo
2293 4034 2533 4092 Trinitas
2576 4037 2663 4093 hic
2708 4048 2934 4110 operata
2984 4021 3305 4113 intelligitur
3326 4080 3344 4109 ,
3375 4042 3520 4098 Deus
3548 4082 3567 4110 ,

1972 4126 2136 4183 Pater
2197 4126 2433 4195 scilicet;
2487 4130 2842 4203 principium,
2903 4124 3104 4200 Filius;
3150 4131 3388 4204 Spiritus
3431 4133 3565 4203 Dei,

1976 4215 2213 4289 Spiritus
2252 4226 2494 4275 sanctus.

2049 4353 2067 4385 ι
2098 4334 2166 4389 Ει
2193 4333 2430 4405 Spiritus
2453 4374 2469 4399 ,
2501 4353 2521 4385 ι
2558 4340 2667 4389 etc.
2702 4332 2880 4406 (lsm.,
2910 4334 2967 4389 in
3004 4331 3136 4389 Gen.
3167 4332 3224 4406 2)
3255 4331 3435 4391 Corda
3459 4333 3569 4391 sci-

1971 4426 2101 4484 licet
2130 4426 2468 4492 ﬂuctuantia,
2522 4441 2642 4497 quae
2694 4426 2895 4483 mentis
2943 4426 3180 4496 quietem
3220 4425 3566 4495 amiserant,

284 4525 406 4581 dem
440 4523 664 4596 angelos
698 4532 753 4580 et
799 4523 936 4579 filios
977 4524 1074 4579 Dei
1113 4532 1293 4579 vocat.
1324 4523 1402 4579 De
1427 4524 1579 4589 ,cmlo
1629 4525 1775 4581 enim
1816 4526 1868 4580 in
1898 4557 1949 4616 Β
1973 4521 2098 4589 quia
2129 4519 2211 4574 eis
2237 4519 2462 4616 spiritus
2514 4532 2624 4573 non
2680 4516 3040 4616 innitebaturi
3072 4516 3171 4616 sed
3196 4517 3570 4616 superfereba-

282 4634 391 4689 quo
434 4617 610 4687 posita
661 4623 786 4671 sunt
825 4615 1152 4681 luminaria,
1203 4616 1475 4687 quomodo
1518 4616 1605 4670 vel
1654 4615 1873 4686 quando

280 4707 489 4766 factum
520 4708 594 4765 sit
616 4715 805 4779 postea
841 4707 992 4763 dicit.

353 4800 608 4873 (Suram)
640 4818 659 4851 r
694 4799 877 4855 Inanis
907 4807 965 4855 et
991 4815 1179 4855 vacua.
1220 4819 1238 4853 ι
1270 4799 1481 4856 Inutilis
1521 4798 1770 4865 scilicet,
1815 4811 1872 4857 et

202 4868 252 4965 ᾖ
282 4868 639 4957 infructuosa,
692 4898 748 4947 et
781 4890 1159 4960 incomposita.
1197 4889 1392 4947 Omnia
1422 4891 1567 4947 enim
1598 4890 1867 4947 elementa
1914 4960 1919 4967 ν

246 4966 257 4974 ι

279 4978 863 5048 commixta,confusa,
883 4989 938 5035 et
964 4988 1136 5035 totum
1161 4980 1264 5035 hoc
1292 4980 1437 5035 aeris
1455 4979 1690 5051 spatium
1713 4980 1869 5051 aquis

276 5073 530 5146 plenum;
589 5088 697 5128 non
737 5072 928 5145 quales
975 5087 1118 5128 nunc
1161 5080 1306 5138 sunt,
1341 5075 1437 5129 sed
1475 5073 1618 5129 sicut
1660 5071 1869 5147 nebula)

276 5177 471 5225 tenues
497 5175 674 5233 erant,
704 5167 893 5238 quales
916 5166 1093 5225 adhuc
1120 5166 1534 5239 supercmlestes
1551 5173 1698 5222 sunt.

349 5259 523 5331 (Bent
572 5258 664 5315 ubi
718 5258 925 5331 supra.)
959 5278 979 5312 ι
1016 5258 1277 5314 Tenebrae
1320 5264 1512 5324 erant,
1550 5276 1569 5309 ι
1612 5265 1718 5313 etc.
1748 5255 1867 5312 Non

273 5363 405 5410 sunt
428 5351 685 5410 audiendi
712 5352 806 5423 qui
828 5350 1269 5423 reprehendendo
1294 5350 1478 5407 dicunt
1510 5350 1679 5411 Deum
1713 5349 1866 5421 prius

273 5460 501 5501 creasse
523 5446 780 5501 tenebras
806 5460 971 5516 quam
999 5444 1175 5501 lucem
1210 5461 1224 5498 ι
1256 5442 1383 5513 quia
1413 5442 1587 5499 nullas
1616 5442 1671 5497 in
1701 5456 1867 5512 aqua,

271 5536 361 5596 vel
406 5552 537 5595 aere
578 5536 708 5593 fecit
746 5536 1030 5603 tenebras;
1062 5536 1159 5593 sed
1195 5534 1452 5590 distincto
1477 5534 1665 5590 ordine
1692 5533 1871 5604 provi-

273 5627 477 5686 dentiae
505 5629 661 5701 prius
703 5644 874 5700 aquas
908 5644 1031 5685 cum
1070 5627 1211 5685 coelo
1254 5627 1480 5693 creavit,
1508 5636 1564 5681 et
1613 5635 1780 5689 terra.
1813 5635 1869 5682 et

271 5721 370 5777 has
399 5738 525 5778 cum
554 5721 725 5777 voluit
752 5721 889 5777 lucis
917 5719 1090 5791 gratia
1116 5719 1443 5773 venustavit.
1481 5718 1546 5772 Et
1570 5717 1866 5772 notandum

270 5818 417 5886 quod
453 5832 580 5874 cum
609 5815 751 5873 ctelo
796 5815 903 5870 duo
946 5813 1217 5870 elementa
1260 5811 1445 5869 mundi
1484 5820 1667 5868 creata
1699 5819 1866 5877 sunt,

1982 4620 2070 4666 tur
2101 4631 2114 4664 :
2146 4611 2302 4681 quasi
2344 4619 2537 4680 potens
2565 4617 2816 4664 naturam
2847 4623 2880 4664 a
2907 4607 3227 4666 confusione
3265 4609 3321 4667 in
3370 4609 3567 4669 melius

1978 4718 2258 4761 revocare.
2296 4702 2501 4757 Deinde
2529 4716 2628 4771 per
2654 4708 2826 4759 totum
2854 4700 3015 4772 hujus
3039 4699 3336 4772 Scriptum
3359 4708 3567 4757 textum

1977 4812 2074 4854 sex
2111 4798 2373 4869 quasdam
2413 4810 2673 4866 operosus
2713 4803 2902 4851 anates
2938 4794 3205 4861 videmus,
3235 4793 3363 4853 licet
3408 4793 3569 4865 quasi

1975 4892 2242 4963 proximis
2272 4890 2539 4947 limitibus
2570 4889 2890 4956 distinctas,
2931 4895 2991 4944 ut
3036 4889 3095 4944 in
3130 4888 3366 4959 septima
3407 4889 3567 4959 quies

1974 4992 2256 5053 speretur;
2289 4990 2347 5038 et
2371 4995 2467 5038 eas
2499 4981 2701 5039 habere
2734 4980 3147 5039 similitudinem
3176 4996 3274 5037 sex
3307 4980 3519 5038 dierum
3542 5020 3563 5050 ,

1973 5077 2171 5147 quibus
2206 5090 2269 5131 ea
2301 5075 2443 5132 facta
2474 5085 2602 5131 sunt
2628 5115 2647 5143 ,
2685 5089 2807 5146 quae
2840 5074 3013 5131 Deum
3052 5072 3249 5131 fecisse
3277 5071 3565 5146 Scriptura

1971 5176 2385 5227 commemorat.
2444 5167 2810 5226 Primordium
2857 5166 3005 5225 enim
3039 5166 3256 5237 generis
3293 5167 3561 5234 humani,

1971 5275 2083 5330 quo
2108 5259 2211 5314 ista
2236 5259 2358 5317 luce
2384 5257 2490 5315 frui
2522 5260 2709 5330 coepit,
2741 5267 3091 5330 comparatur
3114 5261 3295 5331 primo
3320 5259 3427 5319 diei
3454 5273 3563 5330 quo

1969 5348 2147 5406 lucem
2183 5350 2326 5407 Deus
2380 5348 2527 5407 fecit.
2579 5350 2708 5407 Hac
2740 5358 2877 5408 mtas
2916 5358 3173 5421 tanquam
3211 5349 3439 5407 infantia
3476 5355 3564 5407 est

1970 5444 2138 5501 tutius
2163 5444 2368 5510 muli,
2399 5445 2544 5515 quod
2589 5452 2847 5516 tanquam
2894 5458 3063 5501 unum
3115 5443 3396 5499 hominem
3436 5455 3563 5511 pro-

1964 5538 2217 5611 portione
2267 5540 2658 5610 magnitudinis
2703 5553 2816 5595 sure
2858 5538 3181 5610 cogitamus.
3213 5536 3387 5592 Homo
3410 5537 3559 5591 enim

1969 5646 2095 5686 cum
2142 5632 2319 5701 primo
2356 5631 2603 5687 nascitur
2631 5631 2689 5685 in
2722 5630 2901 5689 lucem
2924 5672 2941 5697 ,
2974 5629 3259 5686 infantiam
3304 5627 3414 5699 agit
3448 5629 3561 5700 pri-

1968 5737 2114 5777 mam
2144 5729 2380 5785 mtatem,
2423 5737 2544 5792 quae
2583 5722 2756 5777 tendit
2791 5723 2860 5777 ab
2898 5721 3071 5777 Adam
3106 5734 3279 5789 usque
3327 5719 3395 5775 ad
3444 5719 3560 5777 Noe

1968 5817 2410 5889 generationibus
2429 5816 2617 5873 decem
2648 5834 2661 5870 :
2690 5816 2953 5873 diluvium
2973 5813 3128 5883 quasi
3151 5828 3378 5901 vespera
3400 5812 3561 5884 hujus
