4074 6334
451 357 511 409 71
987 338 1383 399 WkLAFRlDi
1420 334 1669 392 STRABl
1711 329 1915 387 FULD.
1959 326 2125 384 MON.
2167 325 2318 383 OPP.
2359 325 2542 384 PARS
2578 324 2620 380 1.
2657 307 2727 365 σὲ
2765 320 3222 380 THEOLOGICA.
3663 327 3734 384 72

449 464 555 522 diei
593 470 679 520 est
703 499 724 530 ,
755 459 886 534 quia
915 456 1147 514 infamia
1173 461 1358 508 nostra
1391 447 1679 505 oblivionis
1705 443 1906 500 diluvio
1941 444 2036 497 de-
2060 443 2114 504 Α
2138 439 2296 503 ritur,
2319 447 2378 492 ut
2403 438 2455 492 in
2477 439 2589 509 ipsa
2617 438 2939 495 inconcusse
2959 448 3272 494 maneatur:
3297 440 3425 510 quia
3449 441 3494 495 si
3519 440 3733 514 culpam

453 559 686 702 Iasius.
714 646 768 701 5.
790 673 856 684 --
889 662 907 695 ι
939 639 1192 709 Dixitque
1218 637 1360 692 Deus
1387 653 1401 689 :
1424 633 1548 689 Fiat
1569 631 1680 686 lux.
1705 651 1723 681 ι
1757 628 1938 702 (Auc.,
1971 626 2036 680 de

451 738 583 795 Gen.
613 739 681 792 ad
712 736 841 800 liu.,
867 734 962 789 lib.
999 748 1052 798 ι,
1080 746 1132 786 c.
1163 728 1229 784 17
1253 768 1270 794 ,
1303 737 1435 782 tom.
1461 723 1573 795 111.)
1604 722 1722 778 Lux
1751 721 1926 792 primo
1950 718 2038 774 die

451 830 594 886 facta
648 825 946 898 spiritualis
990 821 1075 877 vel
1125 817 1424 888 corporalis
1476 813 1821 883 intelligitur,
1882 816 2032 898 etc.,

457 937 616 993 usque
663 895 732 972 da
780 930 939 973 mane
984 911 1154 968 futuri
1196 906 1488 963 inchoatio.
1526 903 1714 975 (BEDA,
1753 895 2036 968 Hexaem.)

457 1014 514 1069 Si
545 1019 728 1068 autem
747 1008 925 1078 primo
947 1005 1034 1061 die
1063 999 1361 1072 corporalis
1387 997 1478 1052 lux
1505 994 1646 1051 facta
1674 1001 1778 1058 est,
1803 1001 2041 1062 congrue

457 1105 643 1161 mundi
670 1109 893 1157 ornatus
920 1115 950 1152 a
979 1097 1100 1151 luce
1132 1093 1422 1148 inchoatur
1444 1130 1458 1156 ,
1487 1087 1629 1142 unde
1657 1093 1885 1149 caetera,
1917 1095 2041 1152 quae

455 1195 691 1254 creanda
720 1199 900 1255 erant,
935 1188 1277 1243 videbantur.
1309 1180 1367 1236 Si
1403 1188 1581 1235 autem
1620 1176 1901 1248 quaeritur,
1948 1171 2042 1226 ubi

458 1296 542 1344 est
584 1286 764 1348 facta,
812 1296 937 1337 cum
981 1280 1208 1350 abyssus
1252 1288 1467 1330 omnem
1505 1280 1667 1326 terra:
1703 1266 2042 1322 altitudinem

460 1377 704 1451 tegeret?
751 1383 901 1444 patet
943 1371 1087 1442 quod
1146 1369 1202 1424 in
1248 1366 1354 1422 illis
1389 1363 1635 1436 partibus
1661 1400 1676 1426 ,
1712 1373 1848 1428 quas
1899 1370 2044 1411 nunc

459 1449 696 1530 illustrat
719 1466 848 1522 solis
876 1465 1068 1520 diurna
1093 1463 1210 1518 lux.
1237 1459 1347 1514 Nec
1379 1458 1579 1512 mirum
1603 1455 1780 1509 lucem
1812 1453 1868 1507 in
1889 1449 2046 1522 aquis

459 1577 619 1636 posse
641 1561 845 1624 lucere,
866 1573 989 1614 cum
1012 1556 1177 1612 etiam
1199 1561 1484 1608 nautarum
1506 1548 1824 1621 Operatione
1850 1545 2048 1615 sacpius

462 1656 817 1717 illustrentur,
861 1651 954 1722 qui
997 1651 1052 1706 in
1096 1644 1366 1718 profundo
1405 1643 1610 1709 mersi,
1644 1641 1810 1696 misso
1851 1654 1919 1694 ex
1952 1652 2048 1693 ore

461 1749 602 1814 oleo,
639 1759 810 1817 aquas
836 1744 938 1800 sibi
969 1741 1245 1797 illustrant
1273 1752 1288 1792 :
1313 1752 1432 1807 quae
1461 1745 1589 1791 tunc
1613 1733 1782 1790 multo
1809 1732 2048 1789 rariores

2140 528 2408 586 rectitudo
2435 529 2708 618 eliminat,
2740 529 3084 600 cogitationis
3119 539 3319 586 nostra:
3357 531 3564 587 foribus
3599 533 3736 589 assi—

2139 624 2307 689 dens,
2338 630 2397 676 ut
2425 622 2527 677 sibi
2569 623 2875 692 aperiatur,
2917 623 3116 693 pulsat.
3162 621 3318 678 Unde
3357 623 3434 678 ait
3481 623 3729 696 Moyses:

2147 736 2165 768 ι
2192 714 2359 770 Facta
2400 722 2484 768 est
2522 713 2650 779 lux;
2696 732 2714 765 ι
2755 721 2811 768 et
2837 713 2999 784 paulo
3027 721 3184 782 post:
3226 733 3244 764 ι
3278 713 3503 770 Factum
3534 726 3620 771 est
3643 732 3737 774 ve-

2141 822 2318 878 spere.
2367 827 2385 858 ι
2434 805 2661 861 Creator
2706 804 2883 871 enim,
2930 804 3182 859 humanae
3229 805 3402 876 culpa:
3442 808 3735 878 praescius,

2146 909 2273 954 tunc
2315 899 2583 970 expressit
2633 899 2688 951 in
2739 907 2981 967 tempore
3027 895 3170 966 quod
3214 912 3358 952 nunc
3401 909 3649 965 versatur
3683 897 3740 954 in

2143 997 2345 1045 mente.
2378 988 2584 1044 Lumen
2628 1003 2862 1058 namque
2899 987 3244 1043 rectitudinis
3273 990 3520 1058 sequitur
3549 991 3743 1046 umbra

2144 1084 2481 1139 tentationis.
2515 1082 2622 1138 Sed
2653 1097 2781 1153 quia
2812 1082 3108 1138 electorum
3154 1083 3246 1138 lux
3290 1085 3588 1142 tentatioue
3631 1103 3744 1144 non

2145 1173 2529 1248 exstinguitur,
2575 1189 2681 1229 non
2721 1188 2853 1239 nox,
2890 1173 2986 1230 sed
3026 1188 3253 1244 vespera
3297 1175 3439 1230 facta
3478 1191 3750 1232 memora-

2147 1279 2266 1336 tur,
2311 1269 2437 1339 quia
2465 1267 2692 1323 tentatio
2721 1265 2902 1322 lumen
2922 1264 3148 1336 iustitiae
3180 1267 3495 1334 abscondit,
3525 1283 3634 1324 non
3663 1269 3750 1324 in-

2150 1360 2380 1416 terimit.

2221 1450 2419 1522 (Auc.,
2449 1451 2516 1504 de
2545 1446 2675 1504 Gen.
2700 1449 2771 1502 ad
2799 1447 2904 1502 tiu.
2924 1488 2938 1514 ,
2961 1446 3000 1502 l.
3033 1463 3109 1514 ιν,
3146 1464 3196 1505 c.
3223 1447 3324 1514 22,
3355 1447 3459 1516 25,
3490 1456 3622 1505 tom.
3658 1450 3748 1516 lll,

2149 1543 2253 1600 col.
2283 1542 2406 1608 5H,
2435 1540 2586 1610 512.)
2625 1525 2968 1605 Notandum,
3015 1540 3159 1610 quod
3199 1549 3411 1596 caeterae
3447 1550 3751 1608 creatum,

2151 1642 2284 1701 etc.,
2314 1650 2477 1706 usque
2499 1633 2568 1686 ad
2599 1640 2659 1687 ut
2685 1631 2818 1687 illud
2847 1630 3056 1688 scilicet
3083 1631 3153 1686 ad
3172 1631 3316 1688 diem
3337 1633 3630 1704 pertineat,
3647 1634 3756 1689 hoc

2153 1731 2220 1785 ad
2250 1743 2553 1799 vesperam.

462 1809 622 1908 quam
652 1809 762 1892 sint
804 1833 985 1898 modo,
1033 1830 1188 1886 fuere
1220 1829 1276 1883 in
1313 1827 1610 1899 principio,
1645 1825 1768 1898 quia
1808 1823 2050 1880 nondum
2077 1809 2126 1871 B
2226 1821 2391 1877 Vens.
2420 1820 2474 1875 6.
2497 1851 2594 1874 —.
2620 1858 2636 1874 .
2667 1858 2682 1873 .
2713 1837 2733 1871 ι
2762 1817 2887 1874 Fiat
2909 1817 3335 1885 ﬁrmamentum,
3356 1839 3376 1871 ι
3401 1827 3506 1876 etc.
3532 1819 3756 1892 (Gnnc.,

461 1939 804 2002 congregata
845 1930 901 1983 in
941 1942 1052 1982 uno
1092 1927 1237 1982 loco.

542 2041 559 2071 ι
590 2020 842 2089 Dixitque
881 2019 1061 2074 Deus:
1097 2015 1220 2071 Fiat
1245 2016 1357 2069 lux.
1393 2035 1411 2066 ι
1461 2012 1626 2085 (Anc.
1673 2011 1839 2077 ibid.,
1875 2026 1926 2066 c.
1972 2008 2054 2082 2.)

464 2113 580 2169 Non
620 2111 1032 2182 temporaliter:
1064 2111 1111 2166 si
1139 2110 1282 2166 enim
1320 2107 1728 2192 temporaliter,
1742 2113 1798 2159 et
1826 2103 2058 2158 mutabi-

465 2200 623 2268 iiter;
654 2204 700 2258 si
727 2201 1092 2267 mutabiliter,
1139 2208 1196 2256 et
1235 2215 1332 2271 per
1375 2198 1674 2269 subjectam
1701 2203 2010 2251 creaturam
2039 2233 2055 2260 ,

471 2311 577 2350 non
609 2302 693 2348 est
718 2293 808 2348 lux
833 2295 1009 2363 prima
1033 2299 1298 2347 creatura.
1325 2289 1432 2346 Sed
1452 2289 1702 2355 forsitan,
1729 2295 1865 2354 etc.,
1895 2301 2060 2357 usque

471 2390 540 2442 ad
569 2395 627 2442 ut
651 2387 724 2442 sit
744 2395 801 2442 et
825 2395 894 2448 ut
911 2395 1150 2441 maneat.

544 2467 574 2534 ἱ
600 2481 724 2538 sint
748 2480 860 2534 lux.
895 2499 914 2532 ι
945 2478 1102 2550 (Anc.
1127 2477 1281 2542 £054.,
1310 2492 1360 2532 c.
1385 2477 1439 2542 4,
1469 2475 1524 2540 5,
1545 2473 1625 2546 9.)
1649 2473 1727 2529 Ea
1752 2472 2062 2530 conditione

474 2575 684 2632 scilicet
726 2587 832 2643 qua
863 2580 1059 2628 cuncta
1089 2570 1395 2626 subsistunt
1437 2567 1865 2638 intemporalitcr
1887 2567 1943 2621 in
1967 2566 2061 2622 Dei

469 2666 756 2738 sapientia,
779 2664 1099 2736 priusquam
1123 2661 1179 2716 in
1203 2661 1414 2732 seipsis.
1456 2678 1474 2712 ι
1508 2660 1576 2715 Ει
1599 2661 1741 2716 facta
1765 2666 1852 2714 est
1875 2659 1966 2713 lux
1992 2699 2006 2723 ,
2037 2677 2057 2710 ι

471 2757 525 2814 id
553 2765 636 2812 est
662 2755 905 2827 angelica
929 2762 986 2811 et
1025 2754 1264 2810 cmlestis
1293 2753 1591 2808 substantia
1611 2793 1625 2817 ,
1667 2752 1724 2806 in
1753 2767 1812 2807 se
1857 2759 2066 2821 tempo-

473 2847 702 2914 raliter;
734 2848 876 2903 sicut
899 2854 1020 2903 erat
1049 2845 1104 2900 in
1139 2845 1426 2914 sapientia,
1455 2851 1718 2914 quantum
1745 2844 1811 2899 ad
1837 2843 1953 2914 ejus
1985 2843 2062 2897 in-

474 2939 1017 2998 commutabilitatem
1045 2978 1060 3004 ,
1093 2937 1442 2992 aeternaliter.
1491 2935 1588 2992 Vel
1637 2943 1857 2996 notatur
1907 2935 2068 3005 hujus

478 3043 746 3091 creaturae
767 3031 1078 3088 informitas
1107 3029 1315 3086 scilicet
1338 3038 1394 3084 et
1420 3028 1754 3098 imperfectio
1777 3035 2068 3099 antequam

475 3127 804 3184 formaretur
825 3127 880 3181 in
906 3138 1090 3181 amore
1113 3123 1422 3179 Conditoris
1444 3138 1458 3177 :
1480 3123 1747 3178 formatur
1777 3123 1920 3180 enim
1943 3138 2068 3178 cum

474 3220 809 3276 convertitur
840 3219 907 3274 ad
935 3215 1376 3273 incommutabile
1410 3215 1590 3271 lumen
1631 3214 1815 3271 Verbi.

555 3333 572 3362 ε
611 3313 734 3368 Fiat
762 3313 877 3368 lux.
909 3331 928 3364 ι
962 3311 1118 3384 (Anc.
1153 3311 1380 3376 ibid.,c.
1417 3311 1502 3375 10,
1531 3312 1616 3376 11,
1644 3309 1758 3381 16.)
1791 3309 1849 3366 Si
1882 3325 2073 3382 corpo—

479 3407 668 3464 raliter
696 3407 788 3461 lux
819 3404 966 3461 facta
989 3415 1108 3471 est,
1143 3413 1248 3460 etc.
1281 3446 1295 3472 ,
1339 3421 1502 3475 usque
1543 3405 1611 3458 ad
1660 3408 1895 3461 nondum
1927 3407 2072 3462 enim

479 3508 636 3555 erant
665 3497 921 3553 animalia
967 3497 1164 3567 quibus
1196 3497 1314 3552 haec
1343 3496 1660 3551 vicissitudo
1703 3497 2071 3553 exhiberetur.

554 3588 722 3643 Vens.
749 3587 804 3642 4.
835 3618 907 3628 -
933 3607 951 3638 ί
989 3587 1057 3641 Ει
1083 3587 1219 3641 vidit
1244 3585 1385 3640 Deus
1415 3584 1608 3649 lucem,
1643 3605 1662 3637 ι
1691 3593 1797 3641 etc.
1822 3584 2074 3658 (δτι-ΜΒ.)

479 3683 680 3739 Lucem
704 3690 758 3736 et
785 3679 1040 3735 tenebras
1071 3679 1196 3734 fecit
1218 3678 1380 3743 Deus,
1409 3677 1551 3732 unde
1576 3676 1712 3731 Dan.
1747 3693 1827 3732 Ill.
1859 3696 1877 3730 ε
1905 3677 2079 3734 Bene-

482 3777 677 3841 dicite,
722 3774 811 3828 lux
840 3781 895 3828 et
921 3773 1188 3836 tenebm,
1229 3770 1476 3834 Domino,
1518 3789 1537 3822 ι
1565 3786 1686 3825 cum
1725 3771 1903 3825 omnis
1928 3786 2079 3827 crea-

484 3875 606 3922 tura
641 3866 708 3921 ad
739 3864 1164 3921 benedicendum
1193 3861 1473 3916 invitatur.
1705 3910 1709 3914 .

558 3958 742 4030 (lstn.,
769 3958 824 4010 in
852 3956 1012 4022 Gem,
1043 3971 1092 4011 c.
1110 3953 1388 4025 2.)Habet
1412 3953 1638 4024 quisque
1667 3953 1722 4008 in
1751 3953 2005 4024 operibus
2025 3965 2080 4012 et

487 4060 634 4108 recta
649 4053 782 4116 vita,
803 4050 1086 4106 distinctos
1114 4064 1206 4104 sex
1238 4048 1375 4113 dies,
1397 4055 1519 4118 post
1537 4064 1673 4118 quos
1698 4049 1939 4120 requiem
1961 4065 2080 4120 spe-

486 4153 608 4200 ret:
646 4144 822 4215 primo
861 4143 980 4209 die,
1013 4142 1188 4197 lucem
1222 4140 1374 4206 ﬁdei,
1405 4142 1659 4212 quoniam
1687 4143 1863 4213 primo
1891 4145 2080 4200 invisi-

488 4235 686 4290 bilibus
711 4233 886 4290 credit
911 4240 1133 4305 propter
1157 4248 1319 4303 quam
1345 4231 1506 4288 ﬁdem
1537 4233 1791 4290 Dominus
1819 4249 2080 4307 apparere

497 4324 748 4396 dignatus
767 4331 870 4379 est.

565 4436 584 4468 ε
621 4415 958 4485 Factumque
986 4422 1070 4471 est
1097 4428 1341 4485 vespere.
1371 4433 1389 4466 ›
1421 4413 1611 4483 (Ave,
1646 4413 1710 4468 de
1734 4413 1866 4470 Gen.
1899 4423 2081 4471 contra

2155 1918 2194 1972 1.
2222 1933 2370 1972 xxv"
2418 1913 2646 1980 Moral.,
2682 1928 2733 1968 c.
2778 1912 2905 1985 24.)
2936 1912 3206 1984 Angelica:
3245 1913 3500 1978 virtutes,
3533 1929 3654 1983 qua:
3699 1915 3758 1968 in

2157 2011 2253 2068 Dei
2295 2025 2479 2067 amore
2507 2009 2894 2082 perstiterunt,
2924 2009 3108 2064 hocin
3135 2007 3491 2066 retributione
3531 2025 3759 2082 accepe—
3809 2059 3814 2064 .

2158 2118 2321 2175 runt,
2351 2117 2412 2163 ut
2449 2108 2504 2162 in
2543 2105 2998 2175 contemplatione
3033 2104 3344 2161 Conditoris
3372 2105 3599 2175 perenni
3640 2107 3762 2162 feli-

2162 2201 2326 2256 citate
2353 2210 2632 2266 maneant,
2661 2207 2716 2254 et
2741 2199 2795 2253 in
2819 2198 2922 2253 hoc
2946 2199 3090 2269 quod
3114 2199 3343 2254 condita:
3366 2207 3495 2254 sunt
3518 2207 3758 2255 teterna-

2160 2296 2288 2353 liter
2331 2297 2648 2353 subsistant.
2692 2293 2846 2351 Unde
2886 2295 3026 2366 apud
3061 2295 3279 2368 Moysen
3313 2297 3511 2354 caelum
3553 2296 3761 2353 factum

2163 2388 2386 2453 dicitur,
2412 2395 2467 2442 et
2505 2387 2649 2442 idem
2676 2394 2864 2456 postea
2903 2384 3302 2442 ﬁrmamentum
3345 2396 3598 2451 vocatur,
3632 2387 3760 2458 quia

2165 2480 2408 2552 angelica
2432 2487 2625 2534 natura
2651 2479 2804 2550 prius
2823 2477 3036 2533 subtilis
3059 2487 3143 2534 est
3165 2479 3220 2534 in
3248 2479 3616 2549 superioribus
3637 2493 3766 2534 con-

2167 2573 2300 2639 dita,
2334 2580 2388 2627 et
2419 2580 2562 2643 post,
2595 2585 2663 2626 ne
2696 2585 2938 2640 unquam
2981 2570 3176 2626 cadere
3217 2571 3421 2641 possit,
3455 2569 3763 2628 mirabilius

2164 2664 2514 2721 conﬁrmata.

2248 2774 2266 2806 ‹
2299 2754 2423 2809 Fiat
2448 2754 2870 2821 ﬁrmamentum,
2907 2774 2927 2808 ι
2955 2762 3061 2811 etc.
3087 2754 3270 2828 (Auc.,
3301 2755 3338 2809 l.
3374 2771 3412 2812 ιι
3443 2757 3507 2810 de
3532 2754 3663 2810 Gen.
3693 2757 3764 2810 ad

2169 2846 2272 2902 lin.
2293 2888 2308 2913 ,
2340 2861 2390 2902 c.
2417 2848 2452 2901 2
2471 2888 2485 2912 ,
2514 2846 2618 2902 col.
2652 2847 2816 2920 264.)
2845 2847 3119 2916 Quaeritur
3162 2859 3343 2904 utrum
3389 2849 3518 2905 illud
3564 2850 3765 2906 cmlum

2170 2953 2318 2994 nunc
2346 2939 2442 2993 ﬁat
2479 2938 2621 3008 quod
2653 2940 2864 2994 excedit
2897 2941 3040 2995 aeris
3079 2941 3276 3011 spatia,
3307 2950 3412 2996 etc.
3435 2982 3450 3006 ,
3489 2957 3652 3011 usque
3695 2941 3767 2995 ad

2173 3031 2300 3103 quia
2338 3031 2681 3086 intervallum
2714 3031 2829 3100 ejus
2859 3031 3051 3087 dividit
3080 3032 3222 3089 inter
3245 3035 3509 3104 quosdam
3535 3049 3768 3104 vapores

2175 3136 2442 3193 aquarum
2470 3131 2525 3176 et
2549 3136 2718 3191 aquas
2744 3136 2863 3190 qute
2894 3130 3019 3176 sunt
3048 3123 3100 3177 in
3132 3123 3311 3180 terris.
3589 3131 3602 3145 '

2250 3234 2269 3266 ι
2301 3213 2422 3269 Fiat
2447 3214 2868 3278 ﬁrmamentum,
2897 3233 2914 3265 ι
2943 3223 3047 3270 etc.
3079 3215 3268 3287 (Auc.,
3300 3217 3449 3280 ibid.,
3476 3233 3526 3274 c.
3554 3217 3633 3289 4.)
3663 3217 3770 3274 Νο-

2175 3306 2401 3362 tandum
2438 3307 2580 3376 quod
2616 3305 3019 3360 ﬁrmamentum
3047 3322 3153 3361 non
3191 3317 3414 3378 propter
3450 3308 3767 3375 stationem,

2174 3408 2304 3465 etc.,
2336 3417 2497 3470 usque
2521 3399 2590 3454 ad
2616 3398 2710 3454 sed
2737 3401 3118 3469 quoquomodo
3140 3401 3212 3456 ibi
3239 3403 3366 3467 sint,
3392 3403 3466 3458 ibi
3499 3420 3618 3460 esse
3659 3421 3770 3460 non

2177 3489 2505 3546 dubitamus.

2253 3582 2427 3653 «iFiat
2446 3583 2844 3639 ﬁrmamentum
2869 3583 2923 3639 in
2945 3584 3140 3640 medio.
3162 3604 3182 3638 ι
3205 3584 3390 3656 (ΒευΑ,
3408 3587 3463 3640 in
3488 3585 3770 3656 "cI-aqu

2177 3682 2218 3728 t.
2246 3673 2335 3744 11.)
2365 3673 2498 3729 Coeli
2517 3715 2532 3740 ,
2558 3675 2611 3729 in
2641 3690 2750 3744 quo
2787 3673 2893 3730 ﬁxa
2920 3685 3046 3731 sunt
3073 3676 3250 3732 sidera
3270 3718 3285 3742 ,
3321 3685 3426 3733 etc.
3449 3720 3464 3744 ,
3496 3696 3660 3751 usque
3701 3684 3772 3736 ad

2179 3764 2374 3832 Quales
2401 3774 2602 3831 autem,
2627 3773 2684 3821 et
2708 3765 2774 3819 ad
2805 3765 2934 3836 quid
2964 3766 3139 3831 utiles,
3173 3769 3324 3822 novit
3351 3770 3442 3839 qui
3470 3769 3733 3827 condidit.

2249 3856 2413 3912 Vsus.
2446 3856 2497 3910 7.
2532 3887 2599 3896 -—
2631 3874 2649 3906 ε
2687 3857 2755 3911 Ει
2783 3856 2908 3913 fecit
2935 3857 3079 3913 Deus
3111 3859 3547 3929 ﬁrmamentum,
3589 3885 3608 3918 ι
3659 3874 3770 3922 etc.

2183 3945 2434 4018 (Auc.,l.
2469 3961 2506 4000 ll
2533 3946 2598 4001 de
2620 3945 2752 4002 Gen.
2778 3948 2848 4003 ad
2877 3949 3002 4014 liu.,
3031 3965 3080 4004 c.
3111 3952 3164 4016 8,
3194 3951 3298 4007 col.
3325 3953 3477 4026 269.)
3496 3955 3776 4024 Quaeritur

2180 4053 2348 4108 quare
2373 4053 2496 4094 cum
2539 4039 2801 4095 dixisset:
2837 4060 2854 4089 σ
2890 4039 3012 4094 Fiat
3051 4041 3450 4100 ﬁrmamentum
3483 4057 3540 4103 et
3567 4049 3773 4107 factum

2181 4138 2267 4184 est
2308 4130 2415 4196 ita,
2449 4149 2468 4183 ι
2514 4138 2702 4201 postea
2731 4130 2914 4187 addit:
2959 4150 2978 4184 ι
3008 4133 3076 4188 Ει
3117 4132 3244 4190 fecit
3278 4135 3422 4194 Deus
3461 4139 3777 4198 ﬁrmamen-

2183 4233 2337 4290 tum,
2400 4244 2418 4277 ι
2471 4233 2576 4281 etc.
2603 4264 2618 4290 ,
2665 4242 2828 4297 usque
2874 4226 2945 4280 ad
2993 4227 3216 4285 dicens:
3261 4249 3280 4281 ι
3326 4231 3578 4305 Dixitque
3630 4237 3777 4296 Deus

2184 4315 2298 4382 ﬁat,
2337 4336 2354 4369 ι
2387 4324 2494 4372 etc.

2256 4408 2306 4480 (l
2314 4409 2421 4464 bid.
2436 4452 2450 4476 ,
2465 4426 2516 4465 c.
2536 4410 2591 4477 1,
2611 4410 2664 4477 5,
2681 4411 2759 4483 5.)
2776 4411 2948 4484 Super
2970 4429 3147 4473 aerem
3171 4434 3338 4489 purus
3365 4421 3523 4492 ignis,
3541 4431 3668 4490 etc.,
3687 4444 3778 4483 us-

488 4506 726 4565 Hanich.
747 4546 761 4572 ,
790 4505 828 4559 1.
854 4522 902 4572 ι,
926 4521 974 4561 c.
1003 4505 1070 4571 4;
1093 4505 1262 4571 BEDA,
1279 4506 1334 4559 in
1356 4503 1942 4576 Hexaem.)0ccidente
1965 4507 2082 4563 luce
2106 4533 2161 4595 Β
2183 4520 2284 4575 que
2306 4504 2375 4558 ad
2397 4501 2549 4558 Facit
2568 4518 2698 4574 ergo
2722 4504 2972 4576 frigidam
2998 4523 3258 4578 aquarum
3303 4516 3775 4584 superctnlestium

487 4597 771 4672 paulatim,
807 4605 862 4652 et
892 4604 1014 4666 post
1054 4596 1286 4666 spatium
1327 4596 1523 4651 divina:
1570 4597 1916 4667 longitudinis
1948 4599 2082 4656 infe-

490 4691 666 4745 riores
695 4696 880 4757 partes
925 4685 1222 4752 subeunte,
1267 4686 1467 4742 factum
1512 4697 1597 4742 est
1639 4702 1899 4758 vespere,
1945 4689 2086 4746 sicut

434 4771 454 4839 1
491 4795 636 4836 nunc
662 4780 864 4834 usitato
898 4778 1184 4833 circumitu
1211 4777 1340 4833 solis
1381 4778 1517 4833 solet
1560 4773 1722 4858 ﬁeriJ
1741 4779 1963 4834 Factum
2001 4787 2098 4837 est“

493 4885 676 4930 autem
705 4889 865 4929 mane
891 4873 1078 4928 eadem
1109 4887 1272 4942 super
1301 4879 1501 4926 terram
1531 4872 1807 4938 redeunte,
1834 4881 1890 4928 et
1917 4872 2082 4928 alium

491 4966 635 5021 diem
659 4963 964 5029 inchoante,
990 4971 1045 5017 et
1073 4962 1188 5017 dies
1215 4960 1458 5031 expletus
1477 4970 1558 5016 est
1577 4977 1714 5016 unus
1730 4962 1920 5033 viginti
1944 4978 2083 5033 qua-

492 5067 616 5113 tuor
644 5057 920 5112 horarum.
945 5054 1250 5109 Notandum
1274 5068 1402 5109 vero
1421 5053 1562 5123 quod
1582 5069 1687 5108 nox
1711 5054 1763 5108 in
1787 5054 1879 5110 illo
1905 5055 2084 5112 triduo

494 5148 718 5204 omnino
742 5147 1027 5202 tenebrosa
1060 5145 1178 5210 fuit,
1207 5161 1328 5215 qua:
1351 5151 1474 5214 post
1499 5151 1680 5199 creata
1703 5145 1879 5201 sidera
1905 5146 2082 5218 aliqua

496 5242 616 5296 luce
638 5239 864 5295 claruit:
891 5239 1119 5295 decebat
1141 5238 1304 5294 etiam
1331 5245 1390 5290 ut
1411 5236 1526 5290 dies
1561 5253 1591 5290 a
1614 5236 1733 5292 luce
1762 5239 2082 5310 inciperent,

497 5342 552 5388 ct
583 5333 636 5387 in
665 5347 823 5386 mane
855 5331 1134 5400 sequentis
1167 5329 1273 5384 diei
1306 5327 1613 5393 tenderent,
1647 5339 1705 5383 ut
1733 5345 1896 5399 opera
1927 5332 2024 5387 Dei
2055 5347 2086 5387 a

496 5423 616 5480 luce
647 5424 898 5480 inchoata
939 5433 994 5479 et
1039 5424 1091 5478 in
1131 5423 1305 5478 lucem
1349 5421 1614 5492 completa
1650 5439 1769 5479 esse
1815 5425 2085 5496 signiﬁca-

397 5555 402 5562 ι
499 5524 707 5571 rentur.

571 5605 734 5662 Vsus.
767 5607 820 5662 5.
846 5638 915 5648 —
944 5647 956 5661 .
991 5647 1003 5660 .
1038 5645 1052 5660 .
1079 5645 1092 5658 .
1132 5625 1149 5657 ‹
1188 5605 1520 5676 Factumque
1544 5615 1626 5662 est
1650 5623 1891 5680 vespere,
1923 5630 1941 5661 ι
1975 5619 2080 5666 etc.

498 5698 721 5773 (Gustu,
754 5700 791 5754 l.
822 5716 918 5754 vin
949 5698 1167 5765 κοῖαι..
1191 5716 1243 5754 c.
1279 5699 1343 5765 6,
1370 5709 1500 5754 tom.
1531 5699 1597 5772 l.)
1635 5701 1982 5773 Nequaquam
2028 5706 2081 5759 in

501 5792 605 5851 huc
637 5793 744 5846 vita
773 5807 869 5861 per
893 5792 1337 5848 exercitationem
1359 5791 1584 5862 justitia:
1615 5804 1895 5866 peccatum
1925 5798 2081 5852 dese-

2186 4596 2452 4651 vicinitas.

2258 4684 2448 4758 (Ibid.)
2475 4685 2777 4742 Notandum
2800 4703 2931 4744 vero
2957 4692 3101 4760 quod
3132 4693 3304 4764 prima
3344 4696 3433 4753 die
3469 4715 3590 4756 cum
3631 4639 3804 4762 facta:

2185 4787 2268 4834 est
2295 4779 2408 4844 lux,
2436 4779 2641 4835 dictum
2672 4790 2756 4837 est
2784 4791 2990 4873 tantum
3019 4804 3030 4839 :
3071 4807 3089 4838 ε
3121 4787 3243 4843 Fiat
3270 4789 3382 4857 lux,
3417 4813 3438 4845 ι
3477 4803 3532 4850 et
3576 4795 3679 4854 hoc
3719 4802 3774 4858 in

2183 4871 2372 4938 verbo,
2395 4879 2450 4925 et
2479 4889 2498 4922 ι
2533 4870 2674 4926 facta
2704 4881 2788 4928 est
2825 4870 2912 4929 lux
2933 4917 2948 4942 ,
2984 4895 3002 4928 ι
3031 4877 3084 4932 in
3120 4893 3310 4950 opere,
3347 4887 3639 4958 statimque
3679 4893 3775 4946 ad-

2184 4962 2343 5020 htesit
2385 4963 2638 5019 increata:
2682 4963 2788 5020 luci
2825 4965 2916 5020 lux
2962 4977 3162 5035 creata,
3207 4981 3267 5027 ut
3294 4974 3523 5032 vicinior
3548 4987 3602 5034 et
3626 4984 3776 5040 omni

2184 5065 2435 5112 creatura
2463 5057 2733 5127 capacior.
2763 5057 2819 5112 In
2846 5062 3080 5116 secunda
3107 5064 3192 5119 die
3219 5067 3467 5136 quadam
3489 5086 3640 5126 mora
3666 5083 3774 5141 est,

2185 5156 2240 5202 et
2266 5149 2552 5202 verborum
2583 5148 2980 5234 multiplicatio,
3011 5172 3029 5204 ι
3069 5155 3182 5223 ﬁat,
3217 5178 3235 5210 ι
3261 5168 3318 5214 et
3351 5179 3370 5212 ι
3400 5160 3528 5218 fecit
3553 5163 3718 5235 Deus,
3747 5189 3768 5224 ι

2186 5247 2241 5294 et
2275 5258 2292 5290 ε
2327 5238 2530 5294 factum
2561 5249 2644 5295 est
2671 5240 2746 5295 ita
2780 5260 2798 5293 ι
2829 5258 2843 5299 :
2885 5251 2946 5298 ut
2975 5244 3340 5318 intelligamus
3383 5251 3517 5308 istas
3553 5265 3777 5313 naturas

2189 5333 2256 5387 ad
2303 5331 2658 5388 deﬁciendum
2699 5349 2931 5405 pronas,
2983 5347 3038 5392 et
3083 5339 3150 5394 ad
3194 5343 3549 5400 obediendum
3595 5349 3777 5407 minus

2192 5432 2366 5495 aptas.

2265 5518 2535 5590 (lllERUN.,
2572 5519 2605 5572 l.
2643 5537 2655 5572 l
2686 5532 2867 5574 comm
2888 5522 3086 5588 Jovin.,
3112 5534 3150 5578 t.
3182 5526 3246 5591 11,
3276 5527 3380 5582 col.
3406 5529 3556 5603 2H.)
3583 5530 3779 5589 Notan-

2191 5613 2316 5665 dum
2348 5611 2512 5665 etiam
2543 5613 2685 5680 quod
2719 5611 2878 5679 hujus
2909 5615 3012 5668 dici
3038 5619 3256 5672 secundi
3283 5636 3446 5688 opera
3477 5625 3775 5681 secundum

2191 5701 2446 5757 Hebrteos
2489 5720 2594 5758 non
2641 5703 2896 5759 dietmtur
2933 5707 3102 5772 bona,
3135 5725 3258 5763 cum
3307 5712 3445 5767 bona
3493 5714 3599 5768 sint
3636 5716 3777 5772 sicut

2189 5803 2423 5849 caetera:
2458 5794 2599 5864 quod
2639 5794 2700 5850 ﬁt
2741 5805 2959 5867 propter
2993 5799 3260 5857 binarium
3284 5805 3580 5875 principem
3610 5807 3776 5863 alter-
