4074 6334
305 445 378 501 τδ
803 399 808 404 θ
885 400 891 406 ’
939 403 943 406 ’
1023 401 1047 408 ⁴’
1365 439 1635 497 GLOSSA
1668 439 1883 498 onem.

1984 439 2061 494 [Α.
2101 470 2172 483 -
2197 441 2325 498 LIB.
2368 441 2526 499 GEN.
2997 415 3000 418 ’
3498 448 3566 501 τι

306 556 517 622 nitatis,
545 554 637 626 qui
659 554 863 624 primus
887 554 956 610 ab
989 535 1196 609 unitate
1232 553 1496 612 discedit:
1537 563 1593 610 et
1623 555 1679 609 in
1714 553 1884 625 ﬁgura
1913 557 1960 615 Α
1989 568 2152 622 quam
2197 554 2431 610 mundus
2459 553 2573 623 jam
2606 553 2832 608 formari
2864 554 3071 625 incipit,
3122 563 3177 611 et
3213 565 3371 612 terra:
3403 558 3570 614 facies

302 648 554 720 bigamia:
613 647 827 716 ponitur
882 654 937 702 et
987 646 1278 702 multorum
1330 648 1885 719 reprehensibilium;

300 739 449 795 unde
473 754 595 809 qua:
615 737 741 792 bina
769 737 1142 808 ingrediuntur
1161 739 1216 793 in
1236 755 1421 796 arcam
1442 741 1718 799 immunda
1739 751 1886 807 sunt,

302 832 484 904 impar
504 847 760 888 numerus
780 832 1030 887 mundus.
1057 832 1153 889 Vel
1179 833 1299 889 ideo
1321 835 1460 890 bona
1484 849 1590 890 non
1614 835 1886 902 dicuntur,

302 923 434 996 quia
449 924 503 980 in
523 924 627 980 hoc
646 938 810 994 opere
831 923 1104 979 distinctio
1117 939 1272 993 aqua:
1294 940 1401 979 non
1420 924 1753 995 ﬁtperfecta,
1768 941 1888 996 quae

303 1014 361 1070 in
387 1015 636 1086 proximo
660 1013 740 1080 ﬁt,
764 1013 857 1071 ubi
878 1013 1043 1070 dicit:
1081 1031 1100 1065 ‹
1137 1012 1539 1086 Congregentur
1568 1030 1743 1086 aquae,
1783 1035 1800 1068 ›
1829 1024 1890 1072 ιιι

302 1105 380 1161 ibi
401 1104 629 1160 dicetur.

375 1195 561 1268 (Auc.,
587 1195 676 1250 ubi
701 1211 882 1266 supra,
929 1211 977 1250 c.
1009 1195 1087 1267 9.)
1129 1195 1308 1264 Quaeri
1345 1196 1482 1251 solet
1509 1195 1661 1266 cujus
1704 1196 1887 1269 ﬁgura:

303 1287 378 1341 sit
411 1287 610 1342 caelum
634 1303 648 1339 :
675 1287 769 1340 sed
811 1285 1045 1356 Spiritus
1087 1294 1326 1352 sanctus,
1357 1287 1603 1356 quamvis
1640 1295 1887 1342 auctores

303 1377 479 1433 nostri
501 1377 742 1442 scierint,
755 1391 855 1447 per
882 1391 974 1431 eos
995 1377 1191 1432 docere
1215 1375 1402 1440 noluit,
1421 1377 1524 1432 nisi
1551 1377 1692 1446 quod
1717 1376 1889 1446 prosit

303 1471 488 1526 saluti.
518 1469 787 1536 Quaaritur
812 1469 976 1524 etiam
1001 1469 1046 1524 si
1083 1477 1189 1524 stet
1228 1485 1296 1524 an
1333 1477 1611 1524 moveatur
1649 1469 1844 1525 malum
1863 1470 1888 1522 ?

303 1561 364 1618 Si
395 1571 696 1628 moveatur,
729 1561 996 1631 inquiunt,
1023 1561 1292 1631 quomodo
1325 1568 1409 1616 est
1443 1559 1886 1616 ﬁrmamentum?

302 1659 362 1714 Si
392 1666 520 1724 stat,
552 1653 821 1728 quomodo
846 1655 1023 1710 sidera
1059 1654 1112 1708 in
1139 1668 1204 1710 eo
1231 1653 1338 1708 ﬁxa
1366 1653 1749 1709 circumeunt?
1780 1652 1884 1708 Sed

299 1753 698 1806 ﬁrmamentum
723 1763 830 1803 non
859 1754 1081 1817 propter
1102 1745 1409 1810 stationem,
1429 1745 1523 1800 sed
1552 1752 1772 1816 propter
1793 1744 1885 1798 ﬁr-

299 1842 562 1907 mitatem,
593 1848 689 1894 aut
715 1838 1002 1894 terminum
1038 1851 1303 1907 aquarum
1332 1835 1883 1905 intransgressibilem

1990 659 2230 718 apparet,
2262 650 2636 705 recedentibus
2662 650 2832 720 aquis,
2868 651 2944 723 ad.
2966 651 3363 708 distinctionem
3398 656 3572 724 partis

1989 753 2108 807 quae
2151 739 2325 794 adhuc
2370 740 2716 808 premebatur
2745 739 2926 808 aquis,
2957 740 3132 810 portio
3156 756 3318 812 quam
3361 744 3572 799 aridam

1988 844 2110 884 esse
2135 828 2350 897 licebat,
2380 839 2538 885 terra:
2569 846 2762 886 nomen
2801 833 3042 902 accepit,
3079 849 3146 888 eo
3177 835 3318 904 quod
3347 835 3574 905 pedibus

1990 926 2216 973 teratur.
2276 937 2296 970 ε
2348 919 2912 992 Congregationesque
2967 937 3230 991 aquarum
3286 923 3576 993 appellavit

1989 1009 2184 1064 maria.
2220 1030 2238 1062 ι
2274 1008 2364 1065 Sic
2387 1011 2531 1065 enim
2559 1012 2893 1081 appellantur
2928 1013 3068 1082 apud
3103 1012 3357 1068 Hebraeos
3383 1029 3574 1068 omnes

1988 1101 2434 1171 congregationes
2464 1117 2744 1172 aquarum,
2776 1103 2889 1160 sive
2918 1104 3072 1158 salsae
3091 1144 3105 1169 ,
3132 1105 3244 1158 sive
3265 1104 3470 1159 dulces.
3506 1104 3575 1158 Et

1987 1193 2114 1263 quia
2144 1207 2241 1264 per
2265 1195 2722 1250 continuationem
2752 1197 2992 1252 omnium
3020 1213 3280 1268 aquarum
3299 1237 3314 1264 ,
3360 1213 3478 1267 quae
3517 1197 3576 1252 in

1989 1287 2150 1342 terris
2181 1295 2330 1352 sunt,
2373 1288 2508 1343 dixit
2549 1305 2644 1344 eas
2683 1299 3038 1361 congregatas
3082 1291 3136 1345 in
3165 1305 3331 1345 unum
3362 1289 3570 1357 locum,

1989 1394 2130 1436 nunc
2158 1390 2314 1436 vocat
2338 1381 2620 1452 pluraliter
2645 1385 3090 1454 congregationes
3118 1401 3378 1455 aquarum
3397 1426 3412 1451 ,
3447 1400 3574 1455 pro-

1986 1478 2107 1538 pter
2135 1470 2427 1528 multiﬁdos
2454 1473 2604 1528 sinus
2632 1490 2840 1529 earum.
2865 1474 2998 1530 Cum
3023 1477 3190 1532 multa
3213 1485 3425 1532 constat
3455 1491 3577 1532 esse

1986 1560 2178 1625 maria,
2210 1562 2266 1616 in
2299 1578 2466 1617 unum
2503 1572 2679 1619 tamen
2710 1564 2886 1620 locum
2918 1565 3048 1621 dicit
3074 1582 3242 1636 aquas
3280 1581 3574 1638 congrega-

1988 1659 2092 1718 tas,
2125 1653 2252 1722 quia
2282 1664 2478 1710 cuncta
2501 1671 2695 1727 magno
2725 1657 2861 1711 mari
2883 1656 3203 1728 junguntur.
3231 1659 3285 1712 Si
3311 1659 3403 1729 qui
3426 1659 3574 1714 lacus

1986 1743 2042 1798 in
2072 1746 2375 1816 semetipsis
2406 1746 2580 1802 stricti
2609 1747 2888 1814 videntur,
2911 1749 3135 1804 occultis
3174 1759 3353 1804 tamen
3385 1749 3574 1804 meati-

1986 1834 2087 1890 bus
2115 1835 2169 1890 in
2197 1853 2349 1893 mare
2377 1837 2757 1893 revolvuntur:
2788 1839 3025 1895 fossores
3046 1855 3260 1911 quoque
3284 1849 3572 1911 puteorum

296 1932 406 1987 dici
434 1940 630 2003 potest.
661 1931 719 1988 Si
760 1941 940 1988 autem
968 1939 1110 1999 stat,
1141 1931 1277 1986 nihil
1316 1932 1539 2002 impedit
1578 1931 1786 1986 moveri
1830 1938 1886 1986 et
1913 1910 1959 1972 Β
1990 1925 2094 1982 hoc
2119 1925 2368 1997 probant,
2406 1929 2531 1998 quia
2564 1930 2740 1984 omnis
2771 1930 2930 1986 tellus
2959 1945 3057 2001 per
3084 1910 3380 1988 invisibiles
3410 1946 3577 1989 venas

295 2025 588 2080 circumire
628 2025 819 2079 sidera.
869 2023 1116 2079 Secundo
1159 2023 1245 2078 die
1289 2022 1490 2078 factum
1519 2019 1602 2078 e'st
1630 2031 1887 2092 tanquam

297 2117 698 2171 ﬁrmamentum
737 2115 1062 2187 disciplinae,
1107 2115 1250 2186 quod
1288 2115 1549 2170 discernit
1587 2115 1731 2170 inter
1767 2130 1886 2170 car-

296 2206 446 2262 nalia
478 2215 532 2261 et
559 2206 872 2278 spiritualia,
897 2207 1038 2262 sicut
1063 2205 1208 2261 inter
1232 2203 1520 2262 inferiores
1556 2214 1612 2261 et
1645 2205 1885 2275 superio-

297 2313 391 2354 res
425 2313 612 2368 aquas.

371 2391 544 2463 (1519.,
576 2392 631 2446 in
660 2388 788 2446 Gen.
811 2406 861 2446 c.
893 2390 948 2456 2,
981 2398 1110 2445 tom.
1142 2389 1206 2454 V,
1224 2387 1326 2444 col.
1347 2386 1498 2459 215.)
1523 2387 1620 2443 Die
1649 2388 1882 2444 secunda

293 2485 477 2555 posuit
519 2484 954 2550 ﬁrmamentum,
987 2491 1205 2538 sanctas
1236 2480 1442 2537 scilicet
1485 2479 1790 2552 Scripturas
1827 2480 1884 2535 in

295 2575 559 2631 Ecclesia.
597 2576 674 2630 De
713 2575 910 2645 quibus
947 2573 1148 2629 dicitur
1186 2573 1290 2630 Isa.
1335 2586 1498 2626 xxxxv
1536 2589 1549 2624 :
1608 2590 1626 2622 ¢
1673 2570 1884 2627 C(Blum

295 2668 439 2724 sicut
482 2667 618 2722 liber
664 2665 971 2736 plicabitur.
1026 2685 1046 2718 ι
1089 2663 1203 2720 Hoc
1243 2663 1586 2719 ﬁrmamento
1624 2663 1885 2718 discernit

293 2771 468 2828 aquas
494 2756 818 2827 superiores,
851 2756 908 2811 id
933 2764 1017 2811 est
1045 2754 1297 2826 populum
1323 2753 1654 2824 angelorum,
1688 2753 1884 2823 quibus

294 2863 406 2904 non
434 2857 516 2903 est
544 2862 766 2904 necesse
793 2854 854 2901 ut
885 2845 939 2900 in
967 2844 1196 2901 lectione
1238 2843 1460 2899 audiant
1503 2843 1599 2899 Dei
1637 2842 1878 2898 verbum.

297 2940 406 2996 Sed
453 2939 584 2995 illud
634 2939 1029 2994 ﬁrmamentum
1076 2937 1258 3008 posuit
1303 2950 1464 3007 super
1512 2934 1882 2990 inﬁrmitatem

295 3032 616 3088 inferiorum
641 3031 978 3101 populorum,
1007 3036 1067 3084 ut
1107 3027 1461 3098 suspicientes
1497 3026 1552 3081 in
1581 3041 1646 3082 eo
1677 3041 1880 3105 cogno-_-

294 3136 449 3182 scant
477 3123 714 3196 qualiter
743 3124 1012 3178 discernat
1040 3121 1184 3176 inter
1204 3119 1441 3176 carnalia
1470 3127 1526 3174 et
1560 3117 1877 3189 spiritualia,

294 3219 452 3290 quasi
477 3219 621 3272 inter
649 3231 816 3286 aquas
845 3215 1154 3287 superiores
1181 3223 1235 3270 et
1269 3212 1572 3270 inferiores.

1987 2019 2142 2088 aquis
2163 2019 2364 2089 repleta
2391 2031 2490 2084 est,
2525 2020 2720 2089 quibus
2742 2036 2810 2075 ex
2837 2021 2971 2076 mari
2994 2022 3316 2092 principium
3337 2033 3442 2079 est.

2058 2108 2221 2168 Vens.
2250 2112 2336 2166 11.
2359 2143 2430 2152 ——
2461 2131 2480 2162 ε
2511 2112 2576 2166 Ει
2603 2112 2710 2168 ait:
2736 2111 3014 2170 Germinet
3041 2124 3208 2181 terra,
3229 2124 3370 2172 ietc.
3391 2117 3572 2185 (Auc.,

1986 2203 2024 2258 l.
2056 2219 2093 2258 ιι
2124 2204 2190 2257 de
2216 2201 2346 2259 Gen.
2375 2206 2444 2259 ad
2472 2206 2598 2272 litt.,
2627 2222 2676 2261 c.
2702 2206 2816 2279 12.)
2852 2209 3252 2267 Advertendum
3285 2221 3368 2266 est
3393 2212 3577 2266 mode-

1986 2309 2172 2348 ramen
2199 2295 2569 2353 ordinatoris:
2607 2298 2852 2365 quamvis
2897 2297 3154 2355 distincta
3198 2311 3282 2356 est
3322 2310 3573 2358 creatura

1984 2383 2274 2439 herbarum
2307 2395 2469 2456 atque
2497 2386 2764 2456 lignorum
2787 2403 2819 2442 a
2839 2391 3018 2459 specie
3045 2400 3315 2447 terrarum
3337 2401 3391 2448 et
3409 2409 3576 2464 aqua-

1984 2491 2136 2542 rum,
2169 2486 2230 2531 ut
2274 2478 2329 2532 in
2376 2477 2658 2535 elementis
2698 2481 2972 2534 numerari
3018 2497 3125 2536 non
3161 2484 3403 2552 possint:
3447 2485 3575 2552 quia

1985 2575 2164 2622 tamen
2192 2567 2300 2622 ﬁxa
2343 2569 2614 2626 radicibus
2655 2580 2811 2628 terra:
2854 2580 3181 2639 nectuntur,
3215 2575 3282 2630 ad
3323 2577 3572 2632 eumdem

1986 2659 2126 2715 diem
2159 2658 2326 2714 voluit
2352 2661 2646 2730 pertinere.

2060 2750 2258 2820 (Βεω,
2289 2751 2379 2804 ubi
2403 2752 2619 2824 supra.)
2648 2752 2804 2808 Patet
2841 2753 2896 2809 in
2921 2754 3005 2810 his
3033 2757 3213 2813 verbis
3239 2759 3382 2830 quod
3407 2774 3574 2816 verno

1984 2849 2228 2911 tempore
2253 2841 2486 2896 mundus
2509 2842 2781 2913 perfectus
2806 2853 2890 2900 est
2915 2854 2971 2900 et
2993 2855 3238 2913 ornatus,
3269 2849 3322 2903 in
3347 2865 3454 2920 quo
3484 2865 3574 2906 so-

1982 2928 2094 2984 lent
2121 2931 2300 2988 herbae
2327 2932 2568 2990 virentes
2595 2950 2876 3005 apparere,
2908 2944 2962 2990 et
2986 2937 3130 3009 ligna
3155 2941 3330 3010 pomis
3355 2954 3568 2997 onusta.

1957 3021 2264 3108 “Simulque
2293 3027 2587 3081 notandum
2618 3027 2763 3097 quod
2788 3042 2895 3083 non
2925 3028 3103 3100 prima
3130 3031 3422 3086 herbarum
3452 3049 3574 3104 ger-

1983 3113 2129 3168 mina
2151 3115 2236 3170 vel
2259 3115 2514 3172 arborum
2549 3132 2747 3187 genera
2782 3119 2850 3174 de
2878 3120 3086 3176 semine
3109 3123 3447 3190 prodierunt,
3479 3125 3575 3179 sed

1983 3207 2051 3262 de
2078 3215 2222 3262 terra
2249 3226 2261 3260 :
2293 3210 2419 3279 quia
2450 3210 2518 3265 ad
2549 3225 2712 3265 unam
2742 3209 3039 3280 jussionem
3069 3213 3378 3270 Conditoris
3407 3232 3573 3286 appa-

375 3331 394 3362 ι
428 3309 725 3380 Divisitque
762 3323 935 3379 aquas
957 3323 1078 3378 qua;
1105 3314 1291 3372 erant,
1333 3327 1352 3358 ι
1385 3314 1492 3362 etc.
1527 3306 1752 3379 (A133,,
1772 3308 1812 3362 ι,
1841 3323 1880 3363 η
1909 3295 1954 3359 C
1987 3298 2096 3353 ruit
2121 3299 2269 3353 arida
2301 3301 2486 3356 herbis
2509 3312 2725 3371 compta
2757 3303 3177 3374 nemoribusque
3195 3306 3422 3372 vestita,
3454 3322 3575 3376 quae

296 3402 586 3468 (leuem,
625 3416 675 3456 c.
707 3400 778 3467 5,
804 3408 934 3455 tom.
968 3399 1009 3465 l,
1051 3398 1156 3454 col.
1202 3396 1350 3468 M8.)
1377 3396 1513 3453 Cum
1545 3397 1660 3453 haac
1703 3397 1877 3465 audis,

294 3495 429 3566 quid
463 3493 680 3549 miraris
709 3492 756 3548 si
781 3508 943 3563 supra
968 3491 1368 3546 ﬁrmamentum
1391 3491 1571 3562 potuit
1594 3491 1734 3546 unda
1764 3507 1882 3548 sus-

295 3588 500 3660 pendi?
532 3596 660 3654 etc.,
692 3603 854 3658 usque
877 3586 946 3640 ad
974 3583 1225 3641 Iordanis
1247 3599 1463 3656 quoque
1491 3583 1691 3641 reﬂexo
1722 3600 1881 3641 amne

295 3681 352 3735 in
377 3694 534 3735 suum
565 3678 766 3733 fontem
794 3677 1101 3732 revertitur.

367 3773 532 3827 Vens.
567 3772 620 3828 8.
656 3799 726 3810 -—
753 3807 770 3823 .
802 3809 816 3823 .
849 3810 863 3824 .
895 3808 909 3822 .
945 3788 963 3820 ι
999 3769 1068 3822 Et
1092 3767 1292 3824 factum
1331 3774 1416 3823 est
1439 3781 1682 3837 vespere,
1720 3786 1739 3819 ι
1773 3777 1877 3822 etc.

295 3861 482 3934 (15th.,
516 3860 606 3914 ubi
638 3859 844 3930 supra.)
869 3858 1062 3928 Incipit
1103 3873 1264 3913 mane
1288 3857 1538 3912 secundae
1560 3857 1663 3912 diei
1691 3872 1723 3910 a
1748 3855 1880 3924 Noe,

293 3962 431 4018 etc.,
459 3968 622 4023 usque
645 3951 712 4006 ad
742 3950 867 4022 quia
897 3965 996 4006 nec
1015 3949 1249 4021 pueritia
1273 3958 1398 4018 apta
1423 3956 1506 4004 est
1525 3949 1878 4020 generationi.

367 4046 531 4100 Vens.
560 4044 613 4100 9.
641 4073 712 4084 --
741 4061 762 4094 ι
792 4042 938 4098 Dixit
963 4056 1091 4099 vero
1121 4041 1284 4107 Deus,
1311 4059 1329 4092 ι
1363 4049 1468 4097 etc.
1495 4041 1661 4113 (Anc.
1680 4081 1696 4107 ,
1720 4041 1816 4096 lib.
1842 4056 1880 4096 ιι

291 4139 360 4192 de
383 4135 514 4192 Gen.
545 4137 615 4190 ad
637 4135 766 4202 litt.,
793 4150 844 4191 c.
878 4135 966 4200 11,
993 4143 1125 4193 tom.
1173 4133 1294 4204 lli.)
1341 4133 1399 4187 In
1435 4133 1540 4188 hoc
1564 4134 1650 4189 die
1678 4133 1880 4189 factum

293 4230 531 4297 videtur,
564 4236 695 4294 etc.,
721 4244 882 4298 usque
903 4228 971 4281 ad
997 4226 1149 4282 Unde
1170 4241 1308 4297 aqua
1330 4235 1714 4298 congregatur,
1735 4234 1880 4280 terra

294 4330 560 4393 apparet;
599 4335 740 4392 aqua
769 4319 914 4374 enim
938 4318 1114 4375 labilis
1134 4327 1190 4376 et
1211 4317 1378 4385 ﬂuxa,
1417 4325 1563 4373 terra
1591 4317 1800 4374 stabilis
1829 4325 1883 4374 et

295 4413 424 4468 ﬁxa.
829 4419 832 4422 ’

371 4526 389 4557 ε
424 4504 833 4577 Congregentur
865 4505 1058 4576 aquae?
1095 4523 1114 4557 ›
1146 4502 1343 4576 (ΒευΑ,
1371 4504 1428 4557 in
1447 4501 1729 4586 Hexaem.)
1752 4502 1884 4571 Qute

1983 3391 2067 3446 sui
2093 3391 2308 3462 generis
2329 3407 2397 3447 ex
2425 3407 2485 3448 se
2506 3409 2663 3463 poma
2687 3395 3055 3464 produxerunt
3072 3404 3127 3450 et
3147 3395 3376 3452 semina.
3400 3395 3571 3465 Opor-

1983 3484 2132 3538 tebat
2159 3484 2302 3540 enim
2329 3493 2390 3539 ut
2411 3484 2584 3540 forma
2615 3501 2796 3540 rerum
2824 3485 2920 3540 Dei
2945 3487 3174 3554 imperio
3194 3488 3370 3556 primo
3395 3488 3570 3558 perfe-

1983 3581 2069 3629 cta
2097 3574 2340 3643 prodiret
2365 3591 2377 3626 :
2417 3575 2686 3643 quomodo
2713 3575 2890 3639 homo,
2917 3585 3138 3644 propter
3172 3590 3333 3646 quem
3359 3577 3564 3644 omnia,

1975 3662 2205 3734 juvenili
2232 3671 2392 3718 aitate
2417 3663 2714 3733 plasmatus
2743 3671 2844 3718 est.

2057 3754 2239 3826 (Auc.,
2268 3754 2393 3808 ibid.
2418 3753 2456 3808 ι.
2486 3770 2568 3819 ιιι,
2593 3770 2644 3809 c.
2673 3753 2784 3824 18.)
2808 3753 3081 3821 Quaeritur
3099 3754 3264 3810 etiam
3288 3756 3353 3810 de
3374 3757 3568 3827 spinis,

1981 3832 2052 3902 et.
2072 3845 2305 3911 tribulis,
2331 3855 2386 3900 et
2409 3846 2729 3916 quibusdam
2759 3845 2916 3916 lignis
2954 3845 3324 3912 infructuosis,
3359 3864 3457 3902 cur
3485 3849 3570 3904 vel

1983 3936 2198 4007 quando
2239 3944 2421 3992 creata
2450 3937 2599 3992 sint?
2627 3953 2750 3992 cum
2795 3937 2936 3992 Deus
2963 3937 3196 3992 dixerit:
3237 3958 3255 3990 ι
3290 3937 3571 3995 Germinet

1983 4038 2131 4084 terra
2175 4029 2428 4100 herbamj,
2467 4047 2485 4079 ι
2515 4036 2620 4082 etc.
2669 4027 2777 4083 Sed
2806 4027 3018 4096 fructus
3055 4028 3274 4083 nomine
3317 4028 3568 4100 quaedam

1982 4119 2188 4174 utilitas
2216 4119 2461 4190 signatur
2487 4137 2499 4172 :
2540 4117 2725 4174 multa:
2754 4127 2933 4174 autem
2954 4118 3212 4176 utilitates
3239 4128 3364 4174 sunt
3394 4121 3568 4175 mani-

1981 4213 2152 4280 festae,
2184 4213 2270 4268 vel
2293 4212 2539 4278 occultae,
2568 4212 2811 4267 omnium
2841 4227 2961 4282 qua:
2993 4220 3136 4268 terra
3163 4213 3422 4268 radicitus
3451 4213 3565 4267 alit.

1983 4310 2274 4368 Possumus
2301 4320 2484 4366 autem
2512 4309 2757 4365 absolute
2787 4291 3110 4379 respondere
3146 4309 3332 4378 spinas
3373 4319 3427 4365 et
3466 4311 3566 4365 tri-

1982 4402 2137 4459 bulos
2161 4411 2283 4474 post
2304 4411 2585 4473 peccatum
2613 4410 2810 4455 terram
2831 4400 3038 4454 homini
3059 4400 3126 4454 ad
3149 4399 3388 4456 laborem
3409 4415 3570 4472 pepe-

1983 4497 2161 4552 risse:
2213 4512 2321 4552 non
2363 4495 2507 4566 quod
2545 4493 2672 4548 alibi
2699 4501 2856 4562 antea
2883 4502 3255 4557 nascerentur,
3285 4501 3486 4564 etpost
3511 4494 3569 4548 in

295 4599 437 4654 inter
474 4599 673 4655 caelum
709 4609 763 4656 et
807 4607 1008 4654 terram
1055 4599 1306 4654 universa
1349 4582 1781 4668 compleverant,
1828 4599 1882 4652 in

1985 4585 2129 4658 agris
2153 4601 2288 4655 quos
2309 4586 2470 4639 homo
2499 4583 2736 4640 coleret:
2779 4582 2872 4637 sed
2900 4582 3050 4652 prius
3079 4591 3133 4638 et
3167 4592 3351 4653 postea
3383 4585 3436 4639 in
3463 4585 3567 4640 eis-

296 4708 464 4745 unum
505 4691 684 4746 locum
718 4700 1141 4763 congregantur,
1189 4697 1250 4744 ιιι
1288 4688 1408 4753 lux,
1440 4665 1560 4759 qna;
1603 4688 1881 4760 ρηειειιίιο
1906 4665 1960 4727 ἶ)
1984 4678 2109 4734 dem
2136 4677 2288 4744 locis,
2317 4678 2468 4748 prius
2497 4685 2677 4730 tamen
2715 4691 2823 4731 non
2849 4674 3074 4740 homini,
3116 4677 3209 4731 sed
3236 4685 3375 4747 post.
3415 4676 3568 4733 Unde

297 4785 462 4838 biduo
491 4799 662 4854 aquas
695 4783 838 4838 clara
865 4783 986 4838 luce
1008 4782 1352 4847 lustraverat,
1381 4781 1433 4835 in
1456 4795 1592 4850 puro
1614 4795 1737 4836 aere
1765 4780 1876 4836 cla-

297 4875 409 4929 rior
438 4873 679 4945 fulgeat;
720 4881 774 4928 et
799 4881 1054 4944 appareat
1079 4879 1246 4936 terra,
1275 4885 1394 4940 qua:
1423 4869 1656 4935 latebat;
1679 4877 1734 4924 et
1761 4884 1880 4939 quae

297 4967 454 5036 aquis
482 4965 672 5020 limosa
707 4972 844 5029 erat,
879 4963 969 5017 ﬁat
1009 4961 1160 5016 arida
1185 4968 1239 5016 et
1260 4958 1590 5030 germinibus
1637 4966 1779 5028 apta.
1822 4957 1880 5012 Si

297 5068 574 5129 quazratur
595 5057 687 5113 ubi
707 5063 1048 5129 congregata;
1069 5061 1197 5109 sunt
1216 5067 1390 5123 aqua,
1407 5065 1526 5121 quae
1549 5065 1738 5106 omnes
1757 5064 1881 5121 par-

298 5163 382 5210 tes
411 5163 572 5209 terra:
602 5165 771 5220 usque
805 5149 872 5203 ad
902 5147 1101 5204 calum
1146 5153 1413 5210 texerant,
1453 5144 1628 5215 potuit
1667 5143 1782 5200 ﬁeri
1821 5152 1908 5199 uta

301 5256 446 5301 terra
493 5241 782 5298 subsidens
817 5253 1085 5295 concavas
1127 5244 1310 5306 partes
1348 5235 1640 5306 praeberet,
1687 5234 1882 5305 quibus

300 5337 576 5390 fluitantes
602 5347 769 5404 aquas
798 5331 1094 5401 reciperet:
1130 5334 1311 5398 potest
1346 5326 1510 5380 etiam
1548 5325 1730 5391 credi,
1769 5325 1880 5395 pri-

302 5429 505 5483 marias
538 5441 708 5496 aquas
736 5424 972 5478 rariores
993 5421 1178 5488 fuisse,
1203 5434 1324 5490 qua:
1353 5418 1494 5474 sicut
1515 5418 1708 5474 nebula
1737 5425 1882 5490 tege-

303 5527 425 5575 rent
451 5525 652 5582 terras,
677 5514 771 5572 sed
799 5511 1210 5584 congregatione
1235 5524 1356 5566 esse
1383 5509 1658 5580 spissatas.

373 5613 539 5669 Vens.
571 5609 659 5666 10.
683 5640 755 5650 -—
781 5626 801 5661 ι
839 5607 907 5662 Et
936 5605 1150 5662 vocavit
1175 5603 1317 5658 Deus
1352 5601 1556 5657 aridam
1592 5611 1812 5657 terram.
1855 5620 1873 5654 ι

307 5705 507 5778 (Ben,
537 5702 703 5775 ibid.)
732 5701 891 5757 Prius
923 5699 993 5755 ad
1013 5696 1409 5754 distinctionem
1432 5709 1695 5765 aquarum
1717 5701 1881 5748 totam

306 5796 618 5853 solidiorem
648 5792 832 5848 mundi
857 5799 1066 5862 partem
1109 5797 1308 5844 terram
1341 5785 1627 5857 appellavit
1657 5785 1880 5840 dicens:

314 5907 334 5942 ε
365 5887 422 5948 1n
451 5885 716 5961 principio
745 5884 948 5939 creavit
976 5883 1118 5938 Deus
1141 5879 1334 5939 cadum
1362 5887 1414 5935 et
1437 5888 1655 5935 terram.
1691 5898 1709 5932 ι
1737 5877 1887 5934 Post-

591 5979 865 6042 Pnnon.
909 5975 1128 6041 CXlll.

1993 4791 2012 4824 ί
2049 4771 2224 4841 pariet
2253 4771 2370 4836 tibi,
2399 4789 2417 4821 ι
2448 4768 2500 4824 id
2523 4777 2626 4834 est,
2652 4777 2710 4824 ut
2743 4768 2836 4822 tibi
2867 4769 3015 4824 nasci
3043 4769 3303 4839 incipiant
3323 4770 3391 4824 ad
3420 4769 3568 4825 labo-

1986 4877 2136 4928 rem,
2165 4875 2283 4931 quae
2319 4861 2386 4914 ad
2418 4866 2634 4929 pastum
2670 4855 3039 4914 tantummodo
3079 4857 3200 4913 aliis
3244 4857 3567 4914 animalibus

1987 4963 2111 5009 ante
2137 4952 2515 5007 nascebantur.

2063 5065 2081 5096 ι
2114 5043 2421 5098 Facientem
2447 5057 2650 5098 semen.
2683 5060 2702 5092 ι
2734 5039 2910 5113 (Βεω
2930 5080 2947 5107 ,
2975 5039 3138 5111 ibid.)
3164 5037 3356 5096 Omnia
3381 5049 3565 5096 creata

1987 5145 2114 5194 sunt
2134 5135 2389 5208 perfecta,
2419 5144 2474 5190 et
2495 5137 2654 5190 homo
2679 5132 2950 5204 perfectus
2970 5139 3130 5188 aetate
3154 5142 3294 5200 erat,
3329 5142 3386 5190 et
3411 5133 3567 5190 arbo-

1986 5248 2074 5288 res
2107 5247 2228 5287 cum
2264 5229 2406 5285 foliis
2435 5239 2490 5285 et
2520 5227 2733 5284 fructu:
2773 5227 2917 5282 unde
2945 5226 3143 5282 dicitur
3172 5227 3277 5284 hoc
3303 5244 3322 5278 ι
3358 5226 3562 5298 lignum

1983 5322 2328 5396 pomiferum.
2362 5342 2382 5376 ›

2056 5417 2222 5474 Vnns.
2251 5415 2338 5470 12.
2375 5443 2447 5456 -——
2489 5432 2507 5465 ι
2542 5411 2610 5468 Et
2651 5409 2871 5482 protulit
2917 5417 3058 5464 terra
3107 5408 3327 5464 herbam
3350 5448 3366 5473 ,
3402 5427 3420 5459 ι
3454 5415 3559 5460 etc.

1985 5509 2218 5580 (Gaza,
2255 5506 2292 5560 l.
2321 5521 2413 5560 xix
2447 5502 2675 5568 Moral.,
2711 5517 2760 5556 c.
2793 5499 2957 5566 12;1.
2988 5514 3076 5565 vr,
3105 5514 3153 5553 c.
3184 5499 3281 5563 16,
3321 5504 3452 5550 tom.
3481 5493 3561 5565 Ι.)

1983 5599 2137 5667 Quod
2167 5605 2396 5653 testatur
2436 5594 2690 5660 historia,
2719 5592 2797 5646 sic
2825 5600 2909 5647 est
2943 5592 3211 5647 veraciter
3235 5588 3436 5642 factum
3457 5627 3472 5654 ,
3501 5595 3563 5641 ut

1984 5688 2314 5762 signiﬁcaret
2341 5687 2486 5742 aliud
2520 5684 2844 5740 faciendum.
2883 5682 3048 5739 Terra
3085 5682 3230 5736 enim
3263 5687 3347 5735 est
3377 5679 3563 5735 Eccle-

1986 5782 2084 5847 sia,
2112 5795 2232 5851 qua:
2255 5779 2405 5834 verbi
2435 5778 2630 5848 pabulo
2654 5791 2750 5832 nos
2776 5774 2982 5838 reﬁcit,
3025 5783 3080 5828 et
3117 5771 3403 5842 patrocinii
3433 5786 3557 5826 utn-

1985 5873 2206 5932 braculo
2234 5871 2505 5931 custodit:
2547 5870 2809 5941 loquendo
2855 5867 3057 5939 pascit,
3091 5865 3402 5937 opitulando
3429 5878 3560 5936 pro-
