4074 6334
570 372 641 433 75
1093 368 1493 429 WALAFRIDI
1532 372 1777 429 srmm
1815 368 2019 427 rum).
2061 362 2227 423 non.
2269 366 2419 423 ore.
2459 368 2661 426 PARS.
2702 370 2743 425 l.
2785 400 2855 411 —
2892 355 3349 429 THEOLOGICAI
3746 368 3814 427 76

574 486 708 556 tegit
733 502 746 550 ;
794 496 853 540 ut
894 501 1001 540 non
1044 488 1216 543 solum
1252 488 1478 543 herbam
1513 485 1825 543 refectionis
1870 481 2144 555 proferat,
2172 472 2226 540 Α
2249 496 2408 552 quam
2440 482 2616 539 sidera
2641 480 2851 552 ﬁerent,
2874 487 3005 542 ordo
3025 496 3321 557 temporum
3342 484 3504 540 nullis
3526 484 3817 540 notabatur

571 576 667 632 sed
692 576 857 631 etiam
894 578 1144 632 arborem
1176 579 1548 649 protectionis.
1574 606 1643 619 —
1684 596 1704 630 ι
1730 576 2083 648 Lignumque.
2120 594 2140 628 ι

570 668 799 742 Lignum
830 669 1125 724 secundum
1160 668 1395 740 speciem
1441 682 1593 727 suam
1633 684 1817 726 semen
1860 662 2142 740 produxit,

569 779 694 820 cum
743 776 898 819 mens
941 772 1129 820 nostra
1157 779 1226 821 ex
1255 767 1338 822 sui
1368 766 1799 823 consideratione
1824 767 1967 838 quod
1991 768 2045 823 in
2071 766 2146 823 al-

569 866 749 915 terum
774 856 940 915 faciat
974 856 1208 931 colligit,
1256 869 1312 915 et
1355 861 1488 917 recti
1517 861 1697 940 operis
1721 877 1940 934 germen
1978 861 2141 933 parit.

570 948 707 1004 Hine
730 946 947 1019 quidam
980 950 1196 1020 sapiens
1216 950 1326 1006 ait:
1365 970 1385 1003 ‹
1418 949 1569 1019 Quod
1610 952 1704 1008 tibi
1732 967 1838 1008 non
1871 954 1953 1007 vis
1986 951 2103 1007 ﬁeri
2126 992 2142 1017 ,

568 1039 663 1094 alii
689 1056 796 1095 non
816 1037 1010 1095 feceris
1039 1034 1201 1111 (Tob.
1232 1039 1341 1112 1v).
1377 1060 1397 1093 ι
1438 1036 1507 1097 Et
1542 1042 1705 1099 alibi:
1747 1062 1767 1095 ι
1801 1041 2145 1113 Quaecunque

567 1128 729 1184 vultis
777 1136 835 1184 ut
881 1128 1083 1185 faciant
1124 1130 1278 1187 vobis
1303 1126 1583 1197 homines,
1614 1140 1670 1187 et
1696 1148 1792 1188 vos
1828 1132 2014 1189 eadem
2040 1130 2145 1190 illis

569 1212 730 1274 facile
767 1218 982 1293 (Matth.
1015 1220 1136 1292 vn).
1166 1239 1185 1272 ι
1218 1220 1388 1288 Quasi
1420 1223 1654 1292 speciem
1693 1232 1927 1279 vestram
1975 1223 2143 1280 alter-

566 1320 751 1365 utrum
792 1311 1042 1381 respicite
1059 1350 1074 1377 ,
1098 1318 1153 1365 et
1177 1324 1242 1367 ex
1268 1308 1665 1384 vobismetipsis
1686 1316 1995 1386 cognoscite
2014 1312 2144 1385 quid

564 1408 814 1472 oporteat
841 1414 939 1457 vos
963 1402 1084 1457 aliis
1114 1398 1394 1459 exhibere.

695 1492 1022 1549 Sementem.
1060 1512 1079 1546 ι
1120 1492 1371 1565 (Suum,
1404 1490 1564 1569 Rau.)
1592 1493 1900 1563 Sementis,
1928 1492 2144 1569 frugum

564 1593 619 1641 et
645 1586 935 1649 arborum;
976 1599 1186 1650 semen,
1212 1582 1510 1654 hominum,
1537 1594 1593 1643 et
1613 1586 1943 1643 animalium.
1970 1586 2145 1644 Semi-

2248 570 2487 639 indiciis,
2516 573 2601 628 vel
2632 574 2926 630 meridiana
2955 576 3110 643 hora,
3142 576 3224 631 vel
3253 572 3502 648 quaelibet
3523 576 3647 631 alia.
3679 575 3815 632 Sunt

2246 676 2377 731 ergo
2406 662 2691 719 luminaria
2729 676 2748 717 ι
2782 665 2837 721 in
2865 666 3034 737 signa,
3074 684 3093 718 ι
3133 674 3271 734 etc.;
3309 676 3414 723 non
3448 668 3590 739 quod
3623 676 3653 725 α
3683 682 3811 730 eon-

2247 754 2449 810 ditioue
2470 754 2664 811 horum
2692 764 2935 829 tempora
2963 761 3252 831 eruperint,
3281 762 3363 816 vel
3394 763 3507 819 dies
3535 754 3618 818 rel
3648 766 3810 834 anni;

2246 844 2340 899 sed
2358 845 2482 913 quia
2506 856 2606 915 per
2631 852 2783 901 ortus
2819 854 3027 914 eorum,
3050 848 3133 903 vel
3159 848 3449 920 transitus,
3478 856 3778 926 temporum
3796 897 3813 923 ,

2246 935 2455 993 dierum
2486 944 2860 1010 annorumque
2886 939 3128 1011 signatur
3149 942 3300 997 Ordo.

2317 1029 2480 1086 Vens.
2511 1029 2598 1085 15.
2628 1058 2699 1072 --
2732 1048 2753 1084 ε
2794 1028 2865 1087 Ut
2898 1031 3143 1100 luceant,
3180 1054 3199 1088 ι
3252 1040 3359 1092 etc.
3400 1032 3576 1107 {Bzux
3600 1079 3615 1104 ,
3646 1036 3815 1113 ibid.)

2245 1117 2471 1191 Semper
2499 1121 2784 1178 luminaria
2808 1124 2862 1178 in
2888 1123 3230 1181 ﬁrmamento
3263 1125 3464 1195 lucent,
3495 1125 3591 1185 sed
3614 1140 3814 1201 oppor-

2243 1213 2387 1269 tunis
2410 1212 2738 1286 temporibus
2764 1223 2963 1272 terram
2991 1216 3311 1275 illuminant.
3343 1216 3642 1292 Aliquoties
3667 1226 3814 1282 enim

2243 1305 2534 1362 nebulosus
2553 1318 2648 1361 aer
2665 1307 2910 1364 obsistit:
2932 1308 3085 1366 ortus
3109 1311 3270 1366 etiam
3294 1310 3375 1368 sol
3398 1313 3589 1384 majori
3612 1315 3816 1372 lumine

2242 1392 2427 1450 lunam
2443 1396 2730 1467 stellasque
2750 1412 2818 1455 ne
2838 1404 3041 1455 terram
3064 1399 3383 1469 illuminent,
3398 1405 3640 1475 impedit.
3661 1406 3816 1463 Unde

2242 1484 2325 1541 sic
2346 1492 2588 1555 vocatur,
2624 1486 2748 1557 quia
2785 1486 2930 1544 solus
2955 1488 3149 1548 obtusa
3168 1491 3315 1563 luna,
3343 1492 3620 1567 stellisque
3653 1504 3817 1553 aete-

2242 1576 2340 1643 ris,
2373 1588 2471 1649 per
2496 1574 2635 1635 diem
2662 1577 2863 1651 fulgeat
2888 1581 3068 1638 terris.

565 1678 713 1732 nium
742 1674 829 1731 vel
861 1684 1186 1743 sementum,
1234 1677 1497 1749 cujusque
1524 1679 1605 1736 rei
1628 1680 1930 1737 exordium.
1960 1678 2143 1738 Tertio
2317 1668 2475 1726 νείκει
2504 1666 2593 1725 ίθ·
2621 1701 2690 1711 -
2717 1688 2737 1723 ⁸
2770 1671 2922 1728 F60“
2946 1671 3091 1732 Deus
3114 1674 3221 1730 δυο
3243 1674 3548 1733 Ῑυωῖηπίθ·
3572 1697 3593 1730 ³
3620 1679 3810 1751 (θεολ,

566 1772 673 1836 die,
706 1786 812 1840 quo
842 1778 1081 1825 mentem
1122 1782 1274 1826 suam
1316 1772 1384 1828 ad
1415 1768 1671 1828 serendos
1706 1774 1972 1829 bonorum
2009 1787 2140 1845 ope-
2240 1756 2395 1835 ἰὸδάο)
2416 1752 2728 1817 ιυωίιιπὶπ
2752 1770 2946 1836 magna
2971 1774 3255 1837 possumus
3276 1770 3546 1839 accipere,
3569 1782 3677 1825 non
3702 1779 3815 1826 tam

571 1880 685 1918 rum
714 1862 923 1920 fructus
944 1868 1217 1934 praeparat
1247 1864 1408 1920 homo
1448 1883 1461 1919 :
1489 1877 1736 1935 separata
1764 1860 1905 1933 labe,
1936 1882 2001 1922 ac
2040 1866 2139 1922 ﬂu-

2242 1850 2472 1907 aliorum
2502 1855 2906 1924 comparatione
2933 1866 3091 1926 quam
3116 1870 3213 1930 per
3236 1874 3325 1926 se;
3366 1864 3427 1916 ut
3455 1861 3649 1917 coelum
3681 1862 3818 1919 dici-

566 1955 741 2010 ctihus
761 1955 1057 2010 carnalium
1082 1954 1461 2022 tentationum,
1480 1962 1735 2027 tanquam
1753 1957 1959 2012 aridam
1979 1958 2139 2014 habet

2244 1952 2333 1999 tur
2368 1958 2620 2016 magnum
2641 1986 2656 2012 ,
2692 1954 2749 2001 et
2788 1958 3042 2024 maguum
3084 1962 3252 2006 mare.
3281 1949 3374 2006 Sol
3409 1953 3553 2008 enim
3582 1964 3817 2025 magnus

568 2054 767 2100 terram
817 2045 1206 2102 tentationibus
1253 2047 1552 2118 separatis,
1596 2056 1658 2103 ut
1707 2044 1891 2103 dicere
1928 2047 2138 2118 possit:
2241 2036 2457 2103 dieitur.
2485 2036 2609 2109 (illia
2639 2038 2871 2108 complet
2895 2040 3080 2096 orbem
3116 2050 3273 2097 terra!
3295 2054 3393 2099 suo
3429 2044 3642 2100 ualere:
3671 2045 3817 2101 sicut

570 2157 588 2188 ι
626 2136 800 2193 Mente
821 2136 1000 2193 servio
1026 2136 1127 2209 legi
1156 2136 1273 2203 Dei,
1312 2157 1330 2189 ι
1365 2149 1471 2193 etc.
1501 2135 1680 2208 (Rom.
1706 2137 1826 2209 vn).
2240 2127 2368 2184 luna
2400 2144 2501 2185 SUO
2529 2127 2758 2198 lumine,
2789 2142 2909 2202 quae
2937 2132 2989 2188 ill
3027 2144 3346 2206 quacunque
3372 2136 3523 2209 parte
3548 2138 3671 2194 cteli
3698 2138 3818 2195 fue-

637 2226 796 2284 Vgns,
823 2222 911 2283 15,
939 2258 1008 2269 -
1053 2247 1072 2281 ι
1111 2226 1180 2284 Et
1206 2227 1406 2284 factum
1438 2236 1522 2285 est
1550 2238 1775 2299 vespere
1802 2230 1860 2284 et
1897 2242 2077 2285 mane,
2114 2248 2136 2283 ι
2239 2216 2370 2284 rint,
2407 2228 2572 2275 totam
2598 2226 2799 2277 terram
2824 2220 3142 2291 illuminant,
3168 2234 3222 2281 Cl.
3250 2240 3281 2282 a
3306 2229 3512 2284 cunctis
3541 2228 3814 2285 videntur.

566 2320 721 2391 (Isin.
771 2321 828 2374 in
858 2316 988 2374 Gen.
1009 2361 1024 2387 ,
1054 2328 1186 2376 tom.
1215 2320 1290 2387 V,
1321 2318 1423 2376 col.
1460 2318 1629 2392 207.)
1666 2318 1822 2375 Mane
1862 2318 2005 2376 tertii
2033 2319 2143 2377 diei
2242 2306 2620 2379 Masnitudinis
2647 2325 2834 2369 eorum
2863 2330 3115 2387 ωεεηιιω
3141 2326 3225 2374 εει
3251 2324 3646 2390 πευωθιιίοιην
3668 2320 3819 2391 (100d

564 2410 754 2481 incipit
792 2412 861 2467 ab
898 2411 1205 2476 Abraham,
1228 2420 1359 2479 ete.,
1397 2428 1558 2483 usque
1583 2412 1652 2467 ad
1676 2412 1911 2485 Vespera
1937 2413 1990 2468 iu
2017 2428 2139 2484 pec-

2240 2401 2492 2457 omnibus
2520 2402 2832 2461 hominibus
2848 2404 3161 2465 ideurorbis
3180 2410 3368 2465 eorum
3396 2410 3608 2466 videtur
3631 2428 3645 2463 :
3686 2424 3818 2465 nam

564 2504 699 2557 catis
727 2502 909 2573 pepuli
938 2501 1135 2572 quibus
1165 2500 1346 2557 divina
1391 2504 1643 2559 mandata
1676 2505 2026 2574 praeteribant
2050 2519 2139 2562 us-

2240 2490 2289 2545 si
2332 2490 2490 2562 longe
2528 2494 2721 2563 positis
2766 2496 2947 2553 minor
2971 2504 3027 2553 et
3054 2508 3223 2571 prope
3256 2499 3458 2570 major,
3500 2500 3818 2573 exiguitatis

564 2606 668 2660 que
691 2590 759 2646 ad
788 2588 967 2646 Saulis
989 2589 1272 2645 malitiam.
2241 2582 2499 2639 indicium
2523 2594 2684 2641 esset.

634 2682 822 2753 (lsm.,
845 2681 1010 2753 ibid:)
1038 2681 1135 2737 Die
1161 2682 1318 2737 tertia
1347 2684 1696 2754 congregavit
1727 2696 1896 2755 aquas
1920 2685 2139 2743 inferio-

2316 2693 2335 2726 ι
2372 2675 2661 2733 Luminare
2687 2676 2882 2750 majus,
2911 2698 2931 2732 ι
2964 2688 3067 2736 etc.
3093 2680 3279 2753 (Bent,
3310 2681 3462 2755 ibid.)
3483 2681 3687 2752 Solem,
3712 2686 3818 2743 aei-

566 2787 652 2827 res
679 2778 733 2827 et
759 2770 952 2838 salsas,
982 2770 1225 2827 inﬁdeles
1248 2771 1477 2839 scilicet,
1508 2776 2067 2847 concupiscentiarum
2085 2785 2139 2834 et

2241 2765 2371 2821 licet
2392 2782 2499 2824 non
2527 2769 2701 2825 solum
2730 2772 2975 2843 corporis
3004 2770 3211 2841 forma,
3242 2774 3335 2831 sed
3360 2774 3577 2833 luminis
3604 2778 3818 2850 magni-

565 2864 923 2918 tentationum
951 2861 1203 2919 ﬂuctibus
1229 2878 1349 2919 sese
1373 2865 1716 2936 quatientes:
1755 2874 1810 2923 et
1838 2868 2140 2941 segregavit
2241 2858 2455 2927 ῑυάίηθν
2501 2862 2625 2931 (lilia
2676 2860 2941 2919 mmmam
2992 2867 3170 2922 minus
3215 2874 3270 2923 ει
3320 2867 3505 2925 διθυδε
3556 2868 3811 2927 illustrat-

563 2957 629 3011 ab
653 2955 731 3012 eis
768 2952 1008 3022 aridam,
1034 2955 1090 3011 id
1113 2962 1217 3023 est,
1258 2954 1443 3013 ﬁdeles
1481 2957 1681 3015 fontem
1716 2958 1839 3016 fidei
1869 2960 2135 3019 sitientes.

2240 2946 2409 3021 Major
2431 2958 2513 3008 est
2554 2950 2717 3010 étiam
2759 2955 2812 3011 in
2853 2956 3055 3025 calore,
3081 2958 3207 3028 quia
3242 2960 3499 3017 mundum
3541 2962 3815 3031 calefacit,

561 3048 807 3105 [nﬁdeles
836 3062 965 3104 vero
1002 3049 1263 3116 coercuit,
1311 3054 1379 3105 ne
1422 3048 1722 3123 iniquitatis
1746 3068 1859 3111 sua:
1885 3052 2138 3112 ﬂuctibus
2237 3057 2364 3101 cum
2391 3047 2678 3116 praeteritis
2703 3056 2828 3105 ante
2849 3049 2966 3121 eius
2990 3050 3319 3107 creationem
3339 3052 3527 3111 diebus
3557 3053 3691 3109 nihil
3717 3066 3814 3110 ea-

564 3139 795 3205 aridam,
821 3140 875 3195 id
901 3148 985 3196 est
1004 3140 1238 3195 animam
1268 3140 1537 3198 sitientem
1563 3138 1750 3208 Deum,
1788 3144 2133 3211 conturbent,
2159 3188 2211 3255 ο
2238 3130 2370 3189 laris
2396 3130 2692 3255 ξεδιιὶξεθιο
2726 3134 2883 3206 Quod
2921 3142 3099 3197 autem
3139 3142 3362 3212 aequalis
3404 3143 3671 3215 uniusque
3697 3158 3818 3201 ma-

566 3233 831 3255 --.Ιὶε---.
865 3234 907 3255 -2
944 3234 1241 3255 ~-_....2._.__-
1280 3233 1483 3255 D_.__n__-
1512 3234 1771 3255 ι-..-ω--.-
1814 3251 1830 3255 -
1856 3254 1861 3255 ,
1888 3254 1931 3255 κη
2089 3246 2129 3255 -.
2242 3227 2389 3255 ησιέοι-
2430 3226 2533 3255 ξεν-ξι.
2583 3238 2683 3255 Μ
2727 3242 2844 3255 Α-..Α
2885 3231 2997 3255 -..1-
3045 3236 3277 3255 κλμ-..ειμ-
3329 3234 3452 3255 ιλ..-
3507 3248 3613 3255 ---Α
3663 3236 3813 3255 ,ξιιμ

563 3234 655 3288 sed
678 3233 834 3289 liceat
860 3234 911 3288 ei
941 3234 1247 3303 germinare
1278 3233 1486 3291 fructus
1512 3234 1776 3292 bonorum
1804 3251 2050 3309 operum,
2078 3246 2135 3294 et
2159 3226 2211 3255 “
2240 3226 2536 3297 KnininiS
2562 3226 2684 3282 Ῑσπθ
2725 3242 2846 3285 cum
2885 3231 2999 3288 8016
3040 3236 3299 3300 Cernitur.
3329 3234 3455 3290 hinc
3500 3248 3619 3291 esse
3658 3236 3819 3293 ait!!!

563 3322 784 3397 diligere
808 3325 1137 3397 proximum,
1163 3330 1224 3379 ut
1242 3320 1438 3382 habeat
1465 3326 1520 3380 in
1547 3340 1608 3382 se
1631 3342 1816 3383 semen
1842 3329 2139 3385 secundum
2236 3318 2383 3388 (1M
2428 3318 2598 3376 ωυιιο
2638 3320 2980 3394 longinquior
3009 3338 3041 3379 ἃ
3072 3324 3232 3382 terti!
3266 3334 3429 3398 atque
3456 3327 3615 3383 altior
3646 3342 3817 3399 quam

563 3410 967 3473 similitudinem
1013 3432 1196 3482 suam;
1240 3424 1301 3471 ut
1343 3417 1550 3474 scilicet
1588 3433 1656 3473 ex
1699 3432 1795 3474 sua
1824 3416 2139 3475 inﬁrmitate
2239 3407 2365 3464 Ιῐιηα
2411 3410 2628 3479 incedit,
2673 3413 2900 3485 ideoque
2940 3414 3257 3489 ἱππεηίιαάσ
3287 3420 3405 3489 εἰπε
3446 3426 3474 3475 δ
3518 3422 3675 3477 nobis
3703 3436 3815 3478 non

563 3510 923 3581 compatiatur
951 3506 1041 3564 alii
1063 3508 1361 3582 indigenti,
1395 3518 1450 3566 et
1486 3512 1750 3583 producat
1768 3512 1972 3585 lignum
2000 3511 2140 3570 forte

560 3601 921 3669 fructiferum,
944 3602 999 3657 id
1023 3611 1126 3668 est,-
1150 3603 1470 3673 benelicum,
1492 3605 1775 3677 eripienda
1795 3621 2139 3678 oppressum,

559 3707 615 3752 et
637 3696 926 3767 praebendo
949 3694 999 3751 ei
1023 3695 1376 3765 protectionis
1407 3696 1802 3753 umbraculum.

637 3784 803 3840 Vnus.
854 3784 942 3841 M.
974 3816 1044 3829 --
1074 3805 1093 3837 ί
1136 3782 1301 3869 ῙΗιιῑι⁸
1323 3794 1503 3843 autem
1540 3787 1684 3843 Deus
1721 3805 1735 3840 :
1786 3784 1945 3844 Fiant
1978 3788 2137 3845 lumi-

568 3900 584 3929 ι
615 3878 790 3943 naria,
811 3884 951 3933 tete.
970 3875 1232 3948 (Auo.,de
1255 3875 1385 3932 Gen.
1414 3878 1483 3933 ad
1514 3877 1751 3944 litt.,lib.
1777 3877 2135 3952 ιι,ο.1“5,14.)

561 3968 702 4036 Quia
733 3965 933 4023 visibili
970 3966 1170 4022 mundo
1197 3968 1575 4024 constituendo
1604 3969 1711 4023 duo
1737 3969 1853 4025 dies
1883 3976 2010 4025 sunt
2049 3978 2137 4024 at—

561 4058 768 4122 tributi,
797 4073 1063 4128 suprema:
1088 4057 1294 4113 scilicet
1313 4065 1369 4113 et
1393 4057 1593 4114 inﬁmae
1618 4060 1756 4130 parti
1786 4059 1971 4115 mundi
1997 4078 2010 4115 :
2050 4060 2135 4115 vi-

560 4148 825 4215 sibilibus,
852 4156 908 4203 et
944 4142 1232 4202 mobilibus
1274 4147 1458 4202 mundi
1503 4148 1782 4219 partibus,
1829 4162 1949 4219 qua:
1993 4149 2135 4204 intra

562 4237 819 4293 mundum
847 4242 1129 4303 creantur,
1163 4242 1274 4291 tres
1308 4234 1500 4307 reliqui
1536 4236 1775 4307 deputati
1816 4248 1961 4304 sunt,
1990 4248 2132 4307 etc.,

516 4388 527 4395 ,
561 4346 722 4402 usque
748 4331 816 4385 ad
854 4330 909 4385 in
951 4326 1384 4393 inchoationem,
1417 4342 1512 4384 seu
1536 4329 1895 4400 principatum
1925 4332 2131 4397 noctis,

561 4423 703 4495 quod
731 4423 793 4477 iit
822 4438 943 4477 cum
969 4421 1124 4491 plena
1146 4426 1251 4475 est.

690 4516 759 4572 Et
782 4514 1022 4570 dividant
1044 4515 1207 4569 diem.
1242 4532 1261 4563 ι
1298 4511 1496 4585 (Βευλ,
1527 4513 1585 4567 in
1608 4510 1884 4587 Hatram.)
1915 4506 1989 4570 Ea
2022 4513 2133 4570 sci-

559 4610 686 4665 licet
722 4606 1004 4671 divisione,
1039 4612 1096 4659 ut
1132 4604 1214 4660 sol
1243 4604 1401 4671 diem,
1433 4605 1558 4660 luna
1588 4613 1798 4661 noctem
1845 4604 2127 4662 illuminet.

558 4703 672 4758 Hoc
714 4702 858 4757 enim
902 4699 1061 4754 factis
1105 4696 1372 4754 sideribus
1397 4698 1462 4753 ad
1491 4706 1835 4769 augmentum
1859 4698 2131 4770 primariae

560 4796 696 4853 lucis
721 4794 972 4860 accessit,
1000 4801 1063 4847 ut
1088 4791 1250 4847 etiam
1279 4804 1383 4846 nox
1405 4788 1647 4862 prodiret
1672 4789 1958 4857 luminosa,
1989 4789 2130 4847 lunae

560 4886 644 4941 vel
669 4883 944 4941 stellarum
974 4880 1259 4953 Splendore
1298 4881 1523 4947 radiata,
1562 4894 1681 4952 qum
1723 4882 1986 4937 hactenus
2008 4888 2132 4936 tan-

562 4986 673 5030 tum
697 4975 949 5030 tenebras
975 4981 1217 5027 noverat.
1249 4972 1316 5027 Et
1343 4973 1388 5027 si
1418 4972 1562 5027 enim
1592 4986 1697 5027 nox
1727 4971 2013 5028 tenebrosa
2042 4968 2129 5026 vi-

557 5062 716 5119 detur
747 5061 1035 5117 obscurato
1063 5070 1212 5125 aere,
1240 5060 1333 5129 qui
1358 5058 1515 5117 terris
1537 5060 1813 5132 proximus
1836 5066 1939 5124 est,
1969 5072 2129 5129 supe-

559 5156 702 5209 riora
726 5161 906 5209 tamen
928 5153 1069 5209 aeris
1091 5152 1263 5223 spatia
1283 5164 1496 5223 semper
1516 5152 1756 5210 siderum
1779 5150 1984 5224 fulgore
2004 5160 2131 5209 sunt

558 5244 812 5405 luxit},
837 5331 931 5388 lib.
962 5347 999 5387 ιι
1023 5332 1089 5386 de
1117 5332 1247 5388 Gen.
1272 5333 1342 5387 ad
1371 5331 1501 5397 litt.,
1543 5348 1592 5388 c.
1627 5332 1740 5401 18.)
1778 5329 1929 5389 Solet
1958 5334 2128 5404 quaeri

560 5432 736 5478 utrum
767 5423 882 5479 hac
902 5422 1186 5478 luminaria
1210 5434 1433 5493 corpora
1462 5422 1576 5477 sola
1598 5424 1706 5478 sint
1725 5465 1740 5488 ,
1771 5433 1865 5479 aut
1894 5422 2131 5482 habeant

560 5520 796 5569 rectores
825 5513 1065 5585 spiritus,
1086 5523 1142 5568 et
1165 5515 1241 5569 ab
1257 5513 1336 5568 eis
1361 5512 1599 5569 vitaliter
1617 5514 1967 5585 inspirentur,
1990 5517 2131 5573 sicut
2190 5534 2204 5545 ·

555 5616 652 5673 per
685 5606 898 5661 animas
942 5604 1251 5660 animalium
1295 5618 1488 5658 carnes
1551 5604 1875 5662 animantur.
1916 5606 2025 5665 Sed
2058 5608 2129 5668 de

559 5702 667 5750 tam
695 5697 922 5753 obscura
950 5710 1007 5750 re
1033 5694 1163 5749 nihil
1194 5688 1766 5751 temere'credendum.

628 5804 649 5867 ι
682 5784 751 5842 Et
772 5788 877 5844 sint
902 5787 956 5842 in
984 5784 1153 5856 signa,
1193 5804 1211 5836 ›
1245 5791 1349 5841 etc.
1375 5783 1539 5857 (BEDA
1560 5826 1574 5855 ,
1599 5784 1750 5860 ibid.)
1778 5786 1916 5857 Quia
1944 5790 2157 5875 prius-_

2236 3510 2419 3649 {esset
2447 3500 2708 3576 dignosci.
2740 3503 2933 3563 Omnia
2958 3509 3104 3565 enim
3130 3509 3343 3581 longius
3359 3511 3536 3582 posita
3559 3513 3819 3570 videntur

2276 3608 2506 3649 revnora.

2339 3608 2506 3650 Vim.

2276 3608 2506 3650 revrora.

2317 3705 2334 3737 ι
2368 3686 2434 3742 Ει
2463 3686 2726 3744 luminare
2753 3689 2951 3756 minus,
2980 3709 2999 3742 ι
3033 3699 3138 3747 etc.
3170 3690 3237 3748 Et
3263 3692 3306 3749 si
3335 3691 3517 3749 lunam
3548 3700 3601 3750 et
3626 3694 3817 3754 stellas

2239 3776 2470 3848 majores
2491 3777 2545 3830 in
2564 3776 2651 3833 die
2673 3776 2965 3847 aliquando
2982 3780 3152 3836 videri
3171 3784 3460 3854 contingat,
3491 3796 3599 3840 non
3626 3793 3815 3843 tamen

2239 3866 2368 3933 diei,
2395 3867 2491 3922 sed
2518 3869 2661 3923 nocti
2693 3868 2830 3924 lueis
2859 3870 3107 3926 solatium
3131 3886 3225 3927 eas
3256 3871 3450 3931 εαξη-ο
3473 3880 3705 3933 constat.

2310 3955 2519 4028 (Aue.,
2565 3956 2631 4013 de
2675 3957 2803 4014 Gen.
2835 3960 2905 4013 ad
2930 3960 3030 4015 litt.
3061 3961 3157 4018 lib.
3189 3976 3248 4029 ιι,
3283 3978 3332 4020 c.
3373 3964 3475 4031 l5,
3517 3972 3645 4021 tom.
3678 3966 3813 4041 ΠΙ.)

2238 4052 2390 4108 Tunc
2409 4055 2553 4110 enim
2578 4056 2630 4111 in
2656 4059 2833 4114 noctis
2854 4058 3079 4116 exordio
3098 4058 3311 4116 videtur
3330 4060 3480 4127 luna,
3502 4074 3625 4117 eum
3649 4060 3815 4132 plena

2237 4156 2336 4209 est.
2366 4148 2499 4205 alias
2525 4164 2673 4208 non:
2707 4160 2761 4207 et
2788 4166 2886 4222 per
2910 4154 3051 4209 diem
3074 4150 3264 4225 incipit
3288 4150 3458 4211 videri
3483 4162 3608 4211 ante
3638 4155 3815 4226 pleni-

2236 4238 2502 4306 tudinem,
2530 4244 2586 4295 et
2613 4241 2667 4296 in
2688 4252 2975 4313 progressu
3009 4245 3202 4300 noctis.

2307 4330 2943 4397 Vuns.l7,lS-—...
2989 4333 3816 4400 .rUtlucereut,rete.li:nc

2235 4420 2304 4476 de
2330 4421 2539 4491 magnis
2568 4421 2924 4477 luminaribus
2950 4423 3169 4495 intelligi
3190 4432 3414 4494 possunt
3437 4432 3489 4479 et
3512 4424 3680 4481 stellis
3704 4442 3719 4492 ;
3751 4434 3816 4481 ut

2236 4511 2378 4580 quod
2400 4511 2605 4567 dictum
2630 4518 2733 4579 est,
2762 4526 2783 4563 ‹
2808 4519 2868 4566 ιιι
2894 4524 3189 4582 praeessent
3206 4514 3334 4580 diei,
3364 4532 3383 4566 ι
3408 4516 3476 4569 ad
3498 4513 3664 4570 solem
3687 4528 3814 4584 spc-

2235 4601 2475 4667 cialiter;
2502 4602 2643 4671 quod
2670 4601 3017 4671 subjonctum
3034 4610 3141 4668 est,
3167 4618 3187 4656 ‹
3216 4612 3273 4659 et
3291 4605 3457 4671 nocti,
3488 4622 3509 4656 ι
3532 4604 3601 4659 ad
3623 4603 3813 4659 lunam

2235 4698 2292 4746 et
2317 4690 2501 4747 stellas
2526 4692 2822 4762 pertineat;
2858 4692 3003 4762 quod
3026 4700 3157 4748 vero
3182 4692 3420 4761 additur,
3450 4708 3470 4746 ι
3508 4693 3815 4751 dividerent

2235 4783 2411 4841 lucem
2439 4798 2503 4842 ac
2526 4788 2803 4854 tenebras,
2838 4806 2858 4839 ι
2884 4788 3132 4844 omnium
3153 4802 3305 4858 atque
3327 4789 3642 4855 conveniat;
3687 4803 3814 4860 quae

2235 4886 2555 4946 quocunque
2582 4876 2860 4942 incedunt,
2882 4876 3063 4931 lucem
3080 4875 3496 4945 circumferunt;
3520 4876 3659 4933 unde
3680 4893 3812 4933 cum

2234 4965 2459 5034 absunt,
2504 4967 2789 5024 tenebrosa
2836 4978 3032 5024 cuncta
3078 4969 3404 5040 relinquunt.
3445 4970 3502 5025 Si
3534 4977 3814 5040 quaeratur

2235 5060 2395 5128 quale
2428 5062 2601 5131 potuit
2636 5076 2758 5118 esse
2790 5064 2973 5118 lumen
3012 5065 3265 5120 diurnum
3311 5074 3437 5120 ante
3473 5067 3812 5122 creationem

2232 5151 2492 5216 siderum,
2528 5155 2915 5223 respondemus
2934 5155 3092 5225 quale
3118 5156 3362 5211 videmus
3386 5155 3517 5211 solis
3537 5163 3661 5210 ortu
3679 5170 3811 5225 pro-

2233 5243 2489 5309 ximante,
2525 5244 2757 5299 necdum
2783 5254 3110 5315 appareate:
3157 5248 3373 5315 quando
3413 5241 3617 5302 sciﬁcet
3663 5246 3812 5302 lueet

2232 5332 2438 5388 obtusis
2483 5333 2647 5389 radiis
2688 5334 2967 5391 stellarum
3005 5335 3141 5403 dies,
3176 5337 3271 5393 sed
3299 5336 3521 5392 minime
3545 5335 3626 5391 sol
3650 5344 3809 5392 ortus

2234 5424 2475 5496 refulget.

2302 5518 2474 5589 (lsm.,
2501 5519 2559 5573 in
2584 5518 2737 5587 Gem,
2770 5530 2896 5576 tom.
2928 5522 2971 5578 ν
2995 5562 3010 5589 ,
3048 5523 3153 5579 col.
3180 5520 3341 5595 207.)
3362 5522 3461 5577 Die
3479 5528 3673 5591 quam
3698 5523 3806 5576 nll—

2229 5619 2459 5664 cuerunt
2483 5609 2769 5665 luminaria
2791 5612 2847 5665 in
2866 5606 3208 5669 ﬁrmamento
3226 5613 3372 5678 cteli,
3395 5620 3525 5679 eae,
3546 5622 3709 5683 usque
3732 5611 3805 5666 ad

2228 5705 2355 5773 quia
2386 5710 2507 5774 post
2528 5704 2667 5759 bona
2703 5716 2863 5772 opera
2894 5705 3040 5759 venit
3067 5702 3418 5770 illeminatio,
3456 5710 3562 5777 qua
3592 5704 3807 5760 videtur

2229 5794 2433 5863 species
2458 5809 2702 5865 superum:
2728 5794 2985 5851 veritatis.
