4074 6334
288 378 365 446 π

1352 380 1620 441 GLOSSA
1655 376 2049 441 ORDINAIHA.
2091 413 2161 423 —
2196 382 2325 440 LIB.
2363 382 2525 440 SEN.
3474 388 3542 446 τε

365 500 550 572 (Aura.
578 498 647 554 de
671 494 803 553 Gen.
824 505 1009 553 contra
1030 490 1289 562 Huisit...
1323 496 1420 552 lib.
1453 513 1495 564 ι,
1525 514 1575 553 c.
1605 496 1699 563 24,
1735 504 1867 553 ιοω.

1974 494 2199 568 (Tutum
2243 512 2301 568 q.
2350 497 2419 552 18
2462 497 2521 551 in
2547 494 2707 570 Gen.)
2732 495 2893 552 Pueri
2932 502 3043 551 tum
3069 496 3547 565 terriculamentis,

290 592 359 649 Ill
380 634 396 656 ,
434 590 541 647 col.
576 589 730 662 191.)
759 588 962 657 Quarto
989 588 1110 654 die,
1138 605 1250 659 quo
1286 591 1348 644 in
1392 588 1486 645 illo
1530 589 1871 644 ﬁrmamento

290 684 595 756 disciplina:
642 696 795 739 mens
838 681 1145 752 spirituales
1192 680 1570 753 intelligendas
1616 690 1873 753 operatur

288 783 459 844 atque
487 772 808 843 distinguit,
860 772 1006 827 videt
1039 788 1159 842 qua:
1192 773 1264 828 sit
1296 773 1749 829 incommutabilis
1774 776 1869 827 ve-

288 865 451 929 ritas,
494 878 616 935 quae
659 863 800 918 sicut
832 862 911 919 sol
938 862 1143 934 fulgeat
1166 864 1229 949 ‘in
1257 865 1476 931 anima;
1513 875 1570 921 et
1601 865 1871 935 quomodo

287 957 477 1012 anima
504 955 675 1024 ipsius
700 954 970 1025 particeps
1014 954 1141 1021 ﬂat,
1180 964 1236 1011 et
1277 955 1491 1025 corpori
1531 956 1774 1011 ordinem
1814 962 1873 1011 et

284 1047 746 1120 pulchritudinem
770 1047 992 1114 tribuat,
1023 1055 1279 1119 tanquam
1301 1048 1425 1103 luna
1446 1047 1757 1103 illuminans
1772 1062 1869 1103 no-

284 1144 453 1193 ctem.
480 1136 551 1193 Et
575 1138 847 1207 quomodo
870 1138 1040 1195 stellae
1064 1152 1274 1204 omnes,
1313 1139 1366 1194 id
1394 1148 1478 1196 est
1505 1140 1869 1212 intelligentiae

284 1228 621 1301 spirituales,
650 1229 706 1285 in
734 1227 893 1300 huius
913 1230 1037 1286 vitae
1060 1231 1390 1289 obscuritate
1410 1240 1665 1302 tanquam
1693 1231 1747 1286 in
1774 1244 1869 1287 no-

285 1332 380 1383 cte
402 1323 663 1396 fulgeant.

360 1417 528 1475 Vsus.
554 1416 644 1473 19.
670 1446 744 1457 -
771 1433 791 1468 ι
825 1416 893 1473 Et
919 1415 1123 1473 factum
1156 1425 1240 1473 est
1280 1431 1505 1488 vespere
1531 1424 1589 1471 et
1612 1431 1773 1472 mane
1790 1455 1806 1481 ,
1840 1436 1861 1470 ι

284 1520 398 1568 etc.
416 1508 604 1575 (Beas,
630 1509 687 1563 in
708 1507 990 1575 limem,-
1018 1518 1147 1564 tom.
1176 1506 1242 1576 ll,
1273 1510 1378 1565 col.
1410 1509 1522 1583 l3.)
1556 1510 1616 1565 ln
1649 1511 1753 1567 hac
1776 1524 1869 1567 ve-

284 1615 450 1673 spera
476 1599 708 1670 populus
747 1599 843 1655 Dei
891 1599 946 1654 in
986 1599 1219 1673 AEgypto
1255 1616 1454 1672 agnum
1491 1602 1707 1669 obtulit,
1732 1610 1864 1669 etc.,

285 1707 454 1763 usque
479 1690 549 1745 ad
581 1705 733 1762 spem
759 1699 922 1760 atque
956 1690 1115 1747 fidem
1142 1690 1388 1748 donaret.

368 1800 387 1833 ι
426 1781 494 1837 Et
522 1779 725 1839 factum
749 1789 835 1838 est
858 1794 1113 1852 vespere,
1156 1803 1177 1837 ο
1215 1792 1318 1841 etc.
1345 1783 1518 1855 (1811),,
1547 1784 1634 1839 ιιὑὶ
1656 1786 1867 1857 supra.)

290 1870 459 1931 Hane
472 1881 683 1943 quarta:
722 1872 830 1929 diei
869 1888 1096 1944 regnum
1129 1875 1319 1930 David.
1351 1875 1477 1931 nec
1515 1884 1651 1932 atas
1674 1856 1869 1932 simng
1893 1856 1943 1918 Β
1967 1870 2111 1939 quod
2137 1870 2193 1925 in
2220 1869 2315 1926 illo
2343 1870 2685 1928 characteres
2718 1872 2958 1929 divinam
2986 1873 3273 1947 imaginem
3300 1874 3553 1945 praesefe-
3652 1858 3675 1871 ⁸

284 1970 375 2017 est
390 1961 678 2033 iuventuti,
708 1977 832 2032 qua:
859 1961 1002 2018 inter
1030 1979 1219 2019 omnes
1247 1973 1436 2035 regnat
1462 1974 1672 2032 aetates,
1700 1977 1756 2023 et
1780 1965 1869 2023 lir—

284 2068 441 2111 mum
469 2062 551 2109 est
573 2053 814 2109 omnium
840 2063 1060 2110 aetatum
1091 2056 1486 2113 firmamentum
1515 2075 1528 2111 :
1557 2059 1701 2113 unde
1718 2074 1869 2114 com-

284 2154 518 2215 paratur
540 2153 731 2215 quarto
758 2145 864 2201 diei
882 2185 897 2212 ,
935 2161 1042 2216 quo
1067 2145 1210 2202 facta
1247 2157 1373 2204 sunt
1399 2148 1578 2205 sidera
1602 2149 1657 2204 in
1684 2147 1868 2205 firma-

282 2244 476 2290 ntento
502 2233 645 2291 εαξη.
686 2233 955 2306 Splendor
1000 2238 1266 2309 siquidem
1311 2237 1441 2294 solis
1481 2240 1630 2310 regni
1673 2238 1868 2311 ﬁgurat

283 2322 706 2390 excellentiam,
772 2325 983 2396 plebem
1037 2328 1501 2400 obtemperantem
1551 2329 1663 2402 regi
1728 2329 1869 2387 lunae

284 2417 543 2487 splendor
570 2402 828 2486 ostendit,
859 2428 1115 2491 tanquam
1148 2420 1505 2493 Synagogam.
1530 2419 1710 2477 Stellae
1738 2437 1869 2479 vero

282 2508 558 2581 principes
582 2508 702 2577 ejus
728 2518 871 2577 sunt,
903 2520 957 2566 ct
978 2511 1158 2566 omnia
1190 2509 1410 2567 fundata
1437 2512 1494 2567 in
1525 2511 1678 2585 regni
1701 2511 1869 2569 stabi-

282 2600 458 2668 litate,
483 2611 741 2674 tanquam
764 2603 819 2659 in
848 2603 1211 2661 ﬁrmamento.

360 2693 523 2750 Vsus.
554 2694 646 2751 20.
676 2724 747 2737 -
784 2714 804 2747 ε
833 2694 979 2751 Dixit
1020 2697 1185 2753 etiam
1225 2696 1397 2762 Deus,
1434 2716 1455 2752 ι
1501 2706 1610 2753 etc.
1657 2697 1863 2771 (Bent,

283 2786 378 2843 ubi
402 2786 618 2861 supra.)
645 2786 777 2844 Post
809 2795 1059 2844 ornatam
1083 2796 1279 2860 quarto
1302 2788 1390 2845 die
1410 2788 1531 2846 cteli
1566 2788 1760 2844 faciem
1793 2789 1870 2843 lu-

284 2881 613 2948 minaribus,
642 2889 906 2937 ornantur
934 2882 1048 2937 suis
1070 2882 1395 2939 animalibus
1416 2883 1504 2939 die
1523 2882 1712 2953 quinto
1732 2881 1869 2938 infe-

285 2974 465 3029 riores
492 2973 681 3029 mundi
710 2980 913 3045 partes,
946 2989 1085 3045 aqua
1110 2973 1320 3029 scilicet
1343 2981 1399 3031 et
1420 2989 1535 3029 aer.

363 3085 383 3119 ί
420 3066 571 3122 Dixit
604 3067 769 3122 etiam
808 3066 988 3123 Deus:
1033 3067 1342 3124 Producant
1381 3083 1536 3139 aquae
1570 3066 1804 3139 reptile,
1841 3084 1862 3120 ι

284 3165 393 3215 etc.
425 3157 612 3230 (AUG.,
644 3157 736 3213 lib.
772 3173 810 3214 ιι
834 3157 899 3212 de
927 3154 1054 3212 Gen.
1088 3159 1157 3212 ad
1176 3158 1315 3227 ἄκη
1345 3173 1410 3215 ex
1441 3174 1491 3214 c.
1522 3160 1547 3214 l
1578 3200 1592 3224 ,
1618 3159 1687 3227 2,
1713 3159 1779 3225 5,
1808 3159 1863 3225 4,

1971 596 2086 644 tum
2106 588 2237 644 loris
2263 588 2428 644 etiam
2450 598 2507 644 et
2523 588 2691 661 virgis
2722 589 3000 659 indigent:
3031 603 3129 659 per
3154 589 3241 644 illa
3264 591 3410 659 ipsos
3438 599 3551 648 terv

1973 694 2177 745 remus,
2204 695 2302 750 per
2332 680 2446 735 hac
2482 689 2663 736 autem
2703 680 3026 737 erudimus:
3060 680 3196 736 Cum
3238 680 3400 751 igitur
3423 682 3546 737 ani—

1971 772 2264 827 madvertit
2301 781 2357 828 et
2396 788 2495 829 nos
2534 773 2678 829 Deus
2708 773 2779 829 ad
2823 773 3091 845 ignaviam
3139 772 3424 844 proclives,
3447 772 3573 849 be-.

1969 862 2105 919 stias
2142 864 2402 929 condidit;
2449 862 2616 919 veluti
2658 864 2772 920 lora
2836 865 3082 934 quasdam
3140 866 3198 919 et
3262 863 3547 919 terricula—

1968 962 2170 1020 menta,
2204 964 2264 1010 ut
2306 969 2404 1027 per
2443 972 2510 1011 ea
2532 968 2633 1013 nos
2661 965 2870 1014 terrens
2898 955 2967 1012 ad
2993 968 3054 1014 se
3090 958 3345 1024 traheret,
3385 962 3548 1029 atque

1967 1044 2086 1115 ejus
2116 1047 2377 1102 auxilium
2408 1048 2840 1119 imploraremus.
2887 1049 2960 1104 At
3001 1050 3145 1105 sicut
3179 1051 3273 1121 qui
3319 1050 3547 1120 perfecti

1967 1146 2094 1195 sunt
2115 1139 2553 1195 terriculamenta
2577 1140 2901 1209 huiusmodi,
2924 1150 2982 1197 et
3001 1141 3116 1197 lora
3155 1150 3540 1207 contetununt;

1966 1230 2051 1287 sic
2071 1231 2163 1301 qui
2209 1230 2265 1287 in
2292 1232 2492 1288 virtute
2530 1232 2743 1289 educati
2783 1242 2925 1299 sunt,
2966 1234 3260 1290 bestiarum
3292 1235 3544 1293 incursus

1964 1335 2075 1377 non
2106 1320 2416 1378 formidant.
2471 1321 2748 1393 Siquidem
2799 1324 2949 1391 Adae,
2979 1326 3291 1397 priusquam
3326 1334 3547 1398 peccas-

1965 1421 2069 1480 set,
2119 1414 2449 1471 assistebant
2495 1416 2701 1483 bestiae,
2757 1419 3074 1489 obsequium
3118 1420 3453 1490 prolltentes.
3478 1421 3549 1480 Et

1963 1517 2182 1561 rursum
2200 1505 2378 1576 ipsum
2405 1504 2521 1562 Noe
2548 1507 2943 1578 ingredientem
2971 1525 3174 1577 arcam,
3203 1510 3309 1577 leo,
3346 1512 3549 1583 pardus

1963 1602 2020 1651 et
2051 1595 2351 1651 bestiarum
2387 1597 2745 1653 atrocissima:
2771 1613 3018 1669 quaeque,
3043 1600 3223 1655 ovium
3251 1616 3426 1668 more,
3463 1617 3549 1658 se-

1963 1685 2288 1755 quebantur.
2336 1686 2407 1743 Et
2428 1688 2639 1744 Danieli
2675 1691 2902 1746 aderant
2943 1686 3153 1759 leo‘nes,
3205 1694 3298 1763 qui
3344 1693 3547 1766 alioqui

1961 1776 2219 1845 famelici,
2257 1779 2519 1836 accedere
2545 1790 2725 1837 tamen
2754 1782 2823 1838 ad
2847 1798 2971 1838 eum
2998 1798 3102 1838 non
3140 1784 3444 1852 audebant,
3483 1800 3550 1843 eo

1968 1969 2155 2017 rentes
2177 1963 2572 2033 conspicerent.
2612 1963 2803 2020 Itidem
2826 1965 3034 2035 vipera,
3056 1981 3179 2036 qua:
3200 1967 3390 2023 dentes
3408 1966 3547 2037 inje-

1968 2060 2120 2108 cerat
2142 2053 2200 2108 in
2228 2068 2450 2108 manum
2473 2053 2739 2124 Apostoli,
2757 2070 2879 2109 cum
2899 2055 3036 2110 nihil
3049 2064 3273 2126 peccato
3300 2066 3548 2113 tenerum

1966 2152 2062 2199 aut
2101 2144 2261 2199 molle
2282 2145 2338 2200 in
2382 2158 2447 2201 eo
2485 2146 2797 2215 reperisset,
2820 2161 2947 2200 mox
2976 2145 3189 2211 resiliit,
3210 2147 3343 2202 etin
3364 2148 3544 2220 ignem

1966 2249 2027 2292 se
2076 2234 2325 2306 coniecit,
2355 2236 2676 2307 supplicium
2723 2237 2792 2293 de
2818 2237 2995 2308 seipse
3017 2236 3416 2307 quodammodo
3456 2252 3547 2296 su-

1966 2340 2145 2394 mens,
2164 2326 2308 2397 quod
2324 2342 2521 2397 corpus
2541 2326 2645 2383 sibi
2668 2325 2976 2382 nullatenus
2999 2327 3329 2385 conveniam
3349 2327 3542 2383 adorta

1967 2427 2135 2476 esset.
2184 2418 2297 2474 Nos
2343 2428 2525 2475 autem
2584 2418 2707 2473 ideo
2751 2417 2954 2474 bestias
3006 2415 3388 2484 formidamus,
3415 2419 3543 2489 quia

1963 2511 2219 2567 virtutem
2248 2509 2589 2582 negligimus.
2615 2509 2885 2565 Przeterea
2920 2516 2977 2565 et
3002 2508 3068 2564 ad
3097 2508 3204 2565 alia
3232 2509 3419 2565 bestia:
3441 2525 3546 2565 non

1965 2611 2095 2661 sunt
2124 2603 2281 2660 nobis
2319 2602 2541 2659 inutiles
2572 2619 2587 2656 :
2633 2618 2755 2659 nam
2794 2618 2858 2660 ex
2905 2602 2986 2658 eis
3022 2600 3213 2657 medici
3258 2601 3551 2672 pharmace

1965 2710 2075 2751 non
2102 2710 2275 2767 pauca
2307 2703 2637 2766 componunt
2657 2695 2725 2750 ad
2750 2695 2971 2751 morbos
2993 2693 3306 2767 pellendos:
3340 2710 3410 2750 ne
3430 2695 3554 2766 quis

1966 2785 2133 2857 igitur
2188 2767 2393 2842 bestias
2435 2785 2789 2841 considerans
2827 2786 2897 2841 de
2944 2785 3204 2843 Creatcre
3253 2800 3554 2857 conquera-

1966 2886 2076 2945 tur,
2108 2879 2202 2934 sed
2223 2877 2511 2933 utilitatem
2536 2877 2845 2948 investiget.

2014 2986 2062 3020 -¢
2098 2967 2169 3023 Et
2187 2982 2406 3024 omnem
2437 2968 2695 3035 animam,
2727 2988 2747 3021 ι
2782 2976 2888 3024 etc.
2938 2968 3021 3025 Ad
3057 2966 3421 3024 differentiam
3459 2967 3555 3024 ho-

1966 3061 2151 3127 minis,
2181 3059 2274 3131 qui
2305 3059 2583 3116 faciendus
2622 3060 2687 3115 ad
2720 3059 3010 3131 imaginem
3052 3058 3169 3122 Dei,
3207 3067 3283 3126 et,
3326 3058 3372 3114 si
3418 3073 3552 3131 prai-

1969 3162 2125 3225 cepta
2169 3159 2435 3221 servaret,
2482 3159 2745 3223 perpetua
2786 3150 3227 3206 immutabilitate
3283 3157 3551 3205 maneret.

283 3249 321 3304 5
346 3258 402 3303 et
428 3223 482 3314 is,
505 3223 636 3305 tom.
661 3247 773 3322 ιιι.)
805 3248 1095 3321 Oportebat
1120 3251 1174 3306 in
1196 3223 1446 3308 creandis
1475 3223 1867 3309 habitatoribus
1892 3223 1939 3288 (ἶ
1969 3223 2179 3300 Caetera
2202 3259 2335 3300 vero
2364 3242 2618 3301 animalia
2640 3241 2720 3298 sic
2749 3238 2893 3298 facta
2916 3248 3067 3309 sunt.
3098 3248 3160 3295 ιιι
3200 3238 3307 3294 alia
3350 3238 3471 3295 aliis
3494 3239 3552 3296 in

285 3341 565 3398 inferioris
592 3343 786 3413 partis,
823 3352 957 3411 etc.,
987 3361 1147 3416 usque
1179 3344 1250 3399 ad
1275 3344 1428 3413 Quod
1460 3344 1866 3417 intelligendum

284 3449 398 3489 non
440 3443 525 3489 est
569 3434 674 3491 nisi
720 3433 777 3489 in
821 3449 1083 3507 aquarum
1120 3443 1366 3493 naturam
1404 3436 1701 3509 pinguioris
1724 3437 1869 3493 aeris

281 3526 551 3597 qualitate
577 3542 892 3585 conversos.
913 3518 917 3525 ’
1586 3596 1593 3603 _

367 3636 383 3667 ι
414 3614 623 3674 Anima:
651 3617 899 3674 viventis.
926 3635 946 3671 ι
980 3617 1159 3691 (Auc.,
1181 3616 1334 3684 ibid.,
1355 3631 1405 3674 c.
1436 3616 1516 3695 8.)
1537 3616 1595 3673 ld
1618 3625 1725 3683 est,
1750 3633 1869 3688 qua:

286 3718 418 3767 sunt
442 3709 497 3764 in
523 3710 807 3766 animabus
835 3711 995 3777 vivis,
1046 3711 1186 3766 sicut
1207 3710 1404 3765 dicitur
1429 3727 1444 3765 :
1486 3709 1745 3780 lgnobilia
1776 3711 1872 3767 ho-

287 3802 521 3867 minum,
546 3800 600 3856 id
618 3809 729 3868 est,
748 3802 842 3873 qui
864 3811 990 3857 sunt
1011 3800 1064 3856 in
1088 3801 1396 3858 hominibus
1417 3800 1697 3874 ignobiles.
1718 3800 1872 3869 Quod

287 3893 513 3963 quidam
561 3899 782 3963 propter
828 3894 1136 3949 tarditatem
1196 3907 1388 3949 sensus
1429 3900 1621 3965 putant
1667 3893 1872 3948 dictum

288 3999 413 4040 esse
448 3982 531 4037 vel
561 3983 685 4053 quia
715 3984 891 4054 pisces
912 3983 1108 4040 nullius
1134 3984 1243 4040 sint
1272 3986 1581 4052 memoriae;
1622 3985 1716 4041 sed
1754 4000 1874 4041 cer-

290 4078 565 4133 tissimum
595 4084 680 4133 est
701 4091 796 4133 eos
821 4077 1020 4133 habere
1050 4076 1391 4132 memoriam.

367 4170 550 4240 (Aea,
585 4169 673 4223 ubi
698 4185 877 4240 supra,
901 4184 949 4225 c.
978 4169 1034 4235 3,
1062 4168 1143 4241 4.)
1165 4169 1240 4224 De
1267 4169 1621 4226 conversione
1640 4168 1878 4225 elemen-

293 4271 473 4318 torum
504 4261 844 4331 quazstioest.
875 4261 981 4317 Alii
1010 4261 1195 4317 dicunt
1228 4262 1409 4318 omnia
1456 4277 1613 4333 posse
1635 4262 1877 4319 converti

290 4352 349 4408 in
410 4354 619 4420 omnia,
669 4362 800 4420 etc.,
856 4371 1018 4425 usque
1046 4354 1115 4409 ad
1142 4355 1289 4425 quod
1321 4355 1468 4410 enim
1498 4362 1643 4409 tactu
1684 4369 1876 4425 aquas,

289 4454 593 4516 ventosque
626 4446 918 4510 sentimus;
968 4445 1093 4500 hinc
1119 4456 1204 4501 est
1226 4445 1369 4516 quod
1399 4443 1567 4500 solida
1599 4453 1741 4498 terra
1763 4458 1879 4499 om-

1969 3337 2280 3394 alimoniam
2309 3336 2565 3393 cederent
2590 3333 2679 3390 vel
2717 3333 2873 3391 senio
2924 3332 3236 3389 deficerent.

2042 3430 2208 3487 Vsus.
2239 3430 2331 3485 22.
2358 3460 2426 3473 --
2475 3448 2495 3481 ι
2546 3427 2937 3497 Benedixitque
2976 3424 3106 3489 illis,
3150 3443 3169 3476 ι
3214 3431 3323 3478 etc.
3368 3420 3553 3493 (Aut,

1969 3521 2062 3580 lib.
2095 3523 2161 3578 de
2189 3520 2322 3576 Gen.
2351 3521 2504 3591 imp.,
2533 3535 2582 3576 c.
2607 3519 2697 3585 15,
2729 3526 2861 3573 tom.
2889 3516 3000 3587 Ill.)
3020 3513 3460 3570 Benedictionem
3485 3513 3553 3568 ad

1970 3611 2360 3668 fecunditatem
2389 3608 2567 3663 valere
2604 3606 2795 3672 voluit,
2833 3620 2953 3677 quae
2981 3605 3036 3660 in
3065 3602 3412 3660 successione
3431 3619 3557 3675 pro-
3588 3638 3604 3651 ς

1969 3701 2039 3759 lis
2063 3709 2309 3774 apparet,
2336 3707 2481 3754 utea
2506 3696 2884 3754 benedictione
2925 3710 3033 3768 qua
3058 3694 3276 3751 infirma
3316 3703 3374 3750 et
3410 3711 3558 3752 mor-

1974 3793 2103 3848 talia
2154 3801 2339 3850 creata
2407 3799 2555 3858 sunt,
2606 3805 2778 3863 genus
2835 3804 2995 3847 suum
3042 3787 3318 3843 nascendo
3372 3796 3557 3863 custo-

1975 3885 2145 3941 diant.
3502 3919 3514 3930 .

2046 3976 2401 4049 (Cnsrsos'r.,
2447 3975 2587 4029 ham.
2630 3975 2662 4029 7
2694 3972 2749 4029 in
2781 3969 2913 4028 Gen.
2941 3983 3127 4051 ,Atom.
3161 3954 3251 4039 lii,
3293 3971 3396 4027 col.
3445 3968 3562 4044 66.)

1975 4070 2094 4144 lpsa
2124 4086 2254 4142 ergo
2289 4067 2591 4125 benedictio
2612 4075 2716 4132 est,
2749 4066 2805 4120 in
2847 4079 3043 4137 magno
3077 4078 3327 4131 numero,
3352 4071 3408 4118 et
3431 4059 3566 4116 mul.

1978 4165 2208 4220 titudinc
2247 4162 2453 4233 augeri,
2477 4168 2534 4215 et
2561 4157 2930 4229 multiplicari.
2970 4156 3105 4210 Nam
3135 4156 3263 4227 quia
3304 4155 3563 4210 animate

1978 4263 2240 4311 creatum:
2261 4260 2420 4307 erant
2449 4248 2724 4314 animalia,
2748 4248 3109 4318 volebantque
3133 4253 3394 4316 perpetuo
3416 4258 3560 4310 esse,

1980 4347 2104 4403 ideo
2129 4344 2405 4401 subdidit:
2447 4363 2464 4395 ‹
2499 4341 2763 4398 Crescite.
2804 4360 2823 4393 ι
2859 4338 3095 4395 Verbum
3125 4338 3270 4392 enim
3311 4336 3441 4391 illud
3466 4351 3554 4391 us-

1981 4455 2087 4510 que
2108 4439 2160 4494 in
2198 4444 2517 4510 praesentem
2541 4434 2685 4490 diem
2708 4431 2795 4488 illa
2825 4440 3132 4487 conservat.
3170 4447 3189 4480 (
3233 4427 3477 4484 Crescite
3505 4436 3561 4483 et

292 4540 457 4595 nibus
502 4539 785 4595 elementis
830 4539 1112 4605 miscetur,
1161 4539 1256 4595 sed
1298 4538 1354 4593 in
1408 4538 1493 4594 his
1514 4538 1873 4595 crassioribus

1983 4526 2435 4599 multiplicamini,
2464 4547 2482 4576 ι
2513 4533 2618 4579 etc.
2647 4523 2837 4595 (Bentt,
2859 4523 2915 4576 in
2946 4520 3226 4591 Hexaem.)
3249 4521 3332 4576 Ad
3354 4528 3563 4575 utrum-

292 4633 537 4689 sentitur
564 4630 816 4703 amplius.
1128 4704 1135 4713 Ι

374 4746 393 4779 ‹
428 4726 543 4782 Sub
557 4726 900 4780 firmamento
925 4731 1091 4791 t,e.tc.
1118 4724 1233 4779 Etsi
1248 4724 1512 4779 immenso
1528 4721 1880 4794 interjacente

296 4818 494 4889 spatio,
538 4816 721 4872 volant
763 4824 941 4869 tamen
982 4830 1109 4870 aves
1161 4814 1261 4869 sub
1313 4813 1527 4869 sidereo
1564 4811 1721 4877 caelo,
1759 4827 1880 4882 qua:

296 4925 464 4980 super
504 4918 706 4963 terram
763 4907 981 4963 volant:
1011 4907 1151 4962 sicut
1198 4906 1445 4961 homines
1493 4905 1587 4975 qui
1642 4904 1695 4958 in
1734 4913 1880 4959 terra

296 5010 449 5067 sunt,
477 5000 578 5056 sub
602 4999 741 5056 coelo
767 5014 887 5056 esse
922 4998 1195 5054 dicuntur.
1245 4996 1363 5052 Alia
1389 4995 1671 5055 translatio
1701 5013 1713 5049 :
1747 5014 1763 5046 ι
1787 4996 1883 5051 Sc-

297 5112 398 5151 cus
445 5094 847 5149 firmamentum
900 5091 1048 5158 eteli,
1081 5091 1250 5161 iquia
1306 5089 1481 5145 vicina
1526 5099 1651 5145 sunt
1695 5088 1881 5144 aetheri

300 5190 480 5259 spatia
502 5184 665 5254 hujus
686 5186 830 5241 aeris
855 5184 946 5255 qui
997 5198 1121 5239 aves
1167 5184 1438 5239 subvehit.

373 5279 562 5349 (Acc.,
586 5278 653 5332 de
673 5268 804 5332 Gen.
829 5278 896 5331 ad
921 5277 1047 5341 litt.,
1069 5276 1105 5329 ι.
1136 5292 1218 5341 ιιι,
1249 5292 1300 5330 c.
1324 5275 1377 5339 9,
1404 5274 1490 5341 10,
1510 5283 1637 5329 ιοω.
1660 5272 1745 5339 Ill,
1774 5273 1879 5328 col.

301 5371 456 5441 284.)
488 5368 795 5426 Notandum
816 5369 1076 5441 quosdam
1106 5367 1458 5439 philosophos
1502 5367 1574 5421 ita
1605 5380 1699 5421 sua
1731 5365 1887 5421 cuili-

304 5467 397 5521 bet
421 5465 693 5521 elemcnto
716 5462 1054 5519 distribuisse
1092 5460 1370 5524 animalia,
1420 5467 1561 5524 etc.,
1611 5474 1769 5528 usque
1812 5456 1884 5509 ad

303 5558 604 5631 caliginosa
633 5565 813 5611 tamen
857 5555 1001 5610 aeris
1026 5554 1144 5609 loca
1177 5563 1364 5607 tenere
1400 5558 1607 5605 tantum
1636 5547 1886 5620 permissi

304 5658 453 5713 sunt,
483 5648 578 5721 qui
605 5648 685 5704 eis
705 5648 859 5718 quasi
893 5661 1083 5703 carcer
1105 5645 1177 5700 sit
1199 5658 1372 5715 usque
1421 5642 1486 5698 ad
1547 5652 1755 5711 tempus
1800 5641 1886 5711 ju-

307 5744 456 5801 dicii.

380 5835 549 5893 γης.
574 5832 660 5889 21.
775 5850 791 5885 t
821 5832 1138 5902 Ct'eavitque
1152 5829 1296 5886 Deus
1317 5838 1432 5884 cete
1456 5827 1704 5900 grandia,
1733 5846 1751 5879 ι
1778 5834 1883 5883 etc.

1902 4579 1957 4641 D

1984 4637 2088 4693 que
2117 4636 2286 4692 genus
2331 4617 2688 4674 animantium
2734 4615 2801 4672 de
2851 4614 3006 4686 aquis
3063 4613 3348 4681 factorum,
3390 4615 3443 4669 id
3482 4625 3567 4670 est

1985 4715 2164 4789 pisces
2212 4721 2268 4768 et
2304 4727 2452 4777 aves,
2481 4710 2734 4781 pertinet.
2784 4708 2921 4776 Quia
2969 4708 3108 4764 sicut
3144 4722 3336 4762 omnes
3387 4705 3566 4777 pisces

1985 4803 2201 4861 nonnisi
2226 4801 2380 4873 aquis
2408 4801 2588 4855 vivere
2611 4814 2857 4871 possunt,
2886 4799 2956 4852 ita
2984 4797 3230 4868 plurimm
3257 4811 3416 4861 aves;
3446 4811 3565 4867 quae

1987 4895 2031 4951 si
2056 4894 2110 4949 in
2142 4892 2305 4948 terris
2333 4889 2623 4961 aliquando
2654 4889 3022 4960 requiescunt,
3052 4887 3300 4958 fetusque
3339 4886 3564 4953 faciunt,

1990 5001 2097 5042 non
2126 4993 2305 5039 tamen
2333 4983 2398 5037 de
2429 4990 2592 5045 terra,
2622 4981 2715 5034 sed
2740 4980 2805 5034 de
2830 4979 2962 5032 mari
2994 4978 3200 5043 vivunt,
3233 4988 3287 5032 et
3312 4976 3568 5035 libentius

1988 5076 2127 5132 mari
2161 5090 2322 5145 quam
2366 5082 2511 5129 terra
2544 5077 2786 5127 utuntur.

2060 5167 2298 5240 Mystice.
2328 5167 2479 5237 (lein.
2511 5175 2566 5222 et
2599 5172 2761 5230 Anc,
2790 5164 2880 5219 ubi
2901 5162 3106 5235 supra.)
3132 5162 3232 5220 Die
3257 5163 3447 5234 quinta
3481 5161 3566 5217 fa-

1991 5272 2077 5320 cta
2105 5268 2231 5316 sunt
2261 5256 2315 5315 in
2345 5260 2501 5330 aquis
2533 5257 2745 5329 rcptilia
2772 5256 3075 5312 animarum
3098 5255 3366 5322 vivarum,
3386 5254 3438 5309 id
3460 5260 3565 5321 est,

1990 5352 2237 5410 homines
2273 5352 2326 5407 in
2362 5352 2529 5406 vitam
2569 5350 2813 5406 renovati
2842 5365 2939 5421 per
2969 5358 3369 5405 sacramentum
3394 5342 3572 5416 bapti-

1984 5448 2116 5503 smi.
2142 5446 2305 5502 Facta
2333 5453 2459 5501 sunt
2485 5443 2747 5510 volatilia,
2777 5441 2831 5498 id
2864 5449 2966 5507 est,
3002 5442 3197 5497 anima:
3230 5439 3475 5494 volantes
3499 5433 3569 5491 ad

1993 5554 2247 5612 superna.
2280 5537 2473 5608 Incipit
2496 5544 2748 5608 provecta
2780 5550 2935 5590 mens
2974 5532 3287 5605 quinto‘die
3316 5530 3369 5584 in
3400 5527 3557 5583 actio-

1992 5636 2153 5692 nibus
2192 5632 2485 5689 turbulenti
2541 5630 2743 5696 szeculi,
2795 5637 3054 5700 tanquam
3102 5628 3154 5682 in
3198 5623 3353 5694 aquis
3397 5621 3566 5677 maris

1993 5725 2227 5799 operari,
2287 5730 2506 5795 propter
2534 5722 2824 5777 utilitatem
2874 5720 3127 5775 fraternm
3168 5714 3464 5779 societatis,
3508 5720 3564 5768 et

1994 5821 2059 5877 de
2087 5814 2457 5889 corporalibus
2487 5814 2866 5888 agnitionibus,
2898 5828 3016 5881 qua:
3047 5809 3111 5864 ad
3172 5821 3340 5869 mare,
3390 5805 3442 5861 id
3482 5810 3565 5860 est

2110 5954 2193 5987 ,φη-ο
