4074 6334
14 3977 20 4170 ἶ

16 4219 21 4362 l

16 4457 22 4692 ι

16 4911 32 5174 1

505 379 603 456 ἴθ’
1009 391 1413 452 WALAFRIDI
1452 389 1702 451 STRABI
1740 389 1944 449 FULD.
1989 386 2156 447 MON.
2198 387 2350 448 OPP.
2397 389 2578 450 PARS
2613 389 2654 449 1.
2696 420 2766 436 --
2806 389 3265 449 THEOLOGICA.
3715 394 3791 454 80

502 512 648 570 hanc
673 507 864 575 vitam,
890 506 1510 578 pertinent,producere
1532 504 1836 559 animarum
1851 501 2099 556 vivarum
2127 500 2180 562 Α
2205 501 2260 555 in
2285 501 2461 558 otlicio
2487 503 2738 575 gignendi
2782 503 2922 561 ﬁlios
2951 520 3072 560 esse
3098 511 3404 575 peccatum,
3427 503 3567 561 sicut
3593 505 3649 561 in
3671 506 3793 564 for-

503 605 743 678 reptilia,
779 603 834 658 id
869 609 953 657 est
973 616 1138 672 opera
1169 615 1290 670 quae
1316 605 1543 672 prosunt
1589 595 1788 651 animis
1838 594 2006 659 vivis;
2047 601 2102 648 et

503 706 660 756 cetos
679 711 930 768 magnos,
972 695 1026 749 id
1056 702 1139 749 est
1165 693 1493 748 fortissimas
1545 689 1873 762 agnitiones,
1903 687 2102 758 quibus

503 787 700 846 ﬂuctus
723 785 906 844 seculi
935 785 1318 855 dirumpuntur
1353 790 1410 838 et
1441 787 1896 844 contemnuntur;
1926 786 1981 833 et
2005 793 2101 833 vo-

503 859 674 939 latilia
708 879 855 946 coeli,
884 879 939 934 id
962 884 1068 943 est,
1091 892 1254 933 voces
1277 873 1523 931 ccelestia
1545 872 1928 944 praedicantes.

577 975 744 1032 Vens.
772 973 864 1031 25.
895 1002 966 1012 —
1005 991 1022 1022 ι
1063 971 1131 1025 Et
1159 967 1372 1032 factum,
1425 975 1507 1023 est
1550 981 1778 1037 vespere
1825 972 1881 1019 et
1916 979 2096 1030 mane,

504 1077 610 1124 etc.
656 1066 843 1138 (Aum,
889 1063 955 1117 de
985 1059 1118 1116 Gen.
1157 1068 1343 1114 contra
1385 1057 1645 1123 Manich.,
1675 1057 1771 1111 lib.
1811 1072 1873 1118 ιι,
1913 1071 1962 1108 c.
2004 1054 2097 1120 2'5,

504 1167 636 1212 tom.
687 1155 799 1226 111.)
853 1153 1100 1226 Mystice,
1150 1165 1310 1206 mane
1343 1149 1752 1219 transmigratio
1788 1146 1841 1200 in
1871 1145 2100 1216 Babylo-

504 1248 673 1313 niam,
710 1261 834 1302 cum
864 1260 930 1300 ea
959 1242 1279 1314 captivitate
1328 1240 1558 1312 populus
1609 1239 1799 1294 leviter
1854 1238 1908 1292 in
1946 1253 2100 1308 pere-

503 1339 660 1411 grino
697 1337 810 1394 otio
840 1343 925 1392 est
975 1334 1289 1398 collocatus,
1334 1341 1466 1398 etc.,
1505 1348 1668 1402 usque
1712 1331 1781 1384 ad
1830 1330 1958 1400 quia
2018 1330 2099 1384 sic

502 1431 760 1488 cxcuecati
789 1436 918 1485 sunt
954 1438 1014 1482 ut
1042 1441 1145 1482 nec
1174 1434 1399 1496 possent
1425 1424 1702 1480 Christum
1745 1436 2094 1494 cognoscere.

577 1523 958 1578 Vens.24.—
1009 1539 1028 1572 ι
1063 1519 1214 1573 Dixit
1273 1531 1489 1589 quoque
1554 1517 1696 1572 Deus
1749 1534 1762 1568 :
1828 1514 2101 1569 Produeat

507 1635 526 1666 ‹
553 1624 720 1680 terra,
751 1633 770 1666 ι
803 1622 910 1668 etc.
947 1611 1136 1683 (Bson,
1161 1611 1219 1665 in
1248 1609 1531 1675 Hexaem.,
1562 1618 1694 1664 tom.
1726 1607 1812 1673 lll,
1845 1607 1948 1663 col.
1985 1607 2096 1677 15.)

499 1704 629 1760 Post
677 1703 875 1759 caelum
905 1703 1172 1772 repletum
1217 1700 1490 1757 sideribus
1534 1708 1589 1756 et
1627 1715 1808 1755 aerem
1859 1699 2097 1754 volatili-

501 1799 598 1854 bus
656 1800 749 1868 qui
798 1806 1023 1869 propter
1051 1797 1309 1853 viciniam
1354 1797 1552 1854 ctelum
1590 1797 1928 1863 nominatur,
1961 1805 2093 1864 elc.,

2206 593 2482 649 nicatione
2533 595 2651 650 sine
2675 594 2946 668 conjugio.

2276 683 2438 740 Vens.
2469 686 2561 740 25.
2585 717 2655 726 —
2685 705 2704 738 ι
2732 687 2801 742 Et
2825 686 2953 742 fecit
2981 687 3126 744 Deus
3169 688 3373 745 bestias
3405 696 3586 758 terrte,
3625 711 3646 744 ι
3674 700 3790 750 etc.

2203 776 2371 848 (Βεωι
2402 778 2456 832 in
2483 777 2766 850 Hexaem.)
2798 779 3016 835 Ordinis
3047 789 3132 836 est
3167 783 3411 838 mutatio.
3443 782 3553 840 Nec
3586 801 3793 844 curan—

2202 873 2330 928 dum
2369 873 2422 928 in
2469 882 2657 928 nostra
2685 873 2895 944 loquela
2925 874 3057 944 quid
3088 875 3240 944 prius
3266 865 3646 935 creaturarum
3694 896 3793 937 or-

2201 964 2326 1020 dine
2366 965 2732 1032 nominemus,
2789 982 2912 1022 cum
2973 968 3115 1024 Deus
3154 970 3424 1026 creaverit
3471 973 3656 1028 omnia
3712 973 3793 1029 si-

2201 1058 2333 1112 mul.

2273 1148 2446 1220 (lsm.,
2475 1151 2530 1204 in
2553 1145 2708 1216 Gen.,
2731 1157 2867 1206 tom.
2885 1151 2949 1218 ν,
2984 1151 3088 1208 col.
3112 1152 3266 1227 207.)
3290 1153 3456 1210 Sexta
3480 1157 3566 1212 die
3589 1159 3788 1228 produ-

2200 1244 2276 1300 cit
2299 1253 2447 1300 terra
2489 1245 2727 1300 animam
2760 1244 2982 1312 ‘vivam,
3031 1248 3248 1318 quando
3301 1265 3430 1305 caro
3481 1259 3670 1307 nostra
3725 1255 3794 1308 ab

2199 1337 2456 1408 operibus
2493 1337 2724 1393 mortuis
2752 1337 3056 1406 abstinens,
3083 1340 3208 1395 viva
3243 1340 3516 1412 virtutum
3545 1345 3795 1414 germina

2199 1431 2362 1501 parit,
2389 1430 2685 1486 secundum
2709 1444 2880 1502 genus
2917 1447 3095 1500 suum,
3119 1433 3173 1489 id
3195 1442 3298 1500 est,
3320 1435 3486 1490 vitam
3525 1437 3795 1494 imitando

2201 1530 2534 1577 sanctorum.
2600 1519 2753 1576 Unde
2806 1522 2828 1576 Ι
2873 1521 3000 1578 Cor.
3049 1539 3103 1579 iv
3161 1543 3174 1578 :
3246 1544 3265 1577 ι
3329 1526 3634 1584 lmitatores
3684 1531 3798 1585 mei

2200 1621 2391 1678 estote,
2447 1632 2466 1665 ι
2499 1620 2604 1668 etc.
2648 1611 2959 1668 Secundum
3015 1629 3184 1685 genus
3233 1625 3481 1672 nostrum
3531 1620 3794 1685 vivimus,

2200 1704 2418 1776 quando
2448 1711 2670 1760 sanctos
2694 1704 2851 1774 quasi
2891 1705 3170 1775 proximos
3211 1707 3505 1764 imitamur.
3525 1710 3798 1766 Producit

2201 1806 2348 1851 terra
2388 1795 2609 1861 bestias,
2658 1795 2712 1850 id
2749 1804 2854 1862 est,
2883 1797 3132 1853 homines
3163 1798 3444 1858 ferocitate
3470 1803 3794 1874 superbien-

501 1907 664 1961 usque
691 1890 760 1943 ad
789 1891 1007 1946 nomine
1036 1889 1443 1960 quadrupedum
1491 1889 1672 1943 omnia
1702 1889 2095 1958 comprehensa
2127 1873 2173 1932 Β
2203 1898 2303 1945 tes.
2329 1890 2396 1944 Et
2423 1904 2640 1961 pecora,
2663 1888 2716 1943 id
2746 1897 2850 1955 est,
2891 1889 3215 1961 simpliciter
3248 1893 3511 1952 viventes.
3537 1873 3626 1950 iEt
3677 1908 3796 1952 ser-

501 1990 629 2036 sunt
670 1989 871 2052 praeter
916 1982 1120 2037 bestias
1157 1990 1214 2037 et
1254 1979 1492 2052 reptilia,
1547 1979 1663 2035 sive
1705 1979 1932 2046 domita,
1982 1979 2096 2036 sive

501 2073 616 2129 fera
645 2082 701 2129 et
723 2074 984 2146 agrestia.

578 2184 595 2215 ι
631 2165 907 2221 Producat
957 2175 1121 2232 terra,
1165 2187 1184 2218 ι
1235 2175 1343 2223 etc.
1394 2168 1576 2240 (Aoo.,
1608 2167 1704 2222 lib.
1749 2181 1809 2221 ιιι
1845 2164 1899 2220 in
1935 2162 2093 2232 Gen.,

501 2271 552 2313 c.
595 2259 682 2323 11,
733 2266 866 2314 tom.
898 2258 1030 2331 lll.)
1069 2259 1420 2330 Consequens
1467 2269 1588 2317 erat
1639 2269 1698 2316 ut
1743 2269 1942 2316 terram
1979 2257 2095 2329 jam

507 2359 722 2407 ornaret
757 2353 872 2408 suis
902 2353 1247 2410 animalibus.
1281 2354 1388 2410 Ter
1428 2354 1677 2420 dicendo,
1714 2351 1871 2423 juxta
1927 2367 2096 2425 genus

507 2460 681 2510 suum,
714 2453 846 2512 etc.,
878 2463 1041 2518 usque
1068 2448 1138 2502 ad
1187 2448 1255 2503 Et
1277 2449 1496 2504 nomine
1539 2464 1796 2520 pecorum
1820 2461 1875 2503 et
1895 2447 2097 2503 bestia-

507 2554 622 2592 rum
667 2554 831 2594 omne
865 2539 1182 2594 irrationale
1247 2541 1450 2595 animal
1486 2541 1624 2596 solet
1680 2539 2092 2609 comprehendi.

507 2655 523 2682 ι
571 2632 630 2686 ln
676 2647 875 2704 genere
903 2648 1020 2688 suo.
1073 2633 1548 2706 i-(Auo.,ibid.c.
1601 2633 1714 2703 12.)
1747 2632 1872 2688 Haec
1930 2631 2095 2686 forsi-

507 2733 598 2778 tan
629 2725 926 2781 secuudum
974 2742 1144 2798 genus
1189 2726 1462 2792 dicuntur,
1515 2726 1640 2797 quia
1671 2727 1743 2780 ita
1783 2734 1903 2784 orta
1939 2733 1998 2779 ut
2027 2741 2095 2779 ex

505 2817 584 2871 eis
611 2825 906 2871 nascantur
927 2815 1054 2882 alia,
1091 2827 1148 2872 et
1183 2817 1409 2890 originis
1455 2817 1687 2872 formam
1747 2815 2097 2871 successione

503 2917 846 2966 conservent.
877 2908 954 2964 De
991 2909 1212 2964 homine
1262 2919 1445 2965 autem
1487 2909 1591 2964 hoc
1617 2908 1822 2963 dictum
1853 2923 1959 2962 non
1989 2915 2094 2970 est,

503 3001 629 3077 quia
657 3017 798 3060 unus
841 2999 1023 3071 ﬁebat,
1054 3000 1126 3060 de
1147 3017 1259 3075 quo
1287 3010 1342 3059 et
1373 3000 1573 3059 femina
1606 3000 1768 3060 facta.
1801 2999 1921 3059 Non
1949 2999 2093 3055 enim

509 3100 678 3153 multa
701 3115 898 3168 genera
927 3098 1212 3154 hominum
1251 3097 1394 3153 facta
1434 3107 1584 3164 sunt,
1629 3097 1768 3153 sicut
1800 3095 2093 3152 herbarum

501 3195 556 3243 et
577 3188 882 3259 lignorum;
930 3197 991 3243 ut
1014 3191 1244 3255 dicatur,
1295 3188 1587 3244 secundum
1619 3203 1788 3260 genus
1819 3203 1997 3256 suum,
2032 3203 2096 3244 ac

502 3385 667 3424 unam
693 3369 961 3441 originem
992 3371 1217 3427 seminis
1251 3370 1582 3442 pertinentia
1633 3371 2097 3442 distinguerentur

503 3478 536 3518 a
582 3463 816 3519 ceteris.

572 3552 758 3625 (Ama,
784 3553 915 3608 ibid.
939 3570 990 3610 c.
1033 3553 1148 3626 M.)
1178 3553 1256 3610 De
1282 3554 1605 3625 quibusdam
1640 3554 1864 3610 minutis
1889 3553 2097 3609 anima—

501 3643 645 3701 libus
667 3646 896 3716 quzestio
924 3656 1030 3714 est,
1057 3655 1190 3714 etc.,
1221 3664 1384 3719 usque
1423 3647 1492 3702 ad
1527 3647 1634 3704 nisi
1663 3647 1808 3718 quod
1831 3649 2097 3719 potentia-

502 3736 632 3794 liter
666 3739 721 3794 in
749 3739 901 3810 ipsis,
941 3749 996 3795 et
1037 3741 1393 3796 materialiter
1442 3751 1598 3796 erant
1617 3742 2021 3811 praeseminata.

575 3831 758 3902 (Aum,
791 3831 919 3885 ibid.
945 3847 996 3886 c.
1041 3832 1132 3900 15,
1166 3833 1279 3905 16.)
1321 3834 1396 3888 De
1419 3835 1708 3890 venenosis
1735 3845 1789 3892 et
1823 3837 2094 3907 pernicio-

503 3924 580 3980 sis
604 3923 890 3994 quaeritur,
928 3932 1063 3993 etc.,
1096 3941 1259 3998 usque
1287 3927 1358 3982 ad
1385 3943 1507 3998 quae
1537 3936 1736 3984 cuncta
1759 3928 1954 3984 merito
1975 3944 2099 3985 con-

503 4015 743 4072 sitlerata
805 4016 1120 4072 laudantur.

581 4107 765 4180 (Auc.,
796 4108 948 4175 ibid.,
980 4123 1031 4164 c.
1059 4107 1172 4180 17.)
1196 4108 1331 4166 lllud
1347 4110 1513 4166 etiam
1537 4119 1742 4178 movet,
1773 4119 1906 4180 etc.,
1935 4127 2098 4184 usque

506 4203 576 4258 ad
627 4201 721 4257 sed
756 4201 858 4272 piae
890 4199 1226 4259 fortitudinis
1275 4219 1534 4261 numeros
1573 4205 1642 4262 ad
1671 4205 1853 4262 omnia
1889 4219 2126 4279 praepa-‘

509 4309 634 4350 rare
668 4310 777 4350 non
827 4294 1096 4350 dubitent.

581 4389 601 4458 (
631 4388 866 4456 Tuson.,
902 4399 1100 4460 quiest.
1131 4389 1200 4446 18
1228 4391 1283 4445 in
1302 4388 1461 4464 Gen.)
1491 4391 1570 4447 Ne
1599 4392 1822 4460 bestias,
1856 4392 2003 4448 velut
2031 4393 2099 4448 ab

507 4481 614 4547 his,
647 4495 874 4553 prorsus
914 4482 1092 4549 illtesi,
1139 4493 1574 4552 contemnamus,
1624 4485 1781 4556 quasi
1831 4485 2099 4540 nullarum

511 4573 622 4628 sint
648 4573 870 4629 virium.
912 4572 1311 4646 Nonnunquam
1341 4578 1608 4647 permittit
1646 4579 1792 4634 Deus
1821 4579 1956 4634 duos
2006 4588 2099 4634 aut

2200 1993 2414 2055 pentes,
2449 1991 2659 2038 astutos
2688 1982 2897 2038 scilicet
2925 1991 2980 2037 et
3014 1984 3214 2040 bonum
3247 2002 3278 2040 a
3308 1987 3450 2042 malo
3477 1987 3797 2045 discernen-

2200 2085 2302 2144 tes,
2344 2083 2399 2131 et
2429 2075 2582 2146 quasi
2616 2075 2879 2145 reptando
2915 2083 3226 2134 scrutantes
3253 2086 3490 2146 terrena,
3523 2097 3624 2151 per
3671 2097 3796 2152 quae

2200 2168 2508 2238 intelligant
2535 2167 2796 2225 caelestia.

2271 2261 2434 2316 Vens.
2483 2260 2572 2316 26.
2636 2293 2706 2302 —
2759 2282 2779 2314 ‹
2843 2263 3134 2320 Faciamus
3178 2263 3475 2320 hominem.
3521 2284 3541 2317 ι
3600 2263 3794 2335 (Auc.,

2198 2351 2352 2418 ibid.,
2382 2369 2431 2408 c.
2458 2352 2569 2425 19.)
2625 2354 2940 2412 lnsinuatur
2983 2357 3268 2428 pluralitas
3301 2373 3658 2428 personarum
3688 2359 3797 2414 Pa-

2199 2443 2320 2509 tris,
2346 2451 2401 2499 et
2427 2443 2571 2512 Filii,
2608 2454 2664 2501 et
2689 2446 2925 2519 Spiritus
2951 2450 3150 2516 sancti,
3175 2458 3230 2506 et
3259 2451 3444 2506 statim
3474 2451 3656 2506 unitas
3675 2451 3798 2507 dei-

2202 2533 2350 2600 tatis,
2406 2550 2530 2590 cum
2581 2537 2782 2593 dicitur
2810 2557 2823 2592 :
2856 2559 2874 2591 ι
2928 2541 2995 2595 Ει
3035 2539 3167 2596 fecit
3213 2541 3356 2596 Deus
3402 2541 3678 2597 hominem
3722 2543 3795 2599 ad

2201 2624 2492 2698 imaginem
2527 2627 2646 2694 Dei,
2704 2649 2723 2682 ι
2767 2646 2875 2686 non
2915 2632 3079 2687 Pater
3127 2633 3195 2687 ad
3242 2632 3533 2705 imaginem
3577 2642 3794 2689 tantum

2198 2719 2341 2776 Filii.
2385 2720 2502 2777 Non
2543 2723 2688 2778 enim
2735 2740 2863 2780 vere
2909 2725 3188 2782 diceretur
3237 2725 3307 2780 ad
3359 2725 3648 2798 imaginem
3691 2743 3794 2782 no—

2199 2820 2402 2878 stram;
2432 2814 2529 2869 sed
2560 2813 2635 2868 ita
2682 2814 2886 2871 dictum
2911 2826 2995 2872 est
3028 2835 3040 2870 :
3089 2837 3107 2868 l
3146 2816 3297 2873 Fecit
3335 2817 3478 2872 Deus
3513 2818 3794 2873 hominem

2199 2906 2266 2961 ad
2292 2906 2584 2980 imaginem
2609 2907 2730 2973 Dei,
2766 2928 2783 2959 ι
2819 2925 2885 2964 ac
2907 2910 2952 2964 si
2997 2909 3272 2965 diceretur
3323 2929 3342 2960 ι
3398 2910 3468 2964 ad
3497 2909 3792 2979 imaginem

2200 3018 2373 3060 suam.
2423 3024 2442 3058 ι
2478 3003 2614 3061 Cum
2651 3013 2834 3062 autem
2863 3005 3063 3062 dicitur
3115 3027 3132 3058 ι
3176 3006 3242 3060 ad
3276 3005 3563 3078 imaginem
3609 3005 3727 3070 Dei,
3763 3026 3782 3058 ι

2183 3112 2323 3174 cum
2353 3097 2601 3167 superius
2636 3098 2838 3154 dictum
2871 3099 2960 3162 sit,
3000 3118 3018 3149 ι
3056 3098 3436 3169 adimaginem
3470 3106 3733 3161 nostram,
3769 3117 3786 3148 ι

2148 3229 2154 3264 ς
2200 3189 2538 3259 significatur
2560 3193 2701 3262 quod
2740 3208 2849 3248 non
2875 3192 2986 3264 agit
3012 3191 3296 3264 pluralitas
3321 3207 3702 3262 personarum,
3733 3199 3798 3245 ut

504 3277 551 3333 si
579 3278 850 3334 diceretur
875 3279 1200 3350 generatim,
1254 3287 1316 3333 ut
1340 3279 1482 3335 inter
1524 3296 1584 3336 se
1613 3279 1835 3345 similia,
1860 3279 2095 3349 atquein
2124 3263 2170 3326 Ο

2200 3281 2382 3353 plures
2419 3282 2552 3338 deos
2578 3283 2886 3349 credamus,
2929 3285 3024 3339 sed
3058 3292 3117 3338 ut
3179 3283 3416 3348 Patrem,
3464 3291 3519 3340 et
3572 3283 3794 3349 Filium,

2199 3381 2255 3428 et
2282 3372 2543 3444 Spiritum
2566 3383 2812 3431 sanctum
2843 3391 3010 3431 unum
3059 3375 3229 3431 Deum
3282 3376 3634 3446 accipiamus.

2279 3485 2297 3518 ‹
2332 3466 2624 3523 Faciamus
2663 3467 2961 3524 hominem.
3002 3487 3020 3520 ι
3051 3467 3243 3540 (Beas,
3276 3470 3330 3524 in
3363 3467 3619 3523 Hexaem.
3645 3466 3666 3539 )
3691 3467 3798 3538 Ap-

2198 3566 2358 3628 paret
2400 3573 2569 3628 quare
2595 3558 2800 3614 dictum
2831 3560 2984 3614 situt
3022 3568 3219 3615 caetera
3267 3560 3479 3624 fierent,
3529 3569 3657 3625 etc.,
3706 3576 3798 3614 us-

2199 3666 2300 3722 que
2323 3650 2392 3704 ad
2418 3651 2514 3707 sed
2543 3659 2604 3706 ut
2623 3667 2807 3706 veram
2835 3661 2958 3724 post
2990 3663 3224 3712 mortem
3275 3668 3336 3710 se
3378 3668 3600 3709 carnem
3637 3667 3796 3710 rece-

2201 3743 2346 3812 pisse
2378 3754 2735 3800 monstraret.

2277 3855 2297 3888 ‹
2346 3835 2408 3890 Et
2437 3836 2621 3906 przesit
2644 3877 2658 3902 ,
2719 3857 2738 3890 ι
2769 3846 2874 3893 etc.
2906 3836 3090 3909 (Acca,
3117 3838 3212 3893 lib.
3250 3854 3310 3894 ιιι
3337 3838 3402 3893 de
3430 3836 3564 3893 Gen.
3597 3852 3648 3894 c.
3673 3837 3797 3910 20.)

2201 3924 2508 3983 Notandum
2534 3929 2699 3983 etiam
2747 3929 2874 3998 quia
2903 3945 3027 3984 cum
3059 3929 3289 3986 dixisset
3325 3950 3342 3981 ι
3391 3929 3460 3985 ad
3502 3930 3799 4000 imaginem

2201 4029 2465 4084 nostram,
2509 4039 2526 4070 ι
2579 4021 2838 4076 continuo
2867 4020 3144 4091 subjunxit
3181 4039 3194 4075 :
3235 4042 3252 4074 ι
3289 4022 3355 4076 Ει
3403 4023 3586 4092 prmsit
3632 4024 3802 4092 pisci—

2200 4111 2302 4166 bus
2326 4110 2496 4166 maris
2523 4119 2578 4165 et
2599 4111 2908 4168 volatilibus
2942 4115 3086 4169 eceli.
3126 4135 3144 4167 ι
3177 4114 3248 4171 Ut
3285 4115 3493 4170 scilicet
3530 4115 3802 4185 intelliga-

2201 4220 2324 4260 mus
2351 4205 2405 4260 in
2432 4205 2534 4261 hoc
2572 4205 2775 4261 factum
2807 4206 3083 4262 hominem
3115 4207 3182 4262 ad
3234 4207 3527 4277 imaginem
3577 4205 3694 4270 Dei,
3741 4207 3799 4262 in

2202 4312 2312 4367 quo
2347 4297 2810 4354 irrationabilibus
2847 4299 3139 4354 antecellit.
3199 4298 3255 4353 ld
3315 4307 3495 4354 autem
3533 4301 3796 4366 estratio,

2202 4389 2287 4445 vel
2315 4405 2488 4456 mens,
2529 4389 2614 4445 vel
2641 4389 3017 4461 intelligentia,
3065 4390 3149 4445 vel
3171 4390 3216 4446 si
3256 4390 3364 4445 alio
3392 4395 3610 4445 nomine
3644 4407 3799 4446 com-

2203 4481 2416 4536 modius
2437 4488 2682 4548 vocetur,
2711 4481 2763 4536 in
2804 4497 2912 4552 quo
2941 4481 3149 4538 scilicet
3190 4481 3616 4552 contemplanda
3651 4482 3803 4565 veri-

2208 4572 2306 4626 tati
2352 4572 2602 4627 inhaeret.
3719 4578 3722 4580 ⁷

511 4676 622 4720 tres
646 4680 678 4720 e
709 4663 894 4720 multis
917 4631 1280 4722 millibus‘vcl
1303 4631 1738 4740 alscorpionibus
1787 4673 1972 4743 pungi,
2014 4672 2100 4728 vel
2128 4631 2178 4691 Β
2279 4665 2445 4722 Vsus.
2480 4666 2569 4720 27.
2601 4696 2672 4706 —-
2705 4684 2724 4717 ‹
2754 4666 2820 4720 Ει
2845 4667 3050 4723 creavit
3079 4667 3222 4725 Deus
3257 4666 3534 4724 hominem
3563 4667 3633 4722 ad
3659 4667 3799 4722 ima-

512 4775 544 4812 a
581 4758 925 4828 serpentibus
959 4759 1229 4826 morderi;
1285 4769 1345 4814 ut
1388 4776 1486 4816 nos
1538 4762 1696 4818 veriti
1737 4779 1804 4817 ne
1854 4763 1984 4834 quid
2029 4765 2102 4818 si-

515 4849 644 4905 mile
671 4849 967 4920 patiamur,
993 4848 1164 4904 Deum
1189 4859 1497 4906 creatorem
1541 4850 1596 4906 in
1639 4852 1902 4908 auxilium
1951 4854 2102 4909 invo-

514 4959 720 4999 cemus.

588 5038 746 5109 (Asc.
777 5038 834 5092 in
863 5036 1017 5103 Gem,
1048 5035 1086 5091 l.
1115 5053 1196 5103 ιιι,
1223 5053 1274 5093 c.
1304 5037 1418 5110 15.)
1462 5039 1736 5106 Quaeritur
1792 5055 1962 5109 quare
2013 5039 2104 5094 hic

511 5148 622 5192 non
665 5133 735 5189 sit
766 5132 1030 5198 additum,
1069 5132 1212 5203 quod
1275 5133 1481 5188 dictum
1527 5141 1611 5189 est
1656 5134 1722 5189 de
1777 5133 2102 5188 animalibus

512 5239 781 5295 aquarum
817 5241 830 5276 :
861 5242 879 5274 ι
918 5221 1311 5294 Benedixitque
1340 5225 1420 5280 eis
1441 5222 1586 5280 Deus
1607 5224 1793 5279 dicens
1823 5243 1834 5277 :
1859 5223 2101 5280 Crescite

513 5327 571 5374 et
641 5314 1100 5385 multiplicamini,
1147 5335 1165 5366 ι
1230 5327 1336 5371 etc.
1378 5315 1545 5373 Forte
1597 5318 1741 5388 quod
1794 5319 1861 5374 de
1921 5318 2098 5387 prima

510 5415 764 5466 creatura
801 5405 997 5460 anima:
1039 5405 1270 5461 viventis
1320 5405 1524 5461 dictum
1579 5419 1719 5472 erat,
1770 5407 1835 5462 de
1865 5409 2100 5463 secunda

509 5497 1022 5568 subintelligendum
1075 5495 1313 5566 reliquit,
1375 5497 1608 5553 maxime
1660 5495 1786 5568 quia
1835 5498 1890 5552 in
1940 5497 2100 5566 hujus

509 5590 616 5645 diei
647 5590 903 5661 operibus
940 5587 1044 5642 alia
1084 5587 1238 5659 plura
1267 5588 1531 5643 dicturus.
1561 5588 1774 5644 Ilerbas
1799 5596 1980 5644 autem
2022 5599 2105 5644 at-

512 5696 618 5751 que
644 5681 787 5751 ligna
833 5680 957 5751 quia
989 5696 1094 5734 non
1145 5679 1346 5733 habent
1367 5678 1663 5748 generandi
1691 5678 1965 5745 affectum,
1996 5680 2101 5734 Ιιιι-

506 5770 596 5840 jus
623 5770 1012 5826 benedictionis
1055 5769 1277 5824 forsitan
1352 5769 1569 5838 indigna
1615 5769 1896 5840 judicavit.
1946 5773 2099 5838 Quod

509 5861 823 5919 necessario
853 5863 1138 5933 repetitum
1177 5871 1259 5918 est
1289 5861 1342 5917 in
1379 5861 1618 5929 homine,
1673 5879 1737 5920 ne
1783 5867 1905 5934 quis
1944 5875 2094 5934 putet

2215 4774 2232 4806 ι
2264 4755 2466 4827 ginem,
2501 4776 2519 4808 ι
2551 4765 2656 4810 etc.
2686 4755 2875 4826 (BEDA,
2897 4758 2953 4810 in
2973 4755 3130 4824 Gen.,
3159 4773 3210 4813 c.
3237 4756 3314 4828 1.)
3341 4757 3444 4824 Qui
3471 4772 3577 4812 non
3603 4767 3802 4827 quein-

2210 4845 2342 4901 libet
2387 4854 2696 4902 sanctorum
2744 4849 3027 4917 imitando,
3064 4851 3160 4906 sed
3186 4851 3360 4921 ipsam
3389 4851 3674 4906 veritatem
3712 4850 3798 4904 in—
3845 4919 3851 4926 ἢ

2211 4939 2430 5006 tuendo,
2475 4949 2732 5011 operatur
2757 4941 3044 5013 justitiam,
3089 4951 3150 4998 ut
3189 4944 3362 5014 ipsam
3389 4944 3674 5000 veritatem
3718 4943 3804 4998 in-
3845 4955 3848 4957 ·

2212 5032 2417 5106 telligat
2464 5042 2519 5089 et
2557 5043 2857 5106 sequatur:
2890 5036 2980 5091 hic
3027 5045 3236 5108 accepit
3275 5044 3600 5106 potestatem
3637 5051 3805 5107 super

2211 5127 2418 5192 omnia,
2449 5126 2575 5195 quia
2615 5127 2912 5196 spiritualis
2949 5128 3179 5198 quisque
3206 5125 3448 5195 eﬂ'ectus,
3487 5137 3543 5184 et
3584 5127 3696 5184 Deo
3726 5127 3804 5190 si.-

2211 5215 2372 5278 milis,
2407 5217 2586 5270 omnia
2611 5215 2837 5286 judicat,
2872 5226 2929 5274 et
2954 5219 3069 5289 ipse
3098 5235 3124 5273 a
3157 5219 3372 5276 nemine
3391 5217 3690 5288 iudicatur.

2287 5326 2304 5358 ι
2349 5307 2415 5361 Ει
2468 5309 2673 5364 creavit
2736 5309 2917 5378 Deus,
2961 5330 2980 5363 ι
3026 5319 3132 5368 etc.
3186 5311 3358 5385 (Auc.
3389 5353 3405 5379 ,
3461 5311 3550 5366 ubi
3601 5327 3801 5383 supra,

2210 5411 2331 5467 cap.
2391 5398 2503 5466 20,
2565 5400 2679 5467 21,
2727 5400 2867 5474 22.)
2936 5401 3242 5458 Notandum
3311 5402 3456 5474 quod
3529 5403 3670 5457 sicut
3745 5401 3801 5456 iu

2211 5492 2442 5546 creanda
2495 5492 2616 5548 luce
2663 5492 2898 5548 dicitur:
2929 5511 2948 5545 ι
2977 5493 3100 5550 Fiat
3151 5494 3277 5560 lux,
3309 5515 3327 5548 ι
3384 5505 3438 5549 et
3484 5493 3668 5548 statim
3717 5507 3802 5548 se—

2213 5585 2414 5655 quitur,
2453 5603 2472 5636 c
2503 5595 2557 5641 et
2595 5585 2740 5642 facta
2766 5595 2848 5642 est
2883 5585 3004 5652 lux;
3036 5607 3053 5640 ι
3086 5589 3164 5642 sic
3205 5602 3329 5644 cum
3367 5588 3567 5643 dicitur
3596 5604 3609 5641 :
3645 5604 3664 5638 ι
3691 5584 3800 5642 Fa-

2211 5679 2416 5734 ciamus
2454 5679 2748 5742 hominem,
2784 5703 2800 5729 ›
2840 5678 3090 5746 infertur,
3149 5701 3166 5731 ι
3199 5688 3254 5735 et
3283 5679 3410 5736 fecit
3439 5679 3582 5736 Deus
3620 5678 3800 5733 homi-

2210 5789 2332 5827 nem
2374 5773 2440 5828 ad
2473 5771 2758 5843 imaginem
2799 5771 2935 5826 Dei:
2969 5792 2987 5825 ι
3034 5774 3159 5844 quia
3202 5773 3305 5829 ista
3351 5783 3542 5828 natura
3591 5770 3802 5828 intelleo

2210 5863 2400 5920 ctualis
2426 5871 2528 5929 est,
2571 5862 2710 5918 sicut
2748 5860 2833 5916 illa
2882 5861 2969 5918 lux
3007 5870 3098 5920 :et
3145 5863 3245 5921 hoc
3281 5871 3363 5922 est
3391 5862 3441 5920 ei
3478 5861 3618 5928 ﬂeri,
3653 5859 3798 5931 quod
