4074 6334
288 444 350 505 81
899 447 904 450 ’
1354 437 1622 496 GLOSSA
1660 437 2052 496 ORDINARIA.
2092 471 2159 482 —-
2195 441 2320 498 LIB.
2362 443 2519 500 GEN.
3473 449 3565 522 εε-

288 547 584 627 agnoscere
609 551 868 618 Verbum,
899 566 994 621 per
1022 551 1162 622 quod
1199 552 1278 618 ﬁt,
1303 561 1436 620 etc.,
1469 569 1628 624 usque
1663 555 1730 608 ad
1771 553 1864 607 sed
1893 553 1943 614 Α
1972 551 2086 618 Dei,
2120 557 2388 612 masculus
2417 568 2471 614 et
2500 558 2731 626 femina;
2763 560 2816 615 id
2837 571 2939 628 est,
2967 561 3270 620 intellectus
3297 573 3352 620 et
3371 566 3538 622 actio:

285 643 648 706 materialiter
679 643 1070 713 prmseminata.

367 757 389 795 α
423 735 717 794 Masculum
741 743 797 790 et
831 733 1088 790 feminam
1115 735 1320 792 creavit
1345 750 1459 803 eos,
1490 756 1508 789 ι
1536 747 1640 793 etc.
1673 732 1862 810 (BEDA,

285 835 346 888 in
373 826 656 900 Hexaem.)
681 826 872 882 Postea
902 825 1112 896 plenius
1146 835 1200 881 et
1231 827 1372 882 unde
1403 835 1459 883 et
1479 829 1746 899 quomodo
1772 831 1868 884 ho-

285 923 468 980 mines
500 919 628 974 facti
663 925 790 974 sunt
823 918 1126 989 exponitur,
1181 926 1308 986 etc.,
1349 937 1510 991 usque
1537 921 1606 974 ad
1632 920 1734 977 etsi
1759 921 1868 975 vir-

288 1013 489 1084 ginitas
515 1009 854 1081 praeferatur.

363 1102 554 1172 (Bene,
584 1099 736 1165 1510.,
765 1108 820 1153 ut
851 1099 1058 1172 supra.)
1098 1098 1228 1155 Post
1252 1099 1368 1156 haec
1399 1119 1418 1152 ‹
1447 1100 1579 1157 fecit
1603 1102 1747 1157 Deus
1771 1101 1869 1158 ho-

287 1192 494 1246 minem
535 1191 600 1244 ad
639 1190 928 1261 imaginem
965 1197 1021 1245 et
1069 1189 1473 1246 similitudinem
1521 1207 1692 1257 suam,
1730 1211 1749 1245 ι
1788 1193 1870 1247 vi-

289 1299 414 1338 rum
437 1281 642 1337 scilicet
677 1279 1001 1350 perfeCtum,
1027 1289 1162 1346 etc.,
1189 1297 1349 1352 usque
1374 1281 1442 1336 ad
1465 1283 1605 1337 unde
1632 1281 1864 1338 Paulus:

293 1394 314 1425 ι
347 1371 748 1428 Seminavimus
775 1371 1070 1442 Spiritualia
1093 1372 1266 1434 vobis.
1306 1387 1556 1444 magnum
1577 1374 1726 1430 estsi
1751 1389 1868 1429 car-

287 1465 435 1519 nalia
467 1473 642 1518 vestra
675 1471 938 1518 metamus
962 1460 1012 1533 (Ι
1047 1461 1169 1517 Cor.
1195 1463 1293 1534 rx).
1329 1483 1347 1515 ι

360 1554 524 1609 Vens.
552 1554 852 1609 28.—.....
885 1571 906 1604 ε
937 1553 1004 1606 Et
1039 1553 1387 1608 dominamini
1421 1553 1676 1624 piscibus,
1706 1573 1724 1605 ι
1757 1562 1862 1610 etc.

286 1646 442 1712 Quod
456 1645 606 1715 prius
621 1643 773 1713 quasi
795 1644 1122 1700 consulendo
1143 1644 1354 1699 dixerat
1371 1645 1436 1698 de
1449 1646 1548 1710 eis,
1571 1661 1716 1700 nunc
1737 1645 1868 1700 dicit

286 1737 582 1805 imperans,
616 1744 674 1789 ut
701 1737 863 1792 habet
890 1735 1094 1790 scilicet
1119 1734 1417 1791 dominium
1445 1737 1685 1791 omnium
1708 1751 1866 1791 crea-

285 1840 533 1884 turarum
565 1830 620 1885 in
650 1830 907 1887 inferiore
938 1839 1095 1901 parte
1122 1830 1327 1886 mundi.
1358 1831 1511 1900 Quod
1535 1846 1635 1902 per
1656 1831 1865 1903 singula

283 1924 617 1993 exsequitur.

362 2033 379 2064 ‹
415 2014 482 2068 Et
539 2013 889 2070 dominamini
937 2013 1174 2086 piscibus
1220 2015 1408 2071 maris.
1453 2035 1472 2069 )
1533 2013 1752 2088 (BEDA,
1810 2019 1866 2070 in

283 2102 548 2157 Hexaem.
571 2103 590 2175 )
616 2103 884 2170 Quaeritur
913 2119 1018 2174 qua
1046 2105 1280 2160 utilitate
1325 2106 1488 2160 homo
1529 2106 1864 2161 dominatum

281 2195 432 2249 inter
473 2204 662 2250 caetera
703 2195 1001 2251 animantia
1040 2197 1301 2268 percepit,
1330 2204 1464 2264 etc.,
1493 2215 1654 2269 usque
1700 2198 1769 2251 ad
1813 2206 1868 2252 et

281 2288 456 2343 rictus
480 2287 774 2343 bestiarum
809 2297 863 2343 et
891 2298 1201 2358 serpentum
1231 2303 1498 2344 venenum
1527 2290 1778 2345 cessisse.

355 2376 517 2432 Vens.
545 2376 634 2432 29.
661 2408 732 2418 —
755 2395 774 2429 ι
804 2376 1057 2448 Dixitque
1106 2377 1249 2434 Deus
1276 2396 1288 2432 :
1316 2379 1456 2433 Ecce
1504 2377 1647 2444 dedi,
1689 2398 1707 2430 ι
1755 2386 1861 2434 etc.

279 2470 460 2540 (Bern,
492 2469 644 2542 ibid.)
670 2469 827 2526 Patet
843 2471 984 2541 quod
1011 2480 1136 2526 ante
1157 2481 1435 2541 peccatum
1461 2471 1697 2526 hominis
1719 2479 1864 2527 terra

278 2560 414 2614 nihil
441 2561 658 2614 noxium
694 2561 935 2632 protulit,
983 2577 1089 2616 non
1132 2563 1356 2618 herbam
1384 2571 1724 2629 venenatam,
1755 2578 1864 2619 non

279 2651 528 2704 arborem
559 2651 816 2707 sterilem.
856 2651 1044 2708 Omnis
1076 2653 1219 2708 enim
1263 2654 1430 2710 herba
1463 2662 1518 2709 et
1560 2654 1704 2726 ligna
1739 2655 1866 2710 data

278 2753 408 2796 sunt
442 2741 769 2809 hominibus,
796 2751 852 2797 et
875 2743 1202 2809 volatilibus,
1233 2752 1288 2800 et
1316 2745 1682 2802 animantibus
1705 2754 1866 2802 terrae

277 2833 337 2888 in
361 2848 562 2888 escam.
588 2833 742 2890 Unde
768 2831 918 2906 patet
943 2836 1086 2906 quod
1115 2845 1243 2892 tunc
1267 2837 1520 2892 animalia
1553 2838 1866 2893 animalium

276 2938 374 2980 esu
403 2940 511 2980 non
539 2927 810 2994 vivebant,
853 2927 948 2983 sed
985 2928 1326 2985 concorditer
1363 2929 1548 2985 herbis
1583 2937 1639 2984 et
1674 2928 1864 2986 fructi-

276 3012 381 3068 bus
406 3015 782 3070 vescebantur.

353 3105 517 3161 Vens.
545 3107 636 3162 50.
659 3134 734 3150 -
901 3129 919 3162 ι
949 3109 1017 3164 Et
1055 3109 1255 3166 factum
1291 3122 1377 3168 est
1409 3113 1504 3168 ita.
1534 3131 1556 3164 ι
1583 3113 1764 3184 (Auc.,
1800 3114 1864 3168 de

277 3197 410 3253 Gen.
437 3199 507 3254 ad
531 3200 611 3254 lit.
640 3199 733 3255 lib.
762 3216 845 3268 ιιι,
872 3218 922 3258 c.
949 3202 1060 3275 15.)
1079 3202 1398 3269 Notandum
1420 3206 1564 3275 quod
1588 3206 1678 3261 ubi
1705 3207 1865 3262 datur

275 3299 518 3361 potestas
546 3293 751 3348 homini
779 3265 974 3350 herbas
1015 3265 1307 3353 e'tifructus
1344 3265 1555 3364 edendi,
1595 3298 1864 3354 subinfer—
1889 3265 1934 3330 Ο

278 3392 392 3449 tur,
426 3401 446 3434 ε
472 3391 528 3439 et
554 3385 866 3458 factum,est
916 3389 991 3443 ita
1022 3407 1034 3443 :
1069 3409 1089 3442 ι
1121 3390 1176 3445 in
1214 3406 1322 3461 quo
1362 3391 1695 3464 signiﬁcatur
1721 3395 1864 3464 quod

276 3474 384 3528 hoc
408 3473 621 3531 dicente
662 3477 794 3542 Deo,
835 3479 950 3534 haec
979 3480 1080 3535 sibi
1113 3481 1165 3535 in
1192 3495 1343 3537 esum
1373 3499 1628 3540 concessa
1670 3500 1863 3558 cogno-

277 3566 358 3619 vit
383 3566 566 3633 homo,
588 3584 696 3624 non
725 3569 869 3642 quod
901 3572 1084 3627 statim
1111 3575 1305 3630 ederit.
1336 3575 1391 3630 Si
1418 3577 1561 3632 enim
1585 3579 1650 3632 ad
1681 3579 1862 3634 omnia

277 3659 586 3728 supradicta
619 3661 902 3718 referimus
939 3664 1081 3734 quod
1123 3665 1196 3720 ait
1231 3683 1250 3716 ι
1281 3675 1336 3722 et
1366 3667 1563 3723 factum
1603 3677 1687 3724 est
1710 3669 1801 3734 ita,
1838 3689 1857 3720 ι

276 3764 620 3820 consequens
657 3754 763 3808 erit
799 3762 859 3809 ut
903 3755 1150 3812 dicamus
1189 3773 1284 3813 eos
1319 3757 1430 3828 jam
1479 3761 1864 3832 multiplicatos

276 3847 432 3892 sexta
459 3839 564 3905 die,
595 3843 735 3910 quod
765 3852 887 3913 post
915 3845 1112 3903 multos
1141 3846 1344 3904 factum
1375 3857 1460 3904 est
1487 3867 1678 3907 annos.

353 3930 516 3986 Vsus.
537 3931 628 3988 51.
653 3965 724 3974 ——
751 3953 772 3987 ι
807 3936 1058 4007 Viditque
1091 3939 1255 4007 Deus,
1289 3960 1307 3991 ι
1356 3951 1463 3997 etc.
1495 3944 1677 4014 (Auc.,
1706 3943 1861 4015 ibid.)

277 4022 571 4091 Quaeritur,
599 4041 721 4080 cum
751 4028 1060 4099 singillatim
1085 4040 1278 4087 caetera
1306 4033 1447 4088 bona
1471 4035 1742 4101 dicantur,
1765 4051 1865 4093 cur

277 4113 444 4167 homo
469 4116 536 4169 ad
578 4117 864 4186 imaginem
900 4120 996 4175 Dei
1039 4120 1214 4177 factus
1245 4138 1367 4178 cum
1397 4126 1609 4180 caeteris
1639 4127 1742 4182 hoc
1782 4127 1864 4182 di-

275 4207 473 4260 catur?
502 4205 606 4262 Sed
644 4209 782 4264 forte
816 4212 1134 4280 praesciebat
1167 4215 1309 4268 Deus
1337 4231 1460 4271 eum
1482 4229 1856 4288 peccaturum,

274 4313 381 4352 nec
421 4299 475 4352 in
517 4299 846 4369 perfectione
896 4303 1145 4376 imaginis
1190 4322 1525 4363 mansurum.
1568 4309 1670 4377 Qui
1715 4312 1861 4366 enim

275 4390 591 4462 singillatim
622 4392 796 4449 bonus
821 4405 926 4462 est,
964 4399 1138 4469 magis
1163 4415 1287 4454 cum
1325 4401 1598 4468 omnibus,
1627 4403 1722 4458 sed
1753 4418 1860 4458 non

275 4484 632 4538 convertitur.
659 4483 888 4542 Cautum
917 4496 998 4545 est
1031 4505 1160 4562 ergo
1205 4500 1266 4546 ut
1302 4492 1594 4560 diceretur,
1623 4495 1768 4565 quod
1802 4494 1858 4550 in

274 4573 532 4639 praesenti
561 4590 748 4630 verum
776 4587 941 4645 esset,
989 4589 1041 4635 et
1066 4582 1462 4651 praescientiam
1492 4583 1658 4638 futuri
1691 4584 1858 4655 signi-

277 4657 487 4715 ﬁcaret.
516 4663 659 4721 Deus
688 4677 868 4722 autem
897 4671 1076 4724 omnia
1111 4671 1402 4740 ordinavit,
1426 4682 1487 4729 ut
1513 4675 1560 4729 si
1587 4690 1694 4746 qua
1739 4675 1856 4730 sin-

277 4751 508 4821 gillatim
551 4754 753 4814 fuerint
794 4761 1154 4832 delinquendo
1189 4764 1475 4832 deformia,
1520 4782 1737 4839 semper
1775 4779 1857 4823 ta-

277 4858 404 4898 men
429 4861 553 4900 cnm
576 4849 656 4904 eis
677 4851 1002 4909 universitas
1035 4855 1105 4909 sit
1133 4854 1392 4911 formosa.

355 4954 376 4987 ε
410 4937 477 4992 Et
503 4939 706 4997 factum
744 4953 827 4999 est
854 4961 1080 5018 vespere
1118 4956 1173 5004 et
1197 4965 1373 5016 mane,
1409 4971 1428 5002 ι
1468 4959 1574 5007 etc.
1607 4951 1776 5021 (1510.,
1799 4954 1856 5009 in

276 5025 437 5092 Gem,
467 5037 596 5085 tom.
623 5032 689 5098 V,
713 5034 813 5088 col.
836 5036 988 5107 207.)
1018 5037 1173 5093 Mane
1200 5040 1338 5095 sexti
1367 5041 1473 5096 diei
1497 5041 1557 5098 ﬁt
1591 5043 1855 5114 praedica-

276 5119 358 5172 tio
383 5119 657 5192 Evangelii
687 5140 784 5194 per
807 5127 1104 5196 Christum,
1154 5137 1290 5198 etc.,
1330 5148 1496 5203 usque
1538 5134 1606 5188 ad
1647 5135 1737 5204 qui
1763 5150 1858 5192 ve-

277 5227 497 5282 speram
527 5231 636 5272 non
663 5217 848 5275 habet.

351 5305 650 5364 Moraliter.
681 5309 862 5383 (Auc.,
905 5315 969 5370 de
1012 5313 1143 5372 Gen.
1195 5327 1379 5374 contra
1417 5319 1680 5389 Manich.,
1715 5316 1810 5378 lib.
1842 5339 1859 5379 ι

275 5395 334 5448 in
371 5396 524 5468 ﬁne.)
574 5397 741 5457 Sexto
779 5402 868 5460 die
909 5407 1159 5476 producit
1195 5415 1342 5463 terra
1377 5410 1615 5466 animam
1653 5413 1856 5479 vivam,

278 5485 334 5539 id
376 5497 478 5552 est,
530 5489 695 5547 homo
729 5494 795 5550 de
834 5496 1128 5554 stabilitate
1174 5513 1286 5554 suae
1315 5501 1533 5568 mentis,
1561 5502 1653 5558 ubi
1697 5503 1862 5558 habet

278 5573 488 5635 fructus
517 5582 844 5654 spirituales,
878 5589 932 5642 id
965 5598 1068 5656 est,
1115 5590 1291 5646 bonas
1331 5593 1722 5664 cogitationes;
1755 5610 1864 5650 om-

277 5687 378 5727 nes
413 5683 595 5733 motus
620 5681 786 5735 animi
815 5683 896 5737 sui
921 5684 1082 5756 regit,
1115 5693 1174 5739 ut
1201 5686 1272 5740 sit
1303 5687 1358 5742 in
1387 5686 1478 5743 illo
1509 5689 1688 5743 anima
1716 5689 1862 5756 viva,

277 5763 335 5820 id
355 5776 462 5834 est,
492 5771 691 5827 rationi
721 5774 1012 5845 etjustitiae
1040 5777 1306 5846 serviens,
1337 5793 1446 5834 non
1475 5780 1778 5836 terrenitati
1811 5789 1868 5837 et

275 5869 526 5932 peccato.
558 5865 638 5921 Ita
663 5867 723 5922 ﬁt
750 5868 912 5926 homo
937 5871 1005 5929 ad
1036 5871 1326 5948 imaginem
1371 5881 1428 5930 et
1459 5874 1862 5932 similitudinem

1966 661 2195 714 quorum
2223 649 2564 719 copulatione
2585 652 2881 722 spiritualis
2903 653 3047 710 fetus
3073 663 3272 711 terram
3304 656 3539 726 impleat,

1967 733 2021 787 id
2057 743 2160 801 est,
2188 751 2408 793 carnem
2443 738 2713 808 subjiciat,
2753 749 2810 797 et
2848 751 3042 798 caetera
3072 758 3192 814 quae
3222 743 3336 812 jam
3365 745 3419 799 in
3450 747 3546 801 ho-

1968 825 2129 879 minis
2157 827 2486 897 perfectione
2518 831 2659 886 dicta
2690 833 2918 892 sumain
2949 833 3070 889 istis
3096 850 3330 906 namque
3357 836 3547 893 diebus

1967 930 2190 987 vespera
2237 928 2320 974 est
2363 921 2478 990 ipsa
2522 923 2784 991 perfectio
2815 921 3161 996 ‘singulorum
3195 942 3462 998 operum,
3491 937 3548 985 et

1970 1023 2129 1064 mane
2158 1009 2428 1068 inchoatio
2455 1014 2816 1085 sequentium.

2580 1147 2807 1206 CAPUT
2851 1149 2918 1206 ll.

2039 1278 2202 1334 Vens.
2235 1279 2288 1333 1.
2313 1309 2383 1320 -
2409 1299 2427 1331 ι
2468 1279 2636 1351 Igitur
2678 1282 2902 1350 perfecti
2966 1290 3092 1338 sunt
3159 1283 3282 1339 coeli
3327 1292 3385 1340 et
3434 1292 3547 1340 ter-

1975 1387 1995 1420 ι
2023 1385 2103 1435 ra,
2139 1391 2156 1421 ι
2191 1378 2296 1425 etc.
2330 1371 2677 1441 (ALcum.,[in
2693 1369 2822 1427 Gen.
2856 1382 2988 1430 tom.
3015 1373 3060 1439 Ι,
3091 1373 3362 1446 οοΙ.517.)
3393 1374 3548 1429 Nullo

1967 1461 2126 1516 modo
2157 1460 2260 1516 dici
2297 1470 2476 1530 potest
2507 1464 2776 1532 quomodo
2798 1462 2929 1519 fecit
2962 1463 3107 1519 Deus
3133 1465 3326 1520 coelum
3357 1474 3412 1520 et
3447 1473 3554 1520 ter-

1968 1567 2105 1607 ram.
2137 1551 2243 1607 Sed
2273 1554 2388 1609 htec
2418 1555 2682 1624 expositio
2707 1571 2806 1625 per
2833 1556 3079 1612 ordinem
3107 1557 3317 1612 dierum
3349 1557 3552 1612 indicat

1969 1655 2227 1714 tanquam
2277 1646 2559 1701 historiam
2614 1647 2879 1702 factarum
2921 1663 3123 1716 rerum,
3171 1649 3265 1704 sed
3316 1649 3551 1704 maxime

1967 1737 2222 1791 observat
2258 1739 2697 1808 praedicationem
2745 1740 3074 1807 futurorum,
3105 1751 3234 1808 etc.,
3273 1759 3435 1814 usque
3481 1743 3550 1796 ad

1967 1843 2127 1899 quem
2158 1830 2416 1886 Dominus
2440 1832 2646 1887 utiliter
2671 1833 2841 1889 latere
2865 1835 3204 1889 monstravit.

1893 1906 1943 1968 Β
2047 1939 2064 1972 ι
2095 1921 2260 1992 igitur
2285 1921 2511 1994 perfecti
2545 1934 2670 1979 sunt
2699 1925 2844 1990 cceli,
2887 1933 2944 1980 et
2973 1933 3138 1986 terra,
3172 1932 3227 1978 et
3270 1925 3446 1980 omnis
3471 1941 3556 1980 or-

1965 2024 2128 2069 natus
2156 2029 2363 2071 eorum.
2395 2035 2414 2068 ι
2450 2015 2635 2088 (Auc.,
2660 2017 2725 2071 de
2747 2014 2876 2071 Gen.
2900 2026 3081 2072 contra
3110 2016 3369 2083 Manio/1.,
3391 2017 3486 2072 lib.
3509 2035 3552 2084 ι,

1965 2120 2016 2160 c.
2058 2104 2180 2178 ult.)
2228 2105 2538 2178 Allegorice.
2569 2106 2700 2162 Post
2745 2106 2958 2163 illorum
3003 2109 3160 2178 quasi
3211 2123 3306 2164 sex
3340 2108 3549 2163 dierum

1966 2211 2130 2268 opera
2155 2197 2308 2252 valde
2333 2197 2474 2253 bona
2518 2208 2699 2269 speret
2738 2199 2901 2254 homo
2940 2199 3180 2270 requiem
3209 2207 3548 2271 perpetuam,

1965 2298 2020 2344 et
2049 2288 2314 2361 intelligat
2335 2290 2464 2361 quid
2493 2291 2587 2355 sit,
2621 2311 2639 2342 ι
2669 2299 2724 2346 et
2755 2292 3021 2360 requievit
3041 2293 3182 2346 Deus
3211 2293 3298 2346 die
3322 2293 3550 2362 septimo

1965 2380 2034 2435 ab
2061 2379 2316 2450 operibus
2345 2381 2496 2436 suis:
2524 2401 2544 2434 ι
2577 2381 2705 2451 quia
2739 2390 2795 2436 et
2829 2382 2942 2452 ipse
2972 2383 3023 2435 in
3055 2383 3210 2437 nobis
3254 2382 3370 2437 haec
3407 2381 3548 2437 bona

1965 2481 2242 2542 operatur,
2266 2473 2356 2544 qui
2382 2471 2539 2542 jubet
2571 2481 2628 2527 ut
2655 2487 2960 2542 operemur.
2995 2473 3062 2527 Et
3093 2480 3239 2528 recte
3268 2473 3551 2542 quiescere

1966 2563 2166 2618 dicitur
2191 2582 2204 2618 :
2227 2564 2354 2635 quia
2385 2571 2508 2634 post
2547 2565 2664 2618 hac
2693 2563 2875 2617 omnia
2920 2578 3086 2634 opera
3113 2563 3354 2632 requiem
3394 2564 3551 2619 nobis

1963 2659 2260 2728 praestabit,
2295 2657 2566 2728 quomodo
2603 2652 2995 2727 paterfamilias
3038 2656 3255 2712 domum
3295 2656 3549 2722 aediﬁcat,

1965 2765 2089 2805 cum
2118 2750 2480 2806 servientibus
2508 2750 2690 2807 facere
2732 2751 3002 2822 imperat;
3043 2758 3098 2806 et
3123 2759 3246 2820 post
3275 2751 3344 2805 ab
3375 2751 3552 2820 operi-

1963 2844 2066 2900 bus
2096 2845 2463 2916 requiescere,
2493 2859 2638 2912 cum,
2677 2842 2918 2914 perfecta
2952 2842 3180 2910 fabrica,
3206 2843 3362 2914 jubet
3406 2844 3553 2914 quie-

1965 2953 2141 2996 scere.
2553 2995 2558 2998 ,
2785 2995 2790 2998 ,
3054 3009 3063 3023 ι
3092 3011 3096 3015 _
3243 2957 3246 2962 ·

2035 3031 2217 3102 (Aura,
2248 3029 2402 3102 ibid.)
2430 3029 2604 3086 Habet
2647 3029 3018 3102 unusquisque
3055 3039 3302 3087 nostrum
3340 3031 3397 3085 in
3435 3029 3550 3087 suis

1963 3119 2218 3191 operibus
2246 3129 2302 3176 et
2325 3129 2475 3176 recta
2503 3121 2614 3175 vita
2662 3129 2920 3192 tanquam
2969 3121 3252 3178 distinctos
3295 3121 3428 3177 istos
3454 3137 3548 3176 sex

1965 3213 2102 3279 dies,
2142 3221 2266 3284 post
2289 3228 2424 3284 quos
2452 3213 2646 3268 debeat
2684 3213 2918 3282 quietem
2963 3228 3219 3284 sperare:
3248 3213 3424 3284 primo
3462 3215 3549 3269 die

1965 3305 2142 3361 lucem
2170 3304 2318 3372 ﬁdei,
2341 3305 2554 3375 quando
2584 3305 2818 3376 primum
2862 3305 3165 3360 visibilibus
3192 3305 3384 3371 credit,
3426 3322 3551 3376 pro-

1962 3405 2084 3468 pter
2111 3411 2274 3467 quam
2323 3395 2485 3451 ﬁdem
2514 3395 2779 3452 Dominus
2828 3395 3114 3452 visibiliter
3159 3412 3424 3468 apparere
3466 3397 3550 3452 di-

1963 3500 2160 3561 gnatus
2191 3498 2293 3546 est.
2321 3489 2574 3546 Secundo
2603 3490 2692 3545 die
2717 3490 2922 3544 factum
2949 3499 3035 3544 est
3071 3499 3327 3560 tanquam
3369 3491 3552 3544 ﬁrma-

1963 3590 2205 3639 mentum
2235 3581 2554 3652 disciplinte,
2595 3580 2737 3650 quod
2773 3580 3033 3636 discernit
3057 3582 3202 3637 inter
3231 3581 3466 3638 carnalia
3495 3593 3550 3638 et

1964 3674 2263 3745 spiritualia
2290 3689 2479 3744 opera,
2524 3673 2666 3728 sicut
2705 3672 3107 3728 firmamentum
3151 3673 3294 3728 inter
3333 3673 3550 3728 inferio-

1963 3784 2050 3824 res
2091 3781 2259 3837 aquas
2308 3775 2364 3822 et
2413 3765 2738 3837 superiores.
2789 3765 2974 3821 Tertio
3025 3765 3113 3821 die
3158 3781 3267 3837 quo
3310 3775 3544 3823 mentem

1961 3875 2115 3916 suam
2140 3860 2207 3914 ad
2236 3857 2589 3929 proferendos
2617 3858 2884 3913 bonorum
2908 3873 3133 3928 operum
3169 3855 3377 3913 fructus
3411 3873 3546 3928 prte-

1959 3960 2138 4024 parat,
2166 3959 2222 4006 et
2261 3951 2438 4022 erigit,
2469 3959 2717 4020 separata
2754 3949 2872 4005 labe
2922 3959 2978 4004 et
3003 3949 3258 4006 ﬂuctibus
3286 3951 3543 4006 tentatio-

1960 4060 2089 4099 num
2119 4044 2440 4110 carnalium,
2489 4052 2747 4113 tanquam
2784 4043 2991 4098 aridam
3040 4043 3202 4100 habet
3250 4053 3484 4099 mentem
3516 4059 3547 4099 a

1959 4137 2454 4208 perturbationibus
2474 4137 2661 4203 maris,
2685 4144 2745 4190 ut
2763 4137 2875 4208 jam
2896 4137 3070 4207 possit
3085 4138 3265 4194 dicere
3290 4155 3342 4192 ε(
3368 4138 3546 4194 Mente

1960 4227 2138 4283 servio
2162 4226 2266 4297 legi
2292 4226 2388 4281 Dei
2417 4224 2588 4297 (Rom.
2616 4227 2738 4295 vu),
2770 4245 2788 4278 ι
2816 4235 2922 4282 etc.
3336 4293 3347 4306 a
3475 4248 3480 4253 ·

2031 4318 2196 4374 Vens.
2222 4318 2276 4384 2,
2309 4317 2362 4372 5.
2391 4347 2458 4358 —-
2488 4335 2507 4369 ‹
2539 4317 2948 4388 Complevitque
2974 4321 3133 4382 Deus,
3167 4337 3186 4370 ι
3212 4327 3317 4374 etc.
3346 4320 3562 4391 (Bem,‘

1957 4412 2016 4466 in
2056 4409 2341 4481 Hexaem.)
2386 4408 2504 4464 Alia
2537 4409 2860 4465 translatio:
2893 4429 2911 4461 ι
2945 4409 3354 4465 Consummavit
3401 4412 3544 4466 Deus

1959 4503 2048 4559 die
2090 4509 2245 4558 sexto
2276 4517 2440 4573 opera
2491 4516 2610 4572 qua:
2659 4499 2805 4566 fecit,
2837 4520 2856 4554 ›
2883 4517 3003 4570 quae
3043 4500 3178 4557 nihil
3223 4501 3544 4572 qurestionis

1880 4628 1938 4692 Β
1961 4591 2135 4660 aﬁ‘ert,
2163 4593 2290 4663 quia
2311 4591 2594 4648 manifesta
2617 4598 2742 4646 sunt
2765 4606 2886 4661 quae
2907 4590 2963 4646 in
2983 4605 3050 4646 eo
3075 4590 3218 4646 facta
3241 4600 3387 4656 sunt,
3411 4600 3545 4656 etc.,

1964 4702 2126 4757 usque
2169 4687 2238 4739 ad
2288 4683 2492 4755 aliquid
2544 4685 2688 4740 enim
2729 4683 2910 4754 operis
2947 4682 3076 4740 fecit
3117 4681 3373 4739 Salomon
3421 4699 3543 4738 cum

1965 4778 2223 4849 templum
2243 4777 2532 4833 dedicavit.

2037 4868 2243 4941 (HIER.,
2273 4868 2474 4934 Quam.
2502 4865 2667 4921 Hebr.
2703 4866 2760 4920 in
2783 4862 2938 4932 Gem,
2962 4873 3095 4920 tom.
3132 4862 3222 4928 Ill,
3258 4863 3362 4918 col.
3393 4862 3544 4936 955.)

1963 4960 2022 5016 1η
2050 4959 2276 5015 Hebraeo
2302 4959 2530 5015 habetur
2563 4975 2581 5008 ι
2607 4956 2696 5012 die
2715 4957 2960 5027 septima.
2994 4974 3014 5008 ι
3043 4953 3386 5010 Arctabimus
3408 4971 3537 5026 ergo

1964 5051 2198 5118 Iudaeos,
2250 5051 2344 5122 qui
2386 5050 2453 5105 de
2494 5049 2606 5104 otio
2646 5047 2854 5104 sabbati
2905 5046 3223 5117 gloriantur,
3273 5045 3398 5116 quia
3427 5043 3542 5114 jam

1962 5150 2092 5197 tunc
2121 5143 2176 5198 in
2217 5141 2486 5212 principio
2515 5139 2798 5196 sabbatum
2827 5137 3061 5193 solutum
3099 5146 3202 5205 est,
3243 5138 3372 5193 dum
3397 5136 3540 5194 Deus

1963 5242 2220 5304 operatur
2248 5233 2302 5288 in
2338 5233 2584 5298 sabbato,
2623 5229 2898 5300 complens
2927 5245 3093 5302 opera
3121 5245 3217 5285 sua
3241 5231 3295 5285 in
3319 5245 3405 5287 eo.

2040 5341 2058 5373 ‹
2094 5321 2502 5392 Complevitque
2553 5321 2728 5384 Deus,
2765 5339 2784 5372 ι
2840 5327 2947 5376 etc.
3005 5319 3197 5390 (Aua.,
3245 5320 3340 5376 lib.
3382 5335 3438 5376 tv
3479 5321 3546 5376 de

1963 5412 2095 5467 Gen.
2127 5412 2197 5466 ad
2224 5413 2350 5481 litt,
2379 5427 2429 5468 c.
2456 5412 2512 5477 4,
2556 5421 2688 5467 tom.
2717 5411 2832 5483 Ill.)
2863 5411 3137 5480 Quaeritur
3177 5422 3383 5479 utrum,
3411 5421 3541 5480 etc.,

1965 5521 2128 5577 usque
2151 5507 2220 5561 ad
2247 5505 2539 5562 secundum
2563 5521 2686 5562 eum
2717 5506 2957 5577 perfecta
2986 5523 3094 5563 non
3121 5509 3331 5564 ﬁerent.

2043 5617 2060 5650 ι
2092 5598 2160 5654 Et
2189 5598 2453 5669 requievit
2480 5599 2639 5663 Deus,
2673 5606 2780 5654 etc.
2816 5597 3008 5671 (BEDA,
3036 5603 3095 5655 in
3118 5598 3399 5670 Hexaem.)
3424 5597 3540 5654 Non

1966 5694 2123 5766 quasi
2149 5693 2424 5764 Operando
2451 5692 2649 5758 lassus,
2689 5693 2784 5748 sed
2811 5693 2880 5748 ab
2919 5694 3173 5748 universo
3197 5707 3360 5764 opere
3389 5695 3543 5766 quic-

1967 5787 2064 5852 vit,
2097 5787 2222 5857 quia
2253 5800 2451 5844 novam
2475 5793 2783 5840 creaturam
2821 5786 3002 5842 facere
3029 5786 3280 5842 cessavit.
3317 5787 3545 5858 Requie-

1978 5830 2064 5852 ...,
2099 5830 2222 5857 Ἰν...
2253 5830 2451 5844 ...μ-,η
2477 5830 2783 5840 -.-η-μη..
2821 5830 3002 5842 -..νων
3031 5830 3280 5842 νων.-.
3317 5830 3520 5858 -.-νην

1967 5892 2118 5934 scere
2166 5876 2311 5940 enim
2357 5889 2572 5933 cessare
2609 5874 2828 5944 dicitur,
2860 5887 2920 5932 ut
2967 5877 3023 5934 in
3069 5876 3496 5962 Apocalypsistv

3371 6147 3406 6186 J
