4074 6334
507 468 575 523 83
874 490 881 495 -
995 461 1389 518 WALAFRIDI
1432 458 1675 515 STRABI
1716 457 1917 516 FULD.
1960 459 2126 517 MON.
2167 460 2317 519 OPP.
2361 460 2540 519 PARS
2580 462 2620 515 ι.
2659 490 2728 501 -—
2765 456 3221 519 THEOLOGICA.
3364 526 3371 533 _
3680 468 3753 526 84

514 598 531 630 ι
559 578 821 653 Reguiem
870 591 974 633 non
1021 575 1315 645 habebant,
1357 575 1625 630 dicentia:
1653 572 1907 641 Sanctus,
1950 590 2076 629 san-
2106 577 2157 636 Α
2252 572 2441 647 (Ιὺὶά.)
2485 573 2540 628 ln
2587 573 2691 629 illis
2730 582 2908 629 autem
2956 574 3162 641 diebus,
3195 582 3324 643 etc.,
3355 593 3515 650 usque
3549 580 3618 633 ad
3656 580 3751 651 qui

505 681 648 735 ctus,
676 677 915 735 sanctus,
952 688 970 722 ι
999 666 1052 725 id
1075 676 1180 735 est,
1208 666 1391 723 dicere
1425 681 1533 721 non
1558 665 1862 722 cessabant.
2180 665 2381 719 conditi
2405 672 2531 719 ante
2556 664 2841 719 luminaria
2868 673 3255 722 memorantur.

577 760 765 835 (BEDA,
790 757 945 831 ibid.)
969 756 1144 813 Altius
1165 771 1379 841 quoque
1400 755 1725 828 intelligetur
1749 756 2078 827 requievisse
2249 756 2438 831 (lbid.,
2464 773 2512 812 c.
2544 756 2658 830 ‘20.)
2705 756 2974 843 Quaeritur
3007 760 3275 831 quomodo
3321 759 3532 818 dicatur
3560 761 3614 818 in
3665 778 3751 839 se-

505 858 571 913 ab
600 856 853 919 universo
882 869 1043 927 opere
1086 868 1205 923 suo,
1233 859 1362 918 etc.,
1394 868 1554 922 usque
1597 851 1666 905 ad
1695 852 1788 908 sed
1812 851 2079 908 creaturis
2176 850 2363 921 ptimo,
2392 859 2523 917 etc.,
2553 866 2716 922 usque
2743 850 2814 904 ad
2844 848 2949 905 nisi
2992 848 3081 905 illa
3110 867 3229 941 quae
3254 852 3405 923 prius
3448 855 3661 912 condita
3693 863 3753 913 et

504 949 857 1006 rationalibus
883 948 937 1003 in
963 963 1023 1003 se
1053 947 1295 1017 requiem
1322 945 1487 1013 dedit.
2176 941 2291 997 dies
2320 951 2531 996 vocata.

580 1062 598 1093 ‹
628 1042 695 1096 Et
742 1039 1009 1110 requievit
1054 1038 1217 1101 Deus,
1249 1056 1267 1089 ι
1307 1044 1412 1090 etc.
1444 1033 1629 1106 (Auc.,
1670 1035 1758 1089 ubi
1785 1051 1968 1105 supra,
2019 1050 2071 1090 c.
2245 1035 2432 1107 (lbid.,
2482 1052 2531 1091 c.
2583 1033 2698 1106 2t.)
2740 1035 2845 1093 Sed
2889 1036 3157 1109 quomodo
3197 1036 3486 1093 circumire
3533 1045 3751 1110 poterat

502 1134 580 1207 8.)
608 1132 723 1188 Non
758 1130 1026 1186 laboravit
1060 1129 1203 1184 Deus
1225 1128 1278 1182 in
1306 1127 1579 1196 operando
1613 1126 1707 1197 qui
1757 1128 1872 1181 solo
1906 1127 2073 1182 verbo
2173 1128 2286 1193 lux,
2317 1138 2447 1197 etc.,
2480 1145 2640 1201 usque
2662 1128 2731 1182 ad
2756 1136 2809 1185 et
2834 1128 3059 1203 reliqua.

500 1227 647 1291 fecit,
673 1223 938 1279 dicendo:
968 1242 986 1273 ι
1015 1221 1150 1293 Fiat.
1185 1240 1202 1277 ι
1234 1218 1344 1274 Nec
1372 1219 1532 1277 homo
1550 1218 1802 1281 dicendo,
1827 1237 1846 1269 ι
1876 1216 2017 1283 Fiat,
2048 1237 2067 1269 ι
2245 1219 2434 1295 (Ibid)
2487 1220 2593 1276 Sed
2640 1218 2853 1291 facilius
2909 1228 2992 1275 est
3032 1228 3092 1274 ut
3138 1235 3238 1295 nos
3275 1220 3526 1305 ignorare
3574 1220 3747 1281 fatea-

499 1318 728 1377 laborat.
772 1315 879 1373 Sed
908 1313 1045 1373 forte
1074 1312 1274 1367 dicitur
1301 1310 1574 1364 laborasse
1620 1309 1905 1379 cogitando
1942 1308 2072 1379 quid
2172 1328 2314 1377 mur,
2342 1323 2472 1380 etc.,
2516 1329 2678 1383 usque
2718 1313 2787 1366 ad
2838 1311 3141 1383 falsumque
3181 1313 3287 1387 erit
3315 1328 3439 1387 eum
3477 1322 3629 1371 sexta
3659 1316 3749 1373 die

498 1410 674 1466 ﬁeret.
704 1408 752 1464 Δ
780 1422 887 1479 qua
935 1420 1087 1473 cura,
1123 1402 1377 1474 perfectis
1421 1401 1602 1467 rebus,
1629 1400 1897 1472 quievisse
1933 1399 2070 1455 dici-
2172 1418 2578 1459 consummasse
2603 1402 2784 1457 omnia
2810 1417 2972 1477 opera
3002 1418 3120 1458 sua.

498 1512 606 1559 tur.
638 1501 744 1557 Sed
799 1501 903 1559 hoc
956 1513 1149 1571 sapere
1191 1497 1435 1567 desipere
1474 1502 1577 1549 est.
1618 1494 1788 1549 Deum
1825 1508 1955 1565 ergo
1986 1508 2072 1548 re-
2243 1494 2433 1567 (Ibid.,
2476 1510 2506 1549 c
2572 1494 2686 1565 Ἡ.)
2717 1492 2825 1548 Sed
2863 1495 3117 1565 quoniam
3147 1494 3235 1550 lux
3265 1497 3580 1567 corporalis,
3611 1507 3745 1565 etc.,

496 1592 788 1664 quievisse,
817 1599 903 1649 est
932 1597 1193 1647 creatura:
1219 1584 1467 1645 rationali
1493 1585 1546 1641 in
1575 1599 1635 1639 se
1665 1585 1906 1655 requiem
1934 1598 2072 1655 prae—
2172 1604 2332 1657 usque
2356 1586 2425 1641 ad
2447 1596 2501 1642 et
2524 1586 2610 1641 illa
2640 1600 2745 1659 qua
2771 1595 3016 1641 creatura
3046 1572 3304 1659 in‘seipsa
3334 1588 3577 1645 noscitur
3600 1598 3748 1645 recte

495 1685 727 1757 stitisse;
758 1691 821 1739 ut
844 1682 971 1741 illuc
1004 1680 1212 1755 scilicet
1255 1677 1519 1737 desiderio
1558 1676 1817 1745 feramur,
1847 1692 1957 1749 quo
1987 1692 2072 1733 re—
2171 1692 2399 1747 vespera
2425 1677 2645 1731 dicitur.

494 1775 859 1846 quiescamus,
896 1772 950 1829 id
980 1779 1065 1828 est
1095 1769 1228 1827 nihil
1258 1768 1488 1845 amplius
1524 1767 1888 1839 requiramus.
1916 1766 2071 1827 Sicut
2238 1768 2427 1842 (Ιὸἰιι.,
2485 1785 2534 1825 c.
2583 1767 2698 1840 25.)
2745 1767 2883 1838 Quia
2937 1782 3070 1823 vero
3118 1769 3293 1843 angeli
3340 1779 3647 1833 creaturam
3690 1772 3747 1828 in

493 1866 637 1923 enim
666 1864 848 1933 facere
875 1864 1089 1930 dicitur,
1119 1862 1260 1939 quod
1288 1861 1403 1935 ipso
1435 1860 1488 1915 in
1518 1859 1675 1917 nobis
1703 1868 1962 1933 operante
1988 1858 2068 1915 fa-
2094 1932 2137 1939 __
2169 1861 2347 1930 seipsa
2394 1861 2473 1915 sic
2515 1861 2712 1925 sciunt,
2749 1870 2882 1926 etc.,
2928 1876 3089 1931 usque
3137 1860 3206 1914 ad
3236 1860 3359 1915 Ideo
3397 1861 3626 1933 septima
3657 1861 3747 1918 die

493 1958 686 2028 cimus,
714 1965 771 2015 et
794 1932 1271 2027 cognoscere-cum
1299 1932 1675 2022 cognoscimus
1697 1990 1712 2015 ,
1739 1932 1819 2015 Sic
1849 1950 2065 2020 requie—
2094 1932 2143 1994 Β
2171 1953 2317 2009 nulla
2338 1967 2564 2027 vespera
2593 1951 2845 2007 accessit.

493 2062 667 2113 scere,
696 2061 819 2105 cum
845 2046 964 2116 ejus
994 2059 1217 2103 munere
1254 2042 1663 2114 requiescimus.
2237 2044 2425 2118 (Ibid.,
2475 2059 2527 2099 c.
2558 2041 2674 2115 28.)
2708 2041 2815 2105 Nec
2849 2049 3002 2119 putet
3040 2042 3181 2117 quis,
3221 2048 3352 2109 etc.,
3404 2059 3566 2114 usque
3597 2045 3667 2098 ad
3692 2053 3750 2101 et

564 2139 753 2213 (Ibit,
776 2155 826 2194 e.
858 2137 969 2208 11.)
1012 2136 1128 2197 Non
1155 2144 1239 2193 est
1282 2136 1479 2195 mirum
1523 2134 1567 2190 Si
1596 2135 1739 2195 diem
1776 2147 1882 2205 quo
1907 2130 2066 2191 Chri-
2166 2140 2350 2197 verius
2378 2138 2574 2193 mane?
2858 2126 2865 2133 ’

491 2239 607 2291 stus
631 2239 753 2291 erat
795 2231 851 2287 in
881 2228 1128 2302 sepulcro
1158 2227 1441 2300 quieturus
1483 2226 1588 2282 hoc
1626 2226 1795 2281 modo-
1818 2239 2055 2299 praznup-
2238 2230 2493 2302 (Ibid.,c.
2523 2227 2646 2299 55.)
2678 2226 2804 2299 Dies
2824 2242 2954 2305 ergo
2983 2225 3070 2281 ilue
3091 2224 3318 2303 primus,
3342 2236 3473 2311 etc.,
3496 2245 3658 2300 usque
3679 2230 3750 2285 ad

491 2324 633 2381 tiaus
656 2322 830 2391 dixit:
861 2340 880 2385 ς
920 2321 1016 2379 Die
1041 2320 1273 2393 septimo
1296 2317 1583 2389 requievit,
1616 2336 1636 2387 ρ
1667 2316 1920 2389 deinceps
1941 2330 2067 2389 ope-
2164 2331 2220 2378 et
2249 2320 2578 2393 sanetilicari
2609 2320 2680 2377 ob
2718 2319 2822 2391 hoc
2855 2316 3073 2395 meruit.

491 2424 708 2483 raturas
739 2413 959 2485 ordines
994 2411 1335 2471 szeculorum.

2238 2411 2426 2485 (Bentt,
2466 2411 2521 2467 in
2552 2409 2831 2481 Hexaem,
2876 2418 3004 2485 tom.
3032 2410 3098 2491 ll,
3139 2409 3242 2468 col.
3286 2411 3398 2487 13,)
3441 2412 3748 2489 Allqgonce.

561 2504 753 2578 (lbid,,
774 2520 825 2559 ο.
856 2503 967 2574 12.)
997 2502 1183 2573 Potest
1208 2510 1390 2559 autem
1411 2499 1633 2573 intelligi
1655 2499 1823 2563 Deum
1854 2496 2066 2575 requie-
2167 2504 2321 2563 Unde
2348 2503 2543 2575 dicitur
2568 2501 2740 2577 Exod.
2764 2518 2835 2557 xx
2863 2518 2877 2556 :
2909 2520 2931 2554 ι
2959 2501 3226 2571 Memento
3262 2512 3321 2558 ut
3355 2502 3497 2559 diem
3537 2504 3752 2561 sabbati

487 2596 631 2655 visse
659 2610 690 2653 a
729 2593 990 2651 faciendis
1015 2592 1303 2665 generibus
1330 2598 1609 2661 creaturae,
1635 2597 1765 2655 etc.,
1798 2605 1959 2665 usque
1994 2586 2065 2642 ad
2164 2594 2492 2653 sanctilices.
2538 2611 2557 2645 ι
2593 2591 2719 2651 Haec
2768 2602 2948 2649 autem
2992 2591 3299 2651 benedictio
3344 2602 3400 2653 et
3445 2594 3753 2650 sanctiﬁca-

488 2693 543 2747 et
570 2684 874 2757 gubernare
893 2698 1002 2751 non
1033 2692 1230 2739 cesset.
2167 2691 2242 2747 tio
2275 2689 2538 2761 majorem
2583 2686 3017 2755 benedictionem
3054 2696 3109 2757 et
3153 2687 3638 2759 sanctificationem
3678 2686 3754 2745 si-

558 2774 743 2847 (Ῑθίάη
770 2790 818 2830 ο·
853 2773 966 2846 Ηο)
998 2774 1139 2831 Deus
1168 2782 1347 2829 θυιεῐῐι
1393 2788 1491 2828 nec
1537 2771 1770 2843 creando
1797 2770 2061 2839 defessus.
2166 2781 2408 2853 gniﬁcat,
2441 2787 2570 2847 etc.,
2598 2784 2763 2851 usque
2800 2778 2871 2833 ad
2897 2778 3023 2837 Ideo
3053 2779 3169 2835 haec
3198 2779 3315 2835 dies
3338 2794 3621 2859 vesperam
3651 2779 3751 2834 ha-

488 2881 587 2921 nec
614 2865 875 2921 cessando
899 2864 1135 2920 refectus
1156 2873 1241 2919 est
1265 2879 1280 2918 :
1304 2864 1398 2920 sed
1424 2880 1520 2934 per
1546 2862 1880 2934 Scripturam
1909 2878 2063 2917 suam
2163 2871 2294 2927 bere
2322 2885 2429 2925 non
2458 2869 2738 2939 scribitur,

489 2958 556 3012 ad
610 2957 809 3027 quietis
859 2955 1185 3019 desiderium
1241 2970 1340 3010 nos
1397 2956 1666 3020 hortatur,
1727 2953 1955 3011 dicendo
2003 2967 2063 3009 se
2235 2962 2401 3015 Vens.
2428 2959 2484 3014 4.
2507 2990 2576 3000 -
2608 2978 2625 3011 ι
2654 2958 2773 3015 Istae
2801 2967 2930 3014 sunt
2952 2958 3347 3032 generationes.
3381 2978 3400 3013 ι
3438 2959 3619 3031 (ΗΑΒ.)
3643 2959 3751 3017 Eos

485 3049 627 3105 diem
667 3048 1035 3111 sanctnlicasse
1087 3048 1141 3102 in
1187 3062 1295 3119 quo
1324 3046 1606 3115 requievit.
1642 3044 1880 3101 Caeteros
1916 3043 2060 3101 enim
2165 3051 2337 3121 tangit
2367 3051 2457 3123 qui
2492 3050 2751 3105 mundum
2781 3050 2901 3104 sine
2924 3049 3081 3105 initio
3107 3051 3292 3105 dicunt
3320 3065 3531 3122 semper
3554 3050 3746 3123 fuisse,

487 3138 602 3196 dies
645 3137 827 3209 operis
874 3137 957 3195 sui
983 3152 1089 3195 non
1137 3137 1332 3209 legitur
1374 3134 1763 3201 sanctificasse,
1806 3143 2061 3209 tanquam
2162 3141 2249 3198 vel
2277 3141 2367 3217 qui
2405 3157 2437 3211 s
2478 3141 2589 3197 Deo
2619 3140 2818 3196 factum
2848 3149 3065 3215 putant,
3094 3142 3188 3217 sed
3224 3156 3288 3197 ex
3331 3142 3554 3201 materia
3582 3159 3750 3215 quam

486 3233 628 3302 apud
656 3231 830 3302 ipsum
865 3229 987 3302 plus
1007 3229 1163 3301 quies
1192 3243 1352 3299 quam
1378 3228 1622 3299 operatio
1652 3226 1844 3283 valeat.
2085 3262 2132 3313 λ
2163 3250 2272 3313 nun
2302 3233 2515 3300 fecerit,
2545 3233 2640 3291 sed
2668 3242 2936 3289 comtema
2963 3234 3033 3289 ei.

557 3293 746 3414 (ibit-ts
768 3358 820 3398 ε.
851 3293 965 3415 i5.)
1001 3293 1443 3412 Vitium-quoque
1484 3341 1678 3405 animae
1703 3349 1790 3409 est
1821 3340 1897 3411 ita
1948 3339 2057 3397 suis

2208 3308 2338 3381 icln
2387 3325 2471 3381 die
2502 3293 2625 3398 'quo
2671 3324 2822 3393 fecit,
2851 3345 2871 3378 ι
2918 3334 3024 3382 etc.
3067 3325 3220 3384 Diem
3264 3333 3416 3419 ponit
3455 3340 3553 3417 prq
3597 3328 3748 3384 omni

483 3435 739 3507 operibus
777 3434 1057 3503 delegari,
1102 3442 1232 3502 εωη
1279 3451 1440 3506 um.
1473 3433 1544 3499 αα
1577 3448 1639 3505 βξ
1670 3433 1856 3505 τρρυξε
1895 3448 1925 3489 a
1951 3448 2058 3507 qua
2161 3426 2421 3497 tempore,
2444 3432 2552 3491 quo
2571 3419 2938 3495 primordialis
2957 3430 3208 3493 creatura
3232 3419 3462 3497 formata
3484 3430 3589 3501 est,
3611 3433 3743 3493 etc.,

486 3544 758 3599 nunquam
786 3527 1028 3589 recessu,
2156 3530 2323 3585 usque
2360 3514 2429 3568 ad
2463 3515 2583 3569 sine
2610 3513 2793 3587 pluvia
2819 3521 2875 3568 et
2901 3528 3066 3589 opere
3093 3514 3349 3585 humano.

2237 3623 2256 3657 ‹
2288 3604 2410 3669 Ista:
2455 3614 2583 3661 sunt
2628 3607 3008 3679 generationes
3057 3605 3182 3681 caeli
3210 3647 3225 3677 ,
3258 3626 3276 3658 ι
3321 3613 3428 3663 etc.
3472 3605 3647 3679 (lsm.,
3690 3608 3746 3663 in

2158 3693 2317 3763 Gem,
2348 3705 2390 3771 ᾳ.
2417 3694 2508 3770 γ.)
2537 3695 2814 3769 Numerati
2845 3704 2969 3751 sunt
2989 3712 3083 3759 sex
3105 3696 3222 3757 dies
3257 3697 3453 3767 quibus
3478 3698 3747 3754 universi-

2161 3795 2240 3840 tas
2280 3785 2459 3845 εθεειιίί
2486 3802 2517 3841 a
2557 3788 2734 3873 capite
2769 3801 2942 3857 usque
2982 3786 3051 3859 ad
3095 3787 3277 3854 tinem,
3301 3798 3431 3856 etc.,
3473 3807 3635 3863 usque
3673 3790 3746 3846 ad

2160 3878 2207 3931 si
2240 3892 2346 3943 non
2374 3886 2671 3947 peccasset.

2235 3994 2251 4025 ι
2280 3974 2580 4045 Antequam
2606 3974 2841 4047 oriretur
2866 3976 2919 4043 in
2944 3984 3109 4051 terra,
3145 3996 3165 4049 ῃ
3199 3976 3253 4051 ld
3283 3985 3392 4049 est,
3420 3978 3741 4050 priusquam

2158 4074 2426 4135 peccaret,
2466 4064 2520 4123 id
2548 4072 2633 4123 est
2660 4067 2891 4123 terrenis
2935 4068 3319 4141 cupiditatibus
3360 4086 3417 4127 se
3463 4071 3737 4129 subderet.

595 4159 1248 4239 i‘i'i’i'”f'i.’.‘if’i'ffl'fi
1932 4159 2042 4190 νυν
2163 4159 2311 4214 Unde
2338 4160 2582 4231 sequitur
2616 4179 2627 4215 ε
2660 4180 2679 4235 ε
2708 4161 2823 4229 Non
2857 4164 2999 4221 enim
3036 4164 3247 4237 pluerat
3278 4165 3421 4222 Deus
3447 4181 3608 4239 super
3632 4178 3742 4225 ιον-

482 4220 771 4337 ίθίξίξξέθη
801 4230 922 4337 ese:
944 4220 1249 4337 Famam?
1271 4226 1425 4337 ⁵¹ιή
1618 4326 1632 4337 1
1896 4325 1908 4337 ⁸
1953 4332 1963 4337 Δ
2158 4268 2295 4319 ram,
2327 4273 2346 4306 ι
2382 4253 2483 4313 hoc
2525 4262 2629 4321 est,
2661 4220 2896 4317 nondum
2936 4220 3266 4331 propheticis
3308 4258 3391 4315 vel
3415 4220 3743 4329 evahgelicis

552 4331 739 4403 (Ibid.,
769 4347 817 4387 c.
852 4330 962 4405 l7.)
994 4328 1168 4403 Opera
1195 4327 1311 4399 ejus
1338 4327 1584 4385 videmus
1618 4326 1756 4385 bona
1783 4326 2054 4395 :quietem

2160 4346 2411 4411 nubibus,
2442 4346 2615 4403 imbre
2657 4349 2804 4405 verbi
2845 4326 3063 4415 emisso,
3099 4350 3332 4423 animam
3378 4326 3581 4407 vivere
3597 4349 3742 4408 fece-

479 4440 610 4478 vero
652 4422 769 4493 ejus
808 4432 932 4509 post
974 4425 1112 4477 bona
1163 4436 1328 4495 Opera
1378 4429 1565 4477 nostra
1615 4418 1936 4474 videbimus.
1976 4414 2057 4472 Ob

2160 4443 2262 4501 rat,
2295 4443 2349 4490 et
2383 4455 2402 4488 ι
2436 4437 2598 4511 homo
2641 4453 2745 4501 non
2789 4447 2906 4495 erat
2948 4440 3039 4513 qui
3088 4414 3407 4513 operaretur
3452 4451 3676 4509 terram,
3710 4464 3731 4498 ι

482 4532 641 4609 quam
692 4514 1116 4609 εἱειιίίῖοθῐξάξιῐην
1157 4530 1319 4569 “nam
1366 4514 1508 4609 diem
1554 4513 1763 4609 εἶιῗξιξθῑί
1800 4512 2058 4609 Primi?!"it
2158 4529 2281 4597 quia
2315 4537 2436 4600 post
2470 4539 2751 4601 peccatum
2792 4530 2956 4587 homo
3004 4512 3251 4589 laborare
3280 4533 3445 4609 etrapit
3472 4534 3525 4589 in
3564 4542 3734 4603 terra,

482 4604 763 4662 οὒδθΐνπί
794 4621 806 4656 ³
831 4603 975 4675 qui)“
1005 4604 1059 4701 ill
1090 4606 1540 4701 ιθιιιροτθβηιιίῖε
1569 4604 1838 4660 δυωθῑιηη
1863 4610 1966 4701 cf“,
2002 4604 2054 4701 ίῐξ
2081 4658 2133 4701 η
2158 4622 2497 4689 necessarias
2536 4623 2723 4687 habuit
2770 4625 2941 4687 nubes
2971 4623 3109 4693 illas,
3154 4626 3296 4683 unde
3325 4603 3639 4701 virgultum,
3680 4628 3737 4683 id

479 4714 585 4768 qua
626 4704 939 4768 perpetuum
980 4695 1231 4751 observat
1279 4698 1581 4763 sabbatum,
1612 4700 1703 4771 qui
1748 4711 1842 4769 spe
1884 4696 2051 4750 futuri

2159 4719 2242 4779 est
2272 4712 2449 4775 anima
2481 4713 2709 4773 virebat.
2754 4714 3020 4786 lrrigpbat
3057 4731 3175 4779 eam
3205 4715 3326 4773 fons
3354 4695 3497 4785 vitae,
3529 4718 3583 4775 id
3627 4726 3733 4783 est.

477 4788 658 4887 omnia
706 4788 847 4849 bona
882 4796 1158 4887 ορθΐξηιπδ
1206 4802 1306 4887 ιξεε
1347 4788 1402 4842 in
1444 4787 1603 4843 bonis
1632 4784 1887 4859 operibus
1916 4786 2047 4853 θυῖεν
2157 4800 2438 4856 inundatio
2485 4803 2753 4875 veritatis,
2807 4784 3032 4881 loquens
3074 4804 3129 4863 in
3176 4805 3633 4887 intellectuejus,
3676 4817 3737 4865 ut

554 3639 741 3713 (ιὺίά.)
787 3640 844 3696 Si
889 3651 1068 3696 autem
1111 3640 1383 3696 dicet-eun
1415 3639 1748 3710 requievisse
1789 3655 1820 3697 ε
1856 3638 2060 3699 facien-

482 3733 583 3797 dis,
615 3741 746 3797 etc.,
780 3748 943 3805 usque
975 3732 1045 3787 ad
1070 3733 1164 3789 sed
1192 3733 1308 3803 ipso
1335 3733 1603 3793 benedicti
1633 3748 1840 3791 sumus.

555 3842 741 3915 (lbid.)
790 3841 850 3898 In
889 3858 948 3899 se
994 3851 1173 3899 autem
1224 3844 1493 3914 requievit
1534 3844 1677 3901 Deus
1718 3859 1972 3914 semper:
2003 3844 2057 3899 in

481 3938 672 3993 diebus
704 3953 835 3994 vero
870 3938 1065 4008 quibus
1112 3953 1291 3994 rerum
1340 3938 1736 3995 consummatio
1782 3946 2055 4004 narratur,

482 4028 536 4082 in
583 4030 813 4103 septimo
868 4037 1075 4084 tantum
1118 4028 1404 4098 requievit,
1450 4026 1541 4100 qui
1584 4044 1766 4084 rerum
1813 4029 2061 4099 sequitur

480 4121 894 4192 perfectionem;
934 4136 963 4176 a
992 4120 1246 4192 perfectis
1282 4120 1427 4176 enim
1460 4121 1772 4191 requiescit,
1812 4118 1903 4191 qui
1932 4135 2055 4190 per-

476 4879 629 4972 quasi
660 4893 765 4934 non
788 4878 1078 4972 acceperit,
1104 4876 1383 4951 gloriatur.
1475 4971 1479 4972 ν
1542 4971 1547 4972 7
2153 4893 2336 4964 pluvia
2381 4893 2447 4963 de
2489 4894 2720 4969 nubibus
2764 4876 2887 4953 non?
2913 4907 3096 4969 egeret
3131 4906 3420 4971 antequam
3452 4876 3726 4972 peccaret.

548 4970 737 5043 (Ibid.,
762 4987 812 5027 ε.
840 4971 951 5043 18.)
971 4971 1125 5042 Apud
1154 4971 1303 5031 illum
1319 4971 1486 5064 quieti
1499 4971 1622 5064 eius
1640 4985 1739 5027 nec
1763 4982 2049 5064 menejlec
2155 4987 2252 5055 llic
2277 4998 2395 5044 erat
2422 4996 2594 5053 status
2621 4990 2855 5048 hominis
2879 5002 3005 5049 ante
3028 5003 3330 5064 peccatum.

480 5079 702 5137 vespera
737 5072 839 5129 est,
868 5063 994 5139 quia
1031 5080 1133 5120 nec
1158 5064 1397 5137 aperitur
1436 5063 1611 5128 initio,
1655 5077 1754 5117 nec
1782 5059 2050 5115 clauditur

2227 5079 2409 5149 (Am,
2431 5078 2467 5135 1.
2496 5096 2553 5147 ν,
2582 5082 2647 5137 de
2682 5081 2867 5137 σεηεε.
2905 5084 2973 5137 ad
3000 5059 3101 5149 1:...
3139 5100 3187 5140 c.
3224 5084 3277 5151 l,
3310 5091 3440 5141 tom.
3468 5083 3578 5155 ιιι.)
3609 5084 3729 5139 Alia

478 5154 607 5209 line.
648 5154 704 5215 In
750 5155 1005 5233 perfectis
1056 5163 1236 5210 autem
1281 5154 1536 5227 operibus
1576 5168 1734 5207 mane
1776 5152 1959 5215 habet,
1995 5158 2052 5205 et

2159 5169 2439 5224 translatio
2478 5170 2684 5225 habet:
2719 5190 2736 5221 ι
2766 5170 2865 5226 Ηίε
2907 5181 2993 5227 est
3022 5172 3157 5227 liber
3204 5180 3467 5229 creatura:
3510 5152 3633 5228 coeli
3673 5184 3728 5229 et

475 5262 927 5339 “ODVYBSDefami
959 5246 1083 5339 (ιιξίδ
1124 5245 1360 5339 Ρθνῖθειθ
1393 5252 1641 5339 ξῖπῖςθηυνίι
1690 5242 2048 5339 in‘fipi‘f‘m‘
2152 5272 2328 5327 terrae,
2365 5282 2382 5312 ι
2425 5271 2554 5329 etc.,
2602 5260 2763 5337 usque
2813 5263 2881 5317 ad
2922 5278 3145 5339 magnos
3185 5264 3434 5335 veritate,
3474 5264 3722 5335 parvulos

478 5338 613 5393 verti
641 5338 706 5392 ad
737 5338 971 5409 quietem
997 5336 1288 5400 Creatoris,
1314 5335 1409 5390 sed
1439 5334 1525 5388 illa
1553 5350 1659 5393 non
1691 5332 1853 5388 habet
1888 5330 2046 5385 linem

2159 5353 2319 5407 nutrit
2341 5330 2671 5407 affabilitate.

474 5443 585 5484 sure
618 5425 984 5498 perfectionis,
1012 5437 1067 5482 et
1114 5427 1192 5482 sic
1241 5424 1455 5495 requies
1502 5423 1597 5480 Dei
1633 5440 1741 5479 non
1771 5424 1872 5495 ipsi
1914 5424 2044 5488 Deo,

2221 5443 2401 5513 (Auu.,
2437 5443 2592 5511 ibid.,
2620 5442 2655 5496 l.
2686 5458 2762 5509 vr,
2793 5458 2842 5498 c.
2878 5440 2990 5513 10.)
3020 5441 3075 5515 in
3114 5443 3287 5514 prima
3318 5443 3504 5515 mundi
3533 5442 3721 5499 coudi~

473 5520 567 5573 sed
614 5532 795 5573 rerum
844 5516 1164 5589 perfectioni
1211 5515 1516 5581 inchoatur,
1572 5526 1627 5575 et
1678 5516 1843 5571 habet
1888 5515 1940 5569 in
1981 5530 2046 5570 co
2151 5533 2316 5597 ιεοηβ,
2358 5543 2488 5601 etc.,
2522 5550 2682 5604 mque
2700 5533 2769 5586 αα
2795 5547 2978 5587 semen
3008 5548 3075 5607 ex.
3106 5532 3293 5589 herba.

471 5622 632 5663 mane
675 5608 815 5681 quod
853 5608 922 5662 ab
949 5608 1063 5681 ipso
1112 5607 1391 5677 perﬁcitur
1418 5621 1433 5661 :
1460 5608 1555 5664 sed
1601 5608 1655 5663 in
1705 5624 1803 5664 suo
1848 5622 2046 5679 genere

2219 5620 2384 5678 Vens.
2428 5622 2480 5677 5.
2505 5654 2574 5662 —
2608 5641 2627 5675 ‹
2658 5622 2725 5677 Et
2765 5636 2924 5677 omne
2984 5622 3294 5694 virgultum,
3320 5644 3338 5677 ι
3388 5632 3493 5678 etc.
3538 5620 3722 5695 (dum,

472 5707 729 5771 tanquam
757 5716 978 5773 vespera
1010 5700 1348 5768 terminatur,
1375 5702 1518 5777 quod
1543 5702 1597 5756 in
1628 5702 1737 5758 Deo
1761 5716 2041 5772 vesperam

2159 5712 2298 5778 ibid,
2332 5715 2366 5767 l.
2398 5729 2454 5779 v,
2497 5732 2546 5768 c.
2577 5712 2656 5785 4.)
2702 5713 3021 5785 lntelligitur
3071 5724 3211 5769 terra
3264 5716 3553 5771 causaliter
3600 5732 3726 5791 pro-

472 5806 578 5844 non
629 5791 808 5859 habet,
861 5792 988 5863 quia
1041 5789 1173 5847 nihil
1221 5791 1327 5847 erit
1371 5790 1665 5869 perfectius
1713 5794 1825 5877 ipsa
1872 5792 2045 5864 perfe-
2149 5800 2365 5857 duxisse
2398 5802 2621 5857 herbam
2651 5811 2705 5857 et
2733 5803 2955 5875 lignum,
2984 5803 3036 5859 id
3064 5812 3145 5858 est
3185 5805 3517 5877 producendi
3545 5789 3724 5861 virtu-

472 5882 668 5935 ctione.
1762 5867 1797 5908 ⁸
2150 5897 2254 5943 tem
2284 5891 2571 5958 accepisse.
2604 5891 2660 5945 ln
2693 5908 2756 5946 ea
2785 5893 2927 5946 enim
2966 5867 3224 5966 tanquam
3254 5896 3310 5949 in
3342 5895 3613 5950 radicibus
3644 5895 3724 5951 fa-

4016 5700 4021 5835 Ψ
