4074 6334
2186 341 2429 389 ῖςκιθ.“
2506 356 2517 365 ι

265 417 342 477 ss
1290 432 1560 491 GLOSSA
1597 412 1997 492 onnmania.
2035 468 2103 479 ——
2142 439 2268 496 un.
2306 441 2467 499 cun.
2894 411 2923 417 ”
3459 455 3530 512 se

262 539 355 587 cta
383 545 543 592 erant
561 551 683 608 qua:
716 552 813 609 per
842 546 1080 623 tempora
1118 542 1297 611 futura
1324 556 1499 605 erant.
1536 546 1690 607 Fecit
1715 562 1842 620 ergo
1868 547 1919 615 Α
2014 548 2343 627 (Ibid.,l.vr,
2358 556 2492 630 0.7.)
2510 558 3235 625 Sedt‘orteanimaesextadie
3248 566 3420 637 factae,
3435 570 3529 631 ubi

262 634 562 698 antequam
587 639 768 693 essent
797 647 962 705 super
992 642 1193 699 terram
1223 641 1518 701 secundum
1545 641 1843 699 formabili.

258 724 434 774 tatem
493 723 755 793 materia,
797 742 920 805 quae
962 726 1245 791 formanda
1293 741 1451 795 erant
1491 735 1657 793 verbo
1701 736 1839 809 ejus,

255 811 576 901 praecedens
601 812 977 875 formationem
1005 837 1115 881 non
1148 830 1391 897 tempore
1416 826 1513 883 sed
1540 827 1768 901 origine.

338 900 507 995 {Non
538 904 685 960 enim
711 906 927 983 pluerat
958 911 1240 981 Dominus,
1276 935 1296 968 ι
1338 924 1443 973 etc.
1470 900 1655 986 (ΔΗΕ-ι
1685 918 1837 995 ibid».

256 1005 312 1047 c.
340 992 419 1064 5.)
443 994 609 1062 Quasi
638 1013 744 1053 non
771 998 901 1056 fecit
921 1002 1065 1058 Deus
1092 1006 1170 1060 sic
1195 1014 1325 1063 tunc
1345 1008 1486 1067 sicut
1518 1025 1687 1081 nunc,
1709 992 1839 1081 etc.,

253 1097 426 1154 usque
446 1085 517 1139 ad
543 1101 644 1143 nec
671 1098 921 1149 creatura
957 1096 1163 1157 moveri
1192 1106 1396 1171 posset.
1444 1170 1449 1175 .

328 1170 493 1265 Vitas.
523 1174 574 1230 6.
596 1207 667 1216 —
692 1196 712 1229 ι
737 1174 843 1234 Sed
884 1179 1025 1250 fons,
1057 1203 1078 1237 ι
1112 1193 1221 1243 etc.
1248 1170 1449 1259 (liam).
1469 1187 1640 1265 Hujus
1676 1189 1842 1253 fontis

250 1260 649 1335 qualiscunque
688 1268 1004 1339 irrigatione
1039 1272 1152 1344 jam
1184 1283 1328 1341 terra
1377 1260 1565 1341 herbis
1589 1288 1643 1339 ct
1678 1281 1840 1353 lignis

249 1353 451 1407 vestita
481 1359 812 1427 supervenit.
838 1360 982 1419 Fons
1017 1381 1158 1422 unus
1182 1369 1493 1429 ascendisse
1520 1372 1720 1435 dicitur
1740 1390 1840 1447 pro

248 1442 437 1514 aliqua
485 1446 539 1501 in
571 1456 731 1505 terra:
767 1449 965 1511 ﬁnibus
993 1458 1236 1527 unitate;
1264 1461 1348 1521 vel
1376 1462 1666 1537 singularis
1690 1442 1837 1541 posi-

246 1542 340 1589 tus
365 1545 451 1591 est
474 1554 571 1608 pro
595 1540 810 1610 plurali.

326 1648 343 1679 ι
373 1628 482 1685 Sed
504 1630 652 1723 lous,
683 1655 703 1686 )
736 1644 842 1693 etc.
867 1636 1058 1710 (Bson.
1088 1642 1142 1698 in
1182 1642 1337 1713 Gem,
1382 1663 1433 1707 c.
1473 1648 1552 1723 2.)
1582 1648 1681 1709 Hic
1709 1651 1836 1719 inti-

243 1733 402 1813 mare
428 1722 642 1779 videtur
668 1742 789 1805 quae
828 1729 958 1788 ﬁant
993 1737 1288 1805 secundum
1315 1722 1619 1813 temporum
1666 1746 1835 1809 inter-

242 1809 411 1913 valla,
442 1823 569 1880 etc.,
602 1834 781 1913 usque
807 1821 878 1877 ad
917 1833 1043 1895 post
1068 1842 1168 1900 per
1209 1830 1329 1893 haec
1378 1809 1498 1913 quae
1538 1845 1667 1897 nota
1706 1847 1833 1905 sunt

241 1907 524 1979 utcunque
545 1911 838 1967 noscenda.

317 1990 490 2093 (ens.
527 1997 726 2093 —~¢
759 2001 1072 2075 Formavit,
1103 2028 1123 2063 ι
1179 2018 1288 2067 etc.
1339 2012 1523 2088 (Αυβ.)
1589 2017 1827 2093 Myrice.

235 2080 436 2145 Latior
459 2086 525 2183 de
552 2086 768 2149 homine
804 2093 1031 2171 ﬁgurate
1058 2080 1365 2179 explicatur
1392 2080 1826 2183 narratio,'elc.,

235 2189 409 2279 usque
444 2178 516 2232 ad
541 2188 598 2235 ut
644 2198 745 2239 nec
785 2194 1099 2255 contemnat
1139 2195 1286 2264 quod
1326 2204 1431 2269 est,
1471 2214 1574 2257 nec
1611 2178 1830 2279 arroget

236 2266 387 2333 quod
412 2282 521 2323 non
557 2279 661 2326 est.

314 2375 337 2408 ε
374 2358 651 2418 Formavit
670 2364 838 2438 igitur
861 2368 1123 2430 Dominus
1153 2374 1297 2439 Deus
1334 2380 1633 2457 hominem,
1664 2403 1682 2438 ι
1713 2394 1821 2445 etc.

235 2453 425 2526 (Auc.,
456 2456 520 2512 de
546 2456 675 2514 Cen.
709 2460 803 2519 lib.
832 2480 918 2533 ιιι,
951 2482 1072 2539 cap.
1106 2469 1177 2525 eo
1198 2480 1253 2527 et
1273 2472 1386 2546 25.)
1422 2453 1577 2539 unus
1601 2479 1668 2535 de
1698 2480 1827 2539 limo

235 2553 400 2649 terra;
442 2547 733 2617 formatum
766 2564 851 2611 est
881 2572 1077 2643 corpus
1110 2564 1363 2649 animale,
1399 2576 1531 2641 etc.,
1568 2587 1730 2647 usque
1756 2575 1825 2630 ad

234 2636 403 2695 habet
422 2642 566 2696 enim
591 2636 989 2704 necessitatem
1004 2652 1293 2711 moriendi.

307 2730 474 2801 (Ibid.
506 2750 555 2790 c.
582 2734 703 2831 27.)
730 2736 890 2831 AStola
927 2742 1103 2825 prima
1129 2754 1226 2803 aut
1241 2746 1456 2827 iustitia
1480 2758 1593 2820 est,
1615 2754 1683 2811 de
1719 2770 1822 2831 qua

234 2820 422 2894 lapsus
442 2834 526 2882 est
550 2845 564 2881 :
592 2828 673 2885 vel
696 2829 743 2885 si
763 2820 1103 2909 corporalem
1128 2820 1596 2911 immortalitatem
1622 2820 1821 2917 signat,

234 2913 380 2971 hanc
417 2917 624 2985 amisit,
667 2935 790 2976 cum
829 2926 1106 2993 peccando
1138 2929 1206 2984 ad
1232 2918 1363 2986 eam
1392 2913 1697 3004 pervenire
1715 2913 1824 2999 non

230 3006 428 3101 potuit.
469 3007 561 3065 Sic
589 3024 721 3087 ergo
747 3012 915 3071 Adam
945 3031 1141 3088 corpus
1176 3021 1413 3083 animale
1454 3025 1663 3101 habuit,
1712 3046 1820 3091 nua

232 3096 395 3189 modo
434 3106 562 3154 ante
589 3102 917 3172 paradisum,
957 3107 1052 3163 sed
1084 3109 1222 3165 etin
1263 3114 1516 3183 paradiso
1555 3096 1822 3189 (quamvis

231 3188 289 3245 in
313 3191 561 3249 interiori
596 3194 817 3255 homine
846 3197 948 3256 fuit
975 3201 1281 3278 spirituale)
1309 3209 1455 3279 quod
1483 3211 1666 3267 amisit
1688 3228 1817 3284 pec-

1944 642 2124 716 imago
2148 644 2246 703 Dei
2272 648 2504 720 relucet,
2543 661 2671 720 etc.,
2720 672 2881 737 usque
2906 658 2978 715 ad
3007 673 3129 729 quae
3166 664 3528 735 praeponenda

1942 746 2027 794 est
2053 739 2108 794 in
2136 739 2459 809 huiusmodi.

1980 830 2346 914 ,σκειωυεογ
2372 836 2532 899 Aliud
2571 846 2656 895 est
2684 841 2900 905 habitus
2943 843 3068 903 vitae
3098 844 3190 916 qni
3236 846 3526 909 animalem

1943 919 2105 979 ellicit
2134 924 2442 994 hominem,
2467 928 2613 989 aliud
2643 930 2879 1007 Spiritus
2907 934 3215 1003 vivificaus,
3242 939 3334 1013 qui
3361 940 3522 1010 spiri-

1944 1013 2142 1075 tualem
2180 1016 2455 1075 hominem
2495 1031 2770 1090 operatur.
2802 1024 2955 1083 Unde
2984 1027 3150 1085 Isaias
3189 1044 3203 1084 :
3239 1028 3341 1098 Qui
3378 1031 3526 1087 dedit

1941 1102 2128 1161 ﬂatum
2158 1107 2370 1178 populis
2394 1098 2557 1181 super
2582 1121 2780 1169 terram
2798 1156 2813 1181 ,
2844 1125 2898 1171 et
2919 1118 3167 1188 spiritum
3191 1120 3527 1179 calcantibus

1940 1211 2093 1261 eam;
2138 1207 2197 1255 ut
2238 1197 2381 1256 Deus
2419 1200 2604 1261 ﬂatum
2630 1205 2848 1275 quidem
2893 1208 3041 1271 omni
3078 1210 3274 1283 populo
3306 1212 3398 1285 qui
3439 1218 3526 1267 est

1940 1302 2103 1377 super
2130 1297 2330 1347 terram
2363 1293 2602 1361 dederit;
2650 1297 2905 1369 spiritum
2926 1316 3057 1361 vero
3084 1303 3169 1359 his
3198 1313 3406 1363 tantum
3430 1304 3523 1377 qui

1938 1372 2157 1441 terréna
2194 1383 2458 1449 desideria
2486 1387 2697 1447 calcant
2735 1407 2749 1445 :
2794 1401 2857 1451 ut
2894 1392 3057 1455 ﬂatus
3086 1393 3155 1453 ad
3193 1404 3404 1468 tempus
3427 1372 3520 1463 sit,

1938 1471 2161 1542 spiritus
2189 1488 2320 1531 vero
2340 1483 2596 1544 mternus,
2622 1489 2683 1535 ut
2703 1490 2828 1551 pote
2850 1485 2942 1561 qui
2960 1485 3177 1557 proprie
3198 1485 3296 1549 Dei
3317 1486 3519 1543 donum

1938 1565 2028 1621 sit.

2009 1658 2170 1717 Vens.
2208 1660 2263 1717 8.
2286 1693 2360 1703 -
2383 1681 2402 1715 ι
2444 1664 3009 1736 Plantaveratautem,
3044 1690 3064 1727 ι
3104 1678 3207 1729 etc.
3236 1672 3425 1741 (BEDA,
3461 1673 3519 1735 in

1936 1746 2216 1817 ﬁrmem,
2236 1760 2367 1809 tom.
2382 1753 2493 1824 III.)
2517 1757 2598 1815 Ab
2619 1757 2710 1814 illo
2730 1759 2996 1835 principio
3014 1760 3282 1833 plantavit
3301 1764 3521 1843 paradi-

1932 1852 2075 1907 smn,
2099 1850 2227 1911 etc.,
2257 1860 2419 1919 usque
2448 1847 2518 1903 ad
2545 1855 2601 1903 et
2625 1849 2751 1925 quia
2776 1851 2842 1909 de
2873 1851 3018 1923 ligno
3042 1852 3165 1911 Vitae
3195 1861 3253 1913 et
3273 1853 3515 1913 scientiae

1857 1912 1906 1979 Β
1932 1931 2058 1991 boni
2092 1942 2149 1993 et
2168 1936 2294 1995 mali
2320 1912 2439 1999 erat
2459 1912 2763 2012 specialiter
2796 1912 3057 2003 dicturus.

2009 2044 2028 2077 ι
2064 2026 2332 2083 Plantavit
2354 2031 2612 2088 Dominus
2631 2035 2942 2105 paradisum
2964 2036 3018 2090 in
3050 2035 3199 2092 Eden
3222 2037 3290 2092 ad
3316 2035 3501 2094 Orien-

1931 2123 2061 2181 tem,
2085 2137 2103 2170 ι
2121 2126 2227 2177 etc.
2253 2119 2435 2192 (Auc.,
2462 2123 2527 2178 de
2546 2122 2678 2179 Gen.
2695 2125 2765 2179 ad
2788 2124 2913 2192 lim,
2929 2126 3023 2181 lib.
3051 2142 3173 2193 vm,
3196 2142 3247 2183 c.
3273 2127 3352 2199 1.)
3381 2116 3517 2183 Tres

1930 2207 2209 2277 generales
2251 2204 2533 2273 sententiae
2569 2213 2637 2267 de
2689 2215 2943 2284 paradiso
2991 2224 3137 2271 sunt.
3164 2214 3283 2275 Una
3327 2229 3515 2271 eorum

1929 2298 2020 2365 qui
2050 2299 2405 2371 corporaliter
2434 2310 2642 2361 tantum
2675 2304 2897 2375 intelligi
2937 2303 3156 2369 volunt,
3190 2305 3297 2360 alia
3323 2318 3515 2361 eorum

1927 2389 2018 2458 qui
2054 2389 2408 2459 spiritualiter
2432 2400 2664 2459 tantum,
2690 2396 2847 2450 tertia
2870 2410 3001 2450 vero
3024 2410 3214 2451 eorum
3244 2395 3337 2473 qui
3360 2404 3513 2452 utro-

1928 2495 2033 2551 que
2053 2482 2214 2539 modo
2234 2484 2545 2553 paradisum
2571 2478 2861 2559 accipiunt.
2890 2487 3128 2543 Tertiam
3146 2489 3277 2545 mihi
3300 2490 3515 2561 placere

1924 2569 2104 2627 fateor
2142 2591 2154 2628 :
2184 2582 2245 2631 ut
2277 2575 2439 2632 homo
2474 2576 2652 2639 factus
2682 2593 2749 2632 ex
2786 2577 2918 2635 limo
2942 2621 2956 2645 ,
2996 2581 3142 2651 quod
3178 2595 3375 2652 corpus
3410 2580 3515 2641 bu-

1926 2676 2146 2719 manum
2169 2670 2272 2730 est,
2291 2665 2344 2719 in
2364 2666 2618 2741 paradiso
2631 2667 2897 2741 corporali
2919 2668 3127 2726 locatus
3151 2668 3506 2743 intelligatur.

1923 2755 2095 2808 Adam
2115 2795 2130 2820 ,
2161 2756 2264 2811 etsi
2287 2756 2431 2813 aliud
2458 2759 2746 2829 signiﬁcat,
2775 2761 2900 2831 quia
2927 2771 3012 2818 est
3038 2763 3212 2819 forma
3244 2752 3443 2839 futuri,’
3458 2782 3512 2822 1n

1924 2856 2117 2905 natura
2140 2850 2357 2921 propria
2386 2852 2545 2908 homo
2572 2855 2860 2925 accipitur.
3213 2926 3223 2935 ο

1996 2940 2185 3017 (Ιὺὶά.)
2230 2960 2249 2994 ‹
2285 2941 2554 3001 Plantavit
2594 2954 2775 3001 autem
2814 2946 3074 3003 Dominus
3108 2947 3417 3023 paradisum
3454 2949 3510 3004 in

1922 3029 2095 3086 Eden.
2139 3054 2158 3085 ι
2189 3031 2247 3088 Id
2277 3042 2361 3089 est
2387 3034 2442 3089 in
2476 3034 2704 3089 deliciis.
2732 3035 2939 3092 Deinde
2968 3036 3072 3093 hoc
3096 3038 3416 3110 recapitulat
3448 3047 3510 3094 ut

1921 3124 2172 3181 ostendat
2211 3125 2483 3197 quomodo
2526 3127 2837 3199 paradisum
2878 3129 3023 3185 Deus
3051 3129 3337 3200 plantavit.
3375 3149 3395 3182 «
3441 3132 3509 3187 Ει

1920 3219 2083 3290 ejecit
2117 3221 2260 3277 Deus
2288 3221 2354 3277 de
2386 3229 2531 3277 terra
2556 3236 2717 3283 omne
2742 3222 2980 3297 lignum,
3019 3243 3038 3279 ι
3070 3232 3175 3280 etc.
3205 3221 3322 3280 Jam
3361 3226 3505 3287 enim

231 3286 433 3353 cando,
456 3296 511 3342 et
532 3290 731 3349 meruit
752 3293 997 3365 corporis
1019 3304 1273 3364 mortem,
1297 3300 1392 3371 qui
1416 3317 1522 3359 non
1546 3307 1819 3377 peccando
1848 3299 1897 3364 C
1925 3286 2055 3369 tunc
2084 3314 2415 3386 produxerat
2444 3322 2587 3373 terra
2615 3286 3018 3388 omnelignum,
3049 3316 3135 3372 die
3163 3317 3369 3375 scilicet
3398 3327 3508 3372 ter-

228 3378 535 3435 mereretdr
554 3380 608 3439 in
632 3397 831 3465 corpus
854 3386 1134 3467 spirituale
1152 3392 1532 3459 mutationem.

1929 3406 2015 3463 tio.
2046 3378 2154 3463 Sed
2179 3422 2301 3461 cum
2331 3422 2398 3462 ex
2432 3406 2517 3465 his
2542 3378 2967 3483 generibus'sint
2994 3378 3140 3480 ligna
3169 3409 3414 3467 instituta
3450 3409 3504 3463 in

308 3486 327 3519 ι
370 3466 668 3538 Formavit,
725 3492 744 3525 ο
777 3466 891 3530 etc.
917 3474 1100 3548 (Auc.,
1128 3478 1164 3534 Ι.
1202 3496 1253 3536 v1
1292 3482 1355 3537 de
1400 3482 1533 3539 Gen.
1579 3486 1649 3541 ad
1689 3486 1818 3555 (£11.,
1918 3496 2206 3568 paradiso,
2240 3497 2500 3569 produxit
2530 3466 2583 3553 in
2611 3496 2917 3562 manifesto,
2956 3466 3087 3553 et
3112 3505 3354 3569 tempore
3384 3512 3503 3562 suo,

228 3576 281 3617 c.
308 3576 360 3627 ι,
384 3570 515 3617 tom.
542 3561 654 3637 ΙΙΙ.)
683 3564 984 3623 Videndum
1007 3577 1091 3626 est
1114 3579 1295 3629 utrum
1324 3577 1702 3647 recapitulatio
1724 3580 1815 3647 sit,
1918 3561 2040 3658 quae
2055 3588 2171 3659 jam
2199 3561 2493 3645 causaliter
2524 3587 2686 3643 tertio
2708 3587 2794 3642 die
2822 3561 2965 3651 terra
2984 3561 3335 3663 produxerat.

226 3660 292 3708 ut
317 3654 532 3708 dicatur
553 3657 826 3725 quomodo
852 3658 1015 3715 homo
1048 3659 1223 3721 factus
1252 3663 1341 3731 sit,
1371 3681 1531 3736 quem
1555 3678 1707 3724 sexta
1733 3670 1819 3725 die
1936 3654 1954 3658 “
1993 3654 2243 3750 (Sanam)
2276 3674 2506 3742 Quidam
2539 3676 2757 3733 codices
2785 3654 3031 3743 habent:
3073 3695 3092 3729 ι
3130 3677 3277 3734 Eden
3301 3680 3370 3737 ad
3400 3678 3503 3736 0r-

226 3743 439 3803 factum
477 3746 729 3819 legimus.
760 3748 843 3806 An
888 3758 1016 3809 tunc
1039 3769 1164 3811 cum
1199 3753 1328 3827 fecit
1349 3759 1530 3817 omnia
1558 3761 1737 3828 simul,
1763 3772 1818 3820 et
1920 3743 2054 3821 tum.
2110 3785 2130 3818 ο
2184 3743 2264 3821 E'x
2307 3781 2414 3835 quo
2456 3780 2743 3836 possumus
2783 3766 3054 3838 conjicere
3093 3767 3406 3839 paradisum
3449 3770 3503 3825 in

226 3839 508 3896 hominem
532 3842 588 3896 in
611 3840 698 3901 his
718 3840 881 3911 fecit,
911 3855 1210 3911 utaccessu
1243 3850 1501 3921 temporis
1526 3851 1690 3917 etiam
1712 3853 1817 3910 hoc
1917 3858 2137 3917 Oriente
2172 3859 2355 3917 situm.
2410 3858 2729 3931 Ubicunque
2766 3867 2948 3923 autem
2989 3859 3080 3931 sit,
3130 3862 3331 3918 scimus
3378 3876 3503 3918 eum

227 3933 392 3988 modo
413 3932 587 3997 ﬁeret,
616 3948 723 4006 quo
747 3933 799 3990 in
821 3936 926 3992 hac
947 3939 1232 4011 perspicua
1254 3939 1427 3995 forma
1443 3941 1611 3997 vitam
1630 3944 1817 4015 gerit?
1918 3959 2195 4011 terrenum
2236 3966 2376 4019 esse,
2420 3961 2477 4008 et
2516 3950 2800 4022 interiecto
2841 3952 3079 4022 Oceano,
3124 3962 3182 4013 et
3226 3954 3502 4011 montibus

226 4023 375 4079 sicut
398 4022 583 4080 fenum
612 4024 815 4087 factum
844 4037 1133 4109 antequam
1164 4031 1489 4101 exoriretur,
1522 4034 1815 4091 accedente

1916 4045 2196 4116 oppositis,
2228 4042 2646 4101 remotissimum
2674 4059 2704 4099 a
2725 4050 2912 4103 nostro
2930 4045 3086 4111 urbe,
3107 4045 3162 4101 in
3183 4044 3292 4101 alto
3311 4046 3496 4113 situm,

227 4120 497 4184 tempore,
528 4122 585 4171 et
608 4113 773 4172 fontis
796 4117 1130 4190 irrigatione,
1159 4128 1406 4176 exortum
1434 4131 1537 4189 est,
1570 4131 1629 4179 ut
1655 4139 1818 4201 super
1915 4113 2313 4209 pertingentem
2334 4135 2589 4204 usquead
2607 4134 2851 4192 lunarem
2867 4135 3157 4202 circulum;
3186 4137 3330 4193 unde
3343 4151 3497 4211 aquae

226 4212 432 4261 terram
455 4216 627 4265 esset.

299 4297 484 4371 (Anc.,
514 4297 646 4352 ibid.
684 4313 734 4354 c.
762 4297 821 4365 2,
852 4298 933 4375 3.)
964 4298 1271 4365 Secundum
1306 4302 1813 4374 recapitulationem

222 4390 380 4461 prius
399 4390 703 4457 videamus,
741 4400 845 4457 etc.
869 4434 884 4459 ,
920 4410 1083 4468 usque
1108 4396 1177 4451 ad
1203 4405 1329 4453 tunc
1358 4406 1540 4454 autem
1570 4400 1814 4457 invisibi-

1915 4226 2102 4283 diluvii
2133 4225 2258 4282 illuc
2291 4225 2512 4283 minime
2540 4234 2924 4295 pervenerunt.

1994 4334 2012 4367 ι
2046 4314 2104 4369 ln
2130 4329 2240 4385 quo
2288 4313 2487 4385 posuit.
2530 4333 2549 4366 ι
2583 4312 2766 4385 (Auu.,
2805 4315 2894 4370 ubi
2935 4331 3114 4386 supra,
3155 4329 3273 4385 cap.
3315 4314 3395 4391 5.)
3440 4315 3497 4372 Si

1914 4406 2038 4476 quis
2062 4414 2215 4479 putat
2240 4405 2451 4465 animas
2481 4419 2710 4477 corpore
2736 4414 2928 4462 exutas
2958 4405 3093 4463 locis
3123 4406 3495 4477 corporalibus

224 4483 375 4553 liter,
390 4484 758 4556 potentialiter
775 4494 830 4543 et
856 4486 1148 4544 causaliter
1166 4490 1435 4561 quomodo
1450 4489 1586 4547 ﬁunt
1606 4490 1810 4561 futura,
1913 4500 2215 4567 contineri,
2254 4509 2389 4565 etc.,
2434 4514 2596 4573 usque
2629 4498 2700 4555 ad
2737 4497 2888 4571 cujus
2918 4513 3022 4552 una
3062 4497 3319 4570 collyride
3351 4499 3496 4556 Deus

223 4592 334 4633 non
361 4577 530 4633 facta.

1914 4594 2187 4661 hominem
2208 4607 2240 4649 a
2264 4591 2407 4651 fame
2429 4590 2784 4662 quadraginta
2806 4590 2994 4647 diebus
3015 4590 3285 4649 liberavit.

358 4670 658 4743 Formavit,
690 4693 709 4727 ι
733 4681 837 4733 etc.
861 4674 1050 4753 (Bt-1m,
1071 4676 1127 4749 in
1152 4674 1435 4751 Hexaem.)
1454 4678 1686 4747 Factura
1720 4681 1812 4741 bo-
1834 4647 1892 4710 Β
1988 4647 2238 4740 νεῑιείξ).
2263 4712 2339 4724 -
2372 4702 2389 4733 ι
2422 4647 2790 4751 Droduxitque
2818 4678 3076 4737 Dominus
3108 4681 3311 4754 lignum
3325 4684 3492 4754 etiam

224 4760 415 4827 minis,
451 4772 578 4827 etc.,
610 4781 769 4839 usque
795 4767 863 4821 ad
892 4766 944 4835 in
979 4784 1083 4839 qua
1112 4768 1338 4837 viveret,
1371 4772 1597 4828 creavit.

299 4852 484 4925 (Auc.,
520 4855 585 4915 de
616 4852 745 4910 Gen.
780 4857 849 4912 ad
885 4858 1022 4929 lim,
1055 4859 1092 4915 Ι.
1132 4875 1208 4926 vi,
1247 4876 1298 4916 c.
1333 4861 1400 4916 15
1429 4872 1484 4918 et
1513 4863 1626 4935 17.)
1655 4862 1811 4934 Qua:-

224 4946 368 5000 ritur
411 4952 593 5001 utrum
640 4947 783 5003 Deus
822 4959 1042 5023 repente
1072 4950 1345 5007 hominem
1378 4954 1430 5007 in
1474 4964 1633 5012 aelate
1670 4957 1810 5013 virili

3168 4803 3264 4813 ‘III

1920 4794 1939 4827 ‹
1972 4775 2112 4830 vitae.
2148 4793 2168 4827 ι
2217 4772 2398 4846 (Anth,
2433 4771 2601 4839 lbid.,
2638 4786 2688 4829 c.
2737 4770 2818 4844 4.)
2848 4770 2923 4827 De
2942 4770 3489 4846 sapientjardrcitur‘i

1919 4885 1938 4919 ι
1967 4866 2195 4939 Lignum
2234 4864 2359 4923 vitae
2406 4864 2492 4920 his
2530 4871 2615 4920 est
2659 4862 2753 4935 qui
2777 4862 3232 4939 apprehendei-int
3272 4880 3417 4921 eam.-
3460 4872 3549 4920 r"

1913 4956 2019 5015 Sed
2047 4966 2132 5015 est
2164 4955 2503 5013 Hierusalem
2537 4964 2741 5013 aeterna
2778 4955 2832 5011 in
2863 4955 3194 5029 caelis/etc.,
3233 4972 3395 5029 usque
3421 4956 3493 5014 ad

222 5036 437 5104 fecerit,
488 5050 619 5109 etc.,
668 5057 829 5113 usque
870 5042 940 5103 ad
979 5051 1036 5101 et
1075 5042 1199 5101 ideo
1233 5046 1540 5103 necessario
1569 5045 1807 5107 futurum
1912 5066 2031 5123 qua:
2056 5065 2146 5105 res
2167 5048 2279 5103 suis
2310 5046 2641 5119 temporibus
2669 5053 2847 5117 gestas
2881 5036 3141 5123 naﬁavit.

223 5142 363 5188 erat.

1992 5162 2009 5193 ι
2059 5140 2285 5207 Lignum
2310 5138 2473 5193 etiam
2504 5137 2649 5203 vitae,
2698 5155 2718 5189 ι
2750 5145 2856 5191 etc.
2887 5135 3076 5207 (pem,
3108 5137 3163 5191 in
3203 5135 3484 5205 Hexaem,

356 5224 425 5280 Et
453 5226 739 5303 inspiravit
758 5226 811 5282 in
840 5225 1032 5283 faciem
1072 5226 1189 5299 ejus
1219 5226 1547 5311 spiraculum
1575 5231 1719 5299 vitae,
1752 5240 1807 5286 et
1911 5245 2043 5293 tom.
2070 5233 2154 5297 Ill,
2183 5231 2285 5288 col.
2317 5232 2427 5304 15.)
2451 5230 2507 5286 In
2534 5230 2705 5286 altero
2734 5224 2969 5311 hominis
2997 5230 3207 5303 signum
3230 5231 3482 5288 obedien-

225 5316 402 5374 factus
424 5328 509 5374 est
534 5320 696 5374 homo
722 5320 776 5374 in
805 5321 1041 5381 animam
1069 5321 1355 5376 viventem.
1392 5340 1409 5373 ›
1440 5321 1623 5396 (Auc.,
1651 5323 1802 5393 ibid.,

1912 5328 1999 5383 tia:
2037 5340 2199 5396 quam
2238 5322 2466 5378 debebat
2515 5340 2528 5374 :
2574 5322 2631 5376 in
2685 5320 2869 5396 alteri]
2904 5330 3305 5378 sacramentum
3356 5326 3481 5380 vitae

224 5410 1170 5483 l.vn,c.3,5,7.)Sinedubitatione,
1196 5432 1213 5462 ι
1236 5410 1800 5489 Πανὶι,νθιειι111εινίι,ι
1910 5428 2147 5483 {eterna},
2188 5431 2350 5487 quam
2391 5412 2695 5503 obediendo
2733 5410 3050 5503 mtf‘eretur.
3085 5410 3313 5493 Lignum
3358 5418 3483 5475 vita:

225 5501 515 5561 dicendum
537 5510 642 5564 est,
662 5511 791 5569 etc.,
822 5518 983 5574 usque
1003 5502 1072 5555 ad
1093 5517 1307 5575 pcean
1332 5505 1377 5558 si
1402 5506 1806 5565 contemneret?
1909 5510 2135 5575 dictum,
2173 5508 2297 5579 quia
2325 5505 2580 5563 divinitus
2608 5501 2837 5587 accepit,
2861 5514 2921 5567 ut
2947 5507 3039 5587 qui
3066 5523 3133 5563 ex
3163 5523 3228 5564 eo
3256 5510 3482 5565 mandu-

295 5594 487 5667 (Ibid.,
503 5610 552 5650 c.
576 5594 691 5668 26.)
708 5594 1002 5650 Dicendum
1022 5602 1126 5659 est,
1147 5604 1276 5661 etc.,
1300 5612 1462 5666 usque
1477 5597 1546 5653 ad
1558 5597 1805 5652 dubitare
1907 5611 2075 5668 caret,
2117 5615 2313 5673 corpus
2358 5599 2405 5675 ei

1906 5694 2015 5749 ulla
2048 5680 2361 5785 inﬁrmitate
2388 5680 2471 5763 {ei
2501 5700 2661 5748 aetate
2686 5680 2765 5797 inf
2770 5693 3007 5748 deterius
3031 5692 3113 5746 vel
3143 5692 3195 5746 in
3224 5706 3475 5750 occasum

1906 5784 2199 5851 laberetur.

224 5688 310 5746 fas
343 5705 455 5745 non
475 5697 581 5745 est.

296 5779 486 5855 (Ibid.,
511 5796 562 5837 c.
594 5779 707 5853 27.)
728 5779 904 5848 Quaeri
934 5776 1070 5836 solet
1100 5790 1303 5845 utrum,
1327 5783 1373 5839 si
1402 5781 1534 5838 nolit
1556 5783 1804 5854 incorpo-

228 5874 360 5937 rari,
397 5871 772 5943 compellatur,
803 5878 933 5934 etc.,
962 5887 1125 5942 usque
1149 5872 1218 5925 ad
1251 5870 1379 5925 fecit
1405 5886 1517 5927 eos.

2451 5598 2693 5655 5"Stabili
2734 5598 2966 5667 sanitate
3004 5599 3341 5667 (iuuaretur,
3382 5617 3483 5657 nec

2115 5800 2145 5837 υ
2182 5818 2199 5835 .

1979 5800 2538 5943 ξέᾘλξ.)ἐῖἱδιονίεε.
2568 5800 2795 5941 Ιδίςηέῐη
2830 5869 2955 5925 vitae
2980 5870 3121 5926 hanc
3161 5873 3479 5930 naturaliter

2704 5946 2717 5987 ξ

1707 5998 2009 6269 ./

1762 6272 1783 6297 Ι
