4074 6334
505 391 572 447 87
997 382 1388 443 WALAFRIDI
1430 380 1678 438 STRABI
1715 378 1923 436 FULD.
1964 372 2130 432 MON.
2173 373 2326 431 OPP.
2371 373 2552 431 PARS
2591 373 2630 429 l.
2675 403 2745 414 -—
2782 370 3242 430 THEOLOGICA.

505 512 761 567 virtutem
788 503 1038 569 nubebat,
1070 513 1132 558 ut
1162 503 1251 572 qui
1291 516 1358 556 ex
1397 501 1514 571 ejus
1544 499 1719 552 fructu
1755 494 2084 556 comederet,
2115 489 2168 551 Α
2191 499 2321 556 etc.,
2361 508 2522 562 usque
2555 491 2623 544 ad
2646 488 2785 544 unde
2804 488 2969 544 Eccli.
3000 504 3035 542 χ
3069 505 3083 541 :
3124 507 3142 539 ι
3169 486 3384 540 Initium
3405 486 3546 541 enim
3573 500 3763 558 super-

503 608 766 674 perpetua
803 594 1074 653 soliditate
1103 593 1415 657 vestiretur,
1455 588 1598 644 nulla
1627 587 1964 650 inﬁrmitate,
1997 583 2082 638 vel
2183 581 2286 637 hia:
2321 582 2558 637 hominis
2586 590 2670 637 est
2707 589 3016 652 apostatare
3045 595 3075 634 a
3100 578 3231 634 Deo.
3277 597 3296 631 ι

507 693 782 750 anxietate
807 731 822 756 ,
868 687 952 743 vel
993 685 1129 742 senii
1172 684 1490 740 lassitudine
1515 723 1530 750 ,
1579 681 1665 737 vel
1714 677 2085 735 imbecillitate

509 784 843 857 fatigandus.

585 898 603 930 ι
634 877 969 950 Lignumque
1013 869 1252 927 scientiae
1294 867 1420 922 boni
1464 862 1690 920 et'mali.
1739 883 1758 914 ›
1809 860 1968 931 (Ana.
1998 859 2089 913 ubi

508 987 688 1042 supra,
720 983 769 1022 c.
795 966 874 1036 6.)
901 962 1034 1018 Erat
1069 957 1352 1032 corporale
1378 958 1520 1014 sicut
1557 955 1672 1010 alia:
1699 955 1922 1009 arbores
1946 992 1960 1018 ,
1988 965 2091 1007 nec

508 1062 630 1117 cibo
671 1057 911 1120 noxium,
960 1061 1088 1119 etc.,
1131 1067 1292 1122 usque
1333 1049 1401 1104 ad
1441 1061 1561 1118 quae
1605 1042 2091 1115 transgressionem

511 1162 695 1210 secuta
727 1159 830 1207 est.

586 1264 604 1294 ί
649 1243 875 1312 Lignum
921 1236 1162 1293 scientiae
1203 1233 1331 1290 boni
1359 1239 1416 1287 et
1449 1229 1600 1286 mali.
1649 1248 1668 1280 ι
1702 1225 1887 1299 (Auc.,
1915 1225 2010 1280 lib.
2053 1239 2092 1280 ιι

508 1335 574 1390 de
608 1332 738 1388 Gen.
781 1338 963 1384 contra
1003 1325 1262 1391 Manich.,
1299 1340 1348 1380 c.
1378 1321 1491 1393 10.)
1521 1319 1728 1374 Anima:
1754 1317 2017 1372 medietas
2041 1320 2096 1368 et

509 1425 760 1482 ordinata
808 1421 1090 1490 integritas
1133 1419 1400 1488 signatur,
1446 1411 1590 1482 quod
1625 1411 1678 1465 in
1714 1408 1892 1464 medio
1932 1422 2096 1477 para-

512 1519 615 1575 disi
663 1517 987 1586 plantatum,
1033 1521 1090 1568 et
1131 1509 1371 1565 scientia:
1417 1505 1545 1560 boni
1587 1511 1641 1560 et
1681 1502 1808 1557 mali
1842 1502 2045 1556 dictum
2080 1517 2094 1552 :

514 1608 641 1678 quia
669 1605 848 1658 anima
869 1645 884 1669 ,
918 1618 1037 1672 qua:
1070 1601 1230 1655 debet
1253 1600 1307 1654 in
1332 1597 1501 1651 Deum
1525 1592 1764 1657 extendi,
1797 1590 1842 1646 si
1868 1591 1978 1646 Deo
2009 1590 2100 1645 de-

513 1711 660 1758 serto
683 1701 748 1754 ad
775 1713 833 1753 se
865 1710 1124 1754 conversa
1149 1693 1330 1757 fuerit,
1359 1699 1412 1746 et
1453 1688 1690 1760 potentia
1728 1701 1824 1740 sua
1847 1686 1962 1740 sine
1988 1683 2101 1740 Deo

515 1792 620 1847 frui
646 1788 901 1853 voluerit,
940 1800 1101 1857 poena
1134 1790 1394 1854 sequente
1423 1777 1752 1850 experiendo
1786 1775 1946 1830 discit
1974 1774 2102 1844 quid

2261 692 2278 724 ι
2312 672 2456 728 Tulit
2475 688 2602 744 ergo
2616 672 2874 728 Dominus
2893 672 3035 727 Deus
3050 671 3347 736 hominem,
3371 690 3390 722 ι
3418 678 3524 726 etc.
3548 668 3767 741 (Casta,

2185 746 2403 819 libsnx
2451 762 2668 827 Moral.,
2717 777 2837 833 cap.
2893 763 2976 826 17,
3034 769 3166 816 tom.
3211 760 3277 832 1.)
3315 760 3658 816 Pensandum
3685 773 3770 817 est

2188 854 2314 923 quia
2347 855 2485 909 bona
2515 854 2772 924 prodesse
2792 861 3086 922 nequeunt,
3120 852 3165 907 si
3200 851 3342 906 mala
3371 867 3480 906 non
3509 861 3774 907 caventur

2190 959 2310 1014 quae
2341 946 2664 1014 subrepunt,
2696 952 2829 1010 etc.,
2859 959 3025 1014 usque
3063 942 3132 996 ad
3158 942 3254 998 sed
3282 941 3384 998 sub
3421 943 3551 1013 ipsis
3577 957 3772 1014 super—

2190 1035 2387 1091 biendo
2414 1036 2790 1090 succumbunt.

2269 1147 2288 1180 (
2322 1128 2390 1182 Ει
2411 1127 2914 1198 sumpsitDominus
2929 1126 3091 1191 Deus,
3126 1124 3538 1195 ietc.(Hmaort.
3569 1124 3775 1191 Quwst.

2196 1219 2360 1276 Hebr.
2405 1221 2461 1274 in
2495 1216 2648 1282 Gem,
2691 1229 2824 1274 tom.
2861 1219 2972 1289 ΙΙΙ.)
3005 1219 3111 1274 Pro
3155 1239 3173 1270 ι
3213 1219 3486 1290 voluptate
3527 1238 3547 1271 ι
3580 1219 3637 1274 in
3665 1219 3779 1274 He-

2196 1313 2342 1368 brzeo
2371 1312 2600 1367 habetur
2618 1331 2637 1365 ‹
2666 1309 2840 1368 Eden.
2875 1332 2894 1363 ι
2927 1312 3030 1382 lpsi
3056 1326 3184 1383 ergo
3199 1311 3342 1366 LXX
3357 1325 3500 1365 nunc
3529 1329 3548 1361 ι
3575 1311 3724 1366 Eden
3756 1332 3775 1364 ι

2199 1404 2538 1474 interpretati
2568 1412 2716 1469 sunt,
2750 1418 2892 1457 nunc
2921 1421 2941 1454 ‹
2980 1403 3331 1473 voluptatem.
3369 1422 3386 1452 ι
3423 1402 3787 1473 Symmachus

2199 1510 2350 1561 vero,
2392 1495 2485 1565 qui
2525 1514 2544 1546 ι
2581 1493 2893 1565 paradisum
2927 1493 3208 1548 ﬂorentem
3241 1501 3366 1548 ante
3413 1491 3786 1556 transtulerat,

2201 1587 2290 1642 hic
2323 1606 2342 1638 ι
2380 1586 2783 1651 ammnitatem,
2818 1605 2836 1638 ι
2865 1585 2949 1639 vel
2983 1603 3000 1636 ι
3037 1585 3256 1640 delicias
3283 1603 3301 1635 ι
3336 1583 3535 1653 posuit.

2279 1698 2298 1731 ι
2336 1679 2402 1734 Ει
2430 1679 2610 1748 posuit
2630 1694 2777 1743 eum,
2801 1685 2944 1732 sete.
2981 1677 3152 1748 (lstn.)
3177 1675 3414 1746 Mystice.
3463 1675 3541 1730 Ex
3556 1689 3621 1730 eo
3644 1674 3792 1744 quod

2206 1770 2447 1826 additum
2473 1777 2575 1834 est,
2615 1787 2634 1820 ι
2671 1768 2737 1823 Et
2774 1767 3092 1832 custodiret,
3134 1785 3153 1817 ι
3191 1767 3434 1821 innuitur
3465 1764 3640 1836 qualis
3666 1781 3797 1836 ope-

516 1885 588 1939 sit
631 1885 774 1938 inter
816 1883 1017 1936 bonum
1056 1878 1197 1948 quod
1223 1875 1480 1938 deseruit,
1519 1880 1574 1927 et
1599 1870 1799 1926 malum
1828 1883 1935 1938 quo
1959 1865 2099 1922 ceci-
2126 1859 2176 1920 B
2202 1863 2342 1919 ratio
2372 1869 2518 1918 esset
2545 1879 2559 1916 :
2592 1861 2720 1932 quia
2761 1861 2816 1916 in
2856 1858 3249 1930 tranquillitate
3281 1859 3456 1913 beatae
3497 1859 3640 1923 vitae,
3697 1857 3796 1912 ubi

517 1976 597 2031 dit
624 1993 637 2028 :
672 1983 729 2029 et
756 1974 861 2029 hoc
883 1971 989 2028 erit
1009 1970 1058 2026 ei
1084 1977 1328 2041 gustasse
1353 1966 1420 2022 de
1453 1965 1597 2036 ligno
1625 1961 1865 2018 scientiae
1897 1959 2024 2015 boni
2045 1965 2101 2014 et

524 2067 674 2122 mali.

590 2158 756 2212 Vsus.
787 2155 874 2221 10,
905 2155 993 2221 11,
1026 2153 1114 2220 12,
1161 2153 1249 2218 15,
1277 2151 1362 2205 11.
1385 2181 1457 2228 -έ
1487 2169 1506 2201 ι
1539 2149 1608 2204 Et
1637 2147 1831 2202 ﬂuvius
1856 2143 2101 2214 egredie-

526 2269 544 2301 ι
570 2250 750 2305 batur.
792 2267 809 2300 ›
845 2247 1022 2319 (Dem,
1045 2246 1134 2299 ubi
1169 2243 1374 2314 supra.)
1416 2242 1498 2296 Ad
1522 2239 1856 2311 irrigandum
1889 2235 2105 2307 paradi-

521 2355 661 2405 sum,
686 2347 816 2402 ctc.,
848 2353 1009 2407 usque
1030 2335 1098 2390 ad
1123 2343 1178 2390 ct
1197 2333 1356 2405 paulo
1381 2338 1504 2404 post
1523 2327 1856 2399 emergentia
1885 2325 2104 2408 solitum

523 2449 682 2504 agere
711 2447 949 2487 cursum.

596 2527 777 2597 (Auc.,
820 2524 910 2577 ubi
955 2538 1133 2592 supra,
1173 2536 1221 2574 c.
1263 2517 1340 2588 7.)
1376 2517 1494 2571 Alia
1537 2513 1860 2571 translatio:
1897 2532 1916 2563 ‹
1962 2512 2107 2567 Fons

525 2617 659 2673 exiit
703 2618 770 2670 de
810 2613 975 2677 Eden,
1024 2612 1116 2683 qui
1161 2610 1351 2682 irrigat
1391 2608 1726 2678 paradisum,
1773 2625 1790 2658 ι
1835 2613 1938 2661 etc.
1980 2604 2109 2659 llazc

526 2709 748 2764 ﬂumina
779 2707 1055 2779 gentibus,
1096 2713 1226 2770 etc.,
1268 2720 1428 2774 usque
1472 2702 1540 2756 ad
1584 2701 1729 2772 ligna
1761 2698 1968 2755 scilicet
1993 2695 2112 2769 pul-

529 2801 661 2856 chra
692 2809 745 2855 et
774 2800 1066 2855 fructuosa.

601 2893 770 2965 (lstn.,
816 2892 976 2963 Auc.)
1018 2890 1252 2962 Myslice.
1297 2887 1518 2944 Fluvius
1564 2887 1631 2942 de
1667 2884 1917 2956 paradiso
1954 2896 2110 2953 egre-

534 2985 686 3040 diens
707 3025 720 3048 ,
749 2983 1019 3038 aﬂluentia
1043 2990 1128 3037 cst
1151 2989 1366 3037 acterna:
1387 2978 1760 3048 iucunditatis,
1790 2984 1920 3041 etc.,
1952 2990 2114 3046 usque

533 3076 602 3128 ad
631 3075 856 3130 adversa
887 3073 1183 3130 tolerando.

607 3162 823 3231 (Gneo)
853 3161 1144 3216 Mor-aliter.
1173 3160 1414 3229 Quatuor
1436 3158 1743 3213 ﬂuminibus
1777 3157 1842 3212 dc
1861 3156 2114 3226 paradiso

2203 1967 2352 2009 mors
2378 1967 2487 2007 non
2512 1959 2616 2016 est,
2646 1951 2825 2007 omnis
2852 1950 3097 2020 operatio
3123 1956 3206 2004 est
3238 1948 3511 2004 custodire
3535 1951 3682 2019 quod
3711 1956 3795 2003 te-

2204 2060 2322 2102 nes.
2364 2045 2559 2099 Datum
2601 2051 2687 2098 est
2721 2043 2864 2098 enim
2891 2049 3240 2113 praeceptum,
3280 2047 3336 2095 ut
3363 2039 3430 2094 de
3469 2041 3617 2095 omni
3647 2040 3798 2109 ligno

2205 2138 2444 2212 paradisi
2471 2145 2767 2202 sumerent,
2794 2137 2888 2191 sed
2913 2151 3018 2190 non
3046 2135 3110 2189 de
3143 2134 3291 2205 ligno
3312 2133 3553 2190 scientia:
3579 2134 3709 2188 boni
3739 2145 3800 2188 et

2207 2231 2336 2288 mali
2366 2249 2379 2284 :
2405 2230 2460 2286 id
2491 2236 2574 2284 est
2600 2243 2708 2284 non
2737 2229 2815 2284 sic
2837 2243 2902 2284 eo
2938 2226 3281 2294 fruerentur,
3326 2235 3388 2282 ut
3428 2226 3801 2295 integritatem

2210 2334 2418 2379 natura;
2444 2338 2554 2378 suae
2582 2321 2890 2392 usurpando
2914 2321 3139 2376 vetitum
3162 2319 3447 2375 violarent.

2280 2417 2447 2473 Vnus.
2483 2417 2568 2472 16.
2601 2447 2671 2458 -
2701 2437 2721 2469 ‹
2771 2417 3127 2488 Prmeipitque
3166 2417 3239 2483 ei,
3277 2437 3296 2470 ›
3331 2426 3438 2472 etc.
3490 2415 3670 2490 (Ama,
3710 2417 3805 2471 ubi

2211 2525 2395 2580 supra,
2431 2523 2481 2562 c.
2517 2507 2628 2578 15.)
2653 2507 2698 2562 Α
2728 2507 2872 2578 ligno
2901 2508 3208 2578 prohibitus
3237 2516 3340 2575 est,
3373 2517 3502 2574 etc.,
3541 2526 3704 2580 usque
3729 2509 3806 2562 ad

2213 2601 2345 2672 quid
2381 2600 2451 2654 sit
2480 2599 2623 2656 inter
2658 2600 2858 2655 bonum
2899 2599 3221 2656 obedientite
3263 2609 3321 2656 et
3366 2601 3568 2656 malutn
3616 2601 3808 2656 inobe-

2215 2691 2448 2746 dientiaa.

2288 2782 2578 2853 (Aua.,ubi
2608 2797 2798 2852 supra,
2831 2795 2881 2836 c.
2911 2780 3024 2853 17.)
3055 2781 3324 2849 Quaeritur
3351 2780 3398 2836 si
3422 2780 3542 2836 viro
3567 2780 3691 2846 soli,
3719 2781 3810 2834 vel

2217 2873 2384 2928 etiam
2409 2871 2652 2937 feminas,
2679 2880 2810 2940 etc.,
2847 2887 3009 2943 usque
3034 2872 3103 2926 ad
3137 2891 3156 2924 ε
3199 2872 3348 2928 domi
3377 2873 3524 2929 viros
3561 2886 3688 2927 suos
3723 2872 3812 2927 in-

2218 2975 2513 3038 terrogent.
2547 2985 2566 3018 ι

2293 3059 2546 3131 (Paocor.
2573 3061 2629 3113 in
2653 3058 2811 3129 Gen.)
2834 3059 3032 3115 Dicunt
3053 3059 3260 3131 aliqui:
3297 3059 3355 3117 Si
3400 3061 3815 3118 immortalitate

2221 3168 2324 3209 nos
2347 3152 2571 3208 amicire
2587 3151 2778 3218 voluit,
2801 3153 2930 3223 quid
2951 3168 3089 3224 opus
3117 3162 3238 3209 erat
3266 3163 3553 3224 prazcepto,
3585 3162 3816 3224 propter

534 3255 937 3326 egredientibus
988 3263 1135 3309 terra
1169 3254 1442 3324 irrigatur.
1477 3249 1718 3304 Solidum
1753 3248 1977 3303 rationis
2017 3263 2116 3302 no-
2146 3241 2192 3305 C
2224 3247 2366 3317 quod
2388 3245 2662 3317 peccaturi
2691 3261 2908 3302 eramus
2941 3255 2995 3300 et
3019 3247 3213 3302 deinde
3235 3247 3424 3317 judicii
3455 3247 3570 3316 ejus
3607 3249 3816 3304 sentire

538 3357 663 3401 strze
693 3347 978 3402 aedilicium
1006 3387 1020 3410 ,
1059 3345 1360 3416 prudentia,
1409 3340 1785 3411 temperantia,
1838 3339 2114 3405 fortitudo,

528 3441 765 3511 justitia,
796 3440 1073 3495 continent
1109 3457 1121 3491 :
1155 3436 1280 3508 quia
1313 3436 1400 3490 his
1427 3442 1659 3504 quatuor
1685 3431 1972 3485 virtutibus
2009 3437 2120 3483 tota

538 3531 666 3588 boni
713 3530 894 3600 operis
936 3535 1207 3582 structura
1255 3523 1550 3593 consurgit.
1607 3521 1851 3588 Quatuor
1897 3518 2118 3573 ﬂumina

543 3623 854 3694 paradisum
877 3620 1122 3690 irrigant,
1154 3617 1281 3687 quia
1315 3617 1441 3671 dum
1465 3614 1549 3669 his
1573 3621 1808 3683 quatuor
1831 3611 2122 3665 virtutibus

543 3730 636 3770 cor
686 3710 986 3768 infunditur
1016 3750 1032 3777 ,
1079 3709 1147 3766 ab
1193 3707 1337 3765 omni
1389 3705 1780 3763 desideriorum
1827 3702 2125 3758 carnalium

543 3813 678 3860 testu
707 3809 1056 3871 temperatur.

621 3915 640 3946 ι
678 3894 908 3949 Evilath.
954 3913 972 3944 ι
1007 3891 1176 3962 Regio
1217 3889 1378 3945 Indiae
1411 3905 1530 3959 quae
1555 3896 1682 3959 post
1704 3888 1962 3943 diluvium
1996 3904 2122 3958 pos-

546 4001 694 4043 sessa
714 3995 797 4040 est
821 3984 890 4038 ab
911 3981 1062 4037 Evila
1085 3980 1195 4035 ﬁlio
1216 3978 1426 4042 .lectan,
1454 3978 1548 4031 lilii
1579 3977 1772 4044 Heber,
1803 3978 2127 4048 patriarchae

546 4077 914 4131 Hebraeorum.
958 4071 1172 4126 Evilath
1200 4071 1586 4138 interpretatur
1632 4069 1950 4136 parturiens,
2001 4068 2128 4138 quia

547 4169 738 4238 aliquis
791 4167 1016 4236 loquens
1073 4164 1390 4227 veritatem,
1452 4160 1620 4230 magis
1679 4161 1910 4231 parturit
1964 4174 2128 4230 quam

547 4260 739 4332 pariat.
777 4257 982 4313 Plinius
1010 4255 1138 4309 dicit
1169 4253 1420 4322 regiones
1439 4251 1603 4306 lndim
1637 4265 1748 4321 pra:
1771 4251 2000 4315 caeteris,
2038 4265 2130 4304 ve-

550 4353 636 4406 nis
659 4351 838 4407 aureis
865 4346 1160 4403 abundare.

628 4464 644 4493 ι
687 4441 965 4496 Bdellium.
1017 4459 1036 4490 ι
1078 4435 1385 4491 Secundum
1439 4433 1672 4490 Plinium
1701 4432 1863 4489 arbor
1885 4442 1969 4490 est
2007 4449 2130 4490 aro-

553 4536 751 4591 matica
788 4530 1154 4603 magnitudine
1179 4527 1445 4597 oleagina,
1476 4525 1629 4596 cujus
1660 4526 1896 4598 lacryma
1929 4527 2125 4594 lucida,

2225 3352 2445 3392 severos
2488 3335 2739 3392 aculeos?
2779 3337 3100 3408 Respondeo
3133 3355 3147 3392 :
3179 3336 3313 3392 Cum
3357 3339 3428 3393 sit
3461 3337 3729 3406 benignus
3758 3348 3819 3394 et

2227 3437 2563 3493 mansuetus,
2592 3436 2647 3482 et
2675 3427 2835 3483 vellet
2866 3429 2918 3482 in
2949 3429 3412 3500 incorruptibilem
3443 3438 3498 3486 et
3526 3431 3816 3486 immorta-

2227 3521 2332 3577 lem
2355 3521 2717 3576 conditionem
2742 3535 2990 3576 asserere
3021 3522 3318 3576 humanum
3344 3537 3515 3592 genus
3554 3541 3569 3577 :
3605 3537 3676 3578 ne
3702 3539 3819 3580 sua:

2225 3617 2314 3672 vel
2342 3617 2577 3688 prapriaz
2607 3616 2797 3671 virtuti
2820 3615 3144 3672 beneﬁcium
3168 3617 3221 3671 id
3245 3625 3468 3686 accepto
3499 3615 3728 3684 ferrent,
3760 3620 3817 3674 in

2226 3709 2372 3763 hunc
2403 3707 2623 3763 modum
2650 3709 2780 3781 egit,
2809 3708 2980 3763 voluit
3001 3717 3062 3763 ut
3089 3708 3293 3781 gratias
3322 3710 3368 3764 ei
3402 3710 3688 3777 baberent,
3730 3713 3819 3768 his

2226 3801 2393 3858 etiam
2426 3800 2714 3855 destinavit
2750 3810 3075 3873 praesentem
3106 3801 3296 3867 vitam,
3329 3809 3388 3856 ut
3415 3801 3718 3872 palaestram
3762 3814 3819 3860 et

2227 3891 2384 3962 quasi
2417 3891 2723 3947 doctrinam
2751 3891 2948 3948 futurae
2983 3892 3126 3948 vitae.
3157 3891 3360 3948 Deinde
3390 3891 3630 3950 inferens
3665 3910 3818 3950 mor-

2197 3992 2339 4038 tem
2381 3983 2450 4037 ob
2474 3991 2778 4054 peccatum,
2817 3982 2987 4037 voluit
3024 3991 3086 4037 ut
3127 3997 3546 4055 agnosceremus
3571 3995 3817 4042 nostram

2231 4073 2620 4139 inﬁrmitatem,
2653 4083 2710 4130 et
2745 4074 2939 4130 deinde
2975 4089 3074 4130 nos
3104 4074 3207 4145 ipsi
3244 4075 3416 4147 magis
3441 4085 3820 4147 appeteremus

2231 4168 2470 4222 futurum
2497 4169 2715 4223 donum.

2306 4282 2325 4314 ε
2360 4261 2733 4331 Przecepitque
2761 4259 2812 4315 ei
2841 4258 3028 4315 dicens
3052 4276 3066 4313 :
3091 4257 3172 4314 Ex
3194 4258 3374 4325 omni,
3401 4267 3505 4316 etc.
3534 4259 3721 4332 (Auc.,
3756 4263 3823 4319 de

2232 4351 2364 4407 Gen.
2387 4351 2456 4404 ad
2471 4350 2600 4415 litt.,
2623 4349 2656 4403 l.
2679 4365 2793 4413 vni,
2813 4348 2900 4412 28,
2919 4356 3048 4403 tom.
3064 4347 3176 4421 Ill.)
3196 4349 3254 4404 Si
3275 4350 3538 4420 quaeritur
3550 4354 3822 4422 quomodo

2233 4446 2334 4500 ista
2394 4444 2606 4499 locutus
2648 4443 2736 4508 sit,
2783 4457 2890 4497 non
2931 4443 3153 4512 proprie.
3195 4457 3226 4496 a
3264 4443 3418 4498 nobis
3444 4452 3624 4514 potest
3673 4461 3821 4504 com-

2233 4536 2515 4608 prehendi.
2545 4534 2763 4590 Certum
2787 4543 2871 4590 est
2887 4535 3032 4590 enim
3056 4542 3150 4590 aut
3167 4550 3265 4605 per
3288 4550 3443 4590 suam
3459 4537 3818 4594 substantiam

554 4639 713 4703 gustu
752 4595 954 4692 amara,
996 4624 1123 4682 boni
1161 4595 1364 4690 odoris,
1404 4623 1496 4678 sed
1542 4595 1818 4678 odoratior
1860 4621 2130 4679 inlusione
2155 4595 2208 4656 D
2233 4595 2728 4696 ioqui,etc.,usque
2748 4623 2817 4678 ad
2837 4625 2928 4680 sed
2953 4637 3052 4694 per
3071 4595 3340 4680 subditam
3362 4625 3464 4681 sibi
3487 4635 3816 4684 creaturam.

557 4741 686 4778 Vlnl.

633 4835 650 4864 ‹
684 4812 859 4882 Onyx.
901 4829 919 4861 ι
954 4807 1048 4862 Est
1074 4806 1208 4877 lapis
1230 4806 1521 4877 pretiosus,
1550 4805 1629 4860 sic
1656 4805 1831 4860 dictus
1856 4804 1982 4875 quia
2011 4820 2134 4875 per-

491 4949 497 4959 .
559 4907 779 4962 mistum
798 4901 961 4956 habet
975 4898 1263 4953 candorem
1284 4896 1587 4952 adahumani
1611 4895 2015 4950 similitudinem
2031 4913 2131 4951 un-

559 4999 696 5070 guis,
711 4994 834 5065 quia
851 4991 1041 5062 unguis
1053 4989 1238 5046 Gnncc
1250 4987 1592 5054 dicituri'i'wE.
1607 4988 1840 5058 Antiqua
1857 4989 2136 5048 translatio

562 5089 726 5147 habet
758 5106 777 5138 ι
813 5084 1196 5142 carbunculum
1226 5093 1280 5138 et
1303 5085 1561 5155 prasium.
1600 5103 1619 5136 ι
1651 5084 2024 5142 Carbunculus
2058 5098 2142 5145 est

563 5181 706 5254 ignei
753 5179 979 5245 coloris,
1020 5186 1076 5234 et
1120 5178 1318 5234 dicitur
1359 5177 1633 5234 illustrare
1663 5179 1913 5235 tenebras
1941 5180 2135 5236 noctis.

563 5271 784 5328 Prasius
820 5278 904 5326 est
929 5269 1135 5336 viridis,
1158 5269 1299 5324 unde
1319 5266 1503 5322 Graece
1523 5281 1554 5321 a
1575 5282 1758 5337 porro,
1781 5269 1923 5340 quod
1943 5275 2140 5347 πράσον

567 5366 784 5431 dicitur,
826 5379 1022 5418 nomen
1055 5363 1280 5432 accepit.

641 5453 806 5510 Vsus.
841 5453 928 5508 15.
958 5483 1029 5494 -—
1060 5473 1078 5504 ‹
1107 5452 1253 5507 Tulit
1279 5465 1408 5523 ergo
1432 5450 1690 5509 Dominus
1741 5453 1904 5521 Deus,
1958 5475 1977 5509 ι
2029 5466 2136 5514 etc.

571 5547 750 5621 (Auc.,
786 5545 873 5599 ubi
902 5560 1086 5614 supra,
1125 5557 1174 5596 c.
1207 5541 1286 5613 8.)
1311 5540 1595 5597 Hominem
1634 5543 1689 5598 in
1716 5543 1970 5614 paradiso
1993 5547 2140 5617 posi-

572 5651 685 5696 tum
708 5639 822 5708 jam
852 5636 1006 5691 dixit.
1035 5633 1187 5688 Nunc
1212 5634 1529 5704 recapitulat
1555 5635 1622 5690 ad
1654 5637 1784 5708 quid
1805 5640 2010 5708 positus
2039 5649 2141 5706 est,

578 5750 598 5782 ‹
641 5739 703 5786 ιιι
730 5735 1063 5798 operaretur,
1102 5744 1120 5775 ι
1149 5732 1250 5778 etc.
1281 5723 1395 5780 Non
1426 5734 1508 5781 est
1539 5726 1683 5782 enim
1716 5727 1970 5782 credibile
2001 5729 2144 5797 quod

565 5803 716 5877 Deus
756 5834 876 5874 eum
918 5826 1042 5872 ante
1069 5826 1347 5890 peccatum
1392 5819 1460 5874 ad
1500 5818 1742 5876 laborem
1786 5820 2140 5918 dittnnaverit,

2309 4715 2581 4785 Quaeritur
2599 4716 2867 4787 quomodo
2892 4716 3037 4787 loqui
3062 4724 3373 4788 potuerunt,
3395 4717 3481 4772 vel
3505 4718 3820 4788 loquentem

2239 4809 2568 4880 intelligere,
2605 4809 2699 4880 qui
2726 4824 2832 4863 non
2863 4808 3164 4864 didicerant
3201 4809 3344 4865 inter
3381 4809 3664 4881 loquentes
3701 4828 3821 4870 cre-

2240 4900 2460 4966 scendo,
2500 4900 2585 4955 vel
2617 4899 2962 4970 magisterio?
2995 4898 3100 4955 Sed
3139 4915 3233 4956 eos
3262 4900 3403 4957 Deus
3442 4901 3577 4958 tales
3616 4901 3824 4961 fecerat

2243 4995 2336 5066 qui
2367 5001 2589 5063 possent
2616 4991 2785 5061 loqui,
2814 5001 2869 5046 et
2901 4992 3115 5048 discere
3136 4992 3204 5047 ab
3226 4992 3347 5048 aliis
3373 4994 3418 5048 si
3448 5004 3646 5050 essent.

2314 5089 2496 5159 (Auc.,
2515 5087 2603 5140 ubi
2630 5102 2812 5156 supra,
2830 5101 2879 5142 c.
2898 5086 3010 5159 M.)
3029 5086 3104 5143 De
3121 5086 3336 5143 Christo
3354 5087 3574 5156 dicitur,
3597 5089 3779 5145 lsa.vn
3804 5109 3816 5145 :

2245 5197 2266 5232 ι
2293 5178 2618 5248 Priusquam
2675 5177 2811 5231 sciat
2855 5190 2991 5246 puer
3045 5177 3249 5233 bonum
3289 5185 3385 5232 aut
3422 5178 3639 5242 malum,
3688 5195 3820 5235 con-

2243 5277 2446 5326 temnet
2472 5267 2758 5332 malitiam,
2788 5273 2850 5321 ut
2869 5267 3033 5338 eligat
3057 5267 3276 5322 bonum.
3319 5287 3338 5319 ι
3371 5267 3649 5336 Quomodo
3675 5271 3820 5339 quod

2243 5362 2417 5418 nescit
2471 5369 2564 5416 aut
2607 5361 2924 5426 contemnit,
2977 5369 3071 5416 aut
3113 5360 3294 5431 eligit?
3339 5370 3444 5418 etc.
3475 5402 3492 5428 ,
3546 5379 3709 5433 usque
3749 5365 3821 5418 ad

2243 5456 2384 5526 quod
2410 5454 2658 5510 amittere
2685 5469 2793 5510 non
2829 5455 3076 5512 debebat.

2314 5546 2476 5602 Vsus.
2511 5545 2599 5600 1⁵1.
2627 5575 2700 5586 -
2728 5563 2748 5597 α
2788 5545 2866 5600 .De
2905 5546 3049 5617 ligno
3078 5556 3280 5614 autem,
3309 5567 3328 5599 ι
3368 5557 3470 5605 etc.
3505 5548 3687 5621 (Auc.,
3729 5551 3819 5604 ubi

2244 5653 2426 5707 supra,
2453 5651 2502 5690 c.
2540 5633 2652 5706 15.)
2680 5635 2908 5706 Lignum
2954 5651 3020 5690 ex
3050 5652 3136 5702 eo,
3178 5645 3285 5693 etc.
3308 5679 3322 5702 ,
3350 5655 3513 5700 usque
3539 5641 3607 5694 ad
3635 5641 3814 5706 idest,

2246 5729 2389 5798 quod
2411 5726 2664 5780 amabant
2687 5742 2793 5781 non
2823 5727 3094 5782 amissuri.

2319 5818 2723 5891 (Snvsmmus)
2755 5818 2888 5874 Tres
2925 5821 3181 5876 arborum
3221 5820 3536 5879 differentia:
3571 5832 3726 5880 erant
3761 5823 3819 5892 in
