4074 6334
337 439 406 499 89
1365 439 1634 498 GLOSSA
1671 438 2066 499 0RDINARIA.
2108 473 2176 484 -—
2211 445 2339 501 LIB.
2381 445 2534 505 CEN.
3107 451 3111 456 ’
3505 461 3576 518 90

338 557 611 634 paradiso,
637 555 756 614 Una
781 555 998 627 quidem
1018 556 1143 612 data
1163 554 1239 610 illi
1268 563 1465 611 eratut
1486 557 1712 624 viveret,
1737 556 1908 612 altera
1933 553 1990 616 Α
2013 555 2328 616 dormiendo
2375 562 2684 630 secesserit,
2745 563 2935 621 melius
2988 576 3044 621 et
3095 567 3358 629 sincerius
3410 573 3576 634 videt.

337 663 398 709 ut
419 651 558 709 bene
577 651 802 716 viveret,
831 649 996 704 tertia
1024 656 1084 703 ut
1113 662 1326 719 semper
1353 647 1576 704 viveret.

415 743 530 820 gln
554 741 1040 816 quocunque'enim
1061 742 1168 807 die,
1197 760 1217 793 ι
1245 749 1350 796 etc.
1380 739 1494 796 Non
1521 743 1617 809 ait,
1645 743 1703 797 Si
1731 757 1912 798 come-

339 836 504 898 deris,
534 830 782 890 mortalis
802 832 930 897 eris,
947 831 1042 887 sed
1067 850 1087 883 ί
1117 839 1296 885 morte
1315 830 1585 886 morieris.
1625 851 1643 882 ι
1671 829 1911 886 Mortuus

338 935 423 983 est
448 927 594 994 enim
623 927 786 981 homo
813 924 871 979 in
905 923 1085 978 anima
1114 938 1236 978 cum
1274 922 1537 993 peccavit,
1569 922 1694 992 quia
1732 937 1912 978 reces-

339 1019 413 1075 sit
445 1020 514 1074 ab
557 1017 650 1072 illo
677 1017 843 1083 Deus,
882 1016 974 1086 qui
1014 1024 1096 1070 est
1125 1015 1235 1068 vita
1263 1014 1456 1069 anima:
1485 1031 1500 1070 :
1529 1029 1690 1085 quam
1729 1020 1912 1069 secuta

339 1117 426 1165 est
448 1123 596 1164 mors
628 1108 886 1178 corporis,
920 1107 1228 1162 discedente
1256 1105 1324 1160 ab
1348 1105 1441 1160 illo
1467 1106 1664 1170 anima,
1694 1120 1811 1174 qua:
1830 1111 1915 1160 est

341 1201 455 1256 vita
491 1198 769 1271 corporis;
799 1213 918 1268 quae
946 1199 1076 1254 Adae
1103 1198 1303 1264 evenit,
1338 1212 1461 1253 cum
1491 1207 1807 1268 praesentem
1836 1198 1914 1252 vi-

343 1305 450 1349 tam
477 1293 667 1348 finivit.
696 1293 883 1348 Potest
914 1293 986 1347 ita
1013 1291 1234 1360 intelligi
1254 1291 1396 1361 quod
1419 1292 1635 1361 quando
1658 1305 1913 1360 peccave-

341 1397 488 1451 runt,
534 1389 715 1441 statim
749 1394 926 1441 morte
953 1385 1040 1440 illa
1084 1385 1258 1456 puniti
1299 1395 1442 1450 sunt,
1486 1386 1553 1440 de
1584 1400 1690 1455 qua
1718 1384 1914 1440 dicitur

342 1482 501 1536 Rom.
530 1480 758 1549 septimo
794 1497 808 1533 :
844 1498 862 1530 ι
891 1478 1082 1534 Infelix
1105 1493 1205 1550 ego
1234 1478 1429 1533 homo!
1455 1478 1580 1548 quis
1610 1491 1696 1532 me
1717 1477 1913 1532 libera-

341 1574 421 1628 bit
460 1574 526 1628 de
565 1587 793 1643 corpore
830 1572 1022 1628 mortis
1050 1570 1256 1640 hujus?
1299 1592 1318 1624 »
1353 1579 1408 1627 et
1438 1571 1634 1627 ibidem
1672 1580 1861 1627 octavo
1894 1587 1909 1625 :

347 1683 366 1717 σ
401 1665 608 1736 Corpus
652 1675 925 1720 mortuum
969 1673 1051 1720 est
1091 1671 1650 1735 propterpeccatum;
1714 1685 1732 1716 ι
1805 1679 1912 1719 non

340 1760 417 1812 ait
435 1757 687 1824 mortale,
709 1759 801 1813 sed
827 1779 846 1810 ι
875 1766 1167 1823 mortuum,
1192 1776 1211 1810 ι
1247 1759 1492 1827 quamvis
1513 1757 1762 1824 mortale,
1786 1758 1912 1827 quia

339 1851 679 1907 moriturum.
717 1850 835 1907 Non
880 1851 1205 1907 credendum
1248 1860 1330 1906 est
1366 1858 1490 1907 ante
1529 1859 1810 1922 peccatum
1840 1852 1912 1906 ita

337 1941 504 1998 fuisse
534 1943 620 1997 illa
641 1957 890 2014 corpora,
923 1943 1018 1999 sed
1041 1941 1293 1997 animalia
1319 1913 1557 1998 nondum
1588 1943 1906 2012 spiritualia,
1939 1913 1988 1974 Β

337 2051 448 2091 non
471 2044 649 2091 tamen
677 2045 891 2092 mortua
913 2078 928 2102 ,
953 2052 1072 2107 quae
1101 2036 1310 2092 scilicet
1337 2051 1560 2093 necesse
1582 2045 1727 2092 esset
1753 2034 1910 2102 mori,

341 2129 484 2198 quod
513 2128 566 2182 in
594 2128 680 2184 die
710 2129 1172 2198 praevaricationis
1192 2128 1393 2184 factum
1420 2137 1523 2184 est.

419 2240 436 2272 σ
467 2219 634 2275 Morte
683 2220 952 2276 morieris.
999 2240 1018 2272 ι
1069 2219 1276 2290 Duplex
1317 2235 1465 2276 mors
1513 2219 1850 2289 significatur
1896 2238 1912 2276 :

338 2310 553 2377 animae,
599 2311 828 2367 Domino
867 2311 1193 2376 discedente,
1241 2310 1333 2380 qui
1371 2318 1455 2366 est
1489 2312 1604 2381 ejus
1639 2311 1781 2377 vita;
1831 2310 1916 2366 vel

337 2403 579 2471 corporis
600 2442 615 2467 ,
645 2417 806 2473 quam
835 2403 890 2458 in
917 2401 1024 2457 ﬁne
1047 2403 1173 2456 vita:
1199 2401 1424 2472 accepit.
1461 2400 1569 2457 Sed
1601 2401 1786 2456 statim
1820 2416 1914 2456 ne-

338 2491 646 2548 cessitatem
673 2493 937 2549 moriendi
960 2493 1205 2548 incurrit.
1623 2509 1626 2512 ’

408 2582 573 2638 Veiis.
630 2583 716 2638 18.
767 2613 838 2623 —
873 2601 892 2635 ‹
940 2583 1086 2638 Dixit
1126 2598 1341 2654 quoque
1386 2583 1678 2650 Dominus,
1737 2604 1756 2637 ι
1806 2592 1910 2640 etc.

340 2672 530 2744 (Δηὼ,
565 2673 604 2726 l.
643 2687 700 2728 ιι
728 2674 792 2728 de
826 2671 977 2738 Gem,
1014 2690 1065 2729 c.
1095 2673 1173 2746 8.)
1204 2673 1307 2741 Qui
1337 2675 1576 2730 sentiunt
1598 2675 1664 2729 ad
1697 2675 1914 2746 gignen-

339 2764 439 2819 dos
464 2763 604 2820 ﬁlios
627 2763 682 2818 in
715 2764 969 2833 paradiso
998 2764 1215 2820 misceri
1240 2779 1346 2818 non
1375 2764 1560 2830 licere,
1584 2771 1721 2831 etc.,
1752 2782 1916 2836 usque

339 2856 410 2909 ad
435 2855 615 2910 anima
650 2870 717 2910 ex
740 2855 940 2922 anima,
969 2853 1081 2912 sive
1107 2855 1213 2912 alio
1246 2855 1406 2910 modo
1431 2855 1525 2910 fiat
1549 2855 1747 2909 anima.

411 2947 575 3002 Vens.
622 2947 710 3002 19.
735 2977 807 2988 —
839 2967 856 3000 ι
887 2947 1126 3003 Adduxit
1154 2963 1240 3013 ea,
1279 2966 1297 3000 ι
1341 2955 1447 3002 etc.
1484 2947 1667 3018 (Auc.,
1697 2947 1741 3000 1.
1770 2961 1826 3001 Ix
1854 2945 1917 3000 de

340 3039 472 3094 Gen.
514 3039 584 3094 ad
614 3038 737 3105 1511.,
761 3053 810 3095 c.
844 3038 935 3105 14,
971 3047 1104 3094 tom.
1149 3038 1262 3110 ΙΠ.)
1293 3037 1414 3094 Non
1441 3038 1584 3094 sicut
1609 3046 1913 3103 venatores,

339 3131 422 3186 vel
467 3145 735 3202 aucupes;
778 3145 878 3186 nec
907 3130 1168 3202 jussionis
1197 3145 1303 3184 vox
1347 3131 1414 3184 de
1455 3128 1597 3184 nube
1632 3127 1777 3183 facta
1811 3136 1913 3203 est,

340 3239 502 3293 quam
523 3221 812 3278 rationales
831 3222 1024 3278 animae
1055 3212 1359 3292 intelligere
1371 3220 1575 3286 solent;
1603 3221 1744 3275 hanc
1771 3219 1916 3274 enim

339 3314 662 3370 naturaliter
705 3328 814 3369 non
865 3314 1170 3385 intelligunt
1210 3313 1418 3378 bestiae,
1458 3311 1544 3366 vel
1585 3325 1732 3376 aves,
1783 3317 1914 3377 etc.,

338 3416 505 3476 usque
532 3405 600 3460 ad
624 3413 768 3460 terra
788 3416 910 3460 esse
932 3412 1116 3460 creata
1143 3403 1534 3474 intelliguntur.

414 3497 688 3571 (Ηιειιοιη.)
710 3498 936 3555 Videtur
959 3498 1190 3569 primam
1211 3497 1448 3566 linguam
1466 3497 1706 3552 humano
1731 3495 1916 3568 generi

345 3590 514 3646 fuisse
536 3589 836 3658 Hebraeam,
859 3590 988 3661 quia
1014 3590 1230 3645 nomina
1253 3604 1374 3658 quae
1404 3603 1575 3660 usque
1599 3589 1668 3643 ad
1699 3588 1917 3644 divisio-

345 3700 469 3740 nem
494 3684 796 3756 linguarum
812 3683 866 3738 in
883 3682 1080 3740 Genesi
1095 3683 1347 3754 legimus,
1361 3689 1572 3738 constat
1583 3697 1703 3737 esse
1725 3679 1885 3736 illius.

414 3778 582 3834 Vsus.
612 3777 701 3832 20.
733 3807 802 3817 -
843 3795 862 3828 ‹
905 3775 1332 3847 Appellavitque,
1379 3793 1397 3827 ›
1433 3783 1540 3828 etc.
1590 3772 1771 3845 (Aoc.)
1801 3770 1917 3843 My—

343 3871 490 3925 stice.
525 3867 848 3940 Significans
875 3880 1061 3939 gentes
1084 3883 1204 3938 quas
1233 3866 1395 3922 salvae
1423 3866 1616 3921 fierent
1640 3865 1692 3920 in
1727 3864 1915 3920 Eccle-

344 3963 423 4018 sia
453 3976 553 4032 per
575 3961 870 4027 Christum,
905 3975 1099 4016 nomen
1138 3959 1339 4016 Christi
1392 3965 1732 4030 accepturas,
1771 3956 1917 4026 quod

344 4054 498 4124 prius
522 4068 628 4108 non
664 4053 965 4118 habebant;
995 4052 1153 4118 unde,
1186 4051 1291 4106 lsa.
1322 4065 1423 4106 va
1450 4067 1464 4103 :
1501 4067 1520 4101 ‹
1551 4043 1768 4104 Vocabo
1799 4060 1914 4102 ser-

344 4160 442 4201 vos
469 4160 618 4201 meos
655 4144 872 4198 nomine
903 4143 1028 4198 alio.
1068 4164 1087 4196 ι

423 4256 442 4289 ι
497 4236 626 4292 Adae
658 4251 789 4291 vero
813 4251 919 4292 non
967 4236 1360 4299 inveniebatur,
1401 4253 1420 4287 ›
1452 4243 1556 4290 etc.
1593 4233 1774 4301 (Λυσι,
1819 4231 1912 4287 lib.

347 4346 401 4385 rx
430 4330 495 4383 de
541 4327 672 4383 Gen.
728 4328 796 4382 ad
846 4327 966 4392 litt.,
996 4342 1114 4398 cap.
1154 4327 1221 4381 15
1245 4335 1299 4382 et
1327 4325 1468 4397 seq.)
1505 4325 1804 4381 Videndum
1835 4332 1917 4380 est

348 4420 614 4492 quomodo
644 4418 784 4474 facta
813 4418 884 4473 sit
933 4418 1191 4474 mulieris.
1219 4417 1488 4483 formatio,
1532 4433 1652 4488 quae
1694 4417 1917 4488 mystice

351 4511 549 4571 dicitur
573 4510 881 4581 aedificatio,
904 4519 1034 4580 etc.,
1062 4526 1225 4586 usque
1247 4511 1316 4572 ad
1344 4521 1404 4572 ut
1434 4511 1793 4588 intelligamus
1820 4526 1918 4588 per

349 4609 494 4664 illam
522 4609 751 4665 extasim
777 4608 947 4664 Adam
972 4608 1230 4664 divinitus
1255 4610 1370 4665 haec
1393 4609 1614 4665 dixisse.

2009 659 2144 718 etc.,
2174 668 2336 724 usque
2371 654 2440 707 ad
2467 661 2522 709 et
2548 653 2803 710 Ecclesiae
2827 656 3130 715 referenda.

2078 741 2259 814 (Αῦϐι,
2290 743 2384 798 lib.
2408 745 2520 799 xde
2552 743 2680 801 Gen.
2705 747 2774 801 ad
2796 747 2924 815 (511.,
2951 764 3002 804 c.
3033 749 3096 822 l.)
3127 750 3442 823 Quiputant
3456 757 3578 813 ani-

2010 849 2153 890 mam
2177 850 2244 890 ex
2271 835 2471 904 anima,
2504 846 2637 906 etc.,
2673 855 2836 910 usque
2871 841 2940 894 ad
2965 855 3127 912 quam
3151 844 3219 900 de
3254 845 3374 902 viro
3400 848 3578 906 fuerat

2011 927 2231 983 dictum.
2385 971 2390 979 .

2081 1017 2261 1090 (Anc.,
2287 1018 2632 1087 ibid.,'c.'19,
2668 1021 2862 1095 20.)‘Si
2904 1036 3177 1096 quaeratur
3201 1029 3344 1087 unde
3373 1033 3580 1105 accepit

2011 1113 2245 1169 animam
2269 1112 2536 1181 Christus,
2565 1116 2780 1172 mallem
2800 1119 2988 1174 audire
3013 1120 3268 1178 meliores
3294 1132 3350 1179 et
3373 1125 3581 1183 doctio-

2011 1221 2140 1273 res;
2170 1215 2299 1274 etc.,
2324 1224 2486 1280 usque
2527 1209 2596 1262 ad
2622 1210 2818 1280 quibus
2849 1211 2978 1280 quid
3031 1216 3344 1286 responderi
3387 1219 3578 1288 possit,

2011 1298 2248 1354 nondum
2271 1299 2406 1355 mihi
2428 1301 2685 1356 occurrit.

2089 1407 2108 1441 ι
2151 1390 2376 1446 Immisit
2406 1407 2534 1463 ergo
2574 1393 2831 1450 Dominus
2859 1410 3127 1467 50porem,
3169 1418 3190 1452 ι
3221 1406 3328 1458 etc.
3360 1400 3578 1473 (GREG.,

2011 1479 2230 1550 Moral.,
2249 1483 2285 1539 l.
2305 1499 2431 1551 xxx,
2455 1493 2588 1539 tom.
2613 1485 2703 1556 Il.)
2730 1485 2954 1542 Culmen
2979 1491 3449 1562 contemplationis
3471 1509 3578 1550 non

2011 1574 2340 1646 attingimus,
2381 1577 2428 1632 si
2474 1592 2581 1632 non
2611 1578 2679 1632 ab
2721 1580 3008 1635 exterioris
3045 1596 3190 1638 curae
3231 1585 3580 1655 oppressione

2011 1678 2328 1720 cessemus:
2359 1679 2463 1721 nec
2506 1681 2604 1722 nos
2641 1667 2786 1738 ipsos
2827 1668 3120 1738 intuemur,
3155 1681 3218 1728 ut
3245 1676 3480 1731 sciamus
3522 1675 3578 1730 in

2011 1756 2167 1812 nobis
2196 1757 2338 1812 aliud
2365 1773 2482 1814 esse
2504 1761 2768 1815 rationale
2811 1761 2954 1830 quod
2979 1762 3139 1834 regit,
3183 1763 3328 1820 aliud
3348 1764 3580 1820 animale

2013 1851 2155 1920 quod
2175 1852 2396 1923 regitur,
2431 1853 2532 1908 nisi
2579 1855 2647 1908 ad
2684 1861 2949 1909 secretum
2980 1855 3180 1910 silentii
3214 1864 3580 1923 recurrentes,

2016 1945 2084 1999 ab
2145 1945 2402 2000 exteriori
2451 1946 2853 2015 perturbatione
2899 1948 3193 2018 sopiamur.
3244 1949 3398 2016 Quod
3445 1950 3586 2005 bene

2011 2034 2180 2090 Adam
2213 2036 2486 2092 dormiens
2512 2037 2780 2109 figuravit,
2823 2039 2889 2093 de
2924 2039 3079 2109 cujus
3108 2055 3231 2096 mox
3260 2041 3430 2096 latere
3465 2056 3582 2095 mu-

2011 2126 2114 2182 lier
2135 2129 2415 2196 processit.
2443 2129 2542 2196 Qui
2574 2131 2718 2184 enim
2749 2131 2814 2185 ad
2840 2131 3096 2186 interiora
3126 2132 3471 2204 intelligenda
3495 2147 3586 2186 ra-

2011 2217 2176 2287 pitur,
2203 2233 2234 2272 a
2263 2220 2424 2274 rebus
2451 2220 2750 2276 visibilibus
2779 2221 2963 2277 oculos
2993 2221 3213 2288 claudit,
3261 2230 3318 2278 et
3347 2232 3474 2280 tunc
3497 2225 3582 2280 in-

1978 2307 2208 2376 ‘telligit
2231 2310 2284 2364 in
2319 2309 2495 2380 seipso
2525 2311 2669 2366 aliud
2693 2325 2814 2366 esse
2838 2311 2980 2381 quod
3004 2327 3189 2382 regere
3217 2314 3429 2382 debeat,
3459 2323 3582 2370 tan-

2013 2413 2178 2469 quam
2199 2399 2320 2465 vir;
2351 2401 2495 2456 aliud
2525 2402 2668 2471 quod
2697 2409 2932 2474 regatur,
2963 2411 3216 2473 tanquam
3250 2404 3470 2460 femina.

2085 2487 2246 2544 Vsus.
2277 2489 2369 2556 22,
2417 2490 2506 2545 24.
2536 2521 2606 2531 -
2635 2510 2654 2542 ‹
2692 2491 2761 2546 Et
2809 2491 3111 2548 aediﬁcavit.
3146 2533 3161 2548 .
3195 2533 3208 2548 .
3244 2535 3258 2549 .
3309 2495 3584 2563 Quamob-

2014 2594 2129 2636 rem
2158 2581 2446 2652 relinquet,
2477 2601 2496 2635 ι
2527 2590 2633 2638 etc.
2664 2581 2841 2653 (1510.,
2864 2584 2920 2637 in
2943 2581 3098 2652 Gem,
3123 2592 3165 2638 t.
3190 2583 3281 2656 V.)
3310 2585 3464 2654 Quod
3487 2601 3587 2657 per

2013 2673 2299 2729 historiam
2351 2676 2674 2745 completum
2715 2683 2798 2731 est
2834 2676 2890 2730 in
2914 2676 3104 2756 Adam,
3157 2685 3296 2745 etc.,
3329 2694 3490 2746 usque
3515 2679 3585 2734 ad

2017 2767 2253 2836 Serpens
2273 2768 2416 2822 enim
2445 2769 2821 2824 hzereticorum
2841 2783 3046 2825 venena
3072 2770 3382 2842 praesignat.

2087 2859 2249 2915 Vsus.
2279 2860 2370 2914 25.
2423 2891 2492 2900 -
2531 2879 2550 2912 ‹
2601 2861 2732 2916 Erat
2789 2869 2969 2917 autem
3029 2870 3256 2931 uterque
3306 2862 3503 2918 nudus.
3559 2880 3580 2917 ι

2019 2952 2201 3025 (Αυα.)
2243 2953 2300 3010 Si
2332 2953 2426 3008 Dei
2446 2954 2625 3010 verbis
2653 2955 2739 3012 vel
2771 2954 3058 3025 cujuslibet
3077 2958 3354 3028 prophetae
3384 2956 3584 3027 aliquid

2019 3043 2234 3108 dicitur,
2259 3044 2399 3115 quod
2435 3045 2502 3100 ad
2532 3045 2766 3100 litteram
2794 3047 3084 3102 absurdum
3115 3045 3328 3102 videtur
3371 3055 3426 3103 et
3465 3047 3587 3102 ideo

2018 3132 2244 3204 ﬁgurate
2276 3134 2497 3200 dictum,
2540 3136 2610 3190 ob
2654 3135 3103 3206 significationem
3153 3146 3331 3193 tamen
3383 3139 3586 3194 diclum

2018 3243 2140 3284 esse
2165 3244 2270 3284 non
2309 3239 2392 3286 est
2419 3229 2793 3286 dubitandum.
2816 3229 3053 3300 Corpora
3077 3245 3207 3286 vero
3231 3230 3460 3286 duorum
3491 3230 3590 3284 ho-

2017 3319 2221 3373 minum
2253 3319 2307 3373 in
2335 3320 2585 3390 paradiso
2629 3320 2772 3376 nuda
2817 3329 2994 3387 erant,
3025 3336 3126 3377 nec
3171 3320 3584 3385 erubescebant,

2019 3411 2146 3482 quia
2171 3410 2374 3466 nullam
2403 3410 2574 3482 legem
2598 3411 2654 3467 in
2691 3413 2951 3469 membris
2973 3421 3256 3468 senserant
3308 3413 3411 3483 legi
3437 3426 3590 3466 men-

2019 3503 2090 3558 tis
2142 3509 2550 3574 repugnantem,
2602 3517 2723 3572 quze
2782 3502 3200 3558 inobedientiam
3247 3511 3431 3557 secuta
3481 3509 3584 3556 est.

2018 3595 2163 3650 Nihil
2200 3594 2460 3666 putabant
2495 3593 2799 3660 velandum,
2851 3593 2978 3664 quia
3017 3592 3150 3648 nihil
3178 3600 3462 3648 senserant
3495 3605 3584 3648 re-

2019 3686 2358 3743 frenandum.

2031 3799 2052 3817 ο
2094 3782 2274 3854 (Auo.,
2323 3781 2386 3835 de
2415 3781 2527 3836 Civ.
2580 3781 2698 3846 Dei,
2727 3779 2766 3834 l.
2793 3795 2907 3845 xlv,
2958 3795 3006 3836 c.
3049 3781 3137 3847 17,
3178 3787 3310 3836 tom.
3342 3778 3454 3845 Vll,
3482 3779 3588 3835 col.

2019 3873 2170 3947 425.)
2207 3874 2397 3929 Merito
2420 3873 2658 3930 libidinis
2680 3875 2914 3931 maxime
2938 3875 3124 3946 pudet,
3151 3884 3281 3943 etc.,
3320 3891 3483 3947 usque
3520 3875 3588 3930 ad

2021 3964 2359 4036 reddiditque
2385 3965 2657 4021 confusos.
3034 4031 3042 4041 ‘

2093 4057 2382 4130 (Rursum)
2419 4057 2535 4113 Non
2565 4065 2684 4112 erat
2718 4057 2822 4114 hoc
2848 4057 3172 4130 ignominiaa,
3201 4059 3296 4114 sed
3341 4055 3587 4121 honoris,

2021 4150 2163 4220 quod
2187 4149 2317 4204 nudi
2344 4159 2533 4204 erant:
2568 4165 2674 4204 non
2699 4157 2818 4204 erat
2868 4149 3212 4220 insipientia,
3263 4150 3357 4204 sed
3388 4149 3592 4204 securi-

2020 4241 2168 4306 tatis,
2193 4239 2336 4310 quod
2365 4241 2664 4296 nuditatem
2687 4256 2840 4296 suam
2868 4255 2977 4296 non
3004 4241 3412 4296 erubescebant.
3445 4241 3584 4307 Quid

2023 4336 2166 4392 enim
2185 4335 2210 4388 ?
2236 4335 2479 4406 nunquid
2500 4337 2603 4391 hoc
2631 4349 2661 4390 a
2690 4335 2897 4391 factore
2919 4349 3016 4390 suo
3044 4334 3276 4403 accepit,
3297 4332 3440 4403 quod
3461 4347 3591 4387 con-

2023 4426 2250 4482 fusibilis
2280 4435 2336 4482 et
2381 4426 2617 4482 verenda
2646 4435 2732 4481 est
2783 4427 2993 4481 factura
3032 4424 3305 4480 Dei?Aut
3355 4425 3592 4496 nunquid

2023 4519 2389 4582 confusionem
2427 4519 2728 4594 huiusmodi
2765 4526 2977 4586 natura,
3027 4525 3084 4578 et
3117 4532 3222 4578 non
3252 4518 3435 4593 potius
3466 4532 3593 4577 con-

1945 4643 2000 4704 D
2026 4619 2248 4675 scientia
2274 4617 2441 4672 facit?
2469 4617 2563 4672 Est
2581 4615 2796 4686 quidem
2821 4614 2974 4686 quasi
3010 4615 3064 4670 in
3093 4623 3344 4670 naturam
3374 4617 3590 4669 versum

427 4719 444 4750 ι
481 4699 611 4755 Adae
644 4715 774 4755 vero
810 4715 917 4754 non
953 4699 1330 4756 inveniebatur
1383 4699 1613 4770 adiutor.
1663 4721 1680 4754 ι
1733 4699 1985 4758 Nullus—
2026 4711 2128 4764 hoc
2185 4716 2508 4763 tormentum
2560 4706 2930 4763 confusionis:
2963 4713 3338 4762 verumtamen
3387 4721 3496 4761 non
3525 4721 3589 4759 ex

350 4789 525 4845 fidelis
566 4789 746 4858 iustus
802 4789 1019 4846 Christo
1046 4793 1248 4860 aequari
1295 4799 1492 4862 potest.
1523 4793 1722 4847 Psalm.
1755 4809 1920 4849 xuv:

355 4901 372 4932 ι
419 4881 710 4952 Speciosus
729 4881 874 4936 enim
896 4881 1070 4936 forma
1091 4897 1202 4951 prae
1226 4882 1349 4936 ﬁliis
1373 4883 1669 4937 hominum.
1706 4901 1725 4932 ι
1755 4881 1922 4938 Nemo

350 4973 494 5026 enim
516 4981 906 5045 poteratgenus
919 4974 1210 5028 humanum
1233 4973 1463 5029 liberare
1481 4974 1584 5028 nisi
1609 4974 1738 5044 ipse.
1769 4973 1922 5030 Unde

350 5060 702 5134 Apocalypsis
737 5079 770 5116 v
798 5081 810 5116 :
849 5083 866 5114 ε
902 5062 1069 5118 Nemo
1096 5062 1346 5119 inventus
1380 5072 1464 5119 est
1490 5064 1683 5137 dignus
1713 5065 1924 5135 aperire

350 5153 549 5209 librum
577 5162 635 5208 et
661 5153 870 5210 solvere
896 5154 1168 5226 signacula
1201 5153 1337 5223 ejus,
1383 5174 1400 5206 ι
1427 5163 1532 5211 etc.

427 5263 445 5296 ‹
483 5245 612 5300 Adae
649 5260 780 5301 vero
827 5261 933 5301 non
992 5247 1390 5314 inveniebatur,
1439 5266 1457 5299 ι
1487 5255 1594 5302 etc.
1649 5247 1829 5320 (Auo.,
1861 5249 1924 5302 de

351 5333 482 5389 Gen.
517 5344 700 5390 contra
729 5334 985 5401 Manich.,
1035 5336 1072 5390 ι.
1105 5352 1166 5402 ιι,
1197 5353 1246 5392 c.
1274 5336 1386 5409 15.)
1420 5336 1585 5392 Facta
1623 5347 1705 5393 est
1733 5337 1926 5393 mulier

353 5425 409 5481 in
435 5426 764 5497 adjutorium
791 5427 916 5493 viri,
944 5435 1074 5495 etc.,
1106 5445 1268 5499 usque
1313 5429 1382 5483 ad
1411 5437 1468 5483 et
1495 5429 1734 5485 dominio
1756 5431 1924 5486 ratio-

352 5517 436 5572 nis
457 5527 784 5588 cooperante
807 5518 979 5588 gratia
1007 5518 1314 5591 subjugare.

427 5611 589 5666 Vsus.
644 5611 733 5666 21.
787 5642 858 5651 -
899 5632 916 5664 ι
953 5612 1181 5668 Immisit
1240 5631 1368 5686 ergo
1423 5615 1705 5684 Dominus,
1764 5637 1783 5670 ι
1817 5626 1922 5673 etc.

353 5702 502 5772 (lsnn.
535 5718 603 5758 ex
652 5703 815 5775 Aug.,
857 5714 914 5758 ut
945 5723 1140 5776 supra,
1171 5721 1219 5762 c.
1264 5707 1489 5780 15,14.)
1540 5709 1778 5780 Myslice.
1810 5711 1927 5766 Non

353 5806 582 5867 possunt
632 5797 749 5852 haec
789 5799 1063 5870 corporeis
1101 5799 1288 5856 -oculis
1321 5802 1512 5856 videri.
1572 5803 1675 5858 Sed
1725 5813 1926 5874 quanto

355 5889 476 5986 quis
499 5905 532 5945 a
570 5889 870 5972 visibilibus
901 5893 970 5948 ad
1009 5901 1214 5950 secreta
1253 5894 1613 5969 intelligentiae
1641 5899 1791 5975 quasi
1821 5899 1924 5966 οι)-

2023 4798 2327 4854 conditione
2349 4799 2623 4869 primaeva,
2665 4799 2760 4854 scd
2784 4813 2851 4854 ex
2875 4798 3090 4871 juniore
3118 4798 3272 4867 culpa
3302 4797 3452 4868 origo
3479 4795 3594 4865 ejus

2021 4889 2318 4961 pullulavit.
2364 4889 2576 4944 Etenim
2623 4889 2826 4946 idcirco
2876 4889 3174 4943 nuditatem
3203 4895 3444 4943 nostram
3472 4901 3594 4942 eru-

2022 4981 2312 5046 bescimus,
2341 4981 2466 5051 quia
2505 4980 2710 5036 conscii
2753 4981 2912 5036 nobis
2938 4995 3123 5035 sumus
3154 4987 3411 5050 quantam
3445 4977 3593 5033 infir-

2023 5074 2284 5138 mitatem,
2323 5071 2431 5126 imo
2481 5079 2739 5142 quantam
2773 5073 3054 5127 adversum
3090 5085 3190 5126 nos
3243 5070 3592 5126 rebellionem

2025 5163 2204 5218 carnis
2225 5169 2424 5218 nostra:
2448 5170 2746 5232 portamus.
2776 5162 2848 5216 At
2873 5176 3004 5216 vero
3032 5170 3161 5216 tunc
3187 5176 3316 5216 sana
3338 5167 3456 5216 erat
3477 5174 3588 5214 cor-

2024 5254 2106 5309 dis
2132 5254 2478 5319 conscientia,
2521 5254 2717 5326 quippe
2741 5270 2905 5326 quam
2937 5253 3085 5309 nulla
3119 5253 3444 5310 sollicitabat
3469 5269 3592 5319 ocus

2024 5344 2195 5400 lorum
2225 5345 2688 5416 concupiscentia;
2723 5345 2985 5416 siquidem
3010 5346 3443 5416 concupiscentia
3474 5359 3592 5399 car-

2025 5435 2110 5490 nis
2133 5448 2293 5506 poana
2319 5445 2402 5492 est
2430 5436 2660 5506 peccati,
2685 5450 2789 5506 qua
2832 5437 3144 5508 praecedens
3162 5437 3382 5509 punitur
3406 5449 3596 5504 super-

2023 5527 2111 5584 bia
2155 5529 2370 5584 mentis.
2406 5529 2564 5594 Deus,
2611 5528 2788 5600 inquit
2821 5528 3120 5602 Scriptura,
3166 5527 3295 5584 fecit
3322 5526 3594 5583 hominem

2025 5630 2254 5678 rectum.
2288 5621 2572 5678 Rectitudo
2603 5630 2780 5678 autem
2811 5623 3041 5679 hominis
3071 5624 3126 5676 in
3153 5635 3218 5675 eo
3241 5628 3325 5676 est
3357 5627 3418 5674 ut
3444 5620 3592 5674 carni

2027 5715 2270 5786 spiritus,
2304 5723 2363 5768 ut
2403 5721 2524 5785 pote
2553 5713 2797 5770 inferiori
2830 5715 3094 5786 superior,
3127 5712 3309 5784 pmsit
3333 5722 3388 5768 et
3418 5713 3594 5783 impe-

2027 5817 2152 5863 ret:
2182 5807 2389 5861 medius
2420 5821 2652 5877 namque
2697 5808 2841 5862 inter
2883 5809 3050 5862 Deum
3089 5813 3144 5860 et
3174 5821 3393 5862 carnem
3439 5821 3596 5861 suam

2029 5898 2309 5957 rationalis
2335 5899 2556 5972 spiritus
2585 5899 2819 5955 hominis
2845 5898 3053 5976 positus
3077 5907 3180 5965 est,
3210 5909 3271 5957 ut
3299 5900 3409 5956 Deo
3437 5912 3569 5978 pare
