4074 6334
462 432 526 491 91
959 421 1351 481 WALAFRIDI
1393 421 1641 481 STRABI
1678 419 1882 479 FULD.
1924 414 2087 473 NON.
2129 414 2280 471 OPP.
2317 414 2496 472 PARS
2534 416 2573 471 Ι.
2615 444 2685 459 --
2723 415 3178 475 THEOLOGICA.
3642 418 3724 479 9i

459 552 619 603 retet
648 542 803 601 carni
856 543 1167 612 imperaret.
1224 536 1396 606 Quem
1431 535 1676 593 ordinem
1706 534 1833 607 quia
1882 533 2035 605 prior
2058 531 2112 594 Α
2135 529 2581 591 Deidecordibns
2592 531 2873 588 hominum
2884 531 3104 588 molitur
3120 530 3374 598 evellere,
3388 534 3444 588 et
3455 533 3725 592 minacio-

459 638 550 694 ille
580 636 818 693 turbavit
857 642 915 691 et
958 633 1120 704 rupit,
1175 630 1480 701 abiicienda
1528 637 1853 701 praeceme
1887 628 2031 684 Dei:

459 728 712 789 subditus
754 733 857 797 est,
919 725 1013 796 qui
1073 732 1193 780 erat
1244 723 1509 794 superior,
1558 721 1785 792 spiritus
1832 718 2033 775 intimae

461 822 637 887 carni,
658 828 721 877 ut
740 818 889 890 insta
921 830 1085 887 pana
1119 813 1367 881 inferiori
1409 811 1705 881 subiaceat,
1730 811 1823 882 qui
1870 823 2031 880 supe-

462 911 593 968 riori
649 920 799 967 recte
828 908 1048 965 subesse
1075 906 1421 976 contempsit.
1455 904 1591 960 Hinc
1644 902 1731 957 illa
1782 901 2034 959 confusio

463 1001 618 1061 faciei
643 1001 711 1063 de
731 998 1079 1059 conscientiae
1106 996 1330 1053 secretis
1358 995 1421 1051 ad
1444 994 1689 1065 publicos
1709 993 1896 1050 oculos
1914 1007 2036 1063 pro-

461 1106 736 1163 rumpens,
773 1100 830 1153 et
854 1090 957 1153 sub
994 1090 1193 1147 misera
1236 1087 1661 1145 velamentorum
1690 1084 1881 1144 solatia
1914 1099 2032 1155 pm-

462 1184 638 1241 nalem
672 1183 1021 1255 ignominiam
1057 1181 1138 1236 ire
1188 1179 1538 1250 compellens.
1596 1178 1743 1244 “£0,
1789 1178 2030 1248 inquam,

459 1272 749 1329 inﬁrmitas
801 1273 882 1329 vel
934 1271 1153 1327 rebellio
1202 1271 1385 1326 carnis
1435 1270 1673 1327 nondum
1702 1278 1858 1327 erat:
1896 1269 2036 1327 bene

461 1363 626 1435 igitur
654 1363 828 1427 nudus
852 1373 971 1423 erat
993 1370 1219 1432 uterque
1242 1371 1299 1417 et
1319 1375 1425 1419 nou
1454 1360 1869 1425 erubescebant,
1903 1358 2032 1429 quia

459 1455 602 1524 quod
652 1455 1033 1523 erubescerent
1077 1467 1182 1511 non
1208 1450 1499 1515 habebant.
1531 1449 1625 1509 llla
1656 1448 1917 1517 nuditatis
1951 1463 2036 1507 se-

463 1545 692 1601 curitate
738 1544 973 1616 perdita,
1012 1558 1113 1603 nos
1134 1541 1558 1613 ingemiscimus,
1596 1555 1663 1595 eo
1693 1540 1838 1610 quod
1861 1539 2034 1610 gloria

461 1644 517 1691 ct
545 1637 749 1695 honore
772 1635 986 1708 spoliati
1007 1643 1064 1691 et
1086 1633 1389 1704 panniculis
1414 1632 1653 1697 obvoluti
1675 1633 1864 1693 simus.
1897 1630 2034 1695 Nam

461 1729 534 1783 ita
564 1730 744 1789 vestiti
783 1744 909 1787 vere
950 1726 1255 1791 incedimus
1296 1724 1446 1792 nudi,
1495 1724 1732 1790 etiamsi,
1761 1723 1904 1793 quod
1932 1722 2035 1779 im-

458 1819 714 1888 possibile
747 1827 871 1885 est,
920 1818 1001 1885 sic
1038 1817 1334 1883 vestiamur
1379 1815 1521 1882 sicut
1569 1814 1878 1881 vestiuntur
1922 1811 2030 1867 lilia

462 1885 598 1980 ἐπὶ.
632 1909 843 1971 Etenim
874 1923 976 1979 ρει
1000 1906 1252 1979 Salomon
1276 1905 1331 1961 in
1362 1905 1521 1975 pruni-
1537 1905 1708 1977 gloria
1736 1919 1834 1961 sua
1869 1904 2035 1971 vesti-
2058 1885 2110 1948 B

460 2008 548 2057 tus
570 2009 653 2057 est
689 2002 828 2059 sicut
855 2017 1021 2061 unum
1047 2016 1115 2057 ex
1153 2000 1260 2059 his.
1301 1997 1386 2066 Si,
1422 2000 1659 2072 inquam,
1703 1998 1890 2057 vestiri
1918 2013 2038 2069 pos-

460 2092 630 2161 simus
656 2094 797 2167 sicut
821 2094 938 2161 haec
974 2094 1300 2159 vestiuntur,
1348 2093 1428 2149 sic
1468 2109 1684 2165 quoque
1732 2094 1947 2165 spoliati
1982 2101 2038 2151 et

461 2184 590 2253 nudi
636 2200 842 2251 sumus.
886 2182 1038 2245 Unde
1068 2184 1405 2251 Salvatorem
1432 2194 1808 2256 exspectamus
1855 2187 2036 2245 Domi-

458 2291 590 2333 num
617 2286 859 2341 nostrum
887 2276 1070 2343 Jesuru
1097 2276 1396 2344 Christum,
1445 2278 1538 2349 qui
1574 2277 1890 2337 reformabit
1913 2295 2037 2336 cor-
2082 2292 2110 2318 ο

456 2379 560 2435 pus
582 2365 906 2433 humilitatis
928 2378 1148 2434 nostra,
1183 2368 1576 2441 configuratum
1606 2369 1823 2440 corpori
1874 2371 2036 2427 clari-

458 2461 591 2521 tatis
636 2478 765 2523 sme.
820 2462 1068 2533 Nunquid
1115 2463 1259 2523 enim
1310 2466 1527 2534 quando
1578 2463 1860 2536 fulgebunt
1900 2463 2034 2533 justi

459 2549 598 2607 sicut
623 2550 703 2609 sol
754 2552 807 2623 in
838 2566 1007 2622 regno
1052 2551 1232 2611 Batris
1268 2552 1375 2616 sui.
1410 2553 1609 2619 tunicis
1638 2553 1957 2624 aperientur
1981 2562 2039 2611 et

458 2641 675 2710 palliis?
728 2641 845 2703 Non
896 2642 1105 2713 utique,
1144 2643 1241 2703 sed
1287 2643 1355 2701 ad
1396 2642 1620 2713 gloriam
1672 2642 1895 2701 factoris
1929 2645 2033 2712 sui,

458 2747 792 2806 quaecunque
831 2734 937 2807 illis
964 2733 1169 2799 fuerit)!
1216 2749 1345 2797 vasa
1388 2735 1796 2802 misericordiae.
1833 2736 2037 2795 mutuis

460 2837 583 2879 cum
605 2824 790 2896 gloria
814 2826 1127 2901 aspectibus
1148 2826 1431 2896 patebunt,
1462 2824 1593 2885 foris
1633 2824 1846 2898 fulgidi,
1873 2837 1929 2883 et
1953 2827 2037 2883 in-

465 2922 549 2973 tus
583 2913 848 2985 iucundi;
874 2931 1101 2988 corpore
1155 2917 1367 2989 integri,
1412 2925 1469 2983 et
1498 2917 1697 2977 animo
1738 2918 1883 2986 laeti;
1915 2935 2037 2983 cor-

459 3020 611 3075 pore,
651 3006 893 3077 inqnam,
922 3007 1083 3075 simul
1110 3016 1167 3075 ot
1202 3009 1383 3073 anima
1407 3008 1571 3075 beati.

537 3113 556 3149 ι
594 3093 722 3161 Erat
747 3105 925 3167 autem
945 3106 1171 3169 uterque
1190 3099 1384 3169 nudus,
1417 3119 1437 3153 υ
1463 3108 1570 3156 etc.
1600 3096 1845 3171 (leto.,in
1876 3096 2033 3173 Gem,

459 3196 525 3239 ex
548 3182 682 3259 Aug.
706 3185 915 3257 defieri.
941 3197 1124 3255 contra
1150 3186 1412 3259 Πᾳηίριι..
1438 3189 1533 3259 lib.
1563 3206 1627 3257 ιι,
1651 3204 1701 3245 c.
1735 3189 1851 3262 £5.)
1879 3189 2031 3259 Quod

2133 623 2304 689 viare,
2324 631 2379 679 et
2412 624 2479 678 ad
2508 623 2833 679 credendum
2862 624 3005 694 quod
3040 623 3177 681 falso
3200 624 3494 695 promittit,
3521 626 3724 684 invitat

2131 715 2274 769 enim
2290 715 2356 771 ad
2372 713 2706 785 temporalia,
2724 714 2935 770 utlevet
2947 715 3093 786 quod
3106 715 3251 773 Deus
3261 716 3499 773 minetur
3508 725 3717 774 :etema

2133 806 2412 877 supplicia.
2446 805 2729 877 Spondens
2754 807 3019 878 siquidem
3060 808 3288 881 gloriam
3318 811 3603 881 prmsentis
3626 811 3717 867 vi-

2133 904 2222 963 tae,
2248 897 2419 954 dicit:
2457 918 2475 951 ι
2508 897 2758 965 Gustate,
2804 907 2860 954 et
2885 899 3043 955 eritis
3088 900 3231 956 sicut
3281 901 3386 968 dii,
3427 920 3446 954 ι
3480 910 3538 969 et
3574 910 3719 958 tem-

2132 989 2373 1060 poralem
2401 989 2893 1061 concupiscentiam
2930 991 3153 1062 tangite,
3199 991 3339 1049 etin
3366 992 3470 1047 hoc
3510 994 3717 1048 mundo

2135 1080 2391 1138 sublimo
2420 1091 2716 1154 apparete;
2750 1092 2805 1138 et
2833 1098 2956 1138 erm
2995 1084 3246 1139 timorem
3271 1084 3466 1140 divinae
3492 1094 3717 1142 senten-

2134 1170 2224 1227 tia:
2268 1183 2497 1228 conatur
2545 1185 2818 1237 amovere,
2876 1173 3280 1245 quodammodo
3326 1174 3501 1231 dicit:
3544 1192 3565 1229 ι
3599 1173 3718 1229 Cur

2133 1264 2391 1334 praecepit
2415 1265 2566 1321 vobis
2591 1265 2778 1321 Deus?
2815 1284 2834 1319 ι

2205 1354 2386 1424 (Ana,
2413 1356 2506 1415 lib.
2524 1373 2565 1412 ιι
2594 1358 2659 1411 de
2686 1352 2815 1413 Gen.
2839 1357 2910 1413 ad
2938 1356 3067 1424 (ire,
3095 1372 3144 1414 ο.
3168 1357 3225 1424 ι,
3254 1365 3386 1415 tam.
3414 1356 3523 1427 lli.)
3550 1357 3715 1425 Qua-

2135 1444 2273 1505 rilur
2323 1464 2420 1504 cur
2456 1450 2598 1506 Deus
2643 1448 2919 1505 hominem
2958 1450 3155 1506 tentari
3189 1451 3520 1521 permiserit,
3574 1460 3711 1515 etc.,

2134 1552 2298 1609 usque
2325 1540 2394 1597 od
2423 1540 2537 1597 sive
2566 1549 2861 1605 terrenum,
2894 1548 2955 1599 ut
2989 1541 3227 1601 hominis
3246 1543 3450 1601 anima.

2206 1629 2395 1700 (Ibid.,
2420 1647 2468 1687 c.
2499 1630 2579 1703 5.)
2607 1631 2718 1687 Nec
2737 1632 3030 1705 putandum
3059 1633 3203 1702 quod
3230 1634 3394 1691 homo
3445 1633 3712 1704 deiicere—

2134 1727 2243 1787 tur,
2268 1718 2372 1779 nisi
2396 1723 2760 1793 praecessisset
2792 1723 2845 1781 in
2876 1737 2942 1781 eo
2964 1723 3211 1793 quasdam
3260 1723 3424 1783 elatio
3474 1725 3717 1794 compri-

2137 1811 2355 1876 menda.
2383 1820 2445 1867 ut
2466 1827 2565 1884 per
2591 1810 2951 1877 humilitatem
2980 1813 3187 1882 peccati
3214 1812 3382 1879 sciret
3408 1813 3553 1883 quod
3574 1812 3717 1873 falso

2137 1901 2205 1958 de
2225 1918 2284 1961 se
2312 1903 2737 1975 praesumpserit,
2767 1911 2821 1961 et
2847 1904 2991 1974 quod
3026 1919 3135 1965 non
3156 1906 3295 1973 bene
3321 1920 3382 1969 se
3429 1905 3592 1969 habet
3617 1904 3708 1963 fa-

2135 1999 2221 2047 cla
2247 2001 2463 2061 natura,
2508 1993 2557 2049 si
2602 2008 2635 2049 a
2671 1991 2906 2063 faciente
2936 1995 3242 2061 recesserit.
3276 1993 3707 2061 Commendatur

2135 2081 2280 2135 enim
2305 2080 2463 2151 quale
2492 2079 2694 2141 bonum
2724 2081 2868 2145 Deus
2915 2082 3009 2151 εει,
3038 2083 3255 2155 quando
3291 2082 3425 2145 nulli
3445 2084 3586 2149 bene
3622 2093 3714 2145 est

2135 2172 2203 2228 ab
2234 2173 2351 2245 ipso
2372 2174 2647 2235 recedere.

2206 2261 2393 2337 (μήτι,
2424 2280 2475 2321 c.
2509 2263 2620 2334 18.)
2650 2262 2779 2321 Haec
2829 2265 3058 2337 quaestio
3086 2265 3153 2335 de
3180 2266 3338 2335 beata
3392 2266 3522 2335 vita,
3580 2275 3713 2335 etc.,

2134 2371 2295 2427 usque
2341 2355 2412 2413 ad
2442 2355 2620 2423 minus
2663 2371 2825 2428 quam
2872 2356 2927 2415 in
2972 2358 3084 2419 vita
3131 2366 3443 2429 sanctorum
3491 2359 3713 2432 angelo-

2135 2464 2278 2504 rum.

2207 2536 2390 2610 (ιιεάη
2423 2553 2474 2594 c.
2505 2536 2621 2612 ιθ.)
2647 2537 2765 2594 Non
2790 2538 2994 2603 frustra
3034 2540 3215 2611 putari
3253 2549 3433 2611 potest
3457 2542 3525 2598 ab
3553 2542 3713 2599 initio

2137 2631 2395 2702 temporis
2425 2628 2697 2689 diabolum
2726 2631 3011 2698 cecidisse,
3059 2639 3191 2701 etc.,
3220 2648 3382 2703 usque
3411 2632 3481 2699 qd
3510 2634 3715 2704 quibus

2136 2740 2243 2785 non
2279 2726 2425 2805 dedit
2451 2726 2594 2785 Deus
2618 2729 3015 2799 prmscientialn
3042 2730 3110 2791 de
3141 2730 3375 2801 seipsis?

2208 2814 2396 2886 (Ibid.,
2426 2833 2477 2873 c.
2507 2817 2623 2890 14.)
2648 2818 2929 2886 Quomodo
2954 2832 3133 2883 autem
3162 2821 3305 2883 beati
3336 2836 3457 2883 esse
3475 2824 3709 2893 possint.

2136 2905 2331 2977 quibus
2376 2916 2465 2965 est
2515 2909 2723 2973 incerta
2760 2927 2856 2969 sua
2901 2912 3375 2980 beatiutdu?etc-.
3428 2930 3590 2985 Itaque
3640 2915 3713 2969 ad

2136 2996 2268 3055 mihi
2296 3006 2476 3065 autem
2499 3002 2641 3063 unde
2668 3010 2933 3069 asseram.
2959 3018 3065 3066 uno
3092 3004 3353 3069 009mm.

2208 3087 2396 3161 (Μαι,
2437 3106 2486 3149 c.
2522 3092 2638 3165 3t.)
2670 3092 2776 3153 Sed
2815 3109 2923 3155 non
2976 3092 3174 3161 frustra
3205 3094 3503 3169 putandum
3528 3104 3613 3155 est
3639 3095 3713 3155 ab

2138 3178 2255 3251 ipso
2300 3191 2563 3247 creaturae
2605 3184 2849 3251 exordio,
2890 3192 3023 3251 etc.,
3075 3202 3237 3257 usque
3290 3185 3362 3247 ad
3405 3186 3712 3257 praevidens

459 3274 586 3331 nudi
614 3286 772 3337 erant
814 3287 869 3337 et
912 3280 1325 3351 erubescebant,
1356 3289 1490 3349 etc.,
1526 3297 1689 3353 usque
1710 3280 1780 3345 ad
1820 3282 1949 3352 quia
1978 3283 2032 3343 in
2061 3272 2105 3302 υ
2134 3279 2337 3341 quinia
2365 3272 2432 3329 de
2452 3273 2542 3337 illo
2572 3290 2669 3335 sua
2699 3275 2939 3341 bonitate
2968 3285 3111 3335 esset
3138 3277 3402 3341 factum.

458 3379 724 3445 consensu
752 3385 847 3443 res
872 3379 1084 3444 tenetur
1120 3372 1474 3443 metienda.

1072 3481 1302 3541 CABU'I?
1331 3482 1418 3539 lli.

531 3545 694 3625 Ypss.
728 3550 848 3625 1:5,
876 3584 950 3617 τ-
975 3573 995 3607 ‹
1024 3552 1133 3623 Sed
1157 3564 1215 3613 et
1230 3569 1457 3626 serpens
1485 3561 1606 3623 erat
1629 3552 1876 3625 callidior
1903 3570 2035 3625 cur.

465 3659 485 3692 ι
511 3642 615 3697 clis
660 3644 1051 3713 animantibus,
1085 3666 1104 3699 ι
1143 3657 1248 3702 etc.
1278 3647 1464 3717 (Auc.,
1494 3647 1590 3702 lib.
1628 3664 1667 3703 ιι
1695 3647 1760 3702 de
1787 3645 1919 3705 Gen.
1964 3650 2036 3705 ad

461 3730 566 3793 litt.
607 3748 654 3787 c.
685 3733 741 3799 2,
789 3734 846 3811 5,
898 3746 1033 3809 pom,
1085 3737 1196 3809 ιιι.)
1246 3738 1371 3804 Alii,
1430 3758 1450 3793 ι
1502 3739 1975 3813 prudentissimus,
2008 3760 2028 3792 ι

462 3820 780 3897 translative
801 3824 1022 3901 dictum.
1049 3824 1280 3899 quidam
1307 3825 1526 3885 codices
1550 3826 1752 3885 habent
1781 3847 1800 3883 ς
1822 3829 2036 3901 sapien-

465 3910 730 3976 tissimus,
760 3931 779 3965 ι
845 3929 952 3969 non
983 3915 1200 3984 proprie
1226 3955 1241 3980 ,
1277 3915 1419 3971 sicut
1443 3914 1498 3991 in
1533 3914 1676 3975 bono
1695 3915 1831 3973 solet
1860 3917 2034 3989 accipi

462 4001 729 4075 sapientia
762 4002 880 4083 Dei,
916 4004 1001 4079 vei
1026 4005 1368 4081 angelorum.
1398 4006 1484 4071 vel
1512 4006 1706 4065 anima:
1732 4009 2032 4078 rationalis,

461 4100 593 4163 etc.,
631 4111 791 4167 usque
818 4095 888 4149 ad
917 4096 1010 4161 sed
1043 4105 1286 4173 potestas
1314 4113 1345 4157 a
1372 4096 1501 4169 Deo.

538 4202 558 4239 ι
596 4182 700 4239 Sed
731 4201 970 4261 serpens,
1017 4206 1036 4245 ι
1077 4199 1184 4267 etc,
1235 4189 1485 4267 (Suum)
1537 4189 1630 4251 Sic
1677 4191 1923 4251 diabolus
1952 4193 2032 4257 lo-

461 4278 727 4347 quebatur
752 4294 849 4351 per
866 4290 1169 4352 serpentem
1209 4284 1569 4363 ignorantem,
1597 4284 1739 4343 sicut
1759 4299 1856 4356 per
1880 4296 2036 4343 ener-

463 4381 719 4437 gumenos
749 4367 831 4424 vel
871 4369 1135 4439 fanaticos
1165 4391 1177 4429 :
1210 4389 1589 4445 quemcunque
1637 4374 1781 4445 enim
1818 4376 2029 4453 arripit,

462 4457 791 4515 intellectum
833 4471 886 4517 et
920 4462 1186 4529 rationem
1217 4464 1375 4521 tollit.
1410 4465 1646 4537 Spiritus
1674 4482 1805 4525 vero
1857 4467 2032 4526 bonus

2208 3362 2396 3435 (Ibid.,
2425 3380 2474 3420 c.
2500 3366 2619 3437 22.)
2660 3386 2680 3425 t
2709 3367 2925 3433 Initium
2953 3379 3131 3433 altera
3154 3371 3396 3444 ﬁgmenti
3440 3392 3460 3431 ι
3490 3374 3706 3443 dicitur,

2134 3462 2264 3522 etc.,
2298 3472 2462 3528 usque
2482 3456 2553 3517 ad
2577 3467 2635 3515 ut
2662 3458 2910 3523 homines
2943 3461 3138 3525 malos.

2204 3544 2394 3617 (11:54.,
2422 3562 2473 3613 β.
2503 3546 2620 3621 33.)
2660 3549 2814 3618 Quod
2858 3566 2986 3624 ergo
3020 3561 3243 3629 putatur
3284 3552 3529 3617 diabolus
3565 3572 3699 3615 nun-

2134 3649 2299 3705 quam
2330 3637 2386 3707 in
2426 3638 2656 3709 veritate
2698 3641 2935 3713 stetisse,
2970 3652 3101 3709 etc.,
3132 3658 3296 3715 usque
3340 3643 3410 3709 ad
3462 3644 3616 3716 plura
3652 3646 3707 3709 iu

2133 3740 2331 3798 corpus
2357 3728 2474 3800 ejus
2499 3733 2850 3801 conveniunt.

2206 3816 2423 3891 (9356.,
2453 3822 2595 3887 Itoni.
2628 3823 2716 3895 16,
2746 3825 2799 3885 in
2823 3823 3050 3899 Ευαῃθη
3073 3834 3203 3893 tum.
3234 3827 3325 3901 II.)
3350 3827 3593 3897 Primum
3618 3846 3712 3902 pa-

2135 3921 2346 3969 rentem
2383 3914 2628 3981 diabolus
2675 3917 2850 3981 tribus
2882 3919 3058 3988 modis
3082 3922 3332 3989 tentavit,
3380 3931 3516 3991 etc.,
3546 3940 3710 4001 usque

2132 4002 2203 4059 ad
2233 4002 2591 4073 delectatione
2615 4007 2904 4077 vincimur,
2934 4026 3200 4077 consensu
3222 4011 3478 4084 ligantur.

2204 4090 2367 4150 Vens.
2416 4095 2471 4150 5.
2520 4126 2589 4137 -—
2621 4136 2637 4152 .
2665 4135 2681 4152 .
2715 4133 2734 4153 .
2764 4137 2779 4153 .
2809 4138 2824 4154 .
2886 4118 2905 4151 ‹
2957 4101 3124 4165 Eritis
3172 4103 3315 4169 sicut
3354 4102 3456 4171 dii,
3517 4119 3537 4161 ι
3597 4110 3707 4161 etc.

2134 4182 2381 4258 (Suum)
2423 4184 2661 4257 Hystire.
2697 4188 2978 4251 Artificiali
3021 4192 3146 4255 dolo
3199 4194 3362 4257 verba
3410 4194 3705 4265 componit,

2132 4281 2193 4329 ut
2216 4275 2262 4337 si
2290 4290 2387 4347 per
2428 4276 2805 4349 inoliedientia:
2849 4290 3217 4353 contemptum
3269 4284 3583 4349 subvertere
3613 4301 3708 4343 nec

2132 4366 2387 4439 quiverit,
2438 4369 2628 4429 saltem
2672 4372 2727 4445 in
2758 4374 2863 4441 hoc
2908 4375 3051 4443 quod
3096 4373 3256 4431 fidem
3297 4376 3624 4447 corruperit,
3652 4388 3711 4434 et

2132 4459 2492 4519 idololatriam
2531 4466 2783 4534 suaserit,
2807 4467 3068 4539 victorem
3097 4482 3155 4525 se
3182 4468 3486 4540 glorietur:
3528 4469 3576 4523 si
3612 4485 3709 4527 au-

461 4565 811 4622 qu0scunque
836 4554 1011 4627 gratia
1040 4556 1347 4625 repleverit,
1372 4556 1617 4615 videntes
1646 4567 1703 4613 et
1732 4558 2032 4633 iutelligen—
2057 4598 2110 4667 Π
2134 4560 2241 4607 tem
2293 4570 2394 4625 per
2445 4556 2822 4615 inobedientia:
2874 4566 3241 4633 contemptum
3296 4560 3592 4631 εθίιυιθτίι.
3652 4562 3707 4619 ill

461 4648 537 4667 ,Μ
581 4641 701 4667 τηε,
765 4642 904 4667 ____‘,A
952 4646 1167 4667 -_,__,.___
1204 4647 1585 4667 μάμμη---
1874 4666 1901 4667 η
1958 4666 1965 4667 ,
2012 4661 2023 4667 -
2132 4655 2360 4667 __._-___-
2393 4647 2567 4667 _.-._u

461 4648 539 4696 tes
580 4641 728 4709 facit,
765 4642 907 4719 unde
950 4646 1171 4717 spiritus
1203 4647 1592 4721 prophetarum
1640 4646 1916 4721 subjectus
1944 4661 2029 4707 est
2058 4641 2107 4667 ¹⁴
2132 4655 2365 4716 utroque
2393 4647 2570 4707 Victor
2592 4648 2808 4705 cxistat.

457 4732 755 4803 prophetis.

535 4842 554 4875 ι
591 4823 693 4892 Qui
723 4825 858 4901 dixit
881 4826 948 4881 ad
975 4824 1279 4883 mulierem.
1312 4847 1330 4879 ι
1377 4827 1562 4901 (Αιιίι.⁸
1594 4831 1685 4909 lib.
1714 4846 1757 4887 ιι
1785 4832 1850 4887 de
1896 4831 2027 4888 Gen.

459 4914 530 4968 ad
567 4914 688 4976 litt,
733 4930 781 4970 c.
814 4915 905 4985 $0,
941 4925 996 4970 et
1020 4931 1089 4971 ex
1113 4932 1272 5003 capp.
1311 4917 1366 4985 7,
1391 4918 1443 4985 8,
1470 4919 1523 4989 6,
1558 4922 1641 4983 i0,
1667 4921 1912 4995 passim.)
1940 4923 2028 4979 ln-

458 5008 784 5067 excusabilis
809 5017 891 5063 cst
928 5008 1301 5087 praevaricatio
1352 5011 1615 5076 mulieris,
1650 5013 1773 5084 quia
1824 5028 2031 5071 memor

460 5107 579 5153 erat
624 5100 874 5171 praecepti
914 5092 1028 5155 Dei.
1079 5100 1292 5158 Oblivio
1336 5110 1535 5167 tamen,
1590 5112 1720 5169 etc.,
1750 5120 1915 5181 usque
1959 5106 2029 5161 ad

456 5191 565 5244 Ιιωε
595 5206 645 5246 c.
692 5190 759 5244 10
803 5210 817 5247 :
870 5191 1123 5255 Providet
1167 5194 1337 5251 bonos
1391 5204 1445 5252 et
1482 5194 1650 5251 malos
1698 5195 1928 5263 futuros,
1974 5207 2031 5254 et

458 5290 607 5337 creat
630 5297 644 5336 :
669 5282 901 5361 seipsum
932 5286 1000 5355 ad
1036 5285 1320 5345 fruendum
1362 5296 1625 5360 praestans
1654 5288 1829 5367 bonis,
1860 5290 2027 5351 multa

457 5373 620 5427 etiam
648 5372 883 5449 largiens
912 5375 1088 5457 malis.

534 5485 552 5518 ι
585 5464 695 5522 Cur
718 5470 988 5547 praecepit,
1010 5490 1028 5521 ›
1057 5479 1163 5541 etc.
1192 5467 1439 5541 (Sanam)
1466 5468 1589 5529 ldeo
1609 5467 1835 5537 callidus
1853 5469 2027 5547 hostis

457 5557 754 5632 interrogat
786 5561 903 5625 hoc,
935 5550 989 5615 et
1018 5562 1328 5639 mandatum
1360 5560 1453 5617 Dei
1486 5568 1770 5625 memorat,
1811 5573 1878 5615 ne
1897 5574 2022 5631 cum

454 5652 785 5722 peccaverit,
810 5653 1211 5707 excusationem
1244 5652 1437 5706 haheat
1463 5652 1613 5723 quasi
1645 5651 1831 5707 oblita.

533 5760 553 5793 ι
587 5740 696 5797 Cur
715 5745 986 5816 prmcepit,
1008 5762 1025 5793 ι
1063 5751 1165 5798 etc.
1192 5742 1403 5815 (Gram,
1426 5742 1692 5809 Moral.,l.
1710 5758 1866 5821 ιιιιιιι2
1891 5749 2021 5801 tom.

453 5830 547 5909 ιι.)
579 5832 724 5895 Idem
749 5835 984 5909 quotidie
1003 5836 1113 5913 agit
1135 5836 1305 5892 hostis
1332 5835 1551 5893 humani
1577 5834 1790 5911 generis
1817 5848 1832 5889 :
1859 5835 2023 5893 verba

2206 4736 2468 4808 (Auc.,de
2483 4738 2614 4794 Gen.
2643 4750 2827 4813 contra
2848 4738 3107 4813 ῌαηίειιη
3130 4740 3168 4805 l.
3183 4756 3244 4815 tt,
3267 4756 3319 4799 c.
3338 4741 3425 4813 15,
3445 4750 3577 4803 tom.
3594 4741 3707 4813 ill.)

2131 4828 2465 4902 Interrogata
2504 4831 2697 4889 mulier
2744 4832 3045 4903 respondit,
3076 4842 3207 4901 etc.,
3258 4850 3419 4907 usque
3460 4835 3532 4890 ad
3563 4835 3708 4895 nullo

2132 4921 2275 4976 enim
2305 4930 2522 4995 regente
2548 4938 2647 4997 per
2684 4938 2837 4997 suam
2873 4932 3198 4999 potestatem
3228 4925 3375 4989 solus
3406 4925 3708 4995 Deus'bea-

2134 5021 2220 5069 tus
2242 5024 2344 5071 est.

2200 5106 2362 5161 Vens.
2391 5106 2445 5171 6,
2478 5106 2530 5160 7.
2562 5137 2632 5147 —
2658 5125 2678 5159 c
2714 5105 2861 5163 Vidit
2885 5107 3070 5179 igitur,
3104 5127 3125 5162 ι
3153 5116 3259 5165 etc.
3291 5107 3445 5181 (Isto.
3470 5124 3536 5167 ex
3563 5108 3700 5181 Aug.

2128 5197 2216 5267 ubi
2239 5197 2443 5271 supra.)
2473 5197 2755 5269 Quomodo
2782 5199 3038 5269 videbant
3065 5202 3111 5259 si
3137 5201 3307 5269 clausi
3335 5211 3494 5271 erant
3516 5203 3705 5267 oculi?

2131 5286 2238 5347 Sed
2268 5287 2468 5353 dictum
2496 5297 2579 5345 est
2608 5297 2669 5361 ut
2696 5289 3063 5363 intelligamus
3103 5306 3198 5348 eos
3245 5292 3434 5359 oculos
3483 5302 3704 5364 apertos

2129 5378 2315 5443 fuisse,
2354 5388 2640 5451 postquam
2670 5380 2736 5437 de
2782 5380 2961 5441 fructu
3002 5382 3378 5451 comederunt,
3410 5383 3606 5454 quibus
3644 5396 3704 5439 se

2130 5468 2302 5523 nudos
2327 5469 2605 5535 videbant,
2633 5479 2688 5525 et
2715 5471 3073 5543 displicebant
3103 5491 3117 5526 :
3142 5474 3197 5530 id
3222 5483 3327 5542 est,
3354 5474 3542 5539 oculos
3556 5481 3700 5531 astu-

2129 5562 2236 5625 tiae,
2290 5562 2484 5635 quibus
2539 5562 2858 5637 simplicitas
2913 5563 3179 5635 displicet.
3212 5563 3347 5621 Cum
3392 5565 3515 5636 quis
3557 5564 3699 5623 enim

2129 5653 2383 5711 ceciderit
2407 5654 2474 5707 ab
2502 5654 2691 5711 intima
2714 5653 2835 5713 luce
2862 5654 3132 5725 veritatis,
3160 5654 3294 5713 nihil
3322 5663 3408 5715 est
3436 5656 3578 5713 unde
3605 5671 3699 5711 su-

2127 5745 2314 5815 perbia
2342 5744 2553 5814 placere
2595 5743 2747 5808 velit,
2796 5744 2899 5801 nisi
2952 5743 3309 5803 fraudulentis
3339 5744 3667 5811 simulationi

2128 5836 2247 5895 bus.
2282 5834 2416 5891 Hinc
2442 5834 2585 5895 enim
2613 5836 2919 5911 hypocrisis
2947 5837 3207 5907 nascitur,
3240 5838 3297 5895 in
3322 5852 3429 5913 qua
3469 5835 3698 5907 multum
