4074 6334
329 439 403 497 95
1350 430 1613 487 GLOSSA
1648 428 2041 488 cammarus.
2082 460 2147 473 -
2184 432 2309 490 ua.
2352 433 2506 492 ceu.
3498 444 3568 501 9t

331 556 585 610 videntur
608 549 834 616 cordati,
868 548 956 619 qui
993 548 1240 617 decipere
1282 554 1569 618 potuerunt
1599 562 1759 618 quem
1788 563 1885 605 vo-
1915 545 1968 608 Δ
1990 547 2081 613 rit,
2124 547 2364 606 insinuat
2381 552 2507 622 quia
2532 562 2847 624 peceatores
2863 553 2988 623 jure
3014 554 3300 612 damnatos
3335 558 3562 628 ignorat.

329 651 609 794 mentiris“
634 737 819 809 igitur,
850 756 868 790 ›
902 742 1004 791 etc.
1050 731 1265 807 (Gaza,
1290 732 1385 789 lib.
1408 749 1497 788 χιιι
1529 732 1744 799 Μαι-ατη
1768 748 1887 804 cap.

326 833 406 905 2.)
437 832 514 888 Ne
552 832 604 885 in
636 830 840 884 lubrica
893 828 1218 897 cogitatione
1249 841 1550 892 versemur,
1589 841 1694 881 non
1732 826 1892 882 debe-

326 942 451 982 mus
477 924 669 980 intuerl
695 922 839 993 quod
857 938 962 978 non
992 920 1116 976 licet
1139 920 1460 991 concupisci,
1479 928 1609 984 etc.,
1635 936 1798 991 usque
1820 918 1890 974 ad

325 1021 657 1077 exteriorum
678 1031 891 1087 quoque
914 1031 1165 1071 sensuum
1191 1016 1473 1086 disciplina
1497 1015 1758 1070 servanda
1782 1022 1885 1069 est.

403 1129 422 1162 ι
459 1109 720 1178 Deditque
750 1106 865 1162 viro
893 1121 1007 1169 suo,
1064 1106 1154 1176 qui
1185 1122 1337 1161 come
1358 1107 1438 1159 lit.
1468 1106 1535 1160 Et
1560 1105 1731 1176 aperti
1764 1110 1891 1158 sunt

324 1202 467 1259 oculi
491 1202 791 1265 amborum,
821 1220 839 1253 ι
870 1208 976 1255 etc.
1029 1188 1175 1270 (lstn.
1234 1213 1299 1252 ex
1331 1198 1467 1269 Aug.
1501 1197 1588 1252 ubi
1615 1214 1795 1266 supra,
1837 1211 1884 1251 c.

328 1296 418 1361 16,
448 1294 556 1365 l7.)
580 1294 653 1348 De
672 1292 865 1362 quibus
886 1291 1084 1346 dictum
1106 1298 1192 1345 est
1215 1310 1228 1345 :
1260 1308 1277 1342 t
1308 1288 1458 1365 Tunc
1479 1290 1728 1345 viderunt
1746 1286 1890 1358 quod

324 1384 453 1440 nudi
483 1390 687 1447 essent,
724 1400 743 1435 ι
787 1379 957 1436 oculis
984 1378 1189 1434 scilicet
1234 1378 1520 1453 perversis,
1556 1377 1754 1448 quibus
1786 1391 1887 1430 nn-

324 1475 488 1539 ditas,
543 1472 751 1527 scilicet
804 1470 1140 1540 simplicitas,
1177 1468 1542 1524 erubescenda
1581 1468 1885 1522 videbatur.

320 1574 454 1628 etc.,
468 1579 629 1634 usque
647 1562 716 1617 ad
743 1580 763 1613 ‹
792 1561 873 1616 Ad
886 1560 1146 1633 meipsum
1170 1561 1379 1615 turbata
1398 1567 1480 1616 est
1493 1559 1673 1614 anima
1695 1572 1835 1613 mea.
1861 1575 1878 1611 ι

324 1652 494 1723 (Psaf.
522 1653 659 1723 su.)
1002 1650 1007 1655 ’

398 1761 416 1793 ι
454 1742 554 1809 Qui
602 1741 854 1808 comedit,
891 1761 911 1794 ι
944 1749 1049 1797 etc.
1083 1740 1264 1815 (Auc.,
1303 1741 1369 1796 de
1410 1736 1568 1806 Gem,
1596 1736 1690 1794 lib.
1721 1753 1797 1804 ιι,
1830 1753 1883 1794 c.

2064 634 2225 694 Vsus.
2264 638 2471 695 i2.—t
2508 643 2761 715 Dixitque
2781 645 2954 701 Adam
2979 663 2992 701 :
3016 646 3207 703 Mulier
3229 660 3391 719 quam
3418 650 3567 706 dedi-

1997 746 2017 779 t
2051 728 2141 795 sti,
2169 736 2308 786 ietc.
2341 730 2523 803 (Αυιι.)
2551 732 2666 790 Νοη
2696 734 2845 802 dicit,
2862 735 3086 793 Peccavi
3113 736 3397 808 :superbia
3418 739 3563 796 enim

1990 817 2151 873 habet
2193 819 2527 878 confusionis
2574 825 3007 894 deformitatem,
3053 842 3161 884 non
3212 827 3564 889 confessionis

1990 907 2362 965 humilitatem.
2392 910 2473 967 Ad
2502 914 2605 969 hoc
2628 923 2808 971 autem
2833 916 3092 986 scriptum
3121 924 3225 980 est,
3251 923 3307 972 et
3334 918 3566 973 interro-

1988 1001 2230 1070 gationes
2251 1003 2319 1056 ad
2344 1002 2447 1059 hoc
2472 998 2648 1071 factan
2681 1014 2741 1067 ut
2762 1008 3029 1071 veraciter
3052 1017 3107 1063 et
3124 1007 3333 1065 utiliter
3356 1010 3563 1066 scribe-

1989 1102 2196 1159 rentur,
2222 1101 2282 1149 ut
2308 1096 2541 1151 sciamus
2566 1107 2770 1166 quanto
2792 1100 2983 1159 morbo
3008 1100 3276 1170 superbia
3318 1100 3566 1158 laborent

1989 1181 2147 1236 hodie
2193 1192 2451 1241 conantes
2480 1185 2682 1241 malum
2725 1187 2781 1242 in
2824 1188 3135 1253 Creatorem
3166 1187 3393 1257 referre,
3418 1198 3476 1245 et
3515 1188 3566 1249 si

1986 1272 2115 1341 quid
2138 1273 2262 1328 boni
2294 1274 2518 1341 faciunt,
2546 1276 2649 1331 sibt
2679 1279 2936 1334 tribuere.

2060 1383 2081 1417 ι
2117 1364 2307 1420 Mulier
2330 1382 2493 1436 quam
2513 1369 2728 1435 dedisti,
2749 1390 2767 1421 ι
2786 1378 2895 1425 etc.
2916 1369 3081 1438 Quasi
3103 1369 3171 1424 ad
3195 1369 3301 1425 hoc
3322 1369 3448 1427 data
3468 1368 3561 1436 sit,

1956 1453 2048 1510 ‘ut
2073 1471 2179 1511 non
2211 1457 2324 1525 ipsa
2349 1457 2591 1517 obediret
2614 1460 2752 1526 viro,
2774 1469 2830 1515 et
2856 1462 3016 1515 ambo
3044 1458 3172 1515 Deo.

2062 1565 2081 1601 t
2112 1548 2299 1604 Mulier
2325 1566 2486 1620 quam
2514 1551 2729 1617 dedisti,
2754 1572 2773 1605 ι
2798 1564 2905 1607 etc.
2942 1552 3157 1623 (Cum,
3183 1551 3279 1609 lib.
3308 1564 3365 1609 Iv
3393 1549 3561 1620 Non,

1985 1651 2035 1691 c.
2064 1638 2153 1703 R7,
2184 1648 2313 1694 tom.
2350 1641 2405 1707 Ι,
2437 1641 2543 1697 col.
2587 1640 2737 1712 66L)
2786 1642 3026 1710 Quatuor
3066 1642 3239 1699 modis
3279 1648 3564 1712 peccatum

1984 1739 2325 1802 perpetratur
2368 1733 2423 1789 in
2463 1734 2657 1799 corde,
2686 1742 3004 1805 etc.,msque
3043 1734 3113 1791 ad
3155 1734 3226 1789 ad
3260 1742 3565 1791 extremum

319 1835 377 1893 5,
406 1842 536 1888 tom.
566 1832 654 1897 Ill,
710 1833 815 1888 col.
847 1832 995 1907 429.)
1024 1834 1104 1889 Ad
1154 1832 1641 1905 concupiscendum
1681 1831 1886 1887 sciiicet
1912 1896 1959 1907 _
1988 1823 2137 1880 falsa!
2159 1825 2273 1896 spei
2297 1826 2628 1895 seductione,
2653 1829 2737 1891 vel
2756 1831 3115 1888 obstinatione
3138 1831 3351 1888 miserta
3370 1832 3564 1902 despe-

322 1923 574 1988 invicem,
625 1929 752 1985 etc.,
808 1896 1065 1994 usquead
1101 1937 1221 1993 quas
1245 1896 1589 1979 convinceret
1632 1930 1882 1993 peccato-
1910 1896 1962 1959 Β
1990 1915 2217 1970 rationis
2254 1916 2509 1972 nutritur.

323 2028 438 2068 rem
472 2014 633 2077 facto,
659 2020 716 2069 et
739 2015 955 2068 doceret
977 2013 1179 2084 scripto
1204 2014 1482 2069 lectorem.

398 2122 418 2155 ι
451 2104 781 2161 Consuerunt
810 2103 933 2160 folia
965 2105 1113 2161 ﬁcus.
1142 2126 1162 2158 ι
1196 2105 1465 2177 (Ascam,
1496 2107 1551 2161 in
1574 2105 1703 2163 Gen.
1736 2114 1776 2161 t.
1813 2104 1882 2174 1.)

316 2194 455 2262 Quia
497 2194 717 2266 gloriam
753 2196 1008 2266 simplicis
1032 2197 1299 2253 castitatis
1343 2198 1658 2255 amiserunt.
1689 2198 1755 2252 ad
1784 2198 1882 2253 du~

312 2285 508 2354 plicem
537 2285 769 2341 libidinis
794 2286 1061 2356 pruritum
1077 2286 1460 2359 confugerunt;
1484 2288 1627 2343 unde
1652 2288 1808 2343 Joan.
1830 2304 1878 2343 ιε

321 2393 342 2427 t
376 2375 509 2430 Cum
539 2388 688 2431 esses
710 2377 811 2431 sub
848 2377 979 2435 ﬁcus
1000 2376 1108 2432 vidi
1132 2386 1202 2443 te,
1227 2385 1282 2433 et
1309 2378 1578 2444 descendi,
1608 2397 1627 2431 ι
1658 2377 1883 2434 subaudi

320 2483 361 2535 ι
381 2466 612 2523 liberare
638 2474 711 2521 te.
734 2487 753 2520 ι

388 2556 548 2613 Vens.
577 2557 631 2613 8.
651 2586 722 2597 —-
746 2575 766 2607 ‹
800 2556 1012 2613 Etcum
1054 2557 1349 2623 audissent,
1379 2577 1398 2611 ι
1422 2565 1528 2614 etc.
1564 2558 1740 2630 (Aus.,
1780 2557 1816 2614 l.
1842 2574 1884 2617 tt

311 2650 379 2704 de
408 2649 539 2705 Gen.
570 2650 640 2703 ad
669 2650 795 2713 litt"
824 2665 874 2706 c.
908 2650 1033 2722 55.)
1071 2650 1145 2704 Ea
1174 2650 1314 2706 enim
1356 2651 1489 2706 hora
1524 2651 1659 2707 tales
1686 2666 1883 2708 conve-

314 2741 499 2797 niebat
526 2741 756 2806 visitavi,
780 2741 903 2810 quia
929 2740 1231 2796 defecerant
1256 2756 1285 2795 a
1314 2741 1432 2796 lure
1454 2740 1721 2805 veritatis,
1751 2748 1881 2806 etc.,

312 2848 475 2904 usque
501 2833 572 2886 ad
601 2832 969 2904 corporalibus
1014 2833 1261 2895 sensibus
1307 2832 1463 2890 locali
1504 2842 1561 2889 et
1602 2833 1883 2904 temporali

312 2932 461 2979 motu
492 2924 805 2994 apparuisse
829 2923 1101 2979 credatur.

386 3033 407 3065 ο
441 3013 737 3071 Abscondit
758 3028 832 3077 se,
856 3033 876 3066 ι
902 3022 1006 3070 etc.
1029 3014 1207 3086 (Anth,
1232 3012 1388 3086 ibid.)
1413 3011 1548 3075 Cum
1563 3012 1706 3070 Dens
1731 3028 1884 3069 aver-

314 3105 377 3160 tit
402 3104 733 3161 intrinsccus
760 3105 948 3169 faciam
976 3116 1032 3161 et
1050 3106 1210 3163 homo
1233 3104 1498 3171 turbatur,
1523 3104 1657 3160 ﬁunt
1686 3104 1883 3161 similia

311 3197 584 3262 amentiae,
615 3198 782 3253 nitnio
826 3197 1020 3255 timore
1063 3212 1129 3253 ac
1172 3198 1395 3267 pudore,
1418 3197 1628 3255 occulto
1670 3213 1884 3269 quoque

2056 2006 2219 2063 Vsus.
2249 2008 2427 2063 13.--
2451 2027 2473 2061 ι
2507 2009 2577 2065 Bt
2612 2009 2750 2067 dixit
2791 2012 3050 2068 Dominus
3092 2011 3234 2068 Deus
3266 2009 3337 2068 ad
3376 2009 3564 2067 mulie-

1990 2117 2009 2152 r
2040 2113 2177 2166 rem,
2210 2120 2229 2153 ι
2254 2111 2362 2161 etc.
2400 2101 2582 2173 (Anc)
2608 2100 2715 2161 Nec
2730 2102 2831 2158 ista
2847 2103 3138 2159 conﬁtetur
3154 2109 3450 2173 peccatum,
3468 2098 3563 2156 sed

1983 2191 2149 2247 refert
2178 2192 2233 2247 in
2258 2192 2513 2258 alterum,
2540 2194 2595 2251 in
2626 2194 2821 2265 impari
2844 2210 2997 2259 sexu,
3026 2194 3147 2265 pari
3174 2192 3336 2250 fastu.
3366 2193 3441 2247 Bs
3471 2192 3559 2248 his

1984 2291 2162 2338 tamen
2192 2291 2351 2339 natus
2364 2282 2533 2338 David
2559 2285 2689 2339 dicit
2713 2300 2885 2355 usque
2908 2286 2962 2339 in
2987 2285 3145 2339 ﬁnem
3167 2283 3349 2339 ’πουιί
3370 2301 3385 2337 :
3405 2303 3423 2335 ι
3445 2282 3559 2353 Bgo

1983 2378 2092 2433 dixi
2120 2377 2403 2443 :Domine,
2433 2379 2691 2433 miserere
2735 2377 2861 2443 mei,
2891 2392 3022 2432 sana
3067 2377 3305 2439 animam
3354 2391 3549 2441 meam,

1982 2472 2107 2542 quia
2138 2470 2357 2541 peccavi
2384 2468 2480 2525 tibi
2509 2469 2682 2542 (Paul.
2710 2472 2819 2541 ιι).
2844 2488 2863 2523 ι
2890 2470 3003 2525 Hoc
3029 2469 3097 2525 ab
3126 2470 3247 2524 istis
3273 2468 3557 2529 dicendum

1982 2561 2243 2617 fuittsed
2293 2562 2531 2616 nondum
2576 2568 2918 2631 peccatorum
2967 2559 3209 2614 cervices
3250 2556 3559 2612 considerat

1981 2654 2124 2709 Deus
2148 2670 2161 2708 :
2191 2652 2466 2709 restabant
2494 2652 2708 2709 labores
2729 2659 2784 2706 et
2809 2650 3023 2707 dolores
3050 2649 3260 2714 mortis,
3282 2658 3339 2703 et
3358 2647 3562 2703 contri-

1983 2747 2060 2802 tio
2087 2745 2285 2803 saaculi.
2322 2754 2377 2800 et
2414 2745 2587 2816 gratia
2630 2744 2758 2810 Dei,
2787 2760 2906 2816 qua:
2936 2744 2991 2798 in
3019 2752 3263 2814 tempore
3288 2742 3561 2808 subvenit,

1982 2835 2178 2890 docens
2202 2832 2427 2889 amictus
2451 2849 2555 2889 non
2583 2834 2649 2889 de
2676 2849 2734 2888 se
2762 2848 3108 2904 prmsumere.
3380 2858 3389 2867 ο

2054 2945 2075 2979 σ
2102 2926 2337 2998 Serpens
2358 2928 2586 2998 decepit,
2608 2947 2627 2980 ι
2655 2936 2759 2993 etc.
2788 2927 2953 2996 Quasi
2973 2926 3259 2998 cujuslibet
3278 2925 3521 2998 persuasi

1980 3016 2263 3088 praevaleat
2292 3016 2385 3072 Dei
2418 3024 2707 3087 praecepto.

2056 3126 2076 3161 ι
2111 3108 2344 3180 Serpens
2380 3108 2593 3178 decepit
2642 3123 2761 3173 me,
2791 3124 2810 3163 ι
2835 3115 2943 3164 etc.
2976 3105 3157 3181 μηδ..
3182 3105 3334 3170 ibid.,
3365 3105 3462 3167 lib.
3498 3119 3560 3171 tt,

1982 3217 2032 3257 c.
2065 3201 2177 3273 50.)
2205 3201 2485 3270 Quomodo
2528 3201 2612 3255 his
2643 3199 2842 3266 verbis,
2872 3208 3002 3263 etc.,
3034 3215 3195 3271 usque
3231 3198 3301 3261 ad
3334 3212 3456 3257 cum
3494 3211 3560 3253 eo

311 3284 566 3340 instinctu
592 3301 695 3340 non
721 3285 1028 3357 quiescente
1052 3304 1064 3339 :
1088 3295 1151 3341 ut
1176 3286 1476 3342 nescientes
1500 3286 1740 3341 facerent
1766 3301 1886 3355 quae
1910 3278 1956 3339 Ο
1984 3295 2108 3349 cibo
2135 3308 2241 3349 non
2269 3293 2477 3348 videret
2500 3306 2621 3349 eam
2652 3299 2920 3355 mortuam
2953 3304 3095 3349 esse.

312 3375 515 3446 aliquid
538 3377 769 3447 posteris
793 3377 1177 3449 signiﬁcarent,
1196 3387 1417 3449 propter
1447 3394 1586 3449 quos
1604 3379 1719 3435 haec
1740 3379 1880 3435 scri-

310 3476 403 3539 pta
439 3477 583 3524 sunt.

387 3577 407 3611 ι
438 3558 523 3614 Ad
566 3574 751 3615 auram
795 3565 919 3631 post
962 3558 1260 3615 meridiem.
1293 3577 1313 3612 ι
1364 3557 1517 3614 Unde
1562 3558 1695 3614 hora
1740 3571 1882 3613 nona

311 3650 559 3708 Christus
601 3652 846 3722 spiritum
887 3652 1067 3707 amisit
1096 3650 1310 3724 (Matth.
1350 3650 1544 3721 χχιιι).
1596 3648 1700 3717 Qui
1728 3657 1882 3705 sexta

312 3744 447 3799 hora
496 3743 596 3798 fuit
640 3742 949 3809 cruciﬁxus,
990 3751 1049 3798 ut
1094 3742 1284 3797 eadem
1325 3742 1458 3798 hora
1509 3740 1884 3796 restitueretur

314 3837 477 3891 homo
503 3850 611 3906 qua
638 3835 704 3891 de
730 3834 983 3906 paradiso
1011 3842 1097 3890 est
1121 3833 1346 3902 ejectus.

386 3947 407 3981 ι
439 3927 501 3983 1n
526 3927 702 3983 medio
725 3926 851 3997 ligni
870 3925 1125 3996 paradisi.
1151 3945 1170 3978 ι
1186 3925 1480 3981 Abscondit
1507 3939 1585 3989 se,
1612 3924 1703 3995 qui
1728 3938 1883 3979 aver-

313 4033 406 4073 sus
430 4033 462 4071 a
495 4025 760 4087 praecepto
786 4013 1080 4081 Creatoris,
1106 4015 1306 4071 erroris
1332 4015 1413 4070 sui
1448 4023 1504 4070 et
1543 4015 1754 4073 arbitrii
1782 4029 1879 4069 vo-

312 4105 520 4165 luntate
547 4106 698 4167 vivit.

384 4195 547 4251 Vsus.
572 4196 627 4252 θ.
649 4224 722 4236 —
743 4213 763 4251 ι
800 4193 1127 4267 Vocavitque
1165 4196 1417 4249 dominus
1457 4193 1599 4253 Deus
1632 4193 1824 4249 Adam.
1854 4212 1874 4253 ι

313 4288 493 4358 (Auc.,
508 4286 596 4340 ubi
616 4302 793 4356 supra,
808 4299 856 4345 ιε.
884 4284 998 4354 54.)
1015 4284 1364 4354 lncrepando,
1380 4284 1585 4341 scilicet
1605 4298 1711 4341 non
1734 4283 1883 4353 igno-

314 4382 504 4445 rando,
530 4390 833 4451 etc.,usque
854 4379 922 4437 ad
949 4394 1091 4437 nunc
1117 4384 1298 4439 autem
1326 4392 1433 4437 non
1459 4376 1760 4447 signiﬁcata
1792 4391 1880 4437 re-

313 4473 555 4537 ferimus,
584 4473 674 4529 sed
705 4479 855 4543 gesta
880 4470 1235 4531 defendimus.

384 4564 544 4623 Vsus.
567 4564 871 4623 iO-tt.--c
891 4562 993 4630 Qui
1015 4563 1090 4621 ait
1106 4580 1121 4616 :
1137 4559 1334 4623 Vocem
1357 4570 1502 4621 tuam
1524 4561 1755 4624 audivi»
1774 4568 1876 4619 etc.

2053 3385 2234 3457 (Ave,
2261 3385 2415 3449 ἰδία..
2438 3400 2490 3441 c.
2520 3381 2637 3455 28.)
2666 3380 2971 3443 Notandum
3004 3382 3148 3453 quod
3179 3396 3285 3441 non
3314 3380 3560 3445 diabolus

1984 3486 2065 3535 est
2090 3477 2385 3547 permissus
2410 3475 2665 3535 feminam
2687 3482 2912 3539 tetttare,
2939 3482 3066 3536 etc.,
3094 3487 3257 3543 usque
3277 3468 3345 3527 ad
3374 3470 3469 3529 sed
3489 3483 3559 3527 ex

1982 3572 2085 3627 hac
2119 3570 2319 3625 homini
2350 3568 2607 3625 invidisse
2630 3566 2767 3625 ratio
2793 3565 3047 3623 ostendit.

2051 3660 2229 3733 (Λιε.)
2264 3658 2549 3714 Peccatum
2599 3657 2771 3729 angeli
2818 3657 3063 3722 tacitum,
3091 3655 3326 3715 hominis
3353 3654 3559 3727 patim-

1982 3758 2127 3806 ctnm
2153 3768 2167 3780 -
2190 3749 2317 3820 quia
2348 3747 2478 3805 illud
2506 3746 2823 3812 incumbite,
2849 3746 2951 3803 hoc
2974 3754 3242 3803 curatum.

2056 3859 2076 3893 ι
2108 3838 2254 3901 Vidit
2282 3839 2469 3909 igitur,
2499 3859 2517 3890 ι
2540 3847 2645 3903 etc.
2675 3836 2925 3907 (8mm)
2950 3836 3149 3905 Aperte
3174 3834 3560 3899 inexcusabilis

1981 3931 2305 3995 ostenditur,
2330 3931 2417 3989 cui
2447 3928 2598 3987 licuit
2625 3928 2726 3995 sub
2752 3927 2845 3997 tali
2874 3926 3258 3995 deliberatione
3286 3926 3436 3985 dolos
3457 3926 3563 3983 ini-

1982 4024 2105 4079 mici
2136 4024 2432 4078 advertere.
3172 4016 3181 4023 ’

2050 4115 2214 4173 Vens.
2244 4111 2330 4167 li.
2351 4142 2422 4153 -
2447 4131 2465 4163 ‹
2501 4110 2571 4181 Et
2591 4111 2669 4165 ait
2700 4109 2960 4167 Dominus
2987 4108 3150 4174 Deus,
3175 4128 3194 4161 ι
3224 4116 3329 4163 etc.
3362 4107 3554 4180 (Anc,

1982 4206 2068 4260 ubi
2105 4220 2288 4275 supra,
2311 4218 2359 4256 c.
2390 4200 2505 4273 56.)
2540 4199 2675 4259 Tota
2705 4202 2821 4263 hzcc
2864 4199 3133 4261 sententia
3177 4197 3403 4271 ﬁgurata
3450 4204 3554 4252 est.

1983 4292 2083 4361 Ubi
2126 4290 2452 4365 credendum
2491 4299 2669 4349 tamen
2716 4289 2895 4347 omnia
2945 4289 3085 4343 dicta
3132 4301 3272 4342 esse.
3323 4285 3558 4355 Serpens

1979 4398 2089 4443 non
2119 4383 2482 4455 interrogatur
2506 4394 2672 4451 quare
2693 4377 3048 4451 fecerit,quia
3076 4391 3180 4433 non
3207 4377 3319 4445 ipse
3340 4375 3559 4446 pmpria

1978 4473 2258 4541 voluntate
2288 4479 2344 4529 et
2365 4479 2558 4537 natura
2588 4468 2735 4533 fecit,
2767 4469 2863 4525 sed
2891 4469 2958 4523 de
2982 4466 3072 4521 illo
3096 4464 3358 4529 diabolus,
3389 4473 3441 4519 et
3464 4479 3561 4534 per

1981 4564 2150 4628 illum,
2185 4571 2238 4616 et
2272 4561 2325 4616 in
2358 4561 2449 4615 illo
2472 4578 2485 4611 τ
2510 4559 2600 4627 qui
2635 4559 2747 4628 jam
2788 4573 2889 4627 pro
2935 4557 3210 4627 impietate
3228 4562 3284 4610 et
3306 4554 3559 4633 superbia

314 4651 493 4723 (Acr...
522 4653 608 4707 ubi
636 4669 814 4723 supra.
837 4667 888 4711 ο.
920 4650 1035 4722 5t.)
1062 4649 1339 4709 Historice.
1377 4650 1657 4706 Probabile
1680 4657 1764 4705 est
1787 4665 1882 4720 per
1911 4656 1958 4714 D
1983 4664 2185 4710 interno
2214 4653 2322 4723 igni
2357 4650 2654 4707 destinatus
2679 4647 2876 4705 fuerat.
2904 4648 2985 4721 Ad
3016 4650 3192 4721 ipsum
3225 4663 3355 4719 ergo
3386 4646 3557 4703 refer-

314 4760 602 4813 cnngruam
647 4752 949 4805 creaturam
995 4742 1167 4803 solere
1204 4743 1491 4801 humanam
1524 4741 1752 4797 formam
1786 4742 1884 4796 lio-

316 4835 547 4893 miuihus
580 4835 771 4906 primis
810 4849 1088 4905 apparere,
1115 4840 1240 4897 etc.,
1276 4850 1434 4904 usque
1459 4833 1527 4889 ad
1555 4841 1611 4889 et
1638 4840 1881 4889 secutum

312 4924 557 4995 estquod
589 4924 832 4995 puderet.

387 5036 405 5067 ι
444 5016 641 5079 Vocem
671 5025 840 5081 tuam,
863 5035 882 5073 ι
916 5023 1021 5071 etc.
1047 5013 1220 5087 (lsm.,
1246 5015 1298 5087 in
1324 5010 1454 5069 Gen.
1485 5021 1615 5075 tom.
1647 5012 1738 5085 γ.)
1766 5013 1882 5086 My-

310 5107 457 5163 stice.
484 5105 812 5176 Respondet,
838 5122 968 5163 voce
988 5105 1104 5174 ejus
1127 5104 1308 5163 audita
1334 5119 1391 5161 se
1411 5103 1727 5173 occultasse,
1751 5115 1881 5171 etc.,

312 5212 474 5269 usque
499 5196 568 5263 ad
602 5207 658 5269 et
679 5206 946 5269 praecepto
976 5197 1068 5253 Dei
1098 5212 1205 5257 non
1233 5195 1470 5253 obedire.

386 5307 404 5341 ι
440 5285 766 5359 Voravitque
796 5289 935 5345 Deus
954 5289 1144 5359 Adam,
1175 5306 1195 5341 ι
1221 5295 1325 5342 etc.
1342 5285 1556 5359 (Gasc.)
1583 5286 1717 5355 Quia
1752 5287 1885 5343 vidit

314 5377 366 5432 in
394 5378 549 5451 culpa
594 5378 799 5455 lapsum
829 5378 942 5448 jam
990 5381 1090 5437 sub
1127 5386 1349 5449 peccato
1373 5418 1389 5443 ,
1412 5377 1557 5435 velut
1581 5393 1611 5430 a
1639 5378 1886 5447 veritatis

311 5466 482 5529 oculis
515 5468 907 5535 absconditum,
952 5470 1077 5538 quia
1108 5467 1359 5537 tenebras
1401 5468 1601 5525 erroris
1632 5467 1747 5537 ejus
1776 5484 1883 5525 non

313 5559 593 5633 approbat,
609 5560 758 5628 quasi
783 5559 873 5617 ubi
896 5559 967 5613 sit
1002 5569 1253 5628 peccator
1274 5559 1500 5629 ignorat,
1530 5574 1759 5628 eumque
1786 5575 1879 5612 vo-

314 5658 401 5705 cat
423 5665 489 5703 ac
514 5652 737 5723 requirit
759 5651 981 5707 dicens:
1009 5669 1027 5701 (
1058 5650 1352 5715 Adant,ubi
1374 5650 1467 5705 es?
1494 5669 1512 5701 ι
1541 5648 1675 5707 Dum
1702 5659 1879 5717 vocat,

314 5740 583 5812 signiﬁcat
618 5743 740 5813 quia
777 5743 841 5807 ad
864 5742 1234 5813 ptenitentiam
1258 5749 1506 5809 revocat;
1547 5744 1673 5797 dum
1702 5743 1879 5811 requi-

1988 4756 2076 4801 tur
2102 4745 2244 4816 quod
2271 4743 2508 4814 serpenti
2552 4742 2780 4819 dicitur,
2804 4749 2862 4799 et
2881 4741 3060 4816 qualis
3102 4741 3338 4801 humano
3374 4738 3559 4811 generi

1987 4838 2200 4907 futurus
2225 4838 2296 4893 sit
2324 4835 2645 4907 ostenditur.

2060 4926 2295 4998 Hystice.
2336 4945 2355 4979 ι
2391 4927 2456 4983 Et
2499 4925 2575 4981 ait
2616 4924 2876 4999 Dominus
2902 4924 3044 4999 Deus
3081 4922 3147 4979 ad
3177 4930 3503 4996 serpentem,
3533 4943 3553 4977 ι

1986 5029 2090 5077 etc.
2118 5021 2298 5087 (Acc.,
2325 5018 2391 5073 de
2415 5015 2543 5077 Gen.
2573 5027 2711 5077 cont.
2742 5015 3109 5089 Manich.,lib.
3140 5030 3203 5081 tt,
3224 5029 3274 5069 c.
3304 5012 3414 5085 l7.)
3435 5013 3562 5068 Ser-

1985 5122 2119 5178 pens
2164 5121 2272 5163 non
2317 5105 2676 5177 interrogatus
2719 5104 2867 5175 prior
2914 5103 3111 5175 excipit
3152 5115 3397 5175 poenam,
3428 5112 3560 5167 etc.,

1983 5215 2143 5269 usque
2182 5198 2251 5253 ad
2280 5206 2341 5263 ut
2374 5198 2547 5273 ipsum
2600 5195 2812 5273 initium
2859 5193 3220 5269 suggestionis
3267 5194 3422 5265 mala:
3468 5208 3561 5248 ex-

1984 5290 2181 5345 cludat.

2060 5400 2078 5431 ‹
2113 5379 2288 5455 super
2314 5386 2503 5457 pectus
2528 5385 2700 5457 tuum,
2724 5396 2742 5431 ι
2771 5383 2875 5447 etc.
2897 5373 3176 5451 (ι-ιιειιοιι.)
3208 5391 3228 5429 t
3256 5373 3511 5439 Ventrem
3533 5392 3553 5427 ι

1983 5471 2125 5529 LXX
2154 5472 2492 5545 addiderunt,
2517 5471 2609 5527 sed
2634 5470 2686 5539 in
2714 5468 2938 5543 Hebraeo
2968 5467 3197 5523 habetur
3229 5483 3249 5518 ι
3278 5473 3464 5536 peetus
3485 5476 3509 5505 ει
3533 5484 3553 5519 ι

1985 5571 2230 5625 tantum,
2276 5568 2333 5615 ut
2361 5559 2705 5619 calliditatem
2747 5569 2804 5631 et
2847 5557 3137 5615 versutiam
3173 5553 3556 5621 cogitationum

1982 5655 2099 5723 ejus
2128 5652 2378 5720 aperiret,
2406 5652 2457 5704 id
2483 5661 2569 5705 est
2595 5651 2738 5719 quod
2766 5650 2945 5704 omnis
2979 5660 3196 5718 gressus
3221 5644 3342 5712 ejus
3369 5645 3559 5717 nequi-

1986 5746 2073 5800 tiae
2096 5752 2178 5800 est
2209 5752 2266 5799 et
2291 5743 2514 5799 fraudis.

386 5866 415 5897 ⁸
436 5853 497 5913 ιιι
524 5854 748 5919 Hebraeo
774 5864 858 5913 est
880 5857 1075 5926 oniten,
1097 5856 1238 5927 quod
1271 5860 1493 5923 uentrem
1520 5860 1577 5907 et
1601 5861 1777 5925 pectus
1803 5853 2091 5929 signiﬁcat.
