4074 6334
486 450 553 506 95
980 431 1374 492 WALAFRIDI
1412 428 1659 489 STRABI
1694 425 1900 484 FULD.
1941 421 2113 480 ΜΟΝ.
2155 420 2303 478 ΟΡΡ.
2344 418 2527 477 PARS
2562 421 2601 476 Ι.
2639 451 2709 463 ——
2747 415 3202 475 THEOLOGICA.
3667 422 3735 478 96

560 580 578 612 ι
612 557 838 613 Pectore
864 559 920 607 et
937 557 1126 606 ventre
1147 563 1325 619 repes.
1351 569 1370 600 ι
1402 546 1620 616 (Cum,
1651 543 1743 600 lib.
1774 557 1865 596 XXI
1893 539 2056 606 Man,
2085 537 2139 598 Α
2162 545 2338 592 catum
2364 534 2580 590 fuerunt
2605 535 2673 590 ad
2699 535 2936 592 laborem
2969 543 3023 590 et
3047 533 3388 591 aﬂlictionem
3409 577 3422 603 ,
3446 537 3586 593 sicut
3615 552 3735 594 scr-

484 669 533 710 c.
559 651 640 722 2.)
673 647 866 702 Malum
894 640 1122 697 luxuria:
1144 647 1240 694 aut
1260 639 1584 710 cogitatione
1604 639 1944 706 perpetretur
1967 637 2058 685 aut

483 757 664 816 Opere.
695 737 876 795 Hostis
899 735 1042 790 enim
1069 749 1193 790 cum
1221 734 1288 788 ab
1324 732 1517 787 effectu
1549 729 1730 801 operis
1753 727 2054 798 expellitur,

484 844 691 895 secreta
735 832 1076 905 cogitationis
1114 830 1355 902 polluere
1382 827 1620 884 molitur.
1651 825 1853 881 Ventre
1896 823 2056 895 repit,

486 929 613 985 dum
639 926 878 982 lubricus
905 939 1001 994 per
1039 921 1282 978 membra
1324 921 1560 976 humana
1589 918 1691 974 sibi
1719 917 1951 982 subdita,
1979 915 2060 970 lu-

486 1019 697 1075 xuriam
723 1023 941 1074 exercet
967 1016 1022 1070 in
1045 1029 1227 1085 opere.
1255 1010 1696 1083 Serpitbectore,
1719 1010 1844 1065 dum
1872 1007 2062 1080 polluit

486 1113 542 1168 in
571 1111 917 1182 cogitatione.
962 1107 1068 1162 Sed
1097 1106 1222 1176 quia
1260 1121 1360 1176 per
1395 1105 1776 1176 cogitationem
1802 1103 1870 1157 ad
1895 1115 2059 1173 opera

487 1203 718 1267 venitur,
748 1201 900 1270 prius
924 1207 1146 1270 pectore
1173 1205 1229 1253 et
1251 1204 1376 1268 post
1409 1204 1598 1252 ventre
1623 1195 1948 1250 describitur
1973 1208 2060 1250 re-

490 1309 636 1367 pere.

559 1383 722 1439 Vens.
755 1381 841 1437 15.
868 1411 937 1423 -
964 1401 983 1433 ε
1015 1381 1328 1438 Inimicitias
1367 1395 1566 1452 ponam
1594 1380 1736 1435 inter
1769 1387 1822 1434 te
1847 1388 1903 1435 et
1937 1395 2059 1435 mu-

499 1494 519 1526 ‹
538 1474 792 1529 lierem...
813 1473 930 1543 ipsa
950 1481 1195 1528 conteret
1209 1481 1369 1543 caput
1385 1481 1558 1536 tuum,
1585 1491 1602 1522 ι
1628 1480 1732 1526 etc.
1765 1470 1956 1543 (Gneo.
1980 1471 2018 1526 l.
2042 1486 2062 1525 ι

489 1566 651 1632 Man,
679 1583 728 1622 c.
759 1566 871 1636 58.)
919 1565 1092 1636 Caput
1127 1565 1394 1636 serpentis
1438 1573 1740 1630 conterere,
1779 1573 1862 1619 est
1909 1564 2064 1620 initia

488 1657 845 1728 suggestiouis
871 1672 1036 1711 manu
1078 1656 1319 1712 sollicitae
1349 1655 1797 1711 considerationis
1827 1670 1856 1708 a
1886 1655 2064 1710 cordis

490 1746 638 1801 aditu
684 1746 1015 1815 exstirpare;
1043 1746 1136 1815 qui
1183 1761 1302 1800 cum
1332 1746 1400 1800 ab
1430 1744 1583 1799 initio
1626 1743 2062 1814 deprehenditur,

485 1846 768 1909 percutere
796 1839 1052 1894 calcaneo
1088 1838 1321 1901 molitur,
1353 1839 1479 1908 quia
1505 1853 1665 1908 quem
1687 1837 1863 1908 prima
1893 1844 2065 1892 tenta-

485 1929 636 1985 tione
674 1946 782 1985 non
811 1931 1064 2000 percutit,
1095 1931 1341 2001 decipere
1363 1929 1417 1984 in
1436 1929 1541 1986 fine
1565 1929 1754 1984 tendit.
1801 1927 1860 1984 Si
1885 1937 2064 1984 autem

493 2034 590 2074 cor
639 2020 692 2074 in
741 2021 1034 2076 tentatione
1080 2022 1482 2090 corrumpitur,
1515 2021 1791 2090 sequentis
1836 2021 2066 2077 actionis

488 2109 750 2166 medietas
774 2119 828 2165 et
849 2112 1110 2167 terminus
1131 2113 1198 2167 ab
1221 2113 1376 2168 hoste
1402 2111 1731 2182 possidetur,
1747 2112 1870 2182 quia
1897 2121 2065 2168 totam

490 2199 592 2256 sibi
644 2201 892 2256 arborem
935 2201 1141 2258 fructus
1181 2202 1324 2260 ferre
1371 2203 1658 2274 conspicit,
1681 2218 1842 2273 quam
1873 2203 2066 2258 veneni

489 2291 647 2346 dente
673 2291 724 2345 in
748 2292 928 2347 radice
954 2293 1181 2348 vitiavit.

561 2379 837 2453 (HIEBON.)
871 2401 889 2434 ι
927 2383 1045 2452 Ipsa
1093 2384 1330 2440 servabit
1375 2385 1688 2441 calcaneum
1725 2392 1898 2452 tuum,
1929 2392 1986 2441 et
2008 2392 2068 2441 tu

486 2479 734 2527 conteres
772 2473 888 2543 ejus
923 2473 1255 2530 calcaneum.
1286 2494 1304 2527 ι
1338 2475 1526 2532 Melius
1552 2477 1606 2531 in
1633 2476 1862 2532 Hebraeo
1898 2478 2065 2534 habe-

489 2571 614 2618 tur:
645 2583 667 2617 ε
701 2565 820 2636 Ipsa
847 2575 1093 2623 conteret
1123 2576 1286 2638 caput
1316 2577 1497 2636 tuum,
1522 2579 1578 2625 et
1605 2578 1664 2625 tu
1688 2579 1936 2628 conteres
1959 2572 2070 2626 cal-

488 2671 717 2712 caneum
738 2657 873 2728 ejus,
905 2679 924 2710 ι
960 2661 1085 2729 quia
1116 2669 1171 2715 et
1201 2661 1371 2716 nostri
1407 2676 1624 2731 gressus
1668 2663 2070 2734 praepediuntur

489 2763 521 2803 a
554 2748 793 2814 colubro,
821 2756 876 2805 et
913 2749 1174 2808 Dominus
1217 2761 1464 2809 conteret
1509 2753 1678 2808 Satan
1711 2755 1811 2810 sub
1841 2755 2070 2824 pedibus

488 2840 624 2911 ejus.

560 2934 726 2990 Vens.
773 2935 860 2990 16.
883 2965 953 2976 -
977 2954 998 2988 ι
1024 2934 1238 2994 Mulieri
1291 2953 1525 3010 quoque,
1557 2958 1576 2992 ι
1605 2948 1712 2996 etc.
1744 2939 1764 3012 (
1781 2939 1938 3009 Auo.,
1980 2942 2070 2998 ubi

489 3045 669 3099 supra,
701 3043 748 3083 c.
783 3027 896 3101 57.)
923 3028 1050 3086 [late
1077 3030 1307 3103 ﬁgurate
1333 3041 1389 3088 et
1415 3033 1728 3104 prophetice
1759 3034 1952 3090 melius
1986 3035 2071 3089 in-

490 3122 830 3193 telliguntur,
859 3133 993 3192 etc.,
1019 3143 1182 3198 usque
1224 3128 1294 3182 ad
1339 3128 1724 3199 depravabitur
1768 3138 1984 3196 natura,
2015 3137 2071 3186 et

490 3216 775 3286 augebitur
798 3215 972 3288 culpa.

566 3322 584 3355 ι
608 3303 1268 3374 Multiplicaboaerumnas,
1293 3329 1312 3362 ι
1335 3318 1440 3367 etc.
1460 3310 1721 3383 (Avo.,de
1740 3310 1870 3367 Gen.
1889 3321 2070 3368 contra

492 3395 752 3464 Manich.,
792 3399 828 3454 l.
863 3416 924 3465 ιι,
953 3416 1004 3456 c.
1034 3401 1148 3473 19.)
1196 3401 1540 3459 Manifestum
1567 3412 1651 3460 est
1689 3405 2070 3476 multiplicatos

488 3503 608 3544 esse
649 3490 862 3547 dolores
889 3492 1150 3559 mulieris,
1175 3503 1304 3562 etc.,
1333 3513 1496 3568 usque
1522 3498 1594 3551 ad
1624 3498 1718 3552 sed
1747 3498 1898 3567 prius
1927 3499 2071 3580 relu-

489 3589 692 3638 ctatum
727 3593 812 3639 est
836 3601 957 3640 cum
987 3586 1170 3642 dolore
1201 3589 1579 3645 consuetudini
1611 3589 1786 3645 malae.

561 3674 725 3731 Vsus.
759 3677 941 3732 17-18.
969 3709 1037 3719 -
1155 3698 1174 3730 ι
1205 3679 1484 3736 Maledicta
1515 3690 1660 3737 terra
1679 3724 1694 3747 ,
1725 3702 1744 3734 ι
1770 3691 1876 3739 etc.
1909 3683 2068 3755 (Anc.

489 3765 644 3831 ibid.,
673 3781 724 3820 c.
750 3766 863 3839 38.)
913 3767 1022 3823 Hos
1069 3785 1187 3825 esse
1229 3770 1444 3827 labores
1488 3774 1707 3828 humani
1762 3776 1974 3845 generis
2017 3776 2070 3830 in

494 3865 640 3912 terra
680 3872 839 3913 nemo
877 3859 1108 3930 ignorat,
1150 3870 1206 3917 et
1247 3865 1390 3934 quod
1418 3880 1524 3920 non
1554 3874 1718 3930 esset,
1755 3867 1798 3922 si
1843 3867 2073 3924 felicitas

495 3964 616 4019 quae
653 3959 774 4007 erat
819 3953 874 4006 in
916 3953 1170 4022 paradiso
1214 3961 1495 4012 teneretur
1547 3957 1918 4015 indubitanter
1943 3977 2074 4017 con-

495 4051 622 4097 stat.

567 4133 814 4207 (Suam)
847 4135 1012 4191 Terra
1058 4138 1418 4208 maledicitur,
1447 4157 1554 4198 non
1579 4140 1771 4209 Adam,
1806 4151 1868 4197 ut
1894 4146 2074 4201 cuncti

495 4238 718 4298 propter
747 4244 881 4298 quos
903 4231 1018 4286 hzec
1037 4233 1237 4302 scripta
1262 4241 1388 4288 sunt
1413 4243 1761 4300 terrerentur,
1787 4251 1853 4290 ne
1879 4238 2075 4292 similia

495 4317 772 4386 facientes,
804 4320 963 4374 simili
989 4336 1150 4390 paena
1175 4323 1558 4393 plecterentur.
1601 4326 1718 4397 Ipse
1760 4343 1890 4382 vero
1918 4327 2072 4394 Cain,

495 4411 620 4478 quia
651 4412 835 4480 prima:
861 4411 1289 4481 praevaricatioui
1321 4413 1678 4470 fratricidium
1709 4417 1931 4482 addidit,
1961 4433 2075 4472 ma-

495 4499 744 4554 ledicitur
783 4517 905 4556 cum
944 4501 1178 4558 dicitur:
1210 4524 1228 4554 ‹
1259 4503 1574 4563 Maledictus
1616 4505 1726 4561 eris
1773 4520 1938 4576 super
1969 4516 2077 4563 ter-

496 4608 632 4654 ram,
655 4612 673 4644 ι
700 4603 804 4648 etc.

567 4681 748 4752 (Αυο.)
777 4682 958 4737 Terrae
983 4683 1280 4753 maledixit,
1309 4703 1414 4742 non
1461 4688 1632 4758 aquis.
1661 4689 1784 4759 quia
1814 4689 1975 4745 homo
2009 4693 2074 4747 de

497 4771 673 4827 fructu
696 4783 853 4828 terra:
873 4783 1060 4830 contra
1081 4776 1302 4832 vetitum
1320 4779 1685 4844 manducavit,
1704 4796 1808 4836 non
1831 4780 1898 4835 de
1920 4783 2074 4851 aquis

497 4863 658 4928 bibit,
686 4870 740 4917 ct
762 4864 814 4918 in
843 4865 998 4934 aquis
1015 4875 1134 4921 erat
1150 4876 1430 4938 peccatum
1456 4869 1780 4926 abluendum
1810 4873 1876 4926 de
1895 4871 2074 4928 fructu

500 4961 656 5008 terrae
687 4963 1046 5012 contractum.
1089 4957 1356 5014 Animalia
1385 4975 1599 5031 quoque
1629 4963 1908 5018 terrestria
1954 4964 2075 5034 plus

498 5047 890 5104 maledictionis
921 5050 1123 5105 habent
1161 5067 1322 5122 quam
1365 5053 1646 5123 aquatilia,
1674 5055 1798 5124 quia
1843 5055 1968 5124 plus
1995 5057 2076 5112 vi-

499 5145 630 5190 vunt
666 5138 732 5193 de
763 5140 1048 5197 maledicta
1092 5151 1256 5198 terra.
1303 5143 1430 5200 lnde
1469 5143 1719 5201 Christus
1744 5157 1867 5218 post
1895 5163 2078 5204 resur-

501 5231 793 5288 rectionem
839 5234 904 5290 de
953 5235 1102 5306 pisce
1145 5236 1510 5303 manducavit,
1557 5253 1667 5294 non
1713 5239 1782 5295 de
1831 5244 2076 5299 terrestri

500 5325 738 5380 animali.

575 5435 592 5467 ‹
628 5415 908 5474 Maledicta
935 5427 1080 5475 terra
1111 5419 1165 5474 in
1203 5433 1366 5490 opere
1407 5428 1518 5475 tuo.
1550 5438 1568 5472 ι
1605 5418 1824 5492 (Gaza,
1874 5423 2071 5482 Moral.

500 5505 593 5562 lib.
622 5523 699 5574 IV,
719 5525 768 5564 c.
793 5509 848 5575 5,
873 5509 950 5580 6.)
977 5510 1120 5566 Deus
1139 5510 1410 5566 maledicit
1437 5509 1640 5566 homini
1666 5515 2078 5584 peccanti,etc.,

501 5614 662 5669 usque
707 5601 776 5654 ad
830 5609 884 5656 ct
935 5601 1070 5657 duos
1125 5602 1618 5673 quinquagenarias
1661 5602 1878 5661 flamma
1926 5623 2080 5664 com-

500 5687 691 5746 bussit.

576 5806 596 5838 «
630 5785 687 5840 1η
720 5787 1015 5852 laboribus,
1047 5808 1066 5839 ι
1100 5796 1206 5844 etc.
1239 5787 1422 5862 (ΗΑΒ.)
1457 5788 1637 5861 ὃρίηςε
1688 5799 1846 5846 antea
1897 5803 2076 5861 erant,

503 5880 597 5936 sed
628 5896 734 5938 nou
762 5889 822 5937 ut
862 5882 1100 5940 laborem
1131 5882 1337 5942 homini
1373 5883 1666 5942 inferrent:
1693 5885 1778 5940 cui
1809 5894 1932 5958 post
1956 5901 2080 5960 pec-

2096 3251 2142 3317 C

2095 4615 2154 4678 D

2156 637 2343 700 pentes
2371 637 2427 684 ct
2453 643 2786 701 quaecunque
2813 630 2974 686 noxia
2994 671 3009 696 ,
3034 640 3159 686 ante
3185 631 3422 688 innoxia.
3451 631 3521 688 Et
3545 641 3741 690 notan-

2157 721 2284 776 dum
2312 721 2454 791 quod
2478 721 2608 778 Adae
2634 724 2941 780 extrinseca
2968 739 3129 795 poena
3168 725 3501 796 imponitur:
3529 748 3547 780 ι
3575 727 3742 785 Male-

2157 814 2301 870 dicta
2332 815 2558 870 terrain
2584 830 2746 886 opere
2791 823 2913 881 tuo;
2949 836 2967 869 ι
2995 816 3208 872 mulieri
3245 833 3374 873 vero
3416 818 3738 885 intrinseca,

2157 919 2280 960 cum
2324 905 2560 959 dicitur:
2592 924 2611 955 ‹
2644 904 3009 976 Multiplicabo
3055 922 3326 965 aerumnas
3369 917 3520 977 tuas,
3552 932 3569 962 ι
3600 921 3740 978 etc.,

2157 999 2283 1070 quia
2309 999 2526 1054 seducta
2555 1000 2768 1055 seduxit
2793 1001 2991 1056 virum.

2228 1089 2392 1147 Vsus.
2425 1093 2512 1147 19.
2533 1122 2603 1132 —
2629 1111 2647 1144 ‹
2674 1091 2855 1148 Pulvis
2883 1109 2963 1161 es,
2994 1114 3012 1147 ι
3041 1105 3147 1151 etc.
3181 1095 3398 1168 (GREG.,
3424 1099 3515 1154 ubi
3532 1102 3744 1174 supra.)

2159 1183 2332 1240 Homo
2355 1185 2429 1240 ita
2451 1185 2699 1242 conditus
2719 1185 2836 1253 fuit,
2852 1196 3160 1260 etc.,usque
3178 1190 3248 1244 ad
3271 1200 3522 1248 senectus
3547 1195 3746 1249 transit

2161 1277 2228 1331 ad
2254 1283 2506 1330 mortem.

2231 1367 2397 1423 Vsus.
2428 1369 2518 1423 ΞΟ.
2541 1399 2614 1410 —
2637 1389 2656 1422 ‹
2683 1369 2749 1425 Et
2772 1373 2986 1428 vocavit
3007 1372 3176 1429 Adam
3199 1391 3397 1432 nomen
3424 1379 3612 1434 uxoris
3633 1395 3749 1436 sua:

2169 1480 2188 1514 α
2215 1462 2352 1529 Eva,
2382 1481 2400 1514 ι
2435 1470 2541 1518 etc.
2560 1462 2739 1534 (AUG.,
2772 1465 2859 1519 ubi
2888 1467 3094 1539 supra.)
3118 1469 3294 1524 Verba
3320 1470 3480 1540 primi
3506 1473 3748 1528 hominis

2163 1556 2277 1611 haec
2299 1553 2532 1620 fuerunt,
2559 1558 2812 1626 quoniam
2844 1559 2959 1614 haec
2981 1569 3067 1614 est
3093 1568 3266 1615 mater
3289 1562 3531 1618 omnium
3559 1564 3719 1618 viveu

2163 1648 2318 1712 tium,
2346 1656 2596 1717 tanquam
2625 1649 2813 1703 reddat
2841 1665 3062 1705 causam
3080 1651 3318 1707 nominis
3344 1667 3376 1707 a
3400 1668 3460 1708 se
3481 1653 3746 1724 impositi,

2165 1754 2262 1794 cur
2291 1741 2496 1795 scilicet
2523 1740 2687 1796 Evam
2714 1741 3008 1797 vocaverit.

2238 1832 2473 1903 Mystice.
2497 1833 2677 1900 (AUG.,
2700 1834 2764 1888 de
2784 1832 2912 1890 Gen.
2929 1843 3110 1890 contra
3134 1835 3394 1901 Manich.,
3413 1836 3450 1891 l.
3473 1852 3600 1903 n,c.
3627 1837 3746 1908 21.)

2091 1894 2604 1996 ΒΡοεινρεοοείιιηι
2636 1934 2692 1981 et
2709 1925 2906 1995 judicis
2948 1928 3270 1983 sententiam
3311 1929 3523 1984 vocavit
3572 1894 3749 1985 Adam

2165 2034 2387 2074 uxorem
2428 2035 2579 2080 suam
2617 2019 2814 2086 Evam,
2843 2027 2972 2086 etc.,
3003 2037 3165 2092 usque
3203 2025 3274 2075 ad
3301 2023 3352 2077 in
3381 2023 3612 2092 pellibus
3649 2040 3752 2078 ex-

2165 2111 2417 2181 primitur
2440 2128 2559 2183 quze
2589 2113 2818 2168 mortuis
2843 2113 3159 2183 corporibus
3187 2114 3568 2170 detrahuntur.

2237 2203 2402 2259 Vens.
2435 2206 2525 2259 21.
2552 2235 2620 2245 —
2647 2225 2665 2257 ‹
2693 2205 2844 2261 Fecit
2867 2221 3102 2276 quoque,
3134 2227 3152 2258 ι
3179 2216 3286 2261 etc.
3319 2207 3502 2277 (Auo.,
3529 2208 3593 2262 de
3615 2206 3750 2264 Gen.

2103 2321 2106 2324 -
2165 2293 2260 2349 lib.
2286 2311 2360 2360 ιι,
2389 2311 2438 2350 c.
2469 2295 2583 2367 39.)
2617 2295 2728 2351 Hoc
2770 2312 2982 2366 quoque
3019 2297 3426 2368 signiﬁcationis
3471 2314 3636 2353 causa
3665 2298 3753 2354 fa-

2168 2393 2313 2439 ctum
2348 2394 2449 2446 est.
2482 2393 2537 2440 et
2581 2385 2634 2440 in
2671 2385 2826 2441 factis
2875 2389 3137 2456 quatritur
3166 2388 3295 2457 quid
3337 2387 3536 2444 factum
3567 2390 3661 2455 sit,
3698 2400 3755 2445 et

2167 2473 2296 2543 quid
2328 2474 2626 2544 significet,
2655 2482 2709 2530 et
2737 2474 2792 2530 in
2824 2475 2983 2531 dictis
3019 2476 3149 2546 quid
3192 2477 3394 2533 dictum
3432 2479 3520 2542 sit,
3556 2481 3757 2549 quidve

2170 2563 2458 2636 significet.
2529 2561 2536 2568 ’

2241 2655 2492 2727 (Suum)
2518 2655 2624 2727 lpsi
2653 2656 2900 2713 fecerunt
2943 2659 3046 2715 sibi
3085 2670 3440 2731 pemomata,
3471 2670 3531 2718 ut
3555 2679 3754 2735 pecca-

2171 2756 2280 2804 tum
2305 2765 2461 2804 suum
2481 2750 2876 2808 absconderent
2897 2768 2911 2807 :
2935 2754 3078 2809 Deus
3097 2770 3226 2810 vero
3249 2755 3461 2813 tunicas
3477 2757 3750 2828 pelliccas,

2168 2841 2364 2911 quibus
2394 2849 2564 2897 totum
2609 2858 2798 2899 eorum
2829 2860 3025 2916 corpus
3055 2846 3265 2914 induit,
3291 2848 3419 2918 quia
3452 2857 3507 2905 et
3543 2850 3598 2904 in
3627 2867 3754 2905 cor-

2167 2946 2298 3002 pore
2333 2932 2469 2988 etin
2511 2933 2693 2989 anima
2729 2950 2822 2991 eos
2863 2936 3008 3005 juste
3052 2938 3347 2994 damnavit.
3403 2939 3578 2996 Stulta
3623 2958 3756 2999 vero

2169 3024 2398 3093 qmestio
2427 3032 2512 3080 est
2537 3025 2770 3096 qualiter
2798 3027 2882 3082 vel
2909 3043 3018 3098 quo
3045 3037 3302 3100 operante
3337 3031 3506 3102 pelles
3531 3034 3600 3089 ab
3634 3035 3756 3088 ani-

2170 3113 2399 3170 malibus
2431 3115 2674 3172 deductae
2721 3118 2845 3183 sint,
2880 3135 3124 3190 qumrere
3151 3139 3162 3176 :
3186 3123 3280 3192 qui
3317 3124 3464 3178 enim
3491 3125 3556 3180 de
3584 3126 3755 3181 nihilo

2171 3206 2352 3262 omnia
2401 3208 2662 3274 condidit,
2705 3211 2974 3280 quomodo
3026 3220 3081 3268 et
3125 3215 3358 3284 qualiter
3400 3217 3590 3283 voluit,
3639 3219 3757 3273 haec

2172 3300 2320 3356 fecit.

2242 3390 2407 3449 Vens.
2449 3392 2630 3448 21—-
2655 3413 2672 3446 ‹
2709 3395 2776 3450 Et
2802 3396 2879 3452 ait
2906 3414 2919 3451 :
2946 3396 3088 3453 Ecce
3127 3397 3299 3453 Adam
3325 3402 3479 3470 quasi
3519 3417 3658 3458 unus
3685 3416 3755 3459 ex

2179 3503 2196 3534 ι
2227 3484 2401 3549 nobis,
2430 3503 2450 3536 ι
2474 3493 2580 3540 etc.
2610 3484 2792 3557 (Aum,
2820 3487 2975 3554 ibid.,
2997 3502 3048 3544 c.
3068 3487 3183 3560 41.)
3209 3487 3438 3560 Propter
3459 3491 3758 3548 trinitatem

2171 3577 2394 3648 pluralis
2439 3593 2700 3635 numerus
2745 3579 2986 3650 ponitur,
3019 3588 3148 3648 etc.,
3194 3599 3355 3654 usque
3401 3583 3470 3637 ad
3510 3584 3653 3640 sicut
3698 3585 3753 3640 iu

2173 3666 2412 3723 Ecclesia
2436 3670 2610 3726 solent
2630 3672 2879 3728 homines
2901 3688 2933 3727 a
2955 3675 3310 3731 sacramentis
3333 3675 3636 3733 visibilibus
3656 3677 3758 3733 Ec-

2173 3759 2350 3815 clesize
2375 3761 2653 3832 disciplina
2679 3763 2965 3819 removeri.

2245 3851 2428 3922 (Auc.,
2449 3854 2538 3908 ubi
2562 3872 2740 3926 supra,
2772 3871 2822 3910 c.
2849 3855 2964 3928 42.)
2992 3855 3185 3912 Mirum
3212 3865 3294 3914 est
3322 3858 3367 3914 si
3395 3859 3562 3914 Adam
3593 3861 3760 3930 spiri-

2175 3942 2334 3997 tualis
2359 3952 2476 3998 erat
2503 3955 2700 4011 mente,
2732 3955 2860 4014 etc.,
2889 3965 3050 4020 usque
3090 3950 3160 4004 ad
3195 3966 3316 4020 qua:
3345 3950 3535 4006 falsum
3566 3968 3756 4007 verum

2175 4049 2296 4088 esse
2323 4037 2550 4104 putavit.

2251 4146 2270 4177 ι
2307 4126 2469 4192 Quasi
2517 4143 2656 4183 unus
2701 4144 2768 4184 ex
2820 4131 2994 4188 nobis.
3030 4152 3048 4185 ι
3084 4133 3264 4206 (Αυαη
3295 4134 3359 4188 de
3399 4133 3532 4190 Gen.
3577 4147 3760 4193 contra

2177 4217 2436 4283 Manich.,
2463 4218 2555 4273 lib.
2584 4236 2652 4286 ll,
2685 4235 2732 4275 c.
2771 4223 2897 4294 2|.)
2947 4223 3240 4294 Dupliciter
3286 4225 3508 4298 intelligi
3551 4237 3757 4299 potest,

2180 4328 2199 4360 r
2229 4309 2383 4379 quasi
2412 4325 2550 4364 unus
2579 4326 2644 4365 cx
2678 4312 2865 4378 nobis,
2896 4331 2914 4365 ›
2945 4315 2996 4368 id
3019 4323 3102 4370 est
3128 4314 3301 4382 Deus,
3333 4325 3463 4382 etc.,
3495 4335 3653 4389 usque
3691 4322 3761 4374 ad

2175 4403 2345 4458 donec
2361 4403 2455 4457 Dei
2474 4405 2842 4460 misericordia
2866 4407 3157 4463 reviviscat
3175 4409 3266 4478 qui
3299 4418 3542 4465 mortuus
3563 4411 3757 4468 fuerat.

2246 4493 2541 4566 (Borean)
2576 4494 2654 4549 Ne
2681 4496 2930 4552 comedat
2964 4495 3031 4552 de
3058 4497 3205 4570 ligno
3228 4499 3380 4565 vitae,
3411 4511 3465 4556 et
3492 4501 3592 4557 hoc
3618 4502 3763 4559 facto

2177 4587 2316 4650 talis,
2336 4598 2444 4644 tam
2470 4589 2636 4645 miser
2657 4591 2828 4645 factus
2851 4591 3044 4658 Adam,
3061 4593 3210 4648 vivat
3233 4592 3288 4648 in
3309 4603 3591 4650 aeternum.
3621 4597 3761 4664 Quid

2181 4681 2325 4735 cnim
2353 4680 2395 4735 si
2416 4696 2537 4735 cum
2561 4681 2683 4735 talis
2707 4681 2878 4736 factus
2905 4684 2974 4738 sit
2997 4683 3143 4738 vivat
3172 4685 3226 4739 in
3251 4687 3549 4740 aeternum?
3580 4687 3764 4756 utique

2181 4771 2257 4826 nil
2286 4771 2389 4825 nisi
2422 4771 2618 4825 malum
2646 4780 2929 4827 mteruum.
2962 4772 3081 4828 Jam
3111 4775 3252 4830 enim
3279 4775 3446 4830 miser
3487 4777 3683 4840 factus,
3716 4778 3760 4830 si

2181 4872 2416 4918 attentus
2464 4879 2678 4934 quoque
2721 4865 2826 4931 sit,
2857 4867 2984 4936 quid
3033 4867 3138 4923 nisi
3181 4867 3458 4922 miseriam
3507 4877 3762 4924 atternam

2183 4957 2438 5014 habebit?
2465 4958 2756 5015 Parcamus
2778 4960 2877 5026 illi,
2901 4976 2970 5016 ne
2990 4961 3091 5016 hoc
3118 4961 3278 5016 modo
3301 4960 3442 5016 male
3463 4961 3532 5016 sit
3556 4979 3576 5012 ‹
3607 4962 3764 5031 quasi

2184 5070 2323 5109 unus
2350 5070 2416 5109 ex
2445 5055 2629 5120 nobis;
2661 5076 2679 5106 ι
2711 5071 2778 5111 ne
2816 5057 2956 5112 sicut
2997 5056 3225 5126 quisque
3254 5065 3498 5110 nostrum
3528 5063 3767 5112 aeternus

2181 5154 2266 5201 est
2309 5146 2565 5216 (aeternus
2615 5147 2757 5200 enim
2800 5146 2983 5213 Pater,
3013 5156 3248 5202 aeternus
3297 5145 3496 5214 Filius,
3528 5155 3765 5202 aeternus

2184 5237 2417 5308 Spiritus
2461 5237 2727 5308 sanctus),
2761 5238 2839 5294 sic
2887 5246 2941 5292 et
2969 5238 3058 5293 ille
3098 5245 3334 5293 aeternus
3371 5238 3460 5304 sit,
3483 5247 3539 5294 et
3560 5239 3629 5293 ob
3661 5238 3765 5294 hoc

2183 5344 2429 5384 veracem
2475 5345 2534 5384 se
2573 5345 2693 5386 esse
2729 5331 2902 5384 rideat
2938 5330 3125 5386 oculus
3156 5347 3386 5402 nequam
3424 5331 3644 5396 diaboli,
3672 5333 3765 5403 qui

2185 5420 2281 5475 Dei
2309 5420 2714 5476 similitudinem
2740 5422 2790 5477 ei
2819 5422 3145 5492 repromisit.
3174 5422 3387 5478 Etenim
3414 5423 3613 5479 malum
3641 5423 3766 5493 qui--

2182 5510 2302 5566 dem
2344 5510 2420 5566 illi
2447 5520 2531 5566 est
2569 5511 2916 5582 temporalem
2954 5529 3096 5578 esse,
3140 5515 3233 5568 sed
3281 5515 3574 5584 pessimum
3622 5524 3769 5572 esset

2181 5611 2446 5658 :eternum
2476 5619 2613 5659 esse.
2655 5603 2788 5658 Mala
2814 5604 2976 5659 nimis
2996 5613 3050 5658 et
3072 5604 3207 5660 falsa
3228 5615 3310 5660 est
3332 5607 3444 5661 haec
3469 5606 3768 5661 similitudo

2182 5699 2298 5755 Dei.
2330 5698 2494 5754 Multo
2518 5699 2710 5754 melius
2734 5699 2806 5754 illi
2831 5708 2914 5754 est
2933 5715 3053 5755 esse
3071 5700 3292 5754 omnino
3314 5700 3627 5756 dissimilem
3646 5702 3763 5758 Dei.

2182 5796 2496 5864 Quomodo?
2545 5795 2823 5863 Videlicet,
2861 5806 2941 5862 ut,
2973 5798 3100 5868 quia
3149 5798 3313 5853 miser
3356 5807 3458 5866 est,
3503 5800 3768 5857 sitellam

2183 5888 2533 5962 temporalis,
2584 5889 2687 5948 hoc
2725 5895 2809 5945 est
2851 5904 2970 5946 esse
3016 5889 3238 5947 omnino
3282 5890 3600 5952 dissimilem
3646 5891 3765 5949 Dei.
