4074 6334
315 367 389 426 97

1332 366 1599 428 GLOSSA
1637 365 2032 430 0RDINARIA.
2071 395 2142 412 -
2178 367 2307 428 LIB.
2347 369 2484 430 GEN
3499 369 3570 429 οε

309 482 458 534 Deus
485 479 631 535 enim
657 486 712 534 et
730 485 964 536 aeternus
991 487 1092 544 est,
1115 485 1171 533 et
1195 477 1342 543 felix,
1365 487 1420 534 et
1446 490 1531 536 est
1552 479 1668 550 ejus
1690 489 1893 536 aeterna
1918 482 1972 544 Α
1996 480 2103 536 nisi
2139 497 2238 552 per
2275 484 2560 550 cherubin,
2589 483 2643 540 id
2684 491 2769 540 est
2800 483 3190 555 plenitudinem
3222 481 3480 547 scientiae,
3516 482 3574 539 id

309 572 562 638 felicitas,
593 570 721 626 felix
749 571 1044 626 aeternitas.
1073 570 1276 626 Horum
1305 571 1556 638 alterum,
1589 573 1643 628 id
1666 581 1750 628 est
1773 572 1892 628 feli-

309 663 565 729 citatem,
605 661 842 730 perdidit
884 662 1158 730 diabolus,
1201 663 1559 718 :eternitatem
1607 678 1738 719 vero
1784 679 1892 720 non

309 757 523 822 amisit;
549 765 604 812 et
632 764 714 811 est
747 755 865 826 ejus
892 766 1094 812 aeterna
1121 755 1406 817 infelicitas
1425 798 1439 824 ,
1468 756 1653 812 infelix
1679 757 1893 812 mterni-

309 859 414 906 tas.
445 848 761 916 Parcamus,
789 845 1029 920 inquam,
1058 851 1294 917 homini;
1323 859 1380 906 et
1415 851 1540 922 quia
1578 851 1892 906 felicitatem

307 939 564 1011 perdidit,
597 939 960 995 :eternitatem
1001 955 1215 1011 quoque
1245 941 1621 1012 praecipiamus
1665 940 1889 1007 infelici,

307 1041 369 1088 ut
405 1034 459 1088 in
497 1041 690 1089 neutro
734 1033 806 1088 sit
837 1053 855 1085 ι
884 1033 1039 1103 quasi
1069 1049 1208 1088 unus
1249 1048 1316 1088 ex
1355 1033 1543 1100 nobis;
1574 1053 1594 1086 ι
1627 1034 1784 1089 nobis
1807 1041 1892 1089 est

307 1136 510 1181 aeterna
561 1125 816 1192 felicitas,
843 1124 969 1180 felix
1012 1127 1322 1192 aeternitas;
1357 1126 1426 1181 sit
1457 1127 1531 1182 illi
1580 1126 1891 1197 temporalis

305 1221 551 1287 miseria,
581 1219 667 1274 vel
707 1219 907 1276 misera
943 1221 1343 1291 temporalitas;
1371 1229 1433 1276 ut
1474 1230 1602 1277 tunc
1640 1222 1716 1276 illi
1745 1238 1890 1277 com-

305 1313 500 1370 modus
529 1312 858 1368 reformetur
886 1313 1184 1378 aiternitas,
1215 1327 1338 1367 cum
1384 1311 1546 1368 fuerit
1575 1321 1890 1385 recuperata

305 1405 560 1462 felicitas.
587 1405 647 1461 lu
689 1421 886 1476 magna
929 1419 1057 1475 ergo
1103 1404 1205 1470 ira,
1252 1419 1459 1476 magna?
1507 1404 1891 1460 misericordias

305 1501 568 1560 Dominus
594 1499 912 1555 recordatus
941 1507 1042 1563 est,
1075 1499 1180 1552 hoc
1220 1498 1334 1568 ipso
1363 1499 1506 1567 quod
1535 1497 1737 1568 lignum
1765 1499 1890 1553 vitae

304 1613 417 1653 non
454 1593 724 1650 concessit
765 1591 964 1646 misero
1009 1589 1215 1645 homini
1244 1608 1256 1644 :
1282 1590 1478 1660 quippe
1524 1606 1682 1660 quem
1723 1589 1892 1646 voluit

303 1691 383 1746 sic
417 1703 536 1744 esse
567 1685 884 1743 dissimilem
911 1684 1034 1749 sibi,
1058 1693 1119 1739 ut
1158 1699 1266 1739 non
1303 1693 1449 1739 esset
1490 1683 1782 1753 utrobique
1819 1683 1892 1738 si-

302 1786 449 1841 milis
480 1782 716 1847 diabolo,
747 1781 800 1835 id
828 1787 912 1835 est
939 1793 1007 1834 ne
1036 1778 1246 1834 viveret
1274 1778 1465 1843 homo,
1496 1793 1648 1846 aeque
1683 1784 1742 1830 ut
1769 1776 1889 1830 dia-

1995 583 2078 630 est
2121 577 2440 634 charitatem
2465 597 2478 633 :
2507 587 2562 633 et
2607 595 2705 650 per
2748 577 2982 650 gladium
3027 575 3368 645 versatilem,
3395 575 3452 633 id
3488 582 3574 632 est

1993 667 2332 726 tolerantiam
2361 671 2734 742 temporalem.

2599 803 2828 861 CAPUT
2877 805 2964 862 IV.

2065 940 2228 996 Vens.
2259 941 2310 996 1.
2334 972 2406 982 -
2431 961 2451 994 ι
2482 942 2654 999 Adam
2685 960 2836 1011 vero,
2864 965 2882 996 ›
2933 955 3040 1002 etc.
3087 945 3271 1014 (AUG.,
3299 945 3393 1002 lib.
3429 963 3485 1003 Ix
3510 946 3574 1000 de

1994 1031 2125 1089 Gen.
2153 1035 2222 1088 ad
2245 1034 2373 1103 litt.,
2400 1052 2450 1091 c.
2477 1036 2555 1109 4).
2593 1037 2651 1091 In
2674 1039 2924 1108 paradiso
2965 1039 3271 1110 virginitas,
3299 1047 3452 1094 extra
3478 1055 3577 1094 nu-

1991 1128 2138 1198 ptiae,
2162 1136 2290 1193 etc.,
2326 1147 2490 1202 usque
2517 1131 2587 1185 ad
2617 1132 2710 1186 sed
2738 1141 2860 1202 post
2886 1133 2940 1187 in
2967 1133 3158 1188 exsilio
3192 1143 3466 1206 generata.

2066 1238 2084 1271 ι
2112 1217 2372 1290 ConCepit
2416 1233 2472 1275 et
2512 1223 2742 1292 peperit,
2774 1242 2794 1274 ι
2817 1232 2921 1278 etc.
2970 1223 3104 1279 Cain
3131 1232 3188 1279 et
3214 1223 3349 1280 Abel
3374 1225 3440 1280 de
3475 1241 3577 1280 una

1991 1317 2165 1365 matre
2191 1311 2378 1382 geniti,
2405 1311 2575 1382 ﬁgura
2607 1321 2733 1368 sunt
2779 1313 3020 1368 omnium
3069 1315 3348 1370 hominum
3390 1315 3481 1386 qui
3511 1316 3577 1370 de

1992 1401 2174 1456 radice
2202 1403 2409 1472 peccati
2450 1403 2505 1458 in
2547 1404 2689 1460 hanc
2731 1405 2897 1461 vitam
2935 1416 3338 1479 propagantur;
3388 1417 3444 1462 et
3487 1407 3578 1461 alii

1991 1501 2267 1550 terrenam
2297 1496 2572 1552 civitatem
2601 1507 2654 1553 et
2685 1501 2991 1557 mortiferas
3021 1503 3240 1559 delicias
3272 1511 3400 1558 sunt
3435 1519 3582 1559 ama-

1993 1590 2122 1653 turi,
2156 1599 2210 1644 et
2257 1600 2516 1660 quantum
2561 1593 2613 1647 in
2659 1609 2718 1648 se
2761 1603 2846 1650 est
2894 1597 3191 1653 ambitione
3240 1598 3576 1668 possessuri;

1993 1693 2128 1748 quos
2149 1679 2415 1750 significat
2445 1680 2596 1748 Cain,
2635 1683 2727 1752 qui
2753 1683 3143 1756 interpretatur
3168 1689 3445 1757 possessio.
3477 1687 3582 1743 Alii

1993 1767 2229 1824 futuram
2260 1771 2538 1826 civitatem
2564 1774 2863 1843 quaesituri,
2887 1783 2944 1830 ει
2963 1776 3028 1832 de
3049 1777 3211 1848 hujus
3235 1778 3584 1834 habitationis

301 1878 478 1940 bolns,
504 1889 677 1945 usque
703 1844 774 1928 ad
797 1872 1048 1927 ultimum
1087 1869 1375 1940 judicium,
1409 1878 1466 1925 et
1503 1844 1656 1939 aeque
1683 1876 1745 1922 ut
1776 1867 1888 1935 ille,
1917 1844 1965 1903 Β
1991 1860 2228 1916 miseriis
2249 1861 2511 1932 lugentes,
2543 1865 2609 1918 ad
2639 1864 2877 1921 futuram
2904 1844 3136 1936 gloriam
3170 1877 3282 1924 toto
3317 1869 3584 1926 desiderio

301 1971 510 2040 absque
550 1964 834 2037 temporali
877 1971 1085 2031 morte,
1115 1963 1375 2019 transiret
1415 1962 1484 2018 ad
1513 1969 1779 2017 aeternum
1808 1961 1886 2016 in-

302 2062 574 2118 cendium.

383 2151 544 2207 Vens.
591 2150 680 2204 25.
704 2179 776 2189 -
803 2166 822 2200 ε
862 2147 932 2203 Ει
974 2148 1154 2203 emisit
1194 2143 1351 2212 eum,
1387 2167 1405 2200 ι
1437 2157 1542 2203 etc.
1593 2146 1791 2217 (Auc.,
1825 2145 1889 2201 de

302 2240 438 2298 Gen.
463 2249 642 2296 contra
665 2239 921 2304 Manich.,
956 2239 991 2292 l.
1021 2255 1082 2305 ιι,
1111 2255 1160 2294 c.
1185 2237 1304 2309 22.)
1329 2237 1390 2292 In
1419 2237 1597 2293 locum
1628 2238 1731 2294 sibi
1761 2254 1890 2294 con-

301 2350 528 2408 gruum;
558 2333 699 2388 sicut
726 2331 1042 2402 plerumque
1069 2329 1260 2395 malus,
1293 2345 1418 2386 cum
1442 2330 1584 2385 inter
1608 2330 1781 2385 bonos
1814 2329 1892 2384 vi-

299 2442 432 2480 vere
451 2423 695 2494 cteperit,
729 2422 773 2477 si
803 2421 860 2476 in
889 2421 1080 2477 melius
1109 2420 1309 2475 mutari
1342 2420 1595 2485 noluerit,
1620 2420 1686 2475 de
1715 2421 1889 2478 bono-

301 2534 422 2573 rum
453 2515 868 2586 congregatione
902 2512 1120 2585 pellitur
1156 2512 1396 2584 pondere
1437 2527 1618 2583 prava:
1663 2527 1892 2570 consue-

305 2610 506 2666 tudinis
534 2624 663 2664 suaz.

374 2703 541 2756 Vens.
570 2701 664 2756 24.
686 2732 755 2742 —
783 2719 803 2752 ‹
829 2699 1110 2770 Ejecitque
1132 2699 1322 2754 Adam.
1359 2719 1376 2751 θ
1403 2699 1657 2770 (HIERON.
1690 2699 1890 2767 Quwst.

303 2793 494 2858 Helm,
525 2799 657 2846 tom.
683 2789 796 2860 Ill.)
834 2789 975 2844 LXX
1002 2807 1014 2842 :
1046 2807 1064 2839 ι
1094 2790 1161 2851 Et
1203 2787 1382 2857 ejecit,
1411 2797 1466 2844 et
1492 2790 1741 2844 habitare
1767 2790 1895 2846 fecit

302 2895 494 2942 contra
522 2883 835 2954 paradisum
862 2881 1175 2953 voluptatis,
1205 2889 1260 2936 et
1289 2881 1479 2935 statuit
1507 2881 1794 2946 cherubin,
1841 2891 1898 2936 et

303 2980 608 3034 ﬂammeam
637 2976 1026 3045 rhompheam,
1057 2990 1179 3044 quae
1207 2975 1441 3029 vertitur
1486 2975 1554 3030 ad
1580 2975 1895 3030 custodien-

301 3071 430 3126 dam
465 3069 595 3141 ligni
620 3069 744 3124 vitae
768 3068 931 3122 viam.
964 3087 983 3120 ι
1015 3067 1166 3122 Alius
1203 3083 1396 3122 sensus
1420 3075 1505 3121 est
1543 3067 1597 3121 in
1635 3065 1892 3133 Hebraeo;

303 3165 381 3218 ait
407 3163 576 3225 enim,
609 3178 628 3212 ‹
660 3169 715 3216 ει
757 3159 918 3231 ejecit
960 3159 1240 3224 Dominus,
1265 3178 1283 3211 ι
1316 3157 1489 3213 Adam
1535 3159 1762 3224 scilicet,
1795 3179 1812 3210 ι
1843 3169 1899 3214 ει

302 3257 554 3314 habitare
587 3255 718 3311 fecit
759 3261 885 3309 ante
927 3253 1237 3324 paradisum
1269 3253 1559 3322 voluptatis
1610 3252 1893 3319 cherubin,

302 3355 363 3404 et
405 3347 712 3404 ﬂammeum
749 3345 1005 3417 gladium.
1037 3364 1055 3396 ι
1086 3343 1203 3400 Νοη
1249 3346 1394 3415 quod
1436 3345 1609 3401 Adam
1655 3345 1899 3400 habitare

305 3439 496 3496 fecerit
522 3447 710 3497 contra
732 3438 1046 3508 paradisum
1070 3437 1384 3508 voluptatis,
1415 3437 1530 3503 sed,
1563 3438 1654 3493 illo
1699 3436 1896 3506 ejecto,

304 3543 436 3588 ante
458 3531 604 3587 fores
623 3531 862 3602 paradisi
890 3529 1156 3586 cherubin
1179 3538 1234 3586 et
1252 3528 1562 3586 ﬂammeum
1584 3530 1765 3601 posuit
1789 3529 1902 3602 gla-

307 3625 479 3690 dium,
513 3637 582 3678 ne
608 3623 732 3694 quis
758 3631 944 3693 posset
965 3622 1190 3677 intrare.

386 3739 405 3772 c
441 3719 508 3774 Et
553 3717 857 3783 collocavit,
890 3737 910 3770 ι
943 3725 1050 3774 etc.
1085 3716 1266 3788 (AUG.,
1311 3724 1367 3770 ut
1397 3714 1602 3787 supra.)
1648 3715 1763 3771 Hoc
1805 3729 1905 3786 per

307 3811 563 3868 εωῑεειεε
588 3819 887 3881 potestates
911 3810 1076 3865 etiam
1112 3809 1168 3864 in
1193 3809 1445 3879 paradiso
1475 3808 1674 3864 visibili
1700 3807 1902 3864 factum

308 3919 431 3961 esse
476 3901 807 3959 credendum
841 3911 960 3968 est,
986 3910 1048 3956 ut
1072 3916 1169 3971 per
1194 3900 1497 3972 angelicum
1541 3901 1904 3956 ministerium

310 3997 386 4053 ibi
405 4005 555 4052 esset
579 3997 826 4068 quaedam
856 3995 1012 4066 ignea
1037 3994 1304 4059 custodia,
1328 4009 1436 4050 non
1469 3992 1649 4048 tamen
1677 3993 1900 4061 frustra,

311 4089 411 4145 sed
435 4089 562 4160 quia
594 4087 798 4158 aliquid
833 4087 900 4142 de
927 4086 1182 4158 paradiso
1208 4085 1478 4158 signiﬁcat
1506 4087 1795 4157 spirituali.

392 4201 409 4232 ε
443 4179 756 4245 Collocavit,
792 4199 810 4232 ι
837 4187 943 4234 ειε.
985 4177 1237 4250 (ὅπως.)
1273 4177 1389 4234 Ηοε
1417 4187 1501 4233 εει
1535 4194 1632 4248 per
1661 4179 1903 4235 ministe-

313 4272 457 4328 rium
481 4271 797 4344 angelorum
821 4271 1035 4342 igneam
1059 4270 1362 4325 custodiam
1388 4271 1692 4326 constituit.
1727 4269 1905 4325 Flam-

313 4382 470 4422 meus
511 4365 721 4437 gladius
754 4365 1155 4432 tribulationes,
1179 4365 1396 4421 dolores
1425 4374 1479 4420 et
1503 4365 1720 4422 labores
1747 4365 1908 4436 hujus

313 4459 471 4525 vitte,
510 4457 706 4528 quibus
758 4472 858 4512 nos
903 4471 1255 4522 exercemur;
1303 4455 1387 4511 vel
1433 4457 1704 4512 sententia
1746 4455 1908 4525 justae

1995 1953 2295 2019 transituri,
2353 1969 2490 2024 quos
2538 1957 2808 2027 significat
2853 1957 3008 2025 Abel,
3057 1959 3149 2032 qui
3191 1960 3584 2031 interpretatur

1992 2043 2184 2113 luctus,
2231 2055 2292 2103 et
2317 2055 2402 2103 est
2449 2050 2757 2118 posterior:
2791 2051 2918 2120 quia
2971 2067 3078 2106 non
3123 2053 3276 2122 prius
3310 2061 3394 2108 est
3441 2054 3585 2124 quod

1993 2138 2272 2209 Spirituale
2301 2148 2405 2206 est,
2433 2143 2527 2196 sed
2569 2143 2712 2212 quod
2758 2143 3012 2199 animale.
3046 2143 3182 2201 Hinc
3230 2145 3365 2202 Cain
3389 2146 3586 2202 dicitur

1999 2247 2018 2280 ι
2047 2230 2302 2301 agricola,
2331 2251 2350 2283 ι
2402 2233 2455 2287 id
2503 2241 2605 2299 est,
2647 2235 2880 2290 terrenis
2923 2237 3178 2306 operibus
3225 2239 3580 2307 incumbens;

1992 2321 2126 2378 Abel
2152 2338 2283 2380 vero
2316 2343 2334 2376 ‹
2370 2334 2559 2395 pastor
2583 2327 2787 2394 ovium,
2810 2347 2828 2380 ι
2857 2328 3256 2398 simplicitatem
3297 2332 3504 2388 scilicet
3532 2339 3588 2388 et

1992 2414 2358 2470 innocentiam
2388 2416 2636 2488 diligens.

2064 2508 2374 2579 Allegorice.
2401 2509 2576 2581 (1510.,
2600 2511 2656 2564 in
2681 2509 2838 2582 Gen.)
2868 2512 2986 2568 Duo
3023 2512 3119 2568 filii
3146 2512 3278 2570 Adae
3313 2513 3448 2570 duos
3488 2529 3586 2584 p0-

1993 2599 2149 2672 pulos
2183 2601 2514 2670 exprimunt,
2565 2599 2849 2657 Iudaicum
2887 2593 3095 2660 scilicet
3123 2613 3252 2659 natu
3300 2604 3582 2674 majorem,

1995 2702 2123 2760 etc.,
2155 2711 2316 2766 usque
2348 2695 2418 2750 ad
2446 2696 2602 2766 quasi
2630 2712 2738 2752 non
2761 2697 3040 2767 permittat
3067 2700 3207 2755 ratio
3229 2709 3434 2757 motum
3454 2717 3587 2773 pra-

1994 2799 2122 2839 vum
2155 2785 2225 2840 ad
2254 2784 2504 2841 effectum
2530 2787 2738 2854 venire,
2771 2789 2865 2844 sed
2888 2790 3102 2846 stud’eat
3123 2790 3431 2864 subjugare.

2069 2879 2234 2934 Vens.
2258 2879 2312 2934 2.
2334 2911 2404 2920 —
2424 2901 2443 2933 ‹
2471 2873 2605 2937 Fuit
2629 2891 2807 2938 autem
2832 2883 2987 2953 Abel,
3009 2903 3028 2936 ι
3058 2894 3164 2942 etc.
3200 2886 3260 2941 In
3293 2904 3401 2958 quo
3425 2889 3589 2962 signi-

1999 2971 2192 3028 ficatur
2217 2973 2311 3043 qui
2361 2973 2428 3030 de
2481 2982 2694 3030 terrena
2755 2975 3150 3033 inbabitatione
3193 2978 3397 3052 lugent.
3453 2981 3588 3039 Abel

1996 3082 2231 3138 namque
2264 3067 2436 3123 luctus
2471 3069 2878 3139 interpretatur,
2927 3070 3009 3126 vel
3045 3088 3223 3144 vapor,
3255 3074 3381 3144 quia
3407 3074 3586 3132 luctus

2002 3156 2102 3212 fuit
2125 3159 2441 3228 parentibus
2468 3159 2555 3214 vel
2581 3167 2840 3231 tanquam
2869 3175 3038 3232 vapor
3066 3163 3176 3219 cito
3201 3164 3487 3234 disparuit.
3544 3229 3546 3231 ,

2073 3249 2236 3306 Vens.
2265 3249 2320 3317 5,
2345 3249 2398 3304 4.
2421 3281 2489 3292 -—
2515 3269 2534 3303 ι
2571 3251 2797 3307 Factum
2839 3262 2925 3309 est
2956 3263 3157 3324 autem,
3181 3276 3200 3310 ›
3247 3267 3353 3314 etc.
3385 3278 3404 3311 ι
3457 3258 3596 3315 Abel

2001 3358 2218 3413 quoque
2245 3344 2458 3410 obtulit,
2483 3365 2501 3397 ι
2542 3353 2647 3400 etc.
2695 3345 2830 3414 Quia
2877 3347 3057 3418 justus
3103 3349 3158 3403 in
3195 3351 3446 3406 omnibus
3473 3368 3593 3422 qua:

2004 3436 2114 3507 agit
2152 3451 2250 3506 per
2283 3437 2441 3492 fidem
2480 3445 2537 3494 et
2557 3437 2878 3492 charitalem
2904 3437 2994 3509 (de
3033 3441 3229 3509 quibus
3249 3449 3457 3496 casterze
3483 3444 3594 3498 vir-

2002 3533 2146 3582 tutes
2175 3527 2444 3593 oriuntur,
2495 3535 2550 3582 et
2591 3528 2707 3582 sine
2757 3529 2953 3598 quibus
3009 3529 3144 3584 nihil
3197 3531 3443 3602 prosunt)
3484 3530 3594 3588 Deo

2003 3616 2219 3689 placere
2242 3618 2538 3683 contendit,
2572 3618 2711 3688 quod
2742 3619 3080 3691 significatur
3125 3621 3179 3676 in
3229 3623 3476 3695 adipibus
3501 3626 3591 3680 ob-

2005 3709 2168 3776 latis;
2199 3711 2342 3767 unde
2383 3710 2520 3781 psal.
2553 3727 2662 3766 an
2691 3731 2705 3767 :
2737 3732 2756 3764 ε
2791 3711 2945 3768 Sicut
2989 3714 3147 3786 adipe
3187 3725 3244 3771 et
3270 3717 3596 3789 pinguedine

2006 3802 2282 3872 repleatur
2338 3803 2521 3858 anima
2570 3819 2713 3859 mea.
2753 3825 2772 3858 ι
2818 3804 2950 3862 Sine
2989 3806 3254 3864 cbaritate
3309 3809 3594 3867 macilenta

2006 3902 2090 3950 est
2114 3894 2294 3948 anima
2319 3904 2374 3951 et
2414 3896 2688 3968 languida,
2722 3905 2778 3952 et
2807 3898 2862 3953 in
2883 3899 3030 3955 nullo
3059 3899 3172 3957 Deo
3200 3901 3486 3973 placitura.

2082 4005 2100 4038 ‹
2138 3985 2204 4040 Ει
2251 3988 2488 4058 respexit
2532 3988 2792 4045 Dominus
2838 3991 2906 4046 ad
2963 3990 3114 4057 Abel,
3164 4012 3183 4044 ι
3224 4003 3329 4049 etc.
3389 3993 3593 4066 (HIER.,

2009 4075 2212 4144 Qucest.
2241 4076 2404 4132 Hebr.
2427 4079 2481 4132 in
2503 4075 2657 4146 Gem,
2677 4087 2808 4135 tom.
2829 4079 2942 4152 Ill.)
2968 4080 3120 4137 Unde
3141 4083 3244 4138 hoc
3263 4085 3438 4154 potuit
3458 4085 3600 4139 scire

2006 4167 2164 4238 Cain,
2186 4169 2289 4225 nisi
2311 4185 2441 4226 vera
2461 4179 2607 4227 esset
2627 4171 3003 4243 interpretatio
3025 4171 3413 4230 Thcodotionis
3438 4193 3450 4229 :
3479 4195 3497 4227 ε
3531 4175 3598 4229 Ει

2009 4262 2364 4320 inflammavit
2392 4265 2655 4322 Dominus
2687 4281 2849 4336 super
2875 4266 3030 4332 Abel,
3082 4276 3136 4322 et
3180 4283 3344 4337 super
3389 4268 3592 4323 sacriﬁ-

2009 4359 2153 4414 cium
2174 4357 2311 4428 ejus,
2353 4375 2516 4431 super
2537 4359 2691 4422 Cain,
2736 4370 2790 4416 et
2831 4361 3161 4416 sacrificium
3201 4378 3358 4418 suum
3383 4378 3490 4418 non
3516 4364 3590 4418 in-

2009 4451 2347 4508 flammavit?
2376 4471 2393 4504 ι
2424 4453 2605 4524 Ignem
2653 4461 2834 4508 autem
2887 4455 2955 4509 de
2993 4454 3130 4510 caelo
3165 4457 3352 4512 venire
3381 4455 3596 4512 solitum

314 4550 702 4616 damnationis,
735 4565 855 4621 qua:
883 4549 1089 4605 homini
1114 4556 1199 4605 est
1224 4549 1370 4614 data,
1396 4550 1489 4620 qui
1521 4550 1592 4605 ita
1621 4551 1908 4606 damnatus
1933 4572 1987 4632 D
2011 4543 2078 4598 ad
2107 4543 2434 4600 sacrificium
2468 4545 2854 4610 devorandum,
2881 4554 2940 4601 ut
2966 4546 3022 4601 in
3049 4547 3390 4605 dedicatione
3417 4550 3599 4621 templi

315 4649 486 4696 estut
513 4640 716 4696 Christi
761 4641 1010 4711 passione
1037 4641 1228 4696 redimi
1258 4649 1460 4712 posset.
1503 4641 1657 4699 Unde
1699 4643 1909 4714 gladius

315 4732 591 4788 versatilis
613 4732 831 4798 dicitur,
859 4733 986 4804 quia
1014 4741 1197 4802 potest
1217 4733 1504 4790 removeri.
1547 4734 1808 4790 Remotus
1830 4744 1915 4790 est

319 4825 467 4880 enim
494 4823 680 4879 Enoch
704 4833 758 4879 et
779 4823 929 4888 Elite,
951 4832 1005 4880 et
1025 4825 1267 4895 quotidie
1298 4833 1610 4881 removetur
1640 4825 1909 4893 ﬁdelibus,

320 4916 392 4970 de
414 4915 518 4970 hac
534 4915 642 4970 vita
665 4915 732 4970 ad
752 4931 1042 4985 supernam
1065 4915 1456 4971 beatitudinem
1480 4918 1908 4974 transeuntibus.

320 5007 438 5064 Nec
462 5008 592 5064 dicit
617 5006 889 5062 flammam
914 5015 969 5062 et
997 5007 1254 5079 gladium,
1289 5007 1386 5062 sed
1415 5026 1434 5058 ‹
1465 5006 1774 5063 flammeum
1800 5008 1913 5080 gla-

323 5101 472 5156 dium
505 5120 518 5154 :
551 5120 569 5152 »
609 5100 703 5170 qui
743 5100 890 5155 enim
937 5101 1005 5155 ad
1053 5099 1361 5170 paradisum
1405 5102 1654 5168 redeunt,
1688 5117 1914 5158 necesse

323 5199 410 5247 est
451 5199 512 5246 ut
555 5191 680 5262 igne
719 5189 955 5261 Spiritus
1003 5192 1176 5246 sancti
1223 5206 1414 5247 omnes
1446 5192 1917 5263 concupiscentias

325 5285 490 5355 hujus
519 5284 644 5339 vita:
670 5293 930 5350 exurant,
961 5291 1014 5340 et
1039 5283 1218 5357 gladio
1241 5285 1393 5342 verbi
1423 5285 1519 5340 Dei
1541 5286 1725 5342 omnia
1756 5288 1916 5344 noxia

326 5375 648 5447 praecidant.

407 5487 425 5518 ‹
459 5469 526 5522 Ει
566 5467 886 5534 collocavit,
913 5487 932 5519 ι
971 5475 1078 5524 etc.
1124 5468 1306 5539 (lsm.,
1351 5469 1406 5523 in
1437 5469 1590 5533 Cen.,
1640 5479 1772 5526 tom.
1817 5470 1918 5542 V.)

329 5561 608 5617 Cherubin
640 5561 919 5630 plenitudo
965 5561 1222 5624 scientia),
1249 5563 1364 5616 haec
1400 5571 1482 5618 est
1521 5563 1759 5618 charitas
1799 5580 1921 5633 qua:

329 5656 613 5726 plenitudo
639 5656 774 5728 legis
809 5665 893 5712 est
927 5658 1143 5714 divinae.
1175 5658 1401 5715 Gladius
1425 5659 1726 5728 flammeus,
1747 5676 1922 5732 preme

334 5749 686 5820 temporales,
719 5765 838 5819 quae
882 5749 1164 5804 versatiles
1208 5759 1356 5816 sunt,
1379 5752 1634 5822 quoniam
1680 5761 1922 5822 tempora

333 5840 592 5897 volubilia
630 5850 772 5898 sunt.
811 5839 892 5897 Ad
915 5843 1164 5900 arborem
1201 5843 1364 5914 igitur
1391 5845 1513 5900 vita:
1551 5861 1656 5903 non
1696 5845 1922 5912 reditur,

2019 4636 2118 4690 sub
2150 4635 2461 4703 Salomone,
2515 4637 2765 4710 legimus,
2813 4647 2869 4694 et
2917 4640 3131 4710 quando
3160 4639 3306 4697 Elias
3337 4642 3391 4697 in
3419 4652 3600 4697 monte

2018 4726 2254 4783 Carmeli
2283 4728 2588 4783 construxit
2625 4729 2818 4784 altare.

2089 4819 2260 4893 (lsm.,
2285 4830 2342 4874 ut
2370 4819 2576 4894 supra.)
2606 4821 2661 4877 Si
2698 4831 2846 4880 recte
2881 4823 3099 4891 offeras,
3127 4833 3182 4881 et
3205 4841 3311 4882 non
3342 4835 3489 4882 recte
3517 4825 3601 4881 di-

2016 4910 2191 4977 vidas,
2213 4910 2448 4982 peccasti
2476 4928 2489 4966 :
2521 4911 2646 4982 quia
2670 4913 2771 4968 etsi
2796 4921 2954 4970 antea
2985 4914 3154 4970 Judaei
3182 4925 3328 4972 recte
3359 4917 3446 4972 illa
3475 4916 3604 4974 olfe-

2018 5005 2228 5069 rebant,
2262 5003 2318 5056 in
2349 5017 2415 5058 eo
2446 5003 2524 5058 rei
2566 5013 2692 5059 sunt
2731 5006 2857 5077 quia
2881 5005 3091 5062 Novum
3137 5007 3541 5066 Testamentum
3571 5025 3601 5065 a

2014 5097 2185 5152 veteri
2201 5111 2308 5151 non
2330 5096 2709 5153 distinxerunt.

2092 5191 2252 5248 Vens.
2285 5192 2338 5259 5,
2365 5193 2417 5258 6,
2441 5194 2494 5248 7.
2516 5225 2584 5234 —
2716 5213 2736 5246 ι
2771 5194 2828 5250 In
2874 5194 3100 5260 foribus.
3125 5215 3145 5250 ›
3194 5196 3373 5270 (Δια.)
3415 5197 3471 5254 ld
3497 5206 3600 5264 est,

2022 5286 2314 5341 intrantem
2337 5294 2390 5340 te
2409 5293 2466 5340 et
2488 5295 2778 5342 exeuntem
2801 5294 3084 5356 peccatum
3113 5289 3480 5357 comitabitur,
3504 5304 3606 5344 nec

2024 5377 2284 5434 Dominus
2315 5378 2584 5434 custodiet
2611 5379 2893 5436 introitum
2930 5389 3081 5436 tuum
3105 5389 3160 5436 et
3199 5383 3405 5438 exitum
3431 5390 3602 5436 tuum.

2096 5469 2260 5525 Vens.
2287 5472 2341 5526 8.
2362 5501 2434 5512 -—
2457 5491 2474 5522 ε
2507 5471 2764 5543 Dixitque
2791 5471 2946 5539 Cain,
2977 5493 2997 5524 ι
3045 5481 3152 5528 etc.
3185 5474 3354 5542 (lsm.,
3401 5475 3602 5538 Qumst.

2022 5563 2079 5617 in
2113 5561 2270 5628 Gem,
2297 5573 2427 5619 tom.
2461 5561 2550 5636 V.)
2599 5563 2715 5621 Non
2763 5565 3063 5634 acquiescit
3104 5566 3332 5622 Domino
3384 5564 3604 5631 dicenti,

2025 5656 2274 5724 Quiesce,
2307 5666 2437 5723 etc.,
2469 5674 2634 5728 usque
2662 5655 2730 5711 ad
2776 5657 3042 5713 occiditur
3082 5671 3210 5727 ergo
3235 5655 3484 5712 Christus
3520 5654 3609 5725 ju-

2027 5751 2197 5806 nioris
2223 5751 2401 5820 populi
2431 5759 2610 5821 caput,
2645 5767 2672 5804 a
2697 5751 2901 5821 majore
2928 5758 3078 5804 natu.

2101 5841 2261 5898 Vens.
2288 5843 2338 5900 9.
2367 5875 2433 5883 ——
2463 5864 2478 5894 ι
2510 5844 2571 5898 Et
2601 5844 2673 5899 ait
2702 5842 2958 5900 Dominus
3000 5841 3068 5896 ad
3094 5840 3246 5898 Cain.
3273 5860 3290 5893 ι
3327 5840 3496 5914 (Ιειυ.,
3522 5840 3610 5897 ubi
