4074 6334
525 402 595 462 99
1016 398 1410 459 WALAFRIDI
1448 392 1695 457 suum
1730 394 1933 454 FULD.
1977 376 2143 454 noxii.
2185 392 2335 453 ore.
2376 392 2557 453 rans
2591 418 2635 451 ι.
2674 425 2746 437 -
2783 396 3239 455 THEOLOGICA.
3674 398 3783 456 too

523 516 729 591 supra.)
763 515 1062 586 lnterrogat
1086 513 1343 569 Dominus
1372 512 1528 581 Cain,
1550 529 1657 568 non
1684 512 1903 584 ignarus
1931 521 1991 568 ut
2018 513 2098 569 di—
2123 524 2172 582 Α
2199 514 2307 570 tius
2330 520 2497 583 patet.
2556 510 2861 567 Secundum
2908 511 3069 567 LXX.
3108 531 3127 564 ς
3167 488 3356 569 Omnis
3392 509 3484 580 qui
3515 509 3786 566 occiderit

525 614 660 675 seat,
713 607 805 662 sed
830 606 993 674 judex
1023 614 1081 659 ut
1104 606 1311 674 puniat.
1346 605 1523 675 Usque
1562 605 1721 659 hodie
1758 602 1949 669 Judaei,
1976 619 2099 659 cum

522 716 620 771 per
641 698 952 767 Scripturas
981 711 1077 751 eos
1100 696 1493 767 interrogamus
1517 696 1582 751 de
1606 696 1842 761 Christo,
1880 712 2102 766 respou-

526 791 655 846 dent
683 803 743 844 se
763 787 971 843 nescire
992 802 1112 856 quae
1132 787 1382 842 dicimus.
1411 785 1639 841 Mendax
1664 786 1796 841 Cain
1814 786 2097 857 ignoratio,

522 876 828 935 Judaaorum
857 885 943 932 est
970 875 1105 932 falsa
1135 878 1386 947 negatio:
1417 885 1601 931 essent
1626 892 1756 932 vero
1784 875 1988 935 Christi
2013 892 2103 932 cu-

524 969 725 1032 studes,
758 968 804 1022 si
830 967 994 1023 corde
1028 967 1309 1022 crederent
1342 975 1397 1022 et
1421 982 1517 1021 ore
1542 965 1860 1023 faterentur.

597 1060 762 1116 Vsus.
788 1060 875 1114 i0.
899 1089 967 1099 —
991 1072 1011 1110 α
1050 1057 1166 1114 Vox
1198 1058 1495 1129 Sanguinis,
1517 1079 1537 1113 ι
1571 1066 1676 1115 etc.
1708 1056 1900 1132 Magna
1928 1060 2102 1117 virtus

515 1150 757 1221 justitiaz,
789 1165 909 1223 quae
929 1148 1219 1206 vindictam
1251 1151 1458 1222 expetit
1497 1167 1598 1223 pro
1645 1151 1907 1225 sanguine
1948 1151 2102 1209 inno-

523 1242 714 1298 centis.

594 1326 759 1387 Vens.
791 1322 876 1385 11.
897 1361 969 1372 -
994 1350 1014 1383 α
1058 1328 1211 1387 Nunc
1252 1330 1418 1404 igitur
1443 1330 1762 1391 maledictus
1785 1334 1915 1402 eris,
1938 1355 1960 1388 ι
1989 1344 2097 1391 etc.

524 1420 704 1493 (ΚΑΒ.)
731 1419 1035 1477 Notandum
1069 1422 1211 1491 quod
1241 1424 1296 1477 in
1341 1433 1560 1495 peccato
1590 1424 1718 1481 Adae
1749 1434 1895 1481 terra
1928 1426 2099 1484 male-

523 1512 741 1568 dicitur.
788 1512 920 1568 Cain
960 1526 1091 1569 vero
1118 1500 1478 1581 maledicitu‘r,
1509 1516 1634 1586 quia
1669 1518 1846 1573 sciens
1874 1514 2100 1573 damna-

522 1603 721 1659 tionem
743 1603 933 1675 prima:
970 1605 1452 1675 praevaricationis,
1485 1602 1843 1661 fratricidium
1872 1602 2097 1662 addidit.

592 1695 754 1751 Vens.
791 1694 876 1751 11.
897 1726 968 1735 -
995 1714 1013 1747 ι
1047 1695 1202 1751 Nunc
1236 1696 1399 1766 igitur
1426 1697 1743 1753 maledictus
1787 1699 1919 1765 eris,
1940 1718 1960 1751 ι
1991 1706 2098 1756 etc.

520 1784 624 1841 Per
649 1785 827 1840 locum
854 1799 975 1856 qua:
1004 1784 1057 1840 in
1084 1785 1203 1842 loco
1225 1792 1347 1842 sunt
1374 1787 1779 1858 significantur;
1809 1789 1963 1858 quasi
1988 1805 2103 1843 ma-

2200 604 2333 661 Cain
2359 612 2565 675 septem
2602 602 2870 657 vindictas
2898 602 3155 667 exsolvet,
3182 622 3200 654 ι
3236 602 3289 657 id
3322 609 3425 665 est,
3469 601 3782 675 quicunque

2200 704 2254 752 te
2283 697 2337 752 in
2390 696 2620 766 septima
2668 694 3015 765 generatione
3047 693 3322 759 occiderit,
3353 691 3595 748 exsolvet
3646 700 3704 747 te
3742 708 3781 747 a

2198 786 2439 842 cruciatu
2464 800 2562 855 per
2590 792 2843 847 mortem,
2886 783 2977 853 qui
3008 797 3179 852 usque
3201 782 3268 837 ad
3294 789 3505 851 tempus
3532 778 3661 835 illud
3690 795 3783 836 re-

2200 878 2496 934 servandus
2526 891 2586 933 es
2610 874 2665 931 in
2690 876 2822 942 vita,
2854 884 3058 930 tantum
3085 875 3151 931 ad
3191 888 3429 947 poenam,
3448 889 3581 953 qua
3612 888 3779 945 paena

2199 973 2307 1028 cito
2334 972 2600 1037 finiretur,
2656 969 2701 1025 si
2737 969 2847 1024 cito
2876 964 3193 1049 interfectus
3233 983 3402 1024 esses.
3446 968 3527 1022 ita
3559 968 3652 1038 qui
3680 965 3781 1022 1η·-

2198 1064 2343 1117 ᾱεεοε
2363 1060 2561 1117 visibili
2588 1068 2763 1117 morte
2810 1060 3045 1131 puniret,
3073 1069 3278 1132 septem
3306 1060 3574 1117 vindictas
3599 1060 3668 1115 ab
3696 1060 3780 1115 eis

2198 1153 2454 1218 auferret,
2486 1152 2681 1222 quibus
2718 1151 2939 1223 obligati
2970 1158 3097 1207 sunt
3124 1158 3341 1223 propter
3380 1162 3589 1207 reatum
3610 1150 3780 1209 occisi

2198 1242 2423 1308 Christi,
2451 1242 2575 1314 quia
2604 1242 2853 1298 miserias
2878 1250 2933 1298 et
2953 1242 3320 1313 dispersiones
3342 1256 3529 1297 eorum
3555 1241 3781 1297 leviaret

2200 1354 2335 1410 quas
2364 1338 2661 1408 patiuntur.

2276 1450 2295 1482 ‹
2321 1430 2510 1486 Omnis
2538 1427 2627 1499 qui
2649 1424 3083 1494 occideritCain,
3106 1447 3126 1480 ›
3160 1435 3266 1483 etc.
3294 1424 3470 1481 LXX:
3499 1444 3519 1477 ι
3554 1424 3777 1497 Septem

2198 1520 2468 1577 vindictas
2527 1518 2788 1575 exsolvet.
2834 1538 2853 1571 ι
2903 1514 3112 1589 Aquila,
3151 1537 3169 1569 ‹
3227 1515 3691 1586 septempliciter;
3749 1535 3769 1568 ν

2202 1606 2581 1684 Symmachus,
2610 1628 2629 1660 ι
2659 1607 2958 1681 septuplum
2985 1626 3000 1675 ;
3036 1629 3054 1661 ι
3102 1600 3453 1672 Theodotion,
3482 1627 3500 1659 ε
3530 1622 3626 1678 per
3650 1602 3777 1661 heb-

2201 1706 2484 1762 domadem
2518 1724 2537 1757 ι
2572 1704 3018 1773 interpretantur,
3072 1702 3128 1757 in
3157 1716 3262 1772 quo
3291 1698 3624 1772 signiﬁcatur
3648 1699 3774 1769 quia

2203 1799 2294 1855 diu
2318 1807 2372 1854 et
2400 1794 2644 1869 perfecte
2665 1795 2937 1867 punietur,
2966 1811 3036 1851 ne
3064 1794 3186 1866 quis
3208 1786 3556 1851 homicidium
3583 1792 3779 1848 audeat

519 1875 747 1931 ledictus
776 1875 887 1931 eris
914 1876 981 1929 ab
1011 1874 1097 1931 his
1121 1876 1214 1946 qui
1245 1882 1373 1932 Sunt.
1400 1893 1563 1948 SUper
1593 1886 1816 1944 terram,
1846 1878 1937 1949 qui
1968 1894 2098 1950 ape-
2124 1872 2172 1934 B
2200 1890 2415 1947 iterare.

520 1971 748 2018 ruerunt
774 1976 838 2019 os
866 1978 1024 2020 suum
1068 1967 1125 2020 in
1173 1966 1508 2022 confessione
1537 1978 1906 2039 peccatorum,
1957 1969 2101 2025 acci-

520 2068 649 2126 pere
671 2057 1013 2128 sanguinem,
1059 2059 1151 2127 qui
1174 2056 1374 2114 ellusus
1400 2059 1454 2115 in
1482 2060 1861 2116 remissionem
1908 2076 2101 2117 eorum

521 2150 589 2205 de
618 2162 778 2206 manu
808 2153 1191 2222 persecutoris,
1253 2154 1344 2223 qui
1387 2154 1559 2209 noluit
1606 2170 1726 2211 esse
1780 2154 1880 2211 sub
1906 2155 2099 2228 gratia,

520 2242 614 2298 sed
649 2244 751 2298 sub
774 2242 909 2314 lege;
933 2254 993 2299 ut
1039 2253 1183 2301 esset
1227 2244 1543 2301 maledictus
1566 2248 1633 2301 ab
1662 2247 1939 2302 Ecclesia:
1982 2262 2102 2317 quae

519 2331 770 2405 intelligit
793 2345 846 2390 et
873 2326 1112 2391 ostendit
1163 2351 1285 2393 esse
1315 2336 1699 2393 malediCtum:
1741 2338 1833 2410 qui
1867 2338 2012 2407 enim
2034 2354 2101 2394 ex

518 2423 772 2492 Operibus
801 2424 933 2496 legis
962 2434 1108 2491 sunt,
1140 2427 1242 2482 sub
1266 2426 1548 2483 maledicto
1573 2436 1720 2483 sunt.

598 2512 763 2568 Vsus.
801 2512 887 2567 i2.
914 2518 1029 2566 -ἀ
1064 2514 1199 2570 Cum
1231 2520 1502 2584 operatus,
1546 2535 1565 2568 ι
1616 2525 1720 2573 etc.
1770 2508 1851 2572 Ad
1890 2530 2100 2585 vocem,

522 2618 631 2658 non
663 2605 731 2659 ad
759 2604 1093 2660 intellectum
1142 2604 1202 2660 tit
1241 2606 1450 2674 relatio,
1481 2608 1605 2677 Quia
1635 2608 1792 2664 aliter
1818 2608 1909 2665 hic
1934 2618 2099 2675 terra,

526 2694 687 2749 aliter
743 2708 906 2766 supra
956 2696 1260 2766 accipitur:
1316 2697 1389 2752 ibi
1435 2712 1534 2768 pro
1567 2697 1831 2765 Ecclesia,
1884 2699 1973 2754 hic
2002 2714 2102 2771 pro

521 2786 837 2856 operatione
867 2790 1078 2842 terrena
1108 2802 1271 2858 quam
1296 2788 1469 2844 adhuc
1498 2786 1713 2855 Iudaeus
1753 2798 1971 2846 exercet
2000 2807 2015 2857 ;
2048 2790 2103 2845 id

518 2883 606 2929 est
631 2876 865 2931 carnalis
878 2877 1239 2943 circumcisio,
1264 2879 1487 2949 pascha,
1506 2880 1812 2946 sabbatum,
1828 2886 1885 2937 et
1905 2882 2103 2938 similia

520 2976 641 3032 qua:
675 2963 877 3020 habent
913 2966 1183 3021 occultam
1230 2967 1486 3023 virtutem
1530 2969 1887 3041 intelligenda:
1913 2972 2103 3043 gratim

522 3053 636 3117 Dei,
664 3056 761 3111 sed
785 3071 891 3111 non
910 3056 1045 3111 dant
1066 3055 1265 3115 ludatis
1286 3058 1519 3115 lruetum
1540 3061 1845 3118 nolentibus
1868 3065 2102 3119 transire

525 3144 593 3198 ad
621 3142 918 3200 Christum.
943 3144 1127 3201 Potest
1148 3148 1205 3202 in
1230 3155 1374 3203 terra
1396 3164 1527 3205 caro
1547 3149 1748 3206 Christi
1777 3150 2024 3224 intelligi,
2047 3154 2101 3208 in

523 3248 628 3304 qua
651 3235 878 3291 salutem
917 3245 1157 3292 nostram
1209 3236 1381 3295 Judaei
1427 3240 1792 3314 cruciﬁgeudo
1820 3250 1947 3298 sunt
1972 3250 2102 3314 Ope-
2130 3226 2176 3291 C

525 3326 649 3380 rati.
676 3346 696 3378 ι
742 3326 986 3384 Mortuus
1029 3336 1113 3385 est
1157 3330 1305 3385 enim
1350 3340 1573 3403 propter
1597 3334 1779 3390 diiicta
1808 3342 2013 3402 nostra,
2048 3347 2104 3393 et

528 3417 829 3472 resurrexit
857 3427 1076 3489 propter
1109 3418 1550 3487 iustiﬁcationem
1580 3433 1821 3480 nostram
1845 3443 1858 3481 :
1893 3445 1913 3479 ι
1942 3440 2105 3497 quem

522 3508 647 3578 quia
672 3519 1031 3580 negaverunt,
1052 3512 1335 3583 justiiicati
1358 3530 1465 3571 non
1493 3525 1638 3572 sunt.
2077 3510 2095 3527 ⁸

599 3620 617 3653 ι
654 3600 836 3674 Vagus
880 3614 935 3661 et
963 3606 1241 3679 profugus,
1274 3624 1294 3661 ι
1342 3617 1448 3665 etc.
1496 3610 1669 3683 (Isin)
1718 3608 2003 3683 Dispersus
2046 3613 2102 3668 iu

523 3693 796 3760 gentibus,
841 3696 1098 3768 profugus
1126 3714 1158 3753 a
1211 3698 1565 3756 Hierusalem.
1615 3702 1759 3758 LXX
1785 3720 1800 3757 :
1828 3722 1847 3754 ε
1882 3704 2103 3774 gemens

521 3792 575 3836 et
599 3790 855 3838 tremens.
878 3803 899 3835 ι
930 3785 1185 3853 Gemens,
1207 3789 1392 3845 dolore
1416 3792 1603 3846 amissi
1625 3793 1772 3862 regni
1796 3809 1811 3858 ;
1842 3800 2101 3860 tremens,

522 3870 865 3929 multitudine
891 3873 1182 3931 Christiani
1212 3880 1417 3949 populi,
1456 3896 1525 3936 ne
1564 3882 1850 3939 occideris.
1871 3902 1892 3935 ‹
1935 3884 2104 3955 Major

526 3969 613 4015 est
645 3960 907 4033 iniquitas
947 3980 1089 4032 mea,
1112 3987 1131 4020 ι
1166 3976 1271 4023 etc.
1301 3967 1523 4040 Culpam
1544 3980 1859 4044 exaggerat,
1890 3976 1986 4030 sed
2012 3990 2103 4029 su-

520 4053 687 4122 perbe
706 4054 1017 4123 confitetur,
1044 4073 1143 4113 nec
1168 4060 1383 4114 veniant
1411 4062 1638 4134 ﬂagitat.

596 4144 760 4201 Vsus.
784 4146 872 4203 l5.
895 4177 969 4189 —
1003 4162 1021 4202 α
1054 4149 1225 4220 Major
1260 4161 1345 4207 est
1388 4153 1642 4224 iniquitas
1688 4172 1828 4212 mea.
1860 4177 1879 4209 ι
1929 4157 2100 4231 (iam)

521 4234 751 4291 Peccata
797 4238 1035 4308 peccatis
1082 4240 1339 4309 adjiciens
1384 4244 1654 4316 desperat,
1696 4262 1797 4303 nec
1845 4251 2017 4305 credit
2042 4262 2102 4307 se

526 4329 737 4383 veniam
778 4345 941 4400 posse
965 4332 1213 4403 adipisci,
1240 4336 1384 4404 quod
1430 4346 1516 4392 est
1542 4338 1875 4410 blasphemia
1901 4343 1956 4396 in
1981 4342 2103 4413 Spi-

525 4418 688 4474 ritum
715 4429 982 4489 sanctum,
1012 4438 1133 4494 quae
1176 4439 1283 4480 non
1312 4429 1605 4484 remittitur
1655 4431 1711 4485 in
1756 4432 1860 4487 hoc
1904 4434 2101 4489 saeculo

523 4527 623 4566 nec
650 4512 705 4565 in
731 4510 947 4569 futuro:
980 4517 1105 4585 quia
1130 4527 1287 4588 putat
1318 4520 1485 4577 Deum
1514 4529 1609 4577 aut
1634 4522 1773 4579 nolle
1807 4524 2097 4591 dimittere,

522 4610 615 4653 aut
657 4616 763 4657 non
804 4618 983 4673 posse,
1016 4614 1271 4676 tanquam
1315 4620 1406 4666 aut
1442 4615 1623 4668 omnia
1649 4629 1755 4670 non
1790 4618 1981 4686 possit,
2008 4628 2103 4673 aut

523 4689 768 4746 invideat
792 4694 975 4749 saluti.
1007 4696 1124 4753 Non
1162 4699 1330 4756 Deum
1367 4703 1470 4760 sibi
1492 4706 1689 4761 iratum
1736 4723 1898 4780 grave
1927 4716 2096 4779 putat,

520 4781 614 4834 sed
645 4781 800 4838 timet
827 4800 896 4840 ne
924 4786 1231 4845 inveniatur
1254 4800 1311 4848 et
1334 4796 1631 4853 occidatur.

597 4894 753 4953 Vnus.
780 4898 870 4953 M.
900 4930 968 4942 --
999 4921 1018 4955 ι
1055 4903 1244 4962 Omnis
1287 4908 1452 4980 igitur
1492 4913 1582 4983 qui
1629 4913 1892 4968 invenerit
1934 4928 2042 4980 me,
2072 4935 2091 4967 ι

519 4992 626 5076 etc.
655 4987 907 5063 (δτω.)
937 4991 1074 5060 Quia
1104 5010 1173 5051 ea
1205 5004 1438 5056 tremore
1466 5004 1707 5073 corporis
1729 5014 1783 5059 ct
1808 5004 2096 5076 agitatione

518 5074 735 5134 furiosa:
765 5085 984 5152 mentis,
1011 5084 1319 5161 quicunque
1364 5094 1629 5149 invenerit
1663 5111 1766 5163 me,
1810 5074 2099 5169 cognoscet

518 5181 607 5223 me
632 5184 781 5227 reum
800 5178 1011 5234 mortis.

594 5261 755 5319 Vsus.
788 5267 968 5323 15.—
992 5289 1010 5324 ι
1056 5271 1409 5346 Nequaquam
1438 5278 1513 5332 ita
1542 5277 1656 5333 ﬁet.
1695 5298 1712 5330 ι
1755 5279 1811 5335 ld
1838 5286 1945 5346 est,
1990 5294 2097 5335 non

519 5354 770 5412 morieris
794 5358 902 5414 cito
927 5362 1068 5418 sicut
1093 5372 1150 5419 tu
1174 5366 1275 5431 vis,
1302 5376 1401 5437 pro
1436 5369 1675 5424 remedio
1700 5371 1773 5425 tui
1806 5371 2096 5438 cruciatus,

506 5444 615 5513 sed
640 5449 896 5516 punietur
923 5454 1356 5525 impersonaliter
1380 5480 1393 5514 :
1424 5460 1478 5515 id
1523 5470 1623 5527 est,
1673 5464 1879 5534 punitio
1908 5466 2000 5518 fiet
2027 5464 2093 5519 de

520 5539 575 5590 te
607 5541 935 5611 septuplum,
962 5546 1089 5614 quia
1118 5549 1269 5605 vives
1298 5551 1353 5605 in
1376 5552 1619 5608 cruciatu
1644 5568 1812 5624 usque
1839 5556 1907 5609 ad
1933 5556 2093 5626 septi-

517 5639 663 5682 mam
696 5635 1128 5704 generationem,
1178 5639 1233 5694 in
1282 5656 1389 5711 qua
1424 5658 1457 5697 a
1494 5642 1731 5700 Lamech
1782 5643 2089 5712 occideris;

519 5731 649 5792 ergo
674 5726 851 5782 omnis
892 5730 986 5799 qui
1019 5731 1298 5800 occiderit,
1345 5737 1597 5807 subaudi,
1644 5739 1895 5795 liberabit
1922 5746 1975 5796 te
2023 5740 2090 5795 ab

518 5812 609 5870 illo
635 5823 878 5880 cruciatu
930 5826 1083 5882 mula:
1118 5830 1480 5887 conscientiae.
1517 5832 1615 5889 Hic
1654 5846 1844 5889 sensus
1873 5832 2089 5889 eviden-

2279 2004 2297 2037 ι
2335 1985 2437 2053 Qui
2483 1982 2745 2040 occiderit
2790 1981 2940 2045 Cain,
2982 2000 3001 2034 ι
3048 1988 3153 2036 etc.
3209 1966 3484 2051 (Hierimo,
3525 1976 3675 2048 epist.
3709 1975 3779 2029 ad

2200 2075 2450 2146 Damas.)
2506 2074 2563 2130 Si
2593 2075 2716 2145 quis
2752 2082 2804 2128 te
2847 2071 3182 2127 interfecerit
3204 2089 3222 2121 ι
3261 2068 3562 2140 septuplum
3591 2066 3782 2138 punie-

2202 2178 2311 2235 tur,
2343 2189 2362 2221 ι
2396 2168 2451 2223 id
2475 2176 2581 2232 est,
2620 2162 2939 2239 gravissima
2967 2161 3171 2218 ultione
3215 2161 3466 2231 punietur
3495 2177 3508 2213 :
3543 2175 3651 2213 non
3691 2159 3785 2214 de-

2201 2258 2320 2317 buit
2351 2262 2513 2317 homo
2539 2258 2787 2315 occidere
2812 2271 2936 2312 eum
2975 2255 3062 2311 cui
3104 2254 3245 2309 Deus
3271 2252 3566 2308 reservavit
3589 2251 3778 2316 vitam,

2200 2358 2286 2416 vel
2310 2361 2378 2414 ad
2416 2373 2634 2430 ptenam
2666 2356 2855 2427 ipsius,
2888 2354 2972 2410 vel
3003 2352 3069 2408 ad
3111 2351 3503 2408 correctionem
3533 2349 3782 2403 aliorum.

2276 2472 2294 2505 ι
2324 2450 2433 2507 Sed
2457 2451 2634 2507 omnis
2657 2448 2748 2520 qui
2769 2445 3033 2503 occiderit
3048 2443 3203 2501 Cain.
3225 2464 3243 2497 ι
3270 2444 3439 2516 (lsm.,
3462 2442 3551 2497 ubi
3573 2439 3784 2513 supra.)

2200 2534 2306 2597 Per
2333 2540 2573 2610 eclipsim
2605 2538 2911 2609 legendum,
2942 2546 3073 2604 etc.,
3116 2552 3278 2607 usque
3316 2535 3385 2590 ad
3432 2542 3486 2590 et
3531 2531 3790 2603 impletur

2202 2632 2369 2689 illud:
2401 2649 2421 2683 ‹
2470 2631 2725 2701 Disperge
2755 2628 2875 2683 illos
2916 2629 2970 2682 in
3012 2628 3215 2683 virtute
3262 2634 3352 2680 tua
3384 2620 3557 2696 (Psal.
3583 2625 3726 2689 uti).
3761 2639 3783 2675 ι

2274 2718 2479 2794 (illum,
2508 2718 2597 2773 ubi
2640 2718 2847 2789 supra.)
2879 2716 3031 2785 Quod
3060 2714 3251 2787 Aquila
3292 2714 3472 2787 posuit
3505 2733 3525 2766 ‹
3551 2721 3790 2784 septem-

2199 2812 2435 2885 pliciter,
2465 2831 2484 2864 ι
2511 2819 2646 2877 etc.,
2677 2827 2840 2882 usque
2871 2809 2940 2863 ad
2968 2817 3024 2865 et
3060 2808 3265 2865 absolvi
3294 2816 3611 2863 mereretur.

2279 2924 2298 2957 ‹
2337 2904 2630 2975 Posuitque
2656 2902 2919 2959 Dominus
2961 2900 3093 2957 Cain
3139 2901 3371 2973 signum,
3400 2918 3421 2951 ι
3450 2888 3555 2954 etc.
3610 2896 3785 2970 (1510.,

2203 2996 2401 3065 Qua'st.
2429 2994 2484 3051 in
2513 2993 2667 3062 Gen.,
2700 3003 2829 3049 toni.
2858 2991 2949 3064 ν.)
2984 2990 3119 3048 Cum
3165 3005 3353 3047 omnes
3379 2997 3566 3061 gentes
3616 3004 3650 3042 ει
3678 2984 3791 3042 Ro.

2169 3088 2376 3145 'manis
2413 3086 2709 3159 subiugata:
2754 3085 3084 3141 transierunt
3126 3084 3181 3138 in
3214 3082 3349 3138 ritus
3407 3078 3617 3147 eorum,
3650 3094 3791 3152 gens

2204 3181 2409 3249 Judaza,
2430 3182 2542 3237 sive
2564 3180 2664 3237 sub
2680 3180 2931 3250 gentibus
2949 3179 3063 3234 sive
3084 3179 3182 3232 sub
3204 3170 3524 3232 Christianis
3546 3174 3787 3246 regibus,

2208 3292 2318 3333 non
2357 3274 2575 3346 reliquit
2595 3273 2810 3344 signum
2849 3269 3304 3353 circumcisionis,
3332 3276 3387 3324 et
3432 3266 3669 3324 carnalis
3690 3265 3791 3321 ob-

2202 3366 2515 3433 servantiaz,
2545 3375 2677 3432 etc.,
2722 3380 2884 3437 usque
2930 3358 3000 3418 ad
3051 3354 3143 3417 ubi
3192 3356 3466 3432 plantatus
3498 3368 3585 3416 est
3625 3374 3791 3431 para-

2201 3458 2373 3515 disus.

2278 3568 2297 3605 ι
2342 3548 2616 3606 Habitavit
2644 3552 2696 3604 in
2728 3556 2872 3604 terra
2894 3542 2963 3603 ad
2991 3544 3309 3602 orientalem
3332 3522 3543 3614 piagam
3566 3540 3737 3596 Eden.
3759 3560 3780 3594 ι

2203 3641 2409 3719 (Ηιειι.,
2440 3642 2529 3695 ubi
2574 3640 2781 3711 supra.)
2831 3634 3012 3693 LXX:
3050 3657 3069 3689 ι
3106 3634 3379 3691 Habitavit
3408 3632 3465 3688 in
3494 3639 3637 3686 terra
3663 3626 3787 3687 Ναῖδ

2202 3734 2360 3801 Naid,
2400 3734 2455 3789 in
2498 3730 2826 3792 Hebraeo‘m
2855 3729 3003 3805 (nod)
3049 3728 3263 3791 dicitur,
3302 3726 3355 3781 id
3383 3730 3488 3791 est,
3518 3722 3786 3807 instabilis

2201 3837 2257 3883 et
2284 3824 2570 3893 ﬂuctuans,
2603 3835 2657 3882 et
2683 3826 2902 3881 incertae
2923 3824 3087 3879 sedis.
3118 3820 3231 3878 Non
3256 3830 3341 3878 est
3360 3829 3502 3875 terra
3538 3815 3695 3882 Naid,
3725 3824 3787 3872 ut

2201 3920 2392 3991 vulgus
2414 3928 2656 3974 nostrum
2678 3924 2851 3989 putat,
2877 3916 2970 3971 sed
2994 3914 3241 3985 expletur
3258 3910 3524 3968 sententia
3546 3907 3780 3978 Domini,

2201 4012 2327 4067 dum
2357 4012 2463 4067 huc
2485 4021 2646 4081 atque
2677 4008 2801 4063 illuc
2829 4004 3087 4079 profugus
3114 4006 3351 4060 aberrat.

2273 4101 2436 4157 Vsus.
2490 4102 2575 4157 l7.
2620 4132 2691 4142 —
2745 4120 2764 4152 ι
2814 4097 3080 4171 Cognovit
3126 4104 3308 4153 autem
3357 4094 3492 4151 Cain
3553 4108 3781 4151 uxorem

2208 4212 2226 4244 ι
2250 4208 2423 4248 suam.
2455 4212 2474 4243 ›
2504 4191 2675 4263 (lsm.,
2705 4188 2858 4261 ibid.)
2878 4187 3129 4259 Figurate
3157 4184 3442 4258 progenies
3470 4182 3777 4254 impiorum,

2202 4287 2255 4341 in
2280 4285 2393 4355 ipsa
2419 4283 2604 4338 mundi
2639 4282 2848 4353 origine
2875 4274 3277 4333 fundamentum
3304 4290 3570 4347 qurerens,
3602 4273 3655 4327 in
3678 4268 3783 4326 hac

2200 4374 2308 4430 vita
2332 4374 2607 4430 civitatem
2652 4371 2921 4427 exstruxit
2946 4384 3107 4440 quam
3132 4367 3348 4424 vocavit
3376 4365 3618 4428 fienoch,
3639 4362 3783 4423 quod

2203 4466 2588 4537 interpretatur
2613 4462 2893 4527 dedicatio,
2924 4461 3049 4532 quia
3091 4461 3145 4515 in
3175 4456 3484 4531 primordiis
3508 4455 3780 4521 dedicant,

2205 4558 2331 4613 dum
2357 4559 2412 4612 in
2448 4558 2548 4612 hac
2578 4556 2687 4610 vita
2713 4570 2832 4622 quae
2861 4561 2984 4607 ante
3006 4558 3111 4616 est,
3158 4550 3392 4605 radicem
3423 4546 3602 4603 cordis
3630 4544 3785 4616 pian-

2206 4658 2340 4716 tant,
2368 4658 2427 4704 ut
2478 4649 2568 4704 hic
2617 4648 2683 4701 ad
2731 4655 2913 4701 votum
2961 4643 3210 4708 ﬂoreant,
3242 4648 3298 4696 et
3341 4657 3367 4695 a
3400 4637 3580 4693 futura
3609 4635 3783 4708 gloria

2200 4746 2470 4818 arescant.
2500 4738 2776 4807 Abraham
2822 4752 2947 4791 vero
3000 4735 3054 4790 in
3085 4732 3285 4789 casulis
3322 4728 3620 4792 habitabat,
3651 4726 3782 4797 quia

2200 4834 2374 4889 sancti
2414 4831 2655 4902 hospites
2704 4836 2754 4885 et
2802 4828 3115 4900 peregrinos
3167 4841 3225 4882 se
3278 4839 3397 4880 esse
3424 4826 3781 4893 cognoscunt,

2198 4930 2574 4995 exspectantes
2618 4922 2889 4976 civitatein
2931 4918 3216 4975 habentem
3247 4914 3656 4971 fundamentum
3681 4924 3782 4966 cu—

2192 5014 2280 5085 jus
2301 5014 2491 5069 artifex
2529 5013 2668 5068 Deus
2690 5020 2790 5068 est.
3698 5020 3705 5031 ‘

2275 5124 2293 5158 ι
2332 5106 2397 5160 Ει
2438 5104 2725 5160 :editicavit
2760 5104 3051 5167 civitatem,
3083 5120 3101 5151 ι
3135 5108 3242 5155 etc.
3285 5098 3469 5171 (Auc.,
3499 5094 3594 5151 lib.
3618 5106 3689 5149 xv
3715 5094 3782 5147 de

2199 5198 2438 5261 Civitate,
2467 5204 2586 5266 cap.
2613 5196 2668 5260 8,
2721 5204 2849 5250 tom.
2890 5192 3024 5265 Vll.)
3056 5190 3328 5260 Quaeritur
3352 5186 3546 5258 quibus
3574 5185 3783 5256 adjuto-

2199 5289 2349 5344 ribus
2373 5304 2491 5344 eam
2525 5286 2892 5350 rediflcaverit,
2942 5285 2993 5339 si
3018 5284 3200 5354 plures
3228 5281 3475 5337 homines
3506 5293 3609 5333 non
3658 5287 3780 5330 ηιθ-

2199 5377 2309 5431 rint
2332 5391 2495 5447 quam
2525 5373 2804 5445 Scriptura
2856 5373 3005 5428 dicit.
3039 5370 3144 5426 Sed
3183 5368 3461 5424 sciendum
3488 5374 3571 5421 est
3612 5361 3782 5418 multo

2202 5466 2382 5537 plures
2403 5465 2566 5520 fuisse
2596 5472 2745 5530 tunc,
2772 5464 2896 5534 quia
2926 5463 3015 5518 diu
3056 5460 3287 5515 vivendo
3313 5458 3494 5529 plures
3528 5461 3782 5526 poterant

2199 5570 2478 5631 generare.
2507 5557 2616 5613 Nec
2673 5558 2890 5621 mirum,
2919 5571 3039 5611 cum
3067 5554 3161 5608 ﬁlii
3202 5553 3365 5608 lsrael
3393 5566 3490 5621 per
3523 5546 3779 5619 quadrin-

2197 5654 2389 5724 gentos
2409 5662 2583 5705 annos
2607 5649 2688 5704 sic
2713 5646 3053 5718 multiplicati
3074 5646 3344 5717 leguntur,
3380 5651 3438 5697 ut
3477 5655 3582 5696 non
3607 5637 3780 5710 possit

2196 5740 2472 5797 numerari
2506 5738 2797 5794 exercitus.

2269 5838 2427 5891 Vsus.
2458 5834 2539 5890 i8.
2566 5866 2631 5875 -α
2659 5853 2678 5886 ς
2707 5833 2874 5889 Porro
2913 5834 3111 5897 Enoch,
3152 5854 3167 5883 ι
3203 5842 3307 5886 etc.
3353 5829 3630 5898 (illusum)
3654 5825 3775 5879 Nor.
