4074 6334
335 422 436 484 101

1354 429 1620 486 GLOSSA
1654 415 2048 485 ORDlNARlA.
2088 453 2160 466 -—
2194 421 2320 480 LIB.
2358 423 2514 479 GEN.

3477 417 3581 478 102

334 539 403 594 de
430 536 683 592 omnibus
703 535 790 592 his
812 545 958 592 certa
987 539 1240 610 mysteria
1269 539 1674 610 exsculpuntur,
1699 555 1798 594 nec
1827 540 1908 592 in-
1933 531 1980 596 Α
2009 543 2204 603 snalur
2230 549 2245 600 ;
2273 549 2391 603 qua:
2423 541 2602 588 amen
2645 532 2700 586 in
2750 531 3040 603 Evangelia
3075 533 3357 603 poenitenti
3383 533 3583 590 dimitti

336 629 676 695 venirentur,
698 631 802 685 nisi
829 631 976 700 prius
998 634 1240 702 quaedam
1273 634 1482 688 radices
1507 635 1745 688 historiae
1771 633 1913 702 jace-

339 727 568 782 rentur;
604 733 704 774 nec
727 719 795 774 de
840 721 1008 776 rantis
1037 722 1291 778 arborum
1321 723 1526 778 fructus
1554 723 1780 794 legeres,
1813 723 1913 778 nisi

341 818 564 864 truncos
589 819 750 864 antea
777 809 1100 881 plantasses.

410 902 571 957 Vatis.
607 902 787 957 19.—
815 921 832 954 ι
887 903 987 971 Qui
1042 907 1249 976 accepit
1295 906 1428 962 duas
1479 919 1700 973 uxores,
1731 927 1750 959 ι
1801 911 1911 963 etc.

338 992 512 1063 (lsm.,
553 1001 608 1045 ut
637 994 842 1064 supra.)
897 994 1199 1050 Notandum
1249 998 1389 1067 quod
1435 999 1810 1068 generationes
1845 1000 1912 1054 ab

335 1082 507 1137 Adam
533 1087 630 1152 per
647 1083 782 1138 Cain
811 1085 1106 1140 undenario
1127 1087 1502 1150 terminantur,
1530 1089 1583 1142 in
1599 1099 1706 1159 quo
1735 1101 1914 1144 trans—

337 1173 550 1240 gressio
598 1174 864 1244 signatur.
919 1175 1154 1232 Lamech
1207 1189 1443 1248 namque
1499 1182 1759 1251 septimus
1806 1189 1909 1247 est,

338 1263 426 1316 cui
453 1272 564 1318 tres
587 1265 682 1320 lilii
709 1276 764 1320 et
785 1282 891 1321 una
922 1267 1030 1322 ﬁlia
1055 1268 1345 1333 adduntur,
1376 1281 1432 1324 ut
1465 1271 1791 1327 undenarius
1821 1275 1917 1327 im-

336 1354 566 1422 pleatur,
594 1371 691 1426 per
719 1371 878 1426 quem
915 1367 1194 1427 peccatum
1236 1360 1606 1430 signiﬁcatur:
1649 1370 1774 1418 tiam
1805 1373 1858 1419 et
1882 1382 1914 1421 a

338 1442 538 1498 femina
566 1445 833 1500 clauditur
847 1449 1141 1517 generatio,
1169 1465 1288 1520 quae
1313 1449 1526 1507 initium
1558 1458 1760 1523 peccati
1789 1455 1911 1522 fuit,

336 1549 436 1604 per
459 1537 603 1605 quod
630 1537 876 1608 Voluptas
899 1542 1097 1608 carnis,
1121 1557 1241 1611 quae
1273 1543 1728 1616 resistit'Spiritui.
1765 1548 1915 1604 Unde

337 1623 542 1680 Noema
575 1638 818 1692 vocatur,
870 1631 924 1684 id
971 1640 1076 1697 est,
1129 1632 1382 1703 voluptas.
1438 1634 1493 1688 In
1529 1637 1631 1690 hac
1659 1641 1916 1710 progenie

339 1713 572 1771 Lamech
606 1717 814 1786 primus
842 1727 1028 1775 contra
1059 1736 1284 1788 morem,
1307 1732 1494 1779 contra
1523 1734 1795 1794 naturam,
1819 1743 1916 1799 per

336 1805 628 1874 bigamiam
658 1809 978 1865 adulterium
1005 1814 1292 1869 commisit.

2012 626 2342 694 praecipitur.

2084 715 2360 782 (HIERON.,
2389 716 2538 785 epist.
2569 715 2638 768 ad
2667 714 2907 787 Damus.)
2937 715 3102 770 Aiunt
3129 716 3197 770 ab
3218 716 3388 770 Adam
3416 733 3588 788 usque

2011 808 2080 862 ad
2119 807 2396 862 Christum
2443 807 2814 877 generationes
2844 822 2962 861 esse
3014 817 3352 878 septuaginta
3381 819 3584 877 septem

2013 898 2311 952 secundum
2343 897 2560 951 Lucam.
2595 897 2748 953 Sicut
2793 913 2921 966 ergo
2967 899 3194 966 septlma
3240 899 3586 968 generatione

2010 997 2291 1060 peccatum
2316 988 2449 1044 Cain
2480 989 2711 1044 solutum
2747 997 2827 1043 est
2868 1006 2880 1041 :
2924 1007 2942 1040 ι
2978 989 3096 1043 Non
3137 989 3281 1044 enim
3325 988 3589 1058 judicabit

2016 1081 2160 1136 Deus
2191 1082 2273 1136 bis
2301 1081 2351 1134 in
2390 1080 2643 1151 idipsum,
2670 1099 2688 1133 ι
2725 1089 2779 1135 et
2804 1083 2892 1151 qui
2935 1081 3100 1136 semel
3155 1081 3360 1150 recepit
3391 1081 3445 1134 in
3479 1080 3586 1133 vita

2013 1190 2134 1239 sua,
2164 1189 2269 1228 non
2299 1175 2518 1228 eosdem
2569 1173 2842 1228 cruciatus
2893 1174 3128 1245 patietur
3161 1174 3215 1227 in
3251 1182 3424 1227 morte
3452 1187 3589 1242 quos

2011 1279 2201 1336 passus
2220 1273 2303 1319 est
2329 1265 2381 1318 in
2410 1265 2518 1318 vita
2555 1279 2686 1318 sua:
2717 1264 2790 1317 ita
2821 1273 2876 1318 et
2909 1263 3162 1328 Lamech,
3206 1264 3258 1318 id
3292 1273 3398 1328 est,
3426 1264 3591 1318 totius

2013 1359 2196 1413 mundi
2216 1365 2518 1429 peccatum,
2537 1355 2739 1412 Christi
2765 1358 2998 1412 solvetur
3021 1358 3270 1413 adventu.
3302 1356 3592 1411 Referebat

2014 1450 2145 1503 mihi
2179 1449 2396 1519 quidam
2450 1447 2705 1502 Hebraeus
2759 1449 3096 1519 septuaginta
3147 1455 3352 1516 septem
3383 1447 3590 1502 animas

2020 1539 2198 1594 exisse
2234 1539 2300 1593 de
2327 1537 2577 1599 Lamech,
2610 1552 2730 1606 qua:
2758 1553 2946 1592 onmes
2972 1538 3226 1592 interiere
3251 1537 3468 1592 diluvio.

2087 1627 2247 1683 Vens.
2281 1628 2369 1683 25.
2399 1659 2469 1670 -
2493 1646 2513 1679 ι
2545 1627 2810 1699 Cognovit
2843 1643 3054 1698 quoque
3090 1631 3283 1692 adhuc,
3305 1647 3323 1680 ι
3353 1638 3455 1682 etc.
3487 1627 3591 1682 Per

2016 1723 2170 1789 Seth,
2222 1725 2314 1794 qui
2365 1723 2753 1795 interpretatur
2802 1729 3132 1792 resurrectio,
3192 1727 3435 1795 signatur
3481 1726 3589 1780 vita

2013 1813 2215 1868 Christi
2262 1830 2328 1869 ex
2360 1816 2627 1872 mortuis:
2657 1817 2798 1885 quod
2852 1817 2905 1872 in
2938 1817 3118 1871 verbis
3165 1817 3354 1870 matris
3381 1815 3591 1885 signiﬁ-

410 1897 570 1954 V'ens.
601 1899 690 1953 20.
711 1931 783 1940 —
814 1921 832 1952 ‹
869 1901 1171 1974 Getmitque
1196 1905 1310 1960 Ada
1338 1906 1508 1974 Jabel,
1541 1929 1558 1960 ι
1591 1918 1696 1965 etc.
1726 1909 1905 1981 (lima.
1938 1893 1984 1960 B
2011 1915 2203 1962 catur:
2243 1926 2260 1958 ι
2298 1907 2485 1963 Posuit
2527 1909 2659 1963 mihi
2700 1909 2959 1964 Dominus
2987 1923 3170 1964 semen
3199 1909 3362 1972 aliud,
3388 1928 3406 1960 ι
3437 1910 3591 1978 quasi

335 1987 391 2040 in
422 2000 605 2058 quiest.
648 1989 837 2061 Hebr.)
867 1992 940 2046 De
965 1995 1192 2063 bigamia
1218 1999 1460 2052 nascitur
1480 1998 1630 2056 Jabel
1662 2003 1911 2058 habitans

337 2080 395 2133 in
428 2083 692 2146 tentoriis,
739 2099 860 2153 quae
889 2087 1167 2142 mutabilia
1197 2090 1601 2147 instabilitatem
1632 2107 1817 2150 eorum
1848 2097 1910 2151 ﬁ-

336 2183 553 2242 gurant,
613 2174 703 2242 qui
746 2176 1198 2232 circumferuntur
1247 2183 1392 2236 omni
1426 2195 1585 2237 vento
1631 2186 1908 2243 doctrinm.

333 2263 588 2318 Nascitur
616 2273 668 2318 et
697 2265 885 2330 Tubal,
909 2269 999 2336 qui
1034 2271 1284 2325 inventor
1329 2289 1568 2341 musrcaa,
1595 2285 1723 2342 etc.,
1751 2293 1912 2349 usque

335 2353 404 2404 ad
429 2353 566 2406 sicut
590 2351 762 2417 Jabel,
799 2354 966 2410 Tubal
997 2367 1052 2413 et
1079 2359 1393 2417 Tulralcain.

407 2443 568 2497 Vens.
591 2443 681 2496 21.
704 2475 771 2483 -
792 2464 809 2494 ‹
839 2446 904 2499 Ει
932 2464 1122 2503 nomen
1150 2450 1330 2506 fratris
1352 2451 1466 2520 ejus
1485 2455 1659 2511 Jubal.
1684 2479 1702 2510 ι
1730 2459 1910 2532 (ΚΑΒ.)

336 2530 488 2587 Hunc
520 2535 707 2588 scribit
733 2535 997 2607 Iosephus
1021 2541 1279 2595 musicam
1308 2545 1586 2613 scripsisse
1617 2550 1666 2601 in
1699 2530 1905 2606 duabus

334 2622 621 2688 columnis,
655 2641 758 2679 una
798 2626 1022 2696 lapidea,
1059 2629 1227 2684 altera
1263 2633 1523 2700 latericia,
1575 2653 1802 2707 quarum
1829 2642 1911 2696 al-

336 2720 451 2767 tera
485 2730 591 2768 non
621 2715 1008 2773 dissolveretur
1051 2721 1274 2786 diluvio,
1307 2725 1474 2780 altera
1503 2741 1624 2797 qua:
1656 2746 1762 2785 non
1801 2734 1912 2787 sol-

336 2813 555 2859 veretur
604 2806 889 2864 ineendio:
928 2825 1047 2880 quae
1092 2812 1198 2869 duo
1236 2813 1439 2884 judicia
1468 2817 1637 2874 Adam
1685 2831 1909 2880 ventura

335 2896 674 2964 praedixerat.

407 2989 567 3044 Vens.
595 2990 685 3045 22.
709 3019 779 3030 --
891 3009 911 3043 ‹
944 2992 1255 3050 Tubaleain.
1279 2997 1460 3069 (ΚΑΒ.)
1487 2999 1588 3066 Qui
1615 3005 1910 3061 secundum

335 3077 631 3150 Josephutn
661 3097 747 3138 res
775 3082 995 3140 bellicas
1046 3089 1306 3154 exercuit,
1354 3100 1408 3145 et
1451 3092 1705 3149 decenter
1740 3105 1911 3152 artem

337 3169 624 3226 ferrariam
647 3173 862 3240 docuit;
894 3177 1138 3246 quaedam
1169 3180 1332 3234 etiam
1365 3195 1484 3252 qua:
1524 3185 1590 3238 ad
1632 3185 1912 3242 oculorum

335 3265 608 3335 pertinent
634 3270 1146 3339 concupiscentiam,
1176 3274 1398 3329 invenit.

413 3361 575 3418 Vens.
600 3362 692 3417 25.
723 3395 794 3404 -
823 3383 844 3416 ι
899 3367 1150 3437 Dixitque
1202 3368 1460 3436 Lamech,
1503 3377 1526 3421 ι
1567 3380 1678 3425 etc.
1729 3371 1910 3443 (ΒΑι.)

338 3452 506 3507 Aiunt
536 3453 744 3510 Hebraei
790 3455 1022 3512 Lamech
1053 3458 1144 3512 diu
1194 3460 1420 3516 vivendo
1452 3461 1732 3533 caliginem
1781 3478 1911 3518 ocu-

339 3544 515 3599 lorum
543 3545 852 3612 incurrisse,
883 3555 937 3601 et
958 3549 1349 3604 adolescentem
1372 3552 1560 3607 ducem
1575 3561 1630 3608 et
1648 3563 1914 3608 rectorem

342 3639 552 3693 itineris
580 3638 850 3694 habuisse.
880 3640 1152 3696 Exercens
1185 3657 1314 3714 ergo
1353 3643 1714 3709 venationem,
1748 3645 1918 3716 sagit-

343 3737 454 3783 tam
484 3729 682 3785 direxit
709 3743 816 3799 quo
845 3732 1156 3787 adolescens
1185 3733 1461 3799 indicavit,
1497 3747 1735 3807 casuque
1782 3735 1915 3791 Cain

341 3821 484 3876 inter
519 3821 714 3876 lruteta
743 3822 995 3878 latentem
1022 3824 1323 3888 interfecit;
1357 3834 1412 3879 et
1436 3827 1537 3880 hoc
1562 3836 1644 3880 est
1666 3827 1808 3895 quod
1836 3826 1916 3880 di-

339 3913 453 3967 cit:
493 3932 512 3965 I
551 3914 732 3969 Occidi
759 3915 932 3968 virum
982 3915 1035 3968 in
1067 3915 1263 3972 vulnus
1294 3931 1491 3981 meum,
1519 3937 1537 3967 ι
1572 3917 1624 3970 id
1668 3927 1754 3972 est
1797 3919 1913 3972 vul-

341 4020 474 4059 nere
515 4009 660 4075 quod
701 4006 850 4060 inﬁxi
879 4021 984 4060 non
1011 4007 1237 4061 bestiam
1271 4009 1363 4062 sed
1395 4007 1664 4062 hominem
1703 4010 1916 4076 occidi;

341 4099 486 4152 unde
513 4106 568 4152 et
591 4097 774 4152 lurore
799 4114 1058 4154 accensus
1083 4100 1282 4155 occidit
1303 4100 1715 4156 adolescentem.

417 4192 580 4246 Vens.
616 4191 706 4246 25.
728 4221 799 4232 —-
925 4209 946 4243 ι
991 4192 1173 4248 Occidi
1222 4193 1420 4258 virum,
1454 4213 1472 4246 ι
1506 4203 1612 4249 etc.
1665 4193 1917 4266 (Suum)

343 4282 404 4338 ld
433 4293 517 4337 est
540 4282 704 4337 Cain:
744 4300 762 4335 ι
796 4284 849 4337 in
883 4284 1073 4338 vulnus
1117 4299 1316 4349 meum,-
1347 4306 1364 4336 ι
1398 4289 1520 4355 quia
1554 4303 1650 4356 pro
1693 4287 1781 4341 illo
1809 4287 1920 4341 vul-

344 4377 604 4444 nerabor,
649 4379 704 4433 id
732 4385 830 4441 est,
859 4380 1113 4444 occidar;
1143 4401 1160 4431 ι
1197 4389 1252 4434 et
1291 4380 1744 4435 adolescentulum
1777 4382 1830 4434 in
1859 4381 1921 4435 li-

344 4482 532 4522 vorem
563 4485 760 4532 meum,
784 4489 802 4521 ι
834 4470 954 4540 quia
985 4487 1082 4540 pro
1109 4471 1198 4524 illo
1223 4487 1434 4540 quoque
1463 4473 1774 4527 damnabor.

421 4561 580 4615 Vens.
627 4561 716 4615 24.
746 4591 817 4602 —-
850 4581 868 4612 ι
917 4561 1228 4631 Septuplntn
1279 4563 1412 4618 ultio
1449 4563 1704 4628 dabitur,
1749 4583 1766 4616 ι
1811 4573 1916 4620 etc.

2014 1998 2156 2053 dicat
2183 1998 2420 2053 Ecclesia
2449 2017 2461 2052 :
2495 1999 2624 2066 Quae
2655 1999 2856 2056 luctum
2882 2000 3079 2072 pertuli
3101 2001 3167 2056 de
3195 2009 3432 2068 mortuo,
3459 2017 3591 2073 gau-

2012 2089 2114 2144 deo
2137 2089 2204 2142 de
2229 2091 2430 2145 resusci
2441 2098 2570 2145 tato.

2084 2201 2246 2260 Vens.
2272 2205 2362 2258 26.
2391 2236 2462 2244 -
2494 2223 2512 2256 ‹
2545 2204 2715 2272 Quem
2737 2203 2950 2260 vocavit
2975 2204 3140 2270 Enos,
3170 2223 3188 2256 ι
3213 2211 3316 2260 etc.
3343 2203 3487 2260 Enos
3511 2204 3589 2258 in-

2013 2301 2342 2362 terpretatnr
2361 2295 2512 2347 homo
2536 2311 2555 2348 :
2588 2295 2677 2364 qui
2716 2313 2733 2345 ι
2765 2295 2930 2364 erepit
2970 2294 3221 2349 invocare
3265 2299 3456 2349 nomen
3491 2295 3592 2348 Do-

2012 2384 2168 2450 mini,
2191 2403 2211 2436 ι
2248 2384 2372 2454 quia
2406 2399 2503 2454 per
2549 2392 2776 2438 mortem
2807 2384 3029 2448 Christi,
3058 2398 3218 2452 quam
3269 2385 3591 2454 signiﬁcavit

2010 2473 2166 2540 Abel,
2196 2483 2251 2530 et
2281 2489 2377 2544 per
2408 2478 2883 2543 resurrectionem,
2929 2492 3088 2546 quam
3145 2477 3411 2549 signiﬁcat
3437 2477 3588 2545 Seth,

2012 2561 2070 2618 ﬁt
2103 2566 2265 2620 homo
2305 2565 2570 2621 conﬁtens
2614 2568 2899 2623 Dominum
2951 2569 3306 2636 conditorem,
3362 2578 3418 2626 et
3465 2571 3588 2625 vita:

2010 2655 2232 2725 perdita:
2266 2663 2654 2728 reparatorem.

2083 2765 2355 2839 (HIERON.)
2385 2789 2402 2819 ‹
2437 2769 2605 2836 Quem
2639 2770 2849 2824 vocavit
2877 2767 3042 2825 Enos.
3068 2789 3087 2822 ι
3138 2768 3284 2824 Enos
3327 2769 3590 2841 interpre-

2012 2869 2158 2914 tatur
2179 2861 2352 2924 homo,
2379 2863 2468 2931 qui
2500 2881 2517 2912 (
2551 2862 2717 2932 cmpit
2761 2863 3013 2917 invocare
3043 2878 3236 2918 nomen
3278 2861 3527 2918 Domini:
3568 2881 3585 2914 ι

2013 2949 2155 3004 sicut
2177 2951 2348 3005 Adam
2370 2951 2523 3006 homo
2554 2952 2961 3022 interpretatur,
2984 2955 3058 3008 ita
3086 2955 3246 3009 etiam
3278 2955 3422 3009 Enos
3437 2953 3593 3023 juxta

2011 3041 2332 3100 Hebraicam
2363 3047 2645 3102 veritatem
2671 3047 2847 3114 homo,
2873 3047 2956 3102 vel
2983 3050 3090 3115 vir;
3115 3057 3168 3103 et
3192 3050 3434 3119 pulchre,
3466 3049 3588 3118 quia

2012 3133 2115 3190 hoc
2136 3133 2454 3191 vocabulum
2492 3138 2701 3204 habuit,
2735 3139 2936 3193 dictum
2968 3149 3052 3195 est
3098 3139 3226 3209 quia
3255 3139 3465 3194 initium
3493 3139 3593 3193 fuit

1935 3267 1982 3343 α
2018 3235 2144 3282 tunc
2168 3227 2453 3284 invocandi
2502 3245 2699 3285 nomen
2729 3229 2939 3284 Domini
2969 3249 2982 3284 :
3039 3229 3164 3283 licet
3213 3229 3451 3300 plerique
3483 3229 3588 3283 lle-

2013 3319 2277 3343 ι.-..,.,.........
2317 3319 2654 3343 η-Ιιζι....--ι.-..
2696 3321 2830 3343 _..-.l
2879 3328 3002 3343 ιη..-
3030 3319 3259 3343 -_:-_‘--_...
3295 3321 3342 3343 ε..
3377 3320 3586 3343 ---ριξη-

2013 3319 2282 3373 brzeorum
2315 3319 2654 3374 arbitrantur
2691 3321 2832 3390 quod
2879 3328 3005 3375 tunc
3030 3319 3264 3390 primum
3293 3321 3346 3374 in
3375 3320 3589 3374 nomine

2012 3409 2225 3466 Domini
2247 3420 2302 3466 et
2327 3410 2381 3466 in
2403 3409 2756 3466 similitudine
2779 3411 2898 3482 ejus
2921 3409 3184 3467 fabricata
3207 3421 3332 3467 sunt
3354 3411 3515 3467 idola.

2635 3564 2861 3622 CAPUT
2900 3566 2963 3622 V.

2086 3722 2252 3775 Vens.
2285 3722 2336 3786 l,
2356 3721 2410 3776 2.
2433 3753 2501 3761 -
2517 3739 2536 3773 ι
2571 3721 2669 3778 llic
2691 3731 2772 3776 est
2793 3722 2932 3777 liber
2953 3723 3317 3793 generationis
3341 3724 3530 3780 Adam.
3566 3747 3583 3778 ι

2014 3812 2096 3866 Ad
2123 3812 2528 3866 similitudinem
2559 3813 2652 3868 Dei
2690 3813 2864 3868 factus
2889 3822 2991 3867 est.
3019 3813 3157 3878 Alii,
3193 3815 3262 3868 ad
3291 3815 3592 3871 similitudi-

2016 3919 2137 3958 nem
2172 3903 2319 3957 Adre.
2357 3903 2451 3958 Est
2477 3905 2632 3973 quasi
2675 3905 2952 3959 conclusio
2991 3921 3022 3958 a
3063 3906 3429 3975 superioribus
3471 3924 3591 3963 cum

2016 3995 2475 4064 recapitulatione.
2534 4016 2551 4047 ι
2583 3996 2641 4051 In
2691 3999 2777 4052 die
2821 4014 2928 4068 qua
2976 3999 3182 4053 creavit
3227 4002 3366 4055 Deus
3416 4001 3590 4055 homi-

2017 4105 2160 4144 nem.
2199 4108 2218 4141 ι
2259 4088 2316 4142 ln
2343 4089 2430 4142 die
2463 4090 2661 4144 etenim
2703 4099 2916 4145 creatus
2950 4099 3052 4155 est,
3084 4091 3207 4158 quia
3253 4091 3308 4144 in
3344 4091 3591 4147 claritate

2019 4179 2214 4236 divinae
2237 4178 2706 4248 contemplationis
2737 4180 3080 4234 constitutus.
3115 4197 3134 4229 ι
3166 4179 3247 4234 Ad
3287 4165 3590 4234 similitudi-

2017 4283 2143 4324 nem
2171 4269 2285 4322 Dei.
2325 4289 2343 4322 ι
2381 4267 2514 4335 Quia
2538 4270 2802 4324 rationem
2833 4270 2882 4324 ei
2909 4270 3084 4334 dedit,
3113 4285 3220 4339 qua
3249 4270 3593 4339 intelligendo

2018 4359 2160 4414 bona
2180 4367 2236 4414 et
2261 4360 2398 4414 mala
2427 4361 2778 4426 discerneret,
2810 4361 3076 4433 intellecta
3106 4360 3345 4428 diligeret
3370 4401 3384 4426 ,
3421 4370 3476 4416 et
3511 4363 3592 4416 di-

2020 4454 2160 4510 lecta
2182 4455 2436 4510 oblivioni
2463 4471 2568 4509 non
2599 4455 2857 4518 traderet,
2883 4464 2938 4508 et
2961 4455 3014 4507 in
3044 4455 3146 4509 hoc
3175 4454 3265 4508 Dei
3293 4455 3597 4510 similitudi-

2021 4561 2144 4601 nem
2202 4548 2479 4602 retineret.
2539 4546 2645 4601 Sed
2703 4555 2986 4615 postquam
3033 4562 3128 4616 per
3181 4547 3594 4602 inobedientiam

346 4649 526 4721 (λκιο)
569 4651 872 4720 Αιιεθονίεε,
909 4629 1190 4706 Ρεξεειίυη,
1220 4652 1451 4707 Lamech
1500 4654 1613 4723 (qui
1661 4655 1924 4724 ίηιθπ-ρτρ-
1946 4629 1999 4692 D
2027 4641 2164 4694 hanc
2189 4639 2593 4712 similitudinem
2620 4637 2837 4701 delevit,
2869 4637 3044 4693 factus
3079 4646 3322 4711 terrenus
3351 4649 3594 4693 terrenos

349 4751 495 4794 tatur
519 4742 845 4815 humiliatus)
887 4743 1152 4812 signiﬁcat
1182 4743 1535 4815 dejectionem
1574 4747 1792 4801 humani
1831 4763 1922 4818 ge-

349 4831 501 4885 neris
537 4831 678 4900 ψιοὰ
711 4832 1100 4900 praevaricante
1136 4833 1305 4887 Adam
1330 4837 1554 4898 corruit,
1587 4851 1684 4889 nec
1720 4852 1816 4904 per
1848 4836 1923 4891 le-

349 4935 497 4990 gem,
528 4921 606 4974 vel
639 4935 735 4989 per
781 4922 1267 4984 circumcisionem,
1299 4939 1397 4976 nec
1427 4939 1523 4992 per
1565 4938 1719 4976 suam
1760 4923 1922 4991 justi-

353 5011 486 5064 tiam
529 5025 748 5081 surgere
786 5013 978 5080 potuit,
1009 5011 1182 5066 donec
1209 5022 1328 5081 post
1353 5014 1691 5084 septuaginta
1719 5025 1923 5084 septem

350 5104 726 5173 generationes
755 5104 1046 5158 secundum
1079 5103 1275 5158 Lucam
1311 5103 1556 5158 Christus
1584 5105 1636 5157 in
1666 5106 1922 5160 mundum

353 5196 596 5256 veniens,
617 5193 875 5250 effusione
909 5197 1183 5266 sanguinis
1209 5207 1489 5265 peccatum
1519 5197 1712 5252 delevit
1737 5215 1752 5264 ;
1785 5199 1924 5254 unde

351 5287 544 5343 Matth.
565 5301 727 5340 xvnt:

430 5398 450 5430 ι
485 5378 602 5432 Non
629 5378 750 5433 dico
786 5378 878 5432 tibi
909 5379 1130 5448 septies,
1165 5379 1256 5434 sed
1285 5394 1453 5449 usque
1493 5381 1794 5450 septuagies
1835 5396 1924 5437 se-

353 5470 518 5541 pties,
542 5489 563 5523 ι
598 5471 701 5526 hoc
746 5479 849 5536 est,
878 5469 1117 5525 Judaeum
1163 5473 1523 5541 recipiendum
1548 5488 1668 5528 esse
1697 5483 1818 5542 post
1841 5490 1924 5529 se-

352 5563 635 5634 ptuaginta
663 5573 868 5632 septem
897 5565 1180 5630 vindictas,
1214 5565 1259 5619 si
1308 5566 1608 5634 resipuerit,
1642 5576 1695 5621 et
1723 5568 1925 5622 Christi

355 5651 745 5723 indulgentiam
775 5655 1066 5724 quesierit.
1124 5657 1470 5726 Septenarius
1520 5659 1925 5713 universitatem

355 5745 659 5816 signiﬁcat:
709 5763 807 5817 per
833 5764 992 5818 quem
1036 5750 1194 5804 ducto
1221 5750 1515 5805 undenario
1561 5751 1619 5804 ﬁt
1649 5759 1924 5820 septuage-

358 5834 543 5888 narius
575 5834 850 5902 septimus.
886 5833 938 5888 in
985 5852 1089 5904 quo
1136 5836 1440 5892 omnimoda
1470 5836 1824 5906 transgressio
1850 5836 1922 5890 si-

2021 4730 2318 4801 generavit.
2350 4727 2499 4784 Unde
2530 4728 2704 4796 qualis
2731 4737 2998 4793 terrenus,
3031 4728 3162 4782 tales
3183 4737 3237 4782 et
3265 4729 3484 4783 terreni.

2095 4817 2440 4890 (Cnnvsosr.,
2470 4817 2610 4872 hom.
2639 4819 2702 4872 21
2734 4818 2788 4870 in
2816 4816 2972 4882 Gem,
3003 4829 3131 4871 tom.
3161 4812 3276 4890 IV.)
3303 4817 3593 4872 Considera

2025 4912 2291 4982 quomodo
2319 4911 2507 4965 iisdem
2535 4911 2714 4964 verbis
2740 4926 2867 4966 usus
2898 4911 3056 4964 fuerit
3082 4911 3276 4979 quibus
3321 4919 3377 4964 et
3421 4911 3593 4974 initio,

2025 5013 2084 5058 ut
2105 5005 2321 5059 doceret
2347 5018 2446 5058 nos
2471 5003 2610 5071 quod
2637 5002 3014 5073 generationes
3046 5001 3194 5065 illas,
3223 5002 3376 5072 quasi
3408 5016 3593 5070 repro-

2026 5094 2122 5148 bas
2147 5093 2338 5159 factas,
2356 5108 2526 5161 neque
2550 5093 2807 5146 memoria
2837 5102 2957 5160 post
2979 5093 3081 5146 hac
3105 5093 3383 5160 dignetur;
3407 5093 3501 5147 sed
3528 5107 3596 5145 ex

2027 5185 2182 5249 Seth,
2211 5186 2301 5254 qui
2336 5200 2478 5238 nunc
2509 5184 2613 5238 illis
2643 5193 2804 5238 natus
2831 5194 2944 5249 est,
2972 5183 3338 5253 genealogiam
3365 5185 3595 5247 orditur,

2025 5287 2086 5332 ut
2115 5293 2182 5333 ex
2220 5279 2320 5332 hoc
2353 5278 2528 5332 discas
2559 5286 2816 5346 quantam
2847 5277 2988 5330 Deus
3017 5277 3236 5331 humani
3269 5277 3479 5346 generis
3513 5292 3596 5328 ra-

2027 5369 2226 5424 tionem
2265 5367 2478 5432 habeat,
2526 5377 2580 5421 et
2617 5368 2886 5436 quomodo
2927 5367 3044 5421 illos
3087 5376 3364 5422 aversetur
3404 5366 3598 5434 quibus

2026 5459 2371 5529 sanguinaria
2404 5473 2555 5513 mens
2580 5467 2682 5513 est.

2096 5553 2256 5608 Vens.
2290 5552 2444 5606 5-25.
2474 5581 2544 5591 —
2576 5571 2593 5602 ι
2631 5551 2776 5606 Vixit
2797 5557 2973 5604 autem
2998 5548 3201 5614 Adam,
3243 5566 3261 5598 ι
3303 5554 3407 5601 etc.
3443 5543 3595 5612 (litt-:-

2028 5660 2172 5710 nom,
2201 5645 2255 5698 iu
2286 5644 2485 5709 Quaest.
2515 5640 2724 5713 Helm).
2755 5640 3042 5696 Sciendum
3069 5639 3211 5708 quod
3235 5636 3492 5712 usquead
3514 5636 3596 5690 di-

2028 5737 2249 5801 luvium,
2277 5735 2364 5790 ubi
2396 5736 2448 5789 in
2486 5733 2684 5789 nostris
2721 5733 2996 5787 codicibus
3045 5750 3059 5776 ‹
3091 5731 3446 5784 ducentorum
3480 5747 3497 5779 ι
3546 5737 3601 5782 et

2029 5827 2168 5898 quod
2199 5827 2437 5882 excurrit
2463 5841 2722 5880 annorum
2752 5823 2996 5892 genuisse
3023 5821 3142 5890 quis
3173 5820 3385 5885 dicitur,
3414 5821 3466 5874 in
3495 5818 3596 5872 llc-
