4074 6334
249 359 354 415 105

1282 347 1553 407 GLOSSA
1591 344 1987 404 UllDiNAlilA.
2026 375 2095 385 —
2131 344 2258 401 LIB.
2299 343 2458 401 GEN.

3425 347 3530 403 106

321 471 488 527 Vens.
518 468 639 525 6-8.
662 498 732 509 —
759 488 776 520 ι
810 467 1071 524 Paenituit
1097 481 1220 522 eum
1247 465 1404 535 quia,
1437 485 1455 517 ›
1485 473 1590 521 etc.
1618 463 1834 534 (6350.,
1864 465 1911 522 A
1941 458 1994 513 in
2020 458 2325 525 latitudine,
2359 459 2577 530 triginta
2615 457 2668 512 in
2703 457 3018 524 altitudine,
3065 466 3168 514 etc.
3195 498 3210 524 ,
3258 476 3419 531 usque
3457 457 3532 516 ad

252 561 451 618 Moral.
479 561 570 615 lib.
595 564 672 630 v).
698 559 1022 630 Plerumque
1046 558 1098 612 in
1131 572 1287 612 sacro
1316 555 1529 626 eloquio
1566 546 1838 626 sapieﬁtbs

250 655 347 710 Dei
369 653 653 709 consilium
679 652 901 706 trahunt
927 666 959 704 a
979 649 1313 719 sapientibus
1335 647 1540 702 saeculi.
1560 645 1650 702 Sic
1675 660 1834 711 nunc,

248 762 354 816 pro
383 744 611 798 utilitate
639 741 893 806 hominis,
923 755 1111 796 vocem
1137 739 1188 794 in
1217 754 1275 794 se
1293 737 1565 809 passionis
1591 738 1840 792 humana:

251 839 372 907 ipse
400 835 653 892 conditor
682 833 961 889 hominum
988 831 1173 898 sumit,
1207 845 1331 886 cum
1356 838 1569 887 constet
1596 829 1720 899 quia
1749 828 1841 898 qui

248 940 469 997 cuncta,
501 928 817 1000 priusquam
847 927 1115 992 venerint,
1144 925 1448 997 conspicit,
1479 923 1612 979 nihil
1654 923 1846 979 fecerit

250 1024 404 1093 quod
432 1021 742 1092 pmnitendo
769 1021 1071 1091 resipiscat.
1103 1020 1173 1076 Ut
1197 1035 1327 1092 ergo
1357 1021 1554 1075 mirum
1593 1035 1701 1075 non
1737 1027 1840 1084 est,

251 1113 301 1168 si
329 1112 642 1187 spirituales
672 1113 990 1184 plerumque
1033 1120 1255 1168 utantur
1301 1111 1478 1168 verbis
1518 1110 1841 1177 carnalium,

250 1204 336 1259 sic
359 1218 536 1274 neque
561 1203 869 1258 mirandum
899 1203 944 1258 si
973 1203 1088 1274 ipse
1112 1212 1328 1259 creator
1350 1202 1618 1268 omnium,
1641 1209 1700 1258 ut
1725 1217 1845 1256 car-

251 1310 381 1350 nem
405 1292 686 1365 pertrahat
711 1295 779 1350 ad
809 1295 1145 1352 intellectum
1171 1312 1348 1364 suum,
1378 1297 1433 1352 in
1461 1296 1642 1367 seipso
1665 1296 1845 1352 carnis

253 1402 566 1445 sermonem
595 1397 776 1443 servet
800 1387 886 1442 vel
909 1397 1109 1444 sumat.

328 1479 496 1541 Vens.
524 1481 682 1536 9-12.
713 1511 783 1522 —
817 1500 836 1533 ι
868 1480 980 1537 Noe
1007 1483 1091 1537 vir
1121 1480 1320 1552 justus.
1359 1502 1379 1534 ι
1420 1481 1520 1538 Hic
1559 1498 1656 1552 per
1691 1491 1845 1539 actus

255 1588 389 1629 suos
408 1572 680 1645 signiﬁcat
698 1573 995 1641 Christum,
1020 1576 1113 1646 qui
1138 1577 1214 1630 ait
1245 1576 1441 1631 Matth.
1467 1593 1522 1631 χι
1551 1595 1564 1631 :
1597 1595 1615 1628 ι
1646 1577 1847 1634 Discite

257 1681 292 1720 a
316 1680 404 1721 me
425 1665 552 1735 quia
577 1665 727 1721 mitis
746 1680 866 1721 sum
891 1675 948 1722 et
971 1665 1190 1722 humilis
1214 1668 1398 1723 corde.
1438 1688 1456 1720 ι
1489 1665 1650 1723 Solus
1666 1668 1847 1739 justus

256 1757 553 1823 invenitur,
582 1757 668 1813 cui
692 1766 914 1828 propter
935 1756 1203 1827 justitiam
1245 1774 1398 1814 suam
1439 1768 1644 1830 septem
1673 1761 1847 1816 homi-

1941 557 1998 604 et
2028 565 2126 620 per
2155 565 2318 620 quem
2346 564 2534 605 omnes
2560 549 2856 620 proﬁciunt
2883 549 2975 620 qui
3003 564 3061 606 se
3083 559 3398 621 peccatores
3424 568 3530 608 no-

1941 649 2154 695 verunt.

2006 719 2171 800 Vnss.
2205 731 2388 788 16-18.
2413 763 2483 774 —
2518 751 2536 785 ι
2567 733 2627 788 1η
2668 734 2848 790 cubito
2876 735 3279 792 consummabis
3308 735 3535 794 summi-

1950 841 1969 874 ι
1999 832 2162 878 tatem
2187 823 2322 894 ejus.
2356 845 2374 878 ι
2403 823 2494 880 Sic
2524 825 2764 883 Ecclesia
2793 826 2848 881 in
2876 827 3082 883 unitate
3105 827 3333 884 collecta
3354 829 3528 885 subli-

1944 925 2124 972 matur
2148 925 2312 989 atque
2340 917 2651 988 perﬁcitur;
2697 919 2839 976 unde
2865 919 3055 975 Matth.
3086 936 3140 974 xi
3173 939 3184 974 :
3223 939 3242 972 ι
3273 920 3375 988 Qui
3421 937 3528 976 non

1946 1011 2150 1082 colligit
2175 1027 2409 1078 mecum,
2440 1012 2720 1085 dispergit.
2755 1033 2774 1065 ι

2017 1105 2226 1163 Ostium
2269 1114 2452 1159 autem
2482 1120 2655 1170 arere,
2694 1125 2713 1156 ι
2753 1114 2858 1160 etc.
2903 1105 3072 1160 Nemo
3104 1105 3249 1162 enim
3281 1105 3448 1162 intrat
3477 1105 3536 1161 in

1947 1199 2267 1266 Ecclesiam,
2297 1199 2401 1254 nisi
2425 1214 2524 1270 per
2546 1208 2946 1255 sacramentum
2974 1201 3309 1256 remissionis
3334 1215 3533 1272 pecca-

1949 1302 2149 1359 torum,
2178 1293 2320 1362 quod
2357 1292 2422 1347 de
2452 1291 2620 1348 latere
2651 1303 2839 1364 aperto
2869 1294 3159 1349 emanavit.

2024 1405 2041 1434 ‹
2077 1381 2366 1439 Cmnacula
2395 1391 2450 1438 et
2473 1384 2714 1455 tristega,
2749 1406 2766 1438 ι
2799 1395 2902 1441 etc.
2934 1385 3077 1441 LXX
3104 1405 3116 1442 :
3148 1406 3166 1438 ‹
3197 1387 3538 1444 Bicamerata

1947 1485 2002 1531 et
2035 1476 2401 1532 tricamerata.
2445 1496 2464 1530 ›
2503 1477 2582 1531 Ex
2609 1478 2862 1534 omnibus
2887 1480 3032 1533 enim
3059 1481 3310 1551 gentibus
3340 1481 3424 1536 vel
3457 1481 3539 1537 bi-

1948 1568 2203 1639 pertitam
2243 1567 2644 1624 multitudinem
2690 1579 2984 1640 congregat
3021 1571 3296 1638 Ecclesia,
3330 1587 3396 1628 ex
3428 1574 3537 1628 cir-

1950 1661 2283 1717 cumcisione
2310 1669 2366 1717 et
2397 1663 2693 1734 praeputio;
2727 1663 2814 1719 vel
2846 1665 3202 1734 tripartitam,
3251 1683 3317 1722 ex
3365 1667 3542 1724 tribus

1951 1751 2078 1808 ﬁliis
2113 1751 2246 1819 Noe,
2279 1768 2510 1824 quorum
2538 1755 2794 1826 progenie
2819 1756 3059 1828 repletur
3078 1759 3246 1814 orbis.
3279 1760 3540 1816 Inferiora

258 1866 360 1906 nes
385 1852 674 1907 donantur,
708 1849 894 1908 Justus
923 1868 1138 1924 quoque
1175 1852 1426 1910 Christus
1463 1863 1517 1910 ει
1553 1855 1846 1925 perfectus,
1878 1832 1926 1894 Β
1955 1854 2132 1900 autem
2160 1859 2301 1901 arca:
2336 1846 2590 1902 distincta
2621 1857 2768 1914 sunt,
2810 1850 2936 1918 quia
2965 1850 3020 1904 in
3051 1851 3156 1906 hac
3181 1852 3291 1906 vita
3324 1861 3542 1909 terrena

257 1942 349 1998 cui
400 1952 606 2014 septem
654 1941 910 1998 Ecclesiae
951 1943 1250 2014 septiformi
1293 1942 1497 2015 Spiritu
1537 1944 1852 2000 illuminata:

257 2033 316 2089 in
349 2049 512 2088 unam
566 2033 808 2090 Ecclesia
860 2035 1255 2102 condonantur.
1299 2014 1412 2091 Noe
1442 2014 1542 2106 per
1576 2051 1772 2106 aquam
1797 2045 1853 2093 et

257 2125 473 2197 lignum
502 2124 786 2192 liberatur,
810 2135 866 2180 et
888 2125 1092 2182 familia
1119 2128 1269 2199 ejus;
1302 2127 1380 2184 sic
1409 2127 1618 2183 familia
1647 2125 1851 2185 Christi

255 2231 362 2289 per
389 2218 714 2289 baptismum
742 2228 798 2274 et
825 2233 1064 2274 crucem.

338 2328 358 2361 ι
396 2309 454 2364 In
477 2311 916 2381 generationibus
935 2312 1068 2368 suis.
1098 2330 1116 2364 ι
1143 2311 1308 2382 Quasi
1331 2328 1439 2370 non
1463 2321 1856 2370 consummata:

251 2402 500 2473 iustitiae,
526 2402 620 2458 sed
641 2401 797 2471 juxta
822 2403 1223 2474 generationem
1249 2419 1423 2460 suam.

338 2493 501 2549 Vsus.
543 2493 628 2548 15.
665 2525 736 2534 -
763 2514 781 2547 ι
826 2494 1142 2567 Disperdam
1189 2512 1284 2552 eos
1319 2513 1480 2566 cum,
1517 2517 1537 2550 ι
1577 2506 1683 2556 etc.
1728 2499 1857 2557 Tra-

259 2585 399 2641 dunt
437 2585 691 2641 doctores
720 2594 881 2642 terrae
925 2587 1158 2643 virorem
1191 2597 1246 2644 et
1283 2588 1671 2648 fecunditatem
1698 2591 1858 2666 longe

261 2690 390 2732 esse
436 2675 748 2733 inferiorem
787 2687 910 2748 post
950 2677 1248 2746 diluvium;
1288 2688 1344 2734 et
1388 2681 1508 2737 ideo
1544 2682 1857 2741 hominibus

261 2783 418 2823 esum
457 2769 703 2823 carnium
732 2784 1052 2826 concessum
1075 2810 1090 2834 ι
1117 2785 1242 2827 cum
1267 2781 1427 2828 antea
1454 2780 1668 2828 tantum
1697 2781 1857 2832 terrae

263 2858 534 2914 fructibus
557 2859 886 2916 victitarent.

339 2951 504 3008 Vens.
537 2951 625 3006 14.
652 2983 721 2993 —
749 2971 768 3006 ι
797 2953 909 3010 Fac
939 2954 1034 3010 tibi
1062 2969 1249 3012 arcam
1273 2956 1341 3013 de
1365 2956 1544 3028 lignis.
1580 2977 1599 3010 ι
1637 2956 1858 3014 Scilicet

266 3041 500 3100 fortibus
522 3053 577 3100 ct
601 3044 1079 3114 insolubilibus,.et
1099 3047 1237 3104 bene
1258 3049 1577 3115 coarctatis;
1609 3065 1732 3120 quae
1754 3050 1857 3106 alia

267 3137 556 3194 translatio
595 3139 725 3194 dicit
761 3160 778 3193 ι
821 3141 1121 3212 quadrata.
1162 3163 1182 3196 ι
1223 3150 1284 3198 ιιι
1329 3158 1432 3199 nec
1473 3143 1528 3198 vi
1573 3153 1855 3200 ventorum

267 3244 373 3284 nec
409 3229 766 3285 inundatione
795 3231 1053 3288 solvetur.

350 3339 369 3372 ι
402 3320 825 3390 Mansiuuculas,
865 3343 884 3376 ι
918 3335 1024 3381 etc.
1055 3324 1304 3398 (Suum)
1335 3323 1481 3381 LXX
1508 3344 1520 3380 :
1554 3345 1572 3378 ι
1608 3325 1857 3384 Bicame-

269 3425 390 3471 rata
421 3426 478 3473 et
507 3418 857 3474 tricamerata
880 3418 934 3474 in
961 3435 1089 3476 arca
1116 3419 1320 3476 facies:
1345 3421 1675 3476 bicamerata
1697 3423 1751 3477 in
1777 3423 1861 3477 in-

268 3505 588 3574 ferioribus,
638 3509 983 3565 tricamerata
1025 3510 1081 3565 in
1130 3511 1519 3582 superioribus.
1556 3531 1576 3564 ›
1612 3511 1863 3584 Quinque

270 3613 406 3670 ergo
441 3599 809 3656 mansionibus
838 3601 1092 3656 distincta
1119 3608 1246 3657 sunt
1271 3618 1286 3656 :
1315 3601 1514 3671 prima,
1540 3603 1594 3658 id
1615 3612 1699 3658 est
1727 3601 1864 3658 infe-

271 3693 412 3758 rior,
438 3692 539 3748 fuit
559 3693 905 3760 stercoraria,
929 3708 1037 3764 quo
1057 3702 1298 3750 stercora
1321 3693 1648 3761 deﬂuebant,
1677 3710 1747 3750 ne
1767 3693 1860 3766 qui

270 3793 432 3841 erant
460 3785 516 3839 in
543 3800 672 3841 arca
697 3784 872 3842 fetore
898 3785 1253 3854 laederentur;
1284 3787 1543 3853 secunda,
1572 3788 1866 3858 apotheca-

271 3877 390 3945 ria;
439 3879 634 3945 tertia,
682 3877 972 3935 immitium
1025 3881 1340 3936 animalium
1390 3889 1445 3936 et
1497 3881 1862 3952 serpentium;

273 3981 492 4043 quarta,
523 3981 961 4040 mansuetorum;
993 3973 1183 4045 quinta
1203 4014 1220 4039 ,
1265 3973 1318 4029 id
1352 3981 1436 4028 est
1463 3989 1734 4045 suprema,
1762 3973 1865 4031 ho-

275 4066 489 4122 minum
518 4074 574 4122 et
601 4067 803 4122 avium.
835 4065 1045 4124 Ostium
1063 4108 1078 4134 ,
1127 4066 1219 4123 ubi
1259 4067 1592 4124 bicamerata
1617 4076 1674 4124 et
1700 4068 1865 4124 trica-

273 4166 488 4213 merata
528 4155 927 4230 jungebantur,
973 4157 1026 4214 id
1069 4165 1176 4224 est,
1200 4157 1345 4214 inter
1381 4159 1782 4230 apothecariam
1812 4166 1870 4214 et

273 4249 578 4306 bestiarum
602 4249 1010 4306 habitationem.
1038 4249 1223 4323 (Auc.)
1244 4250 1304 4305 In
1329 4251 1502 4321 prima
1533 4251 1870 4307 habitatione

273 4345 331 4400 in
358 4344 707 4400 inferioribus
729 4345 896 4402 semel
922 4353 1196 4400 camerata
1225 4354 1343 4400 crat
1369 4360 1518 4409 arca,
1548 4345 1603 4400 in
1629 4346 1869 4402 secunda

275 4453 445 4510 super
473 4436 783 4494 inferiorem
815 4437 1200 4494 habitationem
1235 4439 1585 4495 bicamerata.
1622 4438 1680 4494 In
1711 4438 1871 4495 tertia

275 4547 414 4587 vero
448 4546 610 4602 super
636 4531 928 4587 secundam
956 4533 1319 4586 tricamerata.
1351 4530 1548 4586 Dicunt
1570 4531 1660 4586 alii
1695 4531 1750 4586 in
1781 4531 1868 4586 in-
1891 4569 1946 4630 Β

277 4622 574 4678 ferioribus
603 4621 739 4678 duas
777 4620 946 4678 fuisse
975 4622 1410 4688 mansiunculas,
1455 4631 1510 4678 et
1554 4623 1634 4677 sic
1682 4637 1869 4678 arcam

279 4713 453 4767 fuisse
481 4711 889 4768 bicameratam.
924 4710 1126 4766 Harum
1162 4710 1390 4767 inferior
1417 4719 1658 4768 stercora
1697 4711 1870 4768 susci-

280 4805 501 4876 piebat,
527 4805 766 4860 secunda
793 4821 980 4872 escas,
1009 4820 1130 4877 qua:
1176 4805 1520 4876 apothecaria
1557 4805 1868 4872 dicebatur;

284 4898 340 4953 in
363 4898 1108 4976 superioribus‘tricamerata
1133 4905 1275 4964 erat,
1296 4897 1385 4952 ubi
1409 4897 1655 4953 homines
1673 4905 1729 4952 et
1753 4897 1872 4952 ani-

283 4988 450 5044 malia
479 5003 719 5061 congrua
747 4989 1093 5044 distinctione
1122 4988 1563 5044 continebantur.

357 5079 508 5152 (Ism.
535 5081 592 5134 in
614 5076 771 5146 Gem,
803 5089 933 5136 tom.
961 5078 1054 5152 V.)
1091 5079 1288 5134 Arcam
1330 5079 1634 5135 construxit
1661 5078 1776 5137 Noe
1805 5080 1872 5137 de

282 5173 449 5245 lignis
473 5171 923 5242 imputribilibus,
952 5182 1079 5238 etc.,
1109 5187 1271 5244 usque
1299 5171 1369 5226 ad
1399 5173 1454 5228 in
1481 5171 1718 5243 quinque
1747 5187 1872 5244 pro-

283 5262 617 5335 phetizatus,
645 5261 701 5317 in
725 5271 879 5317 sexta
903 5261 1319 5334 evangelizatus.

359 5356 528 5412 Vsus.
557 5355 647 5411 15.
682 5374 700 5407 ι
737 5355 1125 5412 Trecentorum
1151 5356 1480 5422 cubitorum,
1517 5373 1536 5408 ι
1567 5364 1672 5413 etc.
1697 5357 1868 5429 (Ism.,

287 5446 444 5520 ibid.)
471 5446 659 5502 Potest
681 5445 735 5500 in
760 5447 1016 5503 trecentis
1039 5447 1233 5502 cubitis
1257 5446 1462 5518 lignum
1488 5447 1670 5504 crucis
1693 5457 1873 5506 osten-

289 5542 368 5607 di,
398 5548 504 5596 etc.
526 5579 543 5606 ,
575 5556 738 5612 usque
764 5539 834 5593 ad
861 5539 987 5610 quia
1015 5554 1156 5594 unus
1179 5539 1322 5595 Deus
1345 5553 1414 5595 ex
1446 5553 1555 5609 quo
1579 5541 1758 5596 omnia
1776 5580 1791 5607 ,
1822 5548 1873 5598 et

290 5655 401 5695 una
429 5638 583 5704 ﬁdes,
616 5648 673 5694 et
695 5653 862 5693 unum
888 5637 1175 5709 baptisma.

362 5729 558 5804 (Cum.
593 5731 737 5785 hom.
789 5746 878 5784 xv:
927 5731 982 5785 in
1027 5729 1247 5799 Ezech.)
1291 5729 1430 5785 Area
1460 5745 1581 5800 qua:
1617 5728 1876 5784 trecentis

294 5823 494 5879 cubitis
523 5820 643 5877 ﬁeri
675 5821 726 5875 in
763 5819 1095 5892 longitudine
1118 5819 1269 5889 jussa
1316 5830 1400 5875 est
1427 5860 1440 5886 ,
1487 5821 1872 5894 quinquaginta

781 5914 1056 5974 Panos.
1110 5912 1344 5976 CXIII.

1951 1944 2037 1992 est
2066 1937 2350 1994 diversitas
2393 1939 2637 2010 gentium
2688 1958 2700 1994 :
2748 1942 2805 1996 in
2857 1958 3071 1998 summo
3124 1953 3307 2000 autem
3355 1961 3546 2002 omnes

1953 2039 2401 2086 consummantur
2433 2032 2487 2087 in
2524 2047 2715 2101 unum,
2747 2035 2874 2104 quia
2903 2037 3085 2091 omnia
3114 2046 3171 2092 et
3207 2038 3260 2092 in
3293 2041 3547 2096 omnibus

1953 2121 2221 2177 Christus.

2026 2213 2297 2288 (Arcum)
2319 2216 2570 2288 Congrue
2594 2232 2722 2273 arca
2744 2217 2800 2273 in
2825 2234 3058 2287 summo,
3087 2220 3234 2276 velut
3255 2231 3398 2278 tecto
3417 2239 3551 2296 quo-

1955 2307 2079 2362 dam
2106 2317 2354 2379 angusto,
2382 2310 2721 2364 cacuminata
2743 2319 2849 2376 est,
2877 2320 2940 2366 ut
2959 2312 3212 2367 imbrium
3240 2314 3417 2370 minas
3440 2315 3548 2370 dif-

1957 2397 2240 2465 funderet,
2278 2407 2333 2454 et
2361 2399 2472 2454 ima
2511 2399 2564 2454 in
2603 2401 2760 2470 aquis
2788 2401 3086 2458 stabilitate
3125 2404 3392 2473 quadrata
3421 2420 3552 2462 con-

1957 2491 2178 2559 sistens,
2205 2507 2306 2548 nec
2328 2491 2562 2562 impulsu
2584 2502 2892 2560 ventorum,
2916 2509 3017 2550 nec
3042 2495 3246 2565 impetu
3265 2495 3546 2562 fluctuum,

1957 2599 2058 2638 nec
2079 2583 2451 2654 inquietudine
2475 2584 2791 2640 animalium
2812 2600 2933 2655 qua:
2954 2586 3100 2643 intus
3120 2596 3276 2642 erant
3299 2589 3551 2645 inclinari

1955 2683 2143 2743 posset
2164 2681 2259 2728 aut
2285 2675 2478 2746 mergi.

2029 2765 2222 2838 (Cum.
2250 2765 2306 2820 in
2337 2765 2558 2841 Moral.)
2592 2768 2734 2824 Arca
2776 2769 2832 2825 in
2866 2769 3216 2828 inferioribus
3253 2773 3428 2846 ampla
3448 2815 3464 2841 ,
3497 2777 3554 2831 in

1957 2856 2330 2926 superioribus
2353 2869 2604 2930 angusta,
2631 2868 2738 2916 etc.
2756 2899 2773 2928 ,
2805 2879 2968 2934 usque
3005 2865 3074 2918 ad
3111 2867 3345 2936 grandes
3370 2871 3554 2926 acervi

1957 2951 2261 3022 palearum,
2298 2967 2418 3022 qua:
2447 2953 2661 3024 ignibus
2684 2955 3097 3012 comburuntur.
3153 2985 3158 2989 ~

2029 3044 2248 3118 (Gneo)
2280 3046 2558 3103 Moraliter
2583 3058 2763 3104 autem
2785 3090 2801 3116 ,
2831 3050 2924 3120 qui
2965 3065 3024 3107 se
3053 3053 3122 3108 ab
3150 3069 3336 3110 amore
3367 3057 3554 3112 mundi

1959 3136 2250 3202 convertit,
2289 3137 2341 3191 in
2370 3137 2534 3193 corde
2558 3138 2794 3195 aedificat
2823 3155 3007 3197 arcam
3030 3141 3238 3207 salutis,
3268 3145 3475 3202 habens
3501 3147 3555 3201 in

1961 3241 2021 3282 se
2043 3225 2455 3297 longitudinem,
2488 3227 2541 3282 id
2565 3238 2670 3295 est,
2700 3229 2984 3288 Trinitatis
3013 3233 3194 3302 ﬁdem,
3237 3251 3301 3292 ac
3323 3237 3558 3308 longitu-

1962 3320 2142 3376 dinem
2172 3321 2295 3376 vita:
2321 3331 2375 3377 et
2405 3323 2860 3392 immortalitatis;
2903 3326 3245 3386 latitudinem
3287 3330 3343 3385 in
3381 3331 3559 3387 chari—

1963 3420 2095 3479 tate,
2124 3427 2229 3483 qua
2252 3423 2431 3483 potest
2451 3415 2591 3472 bene
2615 3415 2796 3473 facere
2820 3418 2986 3474 etiam
3018 3419 3286 3488 inimicis;
3319 3421 3558 3479 altitudi-

1963 3522 2086 3562 nem
2118 3507 2172 3563 in
2200 3524 2323 3580 spe,
2355 3524 2460 3579 qua
2495 3523 2555 3564 se
2583 3508 2755 3580 erigat
2797 3511 2870 3566 ad
2909 3511 3153 3568 coalestia
3193 3522 3249 3570 et
3286 3530 3556 3572 summam

1965 3607 2185 3654 actuum
2213 3615 2434 3656 suorum
2467 3599 2536 3654 ad
2564 3615 2733 3656 unum
2771 3599 2997 3658 referat.

2038 3691 2204 3748 Vsus.
2237 3691 2427 3749 19-20.
2453 3722 2519 3732 —
2547 3709 2566 3744 ε
2598 3691 2668 3748 Et
2687 3707 2755 3749 ex
2781 3695 3015 3763 cunctis,
3048 3715 3068 3750 ι
3097 3704 3202 3754 etc.
3236 3698 3394 3771 (Anc.
3422 3700 3460 3757 l.
3487 3718 3558 3758 xv

1966 3786 2031 3840 de
2059 3783 2213 3841 Civit.
2241 3783 2365 3851 Dei,
2395 3801 2446 3841 c.
2476 3785 2602 3853 ult.,
2633 3795 2673 3842 t.
2703 3785 2838 3861 VII.)
2865 3787 3138 3856 Quaeritur
3169 3791 3237 3848 de
3260 3794 3561 3854 minutissi-

1967 3877 2094 3943 mis,
2139 3876 2220 3932 sic
2252 3877 2308 3932 in
2338 3876 2594 3934 Ecclesiae
2623 3881 2984 3937 sacramentis
3015 3892 3302 3941 versantur
3331 3887 3459 3944 boni
3501 3897 3560 3948 et

1967 3968 2120 4024 mali.

2039 4058 2206 4116 Vsus.
2232 4060 2324 4126 21,
2353 4059 2444 4114 22.
2473 4092 2540 4100 -
2573 4079 2592 4112 ι
2624 4060 2805 4119 Tolles
2824 4064 3006 4136 igitur,
3039 4087 3058 4119 ι
3083 4077 3189 4125 etc.
3219 4069 3369 4128 Solet
3389 4079 3560 4146 quaeri

1969 4151 2036 4207 de
2063 4150 2390 4208 animalibus
2409 4166 2531 4222 quas
2569 4159 2776 4208 tantum
2811 4163 3074 4226 putantur
3103 4161 3251 4216 vesci
3278 4164 3554 4233 carnibus,

1967 4254 2152 4302 utrum
2198 4252 2398 4315 praeter
2441 4260 2725 4302 numerum
2754 4247 2830 4303 ibi
2871 4246 3074 4305 fuerint
3099 4252 3218 4307 sine
3257 4263 3561 4327 transgres-

1971 4340 2123 4409 sione
2161 4340 2419 4403 mandati,
2466 4354 2587 4410 quaa
2630 4340 2864 4396 aliorum
2905 4341 3223 4399 alendorum
3261 4350 3562 4408 necessitas

1971 4433 2236 4506 coegisset
2262 4434 2495 4500 includi;
2527 4434 2636 4500 vel,
2683 4435 2830 4504 quod
2878 4437 3051 4507 magis
3085 4439 3416 4498 credendum
3449 4455 3556 4510 est,

1969 4537 2172 4599 praeter
2191 4543 2385 4584 carnes
2407 4528 2665 4584 alimenta
2686 4542 2810 4584 esse
2838 4537 3128 4600 potuerunt
3158 4548 3278 4602 quas
3305 4539 3561 4596 omnibus

1974 4618 2344 4675 convenirent.
2390 4617 2552 4674 Multa
2597 4619 2740 4673 enim
2781 4620 3058 4688 animalia,
3105 4625 3300 4694 quibus
3329 4643 3457 4684 caro
3483 4631 3562 4686 ci-

1975 4714 2097 4779 bus,
2127 4711 2394 4768 fructibus
2427 4713 2711 4784 pomisque
2735 4723 3053 4781 vescuntur,
3091 4719 3326 4776 maxime
3356 4720 3461 4778 ﬁco
3505 4731 3561 4779 et

1975 4807 2262 4864 castaneis.
2297 4805 2478 4862 Potuit
2503 4821 2634 4877 ergo
2665 4807 2750 4862 vir
2770 4807 2952 4878 justus
2980 4817 3038 4865 et
3073 4811 3312 4882 sapiens,
3342 4823 3398 4870 et
3421 4814 3560 4871 divi-

1974 4899 2124 4954 nitus
2148 4897 2475 4962 admonitus,
2503 4913 2624 4968 quae
2646 4898 2844 4968 cuique
2870 4909 3212 4972 congrueret,
3246 4887 3576 4961 alimoniam'

1975 5001 2174 5064 praeter
2199 5006 2395 5048 carnes
2422 4991 2664 5061 reperire
2685 5000 2742 5046 et
2761 4993 3016 5049 condere.
3047 4994 3116 5049 Et
3142 4996 3393 5052 omnibus
3413 5001 3560 5056 vesci

1977 5085 2120 5154 cogit
2152 5081 2348 5148 fames,
2372 5089 2425 5138 et
2449 5081 2584 5136 nihil
2610 5089 2695 5136 est
2728 5081 2872 5150 quod
2905 5081 3049 5139 Deus
3077 5099 3244 5142 suave
3269 5093 3325 5142 et
3347 5087 3562 5147 salubre

1977 5177 2156 5234 facere
2198 5191 2308 5230 non
2336 5171 2528 5245 possit,
2573 5172 2666 5243 qui
2709 5173 2872 5228 etiam
2900 5182 2962 5230 ut
3003 5175 3122 5233 sine
3147 5177 3272 5235 cibo
3314 5180 3563 5239 viverent

1980 5269 2159 5326 divina
2184 5266 2438 5325 facultate
2462 5267 2708 5325 donaret.

2576 5397 2806 5458 CAPUT
2852 5397 2962 5456 VII.

2051 5540 2216 5597 Vens.
2272 5538 2379 5595 1-5.
2409 5567 2482 5580 —
2519 5556 2540 5590 ι
2584 5536 2839 5607 Dixitque
2877 5535 3161 5603 Dominus,
3215 5521 3235 5590 ί
3272 5545 3378 5592 etc.
3425 5558 3444 5589 ι
3478 5537 3562 5596 Ex

1987 5650 2007 5686 ι
2043 5633 2294 5688 omnibus
2314 5629 2681 5686 animantibus
2708 5628 2924 5685 mundis
2952 5627 3110 5684 tolles
3135 5636 3358 5697 septena
3386 5636 3444 5682 et
3465 5645 3558 5684 se-

1987 5745 2006 5777 ι
2044 5735 2228 5798 ptena,
2269 5744 2288 5776 ι
2322 5732 2430 5778 etc.
2462 5721 2646 5794 (ΗΑΒ.)
2668 5720 2784 5776 Non
2808 5727 3136 5792 geminatum
3169 5720 3556 5788 septenarium,
3609 5743 3618 5754 ο

1983 5818 2034 5872 id
2083 5826 2164 5872 est
2202 5812 2633 5886 quatuordecinl,
2673 5812 2766 5868 sed
2812 5820 3019 5866 tantum
3060 5818 3265 5878 septem
3303 5811 3561 5869 debemus

3085 5901 3122 5955 lt
