4074 6334
536 341 649 401 ων

537 461 810 532 accipere.
851 457 1115 515 Similiter
1156 459 1266 514 duo
1311 467 1368 514 et
1404 459 1536 525 duo,
1579 472 1684 515 non
1726 467 1981 530 quatuor,
2027 455 2123 513 sed
2148 457 2202 520 Α

1042 337 1437 399 mmemor
1478 336 1728 395 STRABl
1760 337 1972 396 anno.
2016 333 2182 395 non.
2222 294 2374 394 ore:
2414 337 2598 396 rans
2632 340 2675 396 ι.
2719 366 2787 383 α
2824 339 3286 400 THEOLOGICA.

3716 352 3825 411 108

2297 456 2481 529 (ΚΑΒ.)
2504 458 2581 514 De
2608 474 2738 515 arca
2765 459 2903 515 solet
2922 462 3089 531 quaeri
3110 468 3293 517 utrum
3318 470 3468 519 tanta
3491 468 3820 540 capacitate,

534 563 748 612 tantum
799 552 928 617 duo,
978 550 1281 606 masculum
1325 559 1381 605 et
1418 549 1693 605 feminam.
1735 549 1803 605 Et
1826 550 2124 605 notandum
2229 556 2433 618 quanta
2461 548 2805 616 describitur,
2837 551 3093 607 animalia
3120 553 3301 607 omnia
3329 569 3449 623 quae
3470 556 3713 628 ingressa
3740 563 3823 618 di-

534 646 680 718 q'uod
702 644 901 700 munda
940 641 1196 697 animalia
1242 641 1433 723 impari
1469 655 1718 708 numero,
1754 640 1808 696 id
1836 649 1921 696 est
1945 647 2124 713 septe-

532 740 690 797 nario
714 737 1137 793 introducuntur
1157 774 1172 800 ,
1209 734 1484 790 immunda
1512 748 1642 790 vero
1680 731 1837 804 pari;
1865 732 1992 804 quia
2018 731 2122 787 im-

2218 648 2446 705 cuntur,
2467 648 2525 695 et
2550 655 2706 697 escas
2734 654 2923 698 eorum
2968 642 3109 699 ferre
3145 646 3421 715 poluerit?
3448 646 3604 716 Quod
3633 652 3822 710 cubito

2224 731 2555 804 geometrico
2604 732 2765 789 solvit
2809 732 3100 807 Origenes,
3152 751 3405 795 asserens
3460 755 3569 797 non
3610 742 3818 802 frustra

529 849 634 906 par
656 844 918 891 numerus
956 832 1176 888 virtutis
1224 831 1460 902 speciem
1503 830 1799 902 portendit,
1844 845 1947 901 par
1989 844 2121 887 vero
2222 821 2427 878 dictum
2466 836 2588 879 esse
2627 823 2810 880 Mosen
2853 824 2908 879 in
2935 825 3083 881 omni
3130 827 3396 898 sapientia
3437 829 3817 904 [Egyptiorum

531 930 926 986 inﬁrmitatem.
965 928 1129 984 Plura
1161 937 1289 983 sunt
1316 925 1544 993 munda,
1569 935 1629 981 ut
1646 940 1898 997 egressus
1917 924 2029 982 Noe
2052 924 2120 981 de
2218 910 2389 969 Ῑυίεδθ
2409 914 2705 981 culmum:
2727 915 2820 984 ηυί
2842 916 3195 985 geometriam
3225 917 3556 988 dilexerunt.
3582 933 3638 979 et
3661 924 3818 982 cubi-

531 1036 656 1076 arca
686 1019 913 1076 haberet
938 1018 1067 1090 quid
1112 1017 1419 1073 immolaret
1441 1024 1498 1073 et
1526 1016 1900 1073 manducaret.

602 1110 751 1181 (Isto.
777 1112 831 1165 in
856 1107 1013 1181 Gen.)
1049 1128 1067 1161 ‹
1104 1108 1183 1165 Ex
1216 1107 1474 1165 omnibus
1521 1108 1912 1175 animantibus,
1942 1125 1964 1160 ι
2005 1115 2113 1163 etc.

528 1201 643 1257 Non
673 1202 817 1273 quod
842 1202 1024 1271 plures
1050 1202 1157 1256 sint
1185 1199 1310 1255 boni
1336 1214 1500 1270 quam
1526 1199 1674 1266 mali,
1700 1207 1830 1262 etc.,
1860 1215 2024 1270 usque
2044 1199 2115 1253 ad

526 1293 619 1361 qui
647 1293 763 1348 dies
804 1307 834 1347 a
870 1290 1122 1361 passione
1166 1290 1360 1345 tertius
1396 1289 1450 1344 in
1498 1303 1726 1344 numero
1772 1288 1981 1344 dierum
2021 1287 2115 1359 qui

524 1398 624 1453 per
650 1397 810 1438 omne
838 1388 1053 1451 tempus
1084 1380 1395 1444 volvuntur,
1426 1387 1481 1435 et
1514 1379 1744 1449 primus,
1774 1386 1829 1434 et
1861 1386 2107 1434 octavus.

594 1474 752 1541 (Anc.
785 1473 841 1526 in
871 1467 1028 1541 Gen.)
1055 1469 1328 1538 Quaeritur
1369 1478 1553 1525 utrum
1590 1476 1701 1523 tam
1739 1482 1935 1540 magna
1982 1483 2111 1524 arca

520 1577 741 1623 centum
768 1565 924 1620 annis
950 1565 1132 1636 potuit
1164 1562 1419 1618 fabricari
1446 1578 1476 1617 a
1513 1570 1747 1632 quatuor
1770 1561 2107 1629 hominibus,

522 1658 573 1714 id
603 1665 706 1722 est,
738 1656 852 1712 Noe
899 1664 955 1712 et
999 1656 1127 1712 ﬁliis
1149 1655 1267 1726 ejus
1311 1654 1524 1711 tribus?
1558 1652 1670 1711 Sed
1696 1654 1746 1708 si
1774 1664 1885 1707 non
1908 1653 2107 1722 potuit,

518 1764 626 1805 non
664 1758 785 1804 erat
823 1763 1078 1821 magnum
1126 1748 1261 1804 alios
1286 1745 1470 1802 fabros
1508 1744 1790 1811 adhibere,
1836 1745 2104 1816 quamvis,

2216 1010 2334 1058 tum
2362 1004 2751 1074 geometricum
2776 1012 3038 1075 quantum
3072 1020 3169 1063 sex
3194 1017 3411 1067 nostros
3431 1013 3741 1073 continere.

2290 1095 2453 1151 Vens.
2486 1096 2574 1162 15,
2602 1096 2689 1151 16.
2721 1128 2790 1137 —
2825 1116 2845 1149 ‹
2880 1097 3011 1154 Bina
3052 1108 3108 1156 et
3150 1101 3303 1168 bina,
3340 1122 3360 1155 ι
3389 1112 3496 1161 etc.
3530 1106 3689 1179 (Ave.
3721 1112 3815 1166 ubi

2210 1184 2438 1257 supra.)
2487 1185 2752 1259 Praecepit
2798 1190 3051 1259 superius
3097 1198 3318 1263 septena
3366 1204 3421 1250 et
3462 1208 3689 1268 septena
3743 1203 3816 1258 de

2212 1272 2452 1344 mundis,
2498 1276 2605 1335 duo
2644 1290 2701 1334 et
2745 1280 2852 1335 duo
2898 1281 3014 1336 tolli
3059 1281 3127 1339 de
3168 1283 3481 1342 immundis.
3527 1288 3814 1357 Quomodo

2214 1383 2346 1439 ergo
2374 1386 2518 1425 nunc
2542 1370 2674 1426 dicit
2696 1371 2802 1427 duo
2826 1381 2881 1427 et
2906 1372 3015 1429 duo
3036 1374 3285 1440 intrasse,
3306 1358 3431 1434 sive
3466 1381 3534 1436 de
3566 1385 3810 1452 mundis,

2210 1460 2328 1516 sive
2348 1462 2417 1516 de
2444 1461 2773 1518 immundis?
2796 1464 2904 1519 Sed
2940 1466 3040 1520 hoc
3085 1465 3318 1523 refertur
3363 1485 3470 1526 non
3515 1474 3583 1529 ad
3614 1488 3813 1531 nume-

2210 1565 2336 1605 rum
2364 1550 2691 1635 mundorum
2718 1560 2774 1607 et
2794 1552 3217 1623 immundorum,
3252 1559 3348 1614 sed
3392 1562 3460 1616 ad
3499 1564 3810 1621 masculum

2210 1652 2267 1699 et
2294 1641 2573 1699 feminam.
2602 1643 2664 1699 1n
2707 1646 2961 1703 omnibus
3002 1648 3149 1704 enim
3198 1650 3308 1706 duo
3342 1664 3493 1721 sunt,
3530 1657 3812 1715 masculus

2211 1742 2269 1791 et
2286 1734 2508 1791 femina.

519 1839 704 1911 operis
745 1839 830 1894 sui
860 1814 1111 1894 mercede
1156 1838 1371 1908 adepta,
1406 1852 1512 1892 non
1559 1814 1888 1892 curaverunt
1924 1844 2107 1891 utrum
2134 1814 2185 1877 ⁸
2278 1825 2587 1884 Notandum
2611 1842 2744 1884 vero
2770 1831 2916 1900 quod
2940 1832 3183 1889 dicitur:
3221 1854 3242 1886 ε
3278 1835 3336 1891 1n
3366 1852 3473 1908 qua
3499 1848 3620 1895 erat
3638 1841 3807 1912 spiri-

522 1930 633 1987 Noe
661 1931 935 2002 sapienter
970 1946 1039 1986 an
1083 1929 1320 1985 inaniter
1366 1929 1592 1994 faceret,
1638 1935 1696 1983 et
1728 1928 1787 1982 in
1834 1942 1959 1982 eam
1999 1941 2107 1981 non

520 2023 883 2086 intraverut,
914 2021 1041 2092 quia
1070 2036 1173 2076 non
1201 2018 1551 2075 crediderunt
1573 2018 1717 2088 quod
1738 2016 1829 2073 ille
1850 2015 2102 2071 credidit.

592 2117 754 2171 Vens.
782 2114 837 2169 4.
867 2145 936 2156 -
985 2133 1003 2165 ι
1044 2113 1156 2185 Ego
1181 2112 1386 2184 pluam,
1424 2131 1443 2164 ι
1476 2120 1584 2167 etc.
1623 2109 1775 2182 (Isin.
1818 2108 2020 2179 augeat.
2048 2109 2107 2161 in

514 2206 675 2273 Gem,
703 2222 754 2262 e.
798 2207 876 2277 7.)
923 2204 1061 2273 Quia
1098 2205 1277 2261 omnis
1320 2212 1508 2259 reatus
1546 2209 1738 2261 contra
1786 2199 2105 2272 demlogum

516 2298 878 2356 committitur
928 2312 1028 2368 per
1073 2297 1388 2352 universum
1436 2293 1664 2360 orbem,
1710 2293 1803 2364 qui
1858 2291 2105 2363 partibus

514 2398 749 2461 quatuor
776 2388 1081 2450 dividitur:
1110 2396 1306 2458 quater
1337 2399 1475 2471 vero
1516 2384 1701 2440 decem
1747 2381 2104 2454 quadraginta

517 2482 686 2548 fiunt;
716 2483 833 2539 sive
858 2489 1044 2537 reatus
1071 2481 1426 2537 contrahatur
1448 2494 1516 2534 ex
1543 2477 1928 2549 prosperitate,
1959 2476 2104 2547 quod

516 2575 751 2644 pertinet
768 2574 838 2629 ad
862 2573 1012 2635 dies;
1036 2572 1155 2628 sive
1175 2586 1245 2627 ex
1264 2571 1615 2636 adversitate,
1634 2569 1781 2640 quod
1804 2568 1873 2625 ad
1893 2577 2100 2632 noctes,

514 2664 570 2719 in
602 2662 871 2734 baptismo
892 2662 1148 2719 abluitur.

583 2753 751 2811 Vens.
788 2753 908 2813 5-6.
959 2781 1033 2795 —-
1068 2771 1091 2805 ι
1140 2752 1296 2810 Fecit
1327 2767 1457 2823 ergo
1508 2749 1623 2809 Noe
1658 2752 1863 2815 omnia,
1920 2769 1943 2802 ι
1991 2759 2098 2806 etc.

518 2868 539 2902 ι
564 2850 800 2919 Eratque
822 2856 1206 2905 sexcentarum
1231 2860 1525 2910 annorum,
1552 2864 1574 2898 ι
1600 2852 1708 2901 etc.
1734 2843 1909 2917 (1stn.,
1932 2842 2099 2914 Ibid).

513 2941 943 3010 Quingentorum
977 2953 1245 2995 annorum
1288 2946 1410 2993 erat
1452 2935 1566 2992 Noe
1594 2951 1718 2992 cum
1749 2934 2006 3006 praecepit
2048 2932 2102 2993 ei

515 3031 777 3089 Dominus
805 3039 867 3087 ut
906 3045 1091 3086 arcam
1132 3028 1355 3094 faceret,
1396 3036 1531 3094 etc.,
1575 3043 1739 3098 usque
1783 3026 1852 3082 ad
1880 3026 1973 3097 qui
2016 3033 2103 3082 est

513 3124 788 3183 ternarias
814 3121 1132 3196 quadratus.

2208 1924 2299 1973 tus
2328 1916 2477 1981 vitae,
2509 1936 2528 1971 ι
2562 1933 2671 1975 non
2696 1920 2871 1975 solum
2898 1923 2967 1977 de
3014 1924 3343 1994 hominibus,
3376 1930 3472 1985 sed
3506 1940 3561 1986 et
3602 1934 3670 1989 de
3708 1948 3808 2006 pe-

2206 2011 2426 2069 coribus
2450 2011 2655 2068 dictum
2681 2031 2694 2067 :
2736 2015 2864 2085 quia
2891 2017 3111 2086 quidam
3134 2021 3202 2076 de
3244 2020 3448 2092 Spiritu
3488 2037 3685 2083 sancto
3706 2045 3806 2085 vo-

2203 2100 2323 2159 lunt
2358 2102 2588 2183 intelligi
2614 2107 2759 2177 quod
2796 2106 3064 2180 scriptum
3102 2121 3211 2180 est,
3237 2130 3257 2165 ι
3295 2114 3587 2175 insnlllavit
3632 2120 3687 2177 in
3720 2121 3807 2178 fa-

2205 2193 2345 2249 ciem
2373 2195 2492 2267 ejus
2517 2196 2771 2266 spiritum
2816 2199 2942 2255 vitzn
2969 2218 2983 2267 ;
3034 2218 3054 2254 ι
3089 2204 3187 2259 sed
3214 2205 3434 2275 quidam
3461 2208 3679 2268 codices
3706 2212 3807 2268 ha.

2201 2283 2336 2343 beat
2354 2284 2573 2354 ﬁlius,
2602 2305 2623 2338 ε
2658 2285 2845 2344 ﬂatum
2874 2290 3019 2345 vitae.
3056 2312 3076 2343 δ

2275 2373 2438 2431 Vens.
2479 2375 2663 2431 17-19.
2718 2404 2789 2419 --
2854 2396 2873 2430 ι
2925 2378 3291 2455 Quadraginta
3338 2384 3552 2455 diebus,
3608 2409 3628 2442 ι
3686 2400 3799 2449 etc.

2204 2464 2383 2539 (Δια.)
2415 2465 2866 2538 Quadragenario
2900 2485 3128 2527 numero
3154 2472 3334 2542 pluvia
3372 2476 3675 2547 inundavit,
3706 2483 3802 2552 qui

2204 2556 2612 2637 tribulationem
2662 2560 3007 2630 poenitentia:
3046 2563 3315 2620 ostendit.
3374 2566 3505 2624 Post
3555 2572 3800 2641 quadra-

2201 2651 2351 2723 ginta
2380 2650 2498 2709 dies
2536 2650 2651 2709 Noe
2683 2652 2976 2713 fenestram
3014 2657 3247 2727 aperuit,
3294 2659 3608 2730 signiﬁcans
3648 2663 3800 2738 jeju-

2202 2743 2459 2801 nantibus
2478 2744 2677 2801 cmlum
2702 2746 2927 2817 aperiri.
2968 2747 3121 2804 Unde
3146 2748 3379 2821 Moyses,
3407 2752 3571 2819 Elias,
3601 2762 3663 2811 et
3682 2757 3800 2827 ipse

2203 2832 2477 2901 Salvator,
2502 2837 2932 2909 quadragenario
2954 2855 3185 2895 numero
3195 2842 3400 2912 jejunis
3429 2850 3798 2918 consecravit,

2201 2933 2459 2998 tanquam
2502 2927 2676 2984 tribus
2708 2931 3039 2999 temporibus
3064 2935 3396 2993 necessaria.
3440 2947 3568 2994 ante
3588 2938 3796 3014 legem,

2199 3018 2302 3076 sub
2328 3016 2466 3089 lege,
2497 3019 2602 3075 sub
2626 3020 2822 3089 gratia.

2272 3108 2435 3164 Vens.
2464 3107 2638 3165 20—22
2692 3139 2763 3151 --
2804 3130 2824 3163 ι
2857 3109 3174 3178 Quindecim
3195 3115 3394 3172 cubitis
3419 3117 3600 3186 altior,
3640 3140 3661 3175 ι
3680 3130 3793 3178 etc.

582 3233 747 3291 Vnus.
774 3183 889 3291 τοί).
936 3262 1015 3277 -
1048 3252 1071 3287 ι
1122 3232 1403 3306 ingressus
1441 3241 1526 3288 est
1568 3231 1681 3289 Noe
1726 3240 1782 3288 et
1824 3230 1920 3288 ﬁlii
1950 3229 2089 3302 ejus,

2204 3196 2387 3306 (Aum‘
2404 3198 2461 3252 in
2482 3197 2641 3270 Gen.)
2667 3198 2726 3254 Si
2763 3207 2910 3256 terra
2931 3199 3145 3275 Olympi
3168 3205 3370 3261 multis
3395 3206 3478 3279 (ut
3507 3183 3675 3265 tradit
3710 3212 3799 3267 bi-

512 3347 537 3381 ‹
566 3342 726 3393 uxor,
756 3347 775 3380 ι
801 3336 908 3383 etc.
934 3325 1116 3400 (εἴη.)
1144 3324 1449 3383 Notandum
1469 3326 1613 3397 quod
1633 3341 1880 3382 seorsum
1912 3327 2094 3397 ingre-

514 3420 663 3476 ditur
690 3420 745 3475 in
772 3432 957 3475 aream
978 3416 1090 3474 Nee
1115 3430 1240 3474 cum
1276 3418 1409 3474 ﬁliis
1433 3419 1564 3484 suis,
1593 3427 1649 3474 et
1670 3433 1873 3474 uxores
1901 3433 2091 3473 eorum

511 3526 779 3570 seorsum.
815 3511 943 3569 ldee
958 3512 1213 3568 distincte
1241 3510 1440 3567 dicitur
1466 3528 1480 3565 :
1512 3528 1531 3562 ι
1558 3510 1839 3583 Ingressus
1862 3517 1951 3565 est
1978 3508 2095 3565 Noe

507 3613 565 3660 et
589 3603 683 3660 filii
712 3601 852 3671 ejus,
886 3621 906 3656 ι
954 3610 1012 3658 et
1056 3601 1309 3657 distincte
1357 3601 1594 3666 additur,
1642 3619 1665 3653 ι
1712 3614 1854 3656 uxor
1880 3598 1998 3669 ejus
2038 3604 2095 3655 et

508 3704 707 3747 uxores
730 3690 966 3747 ﬁliorum
990 3691 1128 3761 ejus.
1156 3706 1203 3749 ,ο
1234 3689 1442 3745 λίὶιιὶιιι
1471 3698 1654 3746 autem
1680 3689 1785 3745 viri
1812 3704 1940 3746 cum
1970 3704 2092 3745 mu-

508 3781 729 3839 lieribus
754 3781 958 3852 egressi
976 3789 1125 3847 sunt,
1144 3781 1230 3837 sic
1250 3781 1397 3837 erum
1415 3782 1674 3853 scriptum
1699 3790 1786 3837 est
1808 3796 1822 3833 ε
1852 3801 1871 3833 ι
1899 3783 2099 3853 Egres-

512 3889 607 3933 sus
648 3880 736 3929 eat
784 3871 898 3929 Nec
950 3882 1007 3928 et
1046 3887 1187 3928 uxor
1224 3872 1364 3943 ejus.
1419 3872 1654 3944 Tempus
1694 3873 1843 3928 enim
1889 3873 2094 3944 ample-

507 3963 685 4019 ctendi
715 3970 770 4018 et
796 3971 1010 4034 tempus
1041 3962 1346 4018 abstinendi
1373 3962 1561 4034 (Eccli.
1590 3962 1695 4035 ιιι).
1732 3982 1751 4015 ι

585 4054 744 4111 Vnus.
784 4052 875 4108 ιθ.
904 4082 976 4095 -—
1016 4072 1038 4107 ι
1069 4052 1313 4123 Cumque
1346 4053 1690 4119 transissent,
1725 4074 1744 4108 ι
1775 4046 1880 4110 etc.
1910 4054 2089 4127 (1911).)

507 4145 647 4213 Quia
672 4145 728 4201 in
754 4158 855 4215 ape
876 4142 1074 4201 fenum
1096 4143 1319 4215 quietis,
1339 4158 1504 4214 quam
1530 4144 1802 4215 significat
1826 4146 2092 4216 septimus

509 4236 647 4303 dies,
696 4235 1052 4307 baptiaamur,
1082 4235 1260 4291 omnis
1307 4249 1435 4291 caro
1470 4242 1630 4291 extra
1668 4251 1855 4292 arcam
1884 4237 2092 4294 diluvio

506 4336 827 4399 consmnpta
849 4334 971 4394 est;
1000 4327 1132 4397 quia
1146 4336 1304 4382 extra
1328 4327 1625 4385 Ecclesium
1651 4342 1791 4399 aqua
1812 4329 2089 4400 baptismi,

513 4418 762 4488 quamvis
791 4419 983 4475 eadem
1027 4419 1121 4484 sit.
1148 4432 1259 4475 non
1290 4417 1435 4474 valet
1481 4419 1550 4474 ad
1590 4419 1844 4488 nautea,
1880 4420 1975 4478 sed
2018 4422 2090 4478 ad

505 4514 823 4588 perniciem.

581 4606 746 4663 Vens.
768 4604 952 4661 Πομ.
972 4633 1047 4646 —-
1073 4624 1094 4659 ι
1122 4605 1281 4662 Anno
1301 4608 1713 4675 sexcentesimo,
1745 4628 1767 4662 ι
1813 4617 1919 4667 etc.
1942 4610 2086 4666 Alle-

505 4699 699 4773 goriee.
735 4696 1037 4757 Notandum
1060 4699 1205 4768 quod
1248 4701 1643 4763 sexcentesimo
1679 4716 1825 4758 anno
1850 4702 2083 4758 inunda-

505 4799 701 4848 verant
720 4804 881 4861 amite
907 4788 1115 4858 diluvii,
1155 4791 1281 4862 quia
1318 4801 1467 4848 sexta
1494 4803 1655 4851 aetate
1689 4797 1873 4852 mundi
1905 4797 2082 4868 primo

506 4882 941 4941 commendatum
978 4893 1067 4939 est
1114 4895 1514 4941 sacramentum
1556 4887 1835 4958 baptismi,
1878 4898 1934 4944 et
1978 4891 2081 4946 hoc

504 4975 736 5047 septima
778 4975 993 5033 decima
1017 4977 1111 5034 die
1152 4979 1371 5035 sedendi
1406 4981 1629 5047 mensis,
1659 4982 1785 5051 quia
1826 4983 2081 5040 denarius

503 5065 821 5139 dum
838 5066 1130 5139 inuideat.
1160 5068 1518 5140 Septenarius
1537 5078 1761 5143 propter
1784 5073 2081 5131 Sabbatum

506 5155 792 5226 septimam
828 5157 1075 5228 requiem
1120 5159 1414 5231 signiﬁcat,
1461 5171 1517 5218 et
1562 5165 1689 5233 quia
1728 5165 1783 5221 in
1826 5166 2082 5239 decalogc

506 5245 835 5303 renuntiatio
859 5247 1114 5303 vitiorum
1144 5251 1376 5319 videtur,
1398 5253 1709 5325 quicunque
1728 5257 1786 5312 in
1813 5257 2085 5329 baptismo

503 5334 773 5403 initiantur,
800 5345 1020 5408 propter
1047 5349 1308 5399 aeternam
1354 5344 1615 5417 requiem,
1657 5349 1909 5406 omnibus
1935 5353 2082 5410 vitiis

504 5440 566 5483 se
594 5426 978 5485 abrenuntiare
1004 5428 1308 5501 profitetur.

576 5532 603 5571 ς
633 5517 959 5579 Catenam.
980 5541 1011 5577 τ
1036 5522 1332 5590 Funestam,
1363 5526 1535 5583 nubes
1552 5529 1791 5601 scilicet,
1814 5549 1933 5606 quae
1951 5548 2078 5595 amt

504 5616 726 5679 apertae,
756 5619 819 5667 ut
837 5611 965 5669 inde
990 5613 1219 5671 insolim
1244 5625 1302 5672 et
1322 5618 1557 5687 majores
1578 5622 1774 5692 pluvia;
1793 5625 2081 5686 funderen-

507 5706 615 5753 tur.
641 5698 939 5759 Cataractaa
969 5718 1099 5761 vero
1124 5707 1341 5776 proprie
1364 5718 1495 5765 sunt
1521 5714 1659 5769 ostia
1704 5715 1828 5783 Nili.
1860 5721 1954 5777 sed
1982 5723 2078 5778 ab-

507 5788 659 5845 usive
679 5806 778 5861 pro
798 5794 1047 5851 omnibus
1072 5793 1329 5854 feuestﬁs
1354 5811 1644 5870 ponuntur.

2199 3290 2392 3363 storis)
2419 3292 2597 3362 potuit
2618 3292 2872 3351 invadere
2896 3296 3137 3365 spatium
3163 3301 3441 3370 tranquilli
3459 3305 3622 3372 aeris,
3652 3316 3792 3375 etc.,

2196 3396 2361 3451 usque
2419 3381 2489 3436 ad
2542 3383 2613 3438 ad
2636 3384 2952 3443 'tenendam
2979 3386 3216 3456 quietem
3273 3399 3331 3445 et
3370 3390 3535 3448 fidem
3592 3409 3788 3453 resur-

2197 3473 2479 3531 rectionis.

2274 3589 2295 3623 ι
2326 3569 2665 3639 Quindecim.
2703 3591 2723 3625 ι
2758 3572 2897 3630 Sunt
2920 3575 3013 3646 qui
3046 3585 3243 3647 putant
3274 3593 3379 3636 nec
3412 3586 3579 3636 terrm
3602 3580 3794 3652 quali-

2198 3671 2387 3730 tatem,
2414 3680 2517 3723 nec
2557 3666 2896 3724 altitudinem
2942 3672 3207 3727 montium
3228 3681 3442 3731 tantam
3480 3683 3607 3732 ante
3646 3676 3793 3733 dilu-

2195 3755 2345 3813 vium
2372 3754 2540 3813 fuisse
2564 3758 2742 3828 qualis
2760 3767 2817 3816 et
2842 3771 3045 3831 quanta
3070 3773 3156 3818 est
3180 3763 3357 3820 hodie.

2216 3908 2223 3915 ,
2268 3846 2435 3905 Vens.
2465 3848 2561 3915 23,
2589 3851 2680 3906 24.
2710 3881 2784 3895 -—
2810 3872 2830 3905 ι
2872 3853 3057 3931 Deleta
3089 3863 3218 3911 sunt
3243 3857 3312 3912 de
3337 3866 3503 3913 terra.
3551 3877 3570 3911 ι
3601 3857 3791 3935 (Δις.)

2194 3935 2321 3995 Ideo
2356 3939 2529 4011 magis
2559 3948 2772 3999 terrena
2816 3943 3071 3999 animalia
3104 3960 3267 4015 qum
3300 3949 3561 4019 aquatilia
3598 3951 3807 4023 peric--

2197 4041 2347 4099 runt,
2379 4034 2507 4104 quia
2532 4033 2601 4091 de
2622 4034 2909 4093 maleﬁcta
2936 4045 3085 4095 terra
3110 4038 3324 4096 vivunt.

2784 4165 3015 4225 CAPUT
3052 4166 3187 4228 V111.

2264 4276 2430 4333 Vens.
2483 4276 2602 4334 1-5.
2661 4312 2732 4321 —-
2786 4300 2805 4334 ι
2858 4280 3198 4341 Recordatus
3266 4295 3351 4342 est
3403 4295 3581 4345 autem
3636 4289 3787 4349 Deus

2198 4382 2219 4416 ‹
2247 4361 2379 4430 Noe,
2410 4384 2429 4417 ι
2465 4372 2568 4420 etc.
2598 4385 2617 4417 «
2644 4364 2883 4423 Adduxit
2902 4369 3151 4441 spiritum
3178 4386 3341 4443 super
3363 4381 3584 4442 terram,
3620 4395 3639 4428 ι
3666 4386 3779 4434 etc.

2193 4454 2463 4528 (Ancum,
2487 4466 2673 4529 quaet.
2706 4459 2761 4514 in
2790 4457 2947 4533 Gen.)
2977 4460 3052 4517 De
3082 4462 3175 4519 illo
3209 4464 3401 4535 Spiritu
3428 4465 3650 4538 intelligi
3680 4484 3783 4539 po—

2111 4578 2171 4639 n
2192 4553 2299 4600 test
2329 4544 2395 4601 de
2419 4561 2527 4617 quo
2553 4547 2758 4604 dictum
2783 4558 2889 4617 est,
2926 4569 2945 4602 ‹
2988 4548 3225 4622 Spiritus
3255 4550 3351 4608 Dei
3378 4553 3653 4612 ferebatur
3677 4574 3777 4615 su-

2191 4652 2288 4709 per
2310 4652 2476 4708 aquas
2504 4657 2517 4692 :
2551 4658 2568 4690 ι
2595 4646 2723 4696 tunc
2749 4639 3041 4709 ferebatur,
3067 4652 3145 4711 ut,
3167 4647 3510 4719 congregatis
3532 4648 3585 4703 in
3614 4665 3779 4711 suum

2192 4724 2325 4800 [Al.,
2355 4726 2544 4806 unum]
2568 4727 2767 4797 locum,
2799 4740 2945 4789 terra
2966 4743 3224 4806 appareat
3249 4754 3263 4791 :
3293 4752 3436 4794 nunc
3465 4739 3775 4811 adducitur,

2189 4817 2269 4883 u't,
2300 4816 2496 4874 ablatis
2522 4819 2677 4889 aquis
2702 4820 2910 4889 diluvii,
2943 4822 3135 4879 faciem
3167 4836 3327 4883 terra:
3349 4828 3637 4886 revelaret.
3669 4831 3777 4889 Po~

2188 4915 2296 4963 test
2321 4923 2422 4979 per
2448 4908 2697 4981 spiritum
2728 4920 2921 4968 ventus
2958 4914 3207 4986 intelligi,
3231 4914 3388 4987 juxta
3418 4919 3547 4979 illud
3574 4924 3771 4995 psalmi

2187 5013 2321 5054 cvr:
2369 5019 2389 5052 ‹
2436 5001 2503 5056 Et
2538 5002 2689 5057 stetit
2726 5003 2948 5075 spiritus
2992 5006 3258 5077 procellae,
3297 5030 3318 5065 ι
3362 5012 3518 5085 cujus
3562 5017 3795 5076 scilicet-

2181 5088 2398 5148 ﬂatibus
2430 5107 2571 5164 aqua
2600 5094 2899 5151 recederet.

2254 5181 2418 5238 Vens.
2451 5183 2506 5239 ι.
2552 5216 2625 5226 -
2673 5205 2691 5238 ι
2746 5185 3139 5261 Requievitque
3193 5207 3319 5249 arca
3365 5211 3552 5253 mense
3598 5201 3769 5271 septi-

2188 5291 2209 5324 ε
2235 5288 2346 5339 mo,
2376 5293 2395 5326 ›
2421 5283 2528 5330 etc.
2549 5274 2720 5361 (lsm.)
2745 5275 3118 5347 Septenariam
3134 5282 3375 5354 requiem
3396 5284 3684 5361 significat,
3708 5302 3770 5350 et

2180 5362 2309 5453 quia
2356 5360 2585 5435 perfecti
2628 5360 2977 5439 requiescunt
3021 5370 3126 5437 ibi,
3180 5360 3502 5444 supradictae
3546 5396 3766 5453 quoque

2180 5452 2524 5543 quadratum
2548 5466 2805 5512 numerus
2827 5458 3072 5514 iteratur.
3097 5458 3232 5517 Nam
3246 5464 3508 5536 vigesima
3530 5452 3762 5543 septima

2181 5538 2269 5602 die
2296 5546 2520 5603 secundi
2560 5547 2761 5603 mensis
2790 5548 3199 5607 commendatur
3235 5538 3663 5632 sacramentum,
3705 5577 3764 5623 et

2181 5653 2372 5694 rursus
2397 5638 2657 5710 vigesima
2693 5640 2923 5711 septima
2957 5643 3043 5698 die
3080 5647 3294 5715 septimi
3328 5652 3530 5709 mensis
3559 5655 3763 5714 conﬁr-

2182 5737 2383 5793 matur,
2406 5744 2529 5783 cum
2562 5744 2687 5784 arca
2730 5732 2994 5800 requievit
3023 5747 3039 5787 :
3069 5738 3211 5806 quod
3249 5741 3394 5796 enim
3424 5748 3762 5814 promittitur

2183 5819 2239 5885 in
2266 5833 2381 5890 spe,
2409 5819 2698 5877 exhibetur
2732 5821 2789 5876 in
2817 5836 2895 5878 re.
