  <div class='ocr_page' id='page_1' title='image "/cluster/home/n/w/nwhite01/storage/ocr_20150623/113/hvd.32044018909572/060.png"; bbox 0 0 4074 6334; ppageno 0'>
   <div class='ocr_carea' id='block_1_1' title="bbox 311 392 424 452">
    <p class='ocr_par' dir='ltr' id='par_1_1' title="bbox 311 392 424 452">
     <span class='ocr_line' id='line_1_1' title="bbox 311 392 424 452; baseline 0 -1"><span class='ocrx_word' id='word_1_1' title='bbox 311 392 424 452; x_wconf 59' lang='lat'><strong>{09</strong></span> 
     </span>
    </p>
   </div>
   <div class='ocr_carea' id='block_1_2' title="bbox 1353 388 2522 453">
    <p class='ocr_par' dir='ltr' id='par_1_2' title="bbox 1353 388 2522 453">
     <span class='ocr_line' id='line_1_2' title="bbox 1353 388 2522 453; baseline 0.003 -6"><span class='ocrx_word' id='word_1_2' title='bbox 1353 388 1621 448; x_wconf 80' lang='lat' dir='ltr'><strong>GLOSSA</strong></span> <span class='ocrx_word' id='word_1_3' title='bbox 1659 389 2052 449; x_wconf 66' lang='lat' dir='ltr'><strong>Olim-NARIA.</strong></span> <span class='ocrx_word' id='word_1_4' title='bbox 2093 426 2162 436; x_wconf 91' lang='lat'><strong>--</strong></span> <span class='ocrx_word' id='word_1_5' title='bbox 2197 395 2323 451; x_wconf 81' lang='lat' dir='ltr'><strong>LIB.</strong></span> <span class='ocrx_word' id='word_1_6' title='bbox 2363 395 2522 453; x_wconf 87' lang='lat' dir='ltr'><strong>GEN.</strong></span> 
     </span>
    </p>
   </div>
   <div class='ocr_carea' id='block_1_3' title="bbox 3466 400 3572 458">
    <p class='ocr_par' dir='ltr' id='par_1_3' title="bbox 3466 400 3572 458">
     <span class='ocr_line' id='line_1_3' title="bbox 3466 400 3572 458; baseline 0.019 -2"><span class='ocrx_word' id='word_1_7' title='bbox 3466 400 3572 458; x_wconf 75' lang='grc'><strong>110</strong></span> 
     </span>
    </p>
   </div>
   <div class='ocr_carea' id='block_1_4' title="bbox 381 501 3569 586">
    <p class='ocr_par' dir='ltr' id='par_1_4' title="bbox 381 501 3569 586">
     <span class='ocr_line' id='line_1_4' title="bbox 381 501 3569 586; baseline 0.004 -26"><span class='ocrx_word' id='word_1_8' title='bbox 381 501 572 578; x_wconf 79' lang='grc' dir='ltr'><strong>(Αυε.)</strong></span> <span class='ocrx_word' id='word_1_9' title='bbox 597 501 870 570; x_wconf 65' lang='lat' dir='ltr'><strong>Quaeritur</strong></span> <span class='ocrx_word' id='word_1_10' title='bbox 895 510 1077 556; x_wconf 91' lang='lat' dir='ltr'><strong>utrum</strong></span> <span class='ocrx_word' id='word_1_11' title='bbox 1106 509 1228 572; x_wconf 90' lang='lat' dir='ltr'><strong>post</strong></span> <span class='ocrx_word' id='word_1_12' title='bbox 1253 508 1469 556; x_wconf 90' lang='lat' dir='ltr'><strong>centum</strong></span> <span class='ocrx_word' id='word_1_13' title='bbox 1499 502 1888 574; x_wconf 72' lang='lat' dir='ltr'><strong>quinquaginta</strong></span> <span class='ocrx_word' id='word_1_14' title='bbox 1918 507 1968 568; x_wconf 72' lang='grc' dir='ltr'>Α</span> <span class='ocrx_word' id='word_1_15' title='bbox 2064 509 2225 564; x_wconf 96' lang='lat' dir='ltr'><strong>Vens.</strong></span> <span class='ocrx_word' id='word_1_16' title='bbox 2248 509 2333 564; x_wconf 87' lang='lat' dir='ltr'><strong>ll.</strong></span> <span class='ocrx_word' id='word_1_17' title='bbox 2358 541 2426 550; x_wconf 93' lang='lat'><strong><em>—</em></strong></span> <span class='ocrx_word' id='word_1_18' title='bbox 2461 527 2480 562; x_wconf 74' lang='grc' dir='ltr'><strong>ι</strong></span> <span class='ocrx_word' id='word_1_19' title='bbox 2516 509 2748 566; x_wconf 90' lang='lat' dir='ltr'><strong>Portans</strong></span> <span class='ocrx_word' id='word_1_20' title='bbox 2787 526 3017 568; x_wconf 88' lang='lat' dir='ltr'><strong>ramum.</strong></span> <span class='ocrx_word' id='word_1_21' title='bbox 3051 531 3072 567; x_wconf 74' lang='grc' dir='ltr'><strong>ι</strong></span> <span class='ocrx_word' id='word_1_22' title='bbox 3103 511 3282 586; x_wconf 54' lang='lat' dir='ltr'><strong>(Ana)</strong></span> <span class='ocrx_word' id='word_1_23' title='bbox 3307 515 3569 574; x_wconf 90' lang='lat' dir='ltr'><strong>Columba</strong></span> 
     </span>
    </p>
   </div>
   <div class='ocr_carea' id='block_1_5' title="bbox 308 591 1887 663">
    <p class='ocr_par' dir='ltr' id='par_1_5' title="bbox 308 591 1887 663">
     <span class='ocr_line' id='line_1_5' title="bbox 308 591 1887 663; baseline -0.004 -9"><span class='ocrx_word' id='word_1_24' title='bbox 308 598 427 655; x_wconf 86' lang='lat' dir='ltr'><strong>dies</strong></span> <span class='ocrx_word' id='word_1_25' title='bbox 454 597 570 650; x_wconf 60' lang='lat' dir='ltr'><strong>haec</strong></span> <span class='ocrx_word' id='word_1_26' title='bbox 605 595 744 649; x_wconf 87' lang='lat' dir='ltr'><strong>facta</strong></span> <span class='ocrx_word' id='word_1_27' title='bbox 774 601 920 657; x_wconf 91' lang='lat' dir='ltr'><strong>sunt,</strong></span> <span class='ocrx_word' id='word_1_28' title='bbox 946 608 1014 647; x_wconf 88' lang='lat' dir='ltr'><strong>an</strong></span> <span class='ocrx_word' id='word_1_29' title='bbox 1049 608 1146 663; x_wconf 91' lang='lat' dir='ltr'><strong>per</strong></span> <span class='ocrx_word' id='word_1_30' title='bbox 1174 591 1677 662; x_wconf 88' lang='lat' dir='ltr'><strong>recapitulationem</strong></span> <span class='ocrx_word' id='word_1_31' title='bbox 1706 594 1887 648; x_wconf 84' lang='lat' dir='ltr'><strong>omnia</strong></span> 
     </span>
    </p>
   </div>
   <div class='ocr_carea' id='block_1_6' title="bbox 306 684 1890 756">
    <p class='ocr_par' dir='ltr' id='par_1_6' title="bbox 306 684 1890 756">
     <span class='ocr_line' id='line_1_6' title="bbox 306 684 1890 756; baseline -0.003 -10"><span class='ocrx_word' id='word_1_32' title='bbox 306 696 678 746; x_wconf 84' lang='lat' dir='ltr'><strong>rememorata</strong></span> <span class='ocrx_word' id='word_1_33' title='bbox 704 701 823 755; x_wconf 71' lang='lat' dir='ltr'><strong>qua:</strong></span> <span class='ocrx_word' id='word_1_34' title='bbox 858 693 980 756; x_wconf 90' lang='lat' dir='ltr'><strong>post</strong></span> <span class='ocrx_word' id='word_1_35' title='bbox 1009 685 1362 756; x_wconf 74' lang='lat' dir='ltr'><strong>quadraginta</strong></span> <span class='ocrx_word' id='word_1_36' title='bbox 1405 684 1522 740; x_wconf 89' lang='lat' dir='ltr'><strong>dies</strong></span> <span class='ocrx_word' id='word_1_37' title='bbox 1555 686 1752 756; x_wconf 64' lang='lat' dir='ltr'><strong>pluvia:</strong></span> <span class='ocrx_word' id='word_1_38' title='bbox 1777 699 1890 742; x_wconf 69' lang='grc' dir='ltr'><strong>εω-</strong></span> 
     </span>
    </p>
   </div>
   <div class='ocr_carea' id='block_1_7' title="bbox 305 775 1892 853">
    <p class='ocr_par' dir='ltr' id='par_1_7' title="bbox 305 775 1892 853">
     <span class='ocr_line' id='line_1_7' title="bbox 305 775 1892 853; baseline -0.003 -20"><span class='ocrx_word' id='word_1_39' title='bbox 305 789 510 853; x_wconf 76' lang='lat' dir='ltr'><strong>perunt</strong></span> <span class='ocrx_word' id='word_1_40' title='bbox 537 777 676 842; x_wconf 85' lang='lat' dir='ltr'><strong>ﬁeri,</strong></span> <span class='ocrx_word' id='word_1_41' title='bbox 723 784 781 830; x_wconf 88' lang='lat' dir='ltr'><strong>ut</strong></span> <span class='ocrx_word' id='word_1_42' title='bbox 815 777 916 830; x_wconf 93' lang='lat' dir='ltr'><strong>hoc</strong></span> <span class='ocrx_word' id='word_1_43' title='bbox 956 775 1129 830; x_wconf 94' lang='lat' dir='ltr'><strong>solum</strong></span> <span class='ocrx_word' id='word_1_44' title='bbox 1175 794 1192 825; x_wconf 72' lang='grc' dir='ltr'><strong>ι</strong></span> <span class='ocrx_word' id='word_1_45' title='bbox 1243 782 1459 828; x_wconf 91' lang='lat' dir='ltr'><strong>centum</strong></span> <span class='ocrx_word' id='word_1_46' title='bbox 1500 775 1892 845; x_wconf 78' lang='lat' dir='ltr'><strong>quinquaginta</strong></span> 
     </span>
    </p>
   </div>
   <div class='ocr_carea' id='block_1_8' title="bbox 311 865 1890 940">
    <p class='ocr_par' dir='ltr' id='par_1_8' title="bbox 311 865 1890 940">
     <span class='ocr_line' id='line_1_8' title="bbox 311 865 1890 940; baseline -0.004 -13"><span class='ocrx_word' id='word_1_47' title='bbox 311 871 430 927; x_wconf 86' lang='lat' dir='ltr'><strong>dies</strong></span> <span class='ocrx_word' id='word_1_48' title='bbox 476 888 495 920; x_wconf 75' lang='grc' dir='ltr'><strong>ι</strong></span> <span class='ocrx_word' id='word_1_49' title='bbox 525 869 816 940; x_wconf 81' lang='lat' dir='ltr'><strong>pertineat,</strong></span> <span class='ocrx_word' id='word_1_50' title='bbox 840 868 983 938; x_wconf 87' lang='lat' dir='ltr'><strong>quod</strong></span> <span class='ocrx_word' id='word_1_51' title='bbox 1017 882 1189 936; x_wconf 86' lang='lat' dir='ltr'><strong>usque</strong></span> <span class='ocrx_word' id='word_1_52' title='bbox 1230 867 1297 921; x_wconf 90' lang='lat' dir='ltr'><strong>ad</strong></span> <span class='ocrx_word' id='word_1_53' title='bbox 1340 865 1484 934; x_wconf 88' lang='lat' dir='ltr'><strong>ipsos</strong></span> <span class='ocrx_word' id='word_1_54' title='bbox 1512 876 1722 921; x_wconf 84' lang='lat' dir='ltr'><strong>montes</strong></span> <span class='ocrx_word' id='word_1_55' title='bbox 1751 882 1890 937; x_wconf 89' lang='lat' dir='ltr'><strong>aqua</strong></span> 
     </span>
    </p>
   </div>
   <div class='ocr_carea' id='block_1_9' title="bbox 310 959 1896 1030">
    <p class='ocr_par' dir='ltr' id='par_1_9' title="bbox 310 959 1896 1030">
     <span class='ocr_line' id='line_1_9' title="bbox 310 959 1896 1030; baseline -0.003 -11"><span class='ocrx_word' id='word_1_56' title='bbox 310 973 398 1020; x_wconf 87' lang='lat' dir='ltr'><strong>est</strong></span> <span class='ocrx_word' id='word_1_57' title='bbox 442 960 702 1026; x_wconf 83' lang='lat' dir='ltr'><strong>exaltata,</strong></span> <span class='ocrx_word' id='word_1_58' title='bbox 750 969 843 1014; x_wconf 91' lang='lat' dir='ltr'><strong>aut</strong></span> <span class='ocrx_word' id='word_1_59' title='bbox 885 960 953 1014; x_wconf 87' lang='lat' dir='ltr'><strong>de</strong></span> <span class='ocrx_word' id='word_1_60' title='bbox 998 959 1237 1014; x_wconf 84' lang='lat' dir='ltr'><strong>fontibus</strong></span> <span class='ocrx_word' id='word_1_61' title='bbox 1282 960 1463 1030; x_wconf 86' lang='lat' dir='ltr'><strong>abyssi</strong></span> <span class='ocrx_word' id='word_1_62' title='bbox 1503 959 1614 1028; x_wconf 85' lang='lat' dir='ltr'><strong>jam</strong></span> <span class='ocrx_word' id='word_1_63' title='bbox 1647 970 1896 1015; x_wconf 82' lang='lat' dir='ltr'><strong>cessante</strong></span> 
     </span>
    </p>
   </div>
   <div class='ocr_carea' id='block_1_10' title="bbox 311 1049 1892 1126">
    <p class='ocr_par' dir='ltr' id='par_1_10' title="bbox 311 1049 1892 1126">
     <span class='ocr_line' id='line_1_10' title="bbox 311 1049 1892 1126; baseline -0.003 -18"><span class='ocrx_word' id='word_1_64' title='bbox 311 1054 514 1126; x_wconf 89' lang='lat' dir='ltr'><strong>pluvia,</strong></span> <span class='ocrx_word' id='word_1_65' title='bbox 541 1063 636 1106; x_wconf 90' lang='lat' dir='ltr'><strong>aut</strong></span> <span class='ocrx_word' id='word_1_66' title='bbox 669 1051 794 1122; x_wconf 84' lang='lat' dir='ltr'><strong>quia</strong></span> <span class='ocrx_word' id='word_1_67' title='bbox 847 1051 1047 1105; x_wconf 79' lang='lat' dir='ltr'><strong>mansit</strong></span> <span class='ocrx_word' id='word_1_68' title='bbox 1081 1051 1136 1104; x_wconf 92' lang='lat' dir='ltr'><strong>in</strong></span> <span class='ocrx_word' id='word_1_69' title='bbox 1189 1049 1472 1105; x_wconf 87' lang='lat' dir='ltr'><strong>altitudine</strong></span> <span class='ocrx_word' id='word_1_70' title='bbox 1516 1050 1661 1105; x_wconf 89' lang='lat' dir='ltr'><strong>nullo</strong></span> <span class='ocrx_word' id='word_1_71' title='bbox 1701 1051 1892 1121; x_wconf 89' lang='lat' dir='ltr'><strong>spiritu</strong></span> 
     </span>
    </p>
   </div>
   <div class='ocr_carea' id='block_1_11' title="bbox 311 1141 1891 1210">
    <p class='ocr_par' dir='ltr' id='par_1_11' title="bbox 311 1141 1891 1210">
     <span class='ocr_line' id='line_1_11' title="bbox 311 1141 1891 1210; baseline -0.003 -10"><span class='ocrx_word' id='word_1_72' title='bbox 311 1145 572 1200; x_wconf 74' lang='lat' dir='ltr'><strong>siccante.</strong></span> <span class='ocrx_word' id='word_1_73' title='bbox 606 1141 813 1196; x_wconf 72' lang='lat' dir='ltr'><strong>Cmtcra</strong></span> <span class='ocrx_word' id='word_1_74' title='bbox 840 1155 970 1195; x_wconf 88' lang='lat' dir='ltr'><strong>vero</strong></span> <span class='ocrx_word' id='word_1_75' title='bbox 1000 1155 1120 1210; x_wconf 64' lang='lat' dir='ltr'><strong>quae</strong></span> <span class='ocrx_word' id='word_1_76' title='bbox 1160 1141 1300 1195; x_wconf 85' lang='lat' dir='ltr'><strong>dicta</strong></span> <span class='ocrx_word' id='word_1_77' title='bbox 1332 1149 1457 1196; x_wconf 91' lang='lat' dir='ltr'><strong>sunt</strong></span> <span class='ocrx_word' id='word_1_78' title='bbox 1487 1157 1593 1196; x_wconf 92' lang='lat' dir='ltr'><strong>non</strong></span> <span class='ocrx_word' id='word_1_79' title='bbox 1627 1150 1747 1210; x_wconf 90' lang='lat' dir='ltr'><strong>post</strong></span> <span class='ocrx_word' id='word_1_80' title='bbox 1769 1156 1891 1197; x_wconf 89' lang='lat' dir='ltr'><strong>cen-</strong></span> 
     </span>
    </p>
   </div>
   <div class='ocr_carea' id='block_1_12' title="bbox 313 1231 1896 1304">
    <p class='ocr_par' dir='ltr' id='par_1_12' title="bbox 313 1231 1896 1304">
     <span class='ocr_line' id='line_1_12' title="bbox 313 1231 1896 1304; baseline -0.002 -15"><span class='ocrx_word' id='word_1_81' title='bbox 313 1244 430 1289; x_wconf 90' lang='lat' dir='ltr'><strong>tum</strong></span> <span class='ocrx_word' id='word_1_82' title='bbox 455 1233 845 1304; x_wconf 75' lang='lat' dir='ltr'><strong>quinquaginta</strong></span> <span class='ocrx_word' id='word_1_83' title='bbox 883 1232 999 1286; x_wconf 83' lang='lat' dir='ltr'><strong>dies</strong></span> <span class='ocrx_word' id='word_1_84' title='bbox 1036 1232 1216 1286; x_wconf 89' lang='lat' dir='ltr'><strong>omnia</strong></span> <span class='ocrx_word' id='word_1_85' title='bbox 1256 1231 1398 1287; x_wconf 82' lang='lat' dir='ltr'><strong>facta</strong></span> <span class='ocrx_word' id='word_1_86' title='bbox 1432 1241 1577 1297; x_wconf 87' lang='lat' dir='ltr'><strong>sunt,</strong></span> <span class='ocrx_word' id='word_1_87' title='bbox 1619 1233 1713 1287; x_wconf 90' lang='lat' dir='ltr'><strong>sed</strong></span> <span class='ocrx_word' id='word_1_88' title='bbox 1748 1248 1896 1288; x_wconf 82' lang='lat' dir='ltr'><strong>com-</strong></span> 
     </span>
    </p>
   </div>
   <div class='ocr_carea' id='block_1_13' title="bbox 311 1328 1894 1400">
    <p class='ocr_par' dir='ltr' id='par_1_13' title="bbox 311 1328 1894 1400">
     <span class='ocr_line' id='line_1_13' title="bbox 311 1328 1894 1400; baseline -0.001 -16"><span class='ocrx_word' id='word_1_89' title='bbox 311 1338 616 1384; x_wconf 86' lang='lat' dir='ltr'><strong>memorata</strong></span> <span class='ocrx_word' id='word_1_90' title='bbox 649 1346 662 1381; x_wconf 90' lang='lat'><strong>:</strong></span> <span class='ocrx_word' id='word_1_91' title='bbox 707 1343 828 1398; x_wconf 71' lang='lat' dir='ltr'><strong>quae</strong></span> <span class='ocrx_word' id='word_1_92' title='bbox 860 1343 927 1384; x_wconf 84' lang='lat' dir='ltr'><strong>ex</strong></span> <span class='ocrx_word' id='word_1_93' title='bbox 979 1328 1086 1384; x_wconf 86' lang='lat' dir='ltr'><strong>line</strong></span> <span class='ocrx_word' id='word_1_94' title='bbox 1134 1328 1490 1400; x_wconf 80' lang='lat' dir='ltr'><strong>quadraginta</strong></span> <span class='ocrx_word' id='word_1_95' title='bbox 1529 1329 1741 1384; x_wconf 90' lang='lat' dir='ltr'><strong>dierum</strong></span> <span class='ocrx_word' id='word_1_96' title='bbox 1777 1329 1894 1383; x_wconf 82' lang='lat' dir='ltr'><strong>ﬁeri</strong></span> 
     </span>
    </p>
   </div>
   <div class='ocr_carea' id='block_1_14' title="bbox 312 1427 620 1491">
    <p class='ocr_par' dir='ltr' id='par_1_14' title="bbox 312 1427 620 1491">
     <span class='ocr_line' id='line_1_14' title="bbox 312 1427 620 1491; baseline -0.016 -15"><span class='ocrx_word' id='word_1_97' title='bbox 312 1427 620 1491; x_wconf 71' lang='lat' dir='ltr'><strong>coeperunt.</strong></span> 
     </span>
    </p>
   </div>
   <div class='ocr_carea' id='block_1_15' title="bbox 389 1511 1897 1574">
    <p class='ocr_par' dir='ltr' id='par_1_15' title="bbox 389 1511 1897 1574">
     <span class='ocr_line' id='line_1_15' title="bbox 389 1511 1897 1574; baseline -0.001 -6"><span class='ocrx_word' id='word_1_98' title='bbox 389 1513 552 1568; x_wconf 87' lang='lat' dir='ltr'><strong>Vens.</strong></span> <span class='ocrx_word' id='word_1_99' title='bbox 590 1511 640 1574; x_wconf 81' lang='grc'>5,</span> <span class='ocrx_word' id='word_1_100' title='bbox 685 1511 738 1566; x_wconf 89' lang='lat'><strong>6.</strong></span> <span class='ocrx_word' id='word_1_101' title='bbox 769 1541 839 1553; x_wconf 86' lang='lat'><strong>--</strong></span> <span class='ocrx_word' id='word_1_102' title='bbox 873 1528 891 1562; x_wconf 77' lang='grc' dir='ltr'><strong>ι</strong></span> <span class='ocrx_word' id='word_1_103' title='bbox 936 1511 1154 1566; x_wconf 90' lang='lat' dir='ltr'><strong>Decimo</strong></span> <span class='ocrx_word' id='word_1_104' title='bbox 1193 1511 1336 1567; x_wconf 90' lang='lat' dir='ltr'><strong>enim</strong></span> <span class='ocrx_word' id='word_1_105' title='bbox 1376 1527 1580 1568; x_wconf 77' lang='lat' dir='ltr'><strong>mense.</strong></span> <span class='ocrx_word' id='word_1_106' title='bbox 1627 1531 1646 1566; x_wconf 71' lang='grc' dir='ltr'><strong>ι</strong></span> <span class='ocrx_word' id='word_1_107' title='bbox 1689 1511 1897 1567; x_wconf 90' lang='lat' dir='ltr'><strong>Notan-</strong></span> 
     </span>
    </p>
   </div>
   <div class='ocr_carea' id='block_1_16' title="bbox 315 1605 1898 1675">
    <p class='ocr_par' dir='ltr' id='par_1_16' title="bbox 315 1605 1898 1675">
     <span class='ocr_line' id='line_1_16' title="bbox 315 1605 1898 1675; baseline -0.001 -14"><span class='ocrx_word' id='word_1_108' title='bbox 315 1608 445 1661; x_wconf 89' lang='lat' dir='ltr'><strong>dum</strong></span> <span class='ocrx_word' id='word_1_109' title='bbox 503 1605 644 1674; x_wconf 89' lang='lat' dir='ltr'><strong>quod</strong></span> <span class='ocrx_word' id='word_1_110' title='bbox 698 1606 908 1660; x_wconf 91' lang='lat' dir='ltr'><strong>decimo</strong></span> <span class='ocrx_word' id='word_1_111' title='bbox 965 1621 1151 1661; x_wconf 88' lang='lat' dir='ltr'><strong>mense</strong></span> <span class='ocrx_word' id='word_1_112' title='bbox 1198 1614 1564 1675; x_wconf 86' lang='lat' dir='ltr'><strong>apparuerunt</strong></span> <span class='ocrx_word' id='word_1_113' title='bbox 1617 1607 1898 1662; x_wconf 85' lang='lat' dir='ltr'><strong>cacumina</strong></span> 
     </span>
    </p>
   </div>
   <div class='ocr_carea' id='block_1_17' title="bbox 315 1696 1900 1768">
    <p class='ocr_par' dir='ltr' id='par_1_17' title="bbox 315 1696 1900 1768">
     <span class='ocr_line' id='line_1_17' title="bbox 315 1696 1900 1768; baseline -0.001 -16"><span class='ocrx_word' id='word_1_114' title='bbox 315 1698 603 1760; x_wconf 85' lang='lat' dir='ltr'><strong>montium,</strong></span> <span class='ocrx_word' id='word_1_115' title='bbox 637 1711 756 1766; x_wconf 86' lang='lat' dir='ltr'><strong>quae</strong></span> <span class='ocrx_word' id='word_1_116' title='bbox 783 1696 1090 1765; x_wconf 88' lang='lat' dir='ltr'><strong>quindecim</strong></span> <span class='ocrx_word' id='word_1_117' title='bbox 1121 1698 1320 1752; x_wconf 90' lang='lat' dir='ltr'><strong>cubitis</strong></span> <span class='ocrx_word' id='word_1_118' title='bbox 1362 1708 1709 1753; x_wconf 83' lang='lat' dir='ltr'><strong>excesserant</strong></span> <span class='ocrx_word' id='word_1_119' title='bbox 1745 1709 1900 1768; x_wconf 62' lang='lat' dir='ltr'><strong>aqua:</strong></span> 
     </span>
    </p>
   </div>
   <div class='ocr_carea' id='block_1_18' title="bbox 319 1788 1900 1860">
    <p class='ocr_par' dir='ltr' id='par_1_18' title="bbox 319 1788 1900 1860">
     <span class='ocr_line' id='line_1_18' title="bbox 319 1788 1900 1860; baseline 0.001 -18"><span class='ocrx_word' id='word_1_120' title='bbox 319 1788 527 1852; x_wconf 80' lang='lat' dir='ltr'><strong>diluvii,</strong></span> <span class='ocrx_word' id='word_1_121' title='bbox 569 1788 694 1857; x_wconf 89' lang='lat' dir='ltr'><strong>quia</strong></span> <span class='ocrx_word' id='word_1_122' title='bbox 719 1796 1061 1843; x_wconf 89' lang='lat' dir='ltr'><strong>sacramenta</strong></span> <span class='ocrx_word' id='word_1_123' title='bbox 1097 1796 1315 1842; x_wconf 67' lang='lat' dir='ltr'><strong>aeternae</strong></span> <span class='ocrx_word' id='word_1_124' title='bbox 1353 1789 1550 1858; x_wconf 82' lang='lat' dir='ltr'><strong>quietis</strong></span> <span class='ocrx_word' id='word_1_125' title='bbox 1585 1798 1640 1844; x_wconf 89' lang='lat' dir='ltr'><strong>et</strong></span> <span class='ocrx_word' id='word_1_126' title='bbox 1673 1789 1900 1860; x_wconf 87' lang='lat' dir='ltr'><strong>gloriam</strong></span> 
     </span>
    </p>
   </div>
   <div class='ocr_carea' id='block_1_19' title="bbox 1993 601 3572 680">
    <p class='ocr_par' dir='ltr' id='par_1_19' title="bbox 1993 601 3572 680">
     <span class='ocr_line' id='line_1_19' title="bbox 1993 601 3572 680; baseline 0.007 -25"><span class='ocrx_word' id='word_1_127' title='bbox 1993 615 2201 655; x_wconf 88' lang='lat' dir='ltr'><strong>ramum</strong></span> <span class='ocrx_word' id='word_1_128' title='bbox 2227 601 2401 667; x_wconf 71' lang='lat' dir='ltr'><strong>olivm,</strong></span> <span class='ocrx_word' id='word_1_129' title='bbox 2443 603 2664 672; x_wconf 84' lang='lat' dir='ltr'><strong>expulso</strong></span> <span class='ocrx_word' id='word_1_130' title='bbox 2699 605 2980 661; x_wconf 88' lang='lat' dir='ltr'><strong>teterrimo</strong></span> <span class='ocrx_word' id='word_1_131' title='bbox 3003 607 3149 671; x_wconf 88' lang='lat' dir='ltr'><strong>alite,</strong></span> <span class='ocrx_word' id='word_1_132' title='bbox 3181 607 3248 662; x_wconf 92' lang='lat' dir='ltr'><strong>ad</strong></span> <span class='ocrx_word' id='word_1_133' title='bbox 3291 608 3402 664; x_wconf 91' lang='lat' dir='ltr'><strong>Noe</strong></span> <span class='ocrx_word' id='word_1_134' title='bbox 3446 619 3572 680; x_wconf 87' lang='lat' dir='ltr'><strong>post</strong></span> 
     </span>
    </p>
   </div>
   <div class='ocr_carea' id='block_1_20' title="bbox 1991 691 3568 767">
    <p class='ocr_par' dir='ltr' id='par_1_20' title="bbox 1991 691 3568 767">
     <span class='ocr_line' id='line_1_20' title="bbox 1991 691 3568 767; baseline 0.006 -20"><span class='ocrx_word' id='word_1_135' title='bbox 1991 691 2251 747; x_wconf 84' lang='lat' dir='ltr'><strong>diluvium</strong></span> <span class='ocrx_word' id='word_1_136' title='bbox 2297 702 2498 763; x_wconf 87' lang='lat' dir='ltr'><strong>portat,</strong></span> <span class='ocrx_word' id='word_1_137' title='bbox 2528 695 2654 764; x_wconf 86' lang='lat' dir='ltr'><strong>quia</strong></span> <span class='ocrx_word' id='word_1_138' title='bbox 2700 695 2947 752; x_wconf 89' lang='lat' dir='ltr'><strong>columba</strong></span> <span class='ocrx_word' id='word_1_139' title='bbox 2993 696 3229 767; x_wconf 88' lang='lat' dir='ltr'><strong>Spiritus</strong></span> <span class='ocrx_word' id='word_1_140' title='bbox 3274 701 3470 766; x_wconf 88' lang='lat' dir='ltr'><strong>sancti,</strong></span> <span class='ocrx_word' id='word_1_141' title='bbox 3499 702 3568 756; x_wconf 87' lang='lat' dir='ltr'><strong>ad</strong></span> 
     </span>
    </p>
   </div>
   <div class='ocr_carea' id='block_1_21' title="bbox 1991 783 3570 856">
    <p class='ocr_par' dir='ltr' id='par_1_21' title="bbox 1991 783 3570 856">
     <span class='ocr_line' id='line_1_21' title="bbox 1991 783 3570 856; baseline 0.004 -16"><span class='ocrx_word' id='word_1_142' title='bbox 1991 783 2265 842; x_wconf 84' lang='lat' dir='ltr'><strong>Christum</strong></span> <span class='ocrx_word' id='word_1_143' title='bbox 2288 795 2410 854; x_wconf 90' lang='lat' dir='ltr'><strong>post</strong></span> <span class='ocrx_word' id='word_1_144' title='bbox 2435 787 2760 856; x_wconf 88' lang='lat' dir='ltr'><strong>baptismum</strong></span> <span class='ocrx_word' id='word_1_145' title='bbox 2785 787 3029 853; x_wconf 88' lang='lat' dir='ltr'><strong>veniens,</strong></span> <span class='ocrx_word' id='word_1_146' title='bbox 3060 805 3212 846; x_wconf 89' lang='lat' dir='ltr'><strong>ramo</strong></span> <span class='ocrx_word' id='word_1_147' title='bbox 3255 791 3570 849; x_wconf 84' lang='lat' dir='ltr'><strong>refectionis</strong></span> 
     </span>
    </p>
   </div>
   <div class='ocr_carea' id='block_1_22' title="bbox 1992 876 2847 947">
    <p class='ocr_par' dir='ltr' id='par_1_22' title="bbox 1992 876 2847 947">
     <span class='ocr_line' id='line_1_22' title="bbox 1992 876 2847 947; baseline 0.001 -14"><span class='ocrx_word' id='word_1_148' title='bbox 1992 885 2048 934; x_wconf 89' lang='lat' dir='ltr'><strong>et</strong></span> <span class='ocrx_word' id='word_1_149' title='bbox 2078 876 2300 931; x_wconf 89' lang='lat' dir='ltr'><strong>luminis</strong></span> <span class='ocrx_word' id='word_1_150' title='bbox 2332 892 2519 947; x_wconf 88' lang='lat' dir='ltr'><strong>pacem</strong></span> <span class='ocrx_word' id='word_1_151' title='bbox 2545 880 2847 934; x_wconf 87' lang='lat' dir='ltr'><strong>annuntiat.</strong></span> 
     </span>
    </p>
   </div>
   <div class='ocr_carea' id='block_1_23' title="bbox 2065 967 3570 1044">
    <p class='ocr_par' dir='ltr' id='par_1_23' title="bbox 2065 967 3570 1044">
     <span class='ocr_line' id='line_1_23' title="bbox 2065 967 3570 1044; baseline 0.005 -22"><span class='ocrx_word' id='word_1_152' title='bbox 2065 967 2226 1022; x_wconf 84' lang='lat' dir='ltr'><strong>Vens.</strong></span> <span class='ocrx_word' id='word_1_153' title='bbox 2257 967 2342 1021; x_wconf 72' lang='grc'><strong>12.</strong></span> <span class='ocrx_word' id='word_1_154' title='bbox 2366 997 2436 1007; x_wconf 92' lang='lat'><strong><em>—</em></strong></span> <span class='ocrx_word' id='word_1_155' title='bbox 2466 985 2484 1018; x_wconf 76' lang='grc' dir='ltr'><strong>ι</strong></span> <span class='ocrx_word' id='word_1_156' title='bbox 2515 967 2966 1040; x_wconf 86' lang='lat' dir='ltr'><strong>Exspectavitque</strong></span> <span class='ocrx_word' id='word_1_157' title='bbox 2994 969 3342 1027; x_wconf 87' lang='lat' dir='ltr'><strong>nihilominus</strong></span> <span class='ocrx_word' id='word_1_158' title='bbox 3365 981 3570 1044; x_wconf 86' lang='lat' dir='ltr'><strong>septem</strong></span> 
     </span>
    </p>
   </div>
   <div class='ocr_carea' id='block_1_24' title="bbox 1991 1058 3571 1134">
    <p class='ocr_par' dir='ltr' id='par_1_24' title="bbox 1991 1058 3571 1134">
     <span class='ocr_line' id='line_1_24' title="bbox 1991 1058 3571 1134; baseline 0.004 -20"><span class='ocrx_word' id='word_1_159' title='bbox 1991 1058 2127 1114; x_wconf 87' lang='lat' dir='ltr'><strong>alios</strong></span> <span class='ocrx_word' id='word_1_160' title='bbox 2159 1059 2294 1122; x_wconf 92' lang='lat' dir='ltr'><strong>dies,</strong></span> <span class='ocrx_word' id='word_1_161' title='bbox 2340 1078 2357 1110; x_wconf 75' lang='grc' dir='ltr'><strong>ι</strong></span> <span class='ocrx_word' id='word_1_162' title='bbox 2393 1067 2500 1115; x_wconf 89' lang='lat' dir='ltr'><strong>etc.</strong></span> <span class='ocrx_word' id='word_1_163' title='bbox 2544 1059 2690 1130; x_wconf 82' lang='lat' dir='ltr'><strong>(lsm.</strong></span> <span class='ocrx_word' id='word_1_164' title='bbox 2733 1062 2789 1114; x_wconf 76' lang='lat' dir='ltr'><strong>in</strong></span> <span class='ocrx_word' id='word_1_165' title='bbox 2821 1058 2979 1132; x_wconf 85' lang='lat' dir='ltr'><strong>Gen.)</strong></span> <span class='ocrx_word' id='word_1_166' title='bbox 3019 1060 3149 1116; x_wconf 90' lang='lat' dir='ltr'><strong>Post</strong></span> <span class='ocrx_word' id='word_1_167' title='bbox 3186 1062 3320 1117; x_wconf 89' lang='lat' dir='ltr'><strong>alios</strong></span> <span class='ocrx_word' id='word_1_168' title='bbox 3363 1073 3571 1134; x_wconf 90' lang='lat' dir='ltr'><strong>septem</strong></span> 
     </span>
    </p>
   </div>
   <div class='ocr_carea' id='block_1_25' title="bbox 1993 1150 3570 1221">
    <p class='ocr_par' dir='ltr' id='par_1_25' title="bbox 1993 1150 3570 1221">
     <span class='ocr_line' id='line_1_25' title="bbox 1993 1150 3570 1221; baseline 0.003 -16"><span class='ocrx_word' id='word_1_169' title='bbox 1993 1150 2109 1206; x_wconf 86' lang='lat' dir='ltr'><strong>dies</strong></span> <span class='ocrx_word' id='word_1_170' title='bbox 2137 1150 2358 1205; x_wconf 90' lang='lat' dir='ltr'><strong>dimissa</strong></span> <span class='ocrx_word' id='word_1_171' title='bbox 2391 1150 2658 1215; x_wconf 90' lang='lat' dir='ltr'><strong>columba,</strong></span> <span class='ocrx_word' id='word_1_172' title='bbox 2685 1165 2786 1205; x_wconf 91' lang='lat' dir='ltr'><strong>nec</strong></span> <span class='ocrx_word' id='word_1_173' title='bbox 2815 1165 3050 1214; x_wconf 85' lang='lat' dir='ltr'><strong>reversa,</strong></span> <span class='ocrx_word' id='word_1_174' title='bbox 3095 1151 3366 1221; x_wconf 80' lang='lat' dir='ltr'><strong>significat</strong></span> <span class='ocrx_word' id='word_1_175' title='bbox 3409 1153 3570 1209; x_wconf 84' lang='lat' dir='ltr'><strong>finem</strong></span> 
     </span>
    </p>
   </div>
   <div class='ocr_carea' id='block_1_26' title="bbox 1994 1241 3578 1316">
    <p class='ocr_par' dir='ltr' id='par_1_26' title="bbox 1994 1241 3578 1316">
     <span class='ocr_line' id='line_1_26' title="bbox 1994 1241 3578 1316; baseline 0.001 -19"><span class='ocrx_word' id='word_1_176' title='bbox 1994 1241 2199 1308; x_wconf 74' lang='lat' dir='ltr'><strong>saeculi,</strong></span> <span class='ocrx_word' id='word_1_177' title='bbox 2233 1242 2448 1316; x_wconf 89' lang='lat' dir='ltr'><strong>quando</strong></span> <span class='ocrx_word' id='word_1_178' title='bbox 2491 1242 2708 1310; x_wconf 88' lang='lat' dir='ltr'><strong>requies</strong></span> <span class='ocrx_word' id='word_1_179' title='bbox 2737 1251 3052 1298; x_wconf 86' lang='lat' dir='ltr'><strong>sanctorum</strong></span> <span class='ocrx_word' id='word_1_180' title='bbox 3081 1245 3206 1309; x_wconf 91' lang='lat' dir='ltr'><strong>erit,</strong></span> <span class='ocrx_word' id='word_1_181' title='bbox 3257 1259 3365 1298; x_wconf 91' lang='lat' dir='ltr'><strong>non</strong></span> <span class='ocrx_word' id='word_1_182' title='bbox 3395 1245 3449 1299; x_wconf 93' lang='lat' dir='ltr'><strong>in</strong></span> <span class='ocrx_word' id='word_1_183' title='bbox 3490 1261 3578 1300; x_wconf 89' lang='lat' dir='ltr'><strong>sa-</strong></span> 
     </span>
    </p>
   </div>
   <div class='ocr_carea' id='block_1_27' title="bbox 1993 1333 3574 1407">
    <p class='ocr_par' dir='ltr' id='par_1_27' title="bbox 1993 1333 3574 1407">
     <span class='ocr_line' id='line_1_27' title="bbox 1993 1333 3574 1407; baseline 0.002 -19"><span class='ocrx_word' id='word_1_184' title='bbox 1993 1341 2273 1388; x_wconf 82' lang='lat' dir='ltr'><strong>cramento</strong></span> <span class='ocrx_word' id='word_1_185' title='bbox 2293 1333 2426 1405; x_wconf 87' lang='lat' dir='ltr'><strong>spei,</strong></span> <span class='ocrx_word' id='word_1_186' title='bbox 2454 1349 2562 1403; x_wconf 91' lang='lat' dir='ltr'><strong>quo</strong></span> <span class='ocrx_word' id='word_1_187' title='bbox 2581 1349 2723 1388; x_wconf 92' lang='lat' dir='ltr'><strong>nunc</strong></span> <span class='ocrx_word' id='word_1_188' title='bbox 2751 1334 2990 1390; x_wconf 87' lang='lat' dir='ltr'><strong>Ecclesia</strong></span> <span class='ocrx_word' id='word_1_189' title='bbox 3015 1337 3379 1403; x_wconf 87' lang='lat' dir='ltr'><strong>consociatur,</strong></span> <span class='ocrx_word' id='word_1_190' title='bbox 3401 1352 3574 1407; x_wconf 90' lang='lat' dir='ltr'><strong>quan-</strong></span> 
     </span>
    </p>
   </div>
   <div class='ocr_carea' id='block_1_28' title="bbox 1995 1425 3574 1500">
    <p class='ocr_par' dir='ltr' id='par_1_28' title="bbox 1995 1425 3574 1500">
     <span class='ocr_line' id='line_1_28' title="bbox 1995 1425 3574 1500; baseline 0.002 -19"><span class='ocrx_word' id='word_1_191' title='bbox 1995 1427 2084 1481; x_wconf 91' lang='lat' dir='ltr'><strong>diu</strong></span> <span class='ocrx_word' id='word_1_192' title='bbox 2117 1427 2319 1481; x_wconf 84' lang='lat' dir='ltr'><strong>bibitur</strong></span> <span class='ocrx_word' id='word_1_193' title='bbox 2346 1427 2488 1500; x_wconf 90' lang='lat' dir='ltr'><strong>quod</strong></span> <span class='ocrx_word' id='word_1_194' title='bbox 2533 1426 2599 1480; x_wconf 91' lang='lat' dir='ltr'><strong>de</strong></span> <span class='ocrx_word' id='word_1_195' title='bbox 2643 1426 2812 1480; x_wconf 87' lang='lat' dir='ltr'><strong>latere</strong></span> <span class='ocrx_word' id='word_1_196' title='bbox 2845 1425 3044 1482; x_wconf 87' lang='lat' dir='ltr'><strong>Christi</strong></span> <span class='ocrx_word' id='word_1_197' title='bbox 3091 1429 3346 1494; x_wconf 87' lang='lat' dir='ltr'><strong>manavit,</strong></span> <span class='ocrx_word' id='word_1_198' title='bbox 3376 1429 3472 1500; x_wconf 85' lang='lat' dir='ltr'><strong>sed</strong></span> <span class='ocrx_word' id='word_1_199' title='bbox 3518 1429 3574 1483; x_wconf 92' lang='lat' dir='ltr'><strong>in</strong></span> 
     </span>
    </p>
   </div>
   <div class='ocr_carea' id='block_1_29' title="bbox 1994 1515 3580 1589">
    <p class='ocr_par' dir='ltr' id='par_1_29' title="bbox 1994 1515 3580 1589">
     <span class='ocr_line' id='line_1_29' title="bbox 1994 1515 3580 1589; baseline 0.003 -19"><span class='ocrx_word' id='word_1_200' title='bbox 1994 1515 2329 1587; x_wconf 86' lang='lat' dir='ltr'><strong>perfectione</strong></span> <span class='ocrx_word' id='word_1_201' title='bbox 2375 1516 2585 1579; x_wconf 88' lang='lat' dir='ltr'><strong>salutis,</strong></span> <span class='ocrx_word' id='word_1_202' title='bbox 2638 1531 2759 1571; x_wconf 92' lang='lat' dir='ltr'><strong>cum</strong></span> <span class='ocrx_word' id='word_1_203' title='bbox 2809 1517 3052 1572; x_wconf 88' lang='lat' dir='ltr'><strong>tradetur</strong></span> <span class='ocrx_word' id='word_1_204' title='bbox 3101 1533 3323 1589; x_wconf 86' lang='lat' dir='ltr'><strong>regnum</strong></span> <span class='ocrx_word' id='word_1_205' title='bbox 3370 1519 3480 1575; x_wconf 91' lang='lat' dir='ltr'><strong>Deo</strong></span> <span class='ocrx_word' id='word_1_206' title='bbox 3521 1528 3580 1575; x_wconf 91' lang='lat' dir='ltr'><strong>et</strong></span> 
     </span>
    </p>
   </div>
   <div class='ocr_carea' id='block_1_30' title="bbox 1999 1606 3576 1678">
    <p class='ocr_par' dir='ltr' id='par_1_30' title="bbox 1999 1606 3576 1678">
     <span class='ocr_line' id='line_1_30' title="bbox 1999 1606 3576 1678; baseline 0.004 -17"><span class='ocrx_word' id='word_1_207' title='bbox 1999 1606 2167 1672; x_wconf 87' lang='lat' dir='ltr'><strong>Patri,</strong></span> <span class='ocrx_word' id='word_1_208' title='bbox 2191 1617 2248 1661; x_wconf 92' lang='lat' dir='ltr'><strong>ut</strong></span> <span class='ocrx_word' id='word_1_209' title='bbox 2279 1608 2330 1660; x_wconf 92' lang='lat' dir='ltr'><strong>in</strong></span> <span class='ocrx_word' id='word_1_210' title='bbox 2369 1607 2458 1664; x_wconf 89' lang='lat' dir='ltr'><strong>illa</strong></span> <span class='ocrx_word' id='word_1_211' title='bbox 2495 1607 2786 1676; x_wconf 90' lang='lat' dir='ltr'><strong>conspicua</strong></span> <span class='ocrx_word' id='word_1_212' title='bbox 2832 1608 3288 1678; x_wconf 71' lang='lat' dir='ltr'><strong>contemplatione</strong></span> <span class='ocrx_word' id='word_1_213' title='bbox 3327 1611 3576 1668; x_wconf 87' lang='lat' dir='ltr'><strong>veritatis</strong></span> 
     </span>
    </p>
   </div>
   <div class='ocr_carea' id='block_1_31' title="bbox 1997 1697 2762 1769">
    <p class='ocr_par' dir='ltr' id='par_1_31' title="bbox 1997 1697 2762 1769">
     <span class='ocr_line' id='line_1_31' title="bbox 1997 1697 2762 1769; baseline 0.001 -18"><span class='ocrx_word' id='word_1_214' title='bbox 1997 1697 2159 1752; x_wconf 80' lang='lat' dir='ltr'><strong>nullis</strong></span> <span class='ocrx_word' id='word_1_215' title='bbox 2185 1711 2444 1768; x_wconf 85' lang='lat' dir='ltr'><strong>egeamus</strong></span> <span class='ocrx_word' id='word_1_216' title='bbox 2474 1699 2762 1769; x_wconf 87' lang='lat' dir='ltr'><strong>mysteriis.</strong></span> 
     </span>
    </p>
   </div>
   <div class='ocr_carea' id='block_1_32' title="bbox 2073 1789 3578 1860">
    <p class='ocr_par' dir='ltr' id='par_1_32' title="bbox 2073 1789 3578 1860">
     <span class='ocr_line' id='line_1_32' title="bbox 2073 1789 3578 1860; baseline 0.005 -16"><span class='ocrx_word' id='word_1_217' title='bbox 2073 1789 2234 1844; x_wconf 84' lang='lat' dir='ltr'><strong>Vens.</strong></span> <span class='ocrx_word' id='word_1_218' title='bbox 2267 1789 2353 1844; x_wconf 77' lang='lat' dir='ltr'><strong>l5.</strong></span> <span class='ocrx_word' id='word_1_219' title='bbox 2382 1821 2454 1830; x_wconf 94' lang='lat'><strong>—</strong></span> <span class='ocrx_word' id='word_1_220' title='bbox 2487 1807 2506 1842; x_wconf 69' lang='grc' dir='ltr'><strong>ι</strong></span> <span class='ocrx_word' id='word_1_221' title='bbox 2539 1789 2946 1846; x_wconf 88' lang='lat' dir='ltr'><strong>Sexcentesimo</strong></span> <span class='ocrx_word' id='word_1_222' title='bbox 2981 1804 3155 1860; x_wconf 90' lang='lat' dir='ltr'><strong>prnno</strong></span> <span class='ocrx_word' id='word_1_223' title='bbox 3193 1807 3356 1860; x_wconf 91' lang='lat' dir='ltr'><strong>anno,</strong></span> <span class='ocrx_word' id='word_1_224' title='bbox 3402 1813 3421 1846; x_wconf 76' lang='grc' dir='ltr'><strong>ι</strong></span> <span class='ocrx_word' id='word_1_225' title='bbox 3473 1803 3578 1851; x_wconf 90' lang='lat' dir='ltr'><strong>etc.</strong></span> 
     </span>
    </p>
   </div>
   <div class='ocr_carea' id='block_1_33' title="bbox 319 1870 3581 1954">
    <p class='ocr_par' dir='ltr' id='par_1_33' title="bbox 319 1870 3581 1954">
     <span class='ocr_line' id='line_1_33' title="bbox 319 1870 3581 1954; baseline 0.003 -21"><span class='ocrx_word' id='word_1_226' title='bbox 319 1877 738 1933; x_wconf 84' lang='lat' dir='ltr'><strong>resurrectionis</strong></span> <span class='ocrx_word' id='word_1_227' title='bbox 765 1877 950 1947; x_wconf 86' lang='lat' dir='ltr'><strong>(quam</strong></span> <span class='ocrx_word' id='word_1_228' title='bbox 987 1877 1214 1932; x_wconf 91' lang='lat' dir='ltr'><strong>nescivit</strong></span> <span class='ocrx_word' id='word_1_229' title='bbox 1238 1877 1502 1948; x_wconf 89' lang='lat' dir='ltr'><strong>sapientia</strong></span> <span class='ocrx_word' id='word_1_230' title='bbox 1523 1879 1898 1948; x_wconf 90' lang='lat' dir='ltr'><strong>superborum)</strong></span> <span class='ocrx_word' id='word_1_231' title='bbox 1927 1870 1977 1931; x_wconf 82' lang='grc' dir='ltr'><strong>Β</strong></span> <span class='ocrx_word' id='word_1_232' title='bbox 2004 1880 2190 1954; x_wconf 76' lang='grc' dir='ltr'><strong>(Ιὺίά.)</strong></span> <span class='ocrx_word' id='word_1_233' title='bbox 2225 1881 2362 1937; x_wconf 83' lang='lat' dir='ltr'><strong>Vitae</strong></span> <span class='ocrx_word' id='word_1_234' title='bbox 2409 1881 2544 1948; x_wconf 88' lang='lat' dir='ltr'><strong>Noe,</strong></span> <span class='ocrx_word' id='word_1_235' title='bbox 2591 1882 2643 1937; x_wconf 89' lang='lat' dir='ltr'><strong>id</strong></span> <span class='ocrx_word' id='word_1_236' title='bbox 2687 1892 2791 1948; x_wconf 97' lang='grc' dir='ltr'>εει,</span> <span class='ocrx_word' id='word_1_237' title='bbox 2836 1884 3072 1952; x_wconf 88' lang='lat' dir='ltr'><strong>peractis</strong></span> <span class='ocrx_word' id='word_1_238' title='bbox 3122 1877 3390 1942; x_wconf 74' lang='lat' dir='ltr'><strong>sexcentis</strong></span> <span class='ocrx_word' id='word_1_239' title='bbox 3424 1887 3581 1942; x_wconf 90' lang='lat' dir='ltr'><strong>annis</strong></span> 
     </span>
    </p>
   </div>
   <div class='ocr_carea' id='block_1_34' title="bbox 319 1968 1904 2038">
    <p class='ocr_par' dir='ltr' id='par_1_34' title="bbox 319 1968 1904 2038">
     <span class='ocr_line' id='line_1_34' title="bbox 319 1968 1904 2038; baseline -0.001 -13"><span class='ocrx_word' id='word_1_240' title='bbox 319 1968 590 2025; x_wconf 78' lang='lat' dir='ltr'><strong>intellexit</strong></span> <span class='ocrx_word' id='word_1_241' title='bbox 607 1968 899 2023; x_wconf 89' lang='lat' dir='ltr'><strong>eminentia</strong></span> <span class='ocrx_word' id='word_1_242' title='bbox 929 1978 1238 2024; x_wconf 91' lang='lat' dir='ltr'><strong>sanctorum</strong></span> <span class='ocrx_word' id='word_1_243' title='bbox 1261 1984 1357 2038; x_wconf 90' lang='lat' dir='ltr'><strong>per</strong></span> <span class='ocrx_word' id='word_1_244' title='bbox 1379 1969 1743 2038; x_wconf 90' lang='lat' dir='ltr'><strong>impletionem</strong></span> <span class='ocrx_word' id='word_1_245' title='bbox 1765 1984 1904 2038; x_wconf 71' lang='lat' dir='ltr'><strong>pra:-</strong></span> 
     </span>
    </p>
   </div>
   <div class='ocr_carea' id='block_1_35' title="bbox 319 2061 1904 2133">
    <p class='ocr_par' dir='ltr' id='par_1_35' title="bbox 319 2061 1904 2133">
     <span class='ocr_line' id='line_1_35' title="bbox 319 2061 1904 2133; baseline 0.001 -16"><span class='ocrx_word' id='word_1_246' title='bbox 319 2072 632 2133; x_wconf 84' lang='lat' dir='ltr'><strong>ceptorum;</strong></span> <span class='ocrx_word' id='word_1_247' title='bbox 678 2062 819 2117; x_wconf 83' lang='lat' dir='ltr'><strong>unde</strong></span> <span class='ocrx_word' id='word_1_248' title='bbox 865 2061 1065 2117; x_wconf 90' lang='lat' dir='ltr'><strong>Psalmi</strong></span> <span class='ocrx_word' id='word_1_249' title='bbox 1117 2076 1320 2116; x_wconf 85' lang='lat' dir='ltr'><strong>cxvm:</strong></span> <span class='ocrx_word' id='word_1_250' title='bbox 1359 2079 1376 2112; x_wconf 78' lang='grc' dir='ltr'><strong>ι</strong></span> <span class='ocrx_word' id='word_1_251' title='bbox 1425 2061 1470 2114; x_wconf 78' lang='grc' dir='ltr'><strong>Λ</strong></span> <span class='ocrx_word' id='word_1_252' title='bbox 1498 2062 1768 2118; x_wconf 74' lang='lat' dir='ltr'><strong>mandatis</strong></span> <span class='ocrx_word' id='word_1_253' title='bbox 1796 2062 1904 2119; x_wconf 85' lang='lat' dir='ltr'><strong>tuis</strong></span> 
     </span>
    </p>
   </div>
   <div class='ocr_carea' id='block_1_36' title="bbox 319 2152 1905 2218">
    <p class='ocr_par' dir='ltr' id='par_1_36' title="bbox 319 2152 1905 2218">
     <span class='ocr_line' id='line_1_36' title="bbox 319 2152 1905 2218; baseline 0.003 -11"><span class='ocrx_word' id='word_1_254' title='bbox 319 2153 580 2207; x_wconf 80' lang='lat' dir='ltr'><strong>intellexi.</strong></span> <span class='ocrx_word' id='word_1_255' title='bbox 613 2173 630 2205; x_wconf 76' lang='grc' dir='ltr'><strong>ι</strong></span> <span class='ocrx_word' id='word_1_256' title='bbox 659 2153 728 2208; x_wconf 84' lang='grc' dir='ltr'>Ει</span> <span class='ocrx_word' id='word_1_257' title='bbox 757 2153 903 2218; x_wconf 86' lang='lat' dir='ltr'><strong>alibi,</strong></span> <span class='ocrx_word' id='word_1_258' title='bbox 931 2152 1042 2208; x_wconf 90' lang='lat' dir='ltr'><strong>Luc</strong></span> <span class='ocrx_word' id='word_1_259' title='bbox 1071 2169 1105 2207; x_wconf 86' lang='lat' dir='ltr'><strong>x</strong></span> <span class='ocrx_word' id='word_1_260' title='bbox 1142 2171 1154 2206; x_wconf 90' lang='lat'><strong>:</strong></span> <span class='ocrx_word' id='word_1_261' title='bbox 1197 2171 1217 2204; x_wconf 75' lang='grc' dir='ltr'><strong>ι</strong></span> <span class='ocrx_word' id='word_1_262' title='bbox 1253 2153 1593 2208; x_wconf 85' lang='lat' dir='ltr'><strong>Abscondisti</strong></span> <span class='ocrx_word' id='word_1_263' title='bbox 1624 2153 1737 2207; x_wconf 64' lang='lat' dir='ltr'><strong>haec</strong></span> <span class='ocrx_word' id='word_1_264' title='bbox 1762 2170 1792 2208; x_wconf 89' lang='lat' dir='ltr'><strong>a</strong></span> <span class='ocrx_word' id='word_1_265' title='bbox 1815 2171 1905 2211; x_wconf 82' lang='lat' dir='ltr'><strong>sa-</strong></span> 
     </span>
    </p>
   </div>
   <div class='ocr_carea' id='block_1_37' title="bbox 317 2242 1896 2315">
    <p class='ocr_par' dir='ltr' id='par_1_37' title="bbox 317 2242 1896 2315">
     <span class='ocr_line' id='line_1_37' title="bbox 317 2242 1896 2315; baseline -0.002 -18"><span class='ocrx_word' id='word_1_266' title='bbox 317 2243 593 2315; x_wconf 85' lang='lat' dir='ltr'><strong>pientibus</strong></span> <span class='ocrx_word' id='word_1_267' title='bbox 617 2251 673 2297; x_wconf 89' lang='lat' dir='ltr'><strong>et</strong></span> <span class='ocrx_word' id='word_1_268' title='bbox 706 2242 1086 2313; x_wconf 87' lang='lat' dir='ltr'><strong>prudentibus,</strong></span> <span class='ocrx_word' id='word_1_269' title='bbox 1112 2252 1168 2297; x_wconf 91' lang='lat' dir='ltr'><strong>et</strong></span> <span class='ocrx_word' id='word_1_270' title='bbox 1206 2243 1458 2298; x_wconf 87' lang='lat' dir='ltr'><strong>revelasti</strong></span> <span class='ocrx_word' id='word_1_271' title='bbox 1483 2258 1546 2297; x_wconf 92' lang='lat' dir='ltr'><strong>ea</strong></span> <span class='ocrx_word' id='word_1_272' title='bbox 1586 2243 1846 2313; x_wconf 87' lang='lat' dir='ltr'><strong>parvulis.</strong></span> <span class='ocrx_word' id='word_1_273' title='bbox 1879 2262 1896 2294; x_wconf 78' lang='grc' dir='ltr'><strong>ι</strong></span> 
     </span>
    </p>
   </div>
   <div class='ocr_carea' id='block_1_38' title="bbox 394 2332 1902 2406">
    <p class='ocr_par' dir='ltr' id='par_1_38' title="bbox 394 2332 1902 2406">
     <span class='ocr_line' id='line_1_38' title="bbox 394 2332 1902 2406; baseline 0.001 -20"><span class='ocrx_word' id='word_1_274' title='bbox 394 2332 555 2388; x_wconf 84' lang='lat' dir='ltr'><strong>Vens.</strong></span> <span class='ocrx_word' id='word_1_275' title='bbox 608 2333 660 2388; x_wconf 92' lang='lat'><strong>7.</strong></span> <span class='ocrx_word' id='word_1_276' title='bbox 706 2365 778 2374; x_wconf 95' lang='lat'><strong>—</strong></span> <span class='ocrx_word' id='word_1_277' title='bbox 830 2352 848 2385; x_wconf 84' lang='grc'><strong><em>‹</em></strong></span> <span class='ocrx_word' id='word_1_278' title='bbox 905 2333 1008 2400; x_wconf 93' lang='lat' dir='ltr'><strong>Qui</strong></span> <span class='ocrx_word' id='word_1_279' title='bbox 1046 2333 1456 2402; x_wconf 78' lang='lat' dir='ltr'><strong>egrediebatur,</strong></span> <span class='ocrx_word' id='word_1_280' title='bbox 1507 2353 1524 2386; x_wconf 70' lang='grc' dir='ltr'><strong>ι</strong></span> <span class='ocrx_word' id='word_1_281' title='bbox 1581 2343 1685 2388; x_wconf 90' lang='lat' dir='ltr'><strong>etc.</strong></span> <span class='ocrx_word' id='word_1_282' title='bbox 1729 2334 1902 2406; x_wconf 82' lang='lat' dir='ltr'><strong>(lsm.)</strong></span> 
     </span>
    </p>
   </div>
   <div class='ocr_carea' id='block_1_39' title="bbox 320 2425 1907 2498">
    <p class='ocr_par' dir='ltr' id='par_1_39' title="bbox 320 2425 1907 2498">
     <span class='ocr_line' id='line_1_39' title="bbox 320 2425 1907 2498; baseline -0.001 -16"><span class='ocrx_word' id='word_1_283' title='bbox 320 2427 474 2494; x_wconf 78' lang='lat' dir='ltr'><strong>Quod</strong></span> <span class='ocrx_word' id='word_1_284' title='bbox 504 2435 628 2498; x_wconf 89' lang='lat' dir='ltr'><strong>post</strong></span> <span class='ocrx_word' id='word_1_285' title='bbox 665 2427 1024 2498; x_wconf 85' lang='lat' dir='ltr'><strong>quadraginta</strong></span> <span class='ocrx_word' id='word_1_286' title='bbox 1060 2426 1177 2482; x_wconf 88' lang='lat' dir='ltr'><strong>dies</strong></span> <span class='ocrx_word' id='word_1_287' title='bbox 1211 2442 1406 2481; x_wconf 82' lang='lat' dir='ltr'><strong>corvus</strong></span> <span class='ocrx_word' id='word_1_288' title='bbox 1450 2441 1557 2480; x_wconf 90' lang='lat' dir='ltr'><strong>non</strong></span> <span class='ocrx_word' id='word_1_289' title='bbox 1597 2425 1778 2491; x_wconf 87' lang='lat' dir='ltr'><strong>rediit,</strong></span> <span class='ocrx_word' id='word_1_290' title='bbox 1811 2435 1907 2480; x_wconf 87' lang='lat' dir='ltr'><strong>aut</strong></span> 
     </span>
    </p>
   </div>
   <div class='ocr_carea' id='block_1_40' title="bbox 317 2515 1902 2589">
    <p class='ocr_par' dir='ltr' id='par_1_40' title="bbox 317 2515 1902 2589">
     <span class='ocr_line' id='line_1_40' title="bbox 317 2515 1902 2589; baseline -0.003 -15"><span class='ocrx_word' id='word_1_291' title='bbox 317 2518 478 2589; x_wconf 83' lang='lat' dir='ltr'><strong>aquis</strong></span> <span class='ocrx_word' id='word_1_292' title='bbox 527 2518 878 2589; x_wconf 87' lang='lat' dir='ltr'><strong>interceptus,</strong></span> <span class='ocrx_word' id='word_1_293' title='bbox 935 2525 1028 2571; x_wconf 91' lang='lat' dir='ltr'><strong>aut</strong></span> <span class='ocrx_word' id='word_1_294' title='bbox 1073 2517 1336 2571; x_wconf 88' lang='lat' dir='ltr'><strong>cadavere</strong></span> <span class='ocrx_word' id='word_1_295' title='bbox 1389 2523 1612 2571; x_wconf 91' lang='lat' dir='ltr'><strong>natante</strong></span> <span class='ocrx_word' id='word_1_296' title='bbox 1668 2515 1902 2580; x_wconf 91' lang='lat' dir='ltr'><strong>illectus,</strong></span> 
     </span>
    </p>
   </div>
   <div class='ocr_carea' id='block_1_41' title="bbox 323 2606 1906 2679">
    <p class='ocr_par' dir='ltr' id='par_1_41' title="bbox 323 2606 1906 2679">
     <span class='ocr_line' id='line_1_41' title="bbox 323 2606 1906 2679; baseline -0.001 -15"><span class='ocrx_word' id='word_1_297' title='bbox 323 2608 520 2679; x_wconf 76' lang='lat' dir='ltr'><strong>figurat</strong></span> <span class='ocrx_word' id='word_1_298' title='bbox 561 2607 905 2663; x_wconf 89' lang='lat' dir='ltr'><strong>immunditia</strong></span> <span class='ocrx_word' id='word_1_299' title='bbox 947 2607 1261 2679; x_wconf 81' lang='lat' dir='ltr'><strong>cupiditatis</strong></span> <span class='ocrx_word' id='word_1_300' title='bbox 1286 2607 1593 2662; x_wconf 88' lang='lat' dir='ltr'><strong>teterrimos</strong></span> <span class='ocrx_word' id='word_1_301' title='bbox 1637 2625 1650 2660; x_wconf 80' lang='grc' dir='ltr'><strong><em>τ</em></strong></span> <span class='ocrx_word' id='word_1_302' title='bbox 1689 2615 1744 2661; x_wconf 92' lang='grc' dir='ltr'><strong>ει</strong></span> <span class='ocrx_word' id='word_1_303' title='bbox 1783 2606 1906 2662; x_wconf 86' lang='lat' dir='ltr'><strong>ideo</strong></span> 
     </span>
    </p>
   </div>
   <div class='ocr_carea' id='block_1_42' title="bbox 323 2699 1906 2770">
    <p class='ocr_par' dir='ltr' id='par_1_42' title="bbox 323 2699 1906 2770">
     <span class='ocr_line' id='line_1_42' title="bbox 323 2699 1906 2770; baseline -0.006 -12"><span class='ocrx_word' id='word_1_304' title='bbox 323 2700 408 2758; x_wconf 85' lang='lat' dir='ltr'><strong>bis</strong></span> <span class='ocrx_word' id='word_1_305' title='bbox 443 2715 565 2770; x_wconf 61' lang='lat' dir='ltr'><strong>quae</strong></span> <span class='ocrx_word' id='word_1_306' title='bbox 595 2700 731 2756; x_wconf 83' lang='lat' dir='ltr'><strong>foris</strong></span> <span class='ocrx_word' id='word_1_307' title='bbox 759 2708 886 2755; x_wconf 89' lang='lat' dir='ltr'><strong>sunt</strong></span> <span class='ocrx_word' id='word_1_308' title='bbox 910 2700 964 2754; x_wconf 91' lang='lat' dir='ltr'><strong>in</strong></span> <span class='ocrx_word' id='word_1_309' title='bbox 989 2699 1189 2754; x_wconf 88' lang='lat' dir='ltr'><strong>mundo</strong></span> <span class='ocrx_word' id='word_1_310' title='bbox 1215 2699 1375 2754; x_wconf 88' lang='lat' dir='ltr'><strong>nimis</strong></span> <span class='ocrx_word' id='word_1_311' title='bbox 1411 2699 1672 2760; x_wconf 87' lang='lat' dir='ltr'><strong>intentos,</strong></span> <span class='ocrx_word' id='word_1_312' title='bbox 1705 2706 1798 2751; x_wconf 89' lang='lat' dir='ltr'><strong>aut</strong></span> <span class='ocrx_word' id='word_1_313' title='bbox 1828 2712 1906 2750; x_wconf 87' lang='lat' dir='ltr'><strong>re-</strong></span> 
     </span>
    </p>
   </div>
   <div class='ocr_carea' id='block_1_43' title="bbox 321 2789 1906 2864">
    <p class='ocr_par' dir='ltr' id='par_1_43' title="bbox 321 2789 1906 2864">
     <span class='ocr_line' id='line_1_43' title="bbox 321 2789 1906 2864; baseline -0.003 -16"><span class='ocrx_word' id='word_1_314' title='bbox 321 2793 606 2864; x_wconf 84' lang='lat' dir='ltr'><strong>baptizari,</strong></span> <span class='ocrx_word' id='word_1_315' title='bbox 631 2803 726 2848; x_wconf 90' lang='lat' dir='ltr'><strong>aut</strong></span> <span class='ocrx_word' id='word_1_316' title='bbox 751 2793 819 2848; x_wconf 88' lang='lat' dir='ltr'><strong>ab</strong></span> <span class='ocrx_word' id='word_1_317' title='bbox 839 2793 924 2847; x_wconf 91' lang='lat' dir='ltr'><strong>his</strong></span> <span class='ocrx_word' id='word_1_318' title='bbox 944 2807 1082 2862; x_wconf 91' lang='lat' dir='ltr'><strong>quos</strong></span> <span class='ocrx_word' id='word_1_319' title='bbox 1099 2799 1297 2862; x_wconf 62' lang='lat' dir='ltr'><strong>praeter</strong></span> <span class='ocrx_word' id='word_1_320' title='bbox 1318 2806 1518 2854; x_wconf 88' lang='lat' dir='ltr'><strong>arcam,</strong></span> <span class='ocrx_word' id='word_1_321' title='bbox 1548 2791 1602 2845; x_wconf 91' lang='lat' dir='ltr'><strong>id</strong></span> <span class='ocrx_word' id='word_1_322' title='bbox 1620 2798 1702 2846; x_wconf 90' lang='lat' dir='ltr'><strong>est</strong></span> <span class='ocrx_word' id='word_1_323' title='bbox 1725 2789 1906 2845; x_wconf 87' lang='lat' dir='ltr'><strong>Eccle-</strong></span> 
     </span>
    </p>
   </div>
   <div class='ocr_carea' id='block_1_44' title="bbox 321 2881 1569 2954">
    <p class='ocr_par' dir='ltr' id='par_1_44' title="bbox 321 2881 1569 2954">
     <span class='ocr_line' id='line_1_44' title="bbox 321 2881 1569 2954; baseline -0.003 -15"><span class='ocrx_word' id='word_1_324' title='bbox 321 2884 483 2950; x_wconf 79' lang='lat' dir='ltr'><strong>siam,</strong></span> <span class='ocrx_word' id='word_1_325' title='bbox 509 2885 812 2954; x_wconf 88' lang='lat' dir='ltr'><strong>baptismus</strong></span> <span class='ocrx_word' id='word_1_326' title='bbox 835 2883 1054 2947; x_wconf 92' lang='lat' dir='ltr'><strong>occidit,</strong></span> <span class='ocrx_word' id='word_1_327' title='bbox 1083 2883 1268 2937; x_wconf 87' lang='lat' dir='ltr'><strong>seduci</strong></span> <span class='ocrx_word' id='word_1_328' title='bbox 1297 2890 1352 2936; x_wconf 91' lang='lat' dir='ltr'><strong>et</strong></span> <span class='ocrx_word' id='word_1_329' title='bbox 1374 2881 1569 2936; x_wconf 90' lang='lat' dir='ltr'><strong>teneri.</strong></span> 
     </span>
    </p>
   </div>
   <div class='ocr_carea' id='block_1_45' title="bbox 397 2972 1906 3047">
    <p class='ocr_par' dir='ltr' id='par_1_45' title="bbox 397 2972 1906 3047">
     <span class='ocr_line' id='line_1_45' title="bbox 397 2972 1906 3047; baseline -0.003 -16"><span class='ocrx_word' id='word_1_330' title='bbox 397 2975 576 3047; x_wconf 79' lang='lat' dir='ltr'><strong>(Auc.)</strong></span> <span class='ocrx_word' id='word_1_331' title='bbox 600 2974 873 3042; x_wconf 67' lang='lat' dir='ltr'><strong>Quaeritur</strong></span> <span class='ocrx_word' id='word_1_332' title='bbox 893 2982 1073 3029; x_wconf 91' lang='lat' dir='ltr'><strong>utrum</strong></span> <span class='ocrx_word' id='word_1_333' title='bbox 1103 2989 1298 3028; x_wconf 88' lang='lat' dir='ltr'><strong>corvus</strong></span> <span class='ocrx_word' id='word_1_334' title='bbox 1319 2982 1567 3028; x_wconf 88' lang='lat' dir='ltr'><strong>mortuus</strong></span> <span class='ocrx_word' id='word_1_335' title='bbox 1589 2973 1682 3038; x_wconf 89' lang='lat' dir='ltr'><strong>sit,</strong></span> <span class='ocrx_word' id='word_1_336' title='bbox 1715 2988 1781 3026; x_wconf 91' lang='lat' dir='ltr'><strong>an</strong></span> <span class='ocrx_word' id='word_1_337' title='bbox 1809 2972 1906 3027; x_wconf 84' lang='lat' dir='ltr'><strong>ali-</strong></span> 
     </span>
    </p>
   </div>
   <div class='ocr_carea' id='block_1_46' title="bbox 327 3055 1906 3138">
    <p class='ocr_par' dir='ltr' id='par_1_46' title="bbox 327 3055 1906 3138">
     <span class='ocr_line' id='line_1_46' title="bbox 327 3055 1906 3138; baseline -0.003 -16"><span class='ocrx_word' id='word_1_338' title='bbox 327 3083 435 3138; x_wconf 85' lang='lat' dir='ltr'><strong>quo</strong></span> <span class='ocrx_word' id='word_1_339' title='bbox 472 3067 634 3122; x_wconf 92' lang='lat' dir='ltr'><strong>modo</strong></span> <span class='ocrx_word' id='word_1_340' title='bbox 679 3067 862 3122; x_wconf 89' lang='lat' dir='ltr'><strong>vivere</strong></span> <span class='ocrx_word' id='word_1_341' title='bbox 904 3055 1174 3138; x_wconf 87' lang='lat' dir='ltr'><strong>potuerit?</strong></span> <span class='ocrx_word' id='word_1_342' title='bbox 1218 3064 1274 3120; x_wconf 90' lang='lat' dir='ltr'><strong>Si</strong></span> <span class='ocrx_word' id='word_1_343' title='bbox 1311 3065 1453 3120; x_wconf 89' lang='lat' dir='ltr'><strong>enim</strong></span> <span class='ocrx_word' id='word_1_344' title='bbox 1498 3064 1601 3119; x_wconf 90' lang='lat' dir='ltr'><strong>fuit</strong></span> <span class='ocrx_word' id='word_1_345' title='bbox 1641 3073 1786 3119; x_wconf 89' lang='lat' dir='ltr'><strong>terra</strong></span> <span class='ocrx_word' id='word_1_346' title='bbox 1815 3063 1906 3118; x_wconf 64' lang='lat' dir='ltr'><strong>ubi</strong></span> 
     </span>
    </p>
   </div>
   <div class='ocr_carea' id='block_1_47' title="bbox 330 3159 1902 3232">
    <p class='ocr_par' dir='ltr' id='par_1_47' title="bbox 330 3159 1902 3232">
     <span class='ocr_line' id='line_1_47' title="bbox 330 3159 1902 3232; baseline -0.002 -16"><span class='ocrx_word' id='word_1_347' title='bbox 330 3163 716 3232; x_wconf 88' lang='lat' dir='ltr'><strong>requiesceret,</strong></span> <span class='ocrx_word' id='word_1_348' title='bbox 759 3161 1012 3218; x_wconf 86' lang='lat' dir='ltr'><strong>similiter</strong></span> <span class='ocrx_word' id='word_1_349' title='bbox 1039 3161 1288 3216; x_wconf 86' lang='lat' dir='ltr'><strong>columba</strong></span> <span class='ocrx_word' id='word_1_350' title='bbox 1317 3160 1560 3229; x_wconf 89' lang='lat' dir='ltr'><strong>requiem</strong></span> <span class='ocrx_word' id='word_1_351' title='bbox 1589 3159 1902 3215; x_wconf 89' lang='lat' dir='ltr'><strong>invenisset.</strong></span> 
     </span>
    </p>
   </div>
   <div class='ocr_carea' id='block_1_48' title="bbox 2003 1972 3578 2046">
    <p class='ocr_par' dir='ltr' id='par_1_48' title="bbox 2003 1972 3578 2046">
     <span class='ocr_line' id='line_1_48' title="bbox 2003 1972 3578 2046; baseline 0.005 -20"><span class='ocrx_word' id='word_1_352' title='bbox 2003 1972 2244 2042; x_wconf 81' lang='lat' dir='ltr'><strong>aperitur</strong></span> <span class='ocrx_word' id='word_1_353' title='bbox 2278 1987 2417 2027; x_wconf 66' lang='lat' dir='ltr'><strong>arae</strong></span> <span class='ocrx_word' id='word_1_354' title='bbox 2465 1981 2690 2038; x_wconf 91' lang='lat' dir='ltr'><strong>tectum,</strong></span> <span class='ocrx_word' id='word_1_355' title='bbox 2741 1982 2869 2040; x_wconf 92' lang='lat' dir='ltr'><strong>etc.,</strong></span> <span class='ocrx_word' id='word_1_356' title='bbox 2921 1990 3084 2046; x_wconf 81' lang='lat' dir='ltr'><strong>usque</strong></span> <span class='ocrx_word' id='word_1_357' title='bbox 3119 1976 3188 2030; x_wconf 83' lang='lat' dir='ltr'><strong>ad</strong></span> <span class='ocrx_word' id='word_1_358' title='bbox 3226 1993 3334 2034; x_wconf 92' lang='lat' dir='ltr'><strong>uno</strong></span> <span class='ocrx_word' id='word_1_359' title='bbox 3372 1977 3578 2045; x_wconf 88' lang='lat' dir='ltr'><strong>addito,</strong></span> 
     </span>
    </p>
   </div>
   <div class='ocr_carea' id='block_1_49' title="bbox 2002 2065 2803 2135">
    <p class='ocr_par' dir='ltr' id='par_1_49' title="bbox 2002 2065 2803 2135">
     <span class='ocr_line' id='line_1_49' title="bbox 2002 2065 2803 2135; baseline 0.002 -18"><span class='ocrx_word' id='word_1_360' title='bbox 2002 2072 2227 2135; x_wconf 86' lang='lat' dir='ltr'><strong>propter</strong></span> <span class='ocrx_word' id='word_1_361' title='bbox 2256 2065 2484 2120; x_wconf 90' lang='lat' dir='ltr'><strong>unitatis</strong></span> <span class='ocrx_word' id='word_1_362' title='bbox 2505 2065 2803 2120; x_wconf 86' lang='lat' dir='ltr'><strong>vinculum.</strong></span> 
     </span>
    </p>
   </div>
   <div class='ocr_carea' id='block_1_50' title="bbox 2077 2157 3588 2233">
    <p class='ocr_par' dir='ltr' id='par_1_50' title="bbox 2077 2157 3588 2233">
     <span class='ocr_line' id='line_1_50' title="bbox 2077 2157 3588 2233; baseline 0.003 -20"><span class='ocrx_word' id='word_1_363' title='bbox 2077 2157 2241 2214; x_wconf 75' lang='lat' dir='ltr'><strong>Vens.</strong></span> <span class='ocrx_word' id='word_1_364' title='bbox 2273 2157 2360 2213; x_wconf 79' lang='lat' dir='ltr'><strong>M.</strong></span> <span class='ocrx_word' id='word_1_365' title='bbox 2394 2189 2465 2200; x_wconf 92' lang='lat'><strong>—</strong></span> <span class='ocrx_word' id='word_1_366' title='bbox 2499 2176 2517 2209; x_wconf 88' lang='grc'><strong><em>‹</em></strong></span> <span class='ocrx_word' id='word_1_367' title='bbox 2565 2157 2747 2216; x_wconf 84' lang='lat' dir='ltr'><strong>Mense</strong></span> <span class='ocrx_word' id='word_1_368' title='bbox 2776 2158 3032 2213; x_wconf 86' lang='lat' dir='ltr'><strong>secundo.</strong></span> <span class='ocrx_word' id='word_1_369' title='bbox 3074 2177 3092 2210; x_wconf 86' lang='grc'><strong>›</strong></span> <span class='ocrx_word' id='word_1_370' title='bbox 3129 2157 3377 2233; x_wconf 50' lang='lat' dir='ltr'><strong>(Stante)</strong></span> <span class='ocrx_word' id='word_1_371' title='bbox 3405 2159 3588 2217; x_wconf 80' lang='lat' dir='ltr'><strong>Histo-</strong></span> 
     </span>
    </p>
   </div>
   <div class='ocr_carea' id='block_1_51' title="bbox 2003 2246 3580 2324">
    <p class='ocr_par' dir='ltr' id='par_1_51' title="bbox 2003 2246 3580 2324">
     <span class='ocr_line' id='line_1_51' title="bbox 2003 2246 3580 2324; baseline 0.001 -22"><span class='ocrx_word' id='word_1_372' title='bbox 2003 2249 2129 2302; x_wconf 74' lang='lat' dir='ltr'><strong>riae.</strong></span> <span class='ocrx_word' id='word_1_373' title='bbox 2155 2248 2212 2301; x_wconf 92' lang='lat' dir='ltr'><strong>ld</strong></span> <span class='ocrx_word' id='word_1_374' title='bbox 2238 2255 2344 2306; x_wconf 91' lang='lat' dir='ltr'><strong>est.</strong></span> <span class='ocrx_word' id='word_1_375' title='bbox 2374 2247 2534 2312; x_wconf 86' lang='lat' dir='ltr'><strong>Maio,</strong></span> <span class='ocrx_word' id='word_1_376' title='bbox 2562 2246 2674 2303; x_wconf 87' lang='lat' dir='ltr'><strong>Noe</strong></span> <span class='ocrx_word' id='word_1_377' title='bbox 2715 2263 2914 2302; x_wconf 89' lang='lat' dir='ltr'><strong>annum</strong></span> <span class='ocrx_word' id='word_1_378' title='bbox 2942 2246 3071 2304; x_wconf 90' lang='lat' dir='ltr'><strong>fecit</strong></span> <span class='ocrx_word' id='word_1_379' title='bbox 3098 2249 3150 2302; x_wconf 92' lang='lat' dir='ltr'><strong>in</strong></span> <span class='ocrx_word' id='word_1_380' title='bbox 3195 2266 3345 2317; x_wconf 88' lang='lat' dir='ltr'><strong>arca,</strong></span> <span class='ocrx_word' id='word_1_381' title='bbox 3387 2259 3442 2308; x_wconf 91' lang='lat' dir='ltr'><strong>et</strong></span> <span class='ocrx_word' id='word_1_382' title='bbox 3468 2251 3580 2324; x_wconf 77' lang='lat' dir='ltr'><strong>ipSa</strong></span> 
     </span>
    </p>
   </div>
   <div class='ocr_carea' id='block_1_52' title="bbox 2003 2336 3567 2408">
    <p class='ocr_par' dir='ltr' id='par_1_52' title="bbox 2003 2336 3567 2408">
     <span class='ocr_line' id='line_1_52' title="bbox 2003 2336 3567 2408; baseline 0.004 -16"><span class='ocrx_word' id='word_1_383' title='bbox 2003 2339 2093 2393; x_wconf 84' lang='lat' dir='ltr'><strong>die</strong></span> <span class='ocrx_word' id='word_1_384' title='bbox 2119 2352 2222 2408; x_wconf 88' lang='lat' dir='ltr'><strong>qua</strong></span> <span class='ocrx_word' id='word_1_385' title='bbox 2251 2337 2525 2408; x_wconf 89' lang='lat' dir='ltr'><strong>ingressus</strong></span> <span class='ocrx_word' id='word_1_386' title='bbox 2555 2336 2748 2400; x_wconf 80' lang='lat' dir='ltr'><strong>fuerat,</strong></span> <span class='ocrx_word' id='word_1_387' title='bbox 2777 2351 3029 2406; x_wconf 88' lang='lat' dir='ltr'><strong>egressus</strong></span> <span class='ocrx_word' id='word_1_388' title='bbox 3050 2348 3152 2391; x_wconf 88' lang='lat' dir='ltr'><strong>est.</strong></span> <span class='ocrx_word' id='word_1_389' title='bbox 3198 2339 3470 2408; x_wconf 88' lang='lat' dir='ltr'><strong>Ingressus</strong></span> <span class='ocrx_word' id='word_1_390' title='bbox 3505 2354 3567 2398; x_wconf 88' lang='lat' dir='ltr'><strong>es</strong></span> 
     </span>
    </p>
   </div>
   <div class='ocr_carea' id='block_1_53' title="bbox 2003 2425 3551 2495">
    <p class='ocr_par' dir='ltr' id='par_1_53' title="bbox 2003 2425 3551 2495">
     <span class='ocr_line' id='line_1_53' title="bbox 2003 2425 3551 2495; baseline 0.004 -14"><span class='ocrx_word' id='word_1_391' title='bbox 2003 2427 2149 2482; x_wconf 91' lang='lat' dir='ltr'><strong>enim</strong></span> <span class='ocrx_word' id='word_1_392' title='bbox 2176 2427 2430 2482; x_wconf 85' lang='lat' dir='ltr'><strong>vicesima</strong></span> <span class='ocrx_word' id='word_1_393' title='bbox 2481 2426 2707 2495; x_wconf 89' lang='lat' dir='ltr'><strong>septima</strong></span> <span class='ocrx_word' id='word_1_394' title='bbox 2759 2425 2847 2480; x_wconf 91' lang='lat' dir='ltr'><strong>die</strong></span> <span class='ocrx_word' id='word_1_395' title='bbox 2893 2426 3101 2481; x_wconf 89' lang='lat' dir='ltr'><strong>mensis</strong></span> <span class='ocrx_word' id='word_1_396' title='bbox 3131 2431 3390 2495; x_wconf 89' lang='lat' dir='ltr'><strong>secundi;</strong></span> <span class='ocrx_word' id='word_1_397' title='bbox 3443 2447 3551 2488; x_wconf 90' lang='lat' dir='ltr'><strong>nun</strong></span> 
     </span>
    </p>
   </div>
   <div class='ocr_carea' id='block_1_54' title="bbox 2007 2519 3586 2595">
    <p class='ocr_par' dir='ltr' id='par_1_54' title="bbox 2007 2519 3586 2595">
     <span class='ocr_line' id='line_1_54' title="bbox 2007 2519 3586 2595; baseline 0.001 -21"><span class='ocrx_word' id='word_1_398' title='bbox 2007 2519 2136 2574; x_wconf 89' lang='lat' dir='ltr'><strong>dicit</strong></span> <span class='ocrx_word' id='word_1_399' title='bbox 2162 2519 2286 2588; x_wconf 91' lang='lat' dir='ltr'><strong>quia</strong></span> <span class='ocrx_word' id='word_1_400' title='bbox 2317 2533 2571 2595; x_wconf 84' lang='lat' dir='ltr'><strong>egressus</strong></span> <span class='ocrx_word' id='word_1_401' title='bbox 2597 2528 2682 2573; x_wconf 90' lang='lat' dir='ltr'><strong>est</strong></span> <span class='ocrx_word' id='word_1_402' title='bbox 2712 2519 2938 2589; x_wconf 89' lang='lat' dir='ltr'><strong>septima</strong></span> <span class='ocrx_word' id='word_1_403' title='bbox 2968 2528 3023 2574; x_wconf 91' lang='lat' dir='ltr'><strong>et</strong></span> <span class='ocrx_word' id='word_1_404' title='bbox 3051 2520 3305 2575; x_wconf 89' lang='lat' dir='ltr'><strong>vicesima</strong></span> <span class='ocrx_word' id='word_1_405' title='bbox 3330 2522 3417 2576; x_wconf 82' lang='lat' dir='ltr'><strong>die</strong></span> <span class='ocrx_word' id='word_1_406' title='bbox 3445 2521 3586 2590; x_wconf 79' lang='lat' dir='ltr'><strong>ejus-</strong></span> 
     </span>
    </p>
   </div>
   <div class='ocr_carea' id='block_1_55' title="bbox 2005 2609 3585 2681">
    <p class='ocr_par' dir='ltr' id='par_1_55' title="bbox 2005 2609 3585 2681">
     <span class='ocr_line' id='line_1_55' title="bbox 2005 2609 3585 2681; baseline 0.003 -17"><span class='ocrx_word' id='word_1_407' title='bbox 2005 2611 2129 2665; x_wconf 90' lang='lat' dir='ltr'><strong>dem</strong></span> <span class='ocrx_word' id='word_1_408' title='bbox 2159 2612 2381 2665; x_wconf 82' lang='lat' dir='ltr'><strong>mensis.</strong></span> <span class='ocrx_word' id='word_1_409' title='bbox 2416 2609 2523 2665; x_wconf 87' lang='lat' dir='ltr'><strong>Sed</strong></span> <span class='ocrx_word' id='word_1_410' title='bbox 2564 2610 2843 2665; x_wconf 89' lang='lat' dir='ltr'><strong>sciendum</strong></span> <span class='ocrx_word' id='word_1_411' title='bbox 2871 2621 2956 2664; x_wconf 88' lang='lat' dir='ltr'><strong>est</strong></span> <span class='ocrx_word' id='word_1_412' title='bbox 2979 2611 3104 2680; x_wconf 87' lang='lat' dir='ltr'><strong>quia</strong></span> <span class='ocrx_word' id='word_1_413' title='bbox 3136 2612 3179 2665; x_wconf 91' lang='lat' dir='ltr'><strong>si</strong></span> <span class='ocrx_word' id='word_1_414' title='bbox 3206 2613 3452 2681; x_wconf 78' lang='lat' dir='ltr'><strong>praesenti</strong></span> <span class='ocrx_word' id='word_1_415' title='bbox 3476 2613 3585 2670; x_wconf 91' lang='lat' dir='ltr'><strong>diei</strong></span> 
     </span>
    </p>
   </div>
   <div class='ocr_carea' id='block_1_56' title="bbox 2007 2699 3588 2769">
    <p class='ocr_par' dir='ltr' id='par_1_56' title="bbox 2007 2699 3588 2769">
     <span class='ocr_line' id='line_1_56' title="bbox 2007 2699 3588 2769; baseline 0.003 -13"><span class='ocrx_word' id='word_1_416' title='bbox 2007 2702 2276 2756; x_wconf 82' lang='lat' dir='ltr'><strong>addantur</strong></span> <span class='ocrx_word' id='word_1_417' title='bbox 2304 2699 2574 2764; x_wconf 88' lang='lat' dir='ltr'><strong>undecim,</strong></span> <span class='ocrx_word' id='word_1_418' title='bbox 2600 2699 2776 2769; x_wconf 90' lang='lat' dir='ltr'><strong>qualis</strong></span> <span class='ocrx_word' id='word_1_419' title='bbox 2817 2700 2944 2756; x_wconf 89' lang='lat' dir='ltr'><strong>luna</strong></span> <span class='ocrx_word' id='word_1_420' title='bbox 2991 2701 3152 2756; x_wconf 88' lang='lat' dir='ltr'><strong>hodie</strong></span> <span class='ocrx_word' id='word_1_421' title='bbox 3199 2710 3300 2766; x_wconf 92' lang='lat' dir='ltr'><strong>est,</strong></span> <span class='ocrx_word' id='word_1_422' title='bbox 3342 2703 3462 2758; x_wconf 88' lang='lat' dir='ltr'><strong>talis</strong></span> <span class='ocrx_word' id='word_1_423' title='bbox 3481 2705 3588 2761; x_wconf 88' lang='lat' dir='ltr'><strong>erit</strong></span> 
     </span>
    </p>
   </div>
   <div class='ocr_carea' id='block_1_57' title="bbox 2001 2791 3586 2864">
    <p class='ocr_par' dir='ltr' id='par_1_57' title="bbox 2001 2791 3586 2864">
     <span class='ocr_line' id='line_1_57' title="bbox 2001 2791 3586 2864; baseline 0.004 -18"><span class='ocrx_word' id='word_1_424' title='bbox 2001 2801 2131 2863; x_wconf 79' lang='lat' dir='ltr'><strong>post</strong></span> <span class='ocrx_word' id='word_1_425' title='bbox 2150 2807 2351 2846; x_wconf 90' lang='lat' dir='ltr'><strong>annum</strong></span> <span class='ocrx_word' id='word_1_426' title='bbox 2377 2793 2492 2862; x_wconf 89' lang='lat' dir='ltr'><strong>ipsa</strong></span> <span class='ocrx_word' id='word_1_427' title='bbox 2521 2792 2626 2847; x_wconf 91' lang='lat' dir='ltr'><strong>die.</strong></span> <span class='ocrx_word' id='word_1_428' title='bbox 2653 2792 2879 2858; x_wconf 80' lang='lat' dir='ltr'><strong>Quando</strong></span> <span class='ocrx_word' id='word_1_429' title='bbox 2899 2807 3028 2862; x_wconf 90' lang='lat' dir='ltr'><strong>ergo</strong></span> <span class='ocrx_word' id='word_1_430' title='bbox 3052 2791 3164 2848; x_wconf 89' lang='lat' dir='ltr'><strong>Noe</strong></span> <span class='ocrx_word' id='word_1_431' title='bbox 3185 2793 3462 2864; x_wconf 88' lang='lat' dir='ltr'><strong>ingressus</strong></span> <span class='ocrx_word' id='word_1_432' title='bbox 3483 2805 3586 2860; x_wconf 90' lang='lat' dir='ltr'><strong>est,</strong></span> 
     </span>
    </p>
   </div>
   <div class='ocr_carea' id='block_1_58' title="bbox 2003 2885 3593 2955">
    <p class='ocr_par' dir='ltr' id='par_1_58' title="bbox 2003 2885 3593 2955">
     <span class='ocr_line' id='line_1_58' title="bbox 2003 2885 3593 2955; baseline 0.003 -15"><span class='ocrx_word' id='word_1_433' title='bbox 2003 2886 2216 2941; x_wconf 90' lang='lat' dir='ltr'><strong>decima</strong></span> <span class='ocrx_word' id='word_1_434' title='bbox 2247 2885 2474 2955; x_wconf 88' lang='lat' dir='ltr'><strong>septima</strong></span> <span class='ocrx_word' id='word_1_435' title='bbox 2507 2885 2654 2951; x_wconf 90' lang='lat' dir='ltr'><strong>luna,</strong></span> <span class='ocrx_word' id='word_1_436' title='bbox 2677 2885 2761 2939; x_wconf 87' lang='lat' dir='ltr'><strong>vel</strong></span> <span class='ocrx_word' id='word_1_437' title='bbox 2796 2892 3024 2955; x_wconf 78' lang='lat' dir='ltr'><strong>septima</strong></span> <span class='ocrx_word' id='word_1_438' title='bbox 3055 2885 3266 2942; x_wconf 90' lang='lat' dir='ltr'><strong>decima</strong></span> <span class='ocrx_word' id='word_1_439' title='bbox 3301 2887 3416 2943; x_wconf 90' lang='lat' dir='ltr'><strong>dies</strong></span> <span class='ocrx_word' id='word_1_440' title='bbox 3440 2903 3593 2944; x_wconf 91' lang='lat' dir='ltr'><strong>men-</strong></span> 
     </span>
    </p>
   </div>
   <div class='ocr_carea' id='block_1_59' title="bbox 2007 2974 3589 3046">
    <p class='ocr_par' dir='ltr' id='par_1_59' title="bbox 2007 2974 3589 3046">
     <span class='ocr_line' id='line_1_59' title="bbox 2007 2974 3589 3046; baseline 0.001 -15"><span class='ocrx_word' id='word_1_441' title='bbox 2007 2977 2085 3031; x_wconf 85' lang='lat' dir='ltr'><strong>sis</strong></span> <span class='ocrx_word' id='word_1_442' title='bbox 2109 2975 2332 3031; x_wconf 89' lang='lat' dir='ltr'><strong>secundi</strong></span> <span class='ocrx_word' id='word_1_443' title='bbox 2376 2974 2497 3030; x_wconf 87' lang='lat' dir='ltr'><strong>fuit.</strong></span> <span class='ocrx_word' id='word_1_444' title='bbox 2542 2974 2664 3030; x_wconf 84' lang='lat' dir='ltr'><strong>ideo</strong></span> <span class='ocrx_word' id='word_1_445' title='bbox 2689 2983 2812 3046; x_wconf 90' lang='lat' dir='ltr'><strong>post</strong></span> <span class='ocrx_word' id='word_1_446' title='bbox 2844 2991 3046 3030; x_wconf 90' lang='lat' dir='ltr'><strong>annum</strong></span> <span class='ocrx_word' id='word_1_447' title='bbox 3093 2976 3344 3032; x_wconf 87' lang='lat' dir='ltr'><strong>undecim</strong></span> <span class='ocrx_word' id='word_1_448' title='bbox 3373 2978 3589 3044; x_wconf 90' lang='lat' dir='ltr'><strong>additis,</strong></span> 
     </span>
    </p>
   </div>
   <div class='ocr_carea' id='block_1_60' title="bbox 2003 3065 3591 3139">
    <p class='ocr_par' dir='ltr' id='par_1_60' title="bbox 2003 3065 3591 3139">
     <span class='ocr_line' id='line_1_60' title="bbox 2003 3065 3591 3139; baseline -0.001 -15"><span class='ocrx_word' id='word_1_449' title='bbox 2003 3065 2113 3124; x_wconf 70' lang='lat' dir='ltr'><strong>fuit</strong></span> <span class='ocrx_word' id='word_1_450' title='bbox 2145 3066 2400 3122; x_wconf 88' lang='lat' dir='ltr'><strong>vicesima</strong></span> <span class='ocrx_word' id='word_1_451' title='bbox 2447 3067 2676 3136; x_wconf 88' lang='lat' dir='ltr'><strong>septima</strong></span> <span class='ocrx_word' id='word_1_452' title='bbox 2703 3065 2820 3121; x_wconf 90' lang='lat' dir='ltr'><strong>dies</strong></span> <span class='ocrx_word' id='word_1_453' title='bbox 2845 3075 2900 3122; x_wconf 90' lang='lat' dir='ltr'><strong>et</strong></span> <span class='ocrx_word' id='word_1_454' title='bbox 2931 3067 3140 3122; x_wconf 86' lang='lat' dir='ltr'><strong>decima</strong></span> <span class='ocrx_word' id='word_1_455' title='bbox 3171 3069 3401 3139; x_wconf 90' lang='lat' dir='ltr'><strong>septima</strong></span> <span class='ocrx_word' id='word_1_456' title='bbox 3443 3068 3591 3123; x_wconf 91' lang='lat' dir='ltr'><strong>luna.</strong></span> 
     </span>
    </p>
   </div>
   <div class='ocr_carea' id='block_1_61' title="bbox 2090 3157 3598 3232">
    <p class='ocr_par' dir='ltr' id='par_1_61' title="bbox 2090 3157 3598 3232">
     <span class='ocr_line' id='line_1_61' title="bbox 2090 3157 3598 3232; baseline 0.005 -22"><span class='ocrx_word' id='word_1_457' title='bbox 2090 3178 2107 3210; x_wconf 78' lang='grc' dir='ltr'><strong>ι</strong></span> <span class='ocrx_word' id='word_1_458' title='bbox 2143 3157 2325 3214; x_wconf 80' lang='lat' dir='ltr'><strong>Mense</strong></span> <span class='ocrx_word' id='word_1_459' title='bbox 2358 3158 2612 3220; x_wconf 83' lang='lat' dir='ltr'><strong>secundo,</strong></span> <span class='ocrx_word' id='word_1_460' title='bbox 2651 3179 2670 3210; x_wconf 73' lang='grc' dir='ltr'><strong>ι</strong></span> <span class='ocrx_word' id='word_1_461' title='bbox 2707 3169 2814 3214; x_wconf 86' lang='lat' dir='ltr'><strong>etc.</strong></span> <span class='ocrx_word' id='word_1_462' title='bbox 2845 3157 3085 3230; x_wconf 75' lang='lat' dir='ltr'><strong>Mystice.</strong></span> <span class='ocrx_word' id='word_1_463' title='bbox 3136 3159 3290 3217; x_wconf 91' lang='lat' dir='ltr'><strong>Sicut</strong></span> <span class='ocrx_word' id='word_1_464' title='bbox 3328 3177 3485 3232; x_wconf 89' lang='lat' dir='ltr'><strong>supra</strong></span> <span class='ocrx_word' id='word_1_465' title='bbox 3515 3161 3598 3217; x_wconf 93' lang='lat' dir='ltr'><strong>di-</strong></span> 
     </span>
    </p>
   </div>
   <div class='ocr_carea' id='block_1_62' title="bbox 331 3227 3596 3322">
    <p class='ocr_par' dir='ltr' id='par_1_62' title="bbox 331 3227 3596 3322">
     <span class='ocr_line' id='line_1_62' title="bbox 331 3227 3596 3322; baseline -0.001 -13"><span class='ocrx_word' id='word_1_466' title='bbox 331 3227 485 3310; x_wconf 73' lang='lat' dir='ltr'><strong>Unde</strong></span> <span class='ocrx_word' id='word_1_467' title='bbox 528 3252 817 3322; x_wconf 80' lang='lat' dir='ltr'><strong>conjicitur</strong></span> <span class='ocrx_word' id='word_1_468' title='bbox 852 3253 994 3322; x_wconf 89' lang='lat' dir='ltr'><strong>quod</strong></span> <span class='ocrx_word' id='word_1_469' title='bbox 1032 3251 1282 3307; x_wconf 87' lang='lat' dir='ltr'><strong>cadaveri</strong></span> <span class='ocrx_word' id='word_1_470' title='bbox 1327 3227 1502 3320; x_wconf 77' lang='lat' dir='ltr'><strong>potuit</strong></span> <span class='ocrx_word' id='word_1_471' title='bbox 1530 3265 1728 3305; x_wconf 89' lang='lat' dir='ltr'><strong>corvus</strong></span> <span class='ocrx_word' id='word_1_472' title='bbox 1771 3249 1906 3306; x_wconf 92' lang='lat' dir='ltr'><strong>insi-</strong></span> <span class='ocrx_word' id='word_1_473' title='bbox 1933 3227 1981 3293; x_wconf 69' lang='grc' dir='ltr'>ο</span> <span class='ocrx_word' id='word_1_474' title='bbox 2011 3257 2159 3305; x_wconf 89' lang='lat' dir='ltr'><strong>ctum</strong></span> <span class='ocrx_word' id='word_1_475' title='bbox 2199 3257 2315 3313; x_wconf 90' lang='lat' dir='ltr'><strong>est,</strong></span> <span class='ocrx_word' id='word_1_476' title='bbox 2371 3248 2582 3304; x_wconf 90' lang='lat' dir='ltr'><strong>decima</strong></span> <span class='ocrx_word' id='word_1_477' title='bbox 2633 3249 2860 3319; x_wconf 86' lang='lat' dir='ltr'><strong>septima</strong></span> <span class='ocrx_word' id='word_1_478' title='bbox 2910 3227 3000 3305; x_wconf 81' lang='lat' dir='ltr'><strong>die</strong></span> <span class='ocrx_word' id='word_1_479' title='bbox 3033 3227 3417 3307; x_wconf 79' lang='lat' dir='ltr'><strong>sexcentesimi</strong></span> <span class='ocrx_word' id='word_1_480' title='bbox 3470 3254 3596 3307; x_wconf 89' lang='lat' dir='ltr'><strong>anni</strong></span> 
     </span>
    </p>
   </div>
   <div class='ocr_carea' id='block_1_63' title="bbox 329 3339 3594 3415">
    <p class='ocr_par' dir='ltr' id='par_1_63' title="bbox 329 3339 3594 3415">
     <span class='ocr_line' id='line_1_63' title="bbox 329 3339 3594 3415; baseline -0.001 -15"><span class='ocrx_word' id='word_1_481' title='bbox 329 3345 481 3410; x_wconf 91' lang='lat' dir='ltr'><strong>dere,</strong></span> <span class='ocrx_word' id='word_1_482' title='bbox 509 3345 654 3415; x_wconf 90' lang='lat' dir='ltr'><strong>quod</strong></span> <span class='ocrx_word' id='word_1_483' title='bbox 683 3344 1006 3400; x_wconf 86' lang='lat' dir='ltr'><strong>naturaliter</strong></span> <span class='ocrx_word' id='word_1_484' title='bbox 1031 3341 1230 3413; x_wconf 86' lang='lat' dir='ltr'><strong>refugit</strong></span> <span class='ocrx_word' id='word_1_485' title='bbox 1255 3342 1525 3397; x_wconf 88' lang='lat' dir='ltr'><strong>columba.</strong></span> <span class='ocrx_word' id='word_1_486' title='bbox 2005 3341 2167 3410; x_wconf 74' lang='lat' dir='ltr'><strong>aquis</strong></span> <span class='ocrx_word' id='word_1_487' title='bbox 2217 3339 2406 3396; x_wconf 86' lang='lat' dir='ltr'><strong>diluvii</strong></span> <span class='ocrx_word' id='word_1_488' title='bbox 2460 3349 2606 3396; x_wconf 79' lang='lat' dir='ltr'><strong>terra</strong></span> <span class='ocrx_word' id='word_1_489' title='bbox 2667 3339 2967 3396; x_wconf 88' lang='lat' dir='ltr'><strong>madefacta</strong></span> <span class='ocrx_word' id='word_1_490' title='bbox 3020 3351 3134 3406; x_wconf 90' lang='lat' dir='ltr'><strong>est,</strong></span> <span class='ocrx_word' id='word_1_491' title='bbox 3189 3344 3282 3398; x_wconf 77' lang='lat' dir='ltr'><strong>sed</strong></span> <span class='ocrx_word' id='word_1_492' title='bbox 3339 3344 3594 3414; x_wconf 80' lang='lat' dir='ltr'><strong>vigesima</strong></span> 
     </span>
    </p>
   </div>
   <div class='ocr_carea' id='block_1_64' title="bbox 405 3431 3595 3507">
    <p class='ocr_par' dir='ltr' id='par_1_64' title="bbox 405 3431 3595 3507">
     <span class='ocr_line' id='line_1_64' title="bbox 405 3431 3595 3507; baseline 0 -17"><span class='ocrx_word' id='word_1_493' title='bbox 405 3435 567 3490; x_wconf 88' lang='lat' dir='ltr'><strong>Vens.</strong></span> <span class='ocrx_word' id='word_1_494' title='bbox 587 3434 641 3490; x_wconf 89' lang='lat'><strong>8.</strong></span> <span class='ocrx_word' id='word_1_495' title='bbox 673 3465 742 3475; x_wconf 92' lang='lat'><strong>-</strong></span> <span class='ocrx_word' id='word_1_496' title='bbox 767 3453 788 3486; x_wconf 83' lang='grc'><em>‹</em></span> <span class='ocrx_word' id='word_1_497' title='bbox 824 3434 1018 3490; x_wconf 88' lang='lat' dir='ltr'><strong>Emisit</strong></span> <span class='ocrx_word' id='word_1_498' title='bbox 1052 3448 1284 3504; x_wconf 91' lang='lat' dir='ltr'><strong>quoque.</strong></span> <span class='ocrx_word' id='word_1_499' title='bbox 1331 3452 1351 3486; x_wconf 76' lang='grc'><strong>&gt;</strong></span> <span class='ocrx_word' id='word_1_500' title='bbox 1385 3432 1560 3504; x_wconf 80' lang='grc' dir='ltr'><strong>(Ιειυ.)</strong></span> <span class='ocrx_word' id='word_1_501' title='bbox 1586 3431 1793 3487; x_wconf 86' lang='lat' dir='ltr'><strong>Emissa</strong></span> <span class='ocrx_word' id='word_1_502' title='bbox 1819 3443 1910 3486; x_wconf 82' lang='grc' dir='ltr'><strong>εο-</strong></span> <span class='ocrx_word' id='word_1_503' title='bbox 2007 3432 2241 3502; x_wconf 83' lang='lat' dir='ltr'><strong>septima</strong></span> <span class='ocrx_word' id='word_1_504' title='bbox 2261 3433 2349 3488; x_wconf 90' lang='lat' dir='ltr'><strong>die</strong></span> <span class='ocrx_word' id='word_1_505' title='bbox 2371 3433 2592 3488; x_wconf 90' lang='lat' dir='ltr'><strong>secundi</strong></span> <span class='ocrx_word' id='word_1_506' title='bbox 2614 3433 2819 3489; x_wconf 89' lang='lat' dir='ltr'><strong>mensis</strong></span> <span class='ocrx_word' id='word_1_507' title='bbox 2840 3434 3077 3490; x_wconf 81' lang='lat' dir='ltr'><strong>arefacta</strong></span> <span class='ocrx_word' id='word_1_508' title='bbox 3099 3444 3202 3502; x_wconf 84' lang='lat' dir='ltr'><strong>est,</strong></span> <span class='ocrx_word' id='word_1_509' title='bbox 3223 3436 3437 3504; x_wconf 89' lang='lat' dir='ltr'><strong>quando</strong></span> <span class='ocrx_word' id='word_1_510' title='bbox 3459 3452 3595 3507; x_wconf 68' lang='lat' dir='ltr'><strong>prae-</strong></span> 
     </span>
    </p>
   </div>
   <div class='ocr_carea' id='block_1_65' title="bbox 327 3523 3598 3597">
    <p class='ocr_par' dir='ltr' id='par_1_65' title="bbox 327 3523 3598 3597">
     <span class='ocr_line' id='line_1_65' title="bbox 327 3523 3598 3597; baseline -0.001 -15"><span class='ocrx_word' id='word_1_511' title='bbox 327 3526 538 3593; x_wconf 86' lang='lat' dir='ltr'><strong>lumba,</strong></span> <span class='ocrx_word' id='word_1_512' title='bbox 582 3543 682 3584; x_wconf 91' lang='lat' dir='ltr'><strong>nec</strong></span> <span class='ocrx_word' id='word_1_513' title='bbox 726 3530 942 3583; x_wconf 90' lang='lat' dir='ltr'><strong>inventa</strong></span> <span class='ocrx_word' id='word_1_514' title='bbox 992 3527 1177 3597; x_wconf 87' lang='lat' dir='ltr'><strong>requie</strong></span> <span class='ocrx_word' id='word_1_515' title='bbox 1215 3540 1456 3588; x_wconf 81' lang='lat' dir='ltr'><strong>reversa,</strong></span> <span class='ocrx_word' id='word_1_516' title='bbox 1499 3523 1769 3594; x_wconf 84' lang='lat' dir='ltr'><strong>significat</strong></span> <span class='ocrx_word' id='word_1_517' title='bbox 1814 3537 1913 3592; x_wconf 88' lang='lat' dir='ltr'><strong>per</strong></span> <span class='ocrx_word' id='word_1_518' title='bbox 2007 3531 2232 3592; x_wconf 84' lang='lat' dir='ltr'><strong>ceptum</strong></span> <span class='ocrx_word' id='word_1_519' title='bbox 2257 3529 2421 3579; x_wconf 90' lang='lat' dir='ltr'><strong>estut</strong></span> <span class='ocrx_word' id='word_1_520' title='bbox 2442 3523 2508 3577; x_wconf 92' lang='lat' dir='ltr'><strong>de</strong></span> <span class='ocrx_word' id='word_1_521' title='bbox 2544 3536 2672 3596; x_wconf 74' lang='lat' dir='ltr'><strong>arca</strong></span> <span class='ocrx_word' id='word_1_522' title='bbox 2695 3523 3109 3593; x_wconf 87' lang='lat' dir='ltr'><strong>egrederentur,</strong></span> <span class='ocrx_word' id='word_1_523' title='bbox 3135 3534 3192 3577; x_wconf 89' lang='lat' dir='ltr'><strong>et</strong></span> <span class='ocrx_word' id='word_1_524' title='bbox 3212 3532 3428 3594; x_wconf 89' lang='lat' dir='ltr'><strong>pactum</strong></span> <span class='ocrx_word' id='word_1_525' title='bbox 3454 3527 3598 3580; x_wconf 85' lang='lat' dir='ltr'><strong>acci-</strong></span> 
     </span>
    </p>
   </div>
   <div class='ocr_carea' id='block_1_66' title="bbox 334 3611 3600 3687">
    <p class='ocr_par' dir='ltr' id='par_1_66' title="bbox 334 3611 3600 3687">
     <span class='ocr_line' id='line_1_66' title="bbox 334 3611 3600 3687; baseline 0 -15"><span class='ocrx_word' id='word_1_526' title='bbox 334 3633 534 3674; x_wconf 92' lang='lat' dir='ltr'><strong>novum</strong></span> <span class='ocrx_word' id='word_1_527' title='bbox 557 3617 964 3674; x_wconf 85' lang='lat' dir='ltr'><strong>Testamentum</strong></span> <span class='ocrx_word' id='word_1_528' title='bbox 989 3617 1233 3687; x_wconf 90' lang='lat' dir='ltr'><strong>requiem</strong></span> <span class='ocrx_word' id='word_1_529' title='bbox 1262 3616 1468 3672; x_wconf 87' lang='lat' dir='ltr'><strong>sanctis</strong></span> <span class='ocrx_word' id='word_1_530' title='bbox 1498 3615 1553 3670; x_wconf 93' lang='lat' dir='ltr'><strong>in</strong></span> <span class='ocrx_word' id='word_1_531' title='bbox 1586 3616 1689 3670; x_wconf 89' lang='lat' dir='ltr'><strong>hoc</strong></span> <span class='ocrx_word' id='word_1_532' title='bbox 1709 3611 1912 3669; x_wconf 91' lang='lat' dir='ltr'><strong>mundo</strong></span> <span class='ocrx_word' id='word_1_533' title='bbox 2012 3624 2225 3683; x_wconf 84' lang='lat' dir='ltr'><strong>pereat,</strong></span> <span class='ocrx_word' id='word_1_534' title='bbox 2257 3627 2327 3668; x_wconf 91' lang='lat' dir='ltr'><strong>ne</strong></span> <span class='ocrx_word' id='word_1_535' title='bbox 2355 3612 2494 3666; x_wconf 90' lang='lat' dir='ltr'><strong>ultra</strong></span> <span class='ocrx_word' id='word_1_536' title='bbox 2520 3613 2676 3682; x_wconf 90' lang='lat' dir='ltr'><strong>aquis</strong></span> <span class='ocrx_word' id='word_1_537' title='bbox 2711 3612 2898 3667; x_wconf 85' lang='lat' dir='ltr'><strong>diluvii</strong></span> <span class='ocrx_word' id='word_1_538' title='bbox 2925 3613 3184 3683; x_wconf 87' lang='lat' dir='ltr'><strong>perirent.</strong></span> <span class='ocrx_word' id='word_1_539' title='bbox 3216 3615 3274 3669; x_wconf 91' lang='lat' dir='ltr'><strong>ln</strong></span> <span class='ocrx_word' id='word_1_540' title='bbox 3303 3630 3410 3684; x_wconf 91' lang='lat' dir='ltr'><strong>quo</strong></span> <span class='ocrx_word' id='word_1_541' title='bbox 3441 3617 3600 3672; x_wconf 88' lang='lat' dir='ltr'><strong>intel-</strong></span> 
     </span>
    </p>
   </div>
   <div class='ocr_carea' id='block_1_67' title="bbox 333 3695 3600 3780">
    <p class='ocr_par' dir='ltr' id='par_1_67' title="bbox 333 3695 3600 3780">
     <span class='ocr_line' id='line_1_67' title="bbox 333 3695 3600 3780; baseline -0.001 -13"><span class='ocrx_word' id='word_1_542' title='bbox 333 3725 443 3767; x_wconf 86' lang='lat' dir='ltr'><strong>non</strong></span> <span class='ocrx_word' id='word_1_543' title='bbox 483 3725 603 3765; x_wconf 90' lang='lat' dir='ltr'><strong>esse</strong></span> <span class='ocrx_word' id='word_1_544' title='bbox 643 3710 966 3780; x_wconf 84' lang='lat' dir='ltr'><strong>promissam</strong></span> <span class='ocrx_word' id='word_1_545' title='bbox 1010 3727 1022 3762; x_wconf 88' lang='lat'><strong>:</strong></span> <span class='ocrx_word' id='word_1_546' title='bbox 1065 3715 1186 3778; x_wconf 90' lang='lat' dir='ltr'><strong>post</strong></span> <span class='ocrx_word' id='word_1_547' title='bbox 1223 3706 1582 3778; x_wconf 85' lang='lat' dir='ltr'><strong>quadraginta</strong></span> <span class='ocrx_word' id='word_1_548' title='bbox 1611 3705 1756 3761; x_wconf 91' lang='lat' dir='ltr'><strong>enim</strong></span> <span class='ocrx_word' id='word_1_549' title='bbox 1798 3704 1915 3758; x_wconf 90' lang='lat' dir='ltr'><strong>dies</strong></span> <span class='ocrx_word' id='word_1_550' title='bbox 2015 3695 2107 3775; x_wconf 63' lang='lat' dir='ltr'><strong>ligﬂ</strong></span> <span class='ocrx_word' id='word_1_551' title='bbox 2145 3712 2323 3773; x_wconf 89' lang='lat' dir='ltr'><strong>potest</strong></span> <span class='ocrx_word' id='word_1_552' title='bbox 2357 3705 2485 3774; x_wconf 88' lang='lat' dir='ltr'><strong>quia</strong></span> <span class='ocrx_word' id='word_1_553' title='bbox 2527 3719 2629 3774; x_wconf 89' lang='lat' dir='ltr'><strong>per</strong></span> <span class='ocrx_word' id='word_1_554' title='bbox 2656 3704 2842 3760; x_wconf 90' lang='lat' dir='ltr'><strong>decem</strong></span> <span class='ocrx_word' id='word_1_555' title='bbox 2875 3715 2934 3761; x_wconf 87' lang='lat' dir='ltr'><strong>et</strong></span> <span class='ocrx_word' id='word_1_556' title='bbox 2973 3714 3181 3776; x_wconf 88' lang='lat' dir='ltr'><strong>septem</strong></span> <span class='ocrx_word' id='word_1_557' title='bbox 3212 3707 3376 3779; x_wconf 83' lang='lat' dir='ltr'><strong>(sicut</strong></span> <span class='ocrx_word' id='word_1_558' title='bbox 3415 3710 3600 3780; x_wconf 88' lang='lat' dir='ltr'><strong>supra)</strong></span> 
     </span>
    </p>
   </div>
   <div class='ocr_carea' id='block_1_68' title="bbox 331 3794 3604 3871">
    <p class='ocr_par' dir='ltr' id='par_1_68' title="bbox 331 3794 3604 3871">
     <span class='ocr_line' id='line_1_68' title="bbox 331 3794 3604 3871; baseline -0 -12"><span class='ocrx_word' id='word_1_559' title='bbox 331 3802 534 3859; x_wconf 79' lang='lat' dir='ltr'><strong>emissa</strong></span> <span class='ocrx_word' id='word_1_560' title='bbox 565 3810 672 3867; x_wconf 89' lang='lat' dir='ltr'><strong>est,</strong></span> <span class='ocrx_word' id='word_1_561' title='bbox 700 3815 809 3871; x_wconf 88' lang='lat' dir='ltr'><strong>quo</strong></span> <span class='ocrx_word' id='word_1_562' title='bbox 855 3815 1082 3856; x_wconf 89' lang='lat' dir='ltr'><strong>numero</strong></span> <span class='ocrx_word' id='word_1_563' title='bbox 1114 3801 1226 3855; x_wconf 88' lang='lat' dir='ltr'><strong>vita</strong></span> <span class='ocrx_word' id='word_1_564' title='bbox 1259 3814 1380 3870; x_wconf 79' lang='lat' dir='ltr'><strong>quae</strong></span> <span class='ocrx_word' id='word_1_565' title='bbox 1412 3798 1468 3854; x_wconf 89' lang='lat' dir='ltr'><strong>in</strong></span> <span class='ocrx_word' id='word_1_566' title='bbox 1512 3798 1713 3854; x_wconf 89' lang='lat' dir='ltr'><strong>mundo</strong></span> <span class='ocrx_word' id='word_1_567' title='bbox 1740 3798 1918 3868; x_wconf 83' lang='lat' dir='ltr'><strong>agitur</strong></span> <span class='ocrx_word' id='word_1_568' title='bbox 2011 3802 2192 3852; x_wconf 80' lang='lat' dir='ltr'><strong>status</strong></span> <span class='ocrx_word' id='word_1_569' title='bbox 2231 3794 2605 3850; x_wconf 86' lang='lat' dir='ltr'><strong>inchoantium</strong></span> <span class='ocrx_word' id='word_1_570' title='bbox 2639 3795 2934 3868; x_wconf 84' lang='lat' dir='ltr'><strong>signiﬁcari</strong></span> <span class='ocrx_word' id='word_1_571' title='bbox 2970 3804 3168 3868; x_wconf 90' lang='lat' dir='ltr'><strong>potest,</strong></span> <span class='ocrx_word' id='word_1_572' title='bbox 3208 3799 3425 3869; x_wconf 89' lang='lat' dir='ltr'><strong>quando</strong></span> <span class='ocrx_word' id='word_1_573' title='bbox 3457 3801 3604 3858; x_wconf 87' lang='lat' dir='ltr'><strong>vitiis</strong></span> 
     </span>
    </p>
   </div>
   <div class='ocr_carea' id='block_1_69' title="bbox 333 3893 672 3963">
    <p class='ocr_par' dir='ltr' id='par_1_69' title="bbox 333 3893 672 3963">
     <span class='ocr_line' id='line_1_69' title="bbox 333 3893 672 3963; baseline -0.006 -15"><span class='ocrx_word' id='word_1_574' title='bbox 333 3893 672 3963; x_wconf 86' lang='lat' dir='ltr'><strong>designatur.</strong></span> 
     </span>
    </p>
   </div>
   <div class='ocr_carea' id='block_1_70' title="bbox 409 3977 1918 4054">
    <p class='ocr_par' dir='ltr' id='par_1_70' title="bbox 409 3977 1918 4054">
     <span class='ocr_line' id='line_1_70' title="bbox 409 3977 1918 4054; baseline -0.001 -16"><span class='ocrx_word' id='word_1_575' title='bbox 409 3981 661 4054; x_wconf 62' lang='lat' dir='ltr'><strong>(Suum)</strong></span> <span class='ocrx_word' id='word_1_576' title='bbox 690 3983 832 4038; x_wconf 82' lang='lat' dir='ltr'><strong>Area</strong></span> <span class='ocrx_word' id='word_1_577' title='bbox 865 3983 1106 4039; x_wconf 86' lang='lat' dir='ltr'><strong>continet</strong></span> <span class='ocrx_word' id='word_1_578' title='bbox 1141 3993 1364 4038; x_wconf 90' lang='lat' dir='ltr'><strong>corvum</strong></span> <span class='ocrx_word' id='word_1_579' title='bbox 1394 3991 1452 4037; x_wconf 91' lang='lat' dir='ltr'><strong>et</strong></span> <span class='ocrx_word' id='word_1_580' title='bbox 1497 3977 1827 4046; x_wconf 86' lang='lat' dir='ltr'><strong>columbam,</strong></span> <span class='ocrx_word' id='word_1_581' title='bbox 1861 3988 1918 4036; x_wconf 89' lang='lat' dir='ltr'><strong>et</strong></span> 
     </span>
    </p>
   </div>
   <div class='ocr_carea' id='block_1_71' title="bbox 333 4073 1921 4132">
    <p class='ocr_par' dir='ltr' id='par_1_71' title="bbox 333 4073 1921 4132">
     <span class='ocr_line' id='line_1_71' title="bbox 333 4073 1921 4132; baseline -0.004 0"><span class='ocrx_word' id='word_1_582' title='bbox 333 4073 582 4132; x_wconf 80' lang='lat' dir='ltr'><strong>Ecclesia</strong></span> <span class='ocrx_word' id='word_1_583' title='bbox 611 4075 781 4130; x_wconf 88' lang='lat' dir='ltr'><strong>bonos</strong></span> <span class='ocrx_word' id='word_1_584' title='bbox 811 4083 864 4131; x_wconf 93' lang='lat' dir='ltr'><strong>et</strong></span> <span class='ocrx_word' id='word_1_585' title='bbox 891 4074 1082 4130; x_wconf 88' lang='lat' dir='ltr'><strong>malos.</strong></span> <span class='ocrx_word' id='word_1_586' title='bbox 1115 4073 1322 4130; x_wconf 88' lang='lat' dir='ltr'><strong>Corvus</strong></span> <span class='ocrx_word' id='word_1_587' title='bbox 1343 4073 1576 4129; x_wconf 86' lang='lat' dir='ltr'><strong>emissus</strong></span> <span class='ocrx_word' id='word_1_588' title='bbox 1597 4087 1706 4127; x_wconf 91' lang='lat' dir='ltr'><strong>non</strong></span> <span class='ocrx_word' id='word_1_589' title='bbox 1735 4086 1921 4128; x_wconf 88' lang='lat' dir='ltr'><strong>rever-</strong></span> 
     </span>
    </p>
   </div>
   <div class='ocr_carea' id='block_1_72' title="bbox 335 4163 1921 4235">
    <p class='ocr_par' dir='ltr' id='par_1_72' title="bbox 335 4163 1921 4235">
     <span class='ocr_line' id='line_1_72' title="bbox 335 4163 1921 4235; baseline -0.004 -13"><span class='ocrx_word' id='word_1_590' title='bbox 335 4165 490 4231; x_wconf 88' lang='lat' dir='ltr'><strong>titur,</strong></span> <span class='ocrx_word' id='word_1_591' title='bbox 517 4167 642 4235; x_wconf 87' lang='lat' dir='ltr'><strong>quia</strong></span> <span class='ocrx_word' id='word_1_592' title='bbox 677 4165 887 4235; x_wconf 82' lang='lat' dir='ltr'><strong>reprobi</strong></span> <span class='ocrx_word' id='word_1_593' title='bbox 935 4165 1202 4221; x_wconf 88' lang='lat' dir='ltr'><strong>illecebris</strong></span> <span class='ocrx_word' id='word_1_594' title='bbox 1227 4163 1409 4220; x_wconf 66' lang='lat' dir='ltr'><strong>szeculi</strong></span> <span class='ocrx_word' id='word_1_595' title='bbox 1433 4163 1758 4218; x_wconf 70' lang='lat' dir='ltr'><strong>inhaerentes</strong></span> <span class='ocrx_word' id='word_1_596' title='bbox 1795 4176 1921 4232; x_wconf 89' lang='lat' dir='ltr'><strong>per-</strong></span> 
     </span>
    </p>
   </div>
   <div class='ocr_carea' id='block_1_73' title="bbox 334 4254 1922 4327">
    <p class='ocr_par' dir='ltr' id='par_1_73' title="bbox 334 4254 1922 4327">
     <span class='ocr_line' id='line_1_73' title="bbox 334 4254 1922 4327; baseline -0.004 -13"><span class='ocrx_word' id='word_1_597' title='bbox 334 4266 489 4314; x_wconf 85' lang='lat' dir='ltr'><strong>eunt.</strong></span> <span class='ocrx_word' id='word_1_598' title='bbox 526 4256 788 4312; x_wconf 88' lang='lat' dir='ltr'><strong>Columba</strong></span> <span class='ocrx_word' id='word_1_599' title='bbox 834 4257 1014 4321; x_wconf 88' lang='lat' dir='ltr'><strong>rediit,</strong></span> <span class='ocrx_word' id='word_1_600' title='bbox 1048 4265 1271 4327; x_wconf 84' lang='lat' dir='ltr'><strong>portans</strong></span> <span class='ocrx_word' id='word_1_601' title='bbox 1305 4270 1516 4310; x_wconf 90' lang='lat' dir='ltr'><strong>ramum</strong></span> <span class='ocrx_word' id='word_1_602' title='bbox 1557 4255 1712 4310; x_wconf 67' lang='lat' dir='ltr'><strong>olivae</strong></span> <span class='ocrx_word' id='word_1_603' title='bbox 1744 4254 1922 4308; x_wconf 76' lang='lat' dir='ltr'><strong>viren-</strong></span> 
     </span>
    </p>
   </div>
   <div class='ocr_carea' id='block_1_74' title="bbox 336 4347 1923 4418">
    <p class='ocr_par' dir='ltr' id='par_1_74' title="bbox 336 4347 1923 4418">
     <span class='ocr_line' id='line_1_74' title="bbox 336 4347 1923 4418; baseline -0.001 -17"><span class='ocrx_word' id='word_1_604' title='bbox 336 4348 484 4402; x_wconf 91' lang='lat' dir='ltr'><strong>tibus</strong></span> <span class='ocrx_word' id='word_1_605' title='bbox 512 4347 657 4403; x_wconf 88' lang='lat' dir='ltr'><strong>foliis</strong></span> <span class='ocrx_word' id='word_1_606' title='bbox 688 4348 744 4402; x_wconf 92' lang='lat' dir='ltr'><strong>in</strong></span> <span class='ocrx_word' id='word_1_607' title='bbox 772 4364 868 4402; x_wconf 90' lang='lat' dir='ltr'><strong>ore</strong></span> <span class='ocrx_word' id='word_1_608' title='bbox 907 4364 1024 4413; x_wconf 93' lang='lat' dir='ltr'><strong>suo,</strong></span> <span class='ocrx_word' id='word_1_609' title='bbox 1049 4349 1175 4418; x_wconf 89' lang='lat' dir='ltr'><strong>quia</strong></span> <span class='ocrx_word' id='word_1_610' title='bbox 1196 4349 1392 4413; x_wconf 85' lang='lat' dir='ltr'><strong>sancti,</strong></span> <span class='ocrx_word' id='word_1_611' title='bbox 1421 4347 1766 4418; x_wconf 90' lang='lat' dir='ltr'><strong>simplicitate</strong></span> <span class='ocrx_word' id='word_1_612' title='bbox 1790 4360 1923 4415; x_wconf 81' lang='lat' dir='ltr'><strong>gau-</strong></span> 
     </span>
    </p>
   </div>
   <div class='ocr_carea' id='block_1_75' title="bbox 337 4436 1918 4510">
    <p class='ocr_par' dir='ltr' id='par_1_75' title="bbox 337 4436 1918 4510">
     <span class='ocr_line' id='line_1_75' title="bbox 337 4436 1918 4510; baseline -0.003 -16"><span class='ocrx_word' id='word_1_613' title='bbox 337 4438 552 4506; x_wconf 84' lang='lat' dir='ltr'><strong>dentes,</strong></span> <span class='ocrx_word' id='word_1_614' title='bbox 608 4454 803 4494; x_wconf 89' lang='lat' dir='ltr'><strong>munus</strong></span> <span class='ocrx_word' id='word_1_615' title='bbox 855 4439 1006 4510; x_wconf 87' lang='lat' dir='ltr'><strong>pacis</strong></span> <span class='ocrx_word' id='word_1_616' title='bbox 1053 4440 1108 4493; x_wconf 91' lang='lat' dir='ltr'><strong>in</strong></span> <span class='ocrx_word' id='word_1_617' title='bbox 1152 4454 1250 4493; x_wconf 90' lang='lat' dir='ltr'><strong>ore</strong></span> <span class='ocrx_word' id='word_1_618' title='bbox 1304 4447 1561 4509; x_wconf 86' lang='lat' dir='ltr'><strong>portant,</strong></span> <span class='ocrx_word' id='word_1_619' title='bbox 1611 4436 1856 4493; x_wconf 88' lang='lat' dir='ltr'><strong>dicentes</strong></span> <span class='ocrx_word' id='word_1_620' title='bbox 1906 4454 1918 4488; x_wconf 89' lang='lat'><strong>:</strong></span> 
     </span>
    </p>
   </div>
   <div class='ocr_carea' id='block_1_76' title="bbox 2005 3886 3597 3962">
    <p class='ocr_par' dir='ltr' id='par_1_76' title="bbox 2005 3886 3597 3962">
     <span class='ocr_line' id='line_1_76' title="bbox 2005 3886 3597 3962; baseline 0.003 -20"><span class='ocrx_word' id='word_1_621' title='bbox 2005 3886 2466 3953; x_wconf 83' lang='lat' dir='ltr'><strong>.abrenuntiatur;</strong></span> <span class='ocrx_word' id='word_1_622' title='bbox 2498 3901 2596 3956; x_wconf 90' lang='lat' dir='ltr'><strong>per</strong></span> <span class='ocrx_word' id='word_1_623' title='bbox 2633 3887 2826 3958; x_wconf 87' lang='lat' dir='ltr'><strong>viginti</strong></span> <span class='ocrx_word' id='word_1_624' title='bbox 2866 3897 3072 3958; x_wconf 88' lang='lat' dir='ltr'><strong>septem</strong></span> <span class='ocrx_word' id='word_1_625' title='bbox 3108 3891 3379 3960; x_wconf 90' lang='lat' dir='ltr'><strong>promotio</strong></span> <span class='ocrx_word' id='word_1_626' title='bbox 3419 3891 3597 3962; x_wconf 83' lang='lat' dir='ltr'><strong>perfe-</strong></span> 
     </span>
    </p>
   </div>
   <div class='ocr_carea' id='block_1_77' title="bbox 2003 3977 3595 4040">
    <p class='ocr_par' dir='ltr' id='par_1_77' title="bbox 2003 3977 3595 4040">
     <span class='ocr_line' id='line_1_77' title="bbox 2003 3977 3595 4040; baseline 0.005 -9"><span class='ocrx_word' id='word_1_627' title='bbox 2003 3985 2231 4032; x_wconf 45' lang='lat' dir='ltr'><strong>Ictorum</strong></span> <span class='ocrx_word' id='word_1_628' title='bbox 2257 3977 2312 4032; x_wconf 90' lang='lat' dir='ltr'><strong>in</strong></span> <span class='ocrx_word' id='word_1_629' title='bbox 2338 3977 2812 4034; x_wconf 89' lang='lat' dir='ltr'><strong>consummatione</strong></span> <span class='ocrx_word' id='word_1_630' title='bbox 2838 3978 3124 4035; x_wconf 88' lang='lat' dir='ltr'><strong>virtutum.</strong></span> <span class='ocrx_word' id='word_1_631' title='bbox 3154 3979 3211 4040; x_wconf 88' lang='lat' dir='ltr'><strong>Si</strong></span> <span class='ocrx_word' id='word_1_632' title='bbox 3235 3983 3381 4037; x_wconf 90' lang='lat' dir='ltr'><strong>enim</strong></span> <span class='ocrx_word' id='word_1_633' title='bbox 3409 3985 3595 4039; x_wconf 90' lang='lat' dir='ltr'><strong>decem</strong></span> 
     </span>
    </p>
   </div>
   <div class='ocr_carea' id='block_1_78' title="bbox 2011 4069 3599 4144">
    <p class='ocr_par' dir='ltr' id='par_1_78' title="bbox 2011 4069 3599 4144">
     <span class='ocr_line' id='line_1_78' title="bbox 2011 4069 3599 4144; baseline 0.002 -17"><span class='ocrx_word' id='word_1_634' title='bbox 2011 4079 2076 4128; x_wconf 82' lang='lat' dir='ltr'><strong>et</strong></span> <span class='ocrx_word' id='word_1_635' title='bbox 2093 4079 2298 4140; x_wconf 88' lang='lat' dir='ltr'><strong>septem</strong></span> <span class='ocrx_word' id='word_1_636' title='bbox 2321 4069 2509 4126; x_wconf 89' lang='lat' dir='ltr'><strong>decem</strong></span> <span class='ocrx_word' id='word_1_637' title='bbox 2527 4070 2718 4136; x_wconf 87' lang='lat' dir='ltr'><strong>addas,</strong></span> <span class='ocrx_word' id='word_1_638' title='bbox 2743 4069 2879 4126; x_wconf 79' lang='lat' dir='ltr'><strong>ﬁunt</strong></span> <span class='ocrx_word' id='word_1_639' title='bbox 2903 4071 3090 4142; x_wconf 88' lang='lat' dir='ltr'><strong>viginti</strong></span> <span class='ocrx_word' id='word_1_640' title='bbox 3112 4080 3338 4144; x_wconf 88' lang='lat' dir='ltr'><strong>septem.</strong></span> <span class='ocrx_word' id='word_1_641' title='bbox 3369 4074 3426 4130; x_wconf 92' lang='lat' dir='ltr'><strong>Si</strong></span> <span class='ocrx_word' id='word_1_642' title='bbox 3455 4077 3599 4130; x_wconf 89' lang='lat' dir='ltr'><strong>enim</strong></span> 
     </span>
    </p>
   </div>
   <div class='ocr_carea' id='block_1_79' title="bbox 2019 4161 3604 4234">
    <p class='ocr_par' dir='ltr' id='par_1_79' title="bbox 2019 4161 3604 4234">
     <span class='ocr_line' id='line_1_79' title="bbox 2019 4161 3604 4234; baseline 0.002 -16"><span class='ocrx_word' id='word_1_643' title='bbox 2019 4162 2211 4218; x_wconf 88' lang='lat' dir='ltr'><strong>decem</strong></span> <span class='ocrx_word' id='word_1_644' title='bbox 2239 4161 2526 4233; x_wconf 68' lang='lat' dir='ltr'><strong>praeceptis</strong></span> <span class='ocrx_word' id='word_1_645' title='bbox 2546 4163 2744 4232; x_wconf 85' lang='lat' dir='ltr'><strong>quibus</strong></span> <span class='ocrx_word' id='word_1_646' title='bbox 2779 4162 3019 4234; x_wconf 90' lang='lat' dir='ltr'><strong>peccatis</strong></span> <span class='ocrx_word' id='word_1_647' title='bbox 3049 4165 3410 4232; x_wconf 84' lang='lat' dir='ltr'><strong>renuntiatur,</strong></span> <span class='ocrx_word' id='word_1_648' title='bbox 3441 4181 3604 4221; x_wconf 90' lang='lat' dir='ltr'><strong>evan-</strong></span> 
     </span>
    </p>
   </div>
   <div class='ocr_carea' id='block_1_80' title="bbox 2015 4253 3601 4334">
    <p class='ocr_par' dir='ltr' id='par_1_80' title="bbox 2015 4253 3601 4334">
     <span class='ocr_line' id='line_1_80' title="bbox 2015 4253 3601 4334; baseline 0.003 -26"><span class='ocrx_word' id='word_1_649' title='bbox 2015 4254 2255 4326; x_wconf 88' lang='lat' dir='ltr'><strong>.gelicam</strong></span> <span class='ocrx_word' id='word_1_650' title='bbox 2298 4253 2690 4324; x_wconf 84' lang='lat' dir='ltr'><strong>perfectionem</strong></span> <span class='ocrx_word' id='word_1_651' title='bbox 2733 4255 2962 4325; x_wconf 89' lang='lat' dir='ltr'><strong>adjicias</strong></span> <span class='ocrx_word' id='word_1_652' title='bbox 2998 4271 3102 4325; x_wconf 90' lang='lat' dir='ltr'><strong>qua</strong></span> <span class='ocrx_word' id='word_1_653' title='bbox 3141 4256 3453 4334; x_wconf 64' lang='lat' dir='ltr'><strong>praecipitur</strong></span> <span class='ocrx_word' id='word_1_654' title='bbox 3494 4274 3601 4312; x_wconf 92' lang='lat' dir='ltr'><strong>non</strong></span> 
     </span>
    </p>
   </div>
   <div class='ocr_carea' id='block_1_81' title="bbox 2022 4345 3596 4418">
    <p class='ocr_par' dir='ltr' id='par_1_81' title="bbox 2022 4345 3596 4418">
     <span class='ocr_line' id='line_1_81' title="bbox 2022 4345 3596 4418; baseline 0.001 -17"><span class='ocrx_word' id='word_1_655' title='bbox 2022 4346 2197 4401; x_wconf 91' lang='lat' dir='ltr'><strong>solum</strong></span> <span class='ocrx_word' id='word_1_656' title='bbox 2227 4361 2337 4401; x_wconf 90' lang='lat' dir='ltr'><strong>non</strong></span> <span class='ocrx_word' id='word_1_657' title='bbox 2361 4345 2542 4410; x_wconf 85' lang='lat' dir='ltr'><strong>irasci,</strong></span> <span class='ocrx_word' id='word_1_658' title='bbox 2577 4346 2671 4401; x_wconf 87' lang='lat' dir='ltr'><strong>sed</strong></span> <span class='ocrx_word' id='word_1_659' title='bbox 2692 4347 2858 4400; x_wconf 92' lang='lat' dir='ltr'><strong>etiam</strong></span> <span class='ocrx_word' id='word_1_660' title='bbox 2898 4347 3147 4401; x_wconf 90' lang='lat' dir='ltr'><strong>inimicos</strong></span> <span class='ocrx_word' id='word_1_661' title='bbox 3179 4347 3419 4418; x_wconf 89' lang='lat' dir='ltr'><strong>diligere,</strong></span> <span class='ocrx_word' id='word_1_662' title='bbox 3451 4358 3505 4404; x_wconf 91' lang='lat' dir='ltr'><strong>et</strong></span> <span class='ocrx_word' id='word_1_663' title='bbox 3527 4352 3596 4404; x_wconf 85' lang='lat' dir='ltr'><strong>si-</strong></span> 
     </span>
    </p>
   </div>
   <div class='ocr_carea' id='block_1_82' title="bbox 2007 4438 3603 4511">
    <p class='ocr_par' dir='ltr' id='par_1_82' title="bbox 2007 4438 3603 4511">
     <span class='ocr_line' id='line_1_82' title="bbox 2007 4438 3603 4511; baseline 0.001 -16"><span class='ocrx_word' id='word_1_664' title='bbox 2007 4439 2172 4500; x_wconf 81' lang='lat' dir='ltr'><strong>milia</strong></span> <span class='ocrx_word' id='word_1_665' title='bbox 2195 4480 2209 4505; x_wconf 95' lang='lat'><strong>,</strong></span> <span class='ocrx_word' id='word_1_666' title='bbox 2270 4439 2340 4495; x_wconf 90' lang='lat' dir='ltr'><strong>ad</strong></span> <span class='ocrx_word' id='word_1_667' title='bbox 2382 4438 2532 4498; x_wconf 86' lang='lat' dir='ltr'><strong>illam</strong></span> <span class='ocrx_word' id='word_1_668' title='bbox 2559 4446 2774 4496; x_wconf 65' lang='lat' dir='ltr'><strong>aetatem</strong></span> <span class='ocrx_word' id='word_1_669' title='bbox 2818 4438 3166 4508; x_wconf 86' lang='lat' dir='ltr'><strong>perfectionis</strong></span> <span class='ocrx_word' id='word_1_670' title='bbox 3203 4442 3518 4511; x_wconf 88' lang='lat' dir='ltr'><strong>pervenisti,</strong></span> <span class='ocrx_word' id='word_1_671' title='bbox 3551 4444 3603 4498; x_wconf 93' lang='lat' dir='ltr'><strong>in</strong></span> 
     </span>
    </p>
   </div>
   <div class='ocr_carea' id='block_1_83' title="bbox 333 4528 3603 4640">
    <p class='ocr_par' dir='ltr' id='par_1_83' title="bbox 333 4528 3603 4640">
     <span class='ocr_line' id='line_1_83' title="bbox 333 4528 3603 4640; baseline 0.002 -59"><span class='ocrx_word' id='word_1_672' title='bbox 333 4528 515 4603; x_wconf 71' lang='lat' dir='ltr'><strong>(Paul.</strong></span> <span class='ocrx_word' id='word_1_673' title='bbox 537 4530 653 4602; x_wconf 74' lang='lat' dir='ltr'><strong>xxx)</strong></span> <span class='ocrx_word' id='word_1_674' title='bbox 686 4548 705 4581; x_wconf 78' lang='grc' dir='ltr'><strong>ι</strong></span> <span class='ocrx_word' id='word_1_675' title='bbox 753 4528 886 4609; x_wconf 86' lang='lat' dir='ltr'><strong>Cum</strong></span> <span class='ocrx_word' id='word_1_676' title='bbox 922 4529 1009 4585; x_wconf 91' lang='lat' dir='ltr'><strong>his</strong></span> <span class='ocrx_word' id='word_1_677' title='bbox 1049 4529 1140 4600; x_wconf 89' lang='lat' dir='ltr'><strong>qui</strong></span> <span class='ocrx_word' id='word_1_678' title='bbox 1166 4529 1399 4584; x_wconf 86' lang='lat' dir='ltr'><strong>oderunt</strong></span> <span class='ocrx_word' id='word_1_679' title='bbox 1420 4542 1611 4600; x_wconf 87' lang='lat' dir='ltr'><strong>pacem</strong></span> <span class='ocrx_word' id='word_1_680' title='bbox 1639 4542 1790 4582; x_wconf 88' lang='lat' dir='ltr'><strong>eram</strong></span> <span class='ocrx_word' id='word_1_681' title='bbox 1821 4541 1921 4596; x_wconf 84' lang='lat' dir='ltr'><strong>pa-</strong></span> <span class='ocrx_word' id='word_1_682' title='bbox 1949 4579 2002 4640; x_wconf 63' lang='grc' dir='ltr'><strong>Β</strong></span> <span class='ocrx_word' id='word_1_683' title='bbox 2025 4546 2133 4602; x_wconf 90' lang='lat' dir='ltr'><strong>qua</strong></span> <span class='ocrx_word' id='word_1_684' title='bbox 2182 4545 2285 4586; x_wconf 91' lang='lat' dir='ltr'><strong>nec</strong></span> <span class='ocrx_word' id='word_1_685' title='bbox 2315 4530 2671 4588; x_wconf 86' lang='lat' dir='ltr'><strong>sacramentis</strong></span> <span class='ocrx_word' id='word_1_686' title='bbox 2705 4530 2977 4599; x_wconf 72' lang='lat' dir='ltr'><strong>praedictis</strong></span> <span class='ocrx_word' id='word_1_687' title='bbox 3014 4545 3210 4603; x_wconf 83' lang='lat' dir='ltr'><strong>egeas;</strong></span> <span class='ocrx_word' id='word_1_688' title='bbox 3265 4541 3321 4587; x_wconf 92' lang='lat' dir='ltr'><strong>et</strong></span> <span class='ocrx_word' id='word_1_689' title='bbox 3363 4534 3429 4588; x_wconf 90' lang='lat' dir='ltr'><strong>de</strong></span> <span class='ocrx_word' id='word_1_690' title='bbox 3477 4549 3603 4589; x_wconf 89' lang='lat' dir='ltr'><strong>arca</strong></span> 
     </span>
     <span class='ocr_line' id='line_1_84' title="bbox 379 4617 3439 4640; baseline 0.002 -3"><span class='ocrx_word' id='word_1_691' title='bbox 379 4624 457 4640; x_wconf 33' lang='grc' dir='ltr'>ηιμ</span> <span class='ocrx_word' id='word_1_692' title='bbox 2033 4620 2213 4640; x_wconf 50' lang='grc' dir='ltr'><strong>ωε---</strong></span> <span class='ocrx_word' id='word_1_693' title='bbox 2284 4617 2333 4640; x_wconf 64' lang='grc' dir='ltr'><strong>μ</strong></span> <span class='ocrx_word' id='word_1_694' title='bbox 2380 4627 2455 4640; x_wconf 83' lang='grc'><strong>--.</strong></span> <span class='ocrx_word' id='word_1_695' title='bbox 2517 4619 2574 4640; x_wconf 55' lang='grc' dir='ltr'><strong>λ-</strong></span> <span class='ocrx_word' id='word_1_696' title='bbox 2618 4633 2707 4640; x_wconf 57' lang='grc' dir='ltr'><strong>,μ</strong></span> <span class='ocrx_word' id='word_1_697' title='bbox 2753 4619 2816 4640; x_wconf 40' lang='lat' dir='ltr'><strong>es</strong></span> <span class='ocrx_word' id='word_1_698' title='bbox 2862 4619 3089 4640; x_wconf 43' lang='grc' dir='ltr'><strong>---μω</strong></span> 
     </span>
    </p>
   </div>
   <div class='ocr_carea' id='block_1_84' title="bbox 338 4621 1370 4693">
    <p class='ocr_par' dir='ltr' id='par_1_84' title="bbox 338 4621 1370 4693">
     <span class='ocr_line' id='line_1_85' title="bbox 338 4621 1370 4693; baseline -0.006 -14"><span class='ocrx_word' id='word_1_699' title='bbox 338 4624 574 4679; x_wconf 81' lang='lat' dir='ltr'><strong>citicns:</strong></span> <span class='ocrx_word' id='word_1_700' title='bbox 609 4638 732 4679; x_wconf 90' lang='lat' dir='ltr'><strong>cum</strong></span> <span class='ocrx_word' id='word_1_701' title='bbox 760 4621 1019 4693; x_wconf 88' lang='lat' dir='ltr'><strong>loquebar</strong></span> <span class='ocrx_word' id='word_1_702' title='bbox 1043 4621 1170 4686; x_wconf 92' lang='lat' dir='ltr'><strong>illis,</strong></span> <span class='ocrx_word' id='word_1_703' title='bbox 1204 4641 1223 4673; x_wconf 75' lang='grc' dir='ltr'><strong>ι</strong></span> <span class='ocrx_word' id='word_1_704' title='bbox 1262 4631 1370 4676; x_wconf 90' lang='lat' dir='ltr'><strong>etc.</strong></span> 
     </span>
    </p>
   </div>
   <div class='ocr_carea' id='block_1_85' title="bbox 414 4715 1927 4787">
    <p class='ocr_par' dir='ltr' id='par_1_85' title="bbox 414 4715 1927 4787">
     <span class='ocr_line' id='line_1_86' title="bbox 414 4715 1927 4787; baseline -0.001 -15"><span class='ocrx_word' id='word_1_705' title='bbox 414 4718 580 4774; x_wconf 84' lang='lat' dir='ltr'><strong>Vens.</strong></span> <span class='ocrx_word' id='word_1_706' title='bbox 610 4718 664 4774; x_wconf 89' lang='lat'><strong>9.</strong></span> <span class='ocrx_word' id='word_1_707' title='bbox 700 4747 770 4759; x_wconf 86' lang='lat'><strong>-—</strong></span> <span class='ocrx_word' id='word_1_708' title='bbox 809 4737 828 4770; x_wconf 74' lang='grc' dir='ltr'><strong>ι</strong></span> <span class='ocrx_word' id='word_1_709' title='bbox 878 4718 1114 4772; x_wconf 82' lang='lat' dir='ltr'><strong>Reversa</strong></span> <span class='ocrx_word' id='word_1_710' title='bbox 1153 4726 1255 4772; x_wconf 90' lang='lat' dir='ltr'><strong>est.</strong></span> <span class='ocrx_word' id='word_1_711' title='bbox 1299 4742 1316 4768; x_wconf 77' lang='grc' dir='ltr'><strong>ι</strong></span> <span class='ocrx_word' id='word_1_712' title='bbox 1351 4715 1534 4787; x_wconf 59' lang='lat' dir='ltr'><strong>(Anc)</strong></span> <span class='ocrx_word' id='word_1_713' title='bbox 1575 4715 1812 4782; x_wconf 66' lang='lat' dir='ltr'><strong>Quaestio</strong></span> <span class='ocrx_word' id='word_1_714' title='bbox 1842 4724 1927 4771; x_wconf 91' lang='lat' dir='ltr'><strong>est</strong></span> 
     </span>
    </p>
   </div>
   <div class='ocr_carea' id='block_1_86' title="bbox 337 4805 1924 4883">
    <p class='ocr_par' dir='ltr' id='par_1_86' title="bbox 337 4805 1924 4883">
     <span class='ocr_line' id='line_1_87' title="bbox 337 4805 1924 4883; baseline -0.003 -17"><span class='ocrx_word' id='word_1_715' title='bbox 337 4811 614 4883; x_wconf 86' lang='lat' dir='ltr'><strong>quomodo</strong></span> <span class='ocrx_word' id='word_1_716' title='bbox 625 4809 875 4867; x_wconf 88' lang='lat' dir='ltr'><strong>columba</strong></span> <span class='ocrx_word' id='word_1_717' title='bbox 889 4825 994 4865; x_wconf 88' lang='lat' dir='ltr'><strong>non</strong></span> <span class='ocrx_word' id='word_1_718' title='bbox 1011 4809 1277 4863; x_wconf 88' lang='lat' dir='ltr'><strong>invenerit</strong></span> <span class='ocrx_word' id='word_1_719' title='bbox 1289 4807 1378 4862; x_wconf 88' lang='lat' dir='ltr'><strong>ubi</strong></span> <span class='ocrx_word' id='word_1_720' title='bbox 1391 4807 1802 4872; x_wconf 90' lang='lat' dir='ltr'><strong>resideret,cum</strong></span> <span class='ocrx_word' id='word_1_721' title='bbox 1810 4805 1924 4876; x_wconf 86' lang='lat' dir='ltr'><strong>jam</strong></span> 
     </span>
    </p>
   </div>
   <div class='ocr_carea' id='block_1_87' title="bbox 335 4898 1929 4965">
    <p class='ocr_par' dir='ltr' id='par_1_87' title="bbox 335 4898 1929 4965">
     <span class='ocr_line' id='line_1_88' title="bbox 335 4898 1929 4965; baseline -0.007 -3"><span class='ocrx_word' id='word_1_722' title='bbox 335 4905 541 4962; x_wconf 83' lang='lat' dir='ltr'><strong>nudata</strong></span> <span class='ocrx_word' id='word_1_723' title='bbox 575 4911 762 4960; x_wconf 85' lang='lat' dir='ltr'><strong>essent</strong></span> <span class='ocrx_word' id='word_1_724' title='bbox 779 4902 1063 4959; x_wconf 90' lang='lat' dir='ltr'><strong>cacumina</strong></span> <span class='ocrx_word' id='word_1_725' title='bbox 1093 4901 1378 4965; x_wconf 88' lang='lat' dir='ltr'><strong>montium,</strong></span> <span class='ocrx_word' id='word_1_726' title='bbox 1416 4898 1712 4955; x_wconf 86' lang='lat' dir='ltr'><strong>secundum</strong></span> <span class='ocrx_word' id='word_1_727' title='bbox 1738 4914 1929 4952; x_wconf 88' lang='lat' dir='ltr'><strong>narra-</strong></span> 
     </span>
    </p>
   </div>
   <div class='ocr_carea' id='block_1_88' title="bbox 340 4990 1931 5064">
    <p class='ocr_par' dir='ltr' id='par_1_88' title="bbox 340 4990 1931 5064">
     <span class='ocr_line' id='line_1_89' title="bbox 340 4990 1931 5064; baseline -0.007 -9"><span class='ocrx_word' id='word_1_728' title='bbox 340 4997 508 5055; x_wconf 82' lang='lat' dir='ltr'><strong>tionis</strong></span> <span class='ocrx_word' id='word_1_729' title='bbox 535 4997 819 5054; x_wconf 86' lang='lat' dir='ltr'><strong>ordinem?</strong></span> <span class='ocrx_word' id='word_1_730' title='bbox 839 4995 991 5063; x_wconf 85' lang='lat' dir='ltr'><strong>Quod</strong></span> <span class='ocrx_word' id='word_1_731' title='bbox 1019 4993 1464 5064; x_wconf 89' lang='lat' dir='ltr'><strong>recapitulatione</strong></span> <span class='ocrx_word' id='word_1_732' title='bbox 1485 4999 1662 5062; x_wconf 89' lang='lat' dir='ltr'><strong>potest</strong></span> <span class='ocrx_word' id='word_1_733' title='bbox 1690 4990 1846 5056; x_wconf 90' lang='lat' dir='ltr'><strong>solvi,</strong></span> <span class='ocrx_word' id='word_1_734' title='bbox 1872 4999 1931 5044; x_wconf 92' lang='lat' dir='ltr'><strong>ut</strong></span> 
     </span>
    </p>
   </div>
   <div class='ocr_carea' id='block_1_89' title="bbox 337 5080 1924 5162">
    <p class='ocr_par' dir='ltr' id='par_1_89' title="bbox 337 5080 1924 5162">
     <span class='ocr_line' id='line_1_90' title="bbox 337 5080 1924 5162; baseline -0.005 -18"><span class='ocrx_word' id='word_1_735' title='bbox 337 5087 614 5162; x_wconf 76' lang='lat' dir='ltr'><strong>posterius</strong></span> <span class='ocrx_word' id='word_1_736' title='bbox 649 5095 868 5162; x_wconf 81' lang='lat' dir='ltr'><strong>narrata</strong></span> <span class='ocrx_word' id='word_1_737' title='bbox 899 5085 1270 5155; x_wconf 87' lang='lat' dir='ltr'><strong>intelligantur</strong></span> <span class='ocrx_word' id='word_1_738' title='bbox 1295 5096 1416 5152; x_wconf 76' lang='lat' dir='ltr'><strong>qua:</strong></span> <span class='ocrx_word' id='word_1_739' title='bbox 1439 5081 1583 5138; x_wconf 83' lang='lat' dir='ltr'><strong>facta</strong></span> <span class='ocrx_word' id='word_1_740' title='bbox 1605 5087 1732 5135; x_wconf 90' lang='lat' dir='ltr'><strong>sunt</strong></span> <span class='ocrx_word' id='word_1_741' title='bbox 1752 5080 1924 5148; x_wconf 86' lang='lat' dir='ltr'><strong>prius,</strong></span> 
     </span>
    </p>
   </div>
   <div class='ocr_carea' id='block_1_90' title="bbox 341 5160 1403 5250">
    <p class='ocr_par' dir='ltr' id='par_1_90' title="bbox 341 5160 1403 5250">
     <span class='ocr_line' id='line_1_91' title="bbox 341 5160 1403 5250; baseline -0.007 -15"><span class='ocrx_word' id='word_1_742' title='bbox 341 5160 440 5236; x_wconf 62' lang='lat' dir='ltr'><strong>aut</strong></span> <span class='ocrx_word' id='word_1_743' title='bbox 460 5179 640 5250; x_wconf 90' lang='lat' dir='ltr'><strong>potius</strong></span> <span class='ocrx_word' id='word_1_744' title='bbox 665 5160 903 5234; x_wconf 81' lang='lat' dir='ltr'><strong>nondum</strong></span> <span class='ocrx_word' id='word_1_745' title='bbox 928 5177 1132 5232; x_wconf 86' lang='lat' dir='ltr'><strong>siccata</strong></span> <span class='ocrx_word' id='word_1_746' title='bbox 1160 5173 1403 5229; x_wconf 90' lang='lat' dir='ltr'><strong>fuerunt.</strong></span> 
     </span>
    </p>
   </div>
   <div class='ocr_carea' id='block_1_91' title="bbox 419 5263 1927 5338">
    <p class='ocr_par' dir='ltr' id='par_1_91' title="bbox 419 5263 1927 5338">
     <span class='ocr_line' id='line_1_92' title="bbox 419 5263 1927 5338; baseline -0.005 -10"><span class='ocrx_word' id='word_1_747' title='bbox 419 5272 583 5328; x_wconf 75' lang='lat' dir='ltr'><strong>Vens.</strong></span> <span class='ocrx_word' id='word_1_748' title='bbox 626 5272 713 5326; x_wconf 76' lang='grc'><strong>10.</strong></span> <span class='ocrx_word' id='word_1_749' title='bbox 755 5301 826 5311; x_wconf 90' lang='grc'><strong>-</strong></span> <span class='ocrx_word' id='word_1_750' title='bbox 858 5289 877 5322; x_wconf 84' lang='grc'><strong>‹</strong></span> <span class='ocrx_word' id='word_1_751' title='bbox 929 5267 1291 5338; x_wconf 81' lang='lat' dir='ltr'><strong>Exspectatis,</strong></span> <span class='ocrx_word' id='word_1_752' title='bbox 1339 5285 1360 5319; x_wconf 72' lang='grc' dir='ltr'><strong>ι</strong></span> <span class='ocrx_word' id='word_1_753' title='bbox 1405 5275 1514 5320; x_wconf 90' lang='lat' dir='ltr'><strong>etc.</strong></span> <span class='ocrx_word' id='word_1_754' title='bbox 1547 5263 1674 5320; x_wconf 89' lang='lat' dir='ltr'><strong>Post</strong></span> <span class='ocrx_word' id='word_1_755' title='bbox 1719 5272 1927 5334; x_wconf 88' lang='lat' dir='ltr'><strong>septem</strong></span> 
     </span>
    </p>
   </div>
   <div class='ocr_carea' id='block_1_92' title="bbox 345 5356 1929 5428">
    <p class='ocr_par' dir='ltr' id='par_1_92' title="bbox 345 5356 1929 5428">
     <span class='ocr_line' id='line_1_93' title="bbox 345 5356 1929 5428; baseline -0.008 -4"><span class='ocrx_word' id='word_1_756' title='bbox 345 5367 466 5424; x_wconf 88' lang='lat' dir='ltr'><strong>dies</strong></span> <span class='ocrx_word' id='word_1_757' title='bbox 509 5365 675 5428; x_wconf 89' lang='lat' dir='ltr'><strong>alios,</strong></span> <span class='ocrx_word' id='word_1_758' title='bbox 729 5363 951 5418; x_wconf 90' lang='lat' dir='ltr'><strong>dimissa</strong></span> <span class='ocrx_word' id='word_1_759' title='bbox 1001 5360 1249 5416; x_wconf 87' lang='lat' dir='ltr'><strong>columba</strong></span> <span class='ocrx_word' id='word_1_760' title='bbox 1296 5365 1520 5428; x_wconf 91' lang='lat' dir='ltr'><strong>propter</strong></span> <span class='ocrx_word' id='word_1_761' title='bbox 1563 5356 1929 5427; x_wconf 86' lang='lat' dir='ltr'><strong>septenariam</strong></span> 
     </span>
    </p>
   </div>
   <div class='ocr_carea' id='block_1_93' title="bbox 341 5448 1931 5529">
    <p class='ocr_par' dir='ltr' id='par_1_93' title="bbox 341 5448 1931 5529">
     <span class='ocr_line' id='line_1_94' title="bbox 341 5448 1931 5529; baseline -0.008 -15"><span class='ocrx_word' id='word_1_762' title='bbox 341 5457 718 5529; x_wconf 80' lang='lat' dir='ltr'><strong>Operationem</strong></span> <span class='ocrx_word' id='word_1_763' title='bbox 767 5452 1129 5524; x_wconf 81' lang='lat' dir='ltr'><strong>spiritualem,</strong></span> <span class='ocrx_word' id='word_1_764' title='bbox 1158 5450 1315 5508; x_wconf 71' lang='lat' dir='ltr'><strong>oliva:</strong></span> <span class='ocrx_word' id='word_1_765' title='bbox 1361 5448 1701 5504; x_wconf 82' lang='lat' dir='ltr'><strong>fructuosum</strong></span> <span class='ocrx_word' id='word_1_766' title='bbox 1739 5461 1931 5504; x_wconf 81' lang='lat' dir='ltr'><strong>surcu-</strong></span> 
     </span>
    </p>
   </div>
   <div class='ocr_carea' id='block_1_94' title="bbox 343 5539 1932 5618">
    <p class='ocr_par' dir='ltr' id='par_1_94' title="bbox 343 5539 1932 5618">
     <span class='ocr_line' id='line_1_95' title="bbox 343 5539 1932 5618; baseline -0.007 -11"><span class='ocrx_word' id='word_1_767' title='bbox 343 5547 460 5607; x_wconf 78' lang='lat' dir='ltr'><strong>lum</strong></span> <span class='ocrx_word' id='word_1_768' title='bbox 485 5547 690 5613; x_wconf 89' lang='lat' dir='ltr'><strong>retulit,</strong></span> <span class='ocrx_word' id='word_1_769' title='bbox 738 5547 962 5618; x_wconf 85' lang='lat' dir='ltr'><strong>signans</strong></span> <span class='ocrx_word' id='word_1_770' title='bbox 999 5543 1198 5600; x_wconf 90' lang='lat' dir='ltr'><strong>multos</strong></span> <span class='ocrx_word' id='word_1_771' title='bbox 1223 5549 1376 5598; x_wconf 78' lang='lat' dir='ltr'><strong>extra</strong></span> <span class='ocrx_word' id='word_1_772' title='bbox 1415 5541 1720 5597; x_wconf 88' lang='lat' dir='ltr'><strong>Ecclesiam</strong></span> <span class='ocrx_word' id='word_1_773' title='bbox 1759 5539 1932 5610; x_wconf 76' lang='lat' dir='ltr'><strong>bapti-</strong></span> 
     </span>
    </p>
   </div>
   <div class='ocr_carea' id='block_1_95' title="bbox 346 5618 1930 5710">
    <p class='ocr_par' dir='ltr' id='par_1_95' title="bbox 346 5618 1930 5710">
     <span class='ocr_line' id='line_1_96' title="bbox 346 5618 1930 5710; baseline -0.006 -12"><span class='ocrx_word' id='word_1_774' title='bbox 346 5651 522 5705; x_wconf 77' lang='lat' dir='ltr'><strong>zatos,</strong></span> <span class='ocrx_word' id='word_1_775' title='bbox 567 5641 613 5696; x_wconf 88' lang='lat' dir='ltr'><strong>si</strong></span> <span class='ocrx_word' id='word_1_776' title='bbox 627 5618 652 5656; x_wconf 56' lang='grc' dir='ltr'><em>λ</em></span> <span class='ocrx_word' id='word_1_777' title='bbox 655 5637 924 5710; x_wconf 86' lang='lat' dir='ltr'><strong>pinguedo</strong></span> <span class='ocrx_word' id='word_1_778' title='bbox 969 5635 1253 5692; x_wconf 87' lang='lat' dir='ltr'><strong>charitatis</strong></span> <span class='ocrx_word' id='word_1_779' title='bbox 1292 5649 1398 5690; x_wconf 91' lang='lat' dir='ltr'><strong>non</strong></span> <span class='ocrx_word' id='word_1_780' title='bbox 1448 5632 1701 5698; x_wconf 88' lang='lat' dir='ltr'><strong>defuerit,</strong></span> <span class='ocrx_word' id='word_1_781' title='bbox 1748 5641 1930 5703; x_wconf 86' lang='lat' dir='ltr'><strong>poste-</strong></span> 
     </span>
    </p>
   </div>
   <div class='ocr_carea' id='block_1_96' title="bbox 2025 4617 3605 4692">
    <p class='ocr_par' dir='ltr' id='par_1_96' title="bbox 2025 4617 3605 4692">
     <span class='ocr_line' id='line_1_97' title="bbox 2025 4617 3605 4692; baseline 0.003 -18"><span class='ocrx_word' id='word_1_782' title='bbox 2025 4620 2234 4685; x_wconf 81' lang='lat' dir='ltr'><strong>exiens,</strong></span> <span class='ocrx_word' id='word_1_783' title='bbox 2282 4617 2336 4674; x_wconf 93' lang='lat' dir='ltr'><strong>id</strong></span> <span class='ocrx_word' id='word_1_784' title='bbox 2373 4627 2480 4687; x_wconf 89' lang='lat' dir='ltr'><strong>est,</strong></span> <span class='ocrx_word' id='word_1_785' title='bbox 2511 4619 2578 4674; x_wconf 90' lang='lat' dir='ltr'><strong>de</strong></span> <span class='ocrx_word' id='word_1_786' title='bbox 2615 4633 2712 4690; x_wconf 84' lang='lat' dir='ltr'><strong>spe</strong></span> <span class='ocrx_word' id='word_1_787' title='bbox 2751 4619 2818 4674; x_wconf 86' lang='lat' dir='ltr'><strong>a‘d</strong></span> <span class='ocrx_word' id='word_1_788' title='bbox 2859 4619 3096 4690; x_wconf 85' lang='lat' dir='ltr'><strong>speciem</strong></span> <span class='ocrx_word' id='word_1_789' title='bbox 3131 4621 3469 4692; x_wconf 87' lang='lat' dir='ltr'><strong>perveniens,</strong></span> <span class='ocrx_word' id='word_1_790' title='bbox 3517 4641 3605 4679; x_wconf 84' lang='lat' dir='ltr'><strong>re-</strong></span> 
     </span>
    </p>
   </div>
   <div class='ocr_carea' id='block_1_97' title="bbox 2028 4701 3331 4781">
    <p class='ocr_par' dir='ltr' id='par_1_97' title="bbox 2028 4701 3331 4781">
     <span class='ocr_line' id='line_1_98' title="bbox 2028 4701 3331 4781; baseline -0.001 -16"><span class='ocrx_word' id='word_1_791' title='bbox 2028 4710 2209 4781; x_wconf 86' lang='lat' dir='ltr'><strong>quiem</strong></span> <span class='ocrx_word' id='word_1_792' title='bbox 2243 4710 2298 4763; x_wconf 92' lang='lat' dir='ltr'><strong>in</strong></span> <span class='ocrx_word' id='word_1_793' title='bbox 2329 4710 2686 4764; x_wconf 88' lang='lat' dir='ltr'><strong>sacramentis</strong></span> <span class='ocrx_word' id='word_1_794' title='bbox 2716 4711 3037 4781; x_wconf 84' lang='lat' dir='ltr'><strong>promissam</strong></span> <span class='ocrx_word' id='word_1_795' title='bbox 3072 4701 3331 4768; x_wconf 82' lang='lat' dir='ltr'><strong>invenies.</strong></span> 
     </span>
    </p>
   </div>
   <div class='ocr_carea' id='block_1_98' title="bbox 2100 4798 3606 4877">
    <p class='ocr_par' dir='ltr' id='par_1_98' title="bbox 2100 4798 3606 4877">
     <span class='ocr_line' id='line_1_99' title="bbox 2100 4798 3606 4877; baseline 0.003 -25"><span class='ocrx_word' id='word_1_796' title='bbox 2100 4798 2262 4854; x_wconf 86' lang='lat' dir='ltr'><strong>Vens.</strong></span> <span class='ocrx_word' id='word_1_797' title='bbox 2299 4798 2483 4854; x_wconf 77' lang='grc'><strong>15-19.</strong></span> <span class='ocrx_word' id='word_1_798' title='bbox 2513 4826 2582 4838; x_wconf 71' lang='grc' dir='ltr'><strong>ο·-</strong></span> <span class='ocrx_word' id='word_1_799' title='bbox 2614 4816 2633 4850; x_wconf 85' lang='grc'><strong>‹</strong></span> <span class='ocrx_word' id='word_1_800' title='bbox 2663 4799 2939 4877; x_wconf 85' lang='lat' dir='ltr'><strong>Egredere</strong></span> <span class='ocrx_word' id='word_1_801' title='bbox 2973 4800 3040 4855; x_wconf 89' lang='lat' dir='ltr'><strong>de</strong></span> <span class='ocrx_word' id='word_1_802' title='bbox 3063 4815 3207 4866; x_wconf 90' lang='lat' dir='ltr'><strong>arca,</strong></span> <span class='ocrx_word' id='word_1_803' title='bbox 3245 4821 3264 4856; x_wconf 74' lang='grc' dir='ltr'><strong>ι</strong></span> <span class='ocrx_word' id='word_1_804' title='bbox 3290 4811 3395 4858; x_wconf 89' lang='grc' dir='ltr'>ειε.</span> <span class='ocrx_word' id='word_1_805' title='bbox 3425 4802 3606 4873; x_wconf 82' lang='grc' dir='ltr'><strong>(Ιεω.)</strong></span> 
     </span>
    </p>
   </div>
   <div class='ocr_carea' id='block_1_99' title="bbox 2028 4891 3610 4966">
    <p class='ocr_par' dir='ltr' id='par_1_99' title="bbox 2028 4891 3610 4966">
     <span class='ocr_line' id='line_1_100' title="bbox 2028 4891 3610 4966; baseline 0.001 -14"><span class='ocrx_word' id='word_1_806' title='bbox 2028 4893 2447 4958; x_wconf 77' lang='lat' dir='ltr'><strong>Juncliexeunt,</strong></span> <span class='ocrx_word' id='word_1_807' title='bbox 2471 4891 2564 4962; x_wconf 87' lang='lat' dir='ltr'><strong>qui</strong></span> <span class='ocrx_word' id='word_1_808' title='bbox 2584 4893 2834 4962; x_wconf 74' lang='lat' dir='ltr'><strong>disiuncti</strong></span> <span class='ocrx_word' id='word_1_809' title='bbox 2860 4894 3216 4963; x_wconf 89' lang='lat' dir='ltr'><strong>intraverunt,</strong></span> <span class='ocrx_word' id='word_1_810' title='bbox 3235 4898 3379 4966; x_wconf 91' lang='lat' dir='ltr'><strong>quia,</strong></span> <span class='ocrx_word' id='word_1_811' title='bbox 3414 4917 3432 4950; x_wconf 74' lang='grc' dir='ltr'><strong>ι</strong></span> <span class='ocrx_word' id='word_1_812' title='bbox 3465 4914 3610 4954; x_wconf 90' lang='lat' dir='ltr'><strong>nunc</strong></span> 
     </span>
    </p>
   </div>
   <div class='ocr_carea' id='block_1_100' title="bbox 2037 4983 3630 5057">
    <p class='ocr_par' dir='ltr' id='par_1_100' title="bbox 2037 4983 3630 5057">
     <span class='ocr_line' id='line_1_101' title="bbox 2037 4983 3630 5057; baseline 0.002 -17"><span class='ocrx_word' id='word_1_813' title='bbox 2037 4999 2167 5041; x_wconf 90' lang='lat' dir='ltr'><strong>caro</strong></span> <span class='ocrx_word' id='word_1_814' title='bbox 2195 4983 2533 5053; x_wconf 91' lang='lat' dir='ltr'><strong>concupiscit</strong></span> <span class='ocrx_word' id='word_1_815' title='bbox 2567 4985 2826 5040; x_wconf 88' lang='lat' dir='ltr'><strong>adversus</strong></span> <span class='ocrx_word' id='word_1_816' title='bbox 2864 4985 3134 5055; x_wconf 88' lang='lat' dir='ltr'><strong>spiritum,</strong></span> <span class='ocrx_word' id='word_1_817' title='bbox 3161 4995 3218 5040; x_wconf 89' lang='lat' dir='ltr'><strong>et</strong></span> <span class='ocrx_word' id='word_1_818' title='bbox 3263 4987 3486 5057; x_wconf 91' lang='lat' dir='ltr'><strong>spiritus</strong></span> <span class='ocrx_word' id='word_1_819' title='bbox 3511 4988 3630 5042; x_wconf 89' lang='lat' dir='ltr'><strong>ad--</strong></span> 
     </span>
    </p>
   </div>
   <div class='ocr_carea' id='block_1_101' title="bbox 2032 5076 3612 5150">
    <p class='ocr_par' dir='ltr' id='par_1_101' title="bbox 2032 5076 3612 5150">
     <span class='ocr_line' id='line_1_102' title="bbox 2032 5076 3612 5150; baseline 0 -17"><span class='ocrx_word' id='word_1_820' title='bbox 2032 5093 2223 5135; x_wconf 84' lang='lat' dir='ltr'><strong>versus</strong></span> <span class='ocrx_word' id='word_1_821' title='bbox 2247 5092 2488 5133; x_wconf 84' lang='lat' dir='ltr'><strong>carnem.</strong></span> <span class='ocrx_word' id='word_1_822' title='bbox 2524 5097 2542 5129; x_wconf 76' lang='grc' dir='ltr'><strong>ι</strong></span> <span class='ocrx_word' id='word_1_823' title='bbox 2571 5076 2678 5133; x_wconf 88' lang='lat' dir='ltr'><strong>Sed</strong></span> <span class='ocrx_word' id='word_1_824' title='bbox 2701 5078 2757 5132; x_wconf 90' lang='lat' dir='ltr'><strong>in</strong></span> <span class='ocrx_word' id='word_1_825' title='bbox 2777 5079 3176 5133; x_wconf 85' lang='lat' dir='ltr'><strong>resurrectione</strong></span> <span class='ocrx_word' id='word_1_826' title='bbox 3196 5078 3466 5147; x_wconf 87' lang='lat' dir='ltr'><strong>justorum</strong></span> <span class='ocrx_word' id='word_1_827' title='bbox 3488 5095 3612 5150; x_wconf 87' lang='lat' dir='ltr'><strong>per-</strong></span> 
     </span>
    </p>
   </div>
   <div class='ocr_carea' id='block_1_102' title="bbox 2032 5169 3612 5242">
    <p class='ocr_par' dir='ltr' id='par_1_102' title="bbox 2032 5169 3612 5242">
     <span class='ocr_line' id='line_1_103' title="bbox 2032 5169 3612 5242; baseline -0.003 -13"><span class='ocrx_word' id='word_1_828' title='bbox 2032 5171 2176 5230; x_wconf 89' lang='lat' dir='ltr'><strong>fecta</strong></span> <span class='ocrx_word' id='word_1_829' title='bbox 2210 5186 2344 5242; x_wconf 87' lang='lat' dir='ltr'><strong>pace</strong></span> <span class='ocrx_word' id='word_1_830' title='bbox 2369 5169 2584 5241; x_wconf 89' lang='lat' dir='ltr'><strong>spiritui</strong></span> <span class='ocrx_word' id='word_1_831' title='bbox 2627 5185 2826 5241; x_wconf 89' lang='lat' dir='ltr'><strong>corpus</strong></span> <span class='ocrx_word' id='word_1_832' title='bbox 2849 5169 3165 5235; x_wconf 75' lang='lat' dir='ltr'><strong>adhaerebit,</strong></span> <span class='ocrx_word' id='word_1_833' title='bbox 3205 5169 3350 5224; x_wconf 88' lang='lat' dir='ltr'><strong>nulla</strong></span> <span class='ocrx_word' id='word_1_834' title='bbox 3379 5171 3612 5226; x_wconf 88' lang='lat' dir='ltr'><strong>mutabi-</strong></span> 
     </span>
    </p>
   </div>
   <div class='ocr_carea' id='block_1_103' title="bbox 2019 5263 3430 5335">
    <p class='ocr_par' dir='ltr' id='par_1_103' title="bbox 2019 5263 3430 5335">
     <span class='ocr_line' id='line_1_104' title="bbox 2019 5263 3430 5335; baseline -0.001 -13"><span class='ocrx_word' id='word_1_835' title='bbox 2019 5265 2200 5322; x_wconf 71' lang='lat' dir='ltr'><strong>litatis</strong></span> <span class='ocrx_word' id='word_1_836' title='bbox 2221 5264 2515 5334; x_wconf 85' lang='lat' dir='ltr'><strong>indigentia</strong></span> <span class='ocrx_word' id='word_1_837' title='bbox 2547 5264 2630 5320; x_wconf 90' lang='lat' dir='ltr'><strong>vel</strong></span> <span class='ocrx_word' id='word_1_838' title='bbox 2650 5263 3085 5335; x_wconf 85' lang='lat' dir='ltr'><strong>concupiscentia</strong></span> <span class='ocrx_word' id='word_1_839' title='bbox 3122 5264 3430 5321; x_wconf 85' lang='lat' dir='ltr'><strong>resistente.</strong></span> 
     </span>
    </p>
   </div>
   <div class='ocr_carea' id='block_1_104' title="bbox 2109 5354 3611 5429">
    <p class='ocr_par' dir='ltr' id='par_1_104' title="bbox 2109 5354 3611 5429">
     <span class='ocr_line' id='line_1_105' title="bbox 2109 5354 3611 5429; baseline 0 -17"><span class='ocrx_word' id='word_1_840' title='bbox 2109 5357 2271 5413; x_wconf 84' lang='lat' dir='ltr'><strong>Vens.</strong></span> <span class='ocrx_word' id='word_1_841' title='bbox 2314 5357 2404 5412; x_wconf 77' lang='lat'><strong>20.</strong></span> <span class='ocrx_word' id='word_1_842' title='bbox 2443 5387 2514 5397; x_wconf 91' lang='lat'><strong>—-</strong></span> <span class='ocrx_word' id='word_1_843' title='bbox 2551 5376 2568 5408; x_wconf 77' lang='grc' dir='ltr'><strong>ι</strong></span> <span class='ocrx_word' id='word_1_844' title='bbox 2603 5357 2670 5411; x_wconf 87' lang='grc' dir='ltr'>Ει</span> <span class='ocrx_word' id='word_1_845' title='bbox 2695 5355 2908 5422; x_wconf 90' lang='lat' dir='ltr'><strong>tollens,</strong></span> <span class='ocrx_word' id='word_1_846' title='bbox 2943 5375 2962 5408; x_wconf 78' lang='grc' dir='ltr'><strong>ι</strong></span> <span class='ocrx_word' id='word_1_847' title='bbox 3016 5363 3120 5412; x_wconf 86' lang='grc' dir='ltr'>ειε.</span> <span class='ocrx_word' id='word_1_848' title='bbox 3154 5354 3337 5429; x_wconf 79' lang='grc' dir='ltr'><strong>(Αυε.)</strong></span> <span class='ocrx_word' id='word_1_849' title='bbox 3366 5357 3611 5428; x_wconf 90' lang='lat' dir='ltr'><strong>lugressa</strong></span> 
     </span>
    </p>
   </div>
   <div class='ocr_carea' id='block_1_105' title="bbox 2031 5445 3606 5511">
    <p class='ocr_par' dir='ltr' id='par_1_105' title="bbox 2031 5445 3606 5511">
     <span class='ocr_line' id='line_1_106' title="bbox 2031 5445 3606 5511; baseline -0.001 -8"><span class='ocrx_word' id='word_1_850' title='bbox 2031 5455 2162 5504; x_wconf 87' lang='lat' dir='ltr'><strong>sunt</strong></span> <span class='ocrx_word' id='word_1_851' title='bbox 2203 5445 2256 5502; x_wconf 89' lang='lat' dir='ltr'><strong>in</strong></span> <span class='ocrx_word' id='word_1_852' title='bbox 2304 5461 2487 5502; x_wconf 86' lang='lat' dir='ltr'><strong>arcam</strong></span> <span class='ocrx_word' id='word_1_853' title='bbox 2533 5446 2731 5504; x_wconf 79' lang='lat' dir='ltr'><strong>munda</strong></span> <span class='ocrx_word' id='word_1_854' title='bbox 2772 5453 2828 5502; x_wconf 90' lang='lat' dir='ltr'><strong>et</strong></span> <span class='ocrx_word' id='word_1_855' title='bbox 2867 5446 3142 5502; x_wconf 68' lang='lat' dir='ltr'><strong>ivnmunda</strong></span> <span class='ocrx_word' id='word_1_856' title='bbox 3187 5445 3463 5511; x_wconf 75' lang='lat' dir='ltr'><strong>animalia,</strong></span> <span class='ocrx_word' id='word_1_857' title='bbox 3513 5448 3606 5501; x_wconf 89' lang='lat' dir='ltr'><strong>sed</strong></span> 
     </span>
    </p>
   </div>
   <div class='ocr_carea' id='block_1_106' title="bbox 2023 5534 3614 5608">
    <p class='ocr_par' dir='ltr' id='par_1_106' title="bbox 2023 5534 3614 5608">
     <span class='ocr_line' id='line_1_107' title="bbox 2023 5534 3614 5608; baseline -0.001 -15"><span class='ocrx_word' id='word_1_858' title='bbox 2023 5545 2156 5608; x_wconf 77' lang='lat' dir='ltr'><strong>post</strong></span> <span class='ocrx_word' id='word_1_859' title='bbox 2179 5553 2456 5608; x_wconf 81' lang='lat' dir='ltr'><strong>egressum</strong></span> <span class='ocrx_word' id='word_1_860' title='bbox 2479 5553 2584 5592; x_wconf 90' lang='lat' dir='ltr'><strong>non</strong></span> <span class='ocrx_word' id='word_1_861' title='bbox 2607 5535 2908 5592; x_wconf 63' lang='lat' dir='ltr'><strong>oderantur</strong></span> <span class='ocrx_word' id='word_1_862' title='bbox 2931 5535 3043 5592; x_wconf 82' lang='lat' dir='ltr'><strong>Deo</strong></span> <span class='ocrx_word' id='word_1_863' title='bbox 3085 5536 3191 5593; x_wconf 85' lang='lat' dir='ltr'><strong>nisi</strong></span> <span class='ocrx_word' id='word_1_864' title='bbox 3215 5536 3436 5591; x_wconf 88' lang='lat' dir='ltr'><strong>munda.</strong></span> <span class='ocrx_word' id='word_1_865' title='bbox 3460 5534 3614 5603; x_wconf 81' lang='lat' dir='ltr'><strong>Quod</strong></span> 
     </span>
    </p>
   </div>
   <div class='ocr_carea' id='block_1_107' title="bbox 2036 5629 3614 5700">
    <p class='ocr_par' dir='ltr' id='par_1_107' title="bbox 2036 5629 3614 5700">
     <span class='ocr_line' id='line_1_108' title="bbox 2036 5629 3614 5700; baseline -0.003 -14"><span class='ocrx_word' id='word_1_866' title='bbox 2036 5647 2166 5688; x_wconf 87' lang='lat' dir='ltr'><strong>vero</strong></span> <span class='ocrx_word' id='word_1_867' title='bbox 2194 5632 2270 5686; x_wconf 89' lang='lat' dir='ltr'><strong>ait</strong></span> <span class='ocrx_word' id='word_1_868' title='bbox 2301 5649 2316 5684; x_wconf 86' lang='lat'><strong>:</strong></span> <span class='ocrx_word' id='word_1_869' title='bbox 2359 5649 2380 5682; x_wconf 81' lang='grc'><em>‹</em></span> <span class='ocrx_word' id='word_1_870' title='bbox 2431 5629 2549 5685; x_wconf 85' lang='lat' dir='ltr'><strong>Non</strong></span> <span class='ocrx_word' id='word_1_871' title='bbox 2575 5629 2872 5700; x_wconf 87' lang='lat' dir='ltr'><strong>percutiam</strong></span> <span class='ocrx_word' id='word_1_872' title='bbox 2903 5644 3122 5685; x_wconf 89' lang='lat' dir='ltr'><strong>omnem</strong></span> <span class='ocrx_word' id='word_1_873' title='bbox 3157 5629 3394 5682; x_wconf 87' lang='lat' dir='ltr'><strong>animam</strong></span> <span class='ocrx_word' id='word_1_874' title='bbox 3431 5629 3614 5684; x_wconf 84' lang='lat' dir='ltr'><strong>viven-</strong></span> 
     </span>
    </p>
   </div>
   <div class='ocr_carea' id='block_1_108' title="bbox 349 5719 3618 5803">
    <p class='ocr_par' dir='ltr' id='par_1_108' title="bbox 349 5719 3618 5803">
     <span class='ocr_line' id='line_1_109' title="bbox 349 5719 3618 5803; baseline -0.004 -15"><span class='ocrx_word' id='word_1_875' title='bbox 349 5733 499 5788; x_wconf 89' lang='lat' dir='ltr'><strong>riore</strong></span> <span class='ocrx_word' id='word_1_876' title='bbox 543 5741 788 5801; x_wconf 88' lang='lat' dir='ltr'><strong>tempore</strong></span> <span class='ocrx_word' id='word_1_877' title='bbox 827 5729 882 5784; x_wconf 92' lang='lat' dir='ltr'><strong>in</strong></span> <span class='ocrx_word' id='word_1_878' title='bbox 919 5743 1016 5784; x_wconf 91' lang='lat' dir='ltr'><strong>ore</strong></span> <span class='ocrx_word' id='word_1_879' title='bbox 1050 5726 1331 5788; x_wconf 71' lang='lat' dir='ltr'><strong>columbaa,</strong></span> <span class='ocrx_word' id='word_1_880' title='bbox 1369 5734 1624 5794; x_wconf 84' lang='lat' dir='ltr'><strong>tanquam</strong></span> <span class='ocrx_word' id='word_1_881' title='bbox 1665 5726 1718 5781; x_wconf 92' lang='lat' dir='ltr'><strong>in</strong></span> <span class='ocrx_word' id='word_1_882' title='bbox 1748 5724 1934 5780; x_wconf 85' lang='lat' dir='ltr'><strong>osculo</strong></span> <span class='ocrx_word' id='word_1_883' title='bbox 2037 5732 2148 5780; x_wconf 86' lang='lat' dir='ltr'><strong>tem</strong></span> <span class='ocrx_word' id='word_1_884' title='bbox 2192 5723 2333 5779; x_wconf 90' lang='lat' dir='ltr'><strong>sicut</strong></span> <span class='ocrx_word' id='word_1_885' title='bbox 2375 5721 2494 5784; x_wconf 89' lang='lat' dir='ltr'><strong>feci,</strong></span> <span class='ocrx_word' id='word_1_886' title='bbox 2529 5740 2546 5772; x_wconf 71' lang='grc' dir='ltr'><strong>ι</strong></span> <span class='ocrx_word' id='word_1_887' title='bbox 2586 5728 2641 5776; x_wconf 87' lang='grc' dir='ltr'><strong>ει</strong></span> <span class='ocrx_word' id='word_1_888' title='bbox 2686 5720 3058 5803; x_wconf 59' lang='lat' dir='ltr'><strong>addiditque</strong></span> <span class='ocrx_word' id='word_1_889' title='bbox 3104 5719 3352 5790; x_wconf 88' lang='lat' dir='ltr'><strong>largitate</strong></span> <span class='ocrx_word' id='word_1_890' title='bbox 3401 5720 3618 5776; x_wconf 88' lang='lat' dir='ltr'><strong>bonitas</strong></span> 
     </span>
    </p>
   </div>
   <div class='ocr_carea' id='block_1_109' title="bbox 352 5816 1468 5897">
    <p class='ocr_par' dir='ltr' id='par_1_109' title="bbox 352 5816 1468 5897">
     <span class='ocr_line' id='line_1_110' title="bbox 352 5816 1468 5897; baseline -0.008 -17"><span class='ocrx_word' id='word_1_891' title='bbox 352 5825 524 5897; x_wconf 89' lang='lat' dir='ltr'><strong>pacis,</strong></span> <span class='ocrx_word' id='word_1_892' title='bbox 563 5825 632 5879; x_wconf 91' lang='lat' dir='ltr'><strong>ad</strong></span> <span class='ocrx_word' id='word_1_893' title='bbox 671 5821 897 5877; x_wconf 88' lang='lat' dir='ltr'><strong>unitatis</strong></span> <span class='ocrx_word' id='word_1_894' title='bbox 918 5819 1235 5874; x_wconf 88' lang='lat' dir='ltr'><strong>societatem</strong></span> <span class='ocrx_word' id='word_1_895' title='bbox 1263 5816 1468 5874; x_wconf 91' lang='lat' dir='ltr'><strong>reduci.</strong></span> 
     </span>
    </p>
   </div>
   <div class='ocr_carea' id='block_1_110' title="bbox 2041 5808 3616 5881">
    <p class='ocr_par' dir='ltr' id='par_1_110' title="bbox 2041 5808 3616 5881">
     <span class='ocr_line' id='line_1_111' title="bbox 2041 5808 3616 5881; baseline -0.004 -14"><span class='ocrx_word' id='word_1_896' title='bbox 2041 5814 2203 5868; x_wconf 90' lang='lat' dir='ltr'><strong>donat</strong></span> <span class='ocrx_word' id='word_1_897' title='bbox 2258 5813 2512 5881; x_wconf 87' lang='lat' dir='ltr'><strong>indignis,</strong></span> <span class='ocrx_word' id='word_1_898' title='bbox 2558 5810 2696 5865; x_wconf 87' lang='lat' dir='ltr'><strong>forte</strong></span> <span class='ocrx_word' id='word_1_899' title='bbox 2725 5810 2854 5866; x_wconf 87' lang='lat' dir='ltr'><strong>Novi</strong></span> <span class='ocrx_word' id='word_1_900' title='bbox 2903 5809 3236 5866; x_wconf 88' lang='lat' dir='ltr'><strong>Testamenti</strong></span> <span class='ocrx_word' id='word_1_901' title='bbox 3283 5808 3616 5878; x_wconf 86' lang='lat' dir='ltr'><strong>indulgentia</strong></span> 
     </span>
    </p>
   </div>
  </div>
