4074 6334
471 380 569 434 Hi
965 367 1357 428 WALAFRIDI
1398 367 1643 424 STRABI
1681 364 1882 421 FULD.
1927 362 2095 421 MON.
2138 361 2292 420 OPP.
2334 359 2518 418 PARS
2556 360 2598 414 Ι.
2640 388 2709 400 —-
2749 355 3204 413 TllEOLOGlCA.
3630 353 3735 410 H2

468 504 696 573 ﬁgurata
721 508 826 562 est,
855 505 914 550 ut
941 492 1218 564 praeterita
1245 490 1381 545 ultio
1408 490 1476 544 ad
1500 487 1636 558 legis
1661 483 1930 556 pertineat
1954 497 2044 538 se-
2072 483 2126 545 Α
2165 479 2401 573 Α--νειιεη
2449 478 2720 573 lﬁ-20._—_-
2746 477 2962 573 i-Erant
3229 471 3324 527 ﬁlii
3371 469 3484 573 Noe
3509 512 3524 573 ,
3555 491 3572 523 ι
3624 479 3732 573 etc.

470 593 778 656 veritatem,
807 591 912 644 hoc
938 587 1006 642 ad
1031 584 1218 654 gratim
1247 582 1569 638 bonitatem.

541 683 702 737 Vens.
751 681 841 745 2|,
889 679 1112 734 22.—«
1145 674 1348 731 Sensus
1393 673 1567 737 enim,
1598 689 1618 724 ι
1673 678 1778 725 etc.
1835 667 2052 740 (Gneo.,

474 773 668 830 Horat.
696 773 816 828 libr.
851 769 1103 840 xxxviii.)
1131 767 1300 824 Nemo
1325 765 1428 821 sibi
1458 763 1740 827 attribuat,
1771 761 1816 816 si
1847 760 2054 831 cogita-

474 869 648 923 tiones
675 864 898 918 vicerit:
929 862 1052 932 quia
1077 857 1435 928 corruptionis
1470 854 1688 918 malum,
1733 852 1874 922 quod
1910 851 2057 921 quis-

473 976 580 1030 que
614 959 682 1012 ab
718 965 840 1012 ortu
872 953 1171 1010 carnalium
1201 948 1588 1006 desideriorum
1613 945 1862 1016 sumpsit,
1895 957 2054 998 exer-

475 1059 558 1105 cet
591 1048 644 1102 in
671 1054 928 1117 provectu
948 1044 1122 1099 aetatis
1150 1059 1162 1095 :
1198 1049 1253 1096 et
1281 1040 1381 1094 nisi
1410 1040 1511 1094 hoc
1538 1039 1696 1093 citius
1725 1035 1917 1091 divina:
1943 1032 2055 1088 for-

477 1139 722 1196 titudinis
743 1138 1004 1208 reprimat
1025 1149 1236 1198 manus,
1259 1147 1417 1188 onme
1441 1131 1638 1186 bonum
1670 1138 1875 1184 natura:
1899 1127 2058 1196 culpa

476 1239 632 1285 vorat
652 1230 706 1284 in
731 1228 1084 1299 profundum;
1115 1244 1134 1276 ‹
1162 1224 1345 1293 Neque
1373 1223 1464 1292 qui
1489 1221 1698 1292 plantat
1724 1227 1808 1274 est
1834 1217 2055 1287 aliquid,

477 1338 652 1392 neque
688 1321 779 1392 qui
818 1321 974 1392 rigat,
1009 1318 1104 1374 sed
1143 1316 1234 1388 qui
1272 1316 1664 1370 incrementum
1699 1312 1790 1366 dat
1823 1310 1965 1365 Deus
2004 1306 2056 1379 (1

478 1413 600 1468 Cor.
634 1412 739 1483 ιιι).
771 1433 790 1465 ι

1075 1517 1301 1574 CAPUT
1358 1516 1450 1572 lX.

550 1653 712 1709 Vens.
739 1653 788 1706 1.
812 1683 883 1692 -
909 1669 927 1703 ‹
957 1651 1340 1722 Benedixitque
1363 1650 1501 1704 Deus
1519 1649 1629 1704 Noe
1649 1656 1703 1703 et
1723 1646 1875 1711 ﬁliis;
1906 1665 1924 1698 ι
1951 1653 2056 1702 etc.

485 1770 501 1798 ι
537 1747 776 1804 Crescite
827 1753 884 1800 et
927 1744 1376 1814 multiplicamini.
1409 1764 1427 1796 ι
1483 1741 1655 1798 Homo
1698 1743 1752 1796 in
1795 1750 2059 1796 terrorem

481 1843 689 1900 ceteris
732 1840 1055 1897 animalibus
1089 1839 1445 1910 przeponitur,
1487 1838 1541 1892 in
1582 1837 1829 1892 solatium
1873 1844 2052 1889 trans-
2082 1848 2132 1909 Β

481 1945 615 1990 actm
638 1933 907 1997 vindictae,
934 1941 988 1987 et
1017 1945 1085 1986 ne
1103 1931 1260 2001 pauci
1282 1932 1527 1986 homines
1552 1945 1580 1984 a
1605 1929 1848 1999 pluribus
1873 1926 2064 1983 bestiis

479 2025 873 2096 Opprimantur,
903 2030 958 2078 et
992 2023 1166 2078 sciant
1204 2037 1262 2077 se
1305 2019 1782 2086 irrationabilibus,
1819 2018 1912 2074 sed
1954 2033 2064 2073 non

484 2116 896 2172 rationabilibus
931 2113 1219 2170 dominari.

552 2229 711 2284 Vens.
750 2229 814 2294 2,
854 2231 908 2285 5.
932 2260 996 2268 -
1031 2247 1050 2280 ‹
1083 2228 1149 2282 Et
1201 2237 1379 2283 terror
1415 2239 1610 2291 vester,
1641 2247 1658 2276 ι
1709 2234 1814 2281 etc.
1868 2221 2062 2293 (Gneo.

480 2322 604 2376 libr.
639 2337 674 2376 ιι
717 2321 909 2375 Morel.
951 2337 1002 2376 c.
1049 2320 1160 2394 ll.)
1208 2319 1521 2376 Potentibus
1568 2319 1698 2374 viris
1741 2332 1934 2387 magna
1981 2323 2068 2372 est

480 2413 654 2468 virtus
685 2414 1022 2477 humilitatis,
1053 2421 1182 2478 etc.,
1213 2429 1373 2482 usque
1401 2411 1468 2464 ad
1495 2425 1602 2480 quo
1627 2425 1732 2465 non
1767 2422 1920 2464 suam
1948 2404 2062 2476 glo-

482 2505 640 2568 riam,
667 2506 764 2560 sed
789 2506 1126 2560 subditorum
1151 2511 1399 2574 quaerunt
1423 2501 1726 2556 utilitatem.

559 2596 718 2650 Vens.
766 2595 880 2650 4-8.
903 2625 973 2636 -
997 2614 1016 2646 ι
1044 2594 1274 2650 Carnem
1317 2609 1439 2648 cum
1495 2593 1773 2663 sanguine.
1807 2611 1825 2643 ι
1891 2589 2065 2662 (lsm.)

483 2690 692 2743 Dantur
718 2688 798 2742 eis
821 2696 1015 2742 cuncta
1054 2686 1304 2741 animalia
1338 2685 1392 2740 in
1433 2701 1635 2751 escam,
1674 2684 1802 2754 quia
1827 2684 1882 2739 in
1911 2699 2068 2738 voca-

483 2782 626 2836 tione
667 2779 906 2851 gentium
937 2779 1004 2834 ad
1042 2778 1199 2833 ﬁdem
1237 2777 1380 2832 nulla
1418 2777 1670 2832 distantia
1699 2784 1814 2842 est,
1843 2775 1986 2846 quod
2011 2773 2068 2827 in

483 2873 634 2927 disco
660 2871 806 2926 Petri
839 2869 1118 2942 ﬁguratur.
1175 2868 1501 2940 Sanguinem
1525 2869 1852 2924 manducare
1884 2865 2066 2936 prohi-

483 2965 698 3028 bentur,
741 2980 808 3020 ne
850 2963 958 3017 vita
982 2963 1208 3033 pristina
1237 2963 1390 3032 quasi
1418 2961 1676 3017 snﬁ’ocata
1699 2962 1753 3016 in
1783 2960 2068 3017 conscien-

487 3056 557 3108 tia
588 3065 858 3118 teneatur,
895 3054 990 3109 sed
1017 3052 1321 3108 effundatur
1346 3068 1444 3124 per
1471 3050 1886 3107 confessionem.
1928 3049 2067 3104 Esus

485 3149 731 3202 carnium
777 3161 1068 3202 concessus
1109 3146 1320 3201 videtur
1361 3153 1483 3215 post
1524 3145 1803 3210 diluvium,
1842 3150 2065 3214 propter

487 3240 925 3296 infecunditatem
958 3249 1116 3295 terra:
1136 3247 1192 3294 et
1215 3238 1448 3293 hominis
1476 3237 1844 3309 fragilitatem.

563 3333 722 3387 Vens.
751 3330 901 3387 9-12.
923 3361 995 3371 —
1020 3349 1038 3382 ι
1071 3330 1210 3385 Ecce
1237 3343 1338 3399 ego
1364 3337 1599 3384 statuam
1628 3337 1867 3399 pactum,
1901 3346 1920 3380 ι
1958 3337 2065 3384 etc.

489 3424 893 3479 Testamentum
915 3424 1093 3494 posuit
1115 3423 1254 3479 Deus
1282 3423 1422 3478 inter
1449 3438 1506 3478 se
1531 3429 1586 3477 et
1609 3422 1856 3478 homines
1879 3431 1936 3476 et
1955 3436 2070 3476 om-

489 3529 609 3567 nem
643 3514 881 3568 animam
912 3515 1109 3580 vivam,
1150 3527 1217 3568 ne
1256 3511 1594 3584 perdat'eam
1631 3511 1852 3576 diluvio,
1883 3525 2070 3565 arcum

488 3605 717 3670 scilicet,
747 3606 836 3674 qui
864 3614 1081 3675 apparet
1125 3605 1177 3659 in
1218 3603 1468 3668 nubibus,
1516 3603 1608 3673 qui
1653 3617 1925 3672 nunquam
1968 3600 2071 3656 nisi

491 3696 558 3750 dc
591 3695 704 3750 sole
749 3696 1072 3766 resplendet.
1127 3695 1204 3748 llli
1251 3695 1396 3750 enim
1438 3710 1543 3749 non
1593 3703 1821 3765 pereunt
1870 3676 2073 3747 dilifvio

490 3787 725 3856 separati
759 3788 827 3840 ab
863 3787 1124 3851 Ecclesia,
1157 3787 1248 3857 qui
1279 3788 1333 3841 in
1362 3788 1638 3859 prOphetis
1664 3796 1719 3841 et
1747 3788 1798 3840 in
1823 3786 2073 3842 omnibus

490 3879 692 3934 sanctis
724 3877 1038 3950 Scripturis,
1080 3888 1332 3948 tanquam
1375 3880 1430 3934 in
1477 3879 1571 3934 Dei
1611 3878 1863 3944 nubibus,
1905 3893 2072 3949 agno-

491 3979 651 4026 scunt
683 3970 909 4039 gloriam
933 3971 1152 4036 Christi,
1189 3987 1296 4026 non
1330 3987 1480 4026 suam
1529 3980 1798 4040 quaerunt.
1853 3968 1960 4024 Sed
2005 3983 2073 4024 ne

493 4063 808 4117 adoratores
833 4060 991 4129 hujus
1017 4061 1144 4118 solis
1169 4063 1554 4128 intumescant,
1584 4063 1760 4118 sciant
1799 4061 1874 4115 ita
1913 4060 2072 4116 Chri-

490 4162 630 4208 stum
677 4152 969 4222 signiﬁcari
1009 4168 1107 4222 per
1149 4155 1318 4209 solem
1367 4154 1504 4209 sicut
1556 4169 1652 4224 per
1701 4153 1928 4218 leonem,
1976 4167 2074 4221 per

493 4261 713 4314 agnum,
757 4259 854 4313 per
898 4243 1143 4315 lapidem,
1193 4244 1560 4300 similitudinis
1597 4261 1784 4312 causa,
1815 4229 1922 4299 non
1948 4258 2072 4314 pro-

491 4335 738 4406 prietatis
766 4336 1084 4390 substantia.

566 4425 728 4482 Vens.
787 4426 967 4482 15-17.
989 4457 1058 4468 -
1083 4445 1102 4479 ι
1136 4427 1339 4483 Arcum
1392 4443 1572 4484 meum
1625 4442 1821 4499 ponam
1846 4469 1861 4495 ,
1892 4448 1910 4482 ι
1965 4438 2072 4486 etc.

496 4517 649 4588 (Δια.
686 4518 739 4572 in
775 4517 932 4591 Gen.)
963 4520 1162 4576 Arcum
1198 4520 1347 4576 dedit
1375 4520 1518 4576 Deus
1544 4521 1600 4575 in
1631 4521 1843 4593 signum
1873 4522 2078 4578 securi-

494 4613 644 4679 tatis,
681 4628 751 4668 ne
778 4612 1020 4669 homines
1041 4614 1371 4670 formidolosi
1403 4615 1654 4670 timerent
1681 4615 1850 4672 altero
1873 4616 2074 4672 diluvio

493 4703 679 4768 deleri,
715 4704 1016 4774 pluviarum
1046 4706 1423 4762 inundationes
1450 4722 1592 4779 saepe
1625 4717 1926 4764 cernentes.
1977 4707 2074 4764 llic

493 4793 548 4846 in
578 4792 716 4847 caelo
749 4793 954 4862 positus
978 4802 1082 4860 est,
1117 4802 1176 4848 ut
1207 4794 1275 4849 ab
1308 4796 1560 4852 omnibus
1603 4797 1771 4852 videri
1801 4798 1993 4867 possit,
2020 4807 2076 4854 et

493 4899 592 4953 pro
620 4900 942 4955 quacunque
968 4887 1313 4943 tribulatione
1340 4888 1407 4943 ad
1437 4905 1560 4944 eum
1592 4890 1902 4946 attollamus
1939 4907 2070 4946 ocu-

494 4974 573 5028 los
614 4976 816 5041 cordis,
862 4977 952 5045 qui
994 4977 1200 5033 habitat
1243 4979 1296 5033 in
1342 4979 1512 5035 caelis.
1569 4981 1702 5047 Quia
1743 4994 1872 5034 vero
1913 4995 2071 5034 arcus

494 5079 598 5118 non
637 5074 721 5120 est
761 5067 862 5121 nisi
894 5082 960 5122 ex
990 5067 1156 5124 radiis
1187 5070 1316 5124 solis
1338 5079 1392 5124 et
1417 5070 1632 5124 humida
1667 5073 1831 5134 nube,
1861 5071 2072 5125 videtur

433 5197 438 5202 .
493 5156 636 5222 quod
683 5165 806 5212 ante
849 5157 1109 5214 diluvium
1151 5175 1256 5215 non
1309 5159 1538 5216 fuissent
1581 5161 1792 5230 pluviae.
1855 5161 2075 5217 Poterat

493 5256 672 5302 autem
708 5263 772 5304 ex
816 5265 940 5306 rore
978 5260 1034 5307 et
1069 5252 1294 5308 fontium
1331 5253 1678 5309 inundatione
1705 5261 1850 5310 terra
1879 5253 2068 5310 fecun-

494 5337 632 5394 dari.

563 5429 814 5505 (Suam)
849 5432 1024 5491 Arcus
1059 5434 1196 5491 duos
1233 5436 1396 5492 habet
1425 5435 1654 5500 colores,
1694 5434 1982 5492 caeruleum
2015 5443 2074 5491 et

495 5521 708 5592 igneum
745 5566 760 5590 ,
809 5527 900 5596 qui
937 5527 1045 5580 duo
1076 5527 1278 5596 judicia
1313 5527 1623 5597 exprimunt
1659 5545 1672 5579 :
1712 5543 1877 5583 unum
1920 5542 2074 5598 aqua:

495 5613 638 5680 quod
666 5616 958 5682 prseteriit;
987 5616 1129 5670 aliud
1160 5616 1320 5685 ignis,
1346 5618 1488 5686 quod
1519 5625 1804 5672 venturum
1831 5617 2074 5673 creditur

496 5701 548 5754 in
601 5701 704 5758 ﬁne
750 5705 973 5759 saeculi:
1013 5705 1153 5760 unde
1205 5707 1464 5762 caeruleus
1513 5707 1660 5766 color
1707 5708 2070 5776 extrinsecus,

494 5791 682 5859 igneus
720 5810 844 5849 vero
872 5795 1218 5855 intrinsecus.

2153 570 2333 642 (Hien.
2385 571 2440 624 in
2482 568 2548 634 ρ.
2597 566 2784 638 Hebr.)
2834 564 2989 635 Saepe
3026 563 3167 618 LXX
3207 577 3310 618 non
3349 561 3586 617 valenles
3616 563 3739 618 heth

2151 662 2416 727 litteram,
2445 660 2571 731 quia
2597 660 2866 728 duplicem
2897 657 3280 727 aspirationem
3309 662 3482 718 sonat,
3513 655 3567 709 in
3593 653 3744 710 Grae-

2155 769 2277 811 cum
2305 761 2538 817 vertere,
2576 773 2618 824 χ
2644 751 2726 805 chi
2752 750 2996 806 Graecam
3027 747 3368 812 addiderunt,
3399 746 3654 801 docentes
3683 745 3741 800 in

2155 843 2466 916 huiusmodi
2493 841 2770 897 vocabulis
2799 855 2918 896 esse
2951 839 3318 911 aspirandum.
3377 837 3530 894 Unde
3572 837 3740 892 Cham

2156 937 2545 994 transtulerunt
2571 950 2667 1004 pro
2697 949 2764 990 eo
2790 933 2934 1004 quod
2961 939 3047 988 est
3075 931 3243 998 11am,
3272 945 3303 985 a
3337 946 3446 1001 quo
3471 929 3743 1002 Egyptus

2156 1045 2326 1100 usque
2355 1029 2514 1084 hodie
2533 1028 2715 1099 lingua
2745 1025 3124 1097 IEgyptiorum
3147 1025 3346 1080 dicitur
3366 1023 3522 1079 Ham.

2228 1121 2390 1176 Vens.
2433 1117 2614 1172 2l.-—
2639 1135 2658 1167 α
2685 1115 2990 1186 Bibensque
3031 1115 3234 1180 vinum,
3276 1134 3302 1171 ι,
3346 1121 3453 1168 etc.
3499 1112 3747 1169 Christus

2157 1224 2375 1282 quoque
2440 1209 2793 1273 inebriatus,
2835 1207 2962 1262 dum
3013 1221 3238 1276 passus;
3295 1205 3560 1270 nudatus,
3616 1205 3745 1260 dum

2158 1302 2472 1358 crucifixus.
2532 1320 2550 1353 ε
2577 1302 2633 1356 1η
2667 1302 3014 1356 tabernaculo
3051 1315 3168 1366 suo,
3200 1318 3218 1352 ι
3251 1299 3303 1354 id
3332 1315 3448 1363 eet,
3481 1299 3623 1352 inter
3649 1297 3739 1352 do-

2159 1395 2412 1450 mesticos
2441 1393 2720 1465 sanguinis
2755 1393 2857 1457 sui,
2905 1401 3033 1447 tunc
3075 1392 3274 1446 nudata
3316 1400 3400 1447 est
3441 1389 3750 1446 mortalitas

2160 1487 2362 1542 carnis.
2419 1485 2666 1541 «Iudaeis
2732 1485 3077 1550 scandalum,
3134 1483 3381 1555 gentibus
3437 1479 3746 1547 stultitiam,

2161 1578 2482 1648 ipsisautem
2499 1578 2704 1633 vocatis
2718 1577 2980 1633 Judaeiset
3005 1578 3275 1648 gentibus,
3307 1597 3324 1627 ι
3355 1576 3510 1646 quasi
3538 1574 3664 1630 Sem
3691 1582 3752 1631 et

2161 1669 2412 1742 Japlheth,
2454 1691 2471 1722 ι
2503 1669 2598 1725 Dei
2635 1670 2829 1734 virtus,
2871 1679 2925 1725 et
2963 1669 3057 1724 Dei
3101 1669 3361 1738 sapientia
3397 1685 3409 1723 :
3439 1668 3562 1738 quia
3605 1667 3750 1737 quod

2165 1763 2385 1818 stultum
2415 1771 2498 1818 est
2524 1762 2640 1827 Dei,
2670 1761 2964 1832 sapientius
2989 1770 3072 1818 est
3101 1760 3429 1817 hominibus.
3458 1779 3476 1813 ι
3539 1808 3542 1810 .

2230 1853 2498 1926 (Aecum)
2531 1853 2661 1909 Post
2700 1854 2957 1909 diluvium
3003 1854 3114 1909 Noe
3154 1854 3451 1909 inebriatus
3487 1860 3592 1915 est,
3623 1851 3750 1922 quia

2162 1947 2302 2004 forte
2329 1948 2594 2003 nesciebat
2625 1948 2751 2002 vino
2789 1963 2946 2018 posse
2977 1949 3254 2002 inebriari.
3304 1946 3416 2002 Nec
3448 1945 3591 2000 enim
3621 1952 3751 1999 ante

2164 2036 2421 2093 diluvium
2459 2037 2710 2108 leguntur
2745 2039 2992 2094 homines
3027 2039 3153 2092 vino
3191 2038 3294 2092 usi.
3344 2037 3468 2092 ldeo
3519 2035 3585 2091 de
3637 2033 3752 2090 Noe

2163 2130 2470 2199 specialiter
2496 2131 2692 2186 dicitur
2719 2133 2862 2201 quod
2890 2130 3215 2200 plantaverit
3235 2130 3466 2194 vineam.
3516 2125 3754 2182 Nudatio

2165 2219 2385 2275 femoris
2439 2221 2682 2278 seuuitur
2728 2221 3044 2276 ebrietatem
3125 2221 3265 2276 sicut
3311 2220 3477 2277 libido
3530 2219 3755 2275 satieta-

2168 2319 2297 2366 tem.

2242 2403 2384 2458 Vens
2429 2403 2518 2458 22.
2543 2435 2610 2444 —
2636 2422 2654 2454 ι
2686 2404 2839 2471 Quod
2869 2421 2992 2460 cum
3019 2405 3262 2471 vidisset,
3294 2425 3312 2456 ι
3345 2413 3450 2462 etc.
3494 2406 3750 2479 (Pnocor.

2165 2497 2221 2550 in
2243 2495 2398 2568 Gen.)
2431 2498 2508 2552 Ex
2541 2497 2627 2552 his
2659 2497 3082 2553 circumstantiis
3107 2497 3294 2554 Chami
3325 2509 3605 2570 peccatum
3633 2517 3752 2556 am-

2165 2587 2449 2659 pliﬁcatur.
2508 2589 2791 2660 Despectui
2829 2590 2994 2647 habet
3029 2599 3332 2661 parentem,
3371 2591 3546 2650 effutit
3587 2611 3748 2664 quam

2167 2679 2395 2748 turpiter
2415 2678 2647 2748 jacuerit
2672 2690 2844 2750 pater,
2871 2697 2972 2737 nec
3003 2683 3094 2737 uni
3125 2698 3189 2754 ex
3219 2683 3478 2740 fratribus
3516 2687 3748 2752 nuntiat,

2168 2769 2260 2825 sed
2297 2771 2539 2841 utrisque
2576 2790 2588 2825 :
2624 2773 2666 2826 si
2709 2773 2891 2842 plures
2921 2783 3118 2843 praesto
3147 2775 3396 2842 fuissent,
3423 2774 3632 2831 facinus
3659 2778 3755 2833 de-

2167 2862 2388 2917 texisset
2415 2863 2664 2918 onmibus
2689 2882 2701 2916 :
2727 2864 3013 2919 ridiculum
3036 2866 3086 2920 ei
3116 2865 3288 2921 visum
3318 2875 3401 2921 est
3426 2865 3636 2922 facinus
3662 2867 3756 2922 cui

2169 2954 2391 3010 minime
2418 2955 2682 3020 debebat;
2708 2955 2927 3026 dignum
2953 2965 3070 3011 erat
3107 2957 3162 3012 id
3195 2957 3401 3012 factum
3449 2959 3655 3027 pudore
3698 2967 3756 3014 et

2169 3045 2398 3112 cautela,
2425 3061 2493 3101 ne
2527 3047 2594 3100 ad
2631 3056 2856 3102 caeteros
2880 3047 2996 3116 ejus
3023 3048 3243 3104 infamia
3273 3050 3577 3105 dimanaret
3606 3069 3618 3104 :
3652 3067 3757 3108 nec

2169 3141 2256 3196 his
2279 3141 2370 3210 qui
2395 3141 2676 3196 domestici
2700 3150 2856 3196 erant
2881 3143 2933 3198 id
2961 3143 3264 3209 annuntiat,
3292 3143 3386 3199 sed
3416 3145 3680 3200 externis.

2244 3231 2416 3304 ([51]).)
2445 3231 2635 3297 Judaei,
2675 3233 2876 3288 Christi
2905 3242 3135 3289 mortem
3161 3235 3426 3299 videntes,
3456 3236 3756 3291 subsanna-

2170 3333 2383 3389 verunt.
2442 3322 2566 3380 Seni
2597 3340 2726 3380 vero
2762 3335 2817 3380 et
2838 3325 3088 3395 Japheth,
3113 3327 3218 3382 duo
3241 3326 3422 3398 p0puli
3451 3342 3517 3383 ex
3541 3343 3760 3398 praepu-

2171 3419 2247 3473 tio
2288 3428 2343 3474 et
2376 3419 2787 3474 circumcisione
2835 3418 3136 3484 credentes,
3183 3421 3360 3474 aversi
3403 3429 3756 3492 Operuerunt,

2172 3517 2301 3576 etc.,
2341 3525 2503 3581 usque
2545 3511 2613 3563 ad
2660 3528 2678 3561 ι
2717 3518 2972 3580 tanquam
3013 3511 3064 3566 in
3101 3527 3288 3582 pacem
3317 3512 3494 3584 anguli
3526 3528 3759 3568 concur-
3825 3519 3830 3524 '

2172 3610 2372 3657 rentes.
2398 3621 2417 3655 ι

2242 3690 2407 3748 Vens.
2435 3691 2527 3746 25.
2549 3720 2621 3733 —
2640 3711 2660 3744 ι
2689 3691 2758 3747 At
2787 3707 2917 3748 vero
2949 3691 3096 3759 Sem,
3127 3713 3148 3747 ι
3179 3703 3284 3750 etc.
3324 3694 3513 3766 (Gneo.
3546 3697 3600 3748 in
3630 3693 3756 3750 Mo-

2173 3783 2300 3855 ral.)
2343 3781 2600 3838 Aversari
2643 3782 2873 3838 dicimur
2898 3784 3042 3853 quod
3073 3785 3441 3856 reprobamus.
3490 3785 3627 3851 Quid
3670 3795 3759 3840 est

2173 3891 2302 3946 ergo
2327 3875 2470 3944 quod
2499 3875 2594 3929 ﬁlii
2632 3877 2866 3932 verenda
2895 3877 3068 3946 patris
3094 3877 3410 3948 superjectis
3445 3880 3604 3934 dorso
3635 3880 3757 3950 pal-

2172 3967 2261 4024 liis
2289 3969 2464 4023 aversi
2493 3969 2757 4024 veniendo
2783 3979 3132 4039 operuerunt,
3162 3972 3264 4025 nisi
3295 3973 3419 4041 quia
3449 3973 3604 4028 bonis
3635 3973 3760 4029 sub-

2173 4060 2300 4117 ditis
2321 4062 2399 4117 sic
2418 4062 2830 4132 praepositorum
2863 4078 3082 4118 suorum
3113 4062 3254 4117 mala
3276 4064 3576 4134 displicent,
3603 4072 3661 4118 ut
3687 4063 3758 4119 ab

2173 4151 2292 4206 aliis
2323 4161 2450 4206 nota
2487 4151 2758 4206 occultent
2790 4170 2803 4204 :
2834 4153 3231 4222 operimentum
3267 4155 3441 4208 aversi
3482 4153 3756 4219 deferunt,

2174 4247 2297 4314 quia
2329 4247 2686 4316 dijudicantes
2725 4244 2946 4311 factum,
2983 4255 3037 4300 et
3067 4255 3384 4302 venerantes
3413 4246 3755 4318 magistrum,

2175 4341 2363 4396 nolunt
2400 4323 2580 4396 videre
2605 4341 2748 4410 quod
2777 4349 2982 4410 tegunt.

2245 4433 2410 4489 Vens.
2434 4432 2526 4497 24,
2555 4431 2644 4487 25.
2663 4451 2770 4484 -‹
2789 4431 3107 4487 Maledictus
3131 4430 3386 4486 Chanaan
3412 4447 3567 4503 puer,
3595 4451 3615 4485 ι
3645 4441 3758 4490 etc.

2178 4523 2366 4598 (Ibid.)
2392 4525 2508 4581 Non
2536 4525 2902 4596 praetermittit
2930 4526 3072 4581 Deus
3097 4526 3264 4581 inulta
3289 4536 3531 4598 peccata,
3560 4528 3656 4585 sed
3683 4529 3760 4584 ita

2170 4618 2433 4687 judicium
2473 4619 2524 4672 in
2554 4626 2739 4673 nostra
2770 4619 3105 4674 correctione
3136 4619 3342 4688 incipit,
3385 4629 3443 4674 ut
3481 4619 3536 4674 in
3574 4634 3765 4690 repro-

2176 4709 2368 4765 borum
2410 4710 2754 4765 damnatione
2784 4711 3049 4780 quiescat.
3098 4709 3291 4781 Incipit
3324 4711 3467 4766 enim
3498 4710 3761 4781 judicium

2177 4814 2208 4853 a
2234 4799 2394 4854 domo
2417 4799 2532 4855 Dei.
2587 4799 2719 4868 Quis
2740 4815 2868 4871 ergo
2897 4800 3018 4855 ﬁnis
3043 4815 3230 4855 eorum
3261 4799 3352 4868 qui
3379 4815 3486 4854 non
3515 4799 3764 4856 credidi}

2175 4900 2323 4956 runt,
2363 4893 2454 4961 qui
2490 4890 2803 4962 temporalia
2834 4890 3037 4961 ﬂagella
3068 4906 3174 4946 non
3216 4890 3499 4945 sentiunt?
3538 4888 3675 4957 Quia
3706 4890 3762 4944 in

2174 4991 2433 5036 :eternum
2459 4982 2738 5053 peribunt;
2770 4998 2998 5052 quorum
3024 4982 3261 5052 nequitia
3299 4980 3468 5036 Cham
3501 4988 3764 5050 peccante

2179 5071 2409 5142 ﬁgurata
2464 5080 2566 5126 est.
2627 5070 2727 5126 Cui
2777 5072 2974 5126 dicitur
3025 5089 3036 5124 :
3093 5071 3452 5125 «Maledictus
3501 5071 3762 5126 Chanaan

2178 5174 2328 5227 puer,
2367 5180 2386 5212 ι
2428 5169 2533 5215 etc.
2581 5159 2742 5215 Patre
2771 5170 3046 5231 peccante,
3079 5161 3220 5216 ﬁlius
3249 5162 3570 5216 sententiam
3600 5179 3762 5219 acce-

2177 5249 2275 5320 pit,
2315 5250 2442 5320 quia
2483 5251 2834 5319 reproborum
2875 5252 3117 5322 nequitia
3148 5253 3235 5308 hic
3271 5253 3358 5308 diu
3397 5253 3627 5323 prolicit,
3663 5255 3759 5310 sed

2178 5340 2320 5409 perit
2346 5340 2402 5394 in
2428 5350 2724 5410 posterum.

2251 5433 2413 5488 Vens.
2453 5433 2541 5488 26.
2565 5465 2633 5474 —
2655 5454 2673 5486 ι
2701 5434 3022 5491 Benedictus
3057 5437 3314 5492 Dominus
3361 5436 3502 5492 Deus
3547 5435 3694 5490 Sem.
3733 5455 3752 5488 ι

2176 5523 2309 5580 Cum
2335 5526 2408 5581 sit
2436 5525 2578 5581 Deus
2606 5528 2845 5582 omnium
2876 5530 3112 5599 gentium
3133 5570 3146 5595 ,
3174 5532 3326 5598 quasi
3355 5530 3572 5600 proprio
3599 5545 3758 5584 voca-

2175 5615 2302 5670 bulo
2348 5614 2510 5670 etiam
2562 5616 2615 5670 in
2668 5615 2796 5684 ipsis
2853 5617 3100 5685 gentibus
3145 5618 3341 5672 dicitur
3379 5618 3521 5673 Deus
3566 5616 3755 5679 Israel,

2175 5707 2321 5776 quod
2374 5715 2457 5761 est
2501 5722 2568 5760 ex
2603 5706 2977 5762 benedictione
3011 5706 3264 5776 Japheth,
3300 5709 3424 5778 quia
3467 5710 3518 5762 in
3559 5706 3757 5778 populo

2175 5802 2414 5873 gentium
2442 5801 2627 5856 orbem
2651 5809 2806 5856 terra:
2833 5801 3114 5870 occupavit
3147 5802 3404 5867 Ecclesia,
3445 5802 3586 5871 quod
3619 5815 3757 5870 pra:-

4047 1573 4049 1678 Ι

4047 1781 4049 1896 ἶ

4047 1949 4049 2062 4

4047 2189 4049 2272 l

4047 3705 4049 3846 l

4047 4143 4049 4224 γ
