4074 6334
440 382 546 439 Hii

931 382 1321 443 WALAFNDI
1363 384 1609 443 STRABI
1644 382 1850 442 FULD.
1896 382 2060 441 ΜΘΝ.
2103 382 2254 442 OPP.
2297 384 2478 444 PARS
2516 386 2558 443 Ι.
2594 418 2666 430 —
2700 384 3152 446 THEOLOGICA.

3582 384 3691 447 116

438 510 552 566 eos,
586 517 606 550 ι
653 505 782 565 etc.,
834 497 977 554 sicut
1016 498 1135 556 ibi:
1183 520 1202 552 ι
1232 498 1387 556 Fecit
1435 498 1576 557 Deus
1620 499 1893 556 hominem
1946 498 2013 555 ad
2038 500 2089 564 Α
2117 512 2238 555 cum
2308 511 2455 557 esset
2511 501 2690 559 Thare
2758 505 3097 577 septuaginta
3174 518 3439 561 annorum
3502 507 3692 577 genuit

439 589 731 661 imaginem
766 597 819 646 ct
849 590 1256 648 similitudinem
1283 602 1455 648 etiam.
1488 610 1509 645 ι

507 678 699 752 (Gneo.
728 681 923 738 Horat.
968 683 1062 740 lib.
1089 698 1153 750 tt,
1192 698 1241 740 c.
1269 680 1348 755 5.)
1391 703 1411 735 ‹
1438 683 1653 749 Venite,
1682 700 1703 737 ι
1736 692 1843 739 etc.
1874 682 2011 739 Dici-

441 783 528 829 tur
554 773 640 829 his
674 774 766 844 qui
792 774 905 831 Deo
932 776 1231 843 adhaerent,
1268 795 1289 829 ‹
1316 775 1525 841 Venite,
1562 795 1582 829 ›
1615 775 1741 849 quia
1770 789 1802 831 a
1827 774 2008 831 divina

434 864 887 937 contemplatione
934 882 1208 939 nunquam
1256 868 1572 924 decrescere
1590 909 1606 935 ,
1653 869 1749 925 sed
1797 882 2010 939 semper

435 970 749 1014 accrescere
775 1000 791 1025 ,
840 966 896 1016 et
942 976 1218 1032 nunquam
1270 960 1434 1017 corde
1482 961 1735 1018 recedere
1757 1002 1773 1028 ,
1827 956 2006 1018 stabili

434 1057 583 1104 motu
625 1058 710 1107 est
749 1065 962 1123 semper
981 1053 1187 1109 venire.
1231 1051 1543 1109 Ascendunt
1583 1052 1758 1125 angeli
1779 1050 2006 1110 Creato-

432 1155 548 1196 rem
577 1143 976 1214 conspicienda,
1009 1144 1346 1200 descendunt
1399 1154 1704 1201 creaturam
1736 1146 1922 1203 illicite
1947 1162 2008 1203 se

431 1233 729 1306 erigentem
778 1236 1030 1291 examine
1055 1236 1411 1293 districtionis
1452 1239 1763 1308 premendo.
1818 1239 2008 1296 Dicere

431 1339 579 1397 ergo,
640 1344 658 1377 ι
695 1325 1112 1393 Descendamus,
1144 1337 1203 1385 et
1224 1328 1616 1386 confundamus
1649 1329 1887 1404 linguam
1916 1346 2008 1388 eo-

431 1431 577 1482 rum,
609 1436 630 1471 ι
677 1426 760 1472 est
798 1418 850 1473 in
891 1419 1183 1492 semetipso
1229 1420 1374 1490 quod
1418 1429 1565 1478 recte
1610 1430 1801 1493 agatur
1827 1430 2009 1497 osten-

428 1506 578 1574 dere,
609 1519 666 1565 et
697 1526 794 1581 per
822 1510 929 1566 vim
970 1512 1197 1568 interna:
1236 1510 1465 1569 visionis
1498 1528 1687 1570 eorum
1737 1514 2008 1571 mentibus

430 1598 731 1656 exhibenda
778 1601 980 1673 judicia
1019 1603 1245 1660 occultis
1271 1604 1509 1661 motibus
1546 1605 1828 1676 inspirare.

499 1690 662 1746 Vens.
692 1692 746 1757 8,
774 1692 828 1748 9.
847 1724 919 1734 —
943 1713 963 1746 ι
994 1694 1186 1751 Divisit
1211 1711 1325 1752 eos.
1356 1715 1375 1747 ι
1425 1695 1602 1770 (Δια.)
1644 1697 1704 1753 1n
1733 1699 1835 1756 hac
1872 1698 2008 1755 divi-

422 1780 578 1851 sione
603 1780 909 1854 linguarum
937 1784 1072 1840 nihil
1101 1801 1299 1842 novum
1332 1786 1461 1844 fecit
1482 1787 1644 1856 Deus,
1672 1790 1767 1846 sed
1789 1791 2004 1848 dicendi

2114 590 2345 658 Abram,
2394 603 2449 650 et
2495 604 2682 666 postea
2737 610 2860 652 cum
2910 598 3160 653 omnibus
3217 597 3329 653 suis
3390 597 3589 653 mansit
3632 598 3689 655 in

2111 684 2349 754 Charan,
2394 697 2451 744 et
2494 699 2740 746 mortuus
2774 700 2879 747 est.
2918 710 2938 743 ι
2988 690 3055 746 Et
3082 692 3284 748 dictum
3327 699 3413 747 est
3446 691 3607 747 Abrae
3630 697 3697 750 ut

2111 778 2286 835 exiret
2334 782 2401 837 de
2426 779 2637 837 Charan
2663 823 2679 849 ,
2720 791 2776 840 et
2806 783 2976 839 exivit
3017 799 3140 840 cum
3182 792 3327 841 esset
3354 785 3692 856 septuaginta

2110 873 2351 944 quinque
2387 888 2672 931 annorum.
2723 874 2831 932 Sed
2856 890 2957 948 per
2983 876 3478 951 recapitulationem
3510 886 3690 933 osten—

2110 964 2257 1020 ditur
2299 964 2421 1020 vivo
2461 976 2615 1038 patre
2659 966 2947 1023 Dominum
2971 970 3315 1040 praecepisse,
3347 978 3479 1038 etc.,
3526 984 3695 1043 usque

2110 1055 2181 1110 ad
2208 1071 2239 1111 a
2262 1071 2368 1129 quo
2391 1055 2561 1114 Judaei
2589 1058 2718 1115 dicti
2748 1068 2972 1131 propter
2996 1060 3200 1134 regiam
3231 1062 3450 1118 tribum.

2709 1193 2936 1252 CAPUT
2963 1194 3077 1251 ΧΠ.

2180 1329 2343 1386 Vens.
2369 1329 2420 1384 1.
2442 1359 2514 1370 —
2540 1346 2560 1380 t
2597 1328 2871 1400 Egredere
2908 1330 2976 1385 de
3010 1338 3176 1397 terra,
3219 1348 3242 1383 ι
3273 1337 3379 1387 etc.
3412 1329 3571 1402 (Anc.
3600 1330 3695 1386 ubi

2109 1419 2316 1494 supra.)
2357 1419 2763 1477 Consideranda
2808 1429 2892 1477 est
2924 1420 3171 1476 narratio
3193 1419 3450 1492 Stephani
3484 1422 3552 1478 de
3587 1423 3691 1479 hac

2109 1528 2190 1579 re,
2218 1522 2349 1580 etc.,
2381 1528 2543 1584 usque
2569 1513 2639 1568 ad
2666 1515 2747 1570 sic
2776 1513 3187 1585 igitur’locatus
3211 1521 3297 1569 est
3337 1512 3393 1568 in
3425 1522 3570 1569 terra
3596 1513 3691 1569 illa

2106 1605 2330 1669 Abram,
2347 1605 2564 1674 quando
2587 1604 2663 1660 ibi
2687 1605 2825 1658 vixit
2852 1618 3022 1674 usque
3048 1603 3117 1659 ad
3140 1604 3479 1661 nativitatem
3499 1602 3688 1662 Iacob.

2181 1694 2431 1768 (Smne)
2459 1692 2763 1750 Notandum
2793 1695 2938 1765 quod
2978 1693 3086 1766 iam
3130 1710 3385 1768 egressus
3414 1696 3593 1751 fuerat
3623 1696 3693 1754 de

2111 1793 2255 1841 terra
2294 1800 2413 1851 sua,
2465 1785 2560 1841 sed
2597 1792 2726 1840 tunc
2765 1799 3017 1854 egressus
3065 1782 3243 1841 fuerat
3285 1802 3541 1858 corpore,
3579 1804 3689 1845 non

426 1872 618 1928 modos
641 1881 695 1928 et
723 1873 926 1930 formas
962 1875 1298 1947 loquelarum
1323 1879 1554 1936 diversis
1583 1883 1833 1952 gentibus
1869 1885 2007 1940 divi-
2032 1861 2083 1925 Β
2111 1888 2294 1935 mente
2323 1886 2378 1934 et
2403 1877 2712 1940 voluntate;
2750 1877 2983 1933 habebat
3005 1877 3149 1933 enim
3176 1879 3419 1937 animum
3460 1880 3692 1937 forsitan

424 1963 515 2020 sit.
548 1963 700 2021 Unde
724 1968 944 2025 easdem
983 1969 1218 2042 syllabas
1252 1982 1308 2027 et
1335 1972 1575 2043 ejusdem
1604 1977 1890 2046 patestatis
1919 1979 2008 2035 lit-

428 2065 573 2113 teras
601 2057 761 2114 aliter
781 2059 1100 2130 coniunctas
1126 2062 1179 2117 in
1203 2062 1431 2121 diversis
1457 2065 1654 2139 linguis
1679 2067 2007 2137 invenimus,

425 2157 482 2203 et
509 2164 651 2221 saepe
677 2151 867 2206 eadem
894 2153 1111 2208 nomina
1136 2154 1220 2209 vel
1246 2156 1411 2211 verba
1441 2156 1585 2212 aliud
1614 2157 2001 2231 signiﬁcantia;

425 2239 570 2295 unde
596 2240 687 2296 ubi
728 2241 929 2298 dicitur
954 2244 1164 2314 psalmo
1189 2259 1267 2301 tt:
1299 2264 1315 2297 t
1356 2246 1412 2301 ln
1448 2247 1598 2319 virga
1636 2247 1835 2315 ferrea,
1876 2271 1895 2306 ι
1948 2252 2004 2308 in

423 2332 615 2390 Graeco
644 2333 898 2402 habetur,
944 2339 994 2392 ἐν
1029 2337 1207 2414 paea...
1248 2338 1458 2417 σιδηρᾶ,
1498 2343 1555 2396 in
1596 2343 1762 2397 raudo
1805 2344 2000 2401 sidera.

423 2422 594 2495 Igitur
618 2424 673 2479 in
695 2424 887 2483 Latino
914 2427 1089 2483 sidera
1116 2444 1223 2485 non
1251 2429 1423 2500 ferrea
1452 2432 1740 2504 signiﬁcat,
1779 2434 1918 2492 sicut
1949 2436 2003 2491 in

426 2516 637 2585 Grazco,
668 2520 762 2575 sed
785 2528 951 2576 astra.

495 2611 655 2687 (Anc.
682 2614 778 2670 lib.
804 2630 896 2670 xv1
922 2614 988 2671 de
1008 2614 1165 2671 Civit.
1197 2630 1246 2672 c.
1272 2615 1353 2689 4.)
1402 2616 1594 2674 Merito
1639 2619 1814 2676 malus
1843 2622 2002 2692 puni-

424 2713 516 2761 tur
540 2704 787 2773 aﬁ‘ectus,
816 2707 981 2763 etiam
1008 2707 1097 2763 cui
1127 2722 1236 2764 non
1274 2710 1515 2766 succedit
1544 2710 1785 2768 effectus.
1819 2711 2002 2770 Genus

419 2798 552 2855 vero
592 2812 766 2869 ptenze
809 2800 967 2870 quale
1012 2800 1147 2856 fuit?
1196 2802 1461 2870 Quoniam
1511 2803 1652 2859 enim
1702 2805 2001 2862 dominatio

424 2886 743 2959 lmperantis
778 2890 832 2944 in
868 2888 1048 2963 lingua
1076 2900 1180 2957 est,
1220 2893 1292 2949 ibi
1324 2894 1577 2950 damnata
1613 2904 1700 2952 est
1725 2898 1997 2969 superbia,

423 2986 484 3034 ut
521 2994 630 3035 non
671 2980 1061 3054 intelligeretur
1087 2982 1284 3054 jubens
1319 2985 1541 3052 homini,
1574 2988 1665 3059 qui
1709 2988 1880 3046 noluit
1920 2992 2002 3046 in-

422 3069 668 3143 telligere
701 3080 762 3127 ut
785 3073 1030 3130 obediret
1045 3073 1256 3145 jubenti
1282 3076 1412 3133 Deo.

492 3162 659 3221 Vens.
687 3165 871 3224 10-25.
894 3199 965 3210 —
994 3187 1013 3221 ι
1070 3169 1195 3226 Sem
1239 3180 1458 3228 centum
1487 3181 1605 3230 erat
1650 3190 1937 3233 annorum.
1975 3199 1996 3232 ι

419 3250 614 3330 (Βευι,
636 3255 917 3326 Hexaem,
943 3259 1038 3317 lib.
1063 3277 1146 3328 tn,
1179 3270 1218 3319 t.
1246 3262 1310 3329 ll,
1339 3263 1441 3320 col.
1470 3262 1616 3339 151.)
1639 3264 1826 3339 Magna
1856 3285 2005 3341 qua:-

417 3350 526 3409 stio
570 3352 729 3409 nobis
776 3352 1020 3409 nascitur
1060 3356 1357 3412 secundum
1407 3356 1644 3414 litteram
1668 3399 1684 3425 ,
1731 3361 2003 3430 quomodo

421 3442 548 3501 Sem
589 3444 809 3502 biennio
848 3454 970 3517 post
1011 3447 1269 3504 diluvium
1309 3459 1526 3505 centum
1572 3465 1693 3507 esse
1733 3466 2001 3509 annorum

420 3535 652 3604 dicatur,
680 3552 805 3593 cum
845 3552 1004 3610 supra
1040 3538 1470 3611 quingentesimo
1517 3556 1661 3598 anno
1700 3541 1813 3599 Noe
1841 3551 2002 3600 natus

418 3639 717 3698 asseratur,
746 3639 802 3686 et
838 3631 1232 3689 sexcentesimo
1261 3647 1405 3689 anno
1442 3630 1686 3703 ejusdem
1715 3633 1829 3691 Noe
1862 3634 2002 3707 dilu-

417 3721 567 3779 vium
595 3723 809 3807 venisse
830 3723 1060 3798 legatur,
1082 3731 1214 3791 etc.,
1240 3742 1402 3799 usque
1424 3726 1495 3782 ad
1525 3744 1545 3779 ι
1574 3727 1703 3800 quia
1732 3728 1854 3785 tulit
1877 3744 2000 3787 eunt

419 3820 585 3878 Deus.
620 3840 640 3873 ι

493 3920 661 3976 Vens.
711 3916 899 3975 26-50.
924 3949 995 3960 —
1036 3937 1055 3972 α
1104 3917 1285 3979 Thare
1329 3920 1517 3993 genuit
1560 3919 1760 3976 Abram
1807 3930 1864 3976 et
1888 3918 2000 3976 Na-

427 4029 446 4062 ι
476 4008 627 4065 chor.
653 4027 672 4061 ι
691 4007 847 4082 (Anc.
870 4017 1055 4083 qumst.
1077 4008 1151 4064 25
1173 4010 1227 4063 in
1249 4006 1404 4083 Gen.)
1431 4007 1548 4085 Non
1569 4008 1752 4077 simul,
1772 4011 1869 4067 sed
1889 4011 2001 4067 suis

422 4098 774 4173 temporibus,
808 4113 874 4155 ex
898 4114 1006 4171 quo
1031 4099 1250 4173 gignere
1278 4099 1465 4173 coepit.
1503 4098 1613 4157 Nec
1642 4101 2001 4159 attendendus

421 4201 506 4249 est
545 4191 600 4247 in
642 4191 727 4247 his
771 4190 905 4247 ordo
947 4190 1268 4258 nativitatis,
1296 4190 1391 4248 sed
1419 4192 1764 4263 'signiﬁcatio
1806 4192 2002 4250 futura:

423 4285 724 4357 dignitatis,
753 4283 805 4339 in
833 4299 941 4355 qua
971 4282 1191 4339 excellit
1206 4283 1428 4340 Abram.

496 4378 657 4434 Vens.
683 4375 870 4433 31-52.
898 4407 969 4417 —-
999 4396 1018 4430 α
1050 4374 1107 4432 ln
1135 4375 1214 4433 Ur
1237 4375 1633 4434 Chaldaeorum.
1671 4396 1692 4431 ι
1724 4374 1998 4452 (annos)

421 4469 478 4525 In
504 4468 729 4525 Hebraeo
748 4467 803 4521 in
825 4465 904 4522 Ur
927 4465 1170 4523 Chesdim
1192 4467 1555 4541 (ε’ἾωῧἻἹΝ),
1584 4468 1637 4524 id
1667 4478 1771 4533 est,
1798 4470 1855 4525 in
1882 4470 2001 4543 igne

2028 3213 2083 3287 G

2108 1970 2437 2035 revertendi,
2469 1969 2683 2041 quando
2708 1968 2911 2024 dictum
2939 1979 3026 2024 est
3047 1969 3128 2024 ei:
3157 1988 3176 2021 ι
3206 1969 3498 2042 Egredere,
3530 1991 3548 2025 ο
3579 1979 3688 2029 etc.

2177 2059 2349 2132 (iSID.)
2394 2059 2633 2130 Reliquit
2675 2066 2877 2114 terram
2902 2056 3155 2114 Christus
3214 2068 3270 2114 et
3310 2060 3697 2132 cognationem

2103 2150 2431 2215 Judaéorum,
2482 2161 2541 2206 et
2583 2150 2958 2220 magniﬁcatus
2981 2159 3066 2205 est
3098 2150 3161 2206 in
3184 2151 3397 2222 populis
3423 2153 3689 2224 gentium.

2105 2243 2272 2301 Nobis
2296 2259 2511 2315 quoque
2540 2244 2846 2300 exeundum
2871 2252 2957 2300 est
2982 2244 3049 2300 de
3079 2253 3225 2300 terra
3263 2256 3470 2312 nostra,
3503 2246 3557 2303 id
3581 2257 3697 2315 est,

2106 2338 2173 2394 de
2208 2335 2556 2391 facultatibus
2589 2344 2645 2391 et
2667 2335 2862 2407 opibus
2890 2335 3147 2402 terrenis,
3177 2344 3234 2392 et
3261 2339 3604 2409 cognatione,
3634 2339 3695 2394 id

2103 2438 2187 2485 est
2221 2428 2634 2484 conversatione
2668 2428 2946 2493 vitiorum,
2981 2442 3123 2499 quae,
3151 2428 3312 2485 nobis
3337 2444 3369 2484 a
3400 2429 3692 2486 nativitate

2103 2523 2464 2588 cohaerentia,
2508 2521 2667 2592 quasi
2706 2519 2997 2577 aﬁioitates
3036 2521 3525 2593 consanguinitatis
3563 2528 3697 2578 sunt

2103 2618 2418 2689 conjuncta;
2465 2624 2522 2672 et
2575 2633 2595 2667 ι
2633 2615 2699 2671 de
2721 2615 2886 2671 domo
2921 2613 3117 2686 patris,
3150 2633 3169 2668 ι
3204 2615 3368 2672 idest
3393 2615 3460 2672 de
3485 2628 3693 2671 memo-

2104 2711 2185 2766 ria
2216 2709 2422 2774 mundi,
2456 2716 2516 2763 ut
2542 2708 2593 2763 ei
2624 2708 2996 2764 renuntiantes
3034 2706 3305 2778 possimus
3342 2723 3466 2764 cum
3491 2706 3693 2780 populo

2102 2803 2199 2861 Dei
2228 2800 2463 2867 dilatari,
2496 2809 2551 2856 et
2572 2800 2628 2855 in
2657 2808 2858 2855 terram
2883 2799 3256 2871 promissionis
3280 2798 3539 2867 celestis,
3564 2813 3689 2855 cum

2102 2904 2317 2965 tempus
2345 2892 2580 2959 venerit,
2612 2891 2902 2948 introduci.

2173 2984 2341 3040 Vens.
2372 2982 2582 3039 2-3.—
2600 2981 2931 3053 Faciamque
2954 2989 3013 3038 te
3040 2982 3095 3037 in
3124 2989 3339 3053 gentem
3367 2995 3639 3055 magnam,
3662 3000 3685 3036 ι

2102 3088 2208 3135 etc.
2241 3078 2417 3151 (Ιεω.)
2462 3077 2580 3133 Duo
2613 3075 3005 3148 promittuntur
3041 3074 3227 3139 Abrae,
3281 3075 3428 3146 quod
3478 3073 3693 3130 scilicet

2109 3180 2308 3227 terram
2333 3168 2592 3226 Chanaan
2621 3183 2807 3224 semen
2836 3167 2952 3238 ejus
2978 3167 3297 3237 possidebit,
3313 3182 3435 3224 cum
3453 3165 3685 3223 dicitur:

2111 3282 2131 3316 ι
2169 3263 2237 3319 Et
2258 3261 2383 3318 veni
2420 3261 2475 3316 in
2515 3270 2719 3317 terram
2754 3275 2917 3331 quam
2964 3261 3281 3317 monstrabo
3316 3259 3434 3317 tibi.
3474 3280 3494 3314 ι
3527 3258 3690 3315 Aliud
3788 3318 3801 3331 ,

2104 3364 2286 3412 autem
2337 3353 2497 3425 longe
2537 3353 2906 3424 praestantius,
2958 3369 3067 3411 non
3109 3355 3177 3409 de
3223 3353 3451 3420 carnali,
3481 3352 3577 3411 sed
3621 3353 3691 3409 de

2101 3445 2367 3517 spirituali
2405 3446 2630 3510 semine,
2659 3459 2768 3516 quo
2791 3454 2946 3516 pater
2972 3444 3188 3503 futurus
3209 3453 3314 3511 est,
3342 3461 3451 3501 non
3477 3453 3693 3501 tantum

2102 3538 2279 3613 gentis
2303 3536 2540 3594 Iudaicae
2568 3578 2584 3604 ,
2630 3537 2725 3594 sed
2765 3537 3009 3595 omnium
3052 3537 3291 3608 gentium
3337 3535 3499 3593 ﬁdem
3532 3551 3691 3595 suam

2101 3632 2479 3703 sequentium;
2513 3633 2658 3704 quod
2707 3632 2781 3688 ita
2809 3632 3186 3702 promittitur:
3219 3651 3238 3687 ς
3270 3631 3342 3689 Et
3362 3629 3693 3691 benediwn-

2099 3730 2190 3781 tur
2212 3724 2265 3779 in
2298 3732 2351 3780 te
2377 3738 2568 3780 omnes
2591 3731 2782 3795 gentes
2807 3732 2987 3780 terras.
3022 3742 3042 3778 ι

2172 3813 2337 3872 Vens.
2379 3815 2435 3870 ι.
2460 3845 2529 3857 -
2562 3833 2581 3868 ι
2634 3814 2989 3886 Septuaginta
3039 3815 3280 3889 quinque
3338 3832 3626 3874 annorum.
3660 3836 3687 3873 ι

2102 3907 2354 3982 (menon.
2383 3908 2439 3963 in
2455 3906 2519 3974 ρ.
2544 3906 2736 3980 Hebr.)
2761 3906 2817 3964 Si
2840 3907 3021 3964 Thare
3039 3916 3197 3981 pater
3208 3906 3368 3966 Abrae
3388 3908 3443 3967 in
3467 3909 3691 3982 regione

2101 4000 2373 4067 Chaldaea,
2403 4008 2531 4066 etc.,
2557 4015 2721 4070 usque
2748 3998 2819 4053 ad
2846 4008 2901 4054 et
2930 3999 3003 4054 ibi
3029 3999 3233 4056 diutius
3278 4008 3523 4057 moratus
3555 4001 3648 4058 sit.

2174 4092 2341 4148 Vens.
2386 4089 2639 4146 8-12.-—-
2691 4108 2710 4142 ι
2740 4089 2945 4147 Bethel.
2999 4110 3017 4142 ι
3068 4088 3251 4165 (ΗΑΒ.)
3297 4091 3689 4165 Interpretatur

2100 4187 2288 4243 domus
2308 4183 2432 4251 Dei,
2462 4199 2585 4256 quae
2642 4192 2766 4256 post
2809 4183 3087 4241 Bethaven
3135 4192 3324 4240 vocata
3365 4194 3475 4243 est.
3511 4186 3566 4243 id
3603 4195 3690 4245 est

2102 4279 2289 4344 domus
2319 4275 2470 4333 idoli.

2178 4389 2197 4424 ι
2260 4367 2383 4425 Hai.
2450 4387 2469 4421 ι
2541 4366 2786 4440 Mystice.
2845 4366 2944 4424 Bai
3010 4367 3194 4424 oculus
3263 4369 3350 4426 vel
3425 4369 3543 4441 fons
3601 4386 3690 4427 tn-

2103 4469 2455 4533 terpretatur.
2524 4457 2844 4516 Patriarcha
2908 4475 3041 4532 ergo
3088 4460 3316 4518 tendens
3358 4462 3426 4517 ad
3482 4470 3685 4521 terram

424 4555 816 4612 Chaldteorum.
846 4554 947 4612 Hic
974 4555 1286 4613 fabulantur
1308 4556 1517 4614 Hebraei
1543 4558 1688 4631 quod
1711 4558 1913 4616 Abram
1946 4561 1999 4617 in
2028 4578 2079 4641 ι)
2103 4552 2512 4627 promissionis.
2567 4551 2793 4641 tetendit
2838 4550 3246 4606 tabernaculum
3295 4551 3438 4607 inter
3495 4550 3685 4609 Bethel

420 4652 599 4724 ignem
629 4649 702 4706 sit
728 4649 947 4715 missus,
980 4649 1107 4721 quia
1150 4649 1330 4721 ignem
1358 4650 1531 4707 noluit
1556 4650 1807 4719 adorare,
1838 4669 1999 4725 quem
2034 4640 2041 4641 ί
2104 4653 2163 4702 et
2207 4643 2325 4710 Bai.
2375 4644 2502 4715 quia
2545 4642 2719 4699 sancti
2768 4640 2918 4698 fonte
2969 4642 3221 4714 baptismi
3253 4643 3581 4717 regenerati,
3630 4644 3687 4701 in

419 4741 659 4801 Chaldaei
686 4739 892 4807 colunt,
918 4750 977 4798 et
1001 4741 1094 4796 Dei
1126 4742 1329 4799 auxilio
1362 4743 1644 4814 liberatus,
1676 4745 1745 4802 de
1774 4747 1999 4804 idolola-

420 4832 540 4890 triae
573 4832 698 4903 igne
721 4828 988 4903 effugerit.
1018 4830 1172 4887 Unde
1196 4831 1263 4886 ad
1284 4846 1410 4887 eum
1431 4832 1628 4890 dicitur
1654 4852 1667 4890 :
1696 4855 1716 4887 «
1740 4836 1853 4909 Ego
1881 4852 1999 4892 sum

419 4924 513 4999 qui
549 4922 709 4979 eduxi
739 4932 791 4979 te
819 4923 887 4981 de
915 4921 992 4979 Ur
1015 4921 1411 4979 Chaldaeorum.
1446 4946 1466 4979 ι

499 5034 517 5065 ‹
546 5015 709 5071 Aram
724 5013 900 5086 patris
921 5013 1195 5071 Melcham
1234 5014 1423 5089 (Ibid.)
1447 5016 1594 5095 Idem
1623 5027 1776 5090 pater
1801 5018 2000 5075 utrius-

418 5119 546 5180 que.
577 5103 743 5159 Aram
770 5102 911 5158 ﬁlius
934 5101 1133 5170 Thare,
1166 5100 1334 5160 frater
1351 5104 1509 5163 Abrae
1533 5118 1588 5162 et
1609 5106 1840 5173 Nachor,
1865 5108 2001 5164 duas

420 5197 561 5255 ﬁlias
580 5196 785 5270 genuit,
800 5196 1063 5253 Melcham
1085 5208 1140 5253 et
1163 5195 1342 5265 Sarai,
1360 5208 1715 5271 cognomento
1726 5198 1994 5257 Jescham.

421 5288 687 5347 Melcham
725 5288 881 5345 duxit
921 5286 1160 5356 Nachor,
1206 5297 1262 5344 et
1290 5288 1447 5345 Sarai
1477 5289 1696 5347 Abram.
1752 5290 1997 5348 Nondum

420 5386 564 5442 enim
598 5385 740 5440 inter
766 5387 989 5455 patruos
1026 5392 1080 5440 et
1112 5395 1303 5455 neptes
1337 5383 1537 5455 nuptiae
1574 5382 1791 5440 fuerant
1818 5385 1999 5455 prohi-

417 5477 569 5545 bitae,
591 5491 712 5549 qua:
734 5476 791 5532 in
814 5475 1083 5548 principio
1105 5475 1272 5532 etiam
1304 5474 1446 5531 inter
1474 5473 1671 5531 fratres
1696 5482 1750 5535 et
1780 5490 1995 5531 sorores

420 5577 545 5626 sunt
576 5569 878 5626 celebratae.
1974 5642 1981 5648 _

497 5679 518 5713 ι
548 5660 694 5717 Tulit
722 5662 904 5732 itaque
931 5658 1108 5717 Thare
1128 5658 1353 5727 Abram,
1388 5679 1407 5714 ι
1442 5667 1572 5723 etc.,
1601 5674 1780 5733 usque,
1816 5677 1834 5712 ι
1866 5657 1993 5715 facti

426 5769 446 5805 ι
482 5760 608 5807 sunt
632 5752 746 5808 dies
771 5750 951 5807 Thare
979 5750 1335 5806 ducentorum
1364 5751 1601 5822 quinque
1625 5767 1911 5817 annorum,
1940 5758 1997 5807 et

428 5858 451 5897 ι
482 5850 727 5901 mortuus
744 5849 830 5898 est
853 5840 908 5897 in
929 5838 1128 5897 tiaran.
1154 5861 1172 5894 ι
1195 5839 1376 5917 (Anc)
1401 5839 1557 5899 Prius
1572 5840 1788 5912 dicitur,
1814 5865 1829 5897 ι
1853 5846 1997 5920 ψιοᾶ

2104 4754 2265 4795 cursu
2317 4738 2477 4810 hujus
2526 4738 2651 4793 vitae
2676 4737 3080 4810 circumspecti,
3124 4736 3193 4794 ad
3220 4735 3315 4792 Dei
3363 4736 3688 4794 tabernacu-

2104 4829 2235 4897 lum,
2269 4830 2322 4887 id
2344 4838 2446 4897 est,
2474 4830 2752 4887 caelestem
2784 4840 3077 4903 properant
3114 4830 3414 4889 civitatem.

2175 4920 2340 4978 Vens.
2375 4921 2561 4979 13-14.
2584 4953 2656 4963 —
2685 4940 2706 4974 ‹
2740 4922 2835 4978 Dic
2864 4937 3015 4995 ergo,
3044 4921 3293 4990 obsecro,
3331 4943 3350 4977 ι
3389 4934 3496 4981 etc.
3521 4922 3681 4997 (Anc.

2103 5011 2199 5069 lib.
2226 5031 2312 5070 xvt
2342 5014 2407 5069 de
2435 5011 2573 5081 Civ.,
2604 5029 2653 5069 c.
2682 5011 2792 5087 19.)
2822 5012 3090 5082 Quaeritur
3134 5029 3234 5069 cur
3256 5013 3565 5086 patriarcha
3590 5028 3685 5070 vo-

2100 5104 2202 5161 luit
2232 5104 2469 5171 mentiri,
2500 5112 2630 5172 etc.,
2665 5121 2828 5175 usque
2855 5104 2925 5158 ad
2954 5114 3009 5160 et
3035 5104 3202 5160 vitam
3233 5121 3387 5162 suam
3416 5114 3473 5163 et
3496 5106 3685 5163 uxoris

2103 5196 2437 5269 pudicitiam.
2522 5192 2531 5201 ’

2175 5285 2340 5341 Vens.
2384 5283 2594 5340 15-20.
2618 5316 2689 5326 —
2715 5305 2736 5339 ι
2771 5284 2994 5342 Sublata
3047 5294 3132 5344 est
3177 5287 3391 5344 mulier.
3424 5308 3444 5343 ι
3497 5286 3682 5365 (ΡιΑιι.)

2103 5378 2410 5435 Excusatur
2452 5376 2632 5445 Sarai,
2680 5394 2803 5450 quae
2849 5379 2904 5435 in
2934 5380 3154 5435 domum
3174 5379 3474 5437 Pharaonis
3507 5388 3685 5439 trans-

2098 5470 2276 5529 fertur
2302 5471 2491 5537 invita,
2519 5486 2628 5527 non
2658 5471 2832 5528 solum
2860 5473 2917 5528 in
2939 5473 3044 5528 hoc
3066 5471 3209 5543 quod
3230 5488 3336 5528 non
3363 5473 3679 5545 inquinatur

2097 5578 2297 5635 corpus
2334 5577 2436 5619 nec
2474 5563 2655 5618 anima
2695 5563 2799 5620 nisi
2838 5563 3040 5621 mentis
3076 5578 3369 5631 consensu,
3391 5565 3485 5622 sed
3513 5564 3682 5622 etiam

2099 5654 2155 5710 in
2182 5654 2284 5711 hoc
2309 5654 2453 5726 quod
2482 5656 2840 5712 conveniente
2873 5663 2929 5712 et
2958 5656 3304 5728 permittente
3331 5658 3452 5714 viro
3477 5675 3575 5715 suo
3601 5658 3682 5715 fa-

2100 5755 2247 5804 ctum
2274 5755 2377 5803 est.

2170 5842 2329 5913 (Anc.
2379 5841 2579 5912 Quwst.
2628 5839 2687 5896 in
2709 5836 2866 5916 Gen.)
2912 5837 3071 5916 Apud
3108 5839 3444 5901 Pharaonem
3491 5844 3683 5906 tandiu
