4074 6334
304 445 413 502 117
1350 453 1617 512 GLOSSA
1655 457 2055 518 ORDINARIA.
2094 495 2164 505 —-
2200 467 2325 523 LIB.
2369 469 2529 526 GEN.

3475 481 3575 536 “8

298 558 481 630 potuit
520 573 641 613 esse
705 559 945 627 intacta,
996 563 1121 632 quia
1175 564 1229 618 in
1269 565 1464 622 Esther
1505 570 1700 641 legitur
1742 575 1886 642 quod
1912 581 1962 640 Α
2067 598 2085 630 ι
2125 581 2344 639 Fratres
2386 588 2531 640 enim
2578 603 2781 642 sumus.
2821 608 2838 640 ι
2880 589 3076 646 Tribus
3117 593 3291 648 modis
3324 595 3577 652 dicuntur
3675 621 3677 625 ί

298 649 494 719 puellae
536 665 644 704 non
689 653 875 706 statim
919 653 987 706 ad
1041 670 1198 726 reges
1242 655 1748 728 introducebantur,
1794 665 1890 720 sed
1991 667 2189 726 fratres
2240 673 2294 726 in
2343 685 2528 731 sancta
2582 675 2860 749 Scriptura
2909 690 3172 746 :natura,
3206 691 3264 736 ut
3307 683 3475 740 Jacob
3517 696 3576 742 et

297 753 412 796 uno
459 755 604 794 anno
647 743 1125 810 custodiebantur,
1185 756 1240 802 et
1295 764 1390 804 sex
1444 755 1720 810 mensibus
1769 757 1892 812 oleo
1988 761 2164 828 Esau;
2212 769 2552 836 cognatione,
2595 779 2655 824 ut
2697 743 2896 826 Abram
2922 782 2977 828 et
3009 773 3143 837 Lot;
3195 785 3374 846 gente,
3432 778 3577 834 sicut

295 833 584 903 myrrhino
620 838 976 905 angebantur,
1022 849 1078 894 et
1118 842 1238 898 aliis
1276 859 1371 899 sex
1410 847 1688 903 mensibus
1720 851 1773 905 in
1805 852 1889 906 di-

295 923 473 978 versis
495 925 866 982 odoramentis
899 938 1073 984 erant.
1103 931 1284 988 Potuit
1315 950 1444 1007 ergo
1473 952 1571 1006 per
1597 940 1693 994 has
1731 941 1886 996 indu-

295 1017 413 1070 cias
452 1018 710 1085 temporis
749 1019 947 1074 intacta
994 1038 1234 1080 manere.
1270 1026 1336 1080 Et
1390 1029 1604 1084 interim
1635 1030 1774 1087 bene
1799 1033 1884 1088 usi

293 1115 424 1161 sunt
464 1106 666 1162 Abram
689 1109 951 1181 ngyptii,
1001 1113 1172 1168 donec
1193 1114 1404 1172 Pharao
1453 1135 1484 1172 a
1511 1119 1620 1173 Deo
1651 1118 1885 1191 ﬂagella-

293 1204 402 1258 tus,
441 1206 497 1250 et
537 1213 870 1270 cognoscens
909 1203 1052 1272 quod
1092 1213 1237 1260 esset
1277 1222 1414 1262 uxor
1454 1210 1590 1280 ejus,
1634 1213 1884 1268 redderet

289 1287 577 1346 intactam.
655 1352 682 1378 .

892 1384 1120 1443 CAPUT
1164 1387 1277 1444 XIII

357 1491 524 1548 Vens.
585 1488 636 1560 l,
681 1495 733 1550 2.
765 1526 835 1536 —
868 1516 886 1548 ‹
941 1497 1200 1554 Ascendit
1251 1517 1379 1572 ergo
1427 1503 1652 1573 Abram,
1709 1527 1728 1560 ι
1769 1517 1874 1564 etc.

286 1584 538 1656 (HIERON.
597 1589 650 1642 in
702 1586 768 1655 ρ.
813 1589 1000 1663 Hebr.)
1039 1592 1113 1647 De
1158 1593 1392 1666 Egypto
1431 1597 1690 1655 liberatus
1739 1600 1878 1657 bene

283 1683 597 1739 ascendisse
629 1683 844 1754 legitur,
876 1685 970 1740 sed
1016 1690 1286 1757 quomodo
1333 1693 1508 1760 potuit
1561 1695 1710 1750 dives
1755 1711 1877 1752 esse

280 1771 475 1826 valde?
525 1771 632 1828 Sed
661 1775 711 1828 in
740 1773 1004 1831 IIebraica
1049 1780 1280 1834 veritate
1311 1783 1542 1839 habetur
1558 1795 1664 1847 ’τῃ
1701 1789 1874 1859 gravis

1985 867 2173 909 omnes
2195 855 2384 912 Judzei.
2414 859 2568 916 Unde
2605 863 2652 917 si
2700 872 3011 922 attenuatus
3038 865 3198 922 fuerit
3239 866 3412 924 frater
3443 880 3572 926 tuus

1984 952 2039 998 et
2072 947 2375 1002 vendiderit
2399 965 2457 1004 se
2487 952 2601 1018 tibi,
2635 962 2744 1008 etc.

2053 1033 2214 1090 Vens.
2261 1038 2442 1094 10-12.
2483 1073 2552 1082 -—-
2593 1062 2611 1094 ι
2669 1045 2821 1101 Sicut
2877 1050 3180 1116 paradisus,
3223 1072 3242 1104 ι
3275 1061 3380 1108 etc.
3435 1054 3572 1112 Hinc

1983 1127 2240 1186 discimus
2257 1148 2377 1188 esse
2402 1139 2712 1205 paradisum
2753 1149 3062 1210 terrenum,
3092 1147 3177 1201 cui
3223 1159 3570 1219 comparatur

1981 1226 2196 1276 terrena
2245 1224 2508 1295 irrigatio.
2559 1229 2686 1286 Haec
2727 1234 2872 1288 enim
2929 1239 3079 1307 regio
3136 1238 3296 1308 plana
3348 1249 3464 1294 erat
3513 1247 3569 1295 et

1980 1315 2319 1382 campestris,
2353 1327 2407 1372 et
2440 1319 2666 1390 irrigata
2693 1322 2929 1392 Jordane
2966 1326 3185 1395 ﬂuente,
3214 1331 3354 1385 sicut
3397 1329 3570 1402 Ᾱῑες-
3655 1379 3664 1386 ς

1980 1413 2103 1474 ptus
2127 1405 2266 1462 Nilo.

2051 1497 2209 1553 Vsus.
2256 1501 2342 1555 15.
2407 1534 2479 1544 -
2538 1523 2557 1556 ι
2595 1506 2792 1563 Coram
2841 1510 3088 1567 Domino.
3133 1533 3153 1566 ι
3199 1512 3298 1569 Cui
3355 1515 3562 1574 crimen

1975 1590 2306 1657 puniendum
2335 1596 2733 1655 committitur:
2768 1618 2893 1656 nam
2913 1613 2968 1658 et
2995 1605 3303 1664 hominibus
3335 1609 3566 1667 manife-

1976 1687 2120 1734 stum
2150 1683 2374 1750 crimen,
2400 1689 2492 1742 sed
2523 1704 2630 1744 non
2659 1691 3010 1760 puniendum.
3431 1703 3438 1708 '

2047 1772 2210 1830 Vens.
2261 1777 2347 1831 14.
2381 1808 2452 1820 -α-
2479 1801 2498 1832 ‹
2535 1781 2678 1838 Leva
2723 1785 2929 1852 oculos,
2971 1807 2989 1839 ι
3032 1797 3136 1844 etc.
3182 1789 3348 1856 Quasi
3378 1792 3562 1862 aspice

277 1867 601 1918 uehementer
631 1883 644 1918 :
672 1863 890 1937 Egypti
946 1869 1090 1923 enim
1117 1871 1353 1941 pondere
1406 1878 1753 1946 gravabatur.
1804 1880 1847 1935 E

1972 1878 2072 1932 per
2127 1876 2365 1934 quatuor
2424 1871 2638 1928 climata
2701 1877 2880 1942 orbis;
2942 1881 3214 1949 possessio
3273 1881 3562 1940 Palestina:

277 1954 406 2010 licet
441 1957 721 2012 videantur
745 1974 867 2013 esse
897 1961 1096 2015 divitiae
1127 1964 1244 2017 auri
1270 1973 1324 2019 et
1355 1969 1594 2036 argenti,
1619 1970 1662 2023 si
1686 1981 1849 2025 auten

1971 1931 2305 2022 promittitur
2339 1963 2387 2017 ei
2439 1971 2494 2017 et
2521 1967 2712 2020 semini
2752 1966 2886 2036 ejus.
2939 1931 3092 2037 διιοὰ
3138 1973 3190 2028 in
3235 1973 3561 2045 quibusdam

275 2043 546 2117 Egyptian
572 2056 715 2114 sunt,
751 2059 940 2104 sancto
971 2051 1086 2105 viro
1120 2068 1314 2123 graves
1363 2065 1526 2122 sunt;
1557 2072 1678 2123 nec,
1713 2067 1770 2112 ut
1810 2061 1864 2116 in

273 2133 425 2189 LXX
477 2137 698 2208 legitur,
756 2157 774 2190 ι
817 2139 965 2196 Abiit
1015 2143 1158 2197 unde
1211 2154 1433 2200 venerat
1480 2147 1535 2201 in
1590 2150 1865 2206 desertum

272 2240 449 2296 usque
478 2226 684 2296 Bethel,
731 2249 752 2282 ι
794 2231 909 2296 sed,
957 2234 1251 2288 secundum
1298 2234 1602 2302 Hebrmum,
1651 2257 1670 2290 ι
1716 2238 1866 2295 Abiit

269 2315 326 2370 in
355 2318 552 2374 itinere
573 2335 671 2374 suo
698 2337 797 2390 per
817 2331 1061 2377 austrum
1091 2339 1261 2394 usque
1287 2325 1494 2381 Bethel.
1531 2347 1550 2380 ι
1584 2327 1660 2383 De
1691 2327 1862 2402 Egy-

267 2417 362 2479 pto
404 2410 548 2465 enim
590 2412 864 2481 profectus
903 2424 1006 2480 est,
1050 2432 1156 2471 non
1185 2427 1246 2473 ut
1297 2419 1574 2475 desertum
1627 2433 1858 2493 peteret,

267 2502 412 2570 quod
464 2503 519 2556 in
567 2503 802 2576 [Egypto
831 2506 1141 2577 reliquerat,
1185 2511 1277 2564 sed
1331 2521 1391 2565 ut
1447 2528 1544 2582 per
1590 2521 1857 2582 austrum,

265 2593 360 2660 qui
385 2593 624 2662 aquiloni
655 2598 962 2652 contrarius
1011 2607 1113 2663 est,
1162 2601 1373 2657 veniret
1403 2604 1468 2656 ad
1495 2603 1711 2660 domum
1740 2607 1854 2673 Dei,

265 2683 356 2738 ubi
381 2693 503 2739 erat
527 2685 929 2742 tabernaculum
959 2689 1076 2760 ejus
1105 2689 1250 2745 inter
1271 2691 1458 2747 Bethel
1493 2703 1546 2748 et
1581 2695 1700 2749 Hai.

335 2771 501 2829 Vens.
531 2775 645 2829 5-5.
681 2805 754 2818 —-
787 2796 804 2829 ι
845 2777 900 2832 In
926 2777 1134 2845 Bethel,
1172 2799 1190 2830 ι
1243 2789 1348 2835 etc.
1392 2781 1489 2836 Est
1524 2791 1705 2838 autem
1757 2783 1857 2841 Be-

263 2865 377 2920 thel
406 2866 682 2922 civitatula
707 2869 758 2923 in
790 2869 1110 2926 duodecimo
1133 2871 1308 2940 lapide
1353 2873 1422 2929 ab
1454 2871 1602 2928 Helia
1633 2877 1700 2931 ad
1723 2875 1854 2932 dex-

263 2964 438 3011 teram
487 2959 744 3015 euntibus
779 2959 1054 3030 Neapolim
1084 2981 1096 3016 :
1123 2977 1242 3032 quae
1283 2963 1432 3032 prius
1476 2964 1643 3032 Luza,
1686 2966 1738 3020 id
1768 2977 1852 3023 est

261 3045 615 3118 Amygdalus,
668 3051 1004 3116 vocabatur,
1053 3052 1106 3106 in
1153 3051 1294 3107 tribu
1340 3052 1621 3123 Benjamin
1677 3075 1692 3111 :
1757 3056 1852 3114 Hai

260 3151 393 3194 vero
435 3139 490 3199 in
528 3141 671 3196 tribu
717 3139 854 3196 Juda
899 3151 1152 3212 separata
1200 3143 1604 3212 sacerdotibus;
1636 3146 1849 3214 Bethel,

261 3230 452 3286 domus
483 3231 615 3298 Dei;
645 3231 768 3299 Hai,
807 3233 990 3288 oculus
1034 3235 1118 3290 vel
1145 3234 1262 3304 fons
1299 3254 1310 3289 :
1345 3237 1480 3292 bene
1507 3251 1638 3310 ergo
1669 3240 1850 3295 taber-

1971 2043 2270 2112 codicibus,
2313 2066 2456 2104 mare
2486 2067 2583 2122 pro
2605 2055 2867 2110 occidente
2916 2059 3157 2128 ponitur,
3183 2043 3304 2118 ideo
3325 2063 3386 2118 ﬁt
3429 2064 3560 2134 quia

1971 2129 2264 2190 Palaestina
2285 2154 2435 2195 mare
2465 2142 2631 2198 habet
2656 2145 2724 2200 ab
2753 2146 3055 2205 occidente.

2038 2221 2199 2281 Vsus.
2237 2227 2426 2284 15-17.
2465 2263 2537 2273 -
2575 2252 2594 2285 ‹
2649 2233 2874 2292 Omnem
2929 2247 3162 2309 terram,
3204 2264 3224 2296 ι
3273 2253 3378 2301 etc.
3433 2245 3554 2302 Non

1966 2311 2068 2368 hoc
2105 2316 2277 2372 solum
2327 2323 2654 2389 promissum
2694 2335 2798 2382 est.
2831 2327 2949 2384 Non
3002 2333 3147 2388 enim
3193 2335 3396 2392 dictum
3449 2347 3552 2406 est,

1966 2401 2198 2460 Tantum
2251 2415 2409 2465 terrm
2437 2411 2534 2468 tibi
2581 2415 2720 2472 dabo
2769 2427 3030 2482 quantum
3061 2423 3254 2491 vides;
3284 2428 3400 2492 sed,
3432 2401 3553 2484 Tibi

1959 2495 2102 2574 dabo
2124 2506 2324 2555 terram
2363 2516 2528 2571 quam
2573 2506 2744 2576 vides.
2778 2509 2914 2566 Cum
2943 2513 3089 2568 enim
3115 2524 3171 2570 et
3193 2515 3420 2574 ulterior
3447 2536 3549 2575 un-

1962 2585 2123 2656 dique
2162 2589 2420 2658 dabatur,
2450 2593 2564 2650 haec
2590 2589 2860 2670 praecipue
2906 2603 3138 2660 dabatur
3165 2621 3286 2676 quae
3335 2609 3553 2664 videba.

1961 2685 2068 2732 tur.
2107 2677 2258 2736 Unde
2299 2692 2354 2738 et
2395 2685 2638 2742 addidit:
2673 2706 2693 2740 α
2747 2690 2921 2764 Surge
2968 2703 3025 2750 et
3073 2698 3392 2765 perambula
3437 2708 3547 2755 ter-

1959 2783 2097 2834 ram,
2135 2791 2152 2824 ι
2183 2779 2314 2840 etc.,
2338 2783 2399 2829 ut
2427 2779 2851 2846 perambulando
2897 2785 3130 2843 scilicet
3152 2791 3432 2860 perveniat
3478 2794 3547 2849 ad

1957 2875 2078 2916 eam
2100 2877 2264 2932 quam
2314 2865 2368 2922 in
2414 2883 2522 2924 uno
2560 2869 2680 2928 loco
2729 2881 2880 2930 stans
2931 2877 3115 2935 videre
3152 2895 3258 2935 non
3310 2890 3543 2952 poterat.

1958 2949 2308 3024 Signiﬁcatur
2357 2966 2537 3016 autem
2566 2976 2631 3022 ea
2674 2971 2818 3020 terra
2864 2981 3026 3037 quam
3068 2949 3353 3041 acceperat
3379 2973 3548 3032 Israel

1955 3056 2140 3098 semen
2188 3045 2350 3104 Abrae
2379 3052 2673 3108 secundum
2715 3071 2956 3123 carnem,
2987 3075 3096 3116 non
3129 3063 3425 3118 secundum
3478 3068 3542 3119 ﬁ-

1955 3133 2075 3188 dem
2109 3153 2120 3188 :
2163 3139 2306 3207 quod
2353 3138 2594 3200 futurum
2639 3155 2760 3201 erat
2804 3148 2946 3204 sicut
2988 3167 3152 3208 arena
3184 3155 3372 3222 maris,
3417 3158 3544 3227 quia

1953 3229 2228 3284 numerari
2252 3245 2362 3287 non
2390 3235 2579 3304 possit.

260 3323 516 3379 meum“,
571 3325 713 3380 ίηιει.
737 3325 928 3383 Bethel
956 3337 1012 3383 ει
1037 3299 1361 3400 Ηηίθςεηε,
1394 3299 1600 3386 auare“
1618 3332 1849 3389 Domino
1876 3299 1926 3364 C
2031 3337 2049 3368 ι
2086 3319 2204 3374 Tibi
2234 3299 2440 3380 dabo.)
2479 3325 2696 3383 Christo
2729 3331 3065 3400 promittitur
3088 3334 3378 3393 hereditas
3417 3353 3539 3393 om-

259 3413 575 3482 :ze‘diﬁcavit,
604 3418 730 3488 quia
780 3420 952 3476 sancti
978 3436 1010 3475 a
1045 3421 1230 3476 mundi
1277 3421 1524 3492 principe
1566 3432 1623 3478 et
1665 3426 1850 3483 saeculi

255 3506 625 3575 voluptatibus
663 3512 997 3579 recedentes,
1039 3513 1208 3569 abluti
1238 3523 1430 3570 sancto
1459 3514 1608 3572 fonte
1637 3517 1847 3588 baptis-

257 3600 358 3664 mi,
411 3615 629 3657 cursum
671 3606 959 3674 prtesentis
1006 3607 1131 3662 vitae
1175 3608 1516 3666 considerate
1565 3611 1845 3680 ducentes,

256 3697 313 3746 et
357 3692 592 3748 hostiam
634 3695 811 3752 laudis
845 3705 904 3752 et
939 3698 1064 3753 boni
1103 3700 1283 3769 Operis
1310 3715 1474 3772 super
1502 3701 1674 3759 altare
1719 3703 1844 3760 ﬁdei

254 3782 368 3838 Deo
393 3784 733 3853 exhibentes,
763 3789 830 3843 ad
867 3790 1084 3845 domum
1116 3789 1232 3857 Dei,
1264 3791 1320 3847 id
1348 3800 1434 3847 est
1462 3793 1530 3850 ad
1566 3794 1844 3851 cmlestem

255 3871 616 3943 Hierusalem,
639 3878 872 3936 feliciter
894 3883 1138 3937 tendunt.

331 3963 495 4020 Vens.
530 3966 644 4024 6-9.
675 3999 745 4010 --
793 3989 812 4020 α
875 3971 1005 4026 Erat
1050 3970 1250 4043 quippe
1301 3975 1605 4032 substantia
1653 3991 1842 4034 eorum

257 4071 282 4106 ι
314 4055 502 4122 multa,
532 4076 550 4110 ι
573 4068 682 4114 etc.
710 4079 730 4112 ι
759 4060 838 4118 Ne
856 4075 1035 4131 quaeso
1055 4064 1148 4130 sit,
1168 4084 1189 4118 ι
1209 4074 1316 4122 etc.
1344 4065 1454 4123 Nos
1473 4084 1688 4140 quoque
1710 4070 1842 4126 nihil

250 4149 561 4204 concordiae
587 4160 642 4205 et
664 4153 912 4209 charitati
944 4171 1342 4227 praponamus,
1381 4161 1498 4216 sed'
1517 4178 1614 4233 per
1649 4165 1838 4220 dexte-

251 4254 374 4294 ram
401 4243 794 4313 prosperitatis,
820 4246 904 4302 vel
926 4246 1208 4304 sinistram
1227 4251 1596 4318 adversitatis,
1623 4254 1679 4308 in
1705 4271 1839 4326 pace

249 4341 312 4386 et
343 4333 632 4391 dilectione
669 4352 1097 4407 perseveremus.
1131 4341 1269 4398 Rixa
1283 4343 1436 4421 inter
1461 4355 1710 4416 pastores
1736 4348 1838 4405 Lot

249 4433 309 4478 et
338 4434 584 4495 pastores
609 4428 770 4485 Abrae
803 4433 1228 4490 controversiam
1257 4436 1528 4507 signiﬁcat
1572 4439 1714 4493 inter
1741 4455 1836 4510 pa-

251 4526 430 4572 stores
473 4519 768 4576 catholicos
803 4531 858 4577 et
887 4525 1238 4580 subversorcs
1262 4527 1568 4584 haereticos.
1605 4527 1758 4586 Unde
1779 4539 1837 4586 et

248 4606 357 4662 Lot
397 4609 782 4666 haeresiarchas
827 4613 1114 4684 signiﬁcat,
1146 4617 1238 4686 qui
1269 4616 1538 4672 declinans
1567 4619 1832 4689 interpre-

247 4707 434 4763 tatur;
461 4710 516 4755 et
551 4701 698 4756 circa
713 4700 1046 4771 Jordanem,
1081 4705 1132 4760 id
1169 4715 1251 4762 est
1284 4707 1624 4775 descensum,
1658 4712 1831 4782 regio-

247 4805 378 4846 nem
406 4790 507 4848 sibi
530 4793 710 4864 elegit.
735 4794 990 4852 Pastores
1013 4797 1152 4865 ejus,
1180 4798 1468 4858 haereticos
1495 4811 1550 4858 et
1571 4804 1834 4860 schisma-

248 4883 406 4944 ticos,
443 4885 531 4954 qui
563 4885 785 4956 pulchra
833 4896 888 4942 et
938 4887 1165 4942 declivia
1194 4897 1403 4958 petunt,
1447 4907 1548 4946 nec
1576 4892 1631 4946 in
1678 4909 1834 4948 mon-

245 4983 362 5029 tem
418 4990 540 5030 cum
596 4975 748 5033 Mose
794 4979 1092 5037 ascendunt
1119 4981 1186 5034 ad
1238 4981 1547 5048 Dominum,
1573 4998 1759 5054 pacem
1782 4994 1837 5039 et

245 5063 516 5120 unitatem
537 5067 880 5124 continentes
897 5085 916 5136 ;.
936 5077 992 5124 et
1011 5071 1287 5140 optionem
1315 5087 1424 5142 quo
1447 5073 1633 5128 volunt
1673 5075 1835 5132 eundi

244 5154 556 5224 accipiunt;
599 5165 655 5212 et
684 5160 911 5229 gratiam
953 5160 1254 5231 fugientes,
1301 5161 1472 5218 libero
1515 5165 1742 5228 arbitrio
1774 5182 1831 5223 se

241 5248 610 5304 committunt.
645 5249 900 5308 Pastores
940 5269 1069 5309 vero
1111 5255 1273 5310 Abrm
1316 5256 1614 5314 catholicos
1649 5259 1831 5315 docto-

238 5356 337 5395 res
361 5341 693 5411 signiﬁcant,
715 5345 804 5413 qui
835 5347 1115 5407 haereticos
1143 5347 1306 5402 etiam
1333 5347 1576 5404 localiter
1598 5349 1825 5420 fugiunt,

241 5431 544 5486 secundum
566 5432 694 5487 illud
718 5435 785 5489 ad
807 5435 983 5489 Titum
1009 5452 1068 5490 ιιι
1099 5454 1110 5489 :
1150 5455 1168 5487 ι
1207 5437 1531 5493 Ιιηετθιίοιιιη
1555 5439 1828 5496 hominem

242 5529 372 5592 post
395 5523 626 5592 primam
669 5534 724 5580 et
759 5527 1051 5581 secundam
1101 5529 1496 5586 correctionem
1540 5532 1755 5586 devita:
1802 5553 1821 5584 ι

242 5623 304 5670 et
342 5615 444 5670 hoc
477 5617 619 5672 inter
654 5627 840 5689 gentes
869 5618 1157 5676 Chananaei
1191 5632 1244 5678 et
1281 5623 1570 5688 Pheresmi,
1606 5626 1657 5679 in
1688 5636 1830 5680 terra

241 5705 456 5760 scilicet
500 5708 896 5776 promissionis,
946 5713 1069 5780 quia
1116 5713 1257 5768 inter
1310 5716 1606 5770 catholicos
1633 5724 1687 5770 et
1725 5718 1832 5771 hie-

215 5797 473 5886 ‘reticos,
512 5814 744 5870 quorum
795 5803 866 5858 sit
901 5819 1125 5876 regnum
1187 5807 1472 5875 caelorum,
1527 5808 1664 5866 solet
1712 5823 1832 5866 esse

239 5889 544 5950 contentio.

1951 3407 2100 3468 nium
2159 3413 2399 3480 gentium
2426 3454 2442 3482 ,
2492 3417 2584 3486 qui
2645 3417 2941 3476 Ecclesiam
2997 3438 3150 3480 suam
3209 3440 3308 3495 per
3366 3436 3540 3484 totum

1949 3501 2210 3556 mundum
2259 3503 2490 3572 diﬁ'udit,
2519 3509 2609 3563 cui
2653 3509 2816 3566 Pater
2846 3513 2980 3570 dicit
3010 3534 3024 3570 :
3069 3534 3088 3566 ι
3133 3516 3404 3575 Postulaa
3429 3536 3538 3590 me,

1948 3599 2007 3646 et
2039 3591 2180 3646 dabo
2214 3594 2310 3648 tibi
2351 3604 2542 3668 gegites
2591 3599 2964 3658 htereditatem
2993 3612 3143 3660 tuam
3177 3605 3352 3676 (Psal.
3391 3611 3476 3682 ιι).
3513 3631 3532 3664 ι

1948 3682 2017 3740 Ει
2045 3684 2254 3754 psalmo
2283 3703 2408 3744 mm
2442 3706 2454 3742 :
2493 3707 2513 3741 ι
2547 3689 2616 3746 Et
2649 3690 3019 3750 dominabitur
3043 3698 3234 3754 amari
3270 3714 3442 3771 usque
3464 3702 3534 3757 ad

1947 3791 2120 3832 mare.
2164 3798 2182 3831 1

2019 3891 2182 3948 Vens.
2207 3893 2293 3951 18.
2321 3925 2394 3938 —-
2422 3913 2442 3948 ι
2490 3895 2548 3952 In
2589 3896 2829 3955 Hebron.
2872 3920 2892 3955 ι
2926 3899 3133 3961 Civitas
3182 3912 3267 3961 est
3297 3905 3352 3960 in
3392 3907 3536 3961 tribu

1942 3980 2104 4049 Iuda,
2133 3999 2252 4054 quae
2278 3993 2334 4041 et
2350 3985 2708 4045 Cariatharbe
2734 3990 2960 4058 dicitur,
2981 3993 3037 4049 id
3059 4003 3170 4061 est,
3195 3997 3382 4051 civitas
3407 4015 3536 4069 qua-

1943 4085 2096 4141 tuor;
2116 4085 2262 4161 nt'tp
2287 4077 2530 4136 Cuaau'r
2547 4081 2692 4137 enim
2723 4081 2988 4141 Hebraice
2999 4087 3203 4154 ciuitas,
3219 4097 3380 4153 nat
3410 4089 3534 4144 orbe

1939 4179 2186 4240 quatuor.
2210 4170 2288 4225 lbi
2313 4173 2458 4228 enim
2487 4174 2625 4230 situs
2643 4183 2730 4232 est
2746 4175 2919 4234 Adam
2938 4179 3214 4238 maximus
3229 4189 3288 4237 et
3303 4180 3508 4238 Abram
3522 4223 3535 4246 ,

1938 4259 2091 4318 Isaac
2117 4269 2173 4317 et
2193 4260 2383 4320 Jacob.

2527 4377 2758 4436 CAPUT
2795 4379 2932 4438 XIV.

2009 4526 2172 4585 Vsus.
2197 4527 2248 4586 l.
2280 4560 2351 4571 —
2382 4547 2403 4582 ι
2436 4532 2751 4603 Amraphel.
2803 4553 2824 4587 ι
2873 4535 3266 4607 Interpretatur
3301 4539 3436 4596 dixit
3467 4552 3528 4597 ut

1933 4617 2162 4686 caderet,
2190 4628 2246 4674 et
2291 4628 2378 4677 est
2404 4636 2496 4678 rex
2551 4621 2815 4690 Sennaar,
2859 4641 2978 4696 quae
3004 4631 3242 4686 excussio
3291 4632 3527 4688 dentium

1936 4706 2019 4762 vel
2051 4707 2189 4777 fetor
2223 4725 2406 4764 eorum
2453 4712 2865 4784 interpretatur.
2897 4717 2998 4774 Hic
3035 4720 3303 4790 signiﬁcat
3353 4724 3524 4780 luere-

1938 4797 2096 4864 ticos,
2128 4799 2219 4869 qui
2248 4799 2317 4855 ad
2344 4817 2532 4858 casum
2581 4807 2826 4872 tendunt,
2850 4816 2907 4864 et
2942 4809 3123 4866 verbis
3166 4812 3366 4870 dolosis
3394 4814 3520 4871 feti-

1938 4889 2062 4944 dum
2088 4904 2308 4946 sensum
2332 4903 2608 4950 evomunt.

2014 5003 2032 5038 ‹
2064 4984 2286 5042 Ariocb.
2342 5007 2362 5039 ι
2414 4987 2610 5044 Ebrius
2661 4990 2749 5048 vel
2797 4991 3018 5052 ebrietas
3075 4995 3463 5066 interpretatur
3503 5017 3514 5053 :

1937 5074 2222 5142 stultitiam
2266 5077 2548 5149 gentilium
2579 5081 2885 5153 signiﬁcat,
2927 5085 3021 5156 qui
3049 5086 3333 5157 iniquitate
3381 5089 3518 5146 ebrii

1935 5176 2244 5222 creaturam
2293 5183 2392 5237 pro
2445 5169 2702 5226 Creatore
2750 5173 2957 5242 colunt,
3004 5185 3058 5231 et
3106 5177 3289 5233 steculi
3339 5179 3520 5235 illece-

1934 5255 2049 5327 bris
2081 5257 2394 5314 volvuntur.
2427 5277 2446 5312 ι
2489 5259 2971 5324 Chodorlahomor.
3015 5286 3034 5318 ι
3071 5266 3302 5324 Decorus
3342 5272 3516 5324 mani-

1932 5347 2090 5418 pulus
2118 5349 2527 5421 interpretatur,
2556 5353 2649 5425 qui
2675 5363 2762 5412 est
2786 5371 2882 5410 rex
2914 5357 3099 5424 Elam,
3130 5359 3182 5414 id
3215 5369 3328 5426 est,
3358 5361 3516 5430 hujus

1933 5440 2113 5495 saeculi
2137 5458 2154 5497 .'
2183 5443 2508 5514 hypocrisim
2539 5447 2828 5519 signiﬁcat,
2871 5467 2990 5522 qua:
3019 5452 3147 5510 licet
3175 5470 3312 5510 vana
3341 5455 3410 5509 sit
3456 5465 3513 5510 et

1931 5535 2260 5606 perniciosa,
2315 5546 2492 5592 tamen
2523 5539 2718 5596 decora
2761 5543 2814 5596 in
2845 5543 3131 5614 superﬁcie
3159 5546 3392 5610 videtur,
3420 5547 3516 5600 sed

1929 5626 1982 5682 in
2014 5625 2191 5684 futuro
2218 5629 2347 5698 quid
2375 5629 2538 5686 fuerit
2562 5634 2860 5703 apparebit.

2005 5735 2023 5768 ι
2057 5717 2280 5772 Thadal.
2319 5738 2338 5771 ι
2375 5718 2554 5776 Sciens
2573 5723 2764 5793 jugum
2815 5725 2898 5780 vel
2945 5727 3266 5797 explorator,
3300 5729 3391 5798 qui
3426 5740 3514 5788 est

1929 5823 2028 5864 rex
2060 5811 2342 5879 gentium;
2395 5813 2681 5868 avaritiam
2732 5815 3018 5886 signiﬁcat,
3068 5834 3190 5890 quae
3235 5835 3404 5891 sagax
3461 5829 3519 5878 et

1933 5915 2142 5962 versuta
2177 5905 2375 5960 multos
2403 5906 2507 5960 sibi
2539 5905 2810 5980 subjugat.
