4074 6334
518 436 620 490 “9

1012 429 1408 486 WALAFRIDI
1447 429 1696 485 STRABI
1733 429 1936 485 FULD.
1982 427 2148 484 MON.
2195 426 2347 484 OPP.
2390 427 2573 484 PARS
2609 428 2651 482 l.
2693 459 2759 467 —
2791 425 3249 482 THEOLOGICA.

3683 426 3788 481 120

590 568 605 598 ι
644 544 967 617 Amraphel,
1019 565 1037 598 ι
1077 555 1182 602 etc.
1246 547 1310 601 Hi
1371 556 1606 618 quatuor
1653 563 1807 618 reges
1859 548 2092 617 ﬁgurant
2121 547 2173 606 Α
2268 546 2430 600 Vens.
2483 542 2764 598 l4—i7.-—
2794 563 2812 595 ι
2857 543 3010 610 Quod
3059 559 3181 598 eum
3217 544 3456 598 audisset
3499 545 3717 608 Abram,
3763 567 3780 598 ι

513 647 745 709 quatuor
791 637 1110 708 principalia
1160 637 1314 703 vitia,
1345 647 1578 708 quatuor
1615 637 1910 694 virtutibus
1951 638 2097 707 prin-

511 729 777 800 cipalibus
821 729 1129 794 contraria;
1163 743 1282 798 quae
1307 728 1547 798 quinque
1575 741 1767 784 sensus
1815 743 1913 798 per
1943 728 2098 798 quin-

512 837 618 894 que
646 836 800 890 reges
847 820 1178 891 signiﬁeatos
1214 819 1504 892 subjugare
1544 821 1808 884 nituntur,
1845 837 1945 892 per
1967 836 2098 876 con-

510 915 902 984 cupiscentiam
930 914 1130 978 carnis,
1153 929 1250 984 per
1274 913 2094 982 concupiscentiamoculorum,

510 1021 608 1074 per
638 1007 986 1062 ambitionem
1013 1007 1212 1062 saeculi.

584 1096 749 1152 Vens.
772 1098 928 1152 2-15.
949 1129 1018 1138 -
1039 1117 1056 1148 ‹
1093 1098 1254 1152 Bake.
1289 1119 1306 1149 ι
1343 1097 1619 1172 (Ηιειιοκ.)
1650 1099 1913 1156 Hebraice
1941 1100 2098 1155 devo-

512 1189 646 1242 ralio
697 1189 912 1244 dicitur.
967 1190 1210 1244 Tradunt
1254 1189 1463 1245 Hebraei
1494 1191 1635 1246 hanc
1681 1191 1808 1247 alibi
1841 1191 2100 1247 Salissam

511 1277 638 1342 dici,
676 1288 730 1333 et
782 1278 999 1333 vitulam
1053 1289 1492 1345 conslernantem,
1545 1280 1689 1350 quod
1720 1281 1882 1336 tertio
1939 1289 2102 1336 terra:

512 1378 658 1422 motu
708 1370 962 1440 absorpta
1018 1371 1108 1426 sit.
1142 1371 1210 1425 Et
1241 1387 1305 1425 ex
1337 1387 1402 1426 eo
1434 1381 1678 1442 tempore
1725 1389 1833 1444 quo
1863 1373 2102 1430 Sodoma

512 1471 564 1514 ct
618 1460 939 1528 Gomorrha,
985 1461 1191 1518 Adame
1243 1472 1297 1518 et
1325 1461 1544 1518 Seboim
1578 1464 1760 1520 divino
1813 1467 1935 1536 igne
1975 1474 2103 1521 sunt

510 1554 806 1618 subversas,
826 1554 916 1608 illa
939 1555 1160 1626 parvula
1188 1565 1547 1626 nuncupetur.
1565 1558 1734 1629 Segor
1755 1561 1898 1614 enim
1931 1569 2104 1616 trans.

509 1641 686 1698 fertur
733 1645 785 1698 in
815 1661 1070 1716 parvam,
1107 1662 1227 1716 qua:
1274 1645 1407 1717 Syra
1449 1647 1628 1719 lingua
1657 1647 1834 1703 Zoara
1878 1651 2097 1706 dicitur.

509 1733 676 1792 Vallis
707 1745 886 1791 autem
921 1737 1248 1802 Salinarum,
1299 1739 1354 1793 in
1406 1753 1509 1809 qua
1541 1739 1764 1795 fuerunt
1784 1742 1929 1810 putei
1959 1742 2105 1798 bitu-

509 1827 689 1889 minis,
736 1837 857 1898 post
890 1829 986 1884 Dei
1017 1829 1150 1882 iram
1173 1838 1228 1883 et
1253 1829 1526 1899 sulphuris
1555 1829 1810 1900 pluviam,
1855 1832 1907 1886 in
1951 1848 2104 1889 mare

2198 649 2305 692 etc.
2354 636 2525 709 (lsm.)
2565 635 2803 706 Mystice.
2841 634 3106 690 Similiter
3131 634 3265 689 ﬁdes
3307 645 3488 689 nostra
3534 651 3660 690 cum
3695 637 3788 690 ﬁr-

2197 737 2344 784 mata
2377 738 2461 784 est
2504 727 2712 799 Spiritu
2759 726 3068 797 principali,
3105 726 3344 797 quinque
3371 742 3562 782 sensus
3589 742 3789 798 corpo-

2198 819 2277 876 ris
2307 819 2462 891 quasi
2500 819 2739 890 quinque
2796 832 2954 888 reges
2997 817 3232 887 subjicit,
3258 818 3423 872 verbo
3452 816 3548 873 Dei
3592 819 3790 874 trium-

2197 914 2374 984 phans
2406 914 2472 968 de
2501 912 2719 967 homine
2756 910 3034 967 exteriori.
3063 910 3155 965 llle
3202 911 3258 964 in
3295 910 3552 965 trecentis
3596 909 3788 966 decem

2199 1013 2253 1058 et
2304 1013 2428 1060 octo
2471 1003 2812 1059 adversarios
2869 1001 3177 1067 debellavit,
3211 1001 3336 1070 quia
3383 1015 3481 1055 nos
3522 1000 3576 1056 in
3606 1017 3793 1056 sacra-

2200 1103 2384 1150 mento
2415 1095 2611 1160 crucis,
2638 1109 2799 1164 quam
2847 1105 2937 1147 tau
2970 1092 3151 1147 littera
3195 1082 3482 1161 signiﬁcat,
3511 1107 3632 1162 qua:
3681 1101 3794 1148 tre-

2201 1197 2358 1244 centa
2379 1188 2678 1259 signiﬁcat,
2708 1187 2946 1256 quinque
2973 1200 3165 1240 sensus
3192 1183 3464 1250 carnales,
3497 1199 3599 1240 nos
3625 1193 3794 1240 antea

2202 1279 2370 1334 variis
2393 1279 2541 1334 vitiis
2577 1278 2932 1348 captivantes,
2967 1292 3304 1346 superamus.
3338 1277 3535 1332 Decem
3559 1285 3616 1331 et
3637 1285 3791 1343 octo,

2203 1387 2270 1427 ex
2297 1371 2536 1426 ternario
2571 1379 2627 1424 et
2657 1368 2872 1424 senario
2905 1367 3325 1437 multiplicatus,
3357 1367 3516 1423 ﬁdem
3549 1367 3796 1423 Trinita-

2203 1464 2274 1519 tis
2317 1470 2375 1518 et
2407 1461 2798 1532 perfectionem
2849 1459 3120 1530 signiﬁcat
3168 1459 3348 1528 operis
3386 1460 3584 1528 quibus
3615 1461 3795 1514 virtu-

2204 1565 2319 1612 tum
2348 1561 2540 1610 contra
2564 1553 2693 1607 vitia
2722 1551 2882 1621 plena
2909 1549 3135 1605 victoria
3156 1550 3460 1620 perﬁcitur.

2276 1647 2529 1721 (Suum)
2579 1646 2888 1718 Allegorice.
2932 1644 3138 1700 Bellum
3184 1644 3342 1700 Abrae
3387 1661 3509 1701 cum
3557 1653 3798 1716 quatuor

2204 1743 2423 1814 regibus
2449 1741 2719 1813 signiﬁcat
2738 1739 2937 1795 bellum
2965 1740 3223 1793 virtutum
3245 1747 3302 1792 et
3331 1737 3606 1792 vitiorum.
3629 1736 3798 1804 Pater

2206 1845 2336 1903 ergo
2381 1831 2529 1896 ﬁdei,
2576 1839 2632 1885 et
2662 1830 2836 1900 prima
2884 1829 2970 1883 via
3025 1828 3311 1893 credendi,
3344 1842 3442 1898 pro
3480 1826 3651 1880 fratre
3694 1841 3798 1880 suo

509 1917 779 1974 Mortuum
804 1936 958 1978 versa
981 1931 1085 1976 est.
1109 1921 1250 1990 quod
1275 1937 1305 1976 a
1332 1920 1536 1978 Graecis
1559 1931 1808 1994 stagnum
1831 1923 2100 1995 Asphalti,
2132 1906 2180 1966 Β
2205 1927 2307 1982 Lot
2333 1924 2611 1981 dimicavit
2633 1931 2689 1978 et
2720 1922 2873 1986 vicit,
2909 1937 3013 1977 non
3048 1921 3100 1976 in
3128 1919 3471 1976 multitudine
3494 1919 3796 1982 exercitus,

509 2011 564 2065 id
593 2021 676 2066 est
705 2012 1008 2077 bituminis,
1042 2014 1258 2069 dicitur.

581 2103 821 2173 Mystice.
875 2103 1120 2171 Quatuor
1160 2119 1314 2176 reges
1369 2106 1608 2177 quinque
1659 2121 1940 2180 superant,
1974 2111 2102 2165 dum

508 2195 798 2250 contraria:
823 2204 1126 2264 potestates
1155 2195 1395 2266 quinque
1439 2199 1688 2254 sensibus
1733 2201 1977 2270 corporis
2009 2201 2102 2256 ab-

509 2294 723 2340 utentes
747 2285 894 2340 vitiis
929 2285 1225 2355 illaqueant
1253 2295 1309 2341 et
1343 2289 1638 2357 captivant.

580 2376 886 2446 Allegonce.
932 2377 1092 2432 Tales
1145 2393 1297 2448 reges
1353 2389 1614 2450 superant
1659 2382 1894 2451 primum
1939 2382 2099 2449 Bara,

507 2469 600 2538 qui
663 2469 1055 2540 interpretatur
1100 2471 1307 2526 malitia
1354 2471 1441 2527 vel
1487 2482 1752 2541 creatura,
1792 2483 1847 2530 et
1880 2483 1962 2530 est
2005 2491 2101 2530 rex

509 2561 888 2628 Sodomorum,
941 2565 993 2618 id
1043 2573 1127 2619 est
1154 2565 1441 2629 excitatis,
1485 2565 1566 2621 vel
1616 2568 1831 2637 pecudis
1877 2568 2098 2633 silentis,

509 2675 632 2712 cum
669 2659 749 2713 eis
778 2659 867 2729 qui
916 2659 969 2713 in
1010 2667 1219 2714 vetusta
1263 2660 1466 2714 malitia
1521 2669 1890 2731 perseverant,
1950 2678 2103 2718 more

401 2801 404 2806 .
508 2749 770 2820 pecudum
802 2751 1099 2806 caecitatem
1128 2750 1369 2806 libidinis
1398 2751 1550 2821 sequi
1583 2751 1925 2822 persuadent.
1971 2751 2102 2808 Vin-

508 2853 640 2900 cunt
675 2852 732 2899 et
769 2844 966 2910 Bersa,
1013 2843 1065 2899 id
1102 2853 1184 2900 est
1221 2845 1277 2898 in
1325 2845 1574 2915 angustia
1616 2846 1986 2909 constitutum,
2017 2862 2102 2901 re-

506 2952 628 3008 gem
658 2935 998 3003 Gomorrhae,
1047 2937 1101 2992 id
1137 2946 1220 2992 est
1252 2937 1434 3008 populi
1462 2940 1720 2995 tumentis
1749 2948 1804 2994 et
1834 2941 2098 3005 seditiosi,

509 3045 631 3083 cum
687 3045 782 3084 eos
829 3029 920 3098 qui
977 3029 1122 3084 curis
1176 3028 1358 3084 surculi
1407 3029 1789 3101 angustiantur
1837 3047 1901 3086 ac
1948 3029 2101 3087 nefas

511 3121 715 3192 rapina:
767 3137 929 3193 agere
978 3137 1086 3176 non
1135 3122 1458 3187 formidant,
1483 3123 1722 3178 obruunt
1768 3111 1824 3180 et
1859 3131 2100 3194 proster-

506 3221 662 3268 nunt.
701 3213 935 3269 Vincunt
984 3229 1200 3284 quoque
1247 3212 1502 3270 Sennaab
1543 3230 1724 3288 regem
1765 3216 2007 3282 Adamm,
2044 3217 2098 3272 id

506 3315 856 3372 estterrenm,
905 3323 1026 3362 cum
1083 3321 1177 3362 eos
1225 3308 1318 3377 qui
1363 3315 1578 3363 terrena
1629 3315 1836 3363 tantum
1885 3309 2102 3379 sapiunt

508 3399 564 3454 in
596 3398 809 3455 luxuria
849 3415 1169 3470 permanere
1211 3401 1532 3465 hortantur,
1580 3407 1638 3454 ut
1681 3398 1906 3455 dicant:
1944 3419 1962 3450 ‹
2001 3399 2104 3455 Co-

507 3493 792 3550 medamus
839 3503 896 3549 et
922 3492 1192 3560 bibamus,
1223 3509 1346 3550 cras
1389 3494 1533 3549 enim
1564 3494 1866 3552 moriemur
1895 3493 1947 3566 (I
1974 3492 2098 3550 Cor.

510 3587 622 3654 xv).
659 3607 676 3637 ι
710 3587 948 3644 Vincunt
976 3586 1258 3654 Semeber,
1290 3587 1382 3658 qui
1413 3587 1805 3657 interpretatur
1857 3587 1930 3642 ibi
1982 3605 2104 3660 per-

508 3678 675 3743 ditio,
706 3685 873 3734 etest
928 3695 1024 3734 rex
1071 3677 1315 3745 Seboim,
1357 3679 1410 3738 id
1456 3687 1542 3734 est
1587 3679 1782 3752 cinguli
1827 3681 2100 3748 mereris,

510 3783 633 3821 eum
657 3783 755 3837 per
786 3769 1119 3824 iracundiam
1154 3779 1212 3824 et
1237 3769 1491 3824 invidiam
1522 3770 1770 3827 incautos
1793 3767 2099 3842 decipiunt;

513 3860 656 3914 unde
681 3857 784 3914 Job
812 3877 842 3915 v
884 3879 897 3914 :
951 3880 969 3912 ε
1014 3861 1250 3916 Stultum
1280 3861 1541 3916 interﬁcit
1569 3863 1872 3930 iracundia,
1903 3879 2104 3934 parvu-

512 3953 624 4006 lum
649 3953 849 4008 occidit
878 3951 1100 4006 invidia.
1155 3973 1173 4004 ι
1222 3951 1428 4021 Regem
1454 3968 1669 4024 quoque
1695 3953 1823 4010 Bale
1857 3956 2099 4023 vincunt,

511 4057 636 4096 eum
681 4042 1053 4112 pusillanimes
1084 4043 1140 4097 in
1178 4042 1614 4113 desperationem
1669 4045 1924 4113 mittunt;
1975 4047 2104 4104 Bale

512 4149 747 4204 namque
774 4135 1164 4205 interpretatur
1185 4133 1528 4206 pra-cipitalio
1567 4135 1651 4192 vel
1676 4137 1958 4193 absorbitio
1988 4152 2007 4191 :
2035 4139 2104 4196 ad

515 4229 617 4282 hoc
645 4228 880 4284 maxime
917 4227 1166 4285 diabolus
1186 4235 1362 4284 certat
1395 4236 1457 4283 ut
1483 4239 1608 4300 post
1631 4229 1845 4300 lapsum
1891 4232 2103 4303 peccati

513 4319 564 4372 in
585 4319 1017 4389 desperationem
1041 4319 1240 4374 mittat.

593 4411 750 4466 Vens.
798 4411 913 4466 4-6.
961 4442 1029 4453 --
1077 4431 1096 4464 ι
1158 4410 1482 4480 Duodecim,
1521 4432 1540 4465 ι
1573 4421 1682 4470 etc.
1732 4414 2105 4474 Duodenarius

512 4493 814 4576 superﬂuus
839 4516 922 4562 est
949 4522 1227 4563 numerus.
1257 4507 1315 4562 In
1342 4523 1447 4578 qua
1475 4507 1847 4580 superﬂuitate
1863 4513 2106 4568 serviunt

514 4599 752 4669 quinque
811 4613 1002 4654 sensus
1053 4599 1223 4654 nostri
1273 4615 1428 4655 vanae
1475 4602 1880 4672 superstitioni,
1937 4619 2101 4674 quam

513 4691 786 4762 signilicat
843 4689 1340 4756 Cbodorlahomor,
1395 4699 1451 4747 et
1515 4702 1750 4763 quatuor
1803 4696 1948 4752 vitiis
1995 4698 2098 4752 sibi

515 4783 931 4853 adjacentibus;
988 4791 1044 4838 et
1098 4784 1353 4841 recedere
1409 4787 1650 4845 volentes
1699 4804 1922 4860 gravem
1973 4807 2097 4861 per-

514 4875 848 4932 secutionem
875 4875 1184 4945 patiuntur,
1207 4884 1262 4933 et
1297 4892 1439 4948 saepe
1467 4890 1810 4950 superantur.

589 4965 750 5021 Vsus.
801 4965 951 5022 7-12.
1001 4997 1072 5006 —
1117 4986 1135 5048 ᾳ
1182 4967 1704 5042 Percusseruntque.
1758 4992 1776 5023 ι
1819 4971 2098 5044 (meum)

513 5060 634 5116 Alia
672 5059 838 5116 editio
865 5061 1049 5127 habet,
1077 5069 1208 5128 etc.,
1257 5079 1418 5134 usque
1448 5063 1518 5117 ad
1567 5066 1694 5134 quia
1729 5063 1803 5118 ibi
1844 5063 2099 5133 populum

519 5153 660 5207 Deus
684 5149 967 5218 judicavit.

593 5262 610 5293 ι
652 5241 918 5312 Rapbaim
962 5244 1016 5300 in
1041 5243 1339 5310 Astarocli,
1376 5266 1395 5298 ι
1436 5254 1541 5301 etc.
1582 5243 1814 5299 Nomina
1856 5245 2100 5303 locorum

515 5346 569 5388 cl.
598 5336 836 5405 gentium
880 5336 1188 5408 signiﬁcant
1231 5336 1524 5393 carnaliter
1565 5335 1830 5403 viventes,
1859 5352 1996 5408 quos
2024 5336 2104 5392 fa-

515 5432 619 5485 cile
643 5431 769 5486 vitia
799 5432 1042 5488 vincunt.

587 5522 749 5580 Vsus.
775 5525 860 5579 15.
883 5555 954 5564 —-
979 5544 998 5576 ι
1032 5523 1278 5580 Hebrmo.
1317 5543 1334 5577 ι
1377 5523 1537 5588 LXX,
1563 5527 1951 5596 trans/iuviali;
1973 5528 2097 5598 quia

511 5615 722 5672 scilicet
761 5618 829 5670 de
859 5616 1244 5686 Mesopotamia
1272 5618 1498 5672 veniens
1527 5618 1757 5672 transito
1791 5619 1954 5674 ﬂuvio
1989 5619 2098 5674 Eu-

511 5711 727 5778 phrate.
762 5709 944 5763 sedem
979 5707 1158 5777 posuit
1187 5708 1239 5760 in
1280 5717 1421 5761 terra
1456 5707 1736 5763 Chanaan.
1766 5708 1917 5765 Unde
1943 5710 2101 5766 Jcsus

515 5799 661 5854 Nave
696 5818 707 5852 :
744 5820 759 5848 ι
800 5798 938 5867 Quid
966 5799 1134 5854 vultis
1155 5799 1364 5854 servire
1389 5799 1494 5856 diis
1538 5809 1754 5870 patrum
1793 5812 2098 5859 vestrorum

518 5893 608 5970 qui
633 5901 757 5948 sunt
789 5900 938 5946 trans
965 5889 1203 5947 ﬁumen?
1237 5911 1254 5944 ι

2205 2019 2299 2074 sed
2330 2017 2386 2072 in
2407 2016 2670 2072 trecentis
2708 2014 2892 2070 decem
2918 2021 2973 2068 ct
3000 2021 3125 2068 octo
3144 2011 3422 2082 expeditis
3462 2009 3794 2064 vernaculis.

2205 2109 2297 2165 Sic
2321 2109 2551 2179 quisque
2573 2123 2673 2178 pro
2699 2107 2878 2161 anima
2907 2121 3001 2161 sua
3028 2113 3215 2161 contra
3253 2103 3563 2174 spirituales
3600 2102 3802 2171 nequi-

2206 2201 2309 2256 tias
2342 2199 2542 2254 bellum
2590 2207 2744 2270 gerat
2771 2213 2893 2252 cum
2923 2195 3178 2251 trecentis
3209 2195 3395 2250 decem
3425 2202 3481 2247 et
3505 2201 3629 2247 octo
3673 2207 3801 2246 ver-

2204 2291 2430 2356 naculis,
2465 2290 2518 2346 id
2538 2297 2642 2354 est,
2671 2303 2795 2343 cum
2823 2287 3025 2342 auxilio
3049 2295 3253 2342 sanctae
3279 2286 3458 2342 erucis
3487 2304 3500 2338 :
3529 2293 3619 2338 tau
3648 2284 3800 2340 enim

2203 2385 2384 2441 littera
2409 2425 2423 2450 ,
2465 2399 2587 2454 qua:
2647 2382 2811 2438 habet
2853 2380 3082 2452 ﬁguram
3125 2379 3336 2448 crucis,
3390 2387 3634 2434 trecenta
3696 2393 3798 2433 cx-

2202 2478 2411 2548 primit.

2275 2570 2390 2624 Dan
2439 2579 2621 2624 autem
2651 2583 2792 2624 unus
2837 2573 2924 2622 est
2955 2567 3022 2622 de
3057 2564 3296 2621 fontibus
3338 2563 3625 2630 Iordanis;
3657 2561 3801 2618 alter

2203 2663 2347 2719 enim
2403 2660 2496 2717 Jor
2533 2669 2788 2726 vocatur,
2832 2659 2976 2731 quod
3021 2660 3410 2730 interpretatur
3449 2659 3622 2723 rivus;
3664 2659 3801 2714 duo-

2203 2754 2305 2810 bus
2360 2769 2490 2825 ergo
2541 2753 2811 2818 fontibus,
2850 2752 2944 2823 qui
2990 2767 3100 2808 non
3136 2751 3326 2822 procul
3378 2765 3410 2805 a
3448 2765 3508 2806 se
3557 2750 3798 2814 distant,

2205 2843 2261 2898 in
2292 2859 2458 2897 unum
2491 2843 2725 2896 rivulum
2756 2842 3056 2908 ftederatis,
3085 2839 3339 2897 Jordanis
3365 2841 3684 2912 appellatur.

2277 2936 2441 2991 Vens.
2487 2935 2576 3002 18,
2628 2935 2713 2990 l9.
2738 2965 2809 2974 —
2843 2953 2862 2986 ‹
2896 2935 2968 2990 At
2998 2949 3128 2990 vero
3170 2933 3591 2999 Melchisedech,
3624 2953 3642 2986 ι
3685 2941 3796 2990 etc.

2206 3028 2412 3100 (Ηιιςιι.)
2440 3028 2589 3084 Nunc
2612 3029 2766 3083 aiunt
2794 3027 3004 3084 Hebraei
3041 3042 3160 3084 esse
3188 3027 3315 3084 Sem
3359 3027 3526 3084 ﬁlium
3579 3026 3711 3095 Noe,
3741 3039 3800 3084 et

2203 3123 2606 3193 computatione
2650 3138 2914 3178 annorum
2966 3121 3258 3179 ostendunt
3317 3138 3439 3178 eum
3486 3137 3660 3192 usque
3727 3122 3800 3178 ad

2203 3212 2354 3268 Isaac
2373 3213 2574 3269 vixisse
2599 3230 2612 3267 :
2636 3221 2691 3268 et
2712 3228 2902 3269 omnes
2920 3213 3310 3285 primogenitos
3335 3229 3366 3268 a
3395 3212 3507 3270 Noe
3528 3229 3701 3284 usque
3731 3215 3802 3272 ad

2207 3305 2386 3362 Aaron
2409 3305 2693 3376 pontiﬁces
2727 3305 2914 3363 fuisse.
2951 3305 3132 3362 Salem
3163 3321 3296 3363 vero
3328 3315 3514 3378 postea
3537 3307 3683 3364 dicta
3716 3318 3802 3364 est

2207 3399 2542 3456 Hierusalem
2557 3417 2572 3466 ;
2591 3399 2880 3470 Apostolus
2893 3416 3201 3458 memorans
3214 3399 3627 3468 Melchisedech,
3640 3421 3660 3454 ε
3680 3402 3801 3458 sine

2205 3501 2362 3562 patre
2390 3501 2444 3547 et
2473 3500 2667 3559 matre,
2698 3511 2716 3543 ι
2748 3491 2917 3548 refert
2943 3493 3010 3548 ad
3036 3491 3313 3549 Christum
3333 3533 3348 3560 ,
3375 3500 3434 3548 et
3455 3507 3554 3563 per
3576 3507 3700 3548 eum
3731 3492 3800 3548 ad

2207 3584 2506 3642 Ecclesiam
2551 3586 2814 3658 gentium,
2845 3585 2971 3656 quia
3000 3585 3169 3657 gloria
3197 3585 3392 3658 capitis
3443 3585 3514 3641 ad
3552 3583 3798 3640 membra

2206 3677 2461 3735 refertur.
2490 3677 2756 3746 Quoniam
2794 3678 3070 3734 benedixit
3093 3677 3254 3734 Abrae
3291 3678 3638 3742 circumciso,
3661 3685 3718 3733 et
3744 3677 3800 3732 in

2205 3785 2272 3826 eo
2305 3769 2457 3836 Levi,
2496 3778 2551 3826 et
2576 3769 2658 3826 sic
2695 3769 2898 3833 Aaron,
2945 3769 3011 3825 de
3035 3784 3144 3839 quo
3183 3777 3372 3839 postea
3408 3767 3798 3824 sacerdotium.

2207 3863 2287 3918 Ex
2316 3879 2424 3934 quo
2456 3861 2574 3917 vult
2601 3861 2855 3934 colligere
2896 3861 3258 3918 sacerdotium
3310 3860 3567 3918 Ecclesiae
3594 3860 3800 3916 haben-

2211 3953 2279 4008 tis
2329 3951 2655 4023 praeputium
2713 3953 3058 4008 benedixisse
3113 3953 3437 4008 circumciso
3489 3953 3800 4008 sacerdotio
3843 3985 3856 3994 -

2210 4044 2528 4118 Synagogae.
2562 4044 2698 4113 Quia
2747 4055 2928 4103 autem
2965 4047 3087 4102 ait:
3131 4066 3150 4099 ‹
3187 4047 3268 4102 Tu
3318 4061 3379 4103 es
3429 4048 3687 4103 sacerdos
3743 4048 3799 4102 in

2207 4146 2470 4192 aeternum
2506 4137 2802 4193 secundum
2847 4137 3094 4194 ordinem
3123 4135 3547 4202 Melchisedech,
3595 4157 3613 4189 ι
3644 4137 3804 4192 mini-

2208 4229 2436 4286 sterium
2487 4238 2736 4285 nostrum
2787 4229 2902 4284 veri
2948 4228 3157 4284 ordinis
3204 4228 3484 4300 signatur,
3541 4243 3648 4284 non
3699 4243 3803 4299 per

2205 4320 2388 4375 Aaron
2417 4319 2822 4376 irrationalibus
2849 4319 3084 4376 victimis
3113 4319 3476 4386 immolandis,
3501 4319 3594 4375 sed
3614 4319 3802 4376 oblato

2207 4426 2349 4482 pane
2399 4419 2455 4466 et
2485 4410 2631 4477 vino,
2669 4411 2723 4467 id
2766 4418 2869 4477 est,
2911 4424 3140 4481 corpore
3187 4409 3406 4466 Domini
3449 4419 3504 4466 et
3535 4411 3803 4482 sanguine

2208 4507 2542 4564 consecrari.

2283 4599 2534 4672 (Suum)
2581 4597 2996 4666 Melchisedech,
3024 4600 3115 4671 qui
3156 4599 3544 4670 interpretatur
3576 4613 3672 4654 rea:
3703 4597 3802 4668 ju-

2208 4697 2386 4762 stitiaa,
2412 4702 2466 4750 et
2493 4694 2692 4751 dicitur
2721 4710 2813 4750 rea:
2839 4695 2984 4766 pacis
3002 4735 3018 4761 ,
3045 4693 3333 4750 Christum
3362 4693 3662 4766 signiﬁcat.
3695 4707 3802 4765 per

2211 4802 2370 4857 quem
2410 4785 2737 4842 reconciliati
2765 4800 2985 4853 sumus,
3017 4794 3074 4842 et
3099 4786 3192 4858 qui
3221 4786 3275 4842 in
3311 4786 3419 4842 ﬁne
3439 4784 3619 4842 saeculi
3650 4783 3802 4856 iuste

2203 4877 2547 4949 iudicaturus
2569 4886 2674 4934 est.

2280 4969 2446 5025 Vens.
2476 4969 2749 5024 20-25.—
2768 4989 2786 5021 ς
2818 4970 3042 5026 Deditei
3066 4969 3323 5028 decimas.
3359 4991 3378 5024 ι
3410 4971 3582 5044 (lsm.)
3605 4970 3802 5028 Sciens

2208 5078 2338 5134 ergo
2358 5063 2692 5134 patriarcha,
2723 5073 2853 5130 etc.,
2895 5081 3054 5136 usque
3081 5064 3152 5118 ad
3179 5065 3378 5136 partim
3410 5065 3674 5135 stipendia
3720 5066 3803 5122 le-

2210 5159 2396 5231 gitime
2420 5158 2781 5230 pugnantibus
2815 5157 2994 5213 debita
3015 5172 3120 5212 non
3151 5159 3444 5230 abnegans.

2281 5249 2444 5305 Vens.
2491 5249 2580 5304 24.
2604 5281 2676 5293 —
2704 5269 2722 5302 ι
2757 5250 2860 5318 Qui
2899 5259 3186 5316 venerunt,
3225 5269 3244 5302 ι
3274 5258 3381 5306 etc.
3421 5249 3603 5307 Utitur
3649 5253 3796 5306 enim

2210 5344 2498 5415 aliquando
2529 5344 2663 5401 ﬁdes
2703 5346 3032 5401 testimoniis
3084 5344 3409 5411 inﬁdelium;
3469 5346 3612 5401 unde
3659 5347 3801 5417 Apo-

2210 5438 2383 5494 stolus
2411 5439 2478 5494 ad
2519 5437 2740 5494 Titumt
2771 5457 2784 5494 :
2819 5457 2838 5490 ι
2868 5437 3020 5494 Malae
3047 5438 3257 5503 bestiae,
3299 5441 3434 5509 pigri
3477 5448 3724 5504 ventres;
3769 5460 3791 5492 ι

2209 5533 2302 5588 sed
2335 5532 2403 5588 ad
2429 5533 2722 5589 utilitatem
2746 5531 3004 5587 ﬁdelium.

2800 5664 3032 5721 CAPUT
3069 5664 3188 5720 XV.

2277 5801 2440 5858 Vsus.
2471 5803 2520 5856 l.
2555 5833 2624 5842 —
2657 5824 2676 5856 ς
2713 5801 2810 5857 His
2835 5802 3016 5871 itaque
3047 5802 3368 5866 transactis,
3406 5822 3425 5855 ι
3454 5809 3589 5861 etc.,
3625 5819 3642 5852 ‹
3676 5799 3797 5856 Noli

2209 5913 2229 5947 ς
2261 5895 2471 5949 limere.
2501 5914 2518 5946 ›
2544 5893 2893 5967 Triumphata
2920 5890 3266 5948 tunltitudine
3288 5891 3562 5956 vitiorum,
3587 5889 3799 5948 confor~
