4074 6334
318 384 414 439 121

1376 371 1639 427 GLOSSA
1683 365 2080 422 ORDINARIA.
2123 399 2190 408 —
2229 369 2355 426 Llll.
2395 373 2530 428 GEN

3474 382 3577 438 1ἓὲ

313 509 468 556 tatur
495 513 619 568 spes
647 496 904 566 cujusque
937 496 1108 551 ﬁdelis
1133 512 1162 550 a
1195 497 1424 550 Domino
1452 507 1520 548 ne
1559 491 1776 556 titubet,
1809 489 1902 543 sed
1930 488 1983 548 A
2010 502 2143 543 uxor
2185 507 2398 560 quoque
2432 493 2532 548 hoc
2559 495 2723 548 voluit
2757 504 2809 549 et
2842 496 3037 565 coegit,
3068 511 3186 566 quae
3211 497 3349 554 ﬁlios
3377 500 3577 556 habere

315 590 628 646 mercedem
659 596 952 659 exspectet.

395 681 558 737 Vsus.
590 681 644 735 2.
666 711 736 720 -
771 699 789 731 ‹
823 679 1072 748 Dixitque
1120 678 1340 732 Abram.
1402 677 1420 748 (
1449 676 1676 732 HIERON.
1729 676 1782 730 in
1833 675 1899 740 Ω.

321 771 533 843 Hebr.)
569 791 586 822 ‹
622 771 736 840 Ego
777 770 914 825 vado
937 769 1055 825 sine
1081 769 1286 834 liberis,
1325 789 1342 818 ι
1374 779 1480 824 etc.
1510 785 1671 839 usque
1714 769 1784 822 ad
1837 769 1904 822 ab

319 862 430 917 hoc
483 861 635 916 aiunt
689 861 1010 916 Damascum
1077 868 1132 915 et
1183 860 1554 926 nominatam,
1603 868 1658 914 et
1715 859 1902 914 condi-

320 959 456 1006 tam.

395 1041 561 1098 Vsus.
603 1042 718 1098 5-8.
747 1072 820 1082 —
847 1060 866 1094 ‹
905 1040 1129 1111 Suspice
1172 1042 1402 1110 coelum,
1441 1063 1458 1096 ι
1495 1052 1599 1098 etc.
1647 1041 1907 1112 Superius

321 1132 465 1188 dixit
499 1152 511 1188 :
550 1153 568 1185 ‹
607 1134 724 1188 Erit
753 1149 934 1190 semen
972 1143 1121 1189 tuum
1151 1135 1293 1190 sicut
1315 1151 1479 1191 arena
1509 1135 1694 1199 maris,
1728 1154 1747 1186 ι
1782 1133 1908 1203 quia

323 1224 381 1280 in
432 1226 521 1280 illa
552 1225 709 1297 plebe
735 1227 955 1296 quidam
996 1236 1153 1282 erant
1198 1228 1446 1283 carnales
1471 1237 1525 1284 et
1552 1228 1780 1294 terreni,
1815 1225 1909 1296 qui

327 1333 508 1373 arena:
537 1329 956 1388 comparantur,
985 1321 1107 1388 quia
1140 1321 1307 1388 aridi,
1333 1330 1391 1377 et
1421 1336 1451 1375 a
1478 1320 1634 1376 bonis
1658 1319 1910 1388 operibus

328 1407 637 1475 infecundi;
675 1409 764 1463 alii
795 1410 948 1479 quasi
979 1410 1143 1466 stella:
1172 1411 1453 1483 fulgentes.

401 1500 584 1571 (Rm)
625 1501 828 1570 Duplex
857 1501 1175 1574 significatio
1200 1505 1450 1574 promissi
1480 1503 1704 1559 seminis
1731 1503 1906 1558 datur.

329 1590 578 1646 Ostensis
627 1591 795 1646 stellis
844 1591 1042 1646 dicitur
1094 1593 1144 1648 ei
1207 1611 1220 1647 :
1281 1614 1300 1645 ‹
1339 1593 1430 1650 Sic
1479 1593 1672 1649 faciam
1726 1607 1908 1648 semen

330 1691 505 1746 tuum,
539 1701 557 1734 ι
590 1681 644 1735 id
673 1690 784 1744 est,
829 1691 1041 1752 gentem
1073 1682 1454 1750 Christianam,
1485 1685 1639 1754 cujus
1673 1692 1728 1738 tu
1755 1689 1912 1753 pater

330 1771 546 1828 futurus
592 1789 680 1837 es,
713 1774 764 1828 in
797 1773 938 1839 ﬁde,
985 1775 1194 1831 scilicet
1243 1777 1656 1833 resurrectionis
1708 1776 1909 1830 lumine

2009 597 2114 636 non
2142 592 2380 652 poterat;
2417 585 2536 638 ideo
2582 600 2647 638 ex
2690 585 2791 640 alia
2828 587 3100 656 suscipere
3141 587 3392 644 cupiebat
3419 583 3576 660 quem

2008 674 2062 727 in
2089 673 2263 728 locum
2286 676 2490 745 proprii
2517 679 2814 747 adoptaret.

2083 764 2244 818 Vens.
2297 765 2445 819 2-H.
2491 796 2560 804 —
2617 785 2633 817 ι
2664 766 2948 837 Ingredere
2989 770 3056 823 ad
3103 765 3376 836 ancillam,
3415 791 3434 823 ι
3472 780 3576 826 etc.

2011 855 2284 928 (Ηιειιοκ.)
2309 856 2441 912 Nota
2465 854 2750 928 diligenter
2776 861 2915 929 quod
2945 863 3246 930 procreatio
3269 861 3499 917 ﬁliorum
3525 863 3580 917 in

2011 947 2236 1005 Ilebrzeo
2267 950 2549 1018 wdiﬁcatio
2582 951 2722 1006 dicta
2746 961 2852 1018 est,
2880 962 2986 1008 etc.
3005 995 3020 1018 ,
3042 971 3206 1025 usque
3231 956 3300 1008 ad
3327 963 3581 1025 tauquam

2011 1055 2109 1111 per
2131 1041 2375 1110 angelum
2407 1041 2516 1095 lata
2542 1042 2595 1096 in
2623 1044 2849 1112 gratiam
2877 1044 3060 1099 redeat
3085 1053 3139 1100 et
3163 1059 3220 1100 se
3241 1044 3510 1113 subjiciat.

2085 1131 2266 1201 (ΗΑΒ.)
2297 1131 2390 1185 Ha:
2419 1131 2538 1185 dum
2576 1132 2830 1188 mulieres
2874 1143 2999 1188 sunt
3043 1135 3148 1190 duo
3193 1134 3577 1191 Testamenta:

2011 1222 2177 1293 Agar,
2199 1222 2384 1287 Vetus,
2415 1223 2559 1293 quod
2591 1223 2644 1277 in
2676 1223 2955 1296 Synagoga
3002 1224 3281 1280 Iudaicum
3328 1227 3582 1297 populum

2013 1318 2260 1373 servituti
2291 1318 2562 1373 nutriebat
2603 1319 2923 1385 obnoxium;
2959 1319 3110 1383 Sara,
3161 1319 3392 1387 Novum,
3442 1321 3584 1392 quod

2011 1411 2265 1482 populum
2295 1408 2658 1466 Christianum
2706 1410 2760 1465 in
2807 1411 3111 1468 libertatem
3136 1411 3256 1466 ﬁdei
3285 1413 3582 1484 generavit.

2013 1499 2348 1570 Multiplicati
2389 1509 2515 1554 sunt
2546 1499 2755 1554 ancillae
2779 1499 2895 1567 ﬁlii,
2925 1510 2984 1556 ut
3014 1517 3120 1556 non
3168 1513 3586 1558 numerarentur

2011 1605 2124 1660 pra:
2151 1588 2513 1655 multitudine,
2541 1589 2632 1660 qui
2659 1605 2822 1660 supra
2845 1605 3024 1645 arenae
3045 1601 3446 1662 comparantur.
3471 1593 3588 1662 Ipse

2013 1697 2142 1752 ergo
2171 1681 2394 1752 p0pnlus
2420 1681 2822 1737 lerocitate'sua
2850 1683 3076 1740 aemulus
3100 1724 3114 1748 ,
3142 1691 3198 1738 et
3221 1685 3470 1740 omnibus
3494 1687 3588 1740 bo-

2014 1774 2099 1828 nis
2126 1773 2450 1836 contrarius,
2469 1781 2523 1828 et
2549 1773 2782 1828 maxime
2798 1789 2920 1828 cum
2940 1773 3308 1830 Christianum
3330 1776 3584 1845 populum

331 1875 640 1917 coruscare.
689 1860 919 1917 Ostensa
969 1878 1098 1919 vero
1152 1880 1316 1920 arena
1347 1865 1585 1921 dicitur:
1628 1885 1648 1916 ι
1692 1865 1782 1920 Sic
1809 1864 1988 1926 eritB
2016 1871 2128 1919 toto
2158 1863 2288 1918 orbe
2326 1863 2525 1918 invidia
2569 1862 2876 1918 stimulante
2930 1865 3292 1934 persequitur,
3335 1874 3388 1920 et
3431 1866 3588 1936 longe

330 1966 519 2006 semen
548 1959 716 2015 tuum,
753 1971 772 2002 ι
805 1959 936 2016 etc.,
963 1952 1017 2007 id
1045 1960 1147 2018 est,
1176 1955 1390 2025 copiosa
1419 1954 1524 2010 erit
1547 1970 1680 2026 gens
1701 1953 1913 2010 Judaao-

332 2058 480 2106 rum,
512 2041 604 2096 sed
627 2041 778 2096 arida
809 2047 865 2096 et
897 2040 1204 2097 infecunda.

411 2136 566 2190 Vsus.
611 2135 764 2190 9-10.
786 2165 856 2175 --—
883 2155 901 2186 ς
938 2133 1124 2200 Sume,
1157 2136 1352 2206 inquit,
1383 2136 1542 2202 mihi,
1577 2157 1596 2188 ι
1630 2145 1733 2192 etc.
1765 2135 1910 2207 (Ism.

330 2231 384 2283 in
436 2229 588 2294 Gem,
648 2237 777 2283 tom.
832 2227 923 2300 γ.)
976 2227 1152 2285 Vacca
1206 2230 1462 2296 triennis,
1495 2230 1645 2300 plebs
1689 2227 1914 2285 Iudaica

330 2322 507 2393 posita
531 2321 770 2392 subjugo
790 2320 943 2392 legis,
966 2331 1093 2386 etc.,
1115 2339 1276 2393 usque
1300 2321 1371 2376 ad
1389 2322 1606 2393 quando
1619 2335 1715 2392 per
1737 2322 1912 2393 ignem

333 2416 728 2484 separabuntur
761 2414 886 2470 boni
917 2430 946 2468 a
968 2414 1143 2470 malis.

410 2523 428 2554 ι
466 2503 693 2560 Vaccam
752 2505 1040 2570 triennem,
1083 2514 1139 2560 et
1187 2521 1405 2576 capram
1447 2507 1693 2573 trimam,
1733 2526 1752 2558 ›
1804 2517 1908 2562 etc.

333 2593 469 2661 Quia
517 2596 585 2649 ab
631 2595 801 2648 Adam
854 2611 1026 2666 usque
1068 2597 1134 2650 ad
1187 2596 1317 2663 Noe,
1349 2605 1404 2652 et
1456 2596 1579 2652 inde
1627 2614 1797 2669 usque
1847 2598 1913 2653 ad

333 2686 561 2750 Abram,
589 2687 782 2743 deinde
815 2703 985 2759 usque
1018 2691 1084 2744 ad
1114 2691 1300 2754 David,
1332 2692 1557 2762 populus
1587 2693 1836 2748 adolevit.

411 2779 576 2834 Vens.
609 2781 693 2834 11.
716 2812 787 2820 -
821 2799 839 2832 ι
877 2781 1385 2854 Descenderuntque
1413 2785 1661 2842 volucres
1684 2827 1700 2853 ,
1733 2807 1750 2839 ι
1805 2794 1910 2844 etc.

336 2872 552 2944 (Gaza,
585 2872 675 2927 lib.
710 2889 802 2927 xvt
835 2873 1049 2939 Moral.,
1085 2890 1133 2930 c.
1165 2875 1276 2947 20.)
1312 2877 1665 2950 Tropologice.
1708 2879 1765 2934 In
1797 2881 1913 2951 ipso

333 2965 602 3020 orationis
622 2963 888 3022 sacriﬁcio
917 2967 1164 3037 ingerunt
1196 2983 1254 3024 se
1286 2969 1601 3038 importuna:
1625 2973 1911 3044 cogitatio-

338 3071 461 3122 nes,
491 3072 684 3130 rapere
710 3057 795 3112 vel
819 3058 1024 3115 violare
1051 3059 1328 3130 cupientes
1355 3079 1369 3115 :
1401 3063 1493 3118 sed
1522 3079 1682 3118 manu
1715 3073 1915 3120 sancta:

337 3147 685 3202 discretionis
709 3148 963 3204 debemus
988 3149 1260 3208 custodire
1293 3153 1434 3222 quod
1455 3152 1586 3209 foris
1613 3153 1911 3221 offerimus,

2015 1954 2228 2023 lateque
2254 1953 2555 2023 dispersus,
2586 1953 2828 2024 vagando
2879 1961 2934 2008 et
2974 1954 3296 2026 negotiando
3339 1955 3589 2010 omnibus

2014 2055 2097 2102 CSI
2119 2061 2400 2102 οηθτοειιε.

2084 2139 2245 2194 Vens.
2271 2139 2444 2192 11—
2471 2157 2488 2188 ‹
2526 2137 2624 2193 Hic
2650 2139 2754 2192 erit
2778 2137 2926 2194 ferus
2946 2138 3126 2193 homo.
3159 2157 3177 2190 ι
3211 2137 3309 2193 Vel
3341 2138 3584 2202 rusticus,

2015 2228 2310 2283 secundum
2350 2227 2504 2282 alios.
2531 2227 2804 2300 (Hisne-:4.)
2839 2228 2894 2283 In
2924 2227 3146 2284 Hebrmo
3170 2229 3400 2283 habetur
3422 2230 3588 2298 plmra

2015 2319 2174 2391 (ma)
2202 2321 2345 2390 quod
2396 2321 2778 2389 interpretatur
2821 2337 3028 2390 onager.
3087 2319 3366 2390 Signiﬁcat
3407 2335 3621 2374 semen

2013 2411 2128 2481 ejus
2175 2412 2542 2466 babitaturum
2606 2412 2660 2465 in
2720 2411 2970 2477 deserto,
3017 2409 3069 2465 id
3118 2419 3242 2476 est,
3289 2410 3590 2467 Saracenos

2012 2521 2194 2576 vagos,
2229 2505 2559 2575 incertisque
2585 2504 2819 2569 sedibus,
2853 2505 2945 2575 qui
2968 2501 3157 2560 om’nes
3183 2512 3370 2574 gentes
3397 2505 3590 2574 quibus

2014 2597 2284 2653 desertum
2310 2613 2378 2652 ex
2404 2597 2572 2652 latere
2603 2595 2849 2667 jungitur
2879 2596 3237 2661 incursantes,
3279 2595 3590 2666 impugnan-

2016 2699 2102 2745 tur
2133 2692 2200 2746 ab
2229 2691 2496 2745 omnibus.

2084 2784 2248 2840 Vsus.
2284 2783 2367 2838 15.
2386 2815 2454 2824 -
2472 2802 2490 2834 ε
2511 2783 2737 2860 Vocavit
2765 2791 2941 2838 autem
2963 2782 3124 2853 Agar.
3156 2799 3174 2833 ι
3200 2780 3370 2836 Recte
3390 2793 3587 2834 nomen

2012 2877 2130 2946 ejus
2155 2877 2228 2932 ita
2251 2876 2484 2940 vocavit,
2516 2875 2642 2946 quia
2666 2875 2902 2945 gratuito
2928 2873 3160 2929 consulit
3179 2871 3394 2928 miseris
3411 2878 3465 2924 et
3493 2869 3592 2923 bu-

2014 2966 2172 3022 miles
2201 2965 2530 3021 consolatur.
2565 2965 2719 3029 Unde
2752 2979 2767 3018 :
2804 2984 2822 3016 ι
2859 2963 2935 3019 Tu
2965 2965 3206 3020 laborem
3248 2971 3302 3018 et
3351 2961 3588 3016 dolorem

2015 3055 2348 3118 consideras,
2379 3062 2434 3108 et
2453 3052 2546 3108 tibi
2572 3052 2858 3108 derelictus
2888 3061 2972 3108 est
2999 3068 3222 3123 pauper,
3251 3072 3267 3102 ι
3289 3060 3394 3106 etc.
3419 3069 3436 3100 ι
3462 3049 3591 3102 Pro-

2016 3144 2158 3200 fecto
2213 3144 2300 3198 hic
2360 3143 2466 3198 vidi
2518 3143 2816 3213 posteriora
2862 3142 3092 3198 videntis
3143 3157 3248 3196 me.
3291 3162 3308 3194 ›
3336 3140 3464 3195 Tale
3511 3147 3592 3194 est

338 3255 408 3294 ne
437 3238 655 3309 maligni
684 3240 906 3310 spiritus
929 3249 984 3296 et
1014 3257 1279 3312 perversae
1299 3215 1653 3314 cogitationes
1676 3215 1909 3318 rapiam,
1939 3215 1986 3280 (ἶ
2018 3237 2149 3294 illud
2178 3255 2190 3290 :
2229 3257 2247 3288 ‹
2287 3236 2510 3292 Videbis
2539 3234 2834 3304 posteriora
2860 3249 2999 3299 mea,
3027 3249 3146 3288 nam
3175 3231 3340 3288 facies
3367 3247 3471 3287 non
3505 3246 3593 3300 ap-

410 3328 576 3386 νεεδ.
602 3331 688 3386 12.
709 3362 781 3372 -
805 3349 824 3383 ι
853 3331 1028 3388 Pavor
1055 3333 1232 3399 irruit,
1264 3354 1282 3386 ι
1302 3343 1408 3390 etc.
1439 3335 1596 3406 (Anc.
1622 3336 1675 3392 in
1707 3335 1906 3404 Quaest.

339 3419 530 3494 Hebr.)
561 3422 866 3478 Tractanda
895 3431 976 3480 est
1019 3424 1119 3480 ista
1154 3426 1382 3495 quaestio
1409 3435 1628 3497 propter
1674 3443 1768 3484 eos
1817 3431 1911 3500 qui

338 3514 672 3568 contendunt
705 3515 838 3570 istas
883 3515 1312 3586 perturbationes
1350 3532 1457 3573 non
1492 3519 1685 3574 cadere
1716 3520 1770 3574 in
1795 3519 1912 3574 ani-

339 3616 486 3656 mum
510 3603 789 3673 sapientis,
817 3612 946 3670 etc.,
971 3621 1130 3677 usque
1158 3607 1228 3661 ad
1253 3623 1362 3663 non
1388 3608 1666 3664 dicendam
1693 3619 1910 3679 pertur-

337 3691 636 3748 bationem.

411 3780 572 3838 Vsus.
587 3783 846 3839 15-15.-
865 3803 884 3835 ι
907 3783 1056 3841 Scito
1073 3801 1434 3857 praenoscens,
1459 3808 1478 3842 ι
1497 3798 1602 3844 etc.
1621 3787 1912 3862 (1811).)Ρο-

333 3871 494 3942 pulus
515 3873 678 3928 Israel
701 3875 753 3929 in
791 3873 1024 3947 Egypto
1046 3877 1348 3934 serviturus
1377 3880 1726 3950 prophetatur
1757 3898 1768 3933 :
1801 3896 1906 3936 non

337 3964 479 4033 quod
527 3963 797 4036 [Egyptiis
853 3968 1009 4022 annis
1041 3969 1447 4040 quadringentis
1505 3971 1784 4038 servierit,
1812 3970 1908 4027 sed

335 4057 463 4128 quia
507 4057 598 4113 hic
635 4071 892 4113 numerus
937 4058 992 4114 in
1039 4059 1126 4114 illa
1153 4059 1440 4116 afﬂictione
1477 4061 1773 4133 completus
1803 4070 1904 4128 est,

335 4150 462 4218 quia
503 4149 571 4204 ab
609 4149 702 4204 illo
742 4158 982 4220 tempore
1010 4160 1354 4223 computatur
1381 4155 1524 4224 quod
1550 4154 1652 4209 ista
1677 4153 1908 4209 Abraba:

335 4241 742 4312 promittuntur.

413 4349 432 4378 ι
471 4329 620 4385 Scito
665 4346 1029 4402 praenoscens,
1062 4353 1081 4387 ι
1115 4341 1218 4388 etc.
1251 4335 1406 4404 (Anc.
1429 4336 1494 4390 de
1526 4333 1636 4391 Civ.
1667 4336 1760 4392 lib.
1792 4351 1904 4404 xvr,

333 4437 384 4475 c.
412 4421 527 4492 Ἡ.)
559 4421 676 4476 Non
706 4423 786 4478 sic
814 4425 1182 4493 accipiendum
1205 4436 1306 4491 est,
1337 4436 1588 4498 tanquam
1615 4429 1667 4482 in
1697 4429 1785 4484 illa
1811 4431 1907 4484 du-

333 4510 551 4566 rissima
584 4513 844 4566 servitute
887 4514 1310 4586 quadringentos
1355 4532 1528 4574 annos
1553 4518 1780 4589 populus
1811 4520 1905 4575 Dei

334 4594 520 4668 fuerit,
546 4612 676 4668 etc.,
704 4620 866 4678 usque
908 4605 976 4659 ad
1022 4607 1248 4679 populus
1288 4607 1382 4664 Dei
1425 4609 1479 4664 in
1508 4609 1744 4682 IEgypto
1773 4612 1907 4666 dura

333 4693 596 4747 servitute
626 4691 856 4748 aﬁlictus
889 4703 990 4750 est.

403 4783 565 4840 Vsus.
591 4785 859 4841 16-21.-
890 4805 907 4837 ‹
938 4785 1298 4861 Generatione
1326 4799 1524 4858 autem,
1555 4811 1576 4846 ι
1622 4801 1728 4849 etc.
1759 4793 1908 4864 (Ηιε-

331 4890 455 4930 non.
486 4878 636 4948 epist.
681 4878 750 4932 ad
791 4878 1036 4949 Damas.)
1081 4880 1256 4936 Moses
1285 4898 1414 4938 vero
1439 4884 1566 4941 alibi
1595 4885 1744 4952 dicit,
1776 4895 1906 4954 etc.,

329 4980 492 5036 usque
519 4967 588 5020 ad
617 4976 672 5022 et
699 4968 764 5023 ad
790 4967 1041 5024 Salomon
1071 4972 1409 5040 perveniunt.

917 5124 1146 5181 CAPUT
1185 5123 1321 5183 XVI.

399 5232 563 5286 Vens.
597 5233 649 5287 1.
683 5264 750 5274 -—
777 5251 797 5286 ι
845 5233 1015 5306 Igitur
1066 5235 1220 5291 Sarai
1267 5253 1406 5293 uxor
1455 5239 1656 5296 Abram
1681 5283 1696 5309 ,
1735 5261 1754 5295 ι
1793 5252 1902 5300 etc.

330 5320 510 5394 (Rm)
542 5321 658 5376 Non
693 5331 775 5378 est
796 5323 1005 5379 adulter
1029 5325 1228 5381 Abram
1258 5326 1324 5391 si,
1356 5327 1570 5383 vivente
1596 5346 1783 5399 uxore,
1808 5348 1905 5386 an-

330 5415 464 5470 cilla:
501 5415 766 5488 jungitur,
813 5418 937 5487 quia
986 5418 1220 5473 nondum
1265 5419 1601 5490 promulgata
1651 5431 1769 5477 erat
1815 5423 1901 5478 lex

328 5505 601 5578 Evangelii
641 5507 800 5562 unius
825 5508 1042 5564 uxoris:
1072 5516 1127 5563 et
1157 5523 1326 5580 genus
1366 5525 1519 5564 suum
1548 5511 1904 5582 multiplican-

329 5599 452 5651 dum
485 5599 754 5664 audierat,
801 5601 893 5654 sed
934 5615 1029 5670 per
1071 5617 1229 5669 quam
1283 5603 1561 5658 mulierem
1609 5605 1900 5671 nesciebat,

329 5691 453 5760 quia
479 5690 668 5744 Sal-am
699 5692 932 5746 sterilem
961 5704 1198 5748 noverat.
1243 5695 1356 5749 Non
1398 5695 1501 5750 fuit
1529 5697 1581 5749 in
1607 5697 1750 5752 coitu
1783 5697 1902 5752 libi-

330 5785 517 5841 dinosa
565 5784 839 5856 voluptas,
867 5788 960 5842 sed
1000 5786 1164 5858 prolis
1208 5787 1464 5844 habendae
1500 5789 1589 5860 pia
1621 5789 1896 5846 Charitas:

1935 4559 1986 4619 D

2012 3326 2223 3400 parebit
2247 3327 2360 3381 tibi.
2393 3346 2412 3378 ι
2453 3347 2469 3377 ι
2500 3324 2614 3380 Non
2636 3324 2778 3380 enim
2801 3325 2960 3379 homo
2981 3325 3182 3379 videbit
3201 3323 3391 3378 faciem
3415 3335 3591 3376 meam

2013 3429 2069 3477 et
2099 3420 2244 3475 vivet
2269 3419 2466 3491 (Exod.
2492 3417 2709 3488 xxxm).
2749 3437 2766 3469 ι
2803 3415 2950 3470 Illam
2997 3416 3143 3471 enim
3194 3412 3589 3469 manifestatio-
3623 3459 3626 3462 .

2013 3528 2136 3568 nem
2163 3511 2443 3581 sapientiae
2476 3508 2569 3564 Dei
2618 3523 2778 3564 nemo
2823 3515 3004 3578 potest
3052 3505 3236 3560 videre
3279 3514 3335 3558 et
3385 3504 3586 3557 vivere.

2011 3605 2128 3676 Ipsa
2161 3613 2244 3659 est
2283 3603 2490 3672 species
2519 3602 2584 3656 ad
2619 3616 2780 3672 quam
2805 3600 3038 3677 suspirat
3089 3598 3180 3668 qui
3207 3597 3378 3653 Deum
3421 3593 3593 3663 diligit

2013 3705 2126 3752 toto
2171 3696 2355 3760 corde,
2389 3703 2496 3749 tota
2542 3694 2745 3759 anima,
2777 3701 2885 3747 tota
2913 3700 3092 3748 mente
3129 3708 3142 3745 :
3172 3691 3239 3745 ad
3267 3704 3428 3760 quam
3457 3703 3588 3742 con-

2015 3784 2400 3856 templandam,
2431 3784 2594 3840 etiam
2624 3784 2928 3854 proximum
2971 3781 3239 3853 diligendo
3280 3779 3421 3834 sicut
3451 3777 3588 3846 seip-

2013 3892 2155 3942 sum,
2178 3884 2435 3946 quantum
2465 3883 2662 3944 potest,
2683 3873 2931 3928 aediﬁcat.
2959 3871 3264 3927 Posteriora
3289 3884 3420 3924 vero
3448 3869 3587 3938 ejus,

2013 3966 2067 4022 id
2093 3973 2194 4032 est,
2211 3964 2633 4020 incarnationem
2655 3964 2790 4034 ejus,
2808 3979 2970 4032 quam
2994 3958 3588 4030 assumpsitpostremis

2013 4058 2344 4130 temporibus
2365 4099 2380 4122 ,
2409 4072 2552 4112 nunc
2583 4072 2679 4127 per
2711 4056 2870 4110 ﬁdem
2907 4065 2963 4110 et
3006 4055 3350 4110 dilectionem
3379 4052 3587 4107 deside-

2011 4153 2181 4207 rando
2211 4150 2659 4220 contemplamur,
2690 4156 2744 4204 et
2787 4149 2841 4203 in
2889 4147 3070 4204 futuro
3115 4155 3318 4203 aeterna
3347 4153 3587 4202 contem-

2009 4247 2247 4318 platione
2272 4245 2532 4301 fruemur.

2081 4337 2247 4392 Vens.
2297 4335 2479 4391 14-16.
2509 4366 2577 4376 -
2625 4356 2642 4388 ‹
2689 4335 2985 4404 Propterea
3033 4332 3322 4404 appellavit
3367 4341 3585 4404 puteum

2018 4447 2036 4480 ε
2069 4427 2240 4492 illum,
2264 4447 2282 4480 ι
2310 4435 2415 4481 etc.
2444 4423 2722 4498 (HIEBON.)
2739 4424 2917 4493 Usque
2937 4424 3097 4479 hodie
3116 4431 3310 4494 puteus
3329 4424 3476 4496 Agar
3500 4425 3585 4479 de-

2013 4527 2346 4572 monstratur
2369 4517 2420 4570 in
2449 4516 2666 4570 deserto
2688 4515 2920 4578 Arabim,
2949 4514 3089 4571 inter
3113 4511 3285 4569 Cades
3308 4524 3362 4570 et
3387 4513 3582 4581 Barad,

2011 4611 2154 4682 quod
2197 4608 2464 4679 signiﬁcat
2515 4607 2713 4662 veteris
2761 4606 2892 4677 legis
2935 4615 2990 4663 et
3034 4622 3185 4664 novaa
3225 4607 3581 4677 Scripturam,

2010 4718 2174 4774 quam
2199 4702 2446 4757 conditor
2467 4707 2673 4766 noster,
2706 4700 2813 4754 vita
2851 4700 3167 4765 viventium,
3200 4714 3322 4771 spes
3351 4700 3586 4754 morien-

2010 4796 2142 4850 tium
2163 4836 2177 4861 ,
2206 4794 2402 4849 intuitu
2446 4793 2549 4862 pia:
2588 4791 2952 4847 miserationis
2980 4790 3297 4846 mortalibus
3328 4791 3496 4854 dedit,
3525 4800 3584 4846 ut

2010 4887 2185 4943 edocti
2207 4893 2261 4940 et
2289 4902 2319 4940 a
2343 4885 2488 4939 vitiis
2517 4883 2770 4952 correcti,
2803 4883 2896 4939 Dei
2923 4883 3130 4939 visione
3151 4891 3410 4954 perpetuo
3436 4883 3582 4953 digni

2010 4991 2132 5034 esse
2163 4983 2492 5032 mereantur.

2595 5104 2823 5162 CAPUT
2856 5103 3018 5162 XVII.

2081 5242 2244 5299 Vsus.
2278 5241 2388 5296 1-1.
2423 5273 2492 5282 -
2693 5258 2711 5292 ι
2744 5240 3054 5310 Ponamque
3099 5238 3292 5307 fmdus,
3329 5261 3348 5295 ι
3381 5250 3486 5296 etc.
3519 5239 3575 5295 In

2013 5333 2238 5388 Hebraeo
2267 5334 2430 5388 berith
2467 5332 2666 5405 (τιή-α),
2697 5334 2840 5403 quod
2888 5348 2992 5388 non
3037 5341 3446 5397 testamentum,
3481 5331 3573 5386 sed

2009 5425 2208 5490 foedus,
2233 5425 2344 5479 sive
2381 5433 2594 5494 pactum
2626 5423 2909 5494 signiﬁcat.

2078 5516 2242 5571 Vsus.
2276 5515 2390 5570 5-7.
2419 5545 2488 5555 -
2524 5534 2541 5564 ι
2579 5512 2687 5568 Nec
2713 5513 2850 5567 ultra
2878 5513 3160 5568 vocabitur
3189 5527 3380 5568 nomen
3423 5519 3572 5566 tuum

2011 5623 2030 5655 σ
2062 5605 2280 5660 Abram.
2321 5624 2338 5655 ›
2372 5602 2645 5674 Ulterius.)
2676 5602 2869 5656 Dicunt
2907 5602 3112 5656 Ilebrmi
3156 5599 3296 5669 quod
3337 5599 3477 5656 Deus
3506 5615 3573 5656 ex

2005 5700 2223 5754 nomine
2251 5715 2367 5763 suo,
2399 5699 2540 5767 quod
2589 5697 2724 5768 apud
2773 5697 2892 5752 illos
2943 5703 3419 5764 tetragrauunaton
3469 5703 3573 5761 est,

2005 5791 2037 5846 It
2069 5789 2302 5846 litteram
2355 5789 2624 5856 Abrahae,
2656 5798 2710 5845 et
2754 5789 2903 5844 Sara:
2945 5787 3230 5843 addiderit.
3282 5785 3578 5844 Dicebatur
