4074 6334
492 368 594 425 125

977 368 1371 426 WALAFRIDI
1409 369 1655 427 STRABI
1694 370 1894 427 FULD.
1936 369 2099 428 MON.
2141 370 2290 428 OPP.
2334 369 2513 426 PARS
2552 370 2596 425 l.
2634 400 2704 411 —
2743 368 3196 426 THEOLOGICA.

3631 372 3737 425 124

489 480 915 550 antem-Abram,
938 485 1081 554 quod
1101 494 1185 540 est
1209 495 1358 555 pater
1377 485 1642 551 excelsus;
1672 496 1857 556 postea
1881 486 2059 540 dictus
2090 496 2136 559 Α
2166 485 2338 556 (lsm.)
2369 484 2683 539 Declaratur
2721 483 3006 552 promissio
3038 483 3105 536 de
3156 479 3438 537 vocatione
3493 482 3737 553 gentium

492 585 576 633 est
597 574 890 641 Abraham,
916 578 1059 646 quod
1081 586 1163 633 est
1186 589 1336 648 pater
1356 578 1656 643 multarum,
1687 594 1813 633 nam
1834 579 2063 649 gentium

492 669 547 724 in
572 667 790 723 nomine
818 683 925 741 non
948 668 1199 735 habetur,
1224 669 1316 724 sed
1347 669 1680 726 subauditur.
1721 669 1830 725 Nec
1863 671 2065 724 miran-

490 759 617 815 du‘tn
640 759 785 830 quod
807 774 931 814 cum
953 761 1092 830 apud
1117 760 1335 816 Gratcos
1355 769 1410 816 et
1431 776 1529 816 nos
1554 779 1587 816 a
1611 761 1793 816 littera
1820 762 2067 817 videatur

493 849 697 916 addita,
716 848 752 904 It
770 848 952 905 littera
972 850 1153 906 addita
1180 849 1423 906 dicatur:
1447 849 1645 906 idioma
1665 851 1810 906 enim
1830 850 2066 907 Hebraeae

489 939 736 1009 lingutelt
764 940 1046 997 consuevit
1075 941 1318 997 scribere
1353 951 1409 996 et
1433 958 1465 996 α
1491 941 1669 1014 legere
1694 961 1707 996 :
1735 943 1875 998 sicut
1903 959 2067 999 econ-

492 1028 683 1093 trario,
712 1029 747 1083 It
771 1031 1121 1100 pronuntiare
1147 1038 1203 1085 et
1232 1049 1264 1085 a
1293 1031 1554 1087 scribere.

567 1118 727 1175 Vens.
757 1119 812 1186 8,
837 1120 890 1176 9.
913 1150 986 1161 —
1011 1139 1029 1172 ι
1052 1119 1307 1190 Daboque
1328 1121 1427 1177 tibi
1452 1129 1505 1177 et
1530 1123 1722 1178 semini
1746 1130 1859 1180 tuo.
1885 1163 1901 1179 .
1929 1164 1943 1178 .
1972 1163 1985 1177 .
2012 1133 2070 1179 et

496 1234 518 1270 ι
547 1231 764 1273 omnem
787 1224 989 1273 terram
1025 1217 1302 1273 Chanaan.
1338 1238 1357 1271 ι
1394 1217 1647 1273 Chanaan
1680 1219 2070 1291 interpretatur

490 1320 663 1366 motus
701 1326 881 1367 eorum
904 1327 923 1366 :
973 1308 1124 1378 cujus
1166 1320 1309 1365 terra
1344 1324 1375 1365 a
1404 1309 1648 1366 ﬁdelibus
1678 1311 1730 1366 in
1773 1311 2069 1381 possessio-

493 1416 619 1457 nem
642 1402 922 1474 accipitur,
961 1417 1085 1458 cum
1114 1417 1268 1458 mens
1291 1403 1441 1473 prius
1485 1402 1714 1458 diversis
1739 1403 2067 1458 circumacta

495 1493 756 1561 motibus,
812 1494 866 1549 in
911 1494 1105 1550 melius
1134 1502 1379 1556 mutata.
1427 1492 1767 1565 postmodum
1808 1494 2070 1551 irreﬁexis

492 1583 665 1640 oculis
695 1585 750 1640 in
773 1586 1045 1642 anteriora
1070 1585 1380 1641 extenditur

568 1691 587 1726 t
616 1674 675 1729 In
704 1676 1100 1746 possessionem
1127 1684 1406 1731 aeternam.
1430 1695 1448 1729 ι
1477 1674 1656 1748 (Αυα.)
1679 1674 1955 1744 Scriptura
1975 1689 2072 1729 vo-

491 1776 582 1824 cat
615 1776 877 1824 azternum
925 1768 1078 1837 cujus
1106 1769 1227 1824 ﬁnis
1252 1784 1357 1824 non
1407 1767 1775 1834 constituitur,
1801 1776 1892 1822 aut
1923 1766 2069 1837 quod

2166 576 2220 630 in
2246 575 2393 631 Isaac
2418 574 2527 630 ﬁlio
2551 574 2946 647 promissionis,
2998 574 3050 628 id
3076 582 3160 628 est
3208 572 3415 644 gratiae,
3441 587 3551 628 non
3582 583 3742 628 natu-

2122 692 2129 699 ν
2166 683 2262 733 rm,
2285 667 2411 737 quia
2433 667 2500 720 de
2537 680 2665 721 sene
2690 674 2843 735 patre
2871 672 2926 719 et
2948 664 3122 719 sterili
3156 672 3331 718 matre
3356 682 3371 717 :
3401 673 3457 717 et
3485 665 3611 733 quia
3633 665 3742 723 hoc

2167 773 2272 812 non
2303 772 2400 827 per
2426 757 2850 826 generationem,
2869 757 3005 811 sicut
3024 755 3239 819 lsmael,
3264 754 3357 810 sed
3388 769 3486 824 per
3515 770 3742 827 regene-

2167 849 2430 904 rationem
2463 847 2700 902 l'ttturum
2729 855 2868 912 erat,
2922 847 3183 918 imperata
3232 859 3316 902 est
3365 848 3740 915 circumcisio,

2168 939 2382 1008 quando
2434 937 2584 993 Sara:
2624 936 2765 993 ﬁlius
2812 937 3148 1006 promittitur
3185 936 3239 991 itt
3290 944 3418 1008 typo
3456 936 3741 1004 Ecclesia,

2168 1045 2272 1085 non
2300 1029 2516 1099 quando
2544 1028 2753 1093 lsmael,
2781 1028 2871 1099 qui
2900 1038 3057 1099 typus
3082 1028 3412 1084 Iudaeorum.

2240 1121 2487 1194 (Htenon.
2515 1151 2541 1162 -
2567 1120 2719 1192 lsm.)
2778 1122 2975 1176 Errant
3010 1121 3100 1191 qui
3132 1130 3322 1190 putant
3372 1120 3606 1191 primum
3637 1120 3744 1177 Sa-

2169 1227 2284 1267 ratn
2315 1227 2411 1282 per
2435 1227 2599 1266 unum
2630 1228 2658 1265 r
2685 1212 2943 1281 scriptum
2972 1209 3156 1275 fuisse,
3188 1218 3243 1264 et
3277 1219 3464 1279 postea
3495 1211 3743 1266 additum

2167 1314 2288 1357 esse
2314 1300 2540 1355 alterum
2566 1318 2609 1354 r.
2626 1284 2709 1355 'Et
2736 1301 2861 1371 quia
2884 1318 2911 1354 r
2932 1302 3074 1372 apud
3101 1300 3318 1356 Graecos
3337 1312 3542 1355 centum
3573 1302 3746 1373 signi-

2169 1391 2316 1457 ﬁcat,
2348 1391 2542 1446 multas
2560 1406 2723 1462 super
2749 1393 2852 1448 hoc
2880 1392 3094 1447 nomine
3114 1393 3457 1463 suspicantur
3481 1393 3743 1464 ineptias,

2168 1501 2291 1541 cum
2323 1493 2378 1540 et
2408 1493 2682 1555 utcunque
2734 1484 2902 1539 velint
2952 1482 3273 1539 vocabulum
3319 1493 3742 1551 commutatum,

2170 1593 2276 1633 non
2323 1577 2586 1644 Graecam,
2639 1578 2733 1633 sed
2788 1576 3107 1632 Hebraicam
3155 1578 3314 1633 debet
3338 1578 3537 1634 habere
3570 1580 3749 1633 ratio-

2171 1686 2314 1725 nem.
2343 1669 2625 1725 Hebraeum
2652 1677 2737 1725 est
2758 1670 2924 1724 enim.
2956 1669 3124 1724 Nemo
3168 1671 3310 1724 enim
3357 1669 3527 1725 altera
3555 1670 3748 1742 lingua

2169 1758 2460 1828 quemlibet
2480 1774 2701 1824 vocans,
2750 1759 3131 1833 etymologiam
3176 1761 3425 1815 vocabuli
3478 1762 3646 1817 sumit
3671 1777 3745 1817 ex

492 1873 599 1913 non
626 1859 697 1914 ita
730 1858 790 1914 ﬁt
812 1868 872 1914 ut
892 1859 1144 1929 deinceps
1172 1874 1278 1914 non
1306 1860 1377 1915 sit
1423 1859 1724 1914 faciendum
1744 1899 1760 1923 ,
1806 1866 2067 1928 quantum
2096 1853 2144 1915 B
2172 1849 2359 1903 allel‘a-
2392 1848 2543 1904 δεταί
2572 1866 2701 1921 ergo
2724 1851 2956 1920 primum
2984 1860 3174 1906 vocata
3196 1860 3280 1908 est
3308 1851 3460 1924 (ην)
3490 1869 3589 1923 per
3603 1855 3743 1922 Scin,

490 1947 726 2019 pertinet
745 1948 813 2004 ad
840 1964 1025 2005 curam
1066 1949 1151 2005 vel
1187 1957 1511 2021 potestatem
1540 1948 1824 2014 facientis;
1853 1947 1998 2003 unde
2022 1961 2038 2000 :

644 2081 841 2132 Servlet
857 2087 1098 2132 teternum
1116 2083 1200 2145 qui
1225 2094 1369 2144 parvo
1389 2082 1584 2132 nesciet
1607 2082 1696 2131 uti.

564 2201 731 2259 Vens.
761 2202 848 2258 10.
876 2234 946 2244 -
975 2222 993 2256 t
1023 2202 1454 2260 Cir‘cumcidetur
1493 2219 1559 2258 ex
1608 2204 1763 2259 vobis
1812 2202 2066 2259 masculi-

500 2312 521 2344 «ι
551 2309 701 2360 num,
724 2314 744 2347 ι
773 2304 878 2350 etc.
909 2294 1160 2367 (STRAB.)
1187 2295 1382 2351 Tribus
1407 2297 1474 2351 de
1498 2296 1677 2351 causis
1701 2296 1803 2351 hoc
1826 2298 2070 2367 praecipi-

492 2394 582 2441 tur
604 2386 855 2442 Abrahae.
885 2385 1068 2443 Primo
1094 2394 1153 2443 ut
1181 2403 1280 2458 per
1297 2387 1658 2444 obedientiam
1698 2388 1937 2444 mandati
1956 2388 2071 2459 pla—

493 2484 648 2542 ceat,
675 2491 773 2548 per
789 2476 945 2548 cujus
961 2479 1460 2548 pmvaricationem
1495 2479 1666 2535 Adam
1691 2479 2067 2550 displicuerat;

494 2571 754 2636 secundo,
783 2578 845 2624 ut
866 2570 970 2626 hoc
993 2571 1147 2643 signo
1170 2587 1202 2627 a
1226 2573 1435 2627 caeteris
1459 2572 1770 2628 nationibus
1791 2573 2067 2629 disceme-

494 2667 681 2726 retur;
712 2662 893 2727 tertio,
936 2669 998 2716 ut
1034 2662 1088 2717 in
1117 2677 1183 2718 eo
1210 2663 1453 2719 membro
1484 2664 1837 2720 circumcisus
1870 2679 1978 2734 quo
2007 2664 2072 2718 li-

496 2750 622 2806 bido
653 2752 790 2806 solet
815 2751 1102 2819 dominari,
1152 2754 1456 2810 castitatem
1500 2755 1602 2810 sibi
1648 2756 1966 2812 servandam
2016 2762 2072 2812 et

497 2838 887 2912 impudicitiam
916 2845 1326 2901 rescindendam
1350 2855 1715 2919 cognosceret.

571 2951 733 3009 Vens.
794 2953 976 3011 11-15.
1030 2987 1099 2997 -
1153 2974 1172 3009 t
1225 2956 1459 3013 Carnem
1505 2958 1770 3031 praeputii.
1836 2977 1854 3009 ι
1909 2957 2066 3027 (Rn.

499 3042 729 3114 S'rnn.)
758 3042 1114 3103 Circumcisio
1154 3045 1294 3102 facta
1323 3048 1378 3102 in
1408 3062 1517 3103 uno
1542 3047 1785 3103 membro
1807 3046 2074 3119 signiﬁcat

2172 1954 2272 2003 res,
2301 1937 2407 1992 iod.
2440 1938 2660 1994 Sublata
2689 1954 2818 2009 ergo
2863 1941 2950 1994 t'od
2979 1941 3160 1997 addita
3188 1950 3269 1997 est
3298 1944 3362 1997 he
3387 1942 3590 2009 littera,
3619 1959 3748 2014 qua:

2169 2044 2267 2099 pro
2289 2048 2321 2084 a
2348 2030 2559 2101 legitur,
2591 2040 2647 2088 et
2673 2042 2865 2088 vocata
2903 2043 2986 2089 est
3015 2032 3154 2089 Sara
3178 2034 3365 2107 (mw).
3396 2035 3571 2091 Antea
3596 2037 3745 2092 enim

2170 2120 2449 2176 dicebatur
2500 2125 2740 2194 princeps
2790 2141 2925 2189 mea,
2975 2126 3100 2195 quia
3145 2128 3299 2196 quasi
3333 2128 3491 2183 unius
3522 2126 3746 2184 familia:

2171 2220 2385 2267 mater:
2421 2222 2613 2283 postea
2661 2215 2907 2270 absolute
2948 2217 3207 2288 princeps,
3239 2219 3480 2272 omnium
3529 2219 3749 2275 scilicet

2170 2303 2407 2375 gentium
2434 2304 2684 2375 princeps
2714 2305 2915 2360 futura.
2945 2306 3172 2373 Quidam
3203 2308 3439 2378 pessime
3460 2311 3747 2378 suspican-

2170 2402 2259 2449 tur
2305 2411 2423 2451 eam
2470 2397 2620 2466 prius
2671 2397 2871 2468 lepram
2923 2399 3090 2455 fuisse
3140 2408 3409 2468 vocatam,
3470 2411 3526 2457 et
3552 2413 3743 2472 postea

2168 2487 2472 2559 principem,
2503 2504 2626 2545 cum
2649 2490 2795 2561 lepra
2823 2493 2967 2547 δαταὶ
3024 2492 3235 2548 dicatur
3263 2494 3483 2566 (mw),
3518 2495 3664 2566 quod
3688 2496 3745 2551 in

2172 2589 2355 2634 nostra
2382 2579 2562 2651 lingua
2586 2581 2800 2637 videtur
2826 2583 3027 2638 habere
3047 2583 3284 2654 aliquam
3309 2584 3740 2652 similitudinem,

2171 2671 2266 2726 sed
2292 2669 2524 2727 Hebraeo
2548 2673 2765 2741 penitus
2788 2681 2872 2729 est
2911 2674 3146 2729 diversa.
3181 2673 3450 2730 Scribitur
3477 2676 3622 2731 enim
3644 2692 3744 2746 per

2173 2762 2358 2818 sadt'clt
2386 2771 2442 2818 et
2469 2764 2559 2818 ain
2582 2771 2635 2820 et
2674 2781 2755 2819 res
2774 2773 2830 2820 et
2863 2773 2996 2832 tant;
3027 2766 3170 2836 quod
3193 2781 3222 2819 a
3250 2764 3424 2821 tribus
3450 2767 3747 2836 superiori-

2172 2855 2290 2919 bus,
2322 2856 2375 2911 id
2405 2864 2508 2921 est,
2537 2856 2705 2923 scltin,
2739 2874 2819 2913 res
2849 2866 2905 2913 et
2928 2859 3012 2923 Ite,
3060 2858 3257 2929 quibus
3293 2859 3550 2916 scribitur
3579 2859 3742 2927 Sara,

2172 2948 2459 3005 manifeste
2481 2951 2668 3006 distat.

2244 3039 2408 3097 Vens.
2441 3042 2528 3111 i7,
2563 3044 2648 3100 i8.
2680 3074 2750 3085 —
2791 3062 2810 3096 t
2867 3043 3073 3101 Cecidit
3120 3044 3397 3102 Abraham
3445 3046 3497 3101 in
3550 3044 3745 3101 faciem

500 3134 964 3193 circumcisionem
995 3138 1347 3210 spiritualem,
1380 3154 1498 3209 qua:
1521 3140 1573 3195 in
1599 3140 1760 3195 corde
1782 3147 1837 3195 et
1875 3138 2068 3195 inom-
2112 3205 2141 3210 Δ
2175 3150 2349 3201 suam,
2377 3142 2433 3190 et
2459 3135 2577 3192 risit
2608 3138 2663 3191 in
2704 3137 2867 3193 corde
2916 3153 3033 3193 suo.
3071 3157 3089 3189 ι
3125 3136 3403 3210 (Πιειιοιε.)
3446 3136 3576 3194 Post
3619 3153 3751 3209 pau-

500 3227 659 3284 nibus
686 3229 936 3285 sensibus
963 3205 1265 3287 exhibenda
1292 3205 1414 3287 est:
1445 3230 1944 3287 Circumcidendum
1987 3239 2072 3287 est
2096 3205 2144 3275 (ἶ
2176 3225 2287 3282 lum
2333 3227 2618 3296 sequitur:
2656 3244 2675 3278 ι
2721 3227 2789 3282 Et
2823 3227 3041 3283 vocabis
3086 3205 3282 3285 nomen
3323 3205 3441 3297 ejus
3485 3205 3639 3284 Isaac
3671 3246 3683 3281 :
3724 3247 3744 3279 ι

499 3334 616 3386 cor,
646 3335 716 3397 ne
758 3320 917 3377 noxia
959 3322 1295 3394 cogitemus;
1351 3321 1515 3388 oculi,
1557 3338 1623 3377 ne
1665 3322 1961 3377 vanitatem
1986 3322 2071 3377 vi-
2175 3320 2268 3390 qui
2297 3323 2440 3376 risus
2466 3320 2852 3392 interpretatur
2880 3322 2946 3378 de
2986 3322 3095 3379 risu
3123 3323 3376 3390 Abrahae,
3402 3338 3509 3379 non
3541 3325 3606 3379 de
3634 3324 3748 3379 risu

496 3408 753 3477 deatnus;
806 3426 968 3468 aures
1008 3413 1453 3469 circumcidenda:
1497 3421 1646 3478 sunt,
1694 3413 1746 3468 id
1789 3421 1874 3471 est
1914 3414 2074 3470 obtu-
2179 3408 2349 3465 Sane.
2396 3408 2686 3481 Postquam
2734 3411 2879 3467 enim
2907 3427 2971 3467 ex
3001 3413 3112 3467 risu
3139 3411 3373 3468 Abrahae
3413 3421 3639 3470 vocatus
3666 3421 3753 3468 est

503 3505 705 3572 randaa,
758 3519 827 3560 ne
854 3506 1076 3562 audiant
1108 3507 1423 3578 sanguinem
1450 3524 1464 3560 :
1513 3515 1569 3563 et
1606 3505 1705 3562 sic'
1734 3507 1788 3561 in
1824 3505 2075 3563 omnibus
2177 3500 2320 3556 ﬁlius
2344 3500 2650 3570 650818330,
2685 3502 2884 3574 legitur
2912 3501 3103 3559 Saram
3130 3502 3334 3559 misse.

500 3595 749 3653 sensibus
772 3596 1093 3652 celebranda
1120 3606 1205 3653 est
1227 3596 1589 3653 circumcisio.
2254 3611 2273 3646 t
2308 3592 2513 3650 Nomen
2565 3594 2681 3663 ejus
2710 3594 2878 3651 Isaac.
2934 3616 2953 3649 ι
2987 3593 3277 3652 Sciendum
3324 3596 3467 3666 quod
3517 3605 3755 3667 quatuor

576 3685 822 3755 (ALcuut.
849 3686 905 3741 in
938 3686 1093 3755 Gem,
1121 3698 1248 3744 tom.
1278 3688 1343 3759 1.)
1365 3688 1489 3745 Ideo
1519 3698 1695 3746 autem
1720 3689 1953 3747 Abrahae
1974 3691 2080 3746 εῖτ.
2178 3684 2232 3738 in
2264 3681 2447 3738 Veteri
2478 3683 2827 3740 Testamento
2868 3684 3178 3741 nominibus
3206 3684 3321 3741 suis
3349 3692 3557 3757 aperte,
3590 3694 3749 3742 ante-

500 3778 760 3834 cumcisio
781 3780 1155 3835 commendata
1183 3791 1284 3847 est,
1311 3790 1417 3837 etc.
1436 3820 1456 3848 ,
1491 3797 1651 3854 usque
1684 3782 1754 3837 ad
1784 3782 1925 3838 unde
1946 3782 2075 3839 olim
2176 3792 2338 3847 quam
2362 3786 2736 3842 nascerentur,
2757 3778 2934 3833 vocati
2963 3785 3089 3834 sunt
3119 3796 3131 3831 :
3156 3777 3374 3845 lsmael,
3402 3777 3571 3841 Isaac,
3595 3775 3756 3835 Sam-

499 3868 946 3940 prtevaricatores
967 3880 1359 3942 generaverunt
1388 3874 1456 3928 ad
1484 3882 1734 3929 mortem.

571 3956 881 4029 Allegorice.
907 3956 1026 4015 Jam
1071 3968 1198 4017 tunc
1244 3968 1464 4032 propter
1492 3960 1729 4016 futuram
1769 3962 2077 4033 peregrina-

502 4049 723 4115 tionem,
755 4062 824 4104 ne
849 4050 1169 4107 misceretur
1191 4067 1374 4108 semen
1399 4051 1515 4122 ejus
1544 4053 1824 4124 gentibus,
1852 4053 2079 4109 circum-

504 4142 723 4199 cisionis
749 4151 965 4214 pactum
990 4145 1145 4199 datur
1170 4146 1224 4201 in
1253 4146 1464 4217 signum
1492 4163 1507 4202 :
1538 4145 1667 4216 quia
1688 4145 1956 4218 signiﬁcat
1984 4160 2080 4200 na-

509 4245 684 4292 turam
731 4244 1042 4292 renovatum
1085 4252 1183 4308 per
1227 4238 1554 4309 baptismum
1580 4277 1596 4304 ,
1642 4244 1764 4307 post
1805 4235 2081 4307 spoliatio-

510 4342 632 4382 ttem
674 4328 875 4385 veteris
900 4328 1132 4385 hominis
1158 4344 1255 4401 per
1295 4327 1593 4395 Christum,
1642 4328 1735 4399 qui
1779 4328 2083 4385 resurrexit

505 4427 629 4489 post
650 4418 994 4491 baptismum.
1042 4418 1243 4476 Servos
1273 4433 1401 4476 vero
1429 4419 1767 4487 vernaculos,
1807 4419 2083 4490 emptitios

503 4511 692 4576 etiam,
734 4512 1045 4569 circumcidi
1086 4512 1359 4585 praecepit,
1411 4519 1470 4567 ut
1516 4511 1738 4567 doceret
1774 4511 1842 4565 ad
1892 4525 2081 4567 omnes

2176 3882 2293 3923 som
2321 3876 2378 3921 et
2398 3865 2594 3923 Josias.
2621 3867 2764 3939 Lege
2799 3866 3127 3938 Scripturas.

2249 3957 2416 4014 Vens.
2457 3957 2544 4013 i9.
2575 3988 2647 3998 —
2679 3977 2697 4010 t
2724 3958 3059 4014 Constituam
3087 3966 3307 4029 pactum
3350 3973 3554 4027 meum,
3596 3978 3616 4013 ι
3643 3969 3754 4017 etc.

2176 4044 2403 4102 Pactum
2432 4062 2560 4103 vero
2582 4048 2793 4104 Domini
2823 4062 2944 4104 cum
2995 4049 3164 4115 Isaac,
3216 4050 3415 4121 populo
3458 4050 3665 4107 scilicet
3693 4054 3757 4107 ﬁ-

2179 4141 2305 4207 deli,
2335 4156 2495 4211 quem
2528 4150 2698 4196 mater
2727 4142 2966 4197 Ecclesia
3013 4157 3110 4212 per
3138 4141 3298 4197 ﬁdem
3325 4151 3380 4199 et
3426 4134 3775 4214 baptismum-

2180 4232 2476 4305 generavit.
2514 4252 2534 4283 ε
2570 4233 2638 4288 Ει
2661 4231 2838 4290 foedus
2882 4234 3293 4304 sempiternum,
3332 4256 3352 4289 ι
3388 4237 3515 4309 quia
3536 4232 3756 4294 aeternae

2181 4329 2307 4385 vitae
2360 4328 2632 4400 possessio
2676 4328 2728 4384 ei
2758 4328 2858 4385 soli
2904 4329 3261 4400 promittitur,
3309 4331 3552 4401 quicum
3580 4331 3758 4403 capite

2185 4436 2285 4479 suo
2313 4422 2532 4480 Christo
2563 4438 2786 4495 regnum
2818 4424 2942 4479 cteli
2967 4436 3181 4495 semper
3207 4425 3525 4496 possidebit.

2255 4516 2419 4571 Vens.
2470 4514 2558 4571 20.
2611 4546 2681 4556 —
2719 4535 2737 4568 ι
2785 4513 2961 4585 Super
3003 4514 3217 4580 lsmael,
3252 4535 3271 4567 ι
3306 4524 3412 4571 etc.
3470 4514 3753 4571 Historicc.

502 4569 777 4672 pertinere
827 4569 1208 4674 redemptionis
1256 4569 1505 4676 gratiam.
1556 4601 1635 4659 Ibi
1689 4611 1745 4658 et
1792 4610 2078 4675 parentum
2105 4569 2160 4631 θ
2182 4569 2651 4680 [emaci—populum
2677 4569 3449 4681 Iudaeorumsigniﬁcatpqui
3498 4569 3761 4680 multipli-

505 4700 783 4748 mutantur
832 4693 1074 4759 nomina,
1127 4703 1185 4748 ut
1225 4695 1405 4750 omnia
1456 4700 1709 4750 resonent
1760 4694 2075 4750 novitatem.

503 4784 728 4853 Abram,
762 4794 909 4858 pater
945 4786 1219 4853 excelsus;
1253 4787 1560 4855 Abraham,
1608 4798 1753 4843 vater
1792 4787 2078 4843 multarum

503 4877 754 4949 gentium.

579 4970 741 5027 Vens.
767 4971 855 5027 ll.
878 5000 948 5012 -
982 4991 1001 5024 ε
1029 4969 1295 5028 Masculus
1319 4972 1728 5045 cttjuspraaputii
1745 4987 1895 5039 caro,
1928 4992 1947 5024 ι
1968 4980 2076 5028 etc.

507 5058 682 5132 (lstn.)
711 5062 978 5130 Quaeritur
1002 5064 1272 5135 quomodo
1314 5065 1467 5136 pueri
1498 5064 1802 5121 circumcisi
1834 5064 1948 5136 (qui
1977 5079 2077 5134 pa-

509 5163 658 5207 ctum
690 5153 783 5208 Dei
813 5154 1027 5209 irritum
1056 5170 1163 5210 non
1192 5153 1460 5220 fecerunt,
1487 5158 1580 5211 sed
1604 5157 1695 5225 qui
1724 5171 1820 5211 eos
1847 5154 2081 5210 circum-
2122 5158 2129 5167 ‘

510 5243 693 5299 cidere
744 5245 1117 5319 neglexerunt)
1172 5248 1356 5319 perire
1402 5248 1672 5302 debeant?
1701 5246 1807 5303 Sed
1859 5254 2080 5318 pactum

511 5334 604 5395 Dei
637 5352 743 5392 non
770 5339 1061 5394 secundum
1099 5354 1253 5411 Opus,
1285 5341 1379 5396 sed
1403 5339 1699 5396 secundum
1729 5338 1996 5409 originem
2022 5339 2078 5397 in

507 5426 687 5501 primo
723 5427 939 5485 homine
968 5431 1178 5485 irritum
1210 5432 1478 5495 fecerunt,
1510 5431 1562 5485 in
1605 5446 1713 5500 quo
1737 5444 1928 5485 omnes
1958 5446 2079 5501 pec-

2181 4711 2336 4757 catus
2383 4711 2464 4758 est
2498 4702 2695 4766 valde;
2737 4701 3020 4758 duodecim
3070 4701 3236 4759 duces
3291 4703 3590 4776 generavit,
3628 4718 3755 4758 cum

2182 4794 2470 4850 multitudo
2517 4795 2817 4851 carnalium
2852 4794 3159 4852 Iudaeorum
3215 4812 3282 4853 ex
3326 4796 3613 4854 duodecim
3664 4813 3761 4868 pa-

2184 4885 2435 4941 triarchis
2464 4886 2662 4956 genita,
2690 4886 2742 4941 in
2767 4886 3047 4943 duodecim
3080 4888 3253 4943 tribus
3282 4896 3368 4945 est
3394 4889 3591 4945 divisa.

2254 4976 2417 5035 Vens.
2448 4978 2538 5033 21.
2568 5010 2637 5020 -
2680 5000 2698 5031 ι
2728 4979 2785 5034 In
2809 4995 2951 5035 anno
2980 4980 3172 5037 altero.
3208 5001 3226 5035 ›
3260 4979 3450 5037 Annus
3471 4981 3627 5047 alter,
3654 4996 3763 5052 quo

2183 5065 2317 5123 Sara
2339 5067 2523 5138 genuit
2544 5067 2716 5134 Isaac,
2746 5079 2989 5140 tempora
3016 5081 3141 5126 sunt
3163 5071 3611 5143 regenerationis,
3644 5071 3764 5141 qni-

2183 5157 2283 5213 bus
2309 5158 2459 5214 {usus
2483 5169 2565 5215 est
2593 5162 2812 5232 sanguis
2834 5161 3039 5218 Christi
3079 5171 3137 5219 et
3168 5177 3339 5234 genus
3368 5167 3664 5218 humanum
3692 5163 3759 5217 ad

2184 5247 2350 5302 vitam
2384 5259 2765 5305 restauratum.

2254 5335 2416 5393 Vens.
2454 5337 2543 5393 εὶ.
2569 5370 2641 5382 -
2669 5358 2689 5392 ‹
2722 5340 2980 5397 Ascendit
3007 5342 3148 5398 Deus
3172 5342 3241 5399 ad
3265 5341 3557 5408 Abraham,
3601 5362 3618 5394 ι
3649 5349 3760 5398 etc.

2185 5426 2395 5507 (Glossa
2430 5426 2660 5505 Cra-ca.)
2689 5432 2848 5505 Ergo,
2879 5444 2940 5489 ut
2964 5436 3037 5491 ita
3064 5434 3259 5500 dicam,
3299 5432 3671 5497 descenderat,
3708 5442 3764 5488 et

514 5529 793 5577 caverunt.
837 5521 1140 5579 Nascuntur
1181 5524 1326 5578 enim
1353 5538 1560 5585 omnes,
1597 5538 1704 5577 non
1742 5523 1961 5594 proprie
1987 5525 2097 5581 sed-
2186 5512 2443 5578 humilem
2492 5539 2582 5590 se,
2631 5525 3056 5581 circumcisionis
3099 5525 3271 5598 legem
3308 5533 3586 5591 statuens,
3620 5539 3763 5593 prte-

511 5613 868 5683 originaltter.
899 5626 1229 5688 peccatores.
1254 5616 1379 5671 Ideo
1407 5623 1636 5686 pereunt
1664 5630 1854 5672 omnes
1873 5617 1964 5688 qui
1988 5634 2086 5690 per

518 5705 981 5773 regenerationem
1009 5722 1114 5761 non
1135 5706 1454 5761 liberantur.

586 5792 749 5851 Vens.
781 5796 869 5865 15,
926 5797 1108 5856 16.-
1142 5814 1162 5849 t
1224 5795 1381 5853 Sarni
1425 5812 1653 5854 uxorem
1698 5807 1867 5867 tuam,
1927 5820 1944 5853 ι
1977 5810 2082 5857 etc.

2185 5614 2393 5669 buerat.

2255 5706 2418 5765 Vens.
2456 5707 2645 5763 23—27.
2675 5738 2747 5749 —
2791 5728 2809 5760 ι
2853 5709 2997 5765 Tulit
3031 5718 3208 5764 autem
3238 5708 3536 5773 Abraham,
3584 5726 3603 5760 ι
3651 5714 3762 5762 etc.

2187 5798 2303 5857 Non
2350 5801 2661 5857 intendebat
2702 5799 2844 5858 Deus
2888 5813 2946 5857 ut
2976 5810 3179 5857 tantum
3228 5801 3550 5873 praeputium
3580 5797 3767 5859 carnis
