  <div class='ocr_page' id='page_1' title='image "/cluster/home/n/w/nwhite01/storage/ocr_20150623/113/hvd.32044018909572/068.png"; bbox 0 0 4074 6334; ppageno 0'>
   <div class='ocr_carea' id='block_1_1' title="bbox 174 1166 190 1227">
    <p class='ocr_par' dir='ltr' id='par_1_1' title="bbox 174 1166 190 1227">
     <span class='ocr_line' id='line_1_1' title="bbox 174 1166 190 1227; baseline 0 0"><span class='ocrx_word' id='word_1_1' title='bbox 174 1166 190 1227; x_wconf 90' lang='lat' dir='ltr'><strong>i</strong></span> 
     </span>
    </p>
   </div>
   <div class='ocr_carea' id='block_1_2' title="bbox 198 364 313 422">
    <p class='ocr_par' dir='ltr' id='par_1_2' title="bbox 198 364 313 422">
     <span class='ocr_line' id='line_1_2' title="bbox 198 364 313 422; baseline 0 0"><span class='ocrx_word' id='word_1_2' title='bbox 198 364 313 422; x_wconf 67' lang='grc'><strong>125</strong></span> 
     </span>
    </p>
   </div>
   <div class='ocr_carea' id='block_1_3' title="bbox 1292 360 2477 422">
    <p class='ocr_par' dir='ltr' id='par_1_3' title="bbox 1292 360 2477 422">
     <span class='ocr_line' id='line_1_3' title="bbox 1292 360 2477 422; baseline 0.001 -3"><span class='ocrx_word' id='word_1_3' title='bbox 1292 360 1560 419; x_wconf 79' lang='lat' dir='ltr'><strong>GLOSSA</strong></span> <span class='ocrx_word' id='word_1_4' title='bbox 1600 360 1999 419; x_wconf 78' lang='lat' dir='ltr'><strong>ORDINARIA.</strong></span> <span class='ocrx_word' id='word_1_5' title='bbox 2038 393 2110 405; x_wconf 91' lang='lat'><strong>—</strong></span> <span class='ocrx_word' id='word_1_6' title='bbox 2148 363 2275 420; x_wconf 86' lang='lat' dir='ltr'><strong>LIB.</strong></span> <span class='ocrx_word' id='word_1_7' title='bbox 2316 363 2477 422; x_wconf 85' lang='lat' dir='ltr'><strong>GEN.</strong></span> 
     </span>
    </p>
   </div>
   <div class='ocr_carea' id='block_1_4' title="bbox 3369 369 3471 425">
    <p class='ocr_par' dir='ltr' id='par_1_4' title="bbox 3369 369 3471 425">
     <span class='ocr_line' id='line_1_4' title="bbox 3369 369 3471 425; baseline 0.01 -1"><span class='ocrx_word' id='word_1_8' title='bbox 3369 369 3471 425; x_wconf 69' lang='grc' dir='ltr'><strong>ηδ</strong></span> 
     </span>
    </p>
   </div>
   <div class='ocr_carea' id='block_1_5' title="bbox 192 472 3473 551">
    <p class='ocr_par' dir='ltr' id='par_1_5' title="bbox 192 472 3473 551">
     <span class='ocr_line' id='line_1_5' title="bbox 192 472 3473 551; baseline -0 -16"><span class='ocrx_word' id='word_1_9' title='bbox 192 477 435 535; x_wconf 68' lang='lat' dir='ltr'><strong>Abraha</strong></span> <span class='ocrx_word' id='word_1_10' title='bbox 473 483 532 534; x_wconf 90' lang='lat' dir='ltr'><strong>et</strong></span> <span class='ocrx_word' id='word_1_11' title='bbox 571 474 774 532; x_wconf 83' lang='lat' dir='ltr'><strong>sobolis</strong></span> <span class='ocrx_word' id='word_1_12' title='bbox 826 473 945 544; x_wconf 82' lang='lat' dir='ltr'><strong>ejus</strong></span> <span class='ocrx_word' id='word_1_13' title='bbox 997 472 1516 537; x_wconf 89' lang='lat' dir='ltr'><strong>circumcideretur,</strong></span> <span class='ocrx_word' id='word_1_14' title='bbox 1572 472 1666 528; x_wconf 89' lang='lat' dir='ltr'><strong>sed</strong></span> <span class='ocrx_word' id='word_1_15' title='bbox 1711 473 1784 538; x_wconf 91' lang='lat' dir='ltr'><strong>ei,</strong></span> <span class='ocrx_word' id='word_1_16' title='bbox 1813 478 1863 539; x_wconf 80' lang='grc' dir='ltr'><strong>Α</strong></span> <span class='ocrx_word' id='word_1_17' title='bbox 1890 475 2039 529; x_wconf 84' lang='lat' dir='ltr'><strong>visus</strong></span> <span class='ocrx_word' id='word_1_18' title='bbox 2080 485 2164 530; x_wconf 89' lang='lat' dir='ltr'><strong>est</strong></span> <span class='ocrx_word' id='word_1_19' title='bbox 2212 473 2393 548; x_wconf 82' lang='lat' dir='ltr'><strong>(Joan.</strong></span> <span class='ocrx_word' id='word_1_20' title='bbox 2430 474 2574 549; x_wconf 86' lang='lat' dir='ltr'><strong>vm).</strong></span> <span class='ocrx_word' id='word_1_21' title='bbox 2615 494 2633 526; x_wconf 74' lang='grc' dir='ltr'><strong>ι</strong></span> <span class='ocrx_word' id='word_1_22' title='bbox 2677 474 2935 533; x_wconf 69' lang='lat' dir='ltr'><strong>Praevidit</strong></span> <span class='ocrx_word' id='word_1_23' title='bbox 2981 478 3127 533; x_wconf 86' lang='lat' dir='ltr'><strong>enim</strong></span> <span class='ocrx_word' id='word_1_24' title='bbox 3156 480 3473 551; x_wconf 78' lang='lat' dir='ltr'><strong>mysterium</strong></span> 
     </span>
    </p>
   </div>
   <div class='ocr_carea' id='block_1_6' title="bbox 197 564 1787 644">
    <p class='ocr_par' dir='ltr' id='par_1_6' title="bbox 197 564 1787 644">
     <span class='ocr_line' id='line_1_6' title="bbox 197 564 1787 644; baseline -0.004 -17"><span class='ocrx_word' id='word_1_25' title='bbox 197 585 366 644; x_wconf 89' lang='lat' dir='ltr'><strong>quem</strong></span> <span class='ocrx_word' id='word_1_26' title='bbox 397 587 429 626; x_wconf 91' lang='lat' dir='ltr'><strong>a</strong></span> <span class='ocrx_word' id='word_1_27' title='bbox 452 569 665 626; x_wconf 89' lang='lat' dir='ltr'><strong>cunctis</strong></span> <span class='ocrx_word' id='word_1_28' title='bbox 698 568 954 638; x_wconf 77' lang='lat' dir='ltr'><strong>elegerat,</strong></span> <span class='ocrx_word' id='word_1_29' title='bbox 985 564 1173 622; x_wconf 70' lang='lat' dir='ltr'><strong>aeterni</strong></span> <span class='ocrx_word' id='word_1_30' title='bbox 1204 564 1537 622; x_wconf 87' lang='lat' dir='ltr'><strong>Testamenti</strong></span> <span class='ocrx_word' id='word_1_31' title='bbox 1562 582 1787 622; x_wconf 90' lang='lat' dir='ltr'><strong>munera</strong></span> 
     </span>
    </p>
   </div>
   <div class='ocr_carea' id='block_1_7' title="bbox 196 657 1791 728">
    <p class='ocr_par' dir='ltr' id='par_1_7' title="bbox 196 657 1791 728">
     <span class='ocr_line' id='line_1_7' title="bbox 196 657 1791 728; baseline -0.004 -8"><span class='ocrx_word' id='word_1_32' title='bbox 196 661 560 728; x_wconf 82' lang='lat' dir='ltr'><strong>conferebat;</strong></span> <span class='ocrx_word' id='word_1_33' title='bbox 607 661 750 717; x_wconf 90' lang='lat' dir='ltr'><strong>unde</strong></span> <span class='ocrx_word' id='word_1_34' title='bbox 796 658 995 715; x_wconf 84' lang='lat' dir='ltr'><strong>Paulus</strong></span> <span class='ocrx_word' id='word_1_35' title='bbox 1040 659 1182 714; x_wconf 92' lang='lat' dir='ltr'><strong>Phil.</strong></span> <span class='ocrx_word' id='word_1_36' title='bbox 1232 675 1334 714; x_wconf 85' lang='lat' dir='ltr'><strong>in:</strong></span> <span class='ocrx_word' id='word_1_37' title='bbox 1387 677 1406 710; x_wconf 74' lang='grc' dir='ltr'><strong>ι</strong></span> <span class='ocrx_word' id='word_1_38' title='bbox 1456 657 1567 715; x_wconf 84' lang='lat' dir='ltr'><strong>Nos</strong></span> <span class='ocrx_word' id='word_1_39' title='bbox 1602 672 1791 714; x_wconf 85' lang='lat' dir='ltr'><strong>sumus</strong></span> 
     </span>
    </p>
   </div>
   <div class='ocr_carea' id='block_1_8' title="bbox 196 749 1790 823">
    <p class='ocr_par' dir='ltr' id='par_1_8' title="bbox 196 749 1790 823">
     <span class='ocr_line' id='line_1_8' title="bbox 196 749 1790 823; baseline -0.004 -12"><span class='ocrx_word' id='word_1_40' title='bbox 196 755 347 812; x_wconf 90' lang='lat' dir='ltr'><strong>enim</strong></span> <span class='ocrx_word' id='word_1_41' title='bbox 378 752 745 815; x_wconf 83' lang='lat' dir='ltr'><strong>circumcisio,</strong></span> <span class='ocrx_word' id='word_1_42' title='bbox 789 752 884 823; x_wconf 94' lang='lat' dir='ltr'><strong>qui</strong></span> <span class='ocrx_word' id='word_1_43' title='bbox 933 751 1125 822; x_wconf 76' lang='lat' dir='ltr'><strong>spiritu</strong></span> <span class='ocrx_word' id='word_1_44' title='bbox 1185 749 1298 807; x_wconf 90' lang='lat' dir='ltr'><strong>Deo</strong></span> <span class='ocrx_word' id='word_1_45' title='bbox 1323 750 1609 806; x_wconf 82' lang='lat' dir='ltr'><strong>servimus.</strong></span> <span class='ocrx_word' id='word_1_46' title='bbox 1643 768 1662 802; x_wconf 70' lang='grc' dir='ltr'><strong>ι</strong></span> <span class='ocrx_word' id='word_1_47' title='bbox 1721 750 1790 805; x_wconf 84' lang='grc' dir='ltr'><em>Ει</em></span> 
     </span>
    </p>
   </div>
   <div class='ocr_carea' id='block_1_9' title="bbox 199 839 1791 912">
    <p class='ocr_par' dir='ltr' id='par_1_9' title="bbox 199 839 1791 912">
     <span class='ocr_line' id='line_1_9' title="bbox 199 839 1791 912; baseline -0.005 -10"><span class='ocrx_word' id='word_1_48' title='bbox 199 844 354 911; x_wconf 81' lang='lat' dir='ltr'><strong>alibi,</strong></span> <span class='ocrx_word' id='word_1_49' title='bbox 386 840 657 901; x_wconf 55' lang='lat' dir='ltr'><strong>Roman:</strong></span> <span class='ocrx_word' id='word_1_50' title='bbox 720 860 740 895; x_wconf 74' lang='grc' dir='ltr'><strong>ι</strong></span> <span class='ocrx_word' id='word_1_51' title='bbox 772 841 891 899; x_wconf 83' lang='grc' dir='ltr'><em>Νοιι</em></span> <span class='ocrx_word' id='word_1_52' title='bbox 934 842 1079 898; x_wconf 90' lang='lat' dir='ltr'><strong>enim</strong></span> <span class='ocrx_word' id='word_1_53' title='bbox 1124 842 1215 912; x_wconf 91' lang='lat' dir='ltr'><strong>qui</strong></span> <span class='ocrx_word' id='word_1_54' title='bbox 1253 841 1309 897; x_wconf 88' lang='lat' dir='ltr'><strong>in</strong></span> <span class='ocrx_word' id='word_1_55' title='bbox 1364 841 1655 898; x_wconf 80' lang='lat' dir='ltr'><strong>manifesto</strong></span> <span class='ocrx_word' id='word_1_56' title='bbox 1697 839 1791 895; x_wconf 84' lang='lat' dir='ltr'><strong>Ju-</strong></span> 
     </span>
    </p>
   </div>
   <div class='ocr_carea' id='block_1_10' title="bbox 197 931 1790 1006">
    <p class='ocr_par' dir='ltr' id='par_1_10' title="bbox 197 931 1790 1006">
     <span class='ocr_line' id='line_1_10' title="bbox 197 931 1790 1006; baseline -0.006 -12"><span class='ocrx_word' id='word_1_57' title='bbox 197 936 352 994; x_wconf 68' lang='lat' dir='ltr'><strong>daeus</strong></span> <span class='ocrx_word' id='word_1_58' title='bbox 375 944 483 1002; x_wconf 89' lang='lat' dir='ltr'><strong>est,</strong></span> <span class='ocrx_word' id='word_1_59' title='bbox 538 948 718 1006; x_wconf 87' lang='lat' dir='ltr'><strong>neque</strong></span> <span class='ocrx_word' id='word_1_60' title='bbox 745 949 865 1004; x_wconf 59' lang='lat' dir='ltr'><strong>quas</strong></span> <span class='ocrx_word' id='word_1_61' title='bbox 904 934 958 989; x_wconf 93' lang='lat' dir='ltr'><strong>in</strong></span> <span class='ocrx_word' id='word_1_62' title='bbox 994 931 1304 998; x_wconf 81' lang='lat' dir='ltr'><strong>manifesto,</strong></span> <span class='ocrx_word' id='word_1_63' title='bbox 1344 932 1397 987; x_wconf 93' lang='lat' dir='ltr'><strong>in</strong></span> <span class='ocrx_word' id='word_1_64' title='bbox 1447 947 1645 995; x_wconf 85' lang='lat' dir='ltr'><strong>carne,</strong></span> <span class='ocrx_word' id='word_1_65' title='bbox 1704 936 1790 986; x_wconf 86' lang='lat' dir='ltr'><strong>est</strong></span> 
     </span>
    </p>
   </div>
   <div class='ocr_carea' id='block_1_11' title="bbox 199 1023 1791 1095">
    <p class='ocr_par' dir='ltr' id='par_1_11' title="bbox 199 1023 1791 1095">
     <span class='ocr_line' id='line_1_11' title="bbox 199 1023 1791 1095; baseline -0.005 -9"><span class='ocrx_word' id='word_1_66' title='bbox 199 1026 572 1086; x_wconf 63' lang='lat' dir='ltr'><strong>circumcisio.</strong></span> <span class='ocrx_word' id='word_1_67' title='bbox 610 1045 632 1080; x_wconf 74' lang='grc' dir='ltr'><strong>ι</strong></span> <span class='ocrx_word' id='word_1_68' title='bbox 693 1024 1160 1082; x_wconf 89' lang='lat' dir='ltr'><strong>Circumcidamus</strong></span> <span class='ocrx_word' id='word_1_69' title='bbox 1198 1039 1327 1095; x_wconf 91' lang='lat' dir='ltr'><strong>ergo</strong></span> <span class='ocrx_word' id='word_1_70' title='bbox 1359 1023 1454 1078; x_wconf 91' lang='lat' dir='ltr'><strong>Dei</strong></span> <span class='ocrx_word' id='word_1_71' title='bbox 1486 1024 1655 1079; x_wconf 92' lang='lat' dir='ltr'><strong>verbo</strong></span> <span class='ocrx_word' id='word_1_72' title='bbox 1695 1038 1791 1078; x_wconf 90' lang='lat' dir='ltr'><strong>au-</strong></span> 
     </span>
    </p>
   </div>
   <div class='ocr_carea' id='block_1_12' title="bbox 202 1113 1786 1187">
    <p class='ocr_par' dir='ltr' id='par_1_12' title="bbox 202 1113 1786 1187">
     <span class='ocr_line' id='line_1_12' title="bbox 202 1113 1786 1187; baseline -0.004 -13"><span class='ocrx_word' id='word_1_73' title='bbox 202 1134 311 1183; x_wconf 89' lang='lat' dir='ltr'><strong>res,</strong></span> <span class='ocrx_word' id='word_1_74' title='bbox 338 1116 510 1183; x_wconf 80' lang='lat' dir='ltr'><strong>labia,</strong></span> <span class='ocrx_word' id='word_1_75' title='bbox 535 1130 653 1181; x_wconf 91' lang='lat' dir='ltr'><strong>cor,</strong></span> <span class='ocrx_word' id='word_1_76' title='bbox 678 1116 1003 1187; x_wconf 68' lang='lat' dir='ltr'><strong>praeputium</strong></span> <span class='ocrx_word' id='word_1_77' title='bbox 1027 1122 1083 1170; x_wconf 89' lang='lat' dir='ltr'><strong>et</strong></span> <span class='ocrx_word' id='word_1_78' title='bbox 1102 1115 1283 1170; x_wconf 82' lang='lat' dir='ltr'><strong>omnia</strong></span> <span class='ocrx_word' id='word_1_79' title='bbox 1316 1113 1558 1169; x_wconf 89' lang='lat' dir='ltr'><strong>membra</strong></span> <span class='ocrx_word' id='word_1_80' title='bbox 1586 1114 1786 1170; x_wconf 91' lang='lat' dir='ltr'><strong>carnis.</strong></span> 
     </span>
    </p>
   </div>
   <div class='ocr_carea' id='block_1_13' title="bbox 203 1202 1792 1271">
    <p class='ocr_par' dir='ltr' id='par_1_13' title="bbox 203 1202 1792 1271">
     <span class='ocr_line' id='line_1_13' title="bbox 203 1202 1792 1271; baseline -0.006 -4"><span class='ocrx_word' id='word_1_81' title='bbox 203 1212 281 1268; x_wconf 90' lang='lat' dir='ltr'><strong>De</strong></span> <span class='ocrx_word' id='word_1_82' title='bbox 305 1209 726 1267; x_wconf 79' lang='lat' dir='ltr'><strong>circumcisione</strong></span> <span class='ocrx_word' id='word_1_83' title='bbox 774 1208 989 1263; x_wconf 89' lang='lat' dir='ltr'><strong>aurium</strong></span> <span class='ocrx_word' id='word_1_84' title='bbox 1017 1205 1219 1261; x_wconf 89' lang='lat' dir='ltr'><strong>dicitur</strong></span> <span class='ocrx_word' id='word_1_85' title='bbox 1259 1204 1391 1260; x_wconf 88' lang='lat' dir='ltr'><strong>Luc.</strong></span> <span class='ocrx_word' id='word_1_86' title='bbox 1430 1218 1573 1259; x_wconf 84' lang='lat' dir='ltr'><strong>vin:</strong></span> <span class='ocrx_word' id='word_1_87' title='bbox 1626 1223 1645 1256; x_wconf 78' lang='grc' dir='ltr'><strong>ι</strong></span> <span class='ocrx_word' id='word_1_88' title='bbox 1686 1202 1792 1271; x_wconf 80' lang='lat' dir='ltr'><strong>Qui</strong></span> 
     </span>
    </p>
   </div>
   <div class='ocr_carea' id='block_1_14' title="bbox 204 1295 1793 1364">
    <p class='ocr_par' dir='ltr' id='par_1_14' title="bbox 204 1295 1793 1364">
     <span class='ocr_line' id='line_1_14' title="bbox 204 1295 1793 1364; baseline -0.008 -4"><span class='ocrx_word' id='word_1_89' title='bbox 204 1303 373 1360; x_wconf 81' lang='lat' dir='ltr'><strong>habet</strong></span> <span class='ocrx_word' id='word_1_90' title='bbox 404 1315 567 1357; x_wconf 83' lang='lat' dir='ltr'><strong>aures</strong></span> <span class='ocrx_word' id='word_1_91' title='bbox 593 1299 867 1364; x_wconf 86' lang='lat' dir='ltr'><strong>audiendi,</strong></span> <span class='ocrx_word' id='word_1_92' title='bbox 897 1298 1119 1364; x_wconf 81' lang='lat' dir='ltr'><strong>audiat;</strong></span> <span class='ocrx_word' id='word_1_93' title='bbox 1158 1316 1178 1350; x_wconf 71' lang='grc' dir='ltr'><strong><em>ο</em></strong></span> <span class='ocrx_word' id='word_1_94' title='bbox 1210 1295 1605 1353; x_wconf 89' lang='lat' dir='ltr'><strong>incircumcisis</strong></span> <span class='ocrx_word' id='word_1_95' title='bbox 1649 1295 1793 1349; x_wconf 89' lang='lat' dir='ltr'><strong>auri-</strong></span> 
     </span>
    </p>
   </div>
   <div class='ocr_carea' id='block_1_15' title="bbox 204 1390 1794 1464">
    <p class='ocr_par' dir='ltr' id='par_1_15' title="bbox 204 1390 1794 1464">
     <span class='ocr_line' id='line_1_15' title="bbox 204 1390 1794 1464; baseline -0.008 -11"><span class='ocrx_word' id='word_1_96' title='bbox 204 1396 308 1453; x_wconf 86' lang='lat' dir='ltr'><strong>bus</strong></span> <span class='ocrx_word' id='word_1_97' title='bbox 332 1395 503 1450; x_wconf 86' lang='lat' dir='ltr'><strong>verba</strong></span> <span class='ocrx_word' id='word_1_98' title='bbox 536 1393 817 1464; x_wconf 72' lang='lat' dir='ltr'><strong>sapientia:</strong></span> <span class='ocrx_word' id='word_1_99' title='bbox 858 1399 912 1446; x_wconf 93' lang='lat' dir='ltr'><strong>et</strong></span> <span class='ocrx_word' id='word_1_100' title='bbox 936 1390 1186 1447; x_wconf 78' lang='lat' dir='ltr'><strong>veritatis</strong></span> <span class='ocrx_word' id='word_1_101' title='bbox 1230 1406 1337 1446; x_wconf 90' lang='lat' dir='ltr'><strong>non</strong></span> <span class='ocrx_word' id='word_1_102' title='bbox 1382 1404 1669 1460; x_wconf 85' lang='lat' dir='ltr'><strong>possumus</strong></span> <span class='ocrx_word' id='word_1_103' title='bbox 1697 1404 1794 1442; x_wconf 86' lang='lat' dir='ltr'><strong>au-</strong></span> 
     </span>
    </p>
   </div>
   <div class='ocr_carea' id='block_1_16' title="bbox 206 1476 1795 1550">
    <p class='ocr_par' dir='ltr' id='par_1_16' title="bbox 206 1476 1795 1550">
     <span class='ocr_line' id='line_1_16' title="bbox 206 1476 1795 1550; baseline -0.006 -9"><span class='ocrx_word' id='word_1_104' title='bbox 206 1485 345 1541; x_wconf 88' lang='lat' dir='ltr'><strong>dire.</strong></span> <span class='ocrx_word' id='word_1_105' title='bbox 401 1484 866 1540; x_wconf 89' lang='lat' dir='ltr'><strong>Circumcidamus</strong></span> <span class='ocrx_word' id='word_1_106' title='bbox 914 1482 1076 1547; x_wconf 87' lang='lat' dir='ltr'><strong>labia,</strong></span> <span class='ocrx_word' id='word_1_107' title='bbox 1134 1495 1202 1536; x_wconf 92' lang='lat' dir='ltr'><strong>ne</strong></span> <span class='ocrx_word' id='word_1_108' title='bbox 1231 1479 1433 1550; x_wconf 89' lang='lat' dir='ltr'><strong>aliquid</strong></span> <span class='ocrx_word' id='word_1_109' title='bbox 1482 1488 1658 1549; x_wconf 89' lang='lat' dir='ltr'><strong>turpe,</strong></span> <span class='ocrx_word' id='word_1_110' title='bbox 1707 1476 1795 1534; x_wconf 88' lang='lat' dir='ltr'><strong>vel</strong></span> 
     </span>
    </p>
   </div>
   <div class='ocr_carea' id='block_1_17' title="bbox 208 1570 1795 1642">
    <p class='ocr_par' dir='ltr' id='par_1_17' title="bbox 208 1570 1795 1642">
     <span class='ocr_line' id='line_1_17' title="bbox 208 1570 1795 1642; baseline -0.004 -13"><span class='ocrx_word' id='word_1_111' title='bbox 208 1574 434 1639; x_wconf 86' lang='lat' dir='ltr'><strong>malum,</strong></span> <span class='ocrx_word' id='word_1_112' title='bbox 464 1574 550 1629; x_wconf 86' lang='lat' dir='ltr'><strong>vel</strong></span> <span class='ocrx_word' id='word_1_113' title='bbox 578 1574 814 1629; x_wconf 85' lang='lat' dir='ltr'><strong>otiosum</strong></span> <span class='ocrx_word' id='word_1_114' title='bbox 843 1572 1148 1642; x_wconf 85' lang='lat' dir='ltr'><strong>loquamur.</strong></span> <span class='ocrx_word' id='word_1_115' title='bbox 1199 1570 1551 1627; x_wconf 90' lang='lat' dir='ltr'><strong>Circumeidit</strong></span> <span class='ocrx_word' id='word_1_116' title='bbox 1571 1583 1795 1625; x_wconf 89' lang='lat' dir='ltr'><strong>carnem</strong></span> 
     </span>
    </p>
   </div>
   <div class='ocr_carea' id='block_1_18' title="bbox 204 1659 1796 1737">
    <p class='ocr_par' dir='ltr' id='par_1_18' title="bbox 204 1659 1796 1737">
     <span class='ocr_line' id='line_1_18' title="bbox 204 1659 1796 1737; baseline -0.004 -16"><span class='ocrx_word' id='word_1_117' title='bbox 204 1664 485 1737; x_wconf 78' lang='lat' dir='ltr'><strong>praeputii,</strong></span> <span class='ocrx_word' id='word_1_118' title='bbox 533 1665 626 1735; x_wconf 87' lang='lat' dir='ltr'><strong>qui</strong></span> <span class='ocrx_word' id='word_1_119' title='bbox 653 1664 767 1719; x_wconf 87' lang='lat' dir='ltr'><strong>sola</strong></span> <span class='ocrx_word' id='word_1_120' title='bbox 797 1677 960 1719; x_wconf 82' lang='lat' dir='ltr'><strong>causa</strong></span> <span class='ocrx_word' id='word_1_121' title='bbox 988 1662 1341 1735; x_wconf 87' lang='lat' dir='ltr'><strong>posteritatis,</strong></span> <span class='ocrx_word' id='word_1_122' title='bbox 1379 1660 1545 1717; x_wconf 85' lang='lat' dir='ltr'><strong>certis</strong></span> <span class='ocrx_word' id='word_1_123' title='bbox 1585 1670 1641 1716; x_wconf 90' lang='lat' dir='ltr'><strong>et</strong></span> <span class='ocrx_word' id='word_1_124' title='bbox 1666 1659 1796 1730; x_wconf 66' lang='lat' dir='ltr'><strong>legi~</strong></span> 
     </span>
    </p>
   </div>
   <div class='ocr_carea' id='block_1_19' title="bbox 206 1751 1792 1825">
    <p class='ocr_par' dir='ltr' id='par_1_19' title="bbox 206 1751 1792 1825">
     <span class='ocr_line' id='line_1_19' title="bbox 206 1751 1792 1825; baseline -0.004 -15"><span class='ocrx_word' id='word_1_125' title='bbox 206 1756 360 1811; x_wconf 90' lang='lat' dir='ltr'><strong>timis</strong></span> <span class='ocrx_word' id='word_1_126' title='bbox 410 1754 769 1825; x_wconf 82' lang='lat' dir='ltr'><strong>temporibus,</strong></span> <span class='ocrx_word' id='word_1_127' title='bbox 818 1754 1069 1825; x_wconf 90' lang='lat' dir='ltr'><strong>conjugio</strong></span> <span class='ocrx_word' id='word_1_128' title='bbox 1095 1753 1303 1808; x_wconf 90' lang='lat' dir='ltr'><strong>utitur:</strong></span> <span class='ocrx_word' id='word_1_129' title='bbox 1336 1752 1428 1822; x_wconf 91' lang='lat' dir='ltr'><strong>qui</strong></span> <span class='ocrx_word' id='word_1_130' title='bbox 1471 1751 1629 1806; x_wconf 86' lang='lat' dir='ltr'><strong>aliter</strong></span> <span class='ocrx_word' id='word_1_131' title='bbox 1660 1751 1792 1821; x_wconf 88' lang='lat' dir='ltr'><strong>agit,</strong></span> 
     </span>
    </p>
   </div>
   <div class='ocr_carea' id='block_1_20' title="bbox 1888 564 3477 639">
    <p class='ocr_par' dir='ltr' id='par_1_20' title="bbox 1888 564 3477 639">
     <span class='ocr_line' id='line_1_20' title="bbox 1888 564 3477 639; baseline 0.005 -20"><span class='ocrx_word' id='word_1_132' title='bbox 1888 564 2053 620; x_wconf 81' lang='lat' dir='ltr'><strong>futuri</strong></span> <span class='ocrx_word' id='word_1_133' title='bbox 2102 567 2449 623; x_wconf 89' lang='lat' dir='ltr'><strong>sacramenti.</strong></span> <span class='ocrx_word' id='word_1_134' title='bbox 2499 566 2651 622; x_wconf 84' lang='lat' dir='ltr'><strong>Unde</strong></span> <span class='ocrx_word' id='word_1_135' title='bbox 2680 568 2847 639; x_wconf 86' lang='lat' dir='ltr'><strong>pedes</strong></span> <span class='ocrx_word' id='word_1_136' title='bbox 2888 582 3077 625; x_wconf 90' lang='lat' dir='ltr'><strong>eorum</strong></span> <span class='ocrx_word' id='word_1_137' title='bbox 3110 567 3260 636; x_wconf 83' lang='lat' dir='ltr'><strong>lavit,</strong></span> <span class='ocrx_word' id='word_1_138' title='bbox 3312 578 3375 624; x_wconf 91' lang='lat' dir='ltr'><strong>ut</strong></span> <span class='ocrx_word' id='word_1_139' title='bbox 3419 570 3477 627; x_wconf 87' lang='lat' dir='ltr'><strong>in</strong></span> 
     </span>
    </p>
   </div>
   <div class='ocr_carea' id='block_1_21' title="bbox 1891 656 3479 729">
    <p class='ocr_par' dir='ltr' id='par_1_21' title="bbox 1891 656 3479 729">
     <span class='ocr_line' id='line_1_21' title="bbox 1891 656 3479 729; baseline 0.004 -18"><span class='ocrx_word' id='word_1_140' title='bbox 1891 656 1998 712; x_wconf 88' lang='lat' dir='ltr'><strong>ﬁne</strong></span> <span class='ocrx_word' id='word_1_141' title='bbox 2021 658 2207 714; x_wconf 90' lang='lat' dir='ltr'><strong>mundi</strong></span> <span class='ocrx_word' id='word_1_142' title='bbox 2232 657 2664 729; x_wconf 80' lang='lat' dir='ltr'><strong>puriﬁcationem</strong></span> <span class='ocrx_word' id='word_1_143' title='bbox 2693 657 2897 715; x_wconf 84' lang='lat' dir='ltr'><strong>lavacri</strong></span> <span class='ocrx_word' id='word_1_144' title='bbox 2922 658 3161 716; x_wconf 80' lang='lat' dir='ltr'><strong>futuram</strong></span> <span class='ocrx_word' id='word_1_145' title='bbox 3201 668 3479 717; x_wconf 79' lang='lat' dir='ltr'><strong>monstra-</strong></span> 
     </span>
    </p>
   </div>
   <div class='ocr_carea' id='block_1_22' title="bbox 1889 750 3048 823">
    <p class='ocr_par' dir='ltr' id='par_1_22' title="bbox 1889 750 3048 823">
     <span class='ocr_line' id='line_1_22' title="bbox 1889 750 3048 823; baseline 0 -16"><span class='ocrx_word' id='word_1_146' title='bbox 1889 762 2008 817; x_wconf 87' lang='lat' dir='ltr'><strong>ret;</strong></span> <span class='ocrx_word' id='word_1_147' title='bbox 2040 750 2207 821; x_wconf 91' lang='lat' dir='ltr'><strong>pedes</strong></span> <span class='ocrx_word' id='word_1_148' title='bbox 2224 751 2372 806; x_wconf 88' lang='lat' dir='ltr'><strong>enim</strong></span> <span class='ocrx_word' id='word_1_149' title='bbox 2396 750 2691 807; x_wconf 90' lang='lat' dir='ltr'><strong>novissima</strong></span> <span class='ocrx_word' id='word_1_150' title='bbox 2722 750 3048 823; x_wconf 86' lang='lat' dir='ltr'><strong>signiﬁcant.</strong></span> 
     </span>
    </p>
   </div>
   <div class='ocr_carea' id='block_1_23' title="bbox 1967 840 3472 915">
    <p class='ocr_par' dir='ltr' id='par_1_23' title="bbox 1967 840 3472 915">
     <span class='ocr_line' id='line_1_23' title="bbox 1967 840 3472 915; baseline 0.003 -22"><span class='ocrx_word' id='word_1_151' title='bbox 1967 862 1986 893; x_wconf 71' lang='grc' dir='ltr'><strong>ι</strong></span> <span class='ocrx_word' id='word_1_152' title='bbox 2017 842 2163 909; x_wconf 87' lang='lat' dir='ltr'><strong>Quos</strong></span> <span class='ocrx_word' id='word_1_153' title='bbox 2189 856 2313 898; x_wconf 90' lang='lat' dir='ltr'><strong>cum</strong></span> <span class='ocrx_word' id='word_1_154' title='bbox 2334 842 2582 898; x_wconf 87' lang='lat' dir='ltr'><strong>vidisset.</strong></span> <span class='ocrx_word' id='word_1_155' title='bbox 2616 860 2636 895; x_wconf 72' lang='grc' dir='ltr'><strong>ι</strong></span> <span class='ocrx_word' id='word_1_156' title='bbox 2691 840 2910 915; x_wconf 61' lang='grc' dir='ltr'><strong>(ϐκεεη</strong></span> <span class='ocrx_word' id='word_1_157' title='bbox 2940 842 3035 898; x_wconf 79' lang='lat' dir='ltr'><strong>lib.</strong></span> <span class='ocrx_word' id='word_1_158' title='bbox 3070 858 3126 899; x_wconf 77' lang='lat' dir='ltr'><strong>rx</strong></span> <span class='ocrx_word' id='word_1_159' title='bbox 3153 840 3347 898; x_wconf 70' lang='lat' dir='ltr'><strong>Horat.</strong></span> <span class='ocrx_word' id='word_1_160' title='bbox 3374 883 3393 908; x_wconf 82' lang='lat'><strong>,</strong></span> <span class='ocrx_word' id='word_1_161' title='bbox 3418 857 3472 901; x_wconf 77' lang='grc' dir='ltr'><em>ε.</em></span> 
     </span>
    </p>
   </div>
   <div class='ocr_carea' id='block_1_24' title="bbox 1889 931 3473 1007">
    <p class='ocr_par' dir='ltr' id='par_1_24' title="bbox 1889 931 3473 1007">
     <span class='ocr_line' id='line_1_24' title="bbox 1889 931 3473 1007; baseline 0.003 -20"><span class='ocrx_word' id='word_1_162' title='bbox 1889 931 2002 1004; x_wconf 73' lang='grc'><strong>51.)</strong></span> <span class='ocrx_word' id='word_1_163' title='bbox 2027 932 2321 989; x_wconf 70' lang='lat' dir='ltr'><strong>Mai-aliter.</strong></span> <span class='ocrx_word' id='word_1_164' title='bbox 2338 932 2615 990; x_wconf 82' lang='lat' dir='ltr'><strong>Abraham</strong></span> <span class='ocrx_word' id='word_1_165' title='bbox 2636 933 2814 990; x_wconf 89' lang='lat' dir='ltr'><strong>tribus</strong></span> <span class='ocrx_word' id='word_1_166' title='bbox 2831 934 3039 1005; x_wconf 75' lang='lat' dir='ltr'><strong>angelis</strong></span> <span class='ocrx_word' id='word_1_167' title='bbox 3059 935 3320 1002; x_wconf 89' lang='lat' dir='ltr'><strong>occurrit,</strong></span> <span class='ocrx_word' id='word_1_168' title='bbox 3344 935 3473 1007; x_wconf 78' lang='lat' dir='ltr'><strong>quia</strong></span> 
     </span>
    </p>
   </div>
   <div class='ocr_carea' id='block_1_25' title="bbox 1888 1016 3479 1095">
    <p class='ocr_par' dir='ltr' id='par_1_25' title="bbox 1888 1016 3479 1095">
     <span class='ocr_line' id='line_1_25' title="bbox 1888 1016 3479 1095; baseline 0.002 -18"><span class='ocrx_word' id='word_1_169' title='bbox 1888 1024 1975 1078; x_wconf 82' lang='lat' dir='ltr'><strong>vir</strong></span> <span class='ocrx_word' id='word_1_170' title='bbox 2001 1032 2057 1078; x_wconf 91' lang='lat' dir='ltr'><strong>et</strong></span> <span class='ocrx_word' id='word_1_171' title='bbox 2075 1016 2326 1079; x_wconf 83' lang='lat' dir='ltr'><strong>dominus</strong></span> <span class='ocrx_word' id='word_1_172' title='bbox 2351 1025 2562 1089; x_wconf 89' lang='lat' dir='ltr'><strong>domus,</strong></span> <span class='ocrx_word' id='word_1_173' title='bbox 2593 1023 2799 1080; x_wconf 89' lang='lat' dir='ltr'><strong>scilicet</strong></span> <span class='ocrx_word' id='word_1_174' title='bbox 2819 1024 3119 1095; x_wconf 83' lang='lat' dir='ltr'><strong>spiritualis</strong></span> <span class='ocrx_word' id='word_1_175' title='bbox 3146 1024 3479 1094; x_wconf 69' lang='lat' dir='ltr'><strong>intellectura,</strong></span> 
     </span>
    </p>
   </div>
   <div class='ocr_carea' id='block_1_26' title="bbox 1891 1115 3479 1186">
    <p class='ocr_par' dir='ltr' id='par_1_26' title="bbox 1891 1115 3479 1186">
     <span class='ocr_line' id='line_1_26' title="bbox 1891 1115 3479 1186; baseline 0.001 -15"><span class='ocrx_word' id='word_1_176' title='bbox 1891 1117 2051 1171; x_wconf 85' lang='lat' dir='ltr'><strong>debet</strong></span> <span class='ocrx_word' id='word_1_177' title='bbox 2095 1117 2151 1171; x_wconf 91' lang='lat' dir='ltr'><strong>in</strong></span> <span class='ocrx_word' id='word_1_178' title='bbox 2187 1116 2495 1186; x_wconf 77' lang='lat' dir='ltr'><strong>cognitione</strong></span> <span class='ocrx_word' id='word_1_179' title='bbox 2523 1115 2803 1171; x_wconf 86' lang='lat' dir='ltr'><strong>Trinitatis</strong></span> <span class='ocrx_word' id='word_1_180' title='bbox 2841 1116 3079 1173; x_wconf 89' lang='lat' dir='ltr'><strong>claustra</strong></span> <span class='ocrx_word' id='word_1_181' title='bbox 3107 1116 3289 1173; x_wconf 86' lang='lat' dir='ltr'><strong>carnis</strong></span> <span class='ocrx_word' id='word_1_182' title='bbox 3313 1129 3479 1173; x_wconf 76' lang='lat' dir='ltr'><strong>eaee-</strong></span> 
     </span>
    </p>
   </div>
   <div class='ocr_carea' id='block_1_27' title="bbox 1893 1208 3475 1282">
    <p class='ocr_par' dir='ltr' id='par_1_27' title="bbox 1893 1208 3475 1282">
     <span class='ocr_line' id='line_1_27' title="bbox 1893 1208 3475 1282; baseline 0.003 -18"><span class='ocrx_word' id='word_1_183' title='bbox 1893 1208 2043 1275; x_wconf 91' lang='lat' dir='ltr'><strong>dere,</strong></span> <span class='ocrx_word' id='word_1_184' title='bbox 2091 1216 2148 1264; x_wconf 91' lang='lat' dir='ltr'><strong>et</strong></span> <span class='ocrx_word' id='word_1_185' title='bbox 2202 1210 2357 1280; x_wconf 88' lang='lat' dir='ltr'><strong>quasi</strong></span> <span class='ocrx_word' id='word_1_186' title='bbox 2403 1209 2758 1266; x_wconf 87' lang='lat' dir='ltr'><strong>habitationis</strong></span> <span class='ocrx_word' id='word_1_187' title='bbox 2798 1210 3001 1267; x_wconf 73' lang='lat' dir='ltr'><strong>intima:</strong></span> <span class='ocrx_word' id='word_1_188' title='bbox 3038 1211 3261 1282; x_wconf 77' lang='lat' dir='ltr'><strong>ianuam</strong></span> <span class='ocrx_word' id='word_1_189' title='bbox 3302 1210 3475 1268; x_wconf 80' lang='lat' dir='ltr'><strong>exire.</strong></span> 
     </span>
    </p>
   </div>
   <div class='ocr_carea' id='block_1_28' title="bbox 1892 1301 3481 1376">
    <p class='ocr_par' dir='ltr' id='par_1_28' title="bbox 1892 1301 3481 1376">
     <span class='ocr_line' id='line_1_28' title="bbox 1892 1301 3481 1376; baseline 0.003 -19"><span class='ocrx_word' id='word_1_190' title='bbox 1892 1301 2036 1358; x_wconf 85' lang='lat' dir='ltr'><strong>Cura</strong></span> <span class='ocrx_word' id='word_1_191' title='bbox 2065 1303 2264 1366; x_wconf 86' lang='lat' dir='ltr'><strong>carnis,</strong></span> <span class='ocrx_word' id='word_1_192' title='bbox 2308 1319 2471 1374; x_wconf 90' lang='lat' dir='ltr'><strong>quam</strong></span> <span class='ocrx_word' id='word_1_193' title='bbox 2503 1303 2639 1359; x_wconf 89' lang='lat' dir='ltr'><strong>Sara</strong></span> <span class='ocrx_word' id='word_1_194' title='bbox 2683 1303 2974 1375; x_wconf 85' lang='lat' dir='ltr'><strong>signiﬁcat,</strong></span> <span class='ocrx_word' id='word_1_195' title='bbox 3018 1306 3155 1361; x_wconf 82' lang='lat' dir='ltr'><strong>foris</strong></span> <span class='ocrx_word' id='word_1_196' title='bbox 3180 1305 3247 1360; x_wconf 88' lang='lat' dir='ltr'><strong>ad</strong></span> <span class='ocrx_word' id='word_1_197' title='bbox 3267 1304 3481 1376; x_wconf 85' lang='lat' dir='ltr'><strong>jactan-</strong></span> 
     </span>
    </p>
   </div>
   <div class='ocr_carea' id='block_1_29' title="bbox 1892 1395 3480 1470">
    <p class='ocr_par' dir='ltr' id='par_1_29' title="bbox 1892 1395 3480 1470">
     <span class='ocr_line' id='line_1_29' title="bbox 1892 1395 3480 1470; baseline 0.001 -17"><span class='ocrx_word' id='word_1_198' title='bbox 1892 1398 2021 1453; x_wconf 89' lang='lat' dir='ltr'><strong>tiam</strong></span> <span class='ocrx_word' id='word_1_199' title='bbox 2050 1413 2156 1453; x_wconf 89' lang='lat' dir='ltr'><strong>non</strong></span> <span class='ocrx_word' id='word_1_200' title='bbox 2182 1407 2465 1468; x_wconf 83' lang='lat' dir='ltr'><strong>appareat,</strong></span> <span class='ocrx_word' id='word_1_201' title='bbox 2495 1399 2589 1453; x_wconf 86' lang='lat' dir='ltr'><strong>sed</strong></span> <span class='ocrx_word' id='word_1_202' title='bbox 2618 1406 2741 1469; x_wconf 88' lang='lat' dir='ltr'><strong>post</strong></span> <span class='ocrx_word' id='word_1_203' title='bbox 2764 1405 2977 1470; x_wconf 82' lang='lat' dir='ltr'><strong>tergum</strong></span> <span class='ocrx_word' id='word_1_204' title='bbox 3002 1398 3124 1464; x_wconf 89' lang='lat' dir='ltr'><strong>viri,</strong></span> <span class='ocrx_word' id='word_1_205' title='bbox 3160 1398 3217 1454; x_wconf 90' lang='lat' dir='ltr'><strong>id</strong></span> <span class='ocrx_word' id='word_1_206' title='bbox 3244 1407 3350 1465; x_wconf 88' lang='lat' dir='ltr'><strong>est,</strong></span> <span class='ocrx_word' id='word_1_207' title='bbox 3376 1395 3480 1455; x_wconf 85' lang='lat' dir='ltr'><strong>sub</strong></span> 
     </span>
    </p>
   </div>
   <div class='ocr_carea' id='block_1_30' title="bbox 1894 1491 3478 1563">
    <p class='ocr_par' dir='ltr' id='par_1_30' title="bbox 1894 1491 3478 1563">
     <span class='ocr_line' id='line_1_30' title="bbox 1894 1491 3478 1563; baseline 0.001 -14"><span class='ocrx_word' id='word_1_208' title='bbox 1894 1494 2217 1549; x_wconf 82' lang='lat' dir='ltr'><strong>discretione</strong></span> <span class='ocrx_word' id='word_1_209' title='bbox 2246 1493 2489 1563; x_wconf 88' lang='lat' dir='ltr'><strong>spiritus,</strong></span> <span class='ocrx_word' id='word_1_210' title='bbox 2548 1491 2680 1549; x_wconf 92' lang='lat' dir='ltr'><strong>solis</strong></span> <span class='ocrx_word' id='word_1_211' title='bbox 2727 1493 3053 1550; x_wconf 83' lang='lat' dir='ltr'><strong>necessariis</strong></span> <span class='ocrx_word' id='word_1_212' title='bbox 3100 1493 3326 1558; x_wconf 85' lang='lat' dir='ltr'><strong>intenta,</strong></span> <span class='ocrx_word' id='word_1_213' title='bbox 3378 1508 3478 1550; x_wconf 88' lang='lat' dir='ltr'><strong>ne-</strong></span> 
     </span>
    </p>
   </div>
   <div class='ocr_carea' id='block_1_31' title="bbox 1894 1584 3369 1657">
    <p class='ocr_par' dir='ltr' id='par_1_31' title="bbox 1894 1584 3369 1657">
     <span class='ocr_line' id='line_1_31' title="bbox 1894 1584 3369 1657; baseline -0.001 -17"><span class='ocrx_word' id='word_1_214' title='bbox 1894 1586 2033 1641; x_wconf 86' lang='lat' dir='ltr'><strong>sciat</strong></span> <span class='ocrx_word' id='word_1_215' title='bbox 2057 1586 2360 1655; x_wconf 85' lang='lat' dir='ltr'><strong>procaciter</strong></span> <span class='ocrx_word' id='word_1_216' title='bbox 2392 1585 2589 1657; x_wconf 87' lang='lat' dir='ltr'><strong>detegi,</strong></span> <span class='ocrx_word' id='word_1_217' title='bbox 2626 1584 2718 1640; x_wconf 90' lang='lat' dir='ltr'><strong>sed</strong></span> <span class='ocrx_word' id='word_1_218' title='bbox 2746 1584 3052 1641; x_wconf 87' lang='lat' dir='ltr'><strong>verecunde</strong></span> <span class='ocrx_word' id='word_1_219' title='bbox 3076 1584 3369 1641; x_wconf 84' lang='lat' dir='ltr'><strong>moderari.</strong></span> 
     </span>
    </p>
   </div>
   <div class='ocr_carea' id='block_1_32' title="bbox 1966 1676 3482 1750">
    <p class='ocr_par' dir='ltr' id='par_1_32' title="bbox 1966 1676 3482 1750">
     <span class='ocr_line' id='line_1_32' title="bbox 1966 1676 3482 1750; baseline 0.001 -19"><span class='ocrx_word' id='word_1_220' title='bbox 1966 1678 2156 1750; x_wconf 83' lang='lat' dir='ltr'><strong>(lbid.,</strong></span> <span class='ocrx_word' id='word_1_221' title='bbox 2190 1679 2285 1734; x_wconf 91' lang='lat' dir='ltr'><strong>lib.</strong></span> <span class='ocrx_word' id='word_1_222' title='bbox 2317 1694 2511 1742; x_wconf 75' lang='lat' dir='ltr'><strong>xxviii,</strong></span> <span class='ocrx_word' id='word_1_223' title='bbox 2556 1693 2606 1733; x_wconf 90' lang='lat' dir='ltr'><strong>c.</strong></span> <span class='ocrx_word' id='word_1_224' title='bbox 2648 1676 2727 1748; x_wconf 78' lang='grc'><strong>4).</strong></span> <span class='ocrx_word' id='word_1_225' title='bbox 2765 1676 3040 1731; x_wconf 80' lang='lat' dir='ltr'><strong>Abraham</strong></span> <span class='ocrx_word' id='word_1_226' title='bbox 3072 1691 3180 1731; x_wconf 90' lang='lat' dir='ltr'><strong>non</strong></span> <span class='ocrx_word' id='word_1_227' title='bbox 3214 1676 3482 1745; x_wconf 87' lang='lat' dir='ltr'><strong>potuisset</strong></span> 
     </span>
    </p>
   </div>
   <div class='ocr_carea' id='block_1_33' title="bbox 1895 1764 3479 1845">
    <p class='ocr_par' dir='ltr' id='par_1_33' title="bbox 1895 1764 3479 1845">
     <span class='ocr_line' id='line_1_33' title="bbox 1895 1764 3479 1845; baseline -0.001 -21"><span class='ocrx_word' id='word_1_228' title='bbox 1895 1770 2114 1841; x_wconf 82' lang='lat' dir='ltr'><strong>angelos</strong></span> <span class='ocrx_word' id='word_1_229' title='bbox 2142 1768 2350 1835; x_wconf 88' lang='lat' dir='ltr'><strong>videre,</strong></span> <span class='ocrx_word' id='word_1_230' title='bbox 2375 1769 2612 1839; x_wconf 90' lang='lat' dir='ltr'><strong>hospitio</strong></span> <span class='ocrx_word' id='word_1_231' title='bbox 2640 1767 2919 1838; x_wconf 85' lang='lat' dir='ltr'><strong>suscipere</strong></span> <span class='ocrx_word' id='word_1_232' title='bbox 2939 1774 2996 1822; x_wconf 90' lang='lat' dir='ltr'><strong>et</strong></span> <span class='ocrx_word' id='word_1_233' title='bbox 3018 1765 3173 1823; x_wconf 82' lang='lat' dir='ltr'><strong>cibos</strong></span> <span class='ocrx_word' id='word_1_234' title='bbox 3197 1764 3479 1845; x_wconf 81' lang='lat' dir='ltr'><strong>adhibere,</strong></span> 
     </span>
    </p>
   </div>
   <div class='ocr_carea' id='block_1_34' title="bbox 205 1838 1786 1932">
    <p class='ocr_par' dir='ltr' id='par_1_34' title="bbox 205 1840 1786 1912">
     <span class='ocr_line' id='line_1_34' title="bbox 205 1840 1786 1912; baseline -0.003 -11"><span class='ocrx_word' id='word_1_235' title='bbox 205 1858 317 1901; x_wconf 86' lang='lat' dir='ltr'><strong>non</strong></span> <span class='ocrx_word' id='word_1_236' title='bbox 358 1845 723 1902; x_wconf 78' lang='lat' dir='ltr'><strong>circumcidit.</strong></span> <span class='ocrx_word' id='word_1_237' title='bbox 763 1844 1007 1900; x_wconf 85' lang='lat' dir='ltr'><strong>Ecclesia</strong></span> <span class='ocrx_word' id='word_1_238' title='bbox 1051 1858 1202 1907; x_wconf 89' lang='lat' dir='ltr'><strong>vero,</strong></span> <span class='ocrx_word' id='word_1_239' title='bbox 1252 1841 1431 1912; x_wconf 78' lang='lat' dir='ltr'><strong>gratia</strong></span> <span class='ocrx_word' id='word_1_240' title='bbox 1461 1840 1663 1897; x_wconf 87' lang='lat' dir='ltr'><strong>Christi</strong></span> <span class='ocrx_word' id='word_1_241' title='bbox 1695 1856 1786 1910; x_wconf 87' lang='lat' dir='ltr'><strong>pro</strong></span> 
     </span>
    </p>
   </div>
   <div class='ocr_carea' id='block_1_35' title="bbox 1887 1838 3480 1932">
    <p class='ocr_par' dir='ltr' id='par_1_35' title="bbox 1896 1840 3480 1932">
     <span class='ocr_line' id='line_1_35' title="bbox 1896 1840 3480 1932; baseline -0.004 -14"><span class='ocrx_word' id='word_1_242' title='bbox 1896 1863 1999 1918; x_wconf 87' lang='lat' dir='ltr'><strong>nisi</strong></span> <span class='ocrx_word' id='word_1_243' title='bbox 2034 1877 2230 1932; x_wconf 90' lang='lat' dir='ltr'><strong>corpus</strong></span> <span class='ocrx_word' id='word_1_244' title='bbox 2274 1878 2342 1917; x_wconf 79' lang='lat' dir='ltr'><strong>ex</strong></span> <span class='ocrx_word' id='word_1_245' title='bbox 2367 1876 2493 1917; x_wconf 89' lang='lat' dir='ltr'><strong>aere</strong></span> <span class='ocrx_word' id='word_1_246' title='bbox 2539 1858 3003 1930; x_wconf 87' lang='lat' dir='ltr'><strong>assumpsissent:</strong></span> <span class='ocrx_word' id='word_1_247' title='bbox 3055 1873 3165 1914; x_wconf 90' lang='lat' dir='ltr'><strong>non</strong></span> <span class='ocrx_word' id='word_1_248' title='bbox 3206 1857 3353 1914; x_wconf 90' lang='lat' dir='ltr'><strong>enim</strong></span> <span class='ocrx_word' id='word_1_249' title='bbox 3381 1840 3480 1930; x_wconf 85' lang='lat' dir='ltr'><strong>ap-</strong></span> 
     </span>
    </p>
   </div>
   <div class='ocr_carea' id='block_1_36' title="bbox 204 1933 1790 2001">
    <p class='ocr_par' dir='ltr' id='par_1_36' title="bbox 204 1933 1790 2001">
     <span class='ocr_line' id='line_1_36' title="bbox 204 1933 1790 2001; baseline -0.004 -7"><span class='ocrx_word' id='word_1_250' title='bbox 204 1953 266 1994; x_wconf 87' lang='lat' dir='ltr'><strong>se</strong></span> <span class='ocrx_word' id='word_1_251' title='bbox 285 1936 531 1994; x_wconf 77' lang='lat' dir='ltr'><strong>cruciﬁxi</strong></span> <span class='ocrx_word' id='word_1_252' title='bbox 556 1938 807 1993; x_wconf 87' lang='lat' dir='ltr'><strong>roborata</strong></span> <span class='ocrx_word' id='word_1_253' title='bbox 827 1977 844 2001; x_wconf 92' lang='lat'><strong>,</strong></span> <span class='ocrx_word' id='word_1_254' title='bbox 894 1951 1000 1992; x_wconf 89' lang='lat' dir='ltr'><strong>non</strong></span> <span class='ocrx_word' id='word_1_255' title='bbox 1026 1936 1199 1991; x_wconf 89' lang='lat' dir='ltr'><strong>solum</strong></span> <span class='ocrx_word' id='word_1_256' title='bbox 1229 1948 1291 1990; x_wconf 87' lang='lat' dir='ltr'><strong>se</strong></span> <span class='ocrx_word' id='word_1_257' title='bbox 1318 1934 1389 1991; x_wconf 88' lang='lat' dir='ltr'><strong>ab</strong></span> <span class='ocrx_word' id='word_1_258' title='bbox 1424 1933 1626 1988; x_wconf 87' lang='lat' dir='ltr'><strong>illicitis</strong></span> <span class='ocrx_word' id='word_1_259' title='bbox 1652 1940 1790 1988; x_wconf 89' lang='lat' dir='ltr'><strong>tem-</strong></span> 
     </span>
    </p>
   </div>
   <div class='ocr_carea' id='block_1_37' title="bbox 202 2027 1790 2099">
    <p class='ocr_par' dir='ltr' id='par_1_37' title="bbox 202 2027 1790 2099">
     <span class='ocr_line' id='line_1_37' title="bbox 202 2027 1790 2099; baseline -0.002 -15"><span class='ocrx_word' id='word_1_260' title='bbox 202 2035 383 2099; x_wconf 87' lang='lat' dir='ltr'><strong>perat,</strong></span> <span class='ocrx_word' id='word_1_261' title='bbox 408 2028 505 2084; x_wconf 83' lang='lat' dir='ltr'><strong>sed</strong></span> <span class='ocrx_word' id='word_1_262' title='bbox 521 2031 684 2084; x_wconf 80' lang='lat' dir='ltr'><strong>etiam</strong></span> <span class='ocrx_word' id='word_1_263' title='bbox 702 2043 734 2084; x_wconf 85' lang='lat' dir='ltr'><strong>a</strong></span> <span class='ocrx_word' id='word_1_264' title='bbox 757 2029 1048 2094; x_wconf 89' lang='lat' dir='ltr'><strong>concessis,</strong></span> <span class='ocrx_word' id='word_1_265' title='bbox 1070 2036 1125 2083; x_wconf 91' lang='lat' dir='ltr'><strong>et</strong></span> <span class='ocrx_word' id='word_1_266' title='bbox 1146 2036 1403 2097; x_wconf 83' lang='lat' dir='ltr'><strong>tanquam</strong></span> <span class='ocrx_word' id='word_1_267' title='bbox 1424 2027 1574 2097; x_wconf 82' lang='lat' dir='ltr'><strong>virgo</strong></span> <span class='ocrx_word' id='word_1_268' title='bbox 1593 2039 1790 2097; x_wconf 88' lang='lat' dir='ltr'><strong>sponsa</strong></span> 
     </span>
    </p>
   </div>
   <div class='ocr_carea' id='block_1_38' title="bbox 201 2115 1792 2191">
    <p class='ocr_par' dir='ltr' id='par_1_38' title="bbox 201 2115 1792 2191">
     <span class='ocr_line' id='line_1_38' title="bbox 201 2115 1792 2191; baseline -0.004 -16"><span class='ocrx_word' id='word_1_269' title='bbox 201 2118 413 2176; x_wconf 88' lang='lat' dir='ltr'><strong>Christi</strong></span> <span class='ocrx_word' id='word_1_270' title='bbox 437 2120 647 2190; x_wconf 80' lang='lat' dir='ltr'><strong>pudicis</strong></span> <span class='ocrx_word' id='word_1_271' title='bbox 670 2118 969 2191; x_wconf 80' lang='lat' dir='ltr'><strong>virginibus</strong></span> <span class='ocrx_word' id='word_1_272' title='bbox 994 2117 1173 2183; x_wconf 84' lang='lat' dir='ltr'><strong>ﬂoret,</strong></span> <span class='ocrx_word' id='word_1_273' title='bbox 1212 2118 1267 2172; x_wconf 87' lang='lat' dir='ltr'><strong>in</strong></span> <span class='ocrx_word' id='word_1_274' title='bbox 1309 2116 1506 2187; x_wconf 83' lang='lat' dir='ltr'><strong>quibus</strong></span> <span class='ocrx_word' id='word_1_275' title='bbox 1531 2131 1659 2171; x_wconf 87' lang='lat' dir='ltr'><strong>vera</strong></span> <span class='ocrx_word' id='word_1_276' title='bbox 1682 2115 1792 2172; x_wconf 87' lang='lat' dir='ltr'><strong>cir-</strong></span> 
     </span>
    </p>
   </div>
   <div class='ocr_carea' id='block_1_39' title="bbox 202 2207 1789 2283">
    <p class='ocr_par' dir='ltr' id='par_1_39' title="bbox 202 2207 1789 2283">
     <span class='ocr_line' id='line_1_39' title="bbox 202 2207 1789 2283; baseline -0.005 -15"><span class='ocrx_word' id='word_1_277' title='bbox 202 2211 468 2268; x_wconf 86' lang='lat' dir='ltr'><strong>cumcisio</strong></span> <span class='ocrx_word' id='word_1_278' title='bbox 496 2211 743 2283; x_wconf 69' lang='lat' dir='ltr'><strong>prmputii</strong></span> <span class='ocrx_word' id='word_1_279' title='bbox 767 2218 1015 2267; x_wconf 88' lang='lat' dir='ltr'><strong>servatur</strong></span> <span class='ocrx_word' id='word_1_280' title='bbox 1043 2211 1098 2265; x_wconf 89' lang='lat' dir='ltr'><strong>in</strong></span> <span class='ocrx_word' id='word_1_281' title='bbox 1127 2224 1313 2265; x_wconf 89' lang='lat' dir='ltr'><strong>carne.</strong></span> <span class='ocrx_word' id='word_1_282' title='bbox 1342 2207 1445 2275; x_wconf 86' lang='lat' dir='ltr'><strong>Qui</strong></span> <span class='ocrx_word' id='word_1_283' title='bbox 1475 2215 1652 2263; x_wconf 86' lang='lat' dir='ltr'><strong>autem</strong></span> <span class='ocrx_word' id='word_1_284' title='bbox 1679 2220 1789 2261; x_wconf 90' lang='lat' dir='ltr'><strong>non</strong></span> 
     </span>
    </p>
   </div>
   <div class='ocr_carea' id='block_1_40' title="bbox 203 2296 1788 2368">
    <p class='ocr_par' dir='ltr' id='par_1_40' title="bbox 203 2296 1788 2368">
     <span class='ocr_line' id='line_1_40' title="bbox 203 2296 1788 2368; baseline -0.005 -9"><span class='ocrx_word' id='word_1_285' title='bbox 203 2303 483 2359; x_wconf 63' lang='lat' dir='ltr'><strong>obscenis</strong></span> <span class='ocrx_word' id='word_1_286' title='bbox 506 2300 812 2368; x_wconf 84' lang='lat' dir='ltr'><strong>desideriis,</strong></span> <span class='ocrx_word' id='word_1_287' title='bbox 838 2299 924 2357; x_wconf 88' lang='lat' dir='ltr'><strong>vel</strong></span> <span class='ocrx_word' id='word_1_288' title='bbox 965 2301 1216 2357; x_wconf 87' lang='lat' dir='ltr'><strong>sensibus</strong></span> <span class='ocrx_word' id='word_1_289' title='bbox 1245 2297 1533 2363; x_wconf 62' lang='lat' dir='ltr'><strong>haereticis,</strong></span> <span class='ocrx_word' id='word_1_290' title='bbox 1561 2305 1618 2351; x_wconf 91' lang='lat' dir='ltr'><strong>et</strong></span> <span class='ocrx_word' id='word_1_291' title='bbox 1642 2296 1788 2352; x_wconf 85' lang='lat' dir='ltr'><strong>blas-</strong></span> 
     </span>
    </p>
   </div>
   <div class='ocr_carea' id='block_1_41' title="bbox 201 2388 1790 2466">
    <p class='ocr_par' dir='ltr' id='par_1_41' title="bbox 201 2388 1790 2466">
     <span class='ocr_line' id='line_1_41' title="bbox 201 2388 1790 2466; baseline -0.006 -15"><span class='ocrx_word' id='word_1_292' title='bbox 201 2394 416 2466; x_wconf 85' lang='lat' dir='ltr'><strong>phemis</strong></span> <span class='ocrx_word' id='word_1_293' title='bbox 450 2394 862 2460; x_wconf 79' lang='lat' dir='ltr'><strong>assertionibus,</strong></span> <span class='ocrx_word' id='word_1_294' title='bbox 914 2394 1238 2455; x_wconf 67' lang='lat' dir='ltr'><strong>moechatur,</strong></span> <span class='ocrx_word' id='word_1_295' title='bbox 1271 2390 1367 2446; x_wconf 88' lang='lat' dir='ltr'><strong>sed</strong></span> <span class='ocrx_word' id='word_1_296' title='bbox 1407 2388 1533 2444; x_wconf 87' lang='lat' dir='ltr'><strong>ﬁdei</strong></span> <span class='ocrx_word' id='word_1_297' title='bbox 1580 2388 1790 2458; x_wconf 81' lang='lat' dir='ltr'><strong>purita-</strong></span> 
     </span>
    </p>
   </div>
   <div class='ocr_carea' id='block_1_42' title="bbox 205 2482 1783 2552">
    <p class='ocr_par' dir='ltr' id='par_1_42' title="bbox 205 2482 1783 2552">
     <span class='ocr_line' id='line_1_42' title="bbox 205 2482 1783 2552; baseline -0.004 -11"><span class='ocrx_word' id='word_1_298' title='bbox 205 2495 314 2542; x_wconf 89' lang='lat' dir='ltr'><strong>tem</strong></span> <span class='ocrx_word' id='word_1_299' title='bbox 344 2486 400 2542; x_wconf 90' lang='lat' dir='ltr'><strong>in</strong></span> <span class='ocrx_word' id='word_1_300' title='bbox 425 2486 761 2543; x_wconf 87' lang='lat' dir='ltr'><strong>conscientia</strong></span> <span class='ocrx_word' id='word_1_301' title='bbox 786 2486 1052 2552; x_wconf 90' lang='lat' dir='ltr'><strong>custodit,</strong></span> <span class='ocrx_word' id='word_1_302' title='bbox 1101 2485 1263 2540; x_wconf 88' lang='lat' dir='ltr'><strong>corde</strong></span> <span class='ocrx_word' id='word_1_303' title='bbox 1288 2482 1645 2538; x_wconf 85' lang='lat' dir='ltr'><strong>circumcisus</strong></span> <span class='ocrx_word' id='word_1_304' title='bbox 1667 2488 1783 2536; x_wconf 89' lang='lat' dir='ltr'><strong>est:</strong></span> 
     </span>
    </p>
   </div>
   <div class='ocr_carea' id='block_1_43' title="bbox 202 2569 1782 2647">
    <p class='ocr_par' dir='ltr' id='par_1_43' title="bbox 202 2569 1782 2647">
     <span class='ocr_line' id='line_1_43' title="bbox 202 2569 1782 2647; baseline -0.006 -14"><span class='ocrx_word' id='word_1_305' title='bbox 202 2585 259 2633; x_wconf 85' lang='lat' dir='ltr'><strong>et</strong></span> <span class='ocrx_word' id='word_1_306' title='bbox 296 2576 367 2633; x_wconf 86' lang='lat' dir='ltr'><strong>de</strong></span> <span class='ocrx_word' id='word_1_307' title='bbox 391 2591 461 2633; x_wconf 85' lang='lat' dir='ltr'><strong>eo</strong></span> <span class='ocrx_word' id='word_1_308' title='bbox 501 2576 609 2633; x_wconf 88' lang='lat' dir='ltr'><strong>dici</strong></span> <span class='ocrx_word' id='word_1_309' title='bbox 649 2585 864 2647; x_wconf 87' lang='lat' dir='ltr'><strong>potest:</strong></span> <span class='ocrx_word' id='word_1_310' title='bbox 918 2594 938 2628; x_wconf 80' lang='grc' dir='ltr'><strong>ι</strong></span> <span class='ocrx_word' id='word_1_311' title='bbox 966 2574 1119 2631; x_wconf 89' lang='lat' dir='ltr'><strong>Beati</strong></span> <span class='ocrx_word' id='word_1_312' title='bbox 1149 2572 1349 2629; x_wconf 85' lang='lat' dir='ltr'><strong>mundo</strong></span> <span class='ocrx_word' id='word_1_313' title='bbox 1374 2572 1539 2628; x_wconf 91' lang='lat' dir='ltr'><strong>corde</strong></span> <span class='ocrx_word' id='word_1_314' title='bbox 1567 2569 1782 2643; x_wconf 74' lang='lat' dir='ltr'><strong>(Matth.</strong></span> 
     </span>
    </p>
   </div>
   <div class='ocr_carea' id='block_1_44' title="bbox 203 2663 1782 2741">
    <p class='ocr_par' dir='ltr' id='par_1_44' title="bbox 203 2663 1782 2741">
     <span class='ocr_line' id='line_1_44' title="bbox 203 2663 1782 2741; baseline -0.003 -20"><span class='ocrx_word' id='word_1_315' title='bbox 203 2668 278 2741; x_wconf 67' lang='grc' dir='ltr'><strong>γ).</strong></span> <span class='ocrx_word' id='word_1_316' title='bbox 314 2686 336 2721; x_wconf 72' lang='grc' dir='ltr'><strong>ι</strong></span> <span class='ocrx_word' id='word_1_317' title='bbox 366 2676 476 2725; x_wconf 88' lang='lat' dir='ltr'><strong>etc.</strong></span> <span class='ocrx_word' id='word_1_318' title='bbox 515 2667 983 2727; x_wconf 86' lang='lat' dir='ltr'><strong>Circumcidantur</strong></span> <span class='ocrx_word' id='word_1_319' title='bbox 1026 2682 1239 2732; x_wconf 89' lang='lat' dir='ltr'><strong>manus,</strong></span> <span class='ocrx_word' id='word_1_320' title='bbox 1289 2682 1357 2721; x_wconf 90' lang='lat' dir='ltr'><strong>ne</strong></span> <span class='ocrx_word' id='word_1_321' title='bbox 1388 2666 1528 2719; x_wconf 89' lang='lat' dir='ltr'><strong>maia</strong></span> <span class='ocrx_word' id='word_1_322' title='bbox 1560 2663 1782 2729; x_wconf 75' lang='lat' dir='ltr'><strong>faciant,</strong></span> 
     </span>
    </p>
   </div>
   <div class='ocr_carea' id='block_1_45' title="bbox 203 2756 1782 2829">
    <p class='ocr_par' dir='ltr' id='par_1_45' title="bbox 203 2756 1782 2829">
     <span class='ocr_line' id='line_1_45' title="bbox 203 2756 1782 2829; baseline -0.004 -14"><span class='ocrx_word' id='word_1_323' title='bbox 203 2758 389 2829; x_wconf 84' lang='lat' dir='ltr'><strong>pedes,</strong></span> <span class='ocrx_word' id='word_1_324' title='bbox 421 2773 491 2815; x_wconf 89' lang='lat' dir='ltr'><strong>ne</strong></span> <span class='ocrx_word' id='word_1_325' title='bbox 520 2759 576 2814; x_wconf 89' lang='lat' dir='ltr'><strong>in</strong></span> <span class='ocrx_word' id='word_1_326' title='bbox 603 2758 806 2814; x_wconf 89' lang='lat' dir='ltr'><strong>malum</strong></span> <span class='ocrx_word' id='word_1_327' title='bbox 828 2766 1054 2814; x_wconf 90' lang='lat' dir='ltr'><strong>currant</strong></span> <span class='ocrx_word' id='word_1_328' title='bbox 1078 2777 1090 2812; x_wconf 91' lang='lat'>:</span> <span class='ocrx_word' id='word_1_329' title='bbox 1121 2758 1268 2812; x_wconf 88' lang='lat' dir='ltr'><strong>visus</strong></span> <span class='ocrx_word' id='word_1_330' title='bbox 1287 2797 1303 2821; x_wconf 89' lang='lat'><strong>,</strong></span> <span class='ocrx_word' id='word_1_331' title='bbox 1331 2771 1401 2812; x_wconf 90' lang='lat' dir='ltr'><strong>ne</strong></span> <span class='ocrx_word' id='word_1_332' title='bbox 1430 2756 1623 2811; x_wconf 89' lang='lat' dir='ltr'><strong>illicita</strong></span> <span class='ocrx_word' id='word_1_333' title='bbox 1649 2770 1782 2810; x_wconf 86' lang='lat' dir='ltr'><strong>con-</strong></span> 
     </span>
    </p>
   </div>
   <div class='ocr_carea' id='block_1_46' title="bbox 200 2848 1789 2923">
    <p class='ocr_par' dir='ltr' id='par_1_46' title="bbox 200 2848 1789 2923">
     <span class='ocr_line' id='line_1_46' title="bbox 200 2848 1789 2923; baseline -0.005 -16"><span class='ocrx_word' id='word_1_334' title='bbox 200 2852 486 2922; x_wconf 87' lang='lat' dir='ltr'><strong>cupiscat;</strong></span> <span class='ocrx_word' id='word_1_335' title='bbox 533 2860 745 2923; x_wconf 84' lang='lat' dir='ltr'><strong>gustus,</strong></span> <span class='ocrx_word' id='word_1_336' title='bbox 788 2860 848 2907; x_wconf 90' lang='lat' dir='ltr'><strong>ut</strong></span> <span class='ocrx_word' id='word_1_337' title='bbox 895 2851 964 2906; x_wconf 89' lang='lat' dir='ltr'><strong>ad</strong></span> <span class='ocrx_word' id='word_1_338' title='bbox 1001 2849 1228 2923; x_wconf 85' lang='lat' dir='ltr'><strong>gloriam</strong></span> <span class='ocrx_word' id='word_1_339' title='bbox 1275 2849 1371 2904; x_wconf 88' lang='lat' dir='ltr'><strong>Dei</strong></span> <span class='ocrx_word' id='word_1_340' title='bbox 1412 2848 1700 2903; x_wconf 89' lang='lat' dir='ltr'><strong>manducet</strong></span> <span class='ocrx_word' id='word_1_341' title='bbox 1731 2852 1789 2901; x_wconf 88' lang='lat' dir='ltr'><strong>et</strong></span> 
     </span>
    </p>
   </div>
   <div class='ocr_carea' id='block_1_47' title="bbox 201 2936 1782 3011">
    <p class='ocr_par' dir='ltr' id='par_1_47' title="bbox 201 2936 1782 3011">
     <span class='ocr_line' id='line_1_47' title="bbox 201 2936 1782 3011; baseline -0.004 -13"><span class='ocrx_word' id='word_1_342' title='bbox 201 2942 388 3011; x_wconf 83' lang='lat' dir='ltr'><strong>bibat;</strong></span> <span class='ocrx_word' id='word_1_343' title='bbox 417 2943 699 3010; x_wconf 89' lang='lat' dir='ltr'><strong>odoratus,</strong></span> <span class='ocrx_word' id='word_1_344' title='bbox 728 2950 790 2997; x_wconf 89' lang='lat' dir='ltr'><strong>ut</strong></span> <span class='ocrx_word' id='word_1_345' title='bbox 816 2941 1018 2998; x_wconf 86' lang='lat' dir='ltr'><strong>Christi</strong></span> <span class='ocrx_word' id='word_1_346' title='bbox 1047 2942 1270 2996; x_wconf 90' lang='lat' dir='ltr'><strong>odorem</strong></span> <span class='ocrx_word' id='word_1_347' title='bbox 1298 2938 1495 3010; x_wconf 84' lang='lat' dir='ltr'><strong>capiat,</strong></span> <span class='ocrx_word' id='word_1_348' title='bbox 1521 2944 1575 2993; x_wconf 89' lang='lat' dir='ltr'><strong>et</strong></span> <span class='ocrx_word' id='word_1_349' title='bbox 1603 2936 1782 3007; x_wconf 87' lang='lat' dir='ltr'><strong>operi-</strong></span> 
     </span>
    </p>
   </div>
   <div class='ocr_carea' id='block_1_48' title="bbox 200 3027 1785 3101">
    <p class='ocr_par' dir='ltr' id='par_1_48' title="bbox 200 3027 1785 3101">
     <span class='ocr_line' id='line_1_48' title="bbox 200 3027 1785 3101; baseline -0.004 -11"><span class='ocrx_word' id='word_1_350' title='bbox 200 3033 305 3090; x_wconf 88' lang='lat' dir='ltr'><strong>bus</strong></span> <span class='ocrx_word' id='word_1_351' title='bbox 350 3033 735 3090; x_wconf 66' lang='lat' dir='ltr'><strong>misericordiaa</strong></span> <span class='ocrx_word' id='word_1_352' title='bbox 767 3034 987 3090; x_wconf 87' lang='lat' dir='ltr'><strong>odorem</strong></span> <span class='ocrx_word' id='word_1_353' title='bbox 1038 3030 1322 3089; x_wconf 83' lang='lat' dir='ltr'><strong>suavitatis</strong></span> <span class='ocrx_word' id='word_1_354' title='bbox 1374 3035 1610 3101; x_wconf 88' lang='lat' dir='ltr'><strong>spargat.</strong></span> <span class='ocrx_word' id='word_1_355' title='bbox 1659 3027 1785 3084; x_wconf 87' lang='lat' dir='ltr'><strong>Sin-</strong></span> 
     </span>
    </p>
   </div>
   <div class='ocr_carea' id='block_1_49' title="bbox 202 3119 1779 3197">
    <p class='ocr_par' dir='ltr' id='par_1_49' title="bbox 202 3119 1779 3197">
     <span class='ocr_line' id='line_1_49' title="bbox 202 3119 1779 3197; baseline -0.003 -19"><span class='ocrx_word' id='word_1_356' title='bbox 202 3123 328 3197; x_wconf 82' lang='lat' dir='ltr'><strong>gula</strong></span> <span class='ocrx_word' id='word_1_357' title='bbox 362 3139 578 3197; x_wconf 87' lang='lat' dir='ltr'><strong>quoquc</strong></span> <span class='ocrx_word' id='word_1_358' title='bbox 617 3126 881 3191; x_wconf 89' lang='lat' dir='ltr'><strong>membra,</strong></span> <span class='ocrx_word' id='word_1_359' title='bbox 934 3124 981 3180; x_wconf 89' lang='lat' dir='ltr'><strong>si</strong></span> <span class='ocrx_word' id='word_1_360' title='bbox 1028 3125 1085 3180; x_wconf 87' lang='lat' dir='ltr'><strong>in</strong></span> <span class='ocrx_word' id='word_1_361' title='bbox 1130 3122 1320 3180; x_wconf 85' lang='lat' dir='ltr'><strong>oﬁiciis</strong></span> <span class='ocrx_word' id='word_1_362' title='bbox 1365 3123 1474 3178; x_wconf 87' lang='lat' dir='ltr'><strong>Deo</strong></span> <span class='ocrx_word' id='word_1_363' title='bbox 1522 3119 1779 3183; x_wconf 85' lang='lat' dir='ltr'><strong>serviant,</strong></span> 
     </span>
    </p>
   </div>
   <div class='ocr_carea' id='block_1_50' title="bbox 1895 1951 3485 2025">
    <p class='ocr_par' dir='ltr' id='par_1_50' title="bbox 1895 1951 3485 2025">
     <span class='ocr_line' id='line_1_50' title="bbox 1895 1951 3485 2025; baseline -0.001 -17"><span class='ocrx_word' id='word_1_364' title='bbox 1895 1963 2171 2025; x_wconf 83' lang='lat' dir='ltr'><strong>parerent,</strong></span> <span class='ocrx_word' id='word_1_365' title='bbox 2214 1970 2320 2009; x_wconf 92' lang='lat' dir='ltr'><strong>non</strong></span> <span class='ocrx_word' id='word_1_366' title='bbox 2359 1954 2512 2011; x_wconf 90' lang='lat' dir='ltr'><strong>cibos</strong></span> <span class='ocrx_word' id='word_1_367' title='bbox 2545 1960 2841 2019; x_wconf 87' lang='lat' dir='ltr'><strong>sumerent,</strong></span> <span class='ocrx_word' id='word_1_368' title='bbox 2882 1951 2987 2007; x_wconf 87' lang='lat' dir='ltr'><strong>nisi</strong></span> <span class='ocrx_word' id='word_1_369' title='bbox 3015 1951 3248 2008; x_wconf 88' lang='lat' dir='ltr'><strong>solidum</strong></span> <span class='ocrx_word' id='word_1_370' title='bbox 3283 1964 3485 2021; x_wconf 88' lang='lat' dir='ltr'><strong>corpus</strong></span> 
     </span>
    </p>
   </div>
   <div class='ocr_carea' id='block_1_51' title="bbox 1896 2041 3481 2112">
    <p class='ocr_par' dir='ltr' id='par_1_51' title="bbox 1896 2041 3481 2112">
     <span class='ocr_line' id='line_1_51' title="bbox 1896 2041 3481 2112; baseline -0.003 -10"><span class='ocrx_word' id='word_1_371' title='bbox 1896 2062 1962 2102; x_wconf 84' lang='lat' dir='ltr'><strong>ex</strong></span> <span class='ocrx_word' id='word_1_372' title='bbox 2008 2046 2212 2102; x_wconf 76' lang='lat' dir='ltr'><strong>cmlesti</strong></span> <span class='ocrx_word' id='word_1_373' title='bbox 2266 2047 2533 2103; x_wconf 86' lang='lat' dir='ltr'><strong>elemento</strong></span> <span class='ocrx_word' id='word_1_374' title='bbox 2578 2045 2864 2100; x_wconf 82' lang='lat' dir='ltr'><strong>haberent.</strong></span> <span class='ocrx_word' id='word_1_375' title='bbox 2922 2042 3033 2099; x_wconf 82' lang='lat' dir='ltr'><strong>Nec</strong></span> <span class='ocrx_word' id='word_1_376' title='bbox 3095 2042 3293 2098; x_wconf 88' lang='lat' dir='ltr'><strong>mirum</strong></span> <span class='ocrx_word' id='word_1_377' title='bbox 3335 2041 3481 2112; x_wconf 90' lang='lat' dir='ltr'><strong>quod</strong></span> 
     </span>
    </p>
   </div>
   <div class='ocr_carea' id='block_1_52' title="bbox 1895 2131 3479 2211">
    <p class='ocr_par' dir='ltr' id='par_1_52' title="bbox 1895 2131 3479 2211">
     <span class='ocr_line' id='line_1_52' title="bbox 1895 2131 3479 2211; baseline -0.004 -16"><span class='ocrx_word' id='word_1_378' title='bbox 1895 2140 2058 2195; x_wconf 90' lang='lat' dir='ltr'><strong>modo</strong></span> <span class='ocrx_word' id='word_1_379' title='bbox 2087 2139 2283 2211; x_wconf 85' lang='lat' dir='ltr'><strong>angeli,</strong></span> <span class='ocrx_word' id='word_1_380' title='bbox 2314 2139 2476 2194; x_wconf 88' lang='lat' dir='ltr'><strong>modo</strong></span> <span class='ocrx_word' id='word_1_381' title='bbox 2516 2137 2777 2193; x_wconf 90' lang='lat' dir='ltr'><strong>Dominus</strong></span> <span class='ocrx_word' id='word_1_382' title='bbox 2805 2143 3089 2201; x_wconf 87' lang='lat' dir='ltr'><strong>vocantur,</strong></span> <span class='ocrx_word' id='word_1_383' title='bbox 3134 2133 3260 2205; x_wconf 85' lang='lat' dir='ltr'><strong>quia</strong></span> <span class='ocrx_word' id='word_1_384' title='bbox 3304 2131 3479 2204; x_wconf 85' lang='lat' dir='ltr'><strong>angeli</strong></span> 
     </span>
    </p>
   </div>
   <div class='ocr_carea' id='block_1_53' title="bbox 1894 2224 3482 2299">
    <p class='ocr_par' dir='ltr' id='par_1_53' title="bbox 1894 2224 3482 2299">
     <span class='ocr_line' id='line_1_53' title="bbox 1894 2224 3482 2299; baseline -0.004 -15"><span class='ocrx_word' id='word_1_385' title='bbox 1894 2239 2178 2294; x_wconf 86' lang='lat' dir='ltr'><strong>vocantur,</strong></span> <span class='ocrx_word' id='word_1_386' title='bbox 2212 2229 2304 2299; x_wconf 91' lang='lat' dir='ltr'><strong>qui</strong></span> <span class='ocrx_word' id='word_1_387' title='bbox 2326 2229 2565 2283; x_wconf 78' lang='lat' dir='ltr'><strong>exterius</strong></span> <span class='ocrx_word' id='word_1_388' title='bbox 2589 2226 2916 2293; x_wconf 87' lang='lat' dir='ltr'><strong>ministrant,</strong></span> <span class='ocrx_word' id='word_1_389' title='bbox 2943 2234 3000 2281; x_wconf 92' lang='lat' dir='ltr'><strong>et</strong></span> <span class='ocrx_word' id='word_1_390' title='bbox 3018 2224 3279 2281; x_wconf 82' lang='lat' dir='ltr'><strong>Dominus</strong></span> <span class='ocrx_word' id='word_1_391' title='bbox 3300 2230 3482 2280; x_wconf 88' lang='lat' dir='ltr'><strong>osten-</strong></span> 
     </span>
    </p>
   </div>
   <div class='ocr_carea' id='block_1_54' title="bbox 1895 2318 2822 2390">
    <p class='ocr_par' dir='ltr' id='par_1_54' title="bbox 1895 2318 2822 2390">
     <span class='ocr_line' id='line_1_54' title="bbox 1895 2318 2822 2390; baseline -0.005 -14"><span class='ocrx_word' id='word_1_392' title='bbox 1895 2320 2064 2386; x_wconf 88' lang='lat' dir='ltr'><strong>ditur,</strong></span> <span class='ocrx_word' id='word_1_393' title='bbox 2092 2320 2181 2390; x_wconf 88' lang='lat' dir='ltr'><strong>qui</strong></span> <span class='ocrx_word' id='word_1_394' title='bbox 2210 2320 2292 2375; x_wconf 91' lang='lat' dir='ltr'><strong>eis</strong></span> <span class='ocrx_word' id='word_1_395' title='bbox 2316 2318 2546 2373; x_wconf 86' lang='lat' dir='ltr'><strong>interius</strong></span> <span class='ocrx_word' id='word_1_396' title='bbox 2570 2318 2822 2387; x_wconf 84' lang='lat' dir='ltr'><strong>imperat.</strong></span> 
     </span>
    </p>
   </div>
   <div class='ocr_carea' id='block_1_55' title="bbox 1964 2401 3480 2477">
    <p class='ocr_par' dir='ltr' id='par_1_55' title="bbox 1964 2401 3480 2477">
     <span class='ocr_line' id='line_1_55' title="bbox 1964 2401 3480 2477; baseline -0.005 -11"><span class='ocrx_word' id='word_1_397' title='bbox 1964 2410 2131 2466; x_wconf 75' lang='lat' dir='ltr'><strong>Vens.</strong></span> <span class='ocrx_word' id='word_1_398' title='bbox 2166 2408 2222 2474; x_wconf 71' lang='grc'><strong>4,</strong></span> <span class='ocrx_word' id='word_1_399' title='bbox 2252 2408 2306 2464; x_wconf 82' lang='lat'><strong>5.</strong></span> <span class='ocrx_word' id='word_1_400' title='bbox 2348 2440 2416 2449; x_wconf 97' lang='lat'><strong>—</strong></span> <span class='ocrx_word' id='word_1_401' title='bbox 2460 2427 2479 2461; x_wconf 73' lang='grc' dir='ltr'><strong>ι</strong></span> <span class='ocrx_word' id='word_1_402' title='bbox 2515 2406 2622 2463; x_wconf 90' lang='lat' dir='ltr'><strong>Sed</strong></span> <span class='ocrx_word' id='word_1_403' title='bbox 2653 2405 2893 2462; x_wconf 79' lang='lat' dir='ltr'><strong>aﬁ‘eram.</strong></span> <span class='ocrx_word' id='word_1_404' title='bbox 2931 2424 2951 2458; x_wconf 71' lang='grc' dir='ltr'><strong>ι</strong></span> <span class='ocrx_word' id='word_1_405' title='bbox 2983 2405 3065 2460; x_wconf 83' lang='lat' dir='ltr'><strong>Ad</strong></span> <span class='ocrx_word' id='word_1_406' title='bbox 3092 2401 3480 2477; x_wconf 80' lang='lat' dir='ltr'><strong>hospitalitatis</strong></span> 
     </span>
    </p>
   </div>
   <div class='ocr_carea' id='block_1_56' title="bbox 1892 2494 3480 2570">
    <p class='ocr_par' dir='ltr' id='par_1_56' title="bbox 1892 2494 3480 2570">
     <span class='ocr_line' id='line_1_56' title="bbox 1892 2494 3480 2570; baseline -0.004 -14"><span class='ocrx_word' id='word_1_407' title='bbox 1892 2500 2065 2556; x_wconf 82' lang='lat' dir='ltr'><strong>oliicia</strong></span> <span class='ocrx_word' id='word_1_408' title='bbox 2100 2500 2412 2566; x_wconf 91' lang='lat' dir='ltr'><strong>revertitur,</strong></span> <span class='ocrx_word' id='word_1_409' title='bbox 2459 2514 2581 2570; x_wconf 70' lang='lat' dir='ltr'><strong>qua!</strong></span> <span class='ocrx_word' id='word_1_410' title='bbox 2613 2498 2779 2554; x_wconf 84' lang='lat' dir='ltr'><strong>etiam</strong></span> <span class='ocrx_word' id='word_1_411' title='bbox 2806 2494 3015 2569; x_wconf 88' lang='lat' dir='ltr'><strong>angelis</strong></span> <span class='ocrx_word' id='word_1_412' title='bbox 3065 2495 3308 2551; x_wconf 82' lang='lat' dir='ltr'><strong>exhiberi</strong></span> <span class='ocrx_word' id='word_1_413' title='bbox 3354 2508 3480 2565; x_wconf 84' lang='lat' dir='ltr'><strong>pos-</strong></span> 
     </span>
    </p>
   </div>
   <div class='ocr_carea' id='block_1_57' title="bbox 1890 2583 3480 2655">
    <p class='ocr_par' dir='ltr' id='par_1_57' title="bbox 1890 2583 3480 2655">
     <span class='ocr_line' id='line_1_57' title="bbox 1890 2583 3480 2655; baseline -0.003 -12"><span class='ocrx_word' id='word_1_414' title='bbox 1890 2595 2038 2654; x_wconf 87' lang='lat' dir='ltr'><strong>sunt,</strong></span> <span class='ocrx_word' id='word_1_415' title='bbox 2082 2604 2203 2643; x_wconf 90' lang='lat' dir='ltr'><strong>cum</strong></span> <span class='ocrx_word' id='word_1_416' title='bbox 2238 2601 2304 2642; x_wconf 83' lang='lat' dir='ltr'><strong>ex</strong></span> <span class='ocrx_word' id='word_1_417' title='bbox 2347 2585 2632 2642; x_wconf 80' lang='lat' dir='ltr'><strong>elementis</strong></span> <span class='ocrx_word' id='word_1_418' title='bbox 2676 2600 2997 2655; x_wconf 89' lang='lat' dir='ltr'><strong>corpoream</strong></span> <span class='ocrx_word' id='word_1_419' title='bbox 3042 2583 3275 2639; x_wconf 79' lang='lat' dir='ltr'><strong>formam</strong></span> <span class='ocrx_word' id='word_1_420' title='bbox 3322 2596 3480 2639; x_wconf 82' lang='lat' dir='ltr'><strong>assu-</strong></span> 
     </span>
    </p>
   </div>
   <div class='ocr_carea' id='block_1_58' title="bbox 1890 2670 3479 2748">
    <p class='ocr_par' dir='ltr' id='par_1_58' title="bbox 1890 2670 3479 2748">
     <span class='ocr_line' id='line_1_58' title="bbox 1890 2670 3479 2748; baseline -0.004 -15"><span class='ocrx_word' id='word_1_421' title='bbox 1890 2686 2081 2734; x_wconf 90' lang='lat' dir='ltr'><strong>munt:</strong></span> <span class='ocrx_word' id='word_1_422' title='bbox 2115 2677 2258 2748; x_wconf 92' lang='lat' dir='ltr'><strong>quod</strong></span> <span class='ocrx_word' id='word_1_423' title='bbox 2298 2676 2574 2731; x_wconf 84' lang='lat' dir='ltr'><strong>Abraham</strong></span> <span class='ocrx_word' id='word_1_424' title='bbox 2606 2673 2932 2743; x_wconf 79' lang='lat' dir='ltr'><strong>intelligens,</strong></span> <span class='ocrx_word' id='word_1_425' title='bbox 2981 2673 3236 2729; x_wconf 87' lang='lat' dir='ltr'><strong>deitatem</strong></span> <span class='ocrx_word' id='word_1_426' title='bbox 3272 2672 3329 2727; x_wconf 91' lang='lat' dir='ltr'><strong>in</strong></span> <span class='ocrx_word' id='word_1_427' title='bbox 3357 2670 3479 2727; x_wconf 90' lang='lat' dir='ltr'><strong>uni-</strong></span> 
     </span>
    </p>
   </div>
   <div class='ocr_carea' id='block_1_59' title="bbox 1892 2761 3479 2841">
    <p class='ocr_par' dir='ltr' id='par_1_59' title="bbox 1892 2761 3479 2841">
     <span class='ocr_line' id='line_1_59' title="bbox 1892 2761 3479 2841; baseline -0.003 -17"><span class='ocrx_word' id='word_1_428' title='bbox 1892 2777 2004 2825; x_wconf 89' lang='lat' dir='ltr'><strong>tate</strong></span> <span class='ocrx_word' id='word_1_429' title='bbox 2025 2769 2306 2834; x_wconf 83' lang='lat' dir='ltr'><strong>adorabat,</strong></span> <span class='ocrx_word' id='word_1_430' title='bbox 2331 2774 2385 2823; x_wconf 91' lang='lat' dir='ltr'><strong>et</strong></span> <span class='ocrx_word' id='word_1_431' title='bbox 2415 2765 2802 2841; x_wconf 88' lang='lat' dir='ltr'><strong>dispensationi</strong></span> <span class='ocrx_word' id='word_1_432' title='bbox 2828 2764 3085 2837; x_wconf 72' lang='lat' dir='ltr'><strong>angelicae</strong></span> <span class='ocrx_word' id='word_1_433' title='bbox 3105 2764 3160 2820; x_wconf 91' lang='lat' dir='ltr'><strong>in</strong></span> <span class='ocrx_word' id='word_1_434' title='bbox 3188 2763 3364 2820; x_wconf 72' lang='lat' dir='ltr'><strong>forma</strong></span> <span class='ocrx_word' id='word_1_435' title='bbox 3400 2761 3479 2820; x_wconf 76' lang='lat' dir='ltr'><strong>vi-</strong></span> 
     </span>
    </p>
   </div>
   <div class='ocr_carea' id='block_1_60' title="bbox 1891 2860 3241 2917">
    <p class='ocr_par' dir='ltr' id='par_1_60' title="bbox 1891 2860 3241 2917">
     <span class='ocr_line' id='line_1_60' title="bbox 1891 2860 3241 2917; baseline -0.008 0"><span class='ocrx_word' id='word_1_436' title='bbox 1891 2861 2033 2917; x_wconf 88' lang='lat' dir='ltr'><strong>sibiii</strong></span> <span class='ocrx_word' id='word_1_437' title='bbox 2062 2860 2422 2917; x_wconf 88' lang='lat' dir='ltr'><strong>ministrabat.</strong></span> <span class='ocrx_word' id='word_1_438' title='bbox 2634 2872 2669 2899; x_wconf 84' lang='grc' dir='ltr'><strong><em>ο</em></strong></span> <span class='ocrx_word' id='word_1_439' title='bbox 3226 2879 3241 2884; x_wconf 89' lang='grc'><strong>-</strong></span> 
     </span>
    </p>
   </div>
   <div class='ocr_carea' id='block_1_61' title="bbox 1960 2945 3476 3021">
    <p class='ocr_par' dir='ltr' id='par_1_61' title="bbox 1960 2945 3476 3021">
     <span class='ocr_line' id='line_1_61' title="bbox 1960 2945 3476 3021; baseline -0.002 -14"><span class='ocrx_word' id='word_1_440' title='bbox 1960 2951 2121 3007; x_wconf 73' lang='lat' dir='ltr'><strong>Vsus.</strong></span> <span class='ocrx_word' id='word_1_441' title='bbox 2153 2950 2205 3005; x_wconf 84' lang='lat'><strong>6.</strong></span> <span class='ocrx_word' id='word_1_442' title='bbox 2235 2981 2302 2992; x_wconf 92' lang='lat'>—</span> <span class='ocrx_word' id='word_1_443' title='bbox 2341 2970 2360 3001; x_wconf 71' lang='grc' dir='ltr'><strong>ι</strong></span> <span class='ocrx_word' id='word_1_444' title='bbox 2397 2946 2524 3005; x_wconf 83' lang='lat' dir='ltr'><strong>Tria</strong></span> <span class='ocrx_word' id='word_1_445' title='bbox 2570 2957 2706 3005; x_wconf 89' lang='lat' dir='ltr'><strong>sata.</strong></span> <span class='ocrx_word' id='word_1_446' title='bbox 2748 2967 2769 3003; x_wconf 73' lang='grc' dir='ltr'><strong>ι</strong></span> <span class='ocrx_word' id='word_1_447' title='bbox 2812 2946 2939 3005; x_wconf 69' lang='lat' dir='ltr'><strong>Rrec</strong></span> <span class='ocrx_word' id='word_1_448' title='bbox 2968 2949 3022 3005; x_wconf 85' lang='lat' dir='ltr'><strong>in</strong></span> <span class='ocrx_word' id='word_1_449' title='bbox 3053 2956 3240 3021; x_wconf 88' lang='lat' dir='ltr'><strong>typum</strong></span> <span class='ocrx_word' id='word_1_450' title='bbox 3288 2945 3476 3004; x_wconf 87' lang='lat' dir='ltr'><strong>Eccle-</strong></span> 
     </span>
    </p>
   </div>
   <div class='ocr_carea' id='block_1_62' title="bbox 1890 3034 3474 3114">
    <p class='ocr_par' dir='ltr' id='par_1_62' title="bbox 1890 3034 3474 3114">
     <span class='ocr_line' id='line_1_62' title="bbox 1890 3034 3474 3114; baseline -0.003 -14"><span class='ocrx_word' id='word_1_451' title='bbox 1890 3044 1985 3100; x_wconf 65' lang='lat' dir='ltr'><strong>siae</strong></span> <span class='ocrx_word' id='word_1_452' title='bbox 2010 3043 2277 3107; x_wconf 86' lang='lat' dir='ltr'><strong>dicuntur,</strong></span> <span class='ocrx_word' id='word_1_453' title='bbox 2312 3058 2433 3114; x_wconf 78' lang='lat' dir='ltr'><strong>qua:</strong></span> <span class='ocrx_word' id='word_1_454' title='bbox 2461 3044 2527 3099; x_wconf 87' lang='lat' dir='ltr'><strong>de</strong></span> <span class='ocrx_word' id='word_1_455' title='bbox 2557 3034 2732 3099; x_wconf 82' lang='lat' dir='ltr'><strong>tribus</strong></span> <span class='ocrx_word' id='word_1_456' title='bbox 2776 3041 2963 3097; x_wconf 87' lang='lat' dir='ltr'><strong>mundi</strong></span> <span class='ocrx_word' id='word_1_457' title='bbox 2990 3040 3239 3112; x_wconf 86' lang='lat' dir='ltr'><strong>partibus</strong></span> <span class='ocrx_word' id='word_1_458' title='bbox 3266 3039 3323 3096; x_wconf 91' lang='lat' dir='ltr'><strong>in</strong></span> <span class='ocrx_word' id='word_1_459' title='bbox 3348 3039 3474 3095; x_wconf 79' lang='lat' dir='ltr'><strong>uni-</strong></span> 
     </span>
    </p>
   </div>
   <div class='ocr_carea' id='block_1_63' title="bbox 1888 3127 3473 3207">
    <p class='ocr_par' dir='ltr' id='par_1_63' title="bbox 1888 3127 3473 3207">
     <span class='ocr_line' id='line_1_63' title="bbox 1888 3127 3473 3207; baseline -0.004 -16"><span class='ocrx_word' id='word_1_460' title='bbox 1888 3144 2054 3193; x_wconf 87' lang='lat' dir='ltr'><strong>tatem</strong></span> <span class='ocrx_word' id='word_1_461' title='bbox 2087 3135 2207 3190; x_wconf 83' lang='lat' dir='ltr'><strong>tidei</strong></span> <span class='ocrx_word' id='word_1_462' title='bbox 2235 3142 2561 3207; x_wconf 90' lang='lat' dir='ltr'><strong>congregata</strong></span> <span class='ocrx_word' id='word_1_463' title='bbox 2602 3143 2704 3201; x_wconf 87' lang='lat' dir='ltr'><strong>est,</strong></span> <span class='ocrx_word' id='word_1_464' title='bbox 2743 3140 2797 3189; x_wconf 89' lang='lat' dir='ltr'><strong>et</strong></span> <span class='ocrx_word' id='word_1_465' title='bbox 2822 3131 2977 3204; x_wconf 90' lang='lat' dir='ltr'><strong>quasi</strong></span> <span class='ocrx_word' id='word_1_466' title='bbox 3014 3130 3171 3203; x_wconf 88' lang='lat' dir='ltr'><strong>panis</strong></span> <span class='ocrx_word' id='word_1_467' title='bbox 3198 3130 3319 3187; x_wconf 88' lang='lat' dir='ltr'><strong>sine</strong></span> <span class='ocrx_word' id='word_1_468' title='bbox 3360 3127 3473 3186; x_wconf 79' lang='lat' dir='ltr'><strong>fer-</strong></span> 
     </span>
    </p>
   </div>
   <div class='ocr_carea' id='block_1_64' title="bbox 204 3206 1786 3302">
    <p class='ocr_par' dir='ltr' id='par_1_64' title="bbox 204 3215 1784 3290">
     <span class='ocr_line' id='line_1_64' title="bbox 204 3215 1784 3290; baseline -0.002 -17"><span class='ocrx_word' id='word_1_469' title='bbox 204 3217 529 3273; x_wconf 85' lang='lat' dir='ltr'><strong>circumcisa</strong></span> <span class='ocrx_word' id='word_1_470' title='bbox 559 3226 706 3275; x_wconf 87' lang='lat' dir='ltr'><strong>sunt.</strong></span> <span class='ocrx_word' id='word_1_471' title='bbox 749 3217 807 3273; x_wconf 90' lang='lat' dir='ltr'><strong>Si</strong></span> <span class='ocrx_word' id='word_1_472' title='bbox 843 3218 983 3274; x_wconf 89' lang='lat' dir='ltr'><strong>ultra</strong></span> <span class='ocrx_word' id='word_1_473' title='bbox 1023 3217 1393 3290; x_wconf 82' lang='lat' dir='ltr'><strong>praescriptam</strong></span> <span class='ocrx_word' id='word_1_474' title='bbox 1429 3215 1601 3289; x_wconf 88' lang='lat' dir='ltr'><strong>legem</strong></span> <span class='ocrx_word' id='word_1_475' title='bbox 1629 3215 1784 3271; x_wconf 82' lang='lat' dir='ltr'><strong>luxu-</strong></span> 
     </span>
    </p>
   </div>
   <div class='ocr_carea' id='block_1_65' title="bbox 1887 3206 3072 3302">
    <p class='ocr_par' dir='ltr' id='par_1_65' title="bbox 1890 3206 3072 3302">
     <span class='ocr_line' id='line_1_65' title="bbox 1890 3206 3072 3302; baseline -0.004 -15"><span class='ocrx_word' id='word_1_476' title='bbox 1890 3240 2073 3287; x_wconf 90' lang='lat' dir='ltr'><strong>mcnto</strong></span> <span class='ocrx_word' id='word_1_477' title='bbox 2100 3231 2222 3302; x_wconf 89' lang='lat' dir='ltr'><strong>igne</strong></span> <span class='ocrx_word' id='word_1_478' title='bbox 2250 3229 2486 3302; x_wconf 90' lang='lat' dir='ltr'><strong>Spiritus</strong></span> <span class='ocrx_word' id='word_1_479' title='bbox 2517 3229 2692 3285; x_wconf 88' lang='lat' dir='ltr'><strong>sancti</strong></span> <span class='ocrx_word' id='word_1_480' title='bbox 2722 3229 2942 3285; x_wconf 88' lang='lat' dir='ltr'><strong>decocta</strong></span> <span class='ocrx_word' id='word_1_481' title='bbox 2969 3233 3072 3283; x_wconf 87' lang='lat' dir='ltr'><strong>est.</strong></span> 
     </span>
    </p>
   </div>
   <div class='ocr_carea' id='block_1_66' title="bbox 204 3309 795 3379">
    <p class='ocr_par' dir='ltr' id='par_1_66' title="bbox 204 3309 795 3379">
     <span class='ocr_line' id='line_1_66' title="bbox 204 3309 795 3379; baseline 0 -14"><span class='ocrx_word' id='word_1_482' title='bbox 204 3309 368 3379; x_wconf 87' lang='lat' dir='ltr'><strong>rieut,</strong></span> <span class='ocrx_word' id='word_1_483' title='bbox 396 3310 795 3367; x_wconf 87' lang='lat' dir='ltr'><strong>incircumcisa.</strong></span> 
     </span>
    </p>
   </div>
   <div class='ocr_carea' id='block_1_67' title="bbox 274 3401 1784 3477">
    <p class='ocr_par' dir='ltr' id='par_1_67' title="bbox 274 3401 1784 3477">
     <span class='ocr_line' id='line_1_67' title="bbox 274 3401 1784 3477; baseline -0.002 -18"><span class='ocrx_word' id='word_1_484' title='bbox 274 3402 776 3477; x_wconf 76' lang='lat' dir='ltr'><strong>(ihsnon.-Srm.)</strong></span> <span class='ocrx_word' id='word_1_485' title='bbox 805 3403 983 3473; x_wconf 64' lang='lat' dir='ltr'><strong>Quaeri</strong></span> <span class='ocrx_word' id='word_1_486' title='bbox 999 3403 1136 3460; x_wconf 91' lang='lat' dir='ltr'><strong>solet</strong></span> <span class='ocrx_word' id='word_1_487' title='bbox 1157 3403 1425 3475; x_wconf 87' lang='lat' dir='ltr'><strong>quomodo</strong></span> <span class='ocrx_word' id='word_1_488' title='bbox 1446 3401 1660 3461; x_wconf 81' lang='lat' dir='ltr'><strong>feminae</strong></span> <span class='ocrx_word' id='word_1_489' title='bbox 1680 3401 1784 3458; x_wconf 89' lang='lat' dir='ltr'><strong>sal-</strong></span> 
     </span>
    </p>
   </div>
   <div class='ocr_carea' id='block_1_68' title="bbox 203 3495 1784 3569">
    <p class='ocr_par' dir='ltr' id='par_1_68' title="bbox 203 3495 1784 3569">
     <span class='ocr_line' id='line_1_68' title="bbox 203 3495 1784 3569; baseline -0.002 -18"><span class='ocrx_word' id='word_1_490' title='bbox 203 3497 495 3564; x_wconf 82' lang='lat' dir='ltr'><strong>vabantur,</strong></span> <span class='ocrx_word' id='word_1_491' title='bbox 527 3513 647 3569; x_wconf 68' lang='lat' dir='ltr'><strong>quae</strong></span> <span class='ocrx_word' id='word_1_492' title='bbox 670 3513 778 3554; x_wconf 89' lang='lat' dir='ltr'><strong>non</strong></span> <span class='ocrx_word' id='word_1_493' title='bbox 808 3496 1380 3555; x_wconf 83' lang='lat' dir='ltr'><strong>circumcidehantur?</strong></span> <span class='ocrx_word' id='word_1_494' title='bbox 1420 3495 1551 3552; x_wconf 82' lang='lat' dir='ltr'><strong>Fide</strong></span> <span class='ocrx_word' id='word_1_495' title='bbox 1576 3495 1784 3552; x_wconf 88' lang='lat' dir='ltr'><strong>scilicet</strong></span> 
     </span>
    </p>
   </div>
   <div class='ocr_carea' id='block_1_69' title="bbox 202 3586 1783 3657">
    <p class='ocr_par' dir='ltr' id='par_1_69' title="bbox 202 3586 1783 3657">
     <span class='ocr_line' id='line_1_69' title="bbox 202 3586 1783 3657; baseline -0.001 -14"><span class='ocrx_word' id='word_1_496' title='bbox 202 3596 258 3643; x_wconf 91' lang='lat' dir='ltr'><strong>et</strong></span> <span class='ocrx_word' id='word_1_497' title='bbox 282 3588 582 3644; x_wconf 90' lang='lat' dir='ltr'><strong>hostiarum</strong></span> <span class='ocrx_word' id='word_1_498' title='bbox 610 3588 920 3657; x_wconf 87' lang='lat' dir='ltr'><strong>oblatione,</strong></span> <span class='ocrx_word' id='word_1_499' title='bbox 969 3589 1108 3644; x_wconf 90' lang='lat' dir='ltr'><strong>sicut</strong></span> <span class='ocrx_word' id='word_1_500' title='bbox 1153 3597 1278 3644; x_wconf 89' lang='lat' dir='ltr'><strong>ante</strong></span> <span class='ocrx_word' id='word_1_501' title='bbox 1314 3586 1783 3643; x_wconf 89' lang='lat' dir='ltr'><strong>circumcisionem</strong></span> 
     </span>
    </p>
   </div>
   <div class='ocr_carea' id='block_1_70' title="bbox 203 3677 1784 3749">
    <p class='ocr_par' dir='ltr' id='par_1_70' title="bbox 203 3677 1784 3749">
     <span class='ocr_line' id='line_1_70' title="bbox 203 3677 1784 3749; baseline 0.001 -17"><span class='ocrx_word' id='word_1_502' title='bbox 203 3679 307 3735; x_wconf 83' lang='lat' dir='ltr'><strong>viri</strong></span> <span class='ocrx_word' id='word_1_503' title='bbox 338 3680 511 3737; x_wconf 87' lang='lat' dir='ltr'><strong>sancti</strong></span> <span class='ocrx_word' id='word_1_504' title='bbox 541 3678 976 3737; x_wconf 67' lang='lat' dir='ltr'><strong>mandabantur</strong></span> <span class='ocrx_word' id='word_1_505' title='bbox 1026 3679 1210 3736; x_wconf 90' lang='lat' dir='ltr'><strong>unde:</strong></span> <span class='ocrx_word' id='word_1_506' title='bbox 1262 3698 1282 3732; x_wconf 74' lang='grc' dir='ltr'><strong>ι</strong></span> <span class='ocrx_word' id='word_1_507' title='bbox 1315 3677 1448 3735; x_wconf 87' lang='lat' dir='ltr'><strong>Fide</strong></span> <span class='ocrx_word' id='word_1_508' title='bbox 1491 3678 1784 3749; x_wconf 84' lang='lat' dir='ltr'><strong>puriﬁcans</strong></span> 
     </span>
    </p>
   </div>
   <div class='ocr_carea' id='block_1_71' title="bbox 205 3772 659 3831">
    <p class='ocr_par' dir='ltr' id='par_1_71' title="bbox 205 3772 659 3831">
     <span class='ocr_line' id='line_1_71' title="bbox 205 3772 659 3831; baseline 0 -2"><span class='ocrx_word' id='word_1_509' title='bbox 205 3772 369 3829; x_wconf 82' lang='lat' dir='ltr'><strong>corda</strong></span> <span class='ocrx_word' id='word_1_510' title='bbox 394 3787 603 3831; x_wconf 88' lang='lat' dir='ltr'><strong>eorum.</strong></span> <span class='ocrx_word' id='word_1_511' title='bbox 637 3791 659 3829; x_wconf 75' lang='grc' dir='ltr'><strong>ι</strong></span> 
     </span>
    </p>
   </div>
   <div class='ocr_carea' id='block_1_72' title="bbox 772 3903 1219 3967">
    <p class='ocr_par' dir='ltr' id='par_1_72' title="bbox 772 3903 1219 3967">
     <span class='ocr_line' id='line_1_72' title="bbox 772 3903 1219 3967; baseline -0.027 1"><span class='ocrx_word' id='word_1_512' title='bbox 772 3904 999 3967; x_wconf 73' lang='lat' dir='ltr'><strong>CAPUT</strong></span> <span class='ocrx_word' id='word_1_513' title='bbox 1039 3903 1219 3963; x_wconf 79' lang='lat' dir='ltr'><strong>XVlll.</strong></span> 
     </span>
    </p>
   </div>
   <div class='ocr_carea' id='block_1_73' title="bbox 282 4033 1784 4109">
    <p class='ocr_par' dir='ltr' id='par_1_73' title="bbox 282 4033 1784 4109">
     <span class='ocr_line' id='line_1_73' title="bbox 282 4033 1784 4109; baseline -0.003 -16"><span class='ocrx_word' id='word_1_514' title='bbox 282 4034 441 4094; x_wconf 67' lang='lat' dir='ltr'><strong>Vsus.</strong></span> <span class='ocrx_word' id='word_1_515' title='bbox 472 4037 526 4093; x_wconf 84' lang='lat' dir='ltr'><strong>l.</strong></span> <span class='ocrx_word' id='word_1_516' title='bbox 553 4065 626 4082; x_wconf 85' lang='lat'><strong>-—</strong></span> <span class='ocrx_word' id='word_1_517' title='bbox 656 4053 679 4090; x_wconf 71' lang='grc' dir='ltr'>ί</span> <span class='ocrx_word' id='word_1_518' title='bbox 703 4038 966 4109; x_wconf 82' lang='lat' dir='ltr'><strong>Apparuit</strong></span> <span class='ocrx_word' id='word_1_519' title='bbox 988 4045 1167 4092; x_wconf 89' lang='lat' dir='ltr'><strong>autem</strong></span> <span class='ocrx_word' id='word_1_520' title='bbox 1213 4034 1263 4091; x_wconf 90' lang='lat' dir='ltr'><strong>ei</strong></span> <span class='ocrx_word' id='word_1_521' title='bbox 1292 4033 1549 4091; x_wconf 89' lang='lat' dir='ltr'><strong>Dominus</strong></span> <span class='ocrx_word' id='word_1_522' title='bbox 1577 4033 1631 4088; x_wconf 87' lang='lat' dir='ltr'><strong>in</strong></span> <span class='ocrx_word' id='word_1_523' title='bbox 1655 4048 1784 4089; x_wconf 91' lang='lat' dir='ltr'><strong>con-</strong></span> 
     </span>
    </p>
   </div>
   <div class='ocr_carea' id='block_1_74' title="bbox 212 4125 1780 4204">
    <p class='ocr_par' dir='ltr' id='par_1_74' title="bbox 212 4125 1780 4204">
     <span class='ocr_line' id='line_1_74' title="bbox 212 4125 1780 4204; baseline -0.003 -19"><span class='ocrx_word' id='word_1_524' title='bbox 212 4150 232 4185; x_wconf 74' lang='grc' dir='ltr'><strong><em>ο</em></strong></span> <span class='ocrx_word' id='word_1_525' title='bbox 259 4129 399 4187; x_wconf 87' lang='lat' dir='ltr'><strong>valle</strong></span> <span class='ocrx_word' id='word_1_526' title='bbox 428 4128 685 4187; x_wconf 71' lang='lat' dir='ltr'><strong>Mambre.</strong></span> <span class='ocrx_word' id='word_1_527' title='bbox 718 4148 740 4184; x_wconf 75' lang='grc' dir='ltr'><strong>ι</strong></span> <span class='ocrx_word' id='word_1_528' title='bbox 772 4126 919 4204; x_wconf 78' lang='lat' dir='ltr'><strong>(Isrn.</strong></span> <span class='ocrx_word' id='word_1_529' title='bbox 945 4130 1002 4184; x_wconf 79' lang='lat' dir='ltr'><strong>in</strong></span> <span class='ocrx_word' id='word_1_530' title='bbox 1028 4125 1184 4200; x_wconf 82' lang='lat' dir='ltr'><strong>Gen.)</strong></span> <span class='ocrx_word' id='word_1_531' title='bbox 1215 4127 1486 4184; x_wconf 79' lang='lat' dir='ltr'><strong>Abraham</strong></span> <span class='ocrx_word' id='word_1_532' title='bbox 1515 4126 1780 4197; x_wconf 89' lang='lat' dir='ltr'><strong>triplicem</strong></span> 
     </span>
    </p>
   </div>
   <div class='ocr_carea' id='block_1_75' title="bbox 206 4219 1782 4297">
    <p class='ocr_par' dir='ltr' id='par_1_75' title="bbox 206 4219 1782 4297">
     <span class='ocr_line' id='line_1_75' title="bbox 206 4219 1782 4297; baseline -0.004 -16"><span class='ocrx_word' id='word_1_533' title='bbox 206 4224 437 4297; x_wconf 86' lang='lat' dir='ltr'><strong>ﬁguram</strong></span> <span class='ocrx_word' id='word_1_534' title='bbox 492 4223 669 4296; x_wconf 90' lang='lat' dir='ltr'><strong>gerit:</strong></span> <span class='ocrx_word' id='word_1_535' title='bbox 728 4222 961 4296; x_wconf 88' lang='lat' dir='ltr'><strong>primam</strong></span> <span class='ocrx_word' id='word_1_536' title='bbox 985 4263 1001 4289; x_wconf 93' lang='lat'><strong>,</strong></span> <span class='ocrx_word' id='word_1_537' title='bbox 1056 4220 1356 4278; x_wconf 87' lang='lat' dir='ltr'><strong>Salvatoris</strong></span> <span class='ocrx_word' id='word_1_538' title='bbox 1382 4261 1398 4289; x_wconf 89' lang='lat'><strong>,</strong></span> <span class='ocrx_word' id='word_1_539' title='bbox 1453 4220 1547 4291; x_wconf 76' lang='lat' dir='ltr'><strong>qui</strong></span> <span class='ocrx_word' id='word_1_540' title='bbox 1592 4219 1782 4276; x_wconf 83' lang='lat' dir='ltr'><strong>relicta</strong></span> 
     </span>
    </p>
   </div>
   <div class='ocr_carea' id='block_1_76' title="bbox 203 4310 1781 4389">
    <p class='ocr_par' dir='ltr' id='par_1_76' title="bbox 203 4310 1781 4389">
     <span class='ocr_line' id='line_1_76' title="bbox 203 4310 1781 4389; baseline -0.004 -18"><span class='ocrx_word' id='word_1_541' title='bbox 203 4315 528 4389; x_wconf 83' lang='lat' dir='ltr'><strong>cognatione</strong></span> <span class='ocrx_word' id='word_1_542' title='bbox 550 4315 697 4371; x_wconf 90' lang='lat' dir='ltr'><strong>venit</strong></span> <span class='ocrx_word' id='word_1_543' title='bbox 725 4315 781 4370; x_wconf 91' lang='lat' dir='ltr'><strong>in</strong></span> <span class='ocrx_word' id='word_1_544' title='bbox 806 4314 1105 4381; x_wconf 91' lang='lat' dir='ltr'><strong>mundum;</strong></span> <span class='ocrx_word' id='word_1_545' title='bbox 1140 4312 1386 4378; x_wconf 87' lang='lat' dir='ltr'><strong>alteram,</strong></span> <span class='ocrx_word' id='word_1_546' title='bbox 1426 4310 1623 4377; x_wconf 91' lang='lat' dir='ltr'><strong>Patris,</strong></span> <span class='ocrx_word' id='word_1_547' title='bbox 1655 4310 1781 4380; x_wconf 88' lang='lat' dir='ltr'><strong>quia</strong></span> 
     </span>
    </p>
   </div>
   <div class='ocr_carea' id='block_1_77' title="bbox 202 4402 1781 4477">
    <p class='ocr_par' dir='ltr' id='par_1_77' title="bbox 202 4402 1781 4477">
     <span class='ocr_line' id='line_1_77' title="bbox 202 4402 1781 4477; baseline -0.004 -13"><span class='ocrx_word' id='word_1_548' title='bbox 202 4406 403 4464; x_wconf 80' lang='lat' dir='ltr'><strong>Filium</strong></span> <span class='ocrx_word' id='word_1_549' title='bbox 430 4408 649 4465; x_wconf 90' lang='lat' dir='ltr'><strong>unicum</strong></span> <span class='ocrx_word' id='word_1_550' title='bbox 678 4407 975 4465; x_wconf 89' lang='lat' dir='ltr'><strong>immolavit</strong></span> <span class='ocrx_word' id='word_1_551' title='bbox 1001 4424 1017 4474; x_wconf 89' lang='lat'><strong>;</strong></span> <span class='ocrx_word' id='word_1_552' title='bbox 1047 4406 1261 4462; x_wconf 87' lang='lat' dir='ltr'><strong>tertiam</strong></span> <span class='ocrx_word' id='word_1_553' title='bbox 1289 4405 1431 4477; x_wconf 68' lang='lat' dir='ltr'><strong>(qua:</strong></span> <span class='ocrx_word' id='word_1_554' title='bbox 1460 4404 1514 4458; x_wconf 91' lang='lat' dir='ltr'><strong>in</strong></span> <span class='ocrx_word' id='word_1_555' title='bbox 1543 4404 1646 4459; x_wconf 90' lang='lat' dir='ltr'><strong>hoc</strong></span> <span class='ocrx_word' id='word_1_556' title='bbox 1662 4402 1781 4458; x_wconf 87' lang='lat' dir='ltr'><strong>loco</strong></span> 
     </span>
    </p>
   </div>
   <div class='ocr_carea' id='block_1_78' title="bbox 203 4494 1782 4575">
    <p class='ocr_par' dir='ltr' id='par_1_78' title="bbox 203 4494 1782 4575">
     <span class='ocr_line' id='line_1_78' title="bbox 203 4494 1782 4575; baseline -0.006 -18"><span class='ocrx_word' id='word_1_557' title='bbox 203 4500 475 4575; x_wconf 84' lang='lat' dir='ltr'><strong>apparet),</strong></span> <span class='ocrx_word' id='word_1_558' title='bbox 504 4510 814 4559; x_wconf 87' lang='lat' dir='ltr'><strong>sanctorum</strong></span> <span class='ocrx_word' id='word_1_559' title='bbox 840 4498 932 4570; x_wconf 90' lang='lat' dir='ltr'><strong>qui</strong></span> <span class='ocrx_word' id='word_1_560' title='bbox 958 4500 1247 4554; x_wconf 88' lang='lat' dir='ltr'><strong>adventum</strong></span> <span class='ocrx_word' id='word_1_561' title='bbox 1275 4494 1476 4554; x_wconf 82' lang='lat' dir='ltr'><strong>Christi</strong></span> <span class='ocrx_word' id='word_1_562' title='bbox 1501 4510 1623 4551; x_wconf 92' lang='lat' dir='ltr'><strong>cum</strong></span> <span class='ocrx_word' id='word_1_563' title='bbox 1649 4510 1782 4565; x_wconf 89' lang='lat' dir='ltr'><strong>gau-</strong></span> 
     </span>
    </p>
   </div>
   <div class='ocr_carea' id='block_1_79' title="bbox 202 4567 1858 4664">
    <p class='ocr_par' dir='ltr' id='par_1_79' title="bbox 202 4567 1858 4664">
     <span class='ocr_line' id='line_1_79' title="bbox 202 4567 1858 4664; baseline -0.005 -14"><span class='ocrx_word' id='word_1_564' title='bbox 202 4567 296 4651; x_wconf 76' lang='lat' dir='ltr'><strong>dio</strong></span> <span class='ocrx_word' id='word_1_565' title='bbox 327 4567 701 4664; x_wconf 78' lang='lat' dir='ltr'><strong>susceperunt.</strong></span> <span class='ocrx_word' id='word_1_566' title='bbox 764 4567 1192 4649; x_wconf 81' lang='lat' dir='ltr'><strong>Tabernaculum</strong></span> <span class='ocrx_word' id='word_1_567' title='bbox 1231 4591 1463 4646; x_wconf 67' lang='lat' dir='ltr'><strong>Abrahae</strong></span> <span class='ocrx_word' id='word_1_568' title='bbox 1516 4588 1776 4644; x_wconf 83' lang='lat' dir='ltr'><strong>Hierusa-</strong></span> <span class='ocrx_word' id='word_1_569' title='bbox 1804 4567 1858 4629; x_wconf 83' lang='grc' dir='ltr'>Ῑ)</span> 
     </span>
    </p>
   </div>
   <div class='ocr_carea' id='block_1_80' title="bbox 202 4679 1781 4758">
    <p class='ocr_par' dir='ltr' id='par_1_80' title="bbox 202 4679 1781 4758">
     <span class='ocr_line' id='line_1_80' title="bbox 202 4679 1781 4758; baseline -0.004 -17"><span class='ocrx_word' id='word_1_570' title='bbox 202 4687 311 4741; x_wconf 90' lang='lat' dir='ltr'><strong>lem</strong></span> <span class='ocrx_word' id='word_1_571' title='bbox 333 4684 622 4757; x_wconf 88' lang='lat' dir='ltr'><strong>signiﬁcat,</strong></span> <span class='ocrx_word' id='word_1_572' title='bbox 654 4685 744 4744; x_wconf 89' lang='lat' dir='ltr'><strong>ubi</strong></span> <span class='ocrx_word' id='word_1_573' title='bbox 772 4701 871 4758; x_wconf 92' lang='lat' dir='ltr'><strong>pro</strong></span> <span class='ocrx_word' id='word_1_574' title='bbox 896 4694 1135 4757; x_wconf 87' lang='lat' dir='ltr'><strong>tempore</strong></span> <span class='ocrx_word' id='word_1_575' title='bbox 1160 4684 1436 4756; x_wconf 72' lang='lat' dir='ltr'><strong>propheta:</strong></span> <span class='ocrx_word' id='word_1_576' title='bbox 1457 4692 1514 4739; x_wconf 91' lang='lat' dir='ltr'><strong>et</strong></span> <span class='ocrx_word' id='word_1_577' title='bbox 1553 4679 1781 4752; x_wconf 89' lang='lat' dir='ltr'><strong>apostoli</strong></span> 
     </span>
    </p>
   </div>
   <div class='ocr_carea' id='block_1_81' title="bbox 202 4777 1781 4849">
    <p class='ocr_par' dir='ltr' id='par_1_81' title="bbox 202 4777 1781 4849">
     <span class='ocr_line' id='line_1_81' title="bbox 202 4777 1781 4849; baseline -0.004 -12"><span class='ocrx_word' id='word_1_578' title='bbox 202 4781 612 4849; x_wconf 89' lang='lat' dir='ltr'><strong>habitaverunt,</strong></span> <span class='ocrx_word' id='word_1_579' title='bbox 664 4789 721 4836; x_wconf 91' lang='lat' dir='ltr'><strong>et</strong></span> <span class='ocrx_word' id='word_1_580' title='bbox 751 4780 1000 4837; x_wconf 88' lang='lat' dir='ltr'><strong>Christus</strong></span> <span class='ocrx_word' id='word_1_581' title='bbox 1044 4778 1338 4835; x_wconf 88' lang='lat' dir='ltr'><strong>adveniens</strong></span> <span class='ocrx_word' id='word_1_582' title='bbox 1377 4794 1408 4834; x_wconf 90' lang='lat' dir='ltr'><strong>a</strong></span> <span class='ocrx_word' id='word_1_583' title='bbox 1437 4777 1781 4834; x_wconf 86' lang='lat' dir='ltr'><strong>credentibus</strong></span> 
     </span>
    </p>
   </div>
   <div class='ocr_carea' id='block_1_82' title="bbox 200 4869 1605 4944">
    <p class='ocr_par' dir='ltr' id='par_1_82' title="bbox 200 4869 1605 4944">
     <span class='ocr_line' id='line_1_82' title="bbox 200 4869 1605 4944; baseline -0.006 -14"><span class='ocrx_word' id='word_1_584' title='bbox 200 4879 483 4944; x_wconf 81' lang='lat' dir='ltr'><strong>exceptus,</strong></span> <span class='ocrx_word' id='word_1_585' title='bbox 511 4870 581 4927; x_wconf 89' lang='lat' dir='ltr'><strong>ab</strong></span> <span class='ocrx_word' id='word_1_586' title='bbox 614 4870 905 4928; x_wconf 88' lang='lat' dir='ltr'><strong>incredulis</strong></span> <span class='ocrx_word' id='word_1_587' title='bbox 927 4872 982 4925; x_wconf 90' lang='lat' dir='ltr'><strong>in</strong></span> <span class='ocrx_word' id='word_1_588' title='bbox 1017 4869 1161 4941; x_wconf 89' lang='lat' dir='ltr'><strong>ligno</strong></span> <span class='ocrx_word' id='word_1_589' title='bbox 1187 4883 1478 4940; x_wconf 88' lang='lat' dir='ltr'><strong>suspensus</strong></span> <span class='ocrx_word' id='word_1_590' title='bbox 1504 4876 1605 4925; x_wconf 89' lang='lat' dir='ltr'><strong>est.</strong></span> 
     </span>
    </p>
   </div>
   <div class='ocr_carea' id='block_1_83' title="bbox 214 4957 1782 5035">
    <p class='ocr_par' dir='ltr' id='par_1_83' title="bbox 214 4957 1782 5035">
     <span class='ocr_line' id='line_1_83' title="bbox 214 4957 1782 5035; baseline -0.006 -14"><span class='ocrx_word' id='word_1_591' title='bbox 214 5000 227 5011; x_wconf 71' lang='grc' dir='ltr'><strong>ι</strong></span> <span class='ocrx_word' id='word_1_592' title='bbox 272 4965 441 5021; x_wconf 72' lang='lat' dir='ltr'><strong>Vsus.</strong></span> <span class='ocrx_word' id='word_1_593' title='bbox 478 4963 535 5035; x_wconf 74' lang='lat'><strong>2,</strong></span> <span class='ocrx_word' id='word_1_594' title='bbox 584 4964 639 5020; x_wconf 80' lang='lat'><strong>3.</strong></span> <span class='ocrx_word' id='word_1_595' title='bbox 669 4994 741 5005; x_wconf 91' lang='lat'><strong><em>—</em></strong></span> <span class='ocrx_word' id='word_1_596' title='bbox 779 4982 799 5016; x_wconf 76' lang='grc' dir='ltr'><strong>ι</strong></span> <span class='ocrx_word' id='word_1_597' title='bbox 846 4962 980 5019; x_wconf 90' lang='lat' dir='ltr'><strong>Tres</strong></span> <span class='ocrx_word' id='word_1_598' title='bbox 1012 4962 1135 5018; x_wconf 88' lang='lat' dir='ltr'><strong>viri.</strong></span> <span class='ocrx_word' id='word_1_599' title='bbox 1168 4979 1189 5013; x_wconf 74' lang='grc' dir='ltr'><strong>ι</strong></span> <span class='ocrx_word' id='word_1_600' title='bbox 1249 4959 1381 5016; x_wconf 87' lang='lat' dir='ltr'><strong>Tres</strong></span> <span class='ocrx_word' id='word_1_601' title='bbox 1429 4960 1529 5014; x_wconf 89' lang='lat' dir='ltr'><strong>viri</strong></span> <span class='ocrx_word' id='word_1_602' title='bbox 1579 4957 1782 5014; x_wconf 88' lang='lat' dir='ltr'><strong>Christi</strong></span> 
     </span>
    </p>
   </div>
   <div class='ocr_carea' id='block_1_84' title="bbox 199 5049 1775 5131">
    <p class='ocr_par' dir='ltr' id='par_1_84' title="bbox 199 5049 1775 5131">
     <span class='ocr_line' id='line_1_84' title="bbox 199 5049 1775 5131; baseline -0.004 -21"><span class='ocrx_word' id='word_1_603' title='bbox 199 5053 557 5131; x_wconf 76' lang='lat' dir='ltr'><strong>pronuntiant</strong></span> <span class='ocrx_word' id='word_1_604' title='bbox 587 5053 896 5120; x_wconf 89' lang='lat' dir='ltr'><strong>adventum,</strong></span> <span class='ocrx_word' id='word_1_605' title='bbox 954 5067 1114 5123; x_wconf 90' lang='lat' dir='ltr'><strong>quem</strong></span> <span class='ocrx_word' id='word_1_606' title='bbox 1149 5052 1254 5107; x_wconf 90' lang='lat' dir='ltr'><strong>duo</strong></span> <span class='ocrx_word' id='word_1_607' title='bbox 1290 5050 1464 5121; x_wconf 88' lang='lat' dir='ltr'><strong>angeli</strong></span> <span class='ocrx_word' id='word_1_608' title='bbox 1510 5049 1775 5106; x_wconf 87' lang='lat' dir='ltr'><strong>comitan-</strong></span> 
     </span>
    </p>
   </div>
   <div class='ocr_carea' id='block_1_85' title="bbox 201 5141 1777 5216">
    <p class='ocr_par' dir='ltr' id='par_1_85' title="bbox 201 5141 1777 5216">
     <span class='ocr_line' id='line_1_85' title="bbox 201 5141 1777 5216; baseline -0.002 -16"><span class='ocrx_word' id='word_1_609' title='bbox 201 5152 313 5212; x_wconf 88' lang='lat' dir='ltr'><strong>tur,</strong></span> <span class='ocrx_word' id='word_1_610' title='bbox 343 5142 521 5202; x_wconf 77' lang='lat' dir='ltr'><strong>Moses</strong></span> <span class='ocrx_word' id='word_1_611' title='bbox 549 5146 839 5202; x_wconf 90' lang='lat' dir='ltr'><strong>secundum</strong></span> <span class='ocrx_word' id='word_1_612' title='bbox 869 5145 1149 5216; x_wconf 88' lang='lat' dir='ltr'><strong>quosdam,</strong></span> <span class='ocrx_word' id='word_1_613' title='bbox 1198 5152 1255 5200; x_wconf 91' lang='lat' dir='ltr'><strong>et</strong></span> <span class='ocrx_word' id='word_1_614' title='bbox 1288 5142 1472 5210; x_wconf 83' lang='lat' dir='ltr'><strong>Elias;</strong></span> <span class='ocrx_word' id='word_1_615' title='bbox 1524 5156 1664 5198; x_wconf 87' lang='lat' dir='ltr'><strong>unus</strong></span> <span class='ocrx_word' id='word_1_616' title='bbox 1697 5141 1777 5197; x_wconf 92' lang='lat' dir='ltr'><strong>le-</strong></span> 
     </span>
    </p>
   </div>
   <div class='ocr_carea' id='block_1_86' title="bbox 198 5234 1774 5310">
    <p class='ocr_par' dir='ltr' id='par_1_86' title="bbox 198 5234 1774 5310">
     <span class='ocr_line' id='line_1_86' title="bbox 198 5234 1774 5310; baseline -0.002 -19"><span class='ocrx_word' id='word_1_617' title='bbox 198 5236 448 5310; x_wconf 88' lang='lat' dir='ltr'><strong>gislator,</strong></span> <span class='ocrx_word' id='word_1_618' title='bbox 503 5238 595 5308; x_wconf 84' lang='lat' dir='ltr'><strong>qui</strong></span> <span class='ocrx_word' id='word_1_619' title='bbox 644 5236 698 5292; x_wconf 91' lang='lat' dir='ltr'><strong>in</strong></span> <span class='ocrx_word' id='word_1_620' title='bbox 744 5237 862 5308; x_wconf 90' lang='lat' dir='ltr'><strong>lege</strong></span> <span class='ocrx_word' id='word_1_621' title='bbox 895 5239 1183 5293; x_wconf 89' lang='lat' dir='ltr'><strong>adventum</strong></span> <span class='ocrx_word' id='word_1_622' title='bbox 1213 5236 1426 5292; x_wconf 92' lang='lat' dir='ltr'><strong>Domini</strong></span> <span class='ocrx_word' id='word_1_623' title='bbox 1473 5234 1774 5291; x_wconf 80' lang='lat' dir='ltr'><strong>indicavit:</strong></span> 
     </span>
    </p>
   </div>
   <div class='ocr_carea' id='block_1_87' title="bbox 199 5326 1777 5399">
    <p class='ocr_par' dir='ltr' id='par_1_87' title="bbox 199 5326 1777 5399">
     <span class='ocr_line' id='line_1_87' title="bbox 199 5326 1777 5399; baseline 0 -18"><span class='ocrx_word' id='word_1_624' title='bbox 199 5327 361 5391; x_wconf 84' lang='lat' dir='ltr'><strong>alter,</strong></span> <span class='ocrx_word' id='word_1_625' title='bbox 388 5327 482 5399; x_wconf 89' lang='lat' dir='ltr'><strong>qui</strong></span> <span class='ocrx_word' id='word_1_626' title='bbox 510 5329 565 5383; x_wconf 91' lang='lat' dir='ltr'><strong>in</strong></span> <span class='ocrx_word' id='word_1_627' title='bbox 593 5326 698 5384; x_wconf 91' lang='lat' dir='ltr'><strong>ﬁne</strong></span> <span class='ocrx_word' id='word_1_628' title='bbox 725 5338 986 5384; x_wconf 89' lang='lat' dir='ltr'><strong>venturus</strong></span> <span class='ocrx_word' id='word_1_629' title='bbox 1009 5337 1122 5395; x_wconf 90' lang='lat' dir='ltr'><strong>est,</strong></span> <span class='ocrx_word' id='word_1_630' title='bbox 1168 5328 1464 5384; x_wconf 89' lang='lat' dir='ltr'><strong>secundum</strong></span> <span class='ocrx_word' id='word_1_631' title='bbox 1488 5326 1777 5382; x_wconf 89' lang='lat' dir='ltr'><strong>adventum</strong></span> 
     </span>
    </p>
   </div>
   <div class='ocr_carea' id='block_1_88' title="bbox 197 5418 1779 5493">
    <p class='ocr_par' dir='ltr' id='par_1_88' title="bbox 197 5418 1779 5493">
     <span class='ocr_line' id='line_1_88' title="bbox 197 5418 1779 5493; baseline 0 -18"><span class='ocrx_word' id='word_1_632' title='bbox 197 5418 405 5475; x_wconf 89' lang='lat' dir='ltr'><strong>Christi</strong></span> <span class='ocrx_word' id='word_1_633' title='bbox 432 5419 799 5487; x_wconf 89' lang='lat' dir='ltr'><strong>nuntiaturus,</strong></span> <span class='ocrx_word' id='word_1_634' title='bbox 846 5428 902 5477; x_wconf 90' lang='grc' dir='ltr'><strong>ει</strong></span> <span class='ocrx_word' id='word_1_635' title='bbox 925 5420 1275 5493; x_wconf 86' lang='lat' dir='ltr'><strong>Evangciium</strong></span> <span class='ocrx_word' id='word_1_636' title='bbox 1303 5419 1421 5490; x_wconf 84' lang='lat' dir='ltr'><strong>ejus</strong></span> <span class='ocrx_word' id='word_1_637' title='bbox 1456 5420 1779 5491; x_wconf 69' lang='lat' dir='ltr'><strong>prmdicatu-</strong></span> 
     </span>
    </p>
   </div>
   <div class='ocr_carea' id='block_1_89' title="bbox 197 5510 1779 5584">
    <p class='ocr_par' dir='ltr' id='par_1_89' title="bbox 197 5510 1779 5584">
     <span class='ocr_line' id='line_1_89' title="bbox 197 5510 1779 5584; baseline 0.002 -16"><span class='ocrx_word' id='word_1_638' title='bbox 197 5527 317 5568; x_wconf 79' lang='lat' dir='ltr'><strong>rus.</strong></span> <span class='ocrx_word' id='word_1_639' title='bbox 369 5510 526 5570; x_wconf 77' lang='lat' dir='ltr'><strong>[inde</strong></span> <span class='ocrx_word' id='word_1_640' title='bbox 554 5514 937 5584; x_wconf 87' lang='lat' dir='ltr'><strong>transﬁgurato</strong></span> <span class='ocrx_word' id='word_1_641' title='bbox 979 5514 1206 5571; x_wconf 90' lang='lat' dir='ltr'><strong>Domino</strong></span> <span class='ocrx_word' id='word_1_642' title='bbox 1245 5516 1299 5570; x_wconf 93' lang='lat' dir='ltr'><strong>in</strong></span> <span class='ocrx_word' id='word_1_643' title='bbox 1335 5523 1517 5570; x_wconf 90' lang='lat' dir='ltr'><strong>monte</strong></span> <span class='ocrx_word' id='word_1_644' title='bbox 1545 5529 1668 5570; x_wconf 90' lang='lat' dir='ltr'><strong>cum</strong></span> <span class='ocrx_word' id='word_1_645' title='bbox 1712 5529 1779 5571; x_wconf 84' lang='lat' dir='ltr'><strong>eo</strong></span> 
     </span>
    </p>
   </div>
   <div class='ocr_carea' id='block_1_90' title="bbox 201 5603 1780 5672">
    <p class='ocr_par' dir='ltr' id='par_1_90' title="bbox 201 5603 1780 5672">
     <span class='ocr_line' id='line_1_90' title="bbox 201 5603 1780 5672; baseline 0 -11"><span class='ocrx_word' id='word_1_646' title='bbox 201 5604 472 5661; x_wconf 86' lang='lat' dir='ltr'><strong>videntur.</strong></span> <span class='ocrx_word' id='word_1_647' title='bbox 519 5624 540 5657; x_wconf 74' lang='grc' dir='ltr'><strong>σ</strong></span> <span class='ocrx_word' id='word_1_648' title='bbox 573 5603 710 5660; x_wconf 88' lang='lat' dir='ltr'><strong>Tres</strong></span> <span class='ocrx_word' id='word_1_649' title='bbox 736 5604 891 5672; x_wconf 89' lang='lat' dir='ltr'><strong>vidit,</strong></span> <span class='ocrx_word' id='word_1_650' title='bbox 936 5614 993 5662; x_wconf 90' lang='lat' dir='ltr'><strong>et</strong></span> <span class='ocrx_word' id='word_1_651' title='bbox 1019 5622 1184 5662; x_wconf 91' lang='lat' dir='ltr'><strong>unum</strong></span> <span class='ocrx_word' id='word_1_652' title='bbox 1227 5607 1491 5672; x_wconf 89' lang='lat' dir='ltr'><strong>adoravit,</strong></span> <span class='ocrx_word' id='word_1_653' title='bbox 1530 5627 1546 5658; x_wconf 77' lang='grc' dir='ltr'><strong>ι</strong></span> <span class='ocrx_word' id='word_1_654' title='bbox 1591 5606 1780 5661; x_wconf 86' lang='lat' dir='ltr'><strong>Salva-</strong></span> 
     </span>
    </p>
   </div>
   <div class='ocr_carea' id='block_1_91' title="bbox 201 5695 1779 5767">
    <p class='ocr_par' dir='ltr' id='par_1_91' title="bbox 201 5695 1779 5767">
     <span class='ocr_line' id='line_1_91' title="bbox 201 5695 1779 5767; baseline -0.001 -15"><span class='ocrx_word' id='word_1_655' title='bbox 201 5706 377 5753; x_wconf 89' lang='lat' dir='ltr'><strong>torem</strong></span> <span class='ocrx_word' id='word_1_656' title='bbox 405 5695 615 5752; x_wconf 85' lang='lat' dir='ltr'><strong>scilicet</strong></span> <span class='ocrx_word' id='word_1_657' title='bbox 640 5697 960 5762; x_wconf 89' lang='lat' dir='ltr'><strong>ostendens,</strong></span> <span class='ocrx_word' id='word_1_658' title='bbox 1003 5697 1157 5767; x_wconf 87' lang='lat' dir='ltr'><strong>cujus</strong></span> <span class='ocrx_word' id='word_1_659' title='bbox 1180 5698 1470 5752; x_wconf 87' lang='lat' dir='ltr'><strong>adventum</strong></span> <span class='ocrx_word' id='word_1_660' title='bbox 1497 5695 1779 5767; x_wconf 72' lang='lat' dir='ltr'><strong>praestola-</strong></span> 
     </span>
    </p>
   </div>
   <div class='ocr_carea' id='block_1_92' title="bbox 200 5784 1777 5862">
    <p class='ocr_par' dir='ltr' id='par_1_92' title="bbox 200 5784 1777 5862">
     <span class='ocr_line' id='line_1_92' title="bbox 200 5784 1777 5862; baseline -0.003 -15"><span class='ocrx_word' id='word_1_661' title='bbox 200 5784 386 5847; x_wconf 81' lang='lat' dir='ltr'><strong>batur.</strong></span> <span class='ocrx_word' id='word_1_662' title='bbox 439 5784 631 5845; x_wconf 83' lang='lat' dir='ltr'><strong>Unde:</strong></span> <span class='ocrx_word' id='word_1_663' title='bbox 670 5804 691 5839; x_wconf 76' lang='grc' dir='ltr'><strong>ι</strong></span> <span class='ocrx_word' id='word_1_664' title='bbox 726 5784 999 5844; x_wconf 84' lang='lat' dir='ltr'><strong>Abraham</strong></span> <span class='ocrx_word' id='word_1_665' title='bbox 1024 5786 1162 5844; x_wconf 88' lang='lat' dir='ltr'><strong>vidit</strong></span> <span class='ocrx_word' id='word_1_666' title='bbox 1203 5787 1346 5844; x_wconf 88' lang='lat' dir='ltr'><strong>diem</strong></span> <span class='ocrx_word' id='word_1_667' title='bbox 1388 5801 1570 5844; x_wconf 89' lang='lat' dir='ltr'><strong>meum</strong></span> <span class='ocrx_word' id='word_1_668' title='bbox 1603 5795 1658 5843; x_wconf 89' lang='lat' dir='ltr'><strong>et</strong></span> <span class='ocrx_word' id='word_1_669' title='bbox 1686 5802 1777 5862; x_wconf 86' lang='lat' dir='ltr'><strong>ga-</strong></span> 
     </span>
    </p>
   </div>
   <div class='ocr_carea' id='block_1_93' title="bbox 1690 5950 1867 5971">
    <p class='ocr_par' dir='ltr' id='par_1_93' title="bbox 1690 5950 1867 5971">
     <span class='ocr_line' id='line_1_93' title="bbox 1690 5950 1867 5971; baseline -0.023 0"><span class='ocrx_word' id='word_1_670' title='bbox 1690 5968 1693 5971; x_wconf 98' lang='lat'><strong>.</strong></span> <span class='ocrx_word' id='word_1_671' title='bbox 1774 5950 1822 5969; x_wconf 53' lang='lat'><strong>+4</strong></span> <span class='ocrx_word' id='word_1_672' title='bbox 1840 5952 1867 5967; x_wconf 63' lang='grc' dir='ltr'>ν</span> 
     </span>
    </p>
   </div>
   <div class='ocr_carea' id='block_1_94' title="bbox 1959 3314 3473 3394">
    <p class='ocr_par' dir='ltr' id='par_1_94' title="bbox 1959 3314 3473 3394">
     <span class='ocr_line' id='line_1_94' title="bbox 1959 3314 3473 3394; baseline -0.004 -16"><span class='ocrx_word' id='word_1_673' title='bbox 1959 3319 2411 3394; x_wconf 67' lang='grc' dir='ltr'><strong>(8τιιω.)5εηιιιη</strong></span> <span class='ocrx_word' id='word_1_674' title='bbox 2435 3334 2603 3392; x_wconf 85' lang='lat' dir='ltr'><strong>genus</strong></span> <span class='ocrx_word' id='word_1_675' title='bbox 2630 3327 2713 3377; x_wconf 89' lang='lat' dir='ltr'><strong>est</strong></span> <span class='ocrx_word' id='word_1_676' title='bbox 2742 3331 3029 3376; x_wconf 69' lang='lat' dir='ltr'><strong>mensum.</strong></span> <span class='ocrx_word' id='word_1_677' title='bbox 3064 3314 3190 3373; x_wconf 84' lang='lat' dir='ltr'><strong>Tria</strong></span> <span class='ocrx_word' id='word_1_678' title='bbox 3218 3322 3335 3373; x_wconf 89' lang='lat' dir='ltr'><strong>sata</strong></span> <span class='ocrx_word' id='word_1_679' title='bbox 3360 3322 3473 3372; x_wconf 86' lang='lat' dir='ltr'><strong>tres</strong></span> 
     </span>
    </p>
   </div>
   <div class='ocr_carea' id='block_1_95' title="bbox 1886 3406 3472 3482">
    <p class='ocr_par' dir='ltr' id='par_1_95' title="bbox 1886 3406 3472 3482">
     <span class='ocr_line' id='line_1_95' title="bbox 1886 3406 3472 3482; baseline -0.004 -14"><span class='ocrx_word' id='word_1_680' title='bbox 1886 3413 2027 3469; x_wconf 87' lang='lat' dir='ltr'><strong>ﬁlios</strong></span> <span class='ocrx_word' id='word_1_681' title='bbox 2060 3412 2173 3469; x_wconf 84' lang='lat' dir='ltr'><strong>Noe</strong></span> <span class='ocrx_word' id='word_1_682' title='bbox 2202 3413 2534 3481; x_wconf 82' lang='lat' dir='ltr'><strong>signiﬁcant,</strong></span> <span class='ocrx_word' id='word_1_683' title='bbox 2565 3428 2630 3467; x_wconf 80' lang='lat' dir='ltr'><strong>ex</strong></span> <span class='ocrx_word' id='word_1_684' title='bbox 2671 3411 2868 3482; x_wconf 90' lang='lat' dir='ltr'><strong>quibus</strong></span> <span class='ocrx_word' id='word_1_685' title='bbox 2898 3423 3063 3466; x_wconf 91' lang='lat' dir='ltr'><strong>omne</strong></span> <span class='ocrx_word' id='word_1_686' title='bbox 3102 3422 3271 3481; x_wconf 88' lang='lat' dir='ltr'><strong>genus</strong></span> <span class='ocrx_word' id='word_1_687' title='bbox 3298 3406 3472 3462; x_wconf 83' lang='lat' dir='ltr'><strong>homi-</strong></span> 
     </span>
    </p>
   </div>
   <div class='ocr_carea' id='block_1_96' title="bbox 1886 3495 3468 3573">
    <p class='ocr_par' dir='ltr' id='par_1_96' title="bbox 1886 3495 3468 3573">
     <span class='ocr_line' id='line_1_96' title="bbox 1886 3495 3468 3573; baseline -0.006 -13"><span class='ocrx_word' id='word_1_688' title='bbox 1886 3521 2014 3560; x_wconf 90' lang='lat' dir='ltr'><strong>num</strong></span> <span class='ocrx_word' id='word_1_689' title='bbox 2059 3503 2471 3560; x_wconf 90' lang='lat' dir='ltr'><strong>disseminatum</strong></span> <span class='ocrx_word' id='word_1_690' title='bbox 2499 3510 2600 3557; x_wconf 90' lang='lat' dir='ltr'><strong>est.</strong></span> <span class='ocrx_word' id='word_1_691' title='bbox 2648 3500 2998 3573; x_wconf 86' lang='lat' dir='ltr'><strong>Signiﬁcatur</strong></span> <span class='ocrx_word' id='word_1_692' title='bbox 3043 3510 3173 3569; x_wconf 89' lang='lat' dir='ltr'><strong>ergo</strong></span> <span class='ocrx_word' id='word_1_693' title='bbox 3206 3495 3468 3563; x_wconf 77' lang='lat' dir='ltr'><strong>Ecclesia,</strong></span> 
     </span>
    </p>
   </div>
   <div class='ocr_carea' id='block_1_97' title="bbox 1884 3587 3474 3666">
    <p class='ocr_par' dir='ltr' id='par_1_97' title="bbox 1884 3587 3474 3666">
     <span class='ocr_line' id='line_1_97' title="bbox 1884 3587 3474 3666; baseline -0.004 -16"><span class='ocrx_word' id='word_1_694' title='bbox 1884 3596 1971 3650; x_wconf 89' lang='lat' dir='ltr'><strong>vel</strong></span> <span class='ocrx_word' id='word_1_695' title='bbox 1999 3594 2310 3666; x_wconf 87' lang='lat' dir='ltr'><strong>evangelica</strong></span> <span class='ocrx_word' id='word_1_696' title='bbox 2341 3593 2592 3649; x_wconf 85' lang='lat' dir='ltr'><strong>doctrina</strong></span> <span class='ocrx_word' id='word_1_697' title='bbox 2640 3606 2739 3661; x_wconf 89' lang='lat' dir='ltr'><strong>per</strong></span> <span class='ocrx_word' id='word_1_698' title='bbox 2770 3596 2951 3648; x_wconf 84' lang='lat' dir='ltr'><strong>totum</strong></span> <span class='ocrx_word' id='word_1_699' title='bbox 2998 3588 3259 3645; x_wconf 85' lang='lat' dir='ltr'><strong>mundum</strong></span> <span class='ocrx_word' id='word_1_700' title='bbox 3299 3587 3474 3644; x_wconf 88' lang='lat' dir='ltr'><strong>disse-</strong></span> 
     </span>
    </p>
   </div>
   <div class='ocr_carea' id='block_1_98' title="bbox 1884 3680 3470 3758">
    <p class='ocr_par' dir='ltr' id='par_1_98' title="bbox 1884 3680 3470 3758">
     <span class='ocr_line' id='line_1_98' title="bbox 1884 3680 3470 3758; baseline -0.004 -13"><span class='ocrx_word' id='word_1_701' title='bbox 1884 3690 2159 3756; x_wconf 89' lang='lat' dir='ltr'><strong>minanda,</strong></span> <span class='ocrx_word' id='word_1_702' title='bbox 2195 3697 2251 3744; x_wconf 92' lang='lat' dir='ltr'><strong>et</strong></span> <span class='ocrx_word' id='word_1_703' title='bbox 2281 3688 2333 3743; x_wconf 91' lang='lat' dir='ltr'><strong>in</strong></span> <span class='ocrx_word' id='word_1_704' title='bbox 2366 3687 2538 3743; x_wconf 91' lang='lat' dir='ltr'><strong>tribus</strong></span> <span class='ocrx_word' id='word_1_705' title='bbox 2573 3685 2757 3741; x_wconf 93' lang='lat' dir='ltr'><strong>mundi</strong></span> <span class='ocrx_word' id='word_1_706' title='bbox 2790 3684 3061 3758; x_wconf 88' lang='lat' dir='ltr'><strong>partibus,</strong></span> <span class='ocrx_word' id='word_1_707' title='bbox 3091 3682 3244 3750; x_wconf 83' lang='lat' dir='ltr'><strong>Asia,</strong></span> <span class='ocrx_word' id='word_1_708' title='bbox 3283 3680 3470 3739; x_wconf 76' lang='lat' dir='ltr'><strong>Africa</strong></span> 
     </span>
    </p>
   </div>
   <div class='ocr_carea' id='block_1_99' title="bbox 1885 3777 2659 3850">
    <p class='ocr_par' dir='ltr' id='par_1_99' title="bbox 1885 3777 2659 3850">
     <span class='ocr_line' id='line_1_99' title="bbox 1885 3777 2659 3850; baseline -0.006 -15"><span class='ocrx_word' id='word_1_709' title='bbox 1885 3787 1933 3836; x_wconf 89' lang='lat' dir='ltr'><strong>et</strong></span> <span class='ocrx_word' id='word_1_710' title='bbox 1956 3780 2190 3850; x_wconf 89' lang='lat' dir='ltr'><strong>Europa,</strong></span> <span class='ocrx_word' id='word_1_711' title='bbox 2230 3777 2659 3850; x_wconf 89' lang='lat' dir='ltr'><strong>multiplicanda.</strong></span> 
     </span>
    </p>
   </div>
   <div class='ocr_carea' id='block_1_100' title="bbox 1959 3864 3468 3942">
    <p class='ocr_par' dir='ltr' id='par_1_100' title="bbox 1959 3864 3468 3942">
     <span class='ocr_line' id='line_1_100' title="bbox 1959 3864 3468 3942; baseline -0.005 -14"><span class='ocrx_word' id='word_1_712' title='bbox 1959 3893 1980 3928; x_wconf 76' lang='grc' dir='ltr'><strong>ι</strong></span> <span class='ocrx_word' id='word_1_713' title='bbox 2012 3872 2140 3930; x_wconf 90' lang='lat' dir='ltr'><strong>Tria</strong></span> <span class='ocrx_word' id='word_1_714' title='bbox 2167 3882 2305 3941; x_wconf 88' lang='lat' dir='ltr'><strong>sata,</strong></span> <span class='ocrx_word' id='word_1_715' title='bbox 2344 3892 2362 3924; x_wconf 77' lang='grc' dir='ltr'><strong>ι</strong></span> <span class='ocrx_word' id='word_1_716' title='bbox 2395 3872 2460 3927; x_wconf 92' lang='lat' dir='ltr'><strong>de</strong></span> <span class='ocrx_word' id='word_1_717' title='bbox 2484 3869 2681 3942; x_wconf 89' lang='lat' dir='ltr'><strong>quibus</strong></span> <span class='ocrx_word' id='word_1_718' title='bbox 2718 3866 2853 3924; x_wconf 87' lang='lat' dir='ltr'><strong>Sara</strong></span> <span class='ocrx_word' id='word_1_719' title='bbox 2883 3864 3271 3924; x_wconf 88' lang='lat' dir='ltr'><strong>subcinericios</strong></span> <span class='ocrx_word' id='word_1_720' title='bbox 3296 3878 3468 3937; x_wconf 86' lang='lat' dir='ltr'><strong>panes</strong></span> 
     </span>
    </p>
   </div>
   <div class='ocr_carea' id='block_1_101' title="bbox 1885 3956 3471 4037">
    <p class='ocr_par' dir='ltr' id='par_1_101' title="bbox 1885 3956 3471 4037">
     <span class='ocr_line' id='line_1_101' title="bbox 1885 3956 3471 4037; baseline -0.006 -13"><span class='ocrx_word' id='word_1_721' title='bbox 1885 3956 2037 4035; x_wconf 72' lang='lat' dir='ltr'><strong>facit,</strong></span> <span class='ocrx_word' id='word_1_722' title='bbox 2070 3976 2181 4023; x_wconf 89' lang='lat' dir='ltr'><strong>tres</strong></span> <span class='ocrx_word' id='word_1_723' title='bbox 2210 3966 2348 4022; x_wconf 88' lang='lat' dir='ltr'><strong>ﬁlios</strong></span> <span class='ocrx_word' id='word_1_724' title='bbox 2389 3963 2696 4037; x_wconf 89' lang='lat' dir='ltr'><strong>signiﬁcant</strong></span> <span class='ocrx_word' id='word_1_725' title='bbox 2721 3962 2859 4030; x_wconf 78' lang='lat' dir='ltr'><strong>Noe,</strong></span> <span class='ocrx_word' id='word_1_726' title='bbox 2889 3977 2957 4018; x_wconf 84' lang='lat' dir='ltr'><strong>ex</strong></span> <span class='ocrx_word' id='word_1_727' title='bbox 2980 3961 3178 4033; x_wconf 88' lang='lat' dir='ltr'><strong>quibus</strong></span> <span class='ocrx_word' id='word_1_728' title='bbox 3199 3971 3359 4016; x_wconf 89' lang='lat' dir='ltr'><strong>omne</strong></span> <span class='ocrx_word' id='word_1_729' title='bbox 3378 3974 3471 4031; x_wconf 87' lang='lat' dir='ltr'><strong>ge-</strong></span> 
     </span>
    </p>
   </div>
   <div class='ocr_carea' id='block_1_102' title="bbox 1884 4052 3472 4128">
    <p class='ocr_par' dir='ltr' id='par_1_102' title="bbox 1884 4052 3472 4128">
     <span class='ocr_line' id='line_1_102' title="bbox 1884 4052 3472 4128; baseline -0.006 -11"><span class='ocrx_word' id='word_1_730' title='bbox 1884 4078 1985 4118; x_wconf 89' lang='lat' dir='ltr'><strong>nus</strong></span> <span class='ocrx_word' id='word_1_731' title='bbox 2018 4061 2297 4117; x_wconf 88' lang='lat' dir='ltr'><strong>hominum</strong></span> <span class='ocrx_word' id='word_1_732' title='bbox 2329 4067 2515 4114; x_wconf 89' lang='lat' dir='ltr'><strong>natum</strong></span> <span class='ocrx_word' id='word_1_733' title='bbox 2546 4065 2667 4114; x_wconf 91' lang='lat' dir='ltr'><strong>est:</strong></span> <span class='ocrx_word' id='word_1_734' title='bbox 2714 4056 2804 4128; x_wconf 84' lang='lat' dir='ltr'><strong>qui</strong></span> <span class='ocrx_word' id='word_1_735' title='bbox 2845 4054 3040 4112; x_wconf 67' lang='lat' dir='ltr'><strong>divinae</strong></span> <span class='ocrx_word' id='word_1_736' title='bbox 3064 4052 3317 4110; x_wconf 88' lang='lat' dir='ltr'><strong>Trinitati</strong></span> <span class='ocrx_word' id='word_1_737' title='bbox 3355 4065 3472 4108; x_wconf 90' lang='lat' dir='ltr'><strong>cre-</strong></span> 
     </span>
    </p>
   </div>
   <div class='ocr_carea' id='block_1_103' title="bbox 1884 4144 3461 4224">
    <p class='ocr_par' dir='ltr' id='par_1_103' title="bbox 1884 4144 3461 4224">
     <span class='ocr_line' id='line_1_103' title="bbox 1884 4144 3461 4224; baseline -0.007 -12"><span class='ocrx_word' id='word_1_738' title='bbox 1884 4156 2072 4212; x_wconf 90' lang='lat' dir='ltr'><strong>dentes</strong></span> <span class='ocrx_word' id='word_1_739' title='bbox 2102 4168 2240 4224; x_wconf 91' lang='lat' dir='ltr'><strong>aqua</strong></span> <span class='ocrx_word' id='word_1_740' title='bbox 2267 4151 2608 4223; x_wconf 89' lang='lat' dir='ltr'><strong>baptismatis</strong></span> <span class='ocrx_word' id='word_1_741' title='bbox 2648 4165 2748 4222; x_wconf 89' lang='lat' dir='ltr'><strong>per</strong></span> <span class='ocrx_word' id='word_1_742' title='bbox 2791 4148 3007 4216; x_wconf 88' lang='lat' dir='ltr'><strong>Saram,</strong></span> <span class='ocrx_word' id='word_1_743' title='bbox 3036 4148 3091 4204; x_wconf 92' lang='lat' dir='ltr'><strong>id</strong></span> <span class='ocrx_word' id='word_1_744' title='bbox 3139 4154 3221 4203; x_wconf 89' lang='lat' dir='ltr'><strong>est</strong></span> <span class='ocrx_word' id='word_1_745' title='bbox 3271 4144 3461 4201; x_wconf 85' lang='lat' dir='ltr'><strong>Eccle-</strong></span> 
     </span>
    </p>
   </div>
   <div class='ocr_carea' id='block_1_104' title="bbox 1883 4235 3458 4317">
    <p class='ocr_par' dir='ltr' id='par_1_104' title="bbox 1883 4235 3458 4317">
     <span class='ocr_line' id='line_1_104' title="bbox 1883 4235 3458 4317; baseline -0.009 -14"><span class='ocrx_word' id='word_1_746' title='bbox 1883 4247 2040 4311; x_wconf 91' lang='lat' dir='ltr'><strong>siam,</strong></span> <span class='ocrx_word' id='word_1_747' title='bbox 2081 4244 2357 4317; x_wconf 79' lang='lat' dir='ltr'><strong>conSpersi</strong></span> <span class='ocrx_word' id='word_1_748' title='bbox 2389 4250 2539 4309; x_wconf 90' lang='lat' dir='ltr'><strong>sunt,</strong></span> <span class='ocrx_word' id='word_1_749' title='bbox 2595 4250 2648 4298; x_wconf 89' lang='lat' dir='ltr'><strong>et</strong></span> <span class='ocrx_word' id='word_1_750' title='bbox 2676 4241 2729 4298; x_wconf 92' lang='lat' dir='ltr'><strong>in</strong></span> <span class='ocrx_word' id='word_1_751' title='bbox 2770 4255 2938 4296; x_wconf 91' lang='lat' dir='ltr'><strong>unum</strong></span> <span class='ocrx_word' id='word_1_752' title='bbox 2976 4252 3169 4312; x_wconf 86' lang='lat' dir='ltr'><strong>panem</strong></span> <span class='ocrx_word' id='word_1_753' title='bbox 3214 4235 3458 4307; x_wconf 89' lang='lat' dir='ltr'><strong>corporis</strong></span> 
     </span>
    </p>
   </div>
   <div class='ocr_carea' id='block_1_105' title="bbox 1882 4326 3461 4398">
    <p class='ocr_par' dir='ltr' id='par_1_105' title="bbox 1882 4326 3461 4398">
     <span class='ocr_line' id='line_1_105' title="bbox 1882 4326 3461 4398; baseline -0.01 -4"><span class='ocrx_word' id='word_1_754' title='bbox 1882 4338 2085 4394; x_wconf 89' lang='lat' dir='ltr'><strong>Christi</strong></span> <span class='ocrx_word' id='word_1_755' title='bbox 2113 4335 2333 4394; x_wconf 89' lang='lat' dir='ltr'><strong>redacti.</strong></span> <span class='ocrx_word' id='word_1_756' title='bbox 2366 4334 2493 4391; x_wconf 85' lang='lat' dir='ltr'><strong>llaec</strong></span> <span class='ocrx_word' id='word_1_757' title='bbox 2523 4342 2649 4390; x_wconf 90' lang='lat' dir='ltr'><strong>sunt</strong></span> <span class='ocrx_word' id='word_1_758' title='bbox 2678 4332 2777 4388; x_wconf 91' lang='lat' dir='ltr'><strong>tria</strong></span> <span class='ocrx_word' id='word_1_759' title='bbox 2820 4339 2935 4387; x_wconf 91' lang='lat' dir='ltr'><strong>sata</strong></span> <span class='ocrx_word' id='word_1_760' title='bbox 2967 4326 3173 4393; x_wconf 66' lang='lat' dir='ltr'><strong>farinae,</strong></span> <span class='ocrx_word' id='word_1_761' title='bbox 3202 4340 3323 4398; x_wconf 67' lang='lat' dir='ltr'><strong>qua:</strong></span> <span class='ocrx_word' id='word_1_762' title='bbox 3345 4340 3461 4379; x_wconf 87' lang='lat' dir='ltr'><strong>mu-</strong></span> 
     </span>
    </p>
   </div>
   <div class='ocr_carea' id='block_1_106' title="bbox 1882 4418 3462 4497">
    <p class='ocr_par' dir='ltr' id='par_1_106' title="bbox 1882 4418 3462 4497">
     <span class='ocr_line' id='line_1_106' title="bbox 1882 4418 3462 4497; baseline -0.008 -15"><span class='ocrx_word' id='word_1_763' title='bbox 1882 4427 1982 4483; x_wconf 91' lang='lat' dir='ltr'><strong>lier</strong></span> <span class='ocrx_word' id='word_1_764' title='bbox 2030 4429 2082 4483; x_wconf 91' lang='lat' dir='ltr'><strong>in</strong></span> <span class='ocrx_word' id='word_1_765' title='bbox 2127 4426 2416 4497; x_wconf 81' lang='lat' dir='ltr'><strong>Evangelio</strong></span> <span class='ocrx_word' id='word_1_766' title='bbox 2464 4422 2851 4480; x_wconf 79' lang='lat' dir='ltr'><strong>fermentavit:</strong></span> <span class='ocrx_word' id='word_1_767' title='bbox 2897 4418 3075 4491; x_wconf 87' lang='lat' dir='ltr'><strong>azymi</strong></span> <span class='ocrx_word' id='word_1_768' title='bbox 3122 4424 3249 4472; x_wconf 90' lang='lat' dir='ltr'><strong>sunt</strong></span> <span class='ocrx_word' id='word_1_769' title='bbox 3274 4429 3462 4487; x_wconf 89' lang='lat' dir='ltr'><strong>panes,</strong></span> 
     </span>
    </p>
   </div>
   <div class='ocr_carea' id='block_1_107' title="bbox 1883 4503 3460 4587">
    <p class='ocr_par' dir='ltr' id='par_1_107' title="bbox 1883 4503 3460 4587">
     <span class='ocr_line' id='line_1_107' title="bbox 1883 4503 3460 4587; baseline -0.008 -15"><span class='ocrx_word' id='word_1_770' title='bbox 1883 4518 2007 4587; x_wconf 89' lang='lat' dir='ltr'><strong>quia</strong></span> <span class='ocrx_word' id='word_1_771' title='bbox 2038 4517 2156 4573; x_wconf 92' lang='lat' dir='ltr'><strong>sine</strong></span> <span class='ocrx_word' id='word_1_772' title='bbox 2176 4516 2444 4571; x_wconf 85' lang='lat' dir='ltr'><strong>fermento</strong></span> <span class='ocrx_word' id='word_1_773' title='bbox 2464 4511 2705 4577; x_wconf 67' lang='lat' dir='ltr'><strong>malitiae,</strong></span> <span class='ocrx_word' id='word_1_774' title='bbox 2735 4517 2790 4566; x_wconf 93' lang='lat' dir='ltr'><strong>et</strong></span> <span class='ocrx_word' id='word_1_775' title='bbox 2812 4522 3012 4580; x_wconf 90' lang='lat' dir='ltr'><strong>angore</strong></span> <span class='ocrx_word' id='word_1_776' title='bbox 3038 4504 3170 4580; x_wconf 81' lang='lat' dir='ltr'><strong>[Al.,</strong></span> <span class='ocrx_word' id='word_1_777' title='bbox 3209 4503 3460 4578; x_wconf 87' lang='lat' dir='ltr'><strong>rancore]</strong></span> 
     </span>
    </p>
   </div>
   <div class='ocr_carea' id='block_1_108' title="bbox 1883 4600 3464 4679">
    <p class='ocr_par' dir='ltr' id='par_1_108' title="bbox 1883 4600 3464 4679">
     <span class='ocr_line' id='line_1_108' title="bbox 1883 4600 3464 4679; baseline -0.006 -17"><span class='ocrx_word' id='word_1_778' title='bbox 1883 4606 2155 4679; x_wconf 83' lang='lat' dir='ltr'><strong>nequitiae,</strong></span> <span class='ocrx_word' id='word_1_779' title='bbox 2188 4614 2243 4661; x_wconf 90' lang='lat' dir='ltr'><strong>et</strong></span> <span class='ocrx_word' id='word_1_780' title='bbox 2268 4604 2480 4660; x_wconf 79' lang='lat' dir='ltr'><strong>fervore</strong></span> <span class='ocrx_word' id='word_1_781' title='bbox 2507 4616 2772 4673; x_wconf 65' lang='lat' dir='ltr'><strong>perversm</strong></span> <span class='ocrx_word' id='word_1_782' title='bbox 2797 4600 3077 4666; x_wconf 68' lang='lat' dir='ltr'><strong>doctrinae,</strong></span> <span class='ocrx_word' id='word_1_783' title='bbox 3106 4604 3320 4669; x_wconf 87' lang='lat' dir='ltr'><strong>oportet</strong></span> <span class='ocrx_word' id='word_1_784' title='bbox 3345 4610 3464 4654; x_wconf 86' lang='lat' dir='ltr'><strong>esse</strong></span> 
     </span>
    </p>
   </div>
   <div class='ocr_carea' id='block_1_109' title="bbox 1882 4695 2530 4756">
    <p class='ocr_par' dir='ltr' id='par_1_109' title="bbox 1882 4695 2530 4756">
     <span class='ocr_line' id='line_1_109' title="bbox 1882 4695 2530 4756; baseline -0.011 0"><span class='ocrx_word' id='word_1_785' title='bbox 1882 4697 2217 4756; x_wconf 87' lang='lat' dir='ltr'><strong>credentium</strong></span> <span class='ocrx_word' id='word_1_786' title='bbox 2248 4695 2530 4750; x_wconf 90' lang='lat' dir='ltr'><strong>unitatem.</strong></span> 
     </span>
    </p>
   </div>
   <div class='ocr_carea' id='block_1_110' title="bbox 1960 4782 3463 4853">
    <p class='ocr_par' dir='ltr' id='par_1_110' title="bbox 1960 4782 3463 4853">
     <span class='ocr_line' id='line_1_110' title="bbox 1960 4782 3463 4853; baseline -0.003 -12"><span class='ocrx_word' id='word_1_787' title='bbox 1960 4806 1978 4841; x_wconf 84' lang='grc'><em>‹</em></span> <span class='ocrx_word' id='word_1_788' title='bbox 2018 4786 2439 4843; x_wconf 88' lang='lat' dir='ltr'><strong>Subcinericios.</strong></span> <span class='ocrx_word' id='word_1_789' title='bbox 2477 4804 2497 4838; x_wconf 73' lang='grc' dir='ltr'><strong>ι</strong></span> <span class='ocrx_word' id='word_1_790' title='bbox 2531 4782 2888 4840; x_wconf 88' lang='lat' dir='ltr'><strong>Subcinericii</strong></span> <span class='ocrx_word' id='word_1_791' title='bbox 2921 4791 3070 4850; x_wconf 90' lang='lat' dir='ltr'><strong>sunt,</strong></span> <span class='ocrx_word' id='word_1_792' title='bbox 3124 4788 3188 4838; x_wconf 91' lang='lat' dir='ltr'><strong>ut</strong></span> <span class='ocrx_word' id='word_1_793' title='bbox 3222 4794 3322 4853; x_wconf 89' lang='lat' dir='ltr'><strong>per</strong></span> <span class='ocrx_word' id='word_1_794' title='bbox 3344 4795 3463 4852; x_wconf 70' lang='lat' dir='ltr'><strong>pos-</strong></span> 
     </span>
    </p>
   </div>
   <div class='ocr_carea' id='block_1_111' title="bbox 1882 4870 3462 4945">
    <p class='ocr_par' dir='ltr' id='par_1_111' title="bbox 1882 4870 3462 4945">
     <span class='ocr_line' id='line_1_111' title="bbox 1882 4870 3462 4945; baseline -0.006 -9"><span class='ocrx_word' id='word_1_795' title='bbox 1882 4880 2164 4936; x_wconf 86' lang='lat' dir='ltr'><strong>nitentiam</strong></span> <span class='ocrx_word' id='word_1_796' title='bbox 2213 4876 2535 4933; x_wconf 90' lang='lat' dir='ltr'><strong>delictorum</strong></span> <span class='ocrx_word' id='word_1_797' title='bbox 2580 4872 2818 4945; x_wconf 85' lang='lat' dir='ltr'><strong>Spiritus</strong></span> <span class='ocrx_word' id='word_1_798' title='bbox 2852 4874 3026 4929; x_wconf 90' lang='lat' dir='ltr'><strong>sancti</strong></span> <span class='ocrx_word' id='word_1_799' title='bbox 3061 4885 3261 4944; x_wconf 88' lang='lat' dir='ltr'><strong>vapore</strong></span> <span class='ocrx_word' id='word_1_800' title='bbox 3304 4870 3462 4927; x_wconf 89' lang='lat' dir='ltr'><strong>deco-</strong></span> 
     </span>
    </p>
   </div>
   <div class='ocr_carea' id='block_1_112' title="bbox 1882 4963 3004 5038">
    <p class='ocr_par' dir='ltr' id='par_1_112' title="bbox 1882 4963 3004 5038">
     <span class='ocr_line' id='line_1_112' title="bbox 1882 4963 3004 5038; baseline -0.008 -9"><span class='ocrx_word' id='word_1_801' title='bbox 1882 4973 1954 5029; x_wconf 92' lang='lat' dir='ltr'><strong>cti</strong></span> <span class='ocrx_word' id='word_1_802' title='bbox 1972 5014 1986 5038; x_wconf 93' lang='lat'><strong>,</strong></span> <span class='ocrx_word' id='word_1_803' title='bbox 2017 4986 2143 5027; x_wconf 87' lang='lat' dir='ltr'><strong>esca</strong></span> <span class='ocrx_word' id='word_1_804' title='bbox 2172 4970 2281 5026; x_wconf 90' lang='lat' dir='ltr'><strong>Deo</strong></span> <span class='ocrx_word' id='word_1_805' title='bbox 2314 4966 2659 5037; x_wconf 87' lang='lat' dir='ltr'><strong>acceptabilis</strong></span> <span class='ocrx_word' id='word_1_806' title='bbox 2685 4963 3004 5022; x_wconf 77' lang='lat' dir='ltr'><strong>emciantur.</strong></span> 
     </span>
    </p>
   </div>
   <div class='ocr_carea' id='block_1_113' title="bbox 1952 5051 3460 5119">
    <p class='ocr_par' dir='ltr' id='par_1_113' title="bbox 1952 5051 3460 5119">
     <span class='ocr_line' id='line_1_113' title="bbox 1952 5051 3460 5119; baseline -0.008 -1"><span class='ocrx_word' id='word_1_807' title='bbox 1952 5063 2115 5119; x_wconf 76' lang='lat' dir='ltr'><strong>Vens.</strong></span> <span class='ocrx_word' id='word_1_808' title='bbox 2158 5061 2210 5115; x_wconf 91' lang='lat'><strong>7.</strong></span> <span class='ocrx_word' id='word_1_809' title='bbox 2238 5089 2310 5099; x_wconf 91' lang='lat'>—</span> <span class='ocrx_word' id='word_1_810' title='bbox 2349 5075 2368 5109; x_wconf 75' lang='grc' dir='ltr'><strong>ι</strong></span> <span class='ocrx_word' id='word_1_811' title='bbox 2405 5054 2645 5112; x_wconf 81' lang='lat' dir='ltr'><strong>Vitulum</strong></span> <span class='ocrx_word' id='word_1_812' title='bbox 2673 5056 3046 5112; x_wconf 77' lang='lat' dir='ltr'><strong>tenerrimam.</strong></span> <span class='ocrx_word' id='word_1_813' title='bbox 3078 5073 3097 5105; x_wconf 72' lang='grc' dir='ltr'><strong>ι</strong></span> <span class='ocrx_word' id='word_1_814' title='bbox 3130 5051 3342 5110; x_wconf 57' lang='lat' dir='ltr'><strong>Titulus</strong></span> <span class='ocrx_word' id='word_1_815' title='bbox 3381 5059 3460 5106; x_wconf 81' lang='lat' dir='ltr'><strong>tc-</strong></span> 
     </span>
    </p>
   </div>
   <div class='ocr_carea' id='block_1_114' title="bbox 1880 5143 3461 5223">
    <p class='ocr_par' dir='ltr' id='par_1_114' title="bbox 1880 5143 3461 5223">
     <span class='ocr_line' id='line_1_114' title="bbox 1880 5143 3461 5223; baseline -0.007 -13"><span class='ocrx_word' id='word_1_816' title='bbox 1880 5168 1980 5210; x_wconf 90' lang='lat' dir='ltr'><strong>ner</strong></span> <span class='ocrx_word' id='word_1_817' title='bbox 2001 5161 2056 5209; x_wconf 89' lang='lat' dir='ltr'><strong>et</strong></span> <span class='ocrx_word' id='word_1_818' title='bbox 2080 5151 2355 5223; x_wconf 86' lang='lat' dir='ltr'><strong>saginatus</strong></span> <span class='ocrx_word' id='word_1_819' title='bbox 2374 5147 2576 5204; x_wconf 89' lang='lat' dir='ltr'><strong>Christi</strong></span> <span class='ocrx_word' id='word_1_820' title='bbox 2604 5161 2803 5218; x_wconf 88' lang='lat' dir='ltr'><strong>corpus</strong></span> <span class='ocrx_word' id='word_1_821' title='bbox 2830 5156 2946 5211; x_wconf 89' lang='lat' dir='ltr'><strong>est,</strong></span> <span class='ocrx_word' id='word_1_822' title='bbox 2988 5144 3132 5215; x_wconf 89' lang='lat' dir='ltr'><strong>quod</strong></span> <span class='ocrx_word' id='word_1_823' title='bbox 3156 5158 3257 5216; x_wconf 91' lang='lat' dir='ltr'><strong>pro</strong></span> <span class='ocrx_word' id='word_1_824' title='bbox 3285 5143 3461 5199; x_wconf 88' lang='lat' dir='ltr'><strong>salute</strong></span> 
     </span>
    </p>
   </div>
   <div class='ocr_carea' id='block_1_115' title="bbox 1882 5233 3461 5299">
    <p class='ocr_par' dir='ltr' id='par_1_115' title="bbox 1882 5233 3461 5299">
     <span class='ocr_line' id='line_1_115' title="bbox 1882 5233 3461 5299; baseline -0.006 -1"><span class='ocrx_word' id='word_1_825' title='bbox 1882 5243 2065 5299; x_wconf 91' lang='lat' dir='ltr'><strong>mundi</strong></span> <span class='ocrx_word' id='word_1_826' title='bbox 2093 5241 2160 5296; x_wconf 82' lang='lat' dir='ltr'><strong>ad</strong></span> <span class='ocrx_word' id='word_1_827' title='bbox 2209 5241 2457 5296; x_wconf 90' lang='lat' dir='ltr'><strong>arborem</strong></span> <span class='ocrx_word' id='word_1_828' title='bbox 2501 5237 2679 5294; x_wconf 89' lang='lat' dir='ltr'><strong>crucis</strong></span> <span class='ocrx_word' id='word_1_829' title='bbox 2706 5236 3038 5292; x_wconf 90' lang='lat' dir='ltr'><strong>immolatum</strong></span> <span class='ocrx_word' id='word_1_830' title='bbox 3085 5242 3188 5291; x_wconf 89' lang='lat' dir='ltr'><strong>est.</strong></span> <span class='ocrx_word' id='word_1_831' title='bbox 3237 5233 3337 5291; x_wconf 76' lang='lat' dir='ltr'><strong>llic</strong></span> <span class='ocrx_word' id='word_1_832' title='bbox 3375 5241 3461 5291; x_wconf 87' lang='lat' dir='ltr'><strong>est</strong></span> 
     </span>
    </p>
   </div>
   <div class='ocr_carea' id='block_1_116' title="bbox 1880 5329 2906 5403">
    <p class='ocr_par' dir='ltr' id='par_1_116' title="bbox 1880 5329 2906 5403">
     <span class='ocr_line' id='line_1_116' title="bbox 1880 5329 2906 5403; baseline -0.007 -14"><span class='ocrx_word' id='word_1_833' title='bbox 1880 5334 2083 5389; x_wconf 86' lang='lat' dir='ltr'><strong>vitulus</strong></span> <span class='ocrx_word' id='word_1_834' title='bbox 2110 5332 2199 5402; x_wconf 90' lang='lat' dir='ltr'><strong>qui</strong></span> <span class='ocrx_word' id='word_1_835' title='bbox 2234 5331 2459 5403; x_wconf 87' lang='lat' dir='ltr'><strong>prodigo</strong></span> <span class='ocrx_word' id='word_1_836' title='bbox 2484 5330 2595 5386; x_wconf 81' lang='lat' dir='ltr'><strong>lilio</strong></span> <span class='ocrx_word' id='word_1_837' title='bbox 2618 5329 2906 5385; x_wconf 83' lang='lat' dir='ltr'><strong>occiditur.</strong></span> 
     </span>
    </p>
   </div>
   <div class='ocr_carea' id='block_1_117' title="bbox 1950 5414 3457 5492">
    <p class='ocr_par' dir='ltr' id='par_1_117' title="bbox 1950 5414 3457 5492">
     <span class='ocr_line' id='line_1_117' title="bbox 1950 5414 3457 5492; baseline -0.003 -14"><span class='ocrx_word' id='word_1_838' title='bbox 1950 5422 2115 5478; x_wconf 76' lang='lat' dir='ltr'><strong>Vsus.</strong></span> <span class='ocrx_word' id='word_1_839' title='bbox 2145 5422 2199 5479; x_wconf 90' lang='lat'><strong>8.</strong></span> <span class='ocrx_word' id='word_1_840' title='bbox 2224 5451 2296 5462; x_wconf 91' lang='lat'><strong>—-</strong></span> <span class='ocrx_word' id='word_1_841' title='bbox 2324 5440 2343 5472; x_wconf 71' lang='grc' dir='ltr'><strong>ι</strong></span> <span class='ocrx_word' id='word_1_842' title='bbox 2375 5420 2635 5492; x_wconf 89' lang='lat' dir='ltr'><strong>Butyrum</strong></span> <span class='ocrx_word' id='word_1_843' title='bbox 2672 5428 2728 5474; x_wconf 92' lang='lat' dir='ltr'><strong>et</strong></span> <span class='ocrx_word' id='word_1_844' title='bbox 2760 5418 2843 5474; x_wconf 90' lang='lat' dir='ltr'><strong>lac</strong></span> <span class='ocrx_word' id='word_1_845' title='bbox 2883 5438 2904 5471; x_wconf 72' lang='grc' dir='ltr'><strong>ι</strong></span> <span class='ocrx_word' id='word_1_846' title='bbox 2953 5432 3075 5474; x_wconf 90' lang='lat' dir='ltr'><strong>cum</strong></span> <span class='ocrx_word' id='word_1_847' title='bbox 3104 5432 3273 5474; x_wconf 88' lang='lat' dir='ltr'><strong>carne</strong></span> <span class='ocrx_word' id='word_1_848' title='bbox 3301 5414 3457 5473; x_wconf 82' lang='lat' dir='ltr'><strong>vituli</strong></span> 
     </span>
    </p>
   </div>
   <div class='ocr_carea' id='block_1_118' title="bbox 1881 5506 3457 5586">
    <p class='ocr_par' dir='ltr' id='par_1_118' title="bbox 1881 5506 3457 5586">
     <span class='ocr_line' id='line_1_118' title="bbox 1881 5506 3457 5586; baseline -0.004 -17"><span class='ocrx_word' id='word_1_849' title='bbox 1881 5513 2146 5586; x_wconf 88' lang='lat' dir='ltr'><strong>apposuit,</strong></span> <span class='ocrx_word' id='word_1_850' title='bbox 2186 5513 2311 5586; x_wconf 90' lang='lat' dir='ltr'><strong>quia</strong></span> <span class='ocrx_word' id='word_1_851' title='bbox 2356 5512 2440 5567; x_wconf 88' lang='lat' dir='ltr'><strong>lac</strong></span> <span class='ocrx_word' id='word_1_852' title='bbox 2487 5520 2727 5567; x_wconf 87' lang='lat' dir='ltr'><strong>veterem</strong></span> <span class='ocrx_word' id='word_1_853' title='bbox 2776 5509 2947 5580; x_wconf 87' lang='lat' dir='ltr'><strong>legem</strong></span> <span class='ocrx_word' id='word_1_854' title='bbox 2993 5511 3212 5582; x_wconf 86' lang='lat' dir='ltr'><strong>signat;</strong></span> <span class='ocrx_word' id='word_1_855' title='bbox 3263 5506 3457 5563; x_wconf 76' lang='lat' dir='ltr'><strong>unde!</strong></span> 
     </span>
    </p>
   </div>
   <div class='ocr_carea' id='block_1_119' title="bbox 1880 5601 3452 5675">
    <p class='ocr_par' dir='ltr' id='par_1_119' title="bbox 1880 5601 3452 5675">
     <span class='ocr_line' id='line_1_119' title="bbox 1880 5601 3452 5675; baseline -0.004 -13"><span class='ocrx_word' id='word_1_856' title='bbox 1880 5605 2003 5662; x_wconf 86' lang='lat' dir='ltr'><strong>Cor.</strong></span> <span class='ocrx_word' id='word_1_857' title='bbox 2038 5622 2096 5661; x_wconf 81' lang='grc' dir='ltr'><strong>ιιι</strong></span> <span class='ocrx_word' id='word_1_858' title='bbox 2126 5624 2139 5661; x_wconf 87' lang='lat'><strong>:</strong></span> <span class='ocrx_word' id='word_1_859' title='bbox 2170 5626 2191 5658; x_wconf 83' lang='grc'><strong>‹</strong></span> <span class='ocrx_word' id='word_1_860' title='bbox 2225 5606 2329 5661; x_wconf 88' lang='lat' dir='ltr'><strong>Lac</strong></span> <span class='ocrx_word' id='word_1_861' title='bbox 2354 5613 2538 5675; x_wconf 91' lang='lat' dir='ltr'><strong>potum</strong></span> <span class='ocrx_word' id='word_1_862' title='bbox 2570 5602 2693 5659; x_wconf 90' lang='lat' dir='ltr'><strong>dedi</strong></span> <span class='ocrx_word' id='word_1_863' title='bbox 2720 5601 2891 5663; x_wconf 90' lang='lat' dir='ltr'><strong>vobis,</strong></span> <span class='ocrx_word' id='word_1_864' title='bbox 2925 5615 3029 5655; x_wconf 93' lang='lat' dir='ltr'><strong>non</strong></span> <span class='ocrx_word' id='word_1_865' title='bbox 3058 5614 3259 5664; x_wconf 85' lang='lat' dir='ltr'><strong>escam,</strong></span> <span class='ocrx_word' id='word_1_866' title='bbox 3290 5617 3308 5650; x_wconf 73' lang='grc' dir='ltr'><strong>ι</strong></span> <span class='ocrx_word' id='word_1_867' title='bbox 3344 5606 3452 5655; x_wconf 89' lang='lat' dir='ltr'><strong>etc.</strong></span> 
     </span>
    </p>
   </div>
   <div class='ocr_carea' id='block_1_120' title="bbox 1881 5689 3455 5765">
    <p class='ocr_par' dir='ltr' id='par_1_120' title="bbox 1881 5689 3455 5765">
     <span class='ocr_line' id='line_1_120' title="bbox 1881 5689 3455 5765; baseline -0.003 -13"><span class='ocrx_word' id='word_1_868' title='bbox 1881 5697 2198 5753; x_wconf 58' lang='lat' dir='ltr'><strong>Tradilerat</strong></span> <span class='ocrx_word' id='word_1_869' title='bbox 2223 5697 2366 5751; x_wconf 89' lang='lat' dir='ltr'><strong>enim</strong></span> <span class='ocrx_word' id='word_1_870' title='bbox 2398 5695 2502 5750; x_wconf 88' lang='lat' dir='ltr'><strong>illis</strong></span> <span class='ocrx_word' id='word_1_871' title='bbox 2548 5694 2683 5765; x_wconf 82' lang='lat' dir='ltr'><strong>legis</strong></span> <span class='ocrx_word' id='word_1_872' title='bbox 2710 5692 3041 5755; x_wconf 91' lang='lat' dir='ltr'><strong>mandatum,</strong></span> <span class='ocrx_word' id='word_1_873' title='bbox 3090 5690 3241 5762; x_wconf 90' lang='lat' dir='ltr'><strong>quasi</strong></span> <span class='ocrx_word' id='word_1_874' title='bbox 3274 5689 3358 5746; x_wconf 91' lang='lat' dir='ltr'><strong>lac</strong></span> <span class='ocrx_word' id='word_1_875' title='bbox 3387 5691 3455 5748; x_wconf 87' lang='lat' dir='ltr'><strong>de</strong></span> 
     </span>
    </p>
   </div>
   <div class='ocr_carea' id='block_1_121' title="bbox 1882 5781 3457 5859">
    <p class='ocr_par' dir='ltr' id='par_1_121' title="bbox 1882 5781 3457 5859">
     <span class='ocr_line' id='line_1_121' title="bbox 1882 5781 3457 5859; baseline -0.003 -14"><span class='ocrx_word' id='word_1_876' title='bbox 1882 5789 2105 5845; x_wconf 86' lang='lat' dir='ltr'><strong>duarum</strong></span> <span class='ocrx_word' id='word_1_877' title='bbox 2173 5787 2472 5844; x_wconf 87' lang='lat' dir='ltr'><strong>tabularum</strong></span> <span class='ocrx_word' id='word_1_878' title='bbox 2511 5799 2827 5859; x_wconf 76' lang='lat' dir='ltr'><strong>expressum</strong></span> <span class='ocrx_word' id='word_1_879' title='bbox 2878 5781 3168 5852; x_wconf 86' lang='lat' dir='ltr'><strong>uberibus,</strong></span> <span class='ocrx_word' id='word_1_880' title='bbox 3220 5781 3324 5841; x_wconf 90' lang='lat' dir='ltr'><strong>hoc</strong></span> <span class='ocrx_word' id='word_1_881' title='bbox 3368 5790 3457 5845; x_wconf 82' lang='lat' dir='ltr'><strong>est</strong></span> 
     </span>
    </p>
   </div>
  </div>
